4160 6448
652 429 794 487 1743

650 542 795 615 quod
821 549 997 598 autem
1021 539 1161 596 Deus
1186 536 1442 593 Abraham
1466 544 1515 591 et
1540 536 1680 593 Deus
1712 534 1866 590 Isaac
1894 543 1941 589 et
1973 534 2113 590 Deus
2140 532 2238 588 Ja-

651 636 761 701 cob,
792 634 856 689 ad
885 643 936 688 te
960 638 1189 703 pertinet
1212 648 1226 685 :
1249 638 1305 686 et
1326 633 1368 684 si
1396 628 1583 686 delicis
1611 628 1663 684 in
1688 642 1754 684 eo
1779 627 1921 699 quod
1948 626 2077 682 mihi
2101 641 2240 693 sum,

653 742 786 797 cape
811 724 952 795 quod
981 723 1074 778 tibi
1112 738 1250 780 sum.
1282 722 1348 777 Et
1376 737 1442 777 ne
1472 722 1606 776 forte
1631 722 1909 792 quisquam
1939 728 2150 792 putaret
2176 719 2241 773 il-

652 817 745 873 lud
772 815 911 887 quod
940 815 1073 870 dixit
1104 815 1271 879 Deus,
1301 813 1413 885 Ego
1447 830 1559 867 sum
1590 814 1677 885 qui
1714 830 1827 867 sum
1848 830 1865 879 ;
1890 820 1945 868 et
1965 852 1980 878 ,
2015 813 2113 880 Qui
2140 822 2241 878 est,

650 908 786 962 misit
811 923 889 961 me
913 905 981 960 ad
1007 923 1093 961 vos
1113 948 1129 972 ,
1163 907 1265 960 hoc
1301 904 1471 960 solum
1503 914 1759 960 aeternum
1787 904 1836 959 ei
1868 919 2059 959 nomen
2084 918 2239 969 esse;

650 998 795 1070 quod
833 1008 1010 1053 autem
1046 998 1217 1063 dixit,
1255 996 1365 1068 Ego
1401 1013 1513 1051 sum
1556 996 1695 1050 Deus
1731 995 1988 1049 Abraham
2025 1005 2070 1050 et
2107 995 2245 1050 Deus

649 1090 804 1146 Isaac
828 1100 876 1144 et
901 1089 1040 1145 Deus
1066 1088 1228 1143 Jacob
1247 1129 1262 1153 ,
1298 1087 1587 1159 temporale
1614 1103 1805 1142 nomen
1834 1102 1952 1142 esse
1980 1104 1995 1140 :
2025 1102 2128 1141 non
2153 1102 2247 1141 cu-

649 1184 789 1241 ravit
821 1184 991 1250 Deus,
1020 1198 1139 1238 cum
1167 1181 1422 1245 dixisset,
1458 1180 1566 1252 Ego
1600 1197 1714 1235 sum
1742 1181 1828 1251 qui
1855 1196 2005 1245 sum;
2029 1189 2113 1246 et,
2146 1180 2247 1246 Qui

652 1286 726 1333 est
744 1319 760 1343 ,
788 1277 923 1332 misit
950 1294 1027 1331 me
1049 1276 1117 1330 ad
1142 1292 1227 1329 vos
1247 1318 1261 1342 ,
1290 1275 1469 1330 dicere
1494 1274 1635 1343 quod
1666 1274 1768 1329 hoc
1796 1275 1845 1330 ei
1875 1290 2069 1329 nomen
2097 1274 2166 1327 sit
2192 1273 2244 1327 in

652 1378 913 1424 aeternum
939 1386 954 1436 ;
982 1368 1102 1438 quia
1133 1367 1233 1422 etsi
1273 1366 1375 1422 hoc
1418 1380 1526 1421 non
1565 1365 1799 1432 diceret,
1843 1366 2241 1436 intelligeretur.

653 1460 755 1517 Est
780 1460 919 1516 enim
940 1501 956 1525 ,
986 1469 1041 1514 et
1065 1474 1189 1515 vere
1214 1466 1295 1512 est
1316 1499 1330 1523 ,
1359 1466 1412 1511 et
1438 1471 1502 1511 eo
1529 1458 1644 1526 ipso
1670 1456 1810 1528 quod
1835 1472 1958 1511 vere
1988 1468 2071 1512 est
2089 1499 2103 1523 ,
2132 1457 2247 1511 sine

650 1552 806 1609 initio
829 1562 879 1608 et
901 1551 1018 1607 sine
1041 1550 1268 1606 termino
1289 1559 1389 1603 est.
1415 1548 1566 1616 Quod
1594 1563 1719 1604 vero
1742 1557 1957 1619 propter
1978 1548 2245 1603 hominem

650 1653 757 1712 est,
784 1643 892 1715 Ego
921 1659 1033 1698 sum
1059 1642 1197 1696 Deus
1226 1640 1479 1694 Mra/tam
1506 1649 1550 1694 et
1575 1640 1715 1694 Deus
1746 1638 1895 1694 Isaac
1921 1650 1966 1693 et
1994 1640 2129 1694 Deus
2153 1640 2247 1692 Ja-

653 1738 777 1803 cob,
810 1752 878 1792 ne
908 1736 979 1792 ibi
1013 1735 1345 1789 suboriretur
1374 1733 1600 1786 humana
1629 1732 1928 1787 sollicitudo
1948 1774 1963 1799 ,
1998 1733 2117 1802 quia
2148 1732 2248 1786 hoc

651 1831 951 1901 temporale
976 1837 1091 1895 est,
1124 1842 1229 1882 non
1261 1828 1643 1896 sempiternum
1662 1863 1680 1887 .
1711 1839 1928 1879 securos
1963 1839 2061 1879 nos
2091 1823 2244 1891 fecit,

651 1924 777 1995 quia
802 1923 869 1977 de
898 1920 1278 1991 temporalibus
1301 1918 1368 1973 ad
1396 1927 1649 1973 aeternam
1672 1916 1835 1971 vitam
1860 1931 1956 1971 nos
1982 1916 2243 1986 perducit.

654 2014 792 2080 Hoc,
820 2012 1008 2083 inquit,
1032 2011 1157 2064 mihi
1177 2027 1357 2065 nomen
1378 2019 1448 2064 est
1470 2010 1523 2063 in
1544 2018 1810 2074 ceternum,
1833 2022 1937 2062 non
1960 2008 2082 2077 quia
2103 2015 2250 2061 teter-

648 2122 758 2167 nus
786 2104 1073 2170 Abraham,
1103 2110 1157 2159 et
1180 2112 1412 2158 :eternus
1440 2100 1586 2156 Isaac
1609 2108 1663 2156 et
1685 2108 1917 2156 aeternus
1944 2098 2125 2165 Iacob,
2154 2099 2248 2154 sed

653 2198 777 2269 quia
808 2196 947 2252 Deus
974 2195 1092 2250 illos
1120 2194 1245 2249 facit
1268 2202 1497 2249 aeternos
1523 2200 1705 2263 postea
1736 2191 1853 2247 sine
1881 2191 1987 2248 fine
2012 2210 2025 2245 :
2050 2190 2250 2247 habue-

650 2300 782 2348 runt
804 2290 999 2363 quippe
1024 2288 1252 2353 initium,
1282 2286 1376 2343 sed
1406 2286 1564 2341 finem
1592 2301 1699 2340 non
1723 2285 2013 2340 habebunt.

674 2376 687 2384 “
727 2384 781 2437 7.
811 2383 869 2438 1η
896 2380 1166 2437 Abraham
1193 2387 1247 2434 et
1286 2379 1431 2433 Isaac
1463 2387 1518 2434 et
1553 2377 1717 2433 Iacob
1756 2386 1919 2432 totam
1958 2375 2249 2431 Ecclesiam

653 2477 771 2549 ejus
796 2473 1056 2545 cogitate,
1084 2487 1246 2529 omne
1282 2486 1463 2526 semen
1490 2470 1651 2526 Israel
1680 2468 1907 2539 cogitate
1935 2486 1947 2521 :
1972 2482 2132 2523 omne
2159 2483 2252 2521 au-

652 2579 764 2626 tem
800 2583 983 2624 semen
1014 2564 1174 2622 lsrael
1193 2605 1207 2628 ,
1238 2579 1343 2618 non
1372 2563 1545 2619 solum
1570 2559 1713 2631 quod
1741 2569 1824 2615 est
1848 2575 1911 2614 ex
1938 2575 2125 2625 carne,
2156 2557 2251 2613 sed
2276 2621 2282 2627 ,

653 2661 817 2717 etiam
851 2657 994 2730 quod
1027 2664 1110 2713 est
1141 2672 1205 2712 ex
1247 2655 1373 2711 ﬁde.
1403 2654 1690 2725 Apostolus
1719 2652 1863 2707 enim
1888 2651 2147 2707 Gentibus
2174 2650 2255 2705 lo-

655 2750 956 2823 quebatur,
996 2748 1186 2819 quibus
1218 2746 1428 2801 dicebat
1462 2761 1477 2799 :
1510 2743 1571 2800 Si
1609 2759 1726 2813 ergo
1766 2759 1851 2797 vos
1885 2741 2103 2809 Christi,
2135 2758 2253 2812 ergo

654 2857 826 2898 semen
850 2840 1065 2894 Abrahw
1091 2840 1207 2894 estis
1228 2879 1241 2903 ,
1282 2836 1559 2891 secundum
1602 2836 1983 2907 promissionem
2034 2834 2254 2888 hwredes

664 2932 864 3005 (Galat.
911 2948 1002 2999 ιιι,
1057 2929 1171 3003 29).
1224 2928 1597 2985 Benedicimur
1641 2942 1769 2997 ergo
1814 2940 2003 2981 omnes
2045 2927 2097 2980 in
2143 2926 2254 2980 Deo

656 3024 932 3088 Abraham
961 3032 1018 3079 et
1043 3022 1191 3079 Isaac
1220 3031 1275 3078 et
1311 3020 1498 3077 Iacob.
1532 3021 1792 3076 Arborem
1824 3019 2040 3090 quidem
2086 3018 2251 3074 bene-

658 3119 795 3177 dixit
823 3116 1143 3190 quamdam,
1176 3131 1402 3186 eamque
1437 3114 1637 3169 olivam
1679 3113 1911 3178 creavit,
1941 3111 2080 3167 sicut
2123 3111 2257 3165 dixit

658 3212 954 3286 Apostolus
981 3251 997 3278 ,
1020 3210 1165 3280 ipsos
1190 3206 1528 3264 Patriarchas
1572 3214 1785 3261 sanctos
1807 3247 1822 3272 ,
1852 3203 1997 3260 unde
2024 3203 2256 3259 efﬂoruit

656 3304 891 3378 populus
920 3302 1016 3358 Dei
1044 3318 1057 3355 :
1091 3300 1185 3357 sed
1234 3300 1350 3354 haec
1374 3299 1535 3354 arbor
1564 3298 1719 3352 olivae
1747 3304 1929 3367 putata
1982 3309 2065 3351 ρει
2087 3336 2101 3362 ,
2147 3310 2253 3349 non

658 3401 957 3465 amputata,
984 3400 1039 3448 et
1058 3390 1182 3447 inde
1224 3389 1438 3462 superbi
1476 3388 1608 3443 rami
1640 3386 1793 3441 fracti
1832 3394 1991 3451 sunt;
2027 3387 2139 3456 ipse
2175 3396 2256 3440 est

658 3484 1011 3556 blasphemus
1040 3491 1095 3539 et
1124 3480 1321 3552 impius
1345 3480 1573 3551 populus
1603 3478 1932 3534 Iudaeorum.
1951 3477 2257 3531 Manserunt

646 3585 850 3633 tamen
874 3574 1009 3630 rami
1037 3572 1161 3627 boni
1193 3580 1249 3627 et
1274 3571 1461 3636 utiles;
1491 3585 1613 3625 nam
1636 3569 1758 3624 inde
1771 3568 2031 3639 Apostoli.
2048 3568 2115 3623 Et
2134 3583 2253 3623 cum

660 3670 740 3729 ibi
791 3668 927 3725 rami
964 3666 1121 3722 utiles
1146 3664 1317 3720 relicti
1344 3672 1525 3720 essent
1544 3704 1559 3729 ,
1589 3676 1686 3732 per
1710 3661 1799 3716 Dei
1830 3660 2250 3715 misericordiam

661 3763 902 3823 insertus
928 3766 1012 3815 est
1035 3765 1091 3815 et
1112 3757 1345 3813 oleaster
1363 3754 1635 3820 Gentium,
1662 3751 1749 3808 cui
1775 3752 1905 3807 dicit
1929 3752 2250 3822 Apostolus:

660 3853 711 3906 Τ
713 3872 743 3908 ιι
786 3862 955 3907 autem
1006 3867 1121 3906 cum
1168 3866 1297 3904 esses
1345 3847 1578 3914 oleaster,
1631 3846 1847 3901 insertus
1870 3862 1922 3899 es
1967 3846 2021 3899 in
2044 3845 2165 3909 illis,
2208 3854 2255 3898 et

645 3946 915 4018 particeps
968 3942 1287 4016 pinguedinis
1348 3938 1493 3994 oliva:
1548 3940 1711 4010 factus
1754 3953 1824 3992 es.
1869 3934 1996 3990 Noli
2046 3935 2255 4006 gloriari

664 4037 908 4093 advasus
937 4051 1145 4090 ramos:
1169 4032 1305 4105 quod
1334 4031 1379 4087 si
1406 4031 1660 4102 gloriaris,
1690 4046 1789 4084 non
1815 4039 1866 4082 tu
1888 4027 2108 4082 radicem
2130 4044 2251 4098 por-

668 4143 769 4198 tas,
792 4133 880 4186 sed
899 4129 1049 4184 rudia:
1073 4139 1120 4182 te
1146 4126 1324 4199 (Rom.
1343 4126 1565 4193 x1,l7et
1591 4123 1700 4197 l8).
1728 4123 1851 4179 Haec
1872 4139 1975 4178 una
1999 4122 2158 4177 arbor
2173 4130 2255 4177 est

663 4222 939 4292 pertinens
964 4219 1030 4274 ad
1060 4218 1327 4274 Abraham
1351 4225 1406 4272 et
1433 4217 1578 4271 Isaac
1607 4224 1659 4271 et
1684 4214 1846 4271 Jacob
1866 4233 1881 4281 ;
1904 4225 1958 4270 et
1976 4214 2115 4285 quod
2135 4216 2253 4284 plus

661 4321 767 4378 est,
805 4312 974 4383 magis
992 4310 1059 4365 ad
1086 4306 1355 4365 Abraham
1384 4317 1439 4364 et
1465 4308 1611 4363 Isaac
1638 4315 1694 4363 et
1720 4307 1882 4363 Jacob
1909 4307 2140 4361 oleaster
2174 4307 2254 4361 in-

658 4416 858 4472 sertos,
886 4421 1041 4475 quam
1072 4407 1202 4460 rami
1225 4404 1500 4460 confracti.
1521 4402 1595 4457 llli
1618 4403 1758 4458 enim
1780 4418 1877 4473 per
1896 4402 2250 4472 fragmentum

664 4500 775 4571 jam
810 4513 912 4553 non
937 4497 1010 4552 ibi
1039 4507 1194 4563 sunt;
1226 4496 1454 4550 oleaster
1493 4511 1598 4549 non
1640 4495 1710 4549 ibi
1745 4504 1893 4559 erat,
1932 4504 1983 4547 et
2010 4493 2078 4547 ibi
2122 4501 2203 4547 est
2233 4508 2247 4545 :

659 4592 735 4649 illi
769 4606 864 4662 per
894 4588 1197 4659 superbiam
1224 4586 1391 4657 frangi
1418 4593 1749 4649 meruerunt,
1783 4585 1881 4639 iste
1910 4600 2005 4655 per
2029 4583 2249 4639 humili-

660 4693 826 4740 tatem
859 4681 1020 4737 inseri
1048 4680 1277 4746 meruit;
1310 4678 1381 4733 illi
1408 4678 1705 4734 amiserunt
1732 4677 1962 4732 radicem
1990 4718 2006 4739 ,
2038 4677 2138 4731 iste
2166 4676 2249 4732 te-

658 4776 777 4832 nuit
801 4790 940 4831 eam.
980 4771 1115 4828 Cum
1143 4788 1272 4843 ergo
1299 4769 1521 4826 audistis
1549 4768 1712 4826 Israel
1741 4769 1831 4826 Dei
1856 4813 1871 4837 ,
1894 4768 2057 4825 Israel
2083 4769 2248 4840 perti-

659 4878 878 4927 nentem
906 4868 923 4900 ¹
951 4867 1017 4923 ad
1063 4867 1249 4933 Deum,
1287 4865 1411 4921 inde
1461 4866 1625 4920 nolite
1669 4879 1764 4920 vos
1810 4864 1982 4919 facere
2020 4864 2243 4920 alienos.

657 4960 902 5018 Oleaster
929 4959 1145 5031 quidem
1186 4959 1379 5023 fuistis,
1432 4958 1526 5012 sed
1579 4956 1716 5011 oliva
1761 4957 1912 5024 estis,
1962 4949 2248 5027 participes

654 5053 997 5126 pinguedinis
1018 5053 1194 5108 olivae.
1223 5050 1354 5106 Nam
1392 5050 1549 5105 vultis
1575 5064 1734 5105 nosse
1763 5050 1814 5104 in
1862 5049 2130 5104 Abraham
2185 5057 2243 5105 et

658 5144 809 5201 Isaac
836 5156 890 5203 et
918 5145 1083 5202 Iacob
1103 5143 1372 5215 quomodo
1396 5142 1466 5197 sit
1488 5142 1721 5197 insertus
1751 5142 2015 5209 oleaster,
2050 5156 2115 5196 ne
2143 5157 2245 5210 pu-

658 5237 894 5292 tetisvos
919 5237 985 5292 ad
1018 5238 1154 5292 hanc
1197 5236 1444 5292 arborem
1478 5251 1582 5290 non
1621 5235 1909 5305 pertinere,
1965 5234 2088 5304 quia
2138 5248 2244 5289 non

656 5313 939 5402 pertinetis
974 5329 1255 5383 carnaliter
1278 5327 1345 5383 ad
1394 5342 1578 5382 semen
1631 5325 1938 5381 Abraham?
1988 5324 2245 5381 Dominus

651 5420 871 5494 quando
900 5421 1120 5477 miratus
1162 5430 1245 5476 est
1283 5420 1440 5476 tidem
1471 5419 1808 5476 Centuriouis
1836 5420 1976 5475 illius
2019 5420 2109 5491 qui
2138 5434 2244 5474 non

648 5524 775 5573 erat
802 5513 870 5570 de
897 5512 1094 5586 populo
1120 5510 1276 5567 Israel
1304 5554 1317 5577 ,
1351 5513 1445 5567 sed
1481 5522 1597 5570 erat
1624 5513 1692 5569 de
1718 5514 1914 5585 populo
1940 5513 2189 5571 Gentium
2225 5533 2236 5567 :

651 5605 956 5680 Propterea,
984 5603 1175 5675 inquit,
1206 5602 1320 5657 dico
1351 5602 1506 5671 vobis,
1529 5605 1649 5675 quia
1692 5605 1837 5659 multi
1881 5605 1945 5659 ab
1983 5605 2175 5660 oriente
2193 5614 2241 5660 et

644 5787 647 5790 ⁴
720 5807 737 5836 ι
775 5805 966 5871 Aliquot
985 5811 1113 5871 Mss”
1139 5802 1318 5871 auditis
1366 5804 1535 5871 Israel,
1575 5806 1637 5871 de
1662 5806 1810 5857 Israel
1832 5807 2111 5871 pertinente,
2138 5813 2235 5871 etc.

651 5864 1023 5938 suntmidistis
1046 5864 1215 5938 ζήσει,
1240 5874 1285 5919 et
1324 5866 1476 5919 Israel
1502 5864 1843 5932 pertinentem,"
1866 5877 1958 5919 etc.
1986 5877 2078 5933 Er.,
2098 5864 2149 5922 ἐι
2174 5870 2237 5923 de

648 5925 806 5979 Israel
823 5929 1156 5992 pertinentem,
1186 5925 1279 5982 etc.

1850 420 1910 476 S.
1950 409 2314 478 AUGUSTINI
2352 418 2655 477 EPISCOPI

3763 432 3875 493 1744

2354 536 2607 590 occidente
2631 536 2844 590 venient.
2885 534 3025 591 Ecce
3044 532 3154 605 jam
3183 532 3409 592 oleaster
3435 535 3488 593 in
3514 552 3664 597 manu
3684 540 3873 601 inserto.

2348 631 2466 685 ris:
2504 630 2657 684 Multi
2704 630 2766 684 ab
2796 630 2985 684 oriente
3027 639 3073 685 et
3116 630 3368 686 occidente
3420 633 3626 689 uenient.
3664 636 3872 699 Videmus

2349 722 2476 793 quid
2515 722 2649 779 ferat
2692 723 3033 781 inserendum
3067 740 3082 790 ;
3141 723 3230 779 ubi
3272 725 3473 781 inserat
3514 728 3796 788 videamus:
3821 736 3872 793 Et

2349 815 2654 881 recumbent,
2686 817 2876 887 inquit,
2908 833 3023 870 cum
3050 816 3326 884 Abraham,
3373 816 3521 873 Isaac
3560 831 3607 875 et
3644 822 3809 891 Iacob,
3834 828 3873 883 in

2350 928 2505 983 regno
2534 911 2797 966 caelorum.
2828 910 3084 967 Videmus
3101 919 3156 967 et
3179 911 3302 980 quid
3335 912 3571 977 inseruit,
3601 924 3652 971 et
3670 918 3745 973 ubi
3766 920 3874 977 iuse-

2350 1008 2479 1063 ruit.
2507 1008 2582 1063 De
2610 1008 2774 1063 ramis
2802 1008 3048 1079 superbis
3070 1008 3399 1063 naturalibus
3430 1010 3555 1081 quid
3598 1012 3745 1068 dicit?
3778 1015 3875 1071 Filii

2350 1109 2516 1153 autem
2542 1102 2681 1171 regni
2710 1098 2850 1154 ibunt
2878 1101 2931 1154 in
2965 1099 3193 1154 tenebras
3220 1109 3526 1167 exteriores;
3559 1103 3622 1156 ibi
3648 1108 3728 1159 erit
3759 1110 3875 1176 ﬂetus

2350 1202 2398 1246 et
2424 1192 2609 1247 stridor
2633 1192 2857 1246 dentium
2888 1190 3100 1265 (Matth.
3124 1207 3239 1259 vut,
3272 1193 3335 1247 Η
3367 1234 3382 1260 ,
3407 1193 3519 1265 l2).
3547 1194 3647 1253 Res
3670 1213 3874 1268 praenun-

2351 1282 2500 1349 tiata,
2530 1299 2614 1338 res
2643 1284 2880 1352 impleta.

2422 1376 2474 1429 8.
2516 1373 2666 1447 [vers.
2691 1373 2770 1446 4.]
2800 1374 2963 1445 Ergo,
2999 1373 3213 1429 Psallite
3232 1372 3473 1443 Domino,
3500 1380 3717 1447 quoniam
3744 1384 3875 1438 suaris

2351 1475 2443 1521 est.
2478 1466 2544 1520 Et
2568 1465 2827 1521 attendite
2852 1481 2973 1535 quae
3001 1466 3141 1521 circa
3184 1481 3284 1521 nos
3315 1466 3459 1523 fecit.
3490 1468 3721 1536 Quoniam
3752 1472 3875 1528 Iacob

2351 1559 2500 1629 elegit
2524 1558 2616 1613 sibi
2649 1557 2927 1622 Dominus,
2954 1556 3121 1613 Israel
3158 1560 3212 1612 in
3252 1561 3609 1631 possessionem
3643 1563 3740 1617 sibi.
3766 1565 3875 1621 Lau-

2352 1650 2496 1716 date,
2539 1650 2768 1720 psallite,
2819 1651 3069 1721 quoniam
3100 1650 3231 1707 fecit
3281 1653 3404 1707 ista.
3454 1653 3596 1708 Talia
3646 1655 3749 1711 dico
3786 1674 3875 1728 qua

2352 1758 2544 1813 capere
2576 1744 2813 1798 valeatis.
2856 1744 3090 1800 Caeteros
3124 1754 3316 1815 gentes
3358 1746 3458 1801 sub
3487 1748 3686 1817 Angelis
3712 1744 3873 1820 posuit;

2356 1835 2516 1890 Iacob
2540 1836 2684 1906 elegit
2709 1836 2804 1890 sibi
2829 1835 3080 1891 Dominus
3106 1879 3120 1901 ,
3152 1836 3322 1893 Israel
3362 1838 3416 1892 in
3442 1841 3768 1909 possessionem
3788 1845 3878 1902 sibi.

2352 1927 2576 1984 Gentem
2606 1943 2756 1983 suam
2781 1927 2903 1984 fecit
2931 1944 3115 1999 agrum
3141 1970 3155 1994 ,
3186 1945 3348 2000 quem
3379 1931 3574 1988 coleret
3601 1974 3613 1998 ,
3634 1949 3767 2003 quem
3791 1936 3877 2005 ipse

2354 2022 2644 2077 seminaret
2677 2037 2690 2075 :
2732 2022 2976 2092 quamvis
3007 2022 3121 2093 ipse
3163 2038 3356 2079 omnes
3381 2034 3566 2096 gentes
3604 2026 3875 2098 condiderit,

2354 2125 2573 2171 caeteras
2601 2116 2818 2187 Angelis
2843 2118 3129 2185 commisit,
3172 2119 3277 2173 sibi
3327 2109 3498 2175 istam'
3534 2122 3869 2192 possidendam,

2355 2208 2775 2280 servandamque
2816 2209 3122 2280 deputavit;
3170 2210 3317 2267 hunc
3361 2212 3627 2283 populum,
3660 2213 3780 2271 hunc
3810 2214 3877 2271 la-

2356 2301 2475 2356 cob.
2508 2300 2694 2356 Merito
2725 2302 2888 2370 illius,
2909 2318 2975 2357 an
3011 2304 3181 2375 gratia
3212 2305 3353 2359 sua?
3400 2306 3473 2361 De
3520 2307 3728 2362 nondum
3773 2309 3877 2364 natis

2356 2395 2450 2460 ait,
2489 2393 2621 2460 Quia
2652 2397 2817 2467 major
2844 2397 3018 2450 serviet
3044 2397 3227 2452 minori
3243 2416 3265 2465 ;
3299 2399 3579 2469 Apostolus
3602 2399 3737 2455 dixit.
3760 2400 3877 2467 Quod

2356 2488 2603 2542 meritum
2628 2486 2827 2543 habere
2866 2488 3103 2543 nondum
3151 2490 3263 2544 nati
3307 2501 3606 2561 potuerunt,
3652 2502 3875 2563 antequam

2356 2580 2633 2650 quisquam
2659 2596 2843 2636 eorum
2872 2580 3068 2645 egisset
3096 2582 3301 2653 aliquid
3340 2584 3461 2638 boni
3497 2593 3583 2639 aut
3625 2585 3769 2639 mali?
3790 2584 3877 2639 Non

2358 2687 2486 2742 ergo
2513 2689 2570 2728 se
2597 2673 2817 2729 extollat
2842 2672 3028 2739 Iacob,
3059 2688 3165 2729 non
3193 2675 3492 2745 glorietur,
3540 2692 3637 2731 non
3660 2676 3755 2732 suis
3789 2691 3874 2731 me-

2358 2764 2477 2819 ritis
2506 2765 2718 2819 tribuat.
2754 2766 2893 2820 Ante
2919 2774 3001 2820 est
3022 2766 3403 2836 przecognitus,
3445 2776 3564 2822 ante
3589 2767 3876 2839 praedestina-

2359 2863 2469 2921 tus,
2495 2865 2617 2910 ante
2638 2856 2840 2911 electus
2872 2875 2887 2911 :
2921 2871 3025 2912 non
3054 2857 3165 2911 suis
3186 2858 3397 2912 meritis
3416 2858 3624 2925 electus,
3649 2858 3730 2915 sed
3749 2858 3873 2928 gratia

2358 2947 2454 3003 Dei
2496 2948 2744 3003 inventus
2770 2957 2825 3004 et
2864 2948 3162 3004 vivificatus
3192 2947 3375 3019 (Rom.
3410 2966 3460 3005 ιχ
3480 2991 3495 3018 ,
3527 2947 3713 3022 11-15).
3736 2949 3807 3004 Sic
3835 2958 3877 3003 et

2358 3055 2549 3098 omnes
2599 3051 2786 3115 gentes
2835 3060 2849 3097 :
2893 3059 3015 3099 nam
3069 3051 3130 3097 ut
3182 3045 3529 3109 insereretur,
3579 3043 3691 3114 quid
3728 3041 3877 3097 meruit

2358 3135 2589 3191 oleaster
2614 3135 2968 3192 amaritudine
3008 3137 3298 3193 baccarum
3322 3180 3338 3204 ,
3370 3138 3631 3193 sterilitate
3670 3136 3877 3191 silvestri?

2360 3225 2583 3296 Lignum
2613 3227 2810 3299 quippe
2835 3236 2951 3283 erat
2978 3228 3123 3283 silvae
3142 3270 3158 3295 ,
3192 3244 3305 3284 non
3328 3229 3440 3301 agri
3466 3229 3691 3284 dominici
3715 3243 3728 3289 ;
3753 3237 3797 3282 et
3818 3236 3878 3280 ta-

2364 3335 2485 3374 men
2514 3320 2603 3374 illc
2634 3335 2730 3389 per
2765 3320 3187 3376 misericordiam
3213 3335 3372 3376 suam
3410 3330 3462 3377 et
3492 3320 3743 3376 oleastrum
3766 3319 3876 3373 inse-

2360 3412 2467 3468 ruit
2492 3413 2542 3466 in
2566 3413 2787 3467 olivam.
2818 3412 2922 3469 Sed
2948 3413 3122 3469 adhuc
3147 3428 3252 3469 non
3305 3422 3424 3469 erat
3447 3415 3657 3469 insertus
3676 3413 3873 3473 oleaster,

2360 3505 2573 3576 quando
2601 3506 2854 3561 Dominus
2879 3507 3027 3577 elegit
3054 3506 3149 3561 sibi
3177 3506 3345 3562 Iacob
3366 3550 3382 3577 ,
3412 3506 3568 3563 Israel
3588 3508 3633 3561 in
3658 3504 3874 3576 possessio-

2358 3615 2474 3653 nem
2502 3599 2616 3653 sibi.

2431 3693 2484 3748 9.
2520 3691 2665 3764 [vers.
2691 3691 2769 3766 5.]
2798 3693 2866 3749 Ει
2884 3693 3011 3764 quid
3038 3693 3346 3766 Propheta?
3373 3694 3609 3764 Quoniam
3636 3709 3712 3762 ego
3733 3705 3871 3761 cogno-

2358 3786 2406 3839 vi
2425 3784 2561 3853 quod
2582 3801 2793 3855 magnus
2808 3794 2881 3839 est
2899 3783 3168 3839 Dominus.
3192 3784 3373 3841 Mente
3394 3786 3594 3841 volante
3606 3782 3869 3851 adsuperna.

2359 3885 2536 3931 erecta
2566 3890 2596 3929 a
2619 3890 2801 3942 carne,
2844 3875 3256 3933 transcendente
3320 3887 3604 3934 creaturam
3625 3917 3639 3944 ,
3682 3870 3871 3944 cognovit

2357 3969 2481 4039 quia
2504 3982 2727 4039 magnus
2751 3976 2834 4023 est
2860 3968 3142 4023 Dominus.
3158 3966 3275 4024 Non
3290 3984 3476 4026 omnes
3489 3959 3871 4040 possuntvidendo

2359 4075 2718 4132 cognoscere;
2761 4059 2980 4116 laudent
3018 4061 3159 4131 quod
3193 4060 3366 4117 fecit:
3401 4062 3576 4119 Suavis
3623 4067 3711 4122 est;
3750 4051 3869 4108 Iacob

2358 4152 2609 4223 elegitsibi
2624 4151 2907 4218 Dominus;
2933 4150 3101 4207 Israel
3119 4154 3172 4208 in
3194 4155 3551 4224 possessionem
3568 4151 3669 4207 sibi.
3697 4147 3753 4203 Et
3775 4144 3866 4199 hinc

2357 4244 2503 4299 illum
2533 4244 2688 4299 lauda
2722 4246 2777 4310 ¹;
2808 4259 2929 4299 nam
2969 4254 3026 4301 et
3071 4262 3161 4317 ego
3205 4248 3419 4318 cognoui
3461 4247 3573 4317 quia
3609 4255 3783 4314 magnus
3815 4244 3867 4289 at

2355 4337 2627 4391 Dominus.
2670 4336 2933 4408 Propheta
2962 4337 3304 4408 loquebatur,
3340 4338 3431 4410 qui
3462 4336 3660 4394 intravit
3696 4334 3739 4389 in
3776 4342 3867 4385 san-

2356 4430 2617 4483 ctuarium
2645 4428 2761 4496 Dei,
2807 4430 2895 4499 qui
2924 4429 3126 4484 audivit
3164 4430 3302 4487 forte
3334 4428 3605 4487 ineh'abilia
3624 4425 3757 4482 verba
3778 4433 3865 4490 qua

2355 4535 2462 4576 non
2492 4521 2617 4576 licet
2647 4520 2851 4575 homini
2878 4521 3022 4591 loqui
3049 4520 3116 4591 (ll
3144 4519 3262 4575 Cor.
3299 4538 3398 4587 xu,
3427 4521 3513 4593 4);
3539 4521 3618 4591 qui
3638 4516 3745 4571 dixit
3760 4507 3865 4582 quod

2354 4623 2537 4685 posset
2573 4612 2882 4669 hominibus
2924 4612 3051 4678 dici,
3074 4623 3129 4668 et
3159 4615 3330 4669 tenuit
3370 4614 3505 4683 apud
3545 4627 3598 4667 se
3628 4606 3743 4679 quod
3785 4615 3862 4657 non

2354 4716 2538 4777 posset
2563 4708 2687 4763 dici.
2717 4706 2861 4777 Ergo
2890 4715 2946 4762 et
2975 4706 3221 4762 audiatur
3259 4707 3326 4762 ad
3354 4707 3492 4779 quod
3537 4713 3791 4776 possumus,
3824 4698 3857 4747 el

2353 4800 2605 4856 credatur
2628 4798 2693 4855 ad
2720 4798 2861 4869 quod
2889 4814 2993 4853 non
3023 4812 3331 4868 possumus.
3373 4798 3451 4854 Ad
3478 4794 3607 4869 quod
3635 4797 3857 4863 possumus

2353 4891 2615 4956 audiatur,
2647 4892 2901 4960 Quoniam
2918 4890 3077 4945 Iacob
3104 4892 3249 4963 elegit
3276 4892 3371 4947 sibi
3393 4889 3645 4952 Dominus,
3673 4878 3805 4937 Israel
3823 4876 3861 4926 in

2355 4984 2716 5052 possessionem
2735 4982 2867 5049 sibi;
2898 4981 2966 5038 ad
2995 4981 3137 5053 quod
3182 4999 3287 5038 non
3346 4994 3612 5053 possumus
3649 4970 3858 5030 credatur.

2352 5077 2475 5146 quia
2522 5079 2633 5147 ipse
2661 5080 2909 5150 cognovit
2947 5080 3083 5150 quod
3116 5096 3327 5153 magnus
3353 5088 3425 5135 est
3453 5076 3693 5149 Dominus.
3739 5065 3782 5122 Si
3805 5058 3857 5115 illi

2352 5169 2672 5237 diceremus,
2701 5173 2972 5244 Rogamus
2989 5183 3059 5241 te,
3086 5175 3293 5244 esplica
3311 5168 3697 5245 magnitudinem
3720 5157 3851 5217 illius;

2352 5277 2531 5318 nonne
2572 5263 2709 5320 forte
2739 5264 3089 5335 responderet
3132 5265 3287 5321 nobis
3318 5280 3330 5317 :
3360 5263 3471 5318 Non
3500 5269 3577 5317 est
3612 5251 3742 5311 valde
3766 5258 3851 5302 ma-

2348 5368 2486 5425 gnus
2519 5370 2676 5426 quem
2716 5355 2893 5424 video,
2924 5356 2971 5412 si
2998 5372 3028 5411 a
3069 5371 3157 5412 me
3181 5355 3372 5423 poterit
3404 5348 3671 5423 explicari?
3701 5337 3857 5426 Redeat

2349 5424 2478 5516 ergo
2510 5424 2577 5501 ad
2617 5462 2778 5518 opera
2806 5446 2958 5518 ejus,
2986 5457 3042 5503 et
3069 5448 3211 5503 dicat
3253 5445 3422 5502 nobis.
3459 5441 3645 5497 Habeat
3683 5434 3777 5502 ipse
3816 5424 3854 5476 in

2348 5538 2675 5594 conscientia
2701 5539 3120 5611 magnitudinem
3148 5536 3376 5603 Domini,
3402 5547 3551 5606 quam
3572 5525 3706 5590 vidit,
3731 5526 3854 5611 αυέιη

2347 5631 2503 5688 nobis
2531 5609 2853 5689 credendam
2885 5632 3309 5699 commendavit;
3348 5643 3450 5700 quo
3483 5632 3675 5682 nostros
3705 5609 3853 5700 oculos

2247 5741 2252 5763 ε
2346 5724 2641 5798 perducere
2665 5742 2772 5782 non
2799 5727 2969 5798 potuit
3003 5744 3016 5780 :
3046 5735 3101 5782 et
3126 5698 3403 5783 enumemt
3425 5714 3643 5790 quaedam
3671 5698 3856 5798 (ινξδῖθ

2346 5792 2606 5876 Dominus
2631 5819 2755 5875 fecit
2774 5792 2871 5885 ;-ut
2899 5827 2953 5875 et
2987 5819 3162 5886 nobis,
3186 5819 3275 5888 qui
3306 5806 3689 5884 magnitudinem
3722 5792 3853 5854 illius:

2412 5934 2429 5965 ί
2456 5933 2528 5983 sic
2549 5932 2773 5996 plerique
2796 5939 2901 5982 Mss.
2927 5938 2981 5981 At
3001 5930 3131 5981 Edd.:
3158 5937 3212 5981 Et
3234 5928 3312 5981 hic
3331 5923 3463 5977 illum
3480 5916 3647 5971 laudas.
