4160 6440
379 421 537 478 i745

373 544 525 600 sicut
543 539 632 595 ille
655 535 855 599 videre,
881 546 987 587 non
1006 541 1305 603 possumus,
1328 523 1598 578 dulcescat
1620 533 1686 572 ex
1711 513 1963 585 operibus

375 636 539 698 suis,
590 643 708 700 qua:
746 639 937 696 capere
990 635 1291 694 possumus.
1335 615 1584 683 Quoniam
1626 626 1739 681 ego,
1774 606 1964 677 inquit,

376 722 601 799 cognovi
625 718 759 791 quod
786 731 1000 788 magnus
1027 721 1098 769 est
1134 710 1411 771 Dominus,
1448 713 1494 761 et
1520 703 1659 759 Deus
1686 708 1855 754 noster
1881 712 1968 753 suo

380 793 485 892 pe}
502 829 669 872 omnes
706 811 845 865 deos.
878 807 1030 877 Quos,
1056 804 1225 861 deos?
1268 800 1417 858 Sicut
1463 798 1593 853 dicit
1633 793 1918 866 Apostolus
1951 808 1964 844 :

382 891 506 969 Etsi
529 918 645 966 sunt
664 907 749 976 qui
779 905 1016 958 dicantur
1035 901 1104 955 dii
1126 901 1181 954 in
1209 897 1331 952 creto
1360 904 1406 950 et
1428 896 1483 949 in
1510 902 1681 957 terra;
1702 891 1830 945 sicut
1855 897 1971 942 sunt

380 1007 468 1059 dii
486 1002 627 1057 multi
645 1008 692 1053 et
717 996 908 1051 domini
930 993 1105 1057 multi;
1126 991 1266 1046 nobis
1286 999 1452 1043 tamen
1480 1002 1608 1041 unus
1641 983 1794 1045 Deus,
1814 980 1974 1035 Pater

382 1116 458 1153 ea:
481 1112 577 1168 quo
596 1093 765 1148 omnia
790 1133 804 1157 ,
830 1098 874 1144 et
896 1104 986 1142 nos
1004 1088 1059 1141 in
1079 1086 1191 1156 ipso
1210 1126 1226 1150 ,
1258 1093 1303 1136 et
1334 1097 1464 1135 unus
1509 1078 1758 1133 Dominus
1806 1082 1974 1128 noster

382 1190 546 1244 Jesus
597 1184 847 1249 Christus,
892 1197 981 1250 per
1016 1193 1163 1249 quem
1210 1175 1410 1241 omnia,
1449 1183 1496 1227 et
1537 1187 1630 1225 nos
1675 1186 1764 1239 per
1810 1169 1976 1238 ipsum

387 1284 437 1354 (l
469 1282 583 1338 Cor.
614 1295 729 1342 vui,
756 1275 939 1345 5et6).
972 1273 1225 1328 Dicautur
1245 1268 1315 1323 dii
1345 1266 1587 1322 homines
1616 1281 1629 1316 :
1657 1262 1854 1317 dictum
1894 1269 1978 1317 est

388 1370 720 1435 cnim.Deus
761 1368 895 1422 stetit
933 1366 985 1419 in
1038 1378 1298 1435 synagoga
1339 1360 1587 1422 deorum;
1633 1356 1830 1411 dictum
1873 1362 1975 1421 est,

394 1464 510 1535 Ego
530 1462 659 1526 dixi,
691 1459 777 1514 Dii
802 1458 919 1513 estis
948 1466 995 1511 et
1019 1456 1114 1525 ﬁlii
1144 1452 1390 1508 Altissimi
1410 1466 1578 1505 omnes
1599 1448 1773 1519 (Psal.
1792 1462 1976 1511 Lxxxt,

394 1558 456 1623 1,
480 1555 577 1626 6):
611 1568 788 1609 nonne
841 1563 1002 1619 super
1046 1546 1290 1601 homines
1341 1543 1521 1599 Deus?
1550 1541 1655 1597 Sed
1702 1539 1827 1610 quid
1868 1553 1981 1592 ma-

394 1664 582 1722 gnum,
633 1649 676 1701 si
706 1660 866 1715 super
924 1641 1168 1697 homines
1218 1638 1393 1693 Deus?
1441 1636 1509 1692 Et
1548 1649 1710 1704 super
1747 1632 1982 1702 Angelos

399 1741 540 1797 Deus
586 1757 599 1792 :
659 1737 782 1808 quia
830 1733 1017 1805 Angeli
1071 1747 1175 1787 non
1221 1728 1464 1785 fecerunt
1520 1728 1705 1789 Deum,
1753 1722 1984 1794 Angelos

401 1832 524 1888 fecit
562 1832 734 1895 Deus;
762 1838 816 1883 et
836 1840 1058 1882 necesse
1091 1832 1176 1880 est
1197 1837 1359 1892 super
1384 1820 1561 1877 omnia
1584 1834 1703 1890 qua:
1729 1817 1886 1881 fecit,
1917 1815 1987 1870 sit

404 1925 520 1995 ipse
540 1922 633 1993 qui
659 1920 804 1976 fecit.
830 1917 1170 1989 Coguoscens
1189 1929 1317 1985 ergo
1331 1911 1750 1983 magnitudinem
1778 1905 1988 1963 Domini

407 2020 527 2083 iste,
566 2024 621 2070 et
656 2013 843 2068 videns
868 2026 992 2067 eum
1024 2024 1185 2079 super
1233 2021 1447 2063 omnem
1499 2018 1619 2060 esse
1662 2010 1985 2066 creaturam,

406 2126 510 2164 non
563 2115 764 2162 tantum
815 2101 1187 2173 corporalem,
1240 2098 1336 2155 sed
1379 2097 1539 2152 etiam
1596 2093 1923 2164 spiritualem
1969 2107 1985 2145 :

406 2201 518 2256 Rea:
550 2214 786 2270 magnus,
816 2196 1005 2267 inquit,
1033 2209 1184 2263 super
1212 2207 1382 2248 omnes
1408 2190 1547 2243 deos.
1580 2187 1697 2257 ipse
1723 2193 1807 2240 est
1839 2198 1987 2238 sum-

406 2307 526 2349 mus
553 2291 698 2346 Deus
734 2289 826 2359 qui
856 2302 1018 2357 super
1045 2300 1107 2341 se
1135 2298 1243 2339 non
1272 2281 1433 2338 habet
1462 2279 1643 2335 deum.
1674 2278 1847 2347 Opera
1873 2274 1992 2344 ejus

407 2385 569 2453 dicat,
608 2384 722 2453 ipsa
740 2382 1040 2451 capiuntur.

476 2474 568 2531 10.
600 2472 749 2548 [νοτε.
779 2469 869 2543 6.]
927 2469 1112 2523 Omnia
1148 2481 1470 2538 quaecumque
1517 2462 1693 2527 notuit,
1742 2458 1994 2514 Dominus

409 2570 524 2641 fecit
547 2569 601 2622 in
626 2566 747 2621 caelo
768 2574 814 2619 et
837 2565 891 2619 in
912 2575 1045 2618 terra
1072 2604 1087 2629 ,
1114 2563 1167 2616 in
1194 2560 1323 2615 mari
1366 2568 1413 2613 et
1440 2558 1494 2611 in
1517 2554 1745 2610 omnibus
1779 2552 1993 2624 abyssis.

408 2664 538 2731 Quis
562 2670 744 2718 autem
771 2655 1189 2728 comprehendat
1214 2652 1366 2709 haec?
1386 2651 1506 2722 quis
1532 2655 1812 2704 enumeret
1833 2659 1995 2715 opera

410 2756 627 2813 Domini
657 2756 709 2810 in
749 2752 888 2809 caelo
914 2761 969 2807 et
998 2752 1050 2805 in
1078 2760 1251 2813 terra,
1281 2749 1334 2802 in
1361 2746 1496 2801 mari
1538 2751 1593 2799 et
1647 2743 1701 2797 in
1746 2740 1996 2796 omnibus

411 2848 654 2921 abyssis?
683 2846 883 2902 Tamen
912 2842 960 2900 si
985 2838 1441 2913 comprehendere
1466 2836 1645 2892 omnia
1673 2848 1779 2889 non
1811 2847 2001 2902 possu-

408 2938 549 3008 mus,
578 2942 898 2996 inconcusse
922 2934 1142 2992 credere
1164 2943 1220 2989 et
1247 2942 1432 2988 tenere
1459 2928 1717 2984 debemus
1745 2924 1999 2996 quoniam

413 3033 674 3107 quidquid
722 3040 1088 3087 creaturarum
1135 3026 1191 3081 in
1243 3023 1399 3089 ctnlo,
1438 3018 1694 3091 quidquid
1726 3018 1777 3072 in
1809 3026 1951 3071 terra
1983 3057 1998 3081 ,

416 3122 675 3197 quidquid
709 3122 763 3177 in
799 3120 932 3175 mari
968 3128 1024 3175 et
1056 3119 1108 3173 in
1140 3116 1387 3172 omnibus
1427 3112 1637 3183 abyssis
1693 3124 1722 3163 a
1771 3107 2001 3163 Domino

417 3218 613 3272 factum
641 3222 758 3279 est;
785 3212 906 3283 quia
936 3210 1104 3265 omnia
1132 3222 1243 3280 qua:
1260 3206 1434 3269 voluit,
1459 3203 1574 3275 fecit
1617 3202 1672 3255 in
1710 3200 1837 3255 aeto
1863 3208 1909 3252 et
1947 3199 2005 3252 in

420 3319 575 3374 terra,
605 3308 659 3361 in
682 3307 811 3359 mari
834 3313 879 3359 et
894 3305 946 3358 in
971 3302 1199 3357 omnibus
1214 3299 1427 3370 abyssis,
1450 3296 1587 3350 sicut
1606 3294 1717 3365 jam
1744 3293 1999 3348 diximus.

422 3400 535 3456 Non
560 3398 743 3454 omnia
768 3411 885 3467 qua:
930 3395 1078 3461 fecit,
1124 3399 1344 3448 coactus
1362 3396 1445 3445 est
1475 3388 1649 3442 facere
1674 3429 1689 3453 ,
1714 3385 1807 3441 sed
1834 3384 2006 3439 omnia

422 3505 748 3563 quaecumque
793 3488 984 3552 voluit,
1023 3486 1367 3549 fecit:causa
1412 3481 1647 3536 omnium
1694 3493 1813 3549 quae
1857 3476 2003 3543 fecit,

427 3583 674 3639 voluntas
701 3580 819 3649 ejus
842 3588 942 3635 est.
972 3578 1125 3633 Facis
1146 3586 1200 3631 tu
1225 3576 1443 3630 domum
1462 3617 1477 3641 ,
1503 3574 1626 3644 quia
1661 3573 1705 3627 si
1732 3571 1905 3626 nolles
1933 3572 2005 3625 ta-

424 3692 566 3741 cere,
600 3675 718 3731 sine
742 3672 1069 3729 habitatione
1095 3683 1402 3725 remaneres
1426 3683 1439 3720 :
1470 3665 1763 3721 necessitas
1789 3664 1929 3732 cogit
1957 3672 2009 3719 te

428 3768 604 3825 facere
627 3766 876 3829 domum,
906 3779 1011 3819 non
1041 3762 1204 3818 libera
1250 3762 1515 3815 voluntas.
1577 3757 1731 3811 Facis
1778 3763 2005 3821 vestem,

425 3864 546 3932 quia
577 3860 622 3916 si
661 3873 769 3914 non
793 3858 1016 3921 laceres,
1047 3853 1222 3909 nudus
1239 3852 1546 3907 ambulares
1577 3869 1590 3904 :
1618 3848 1684 3902 ad
1712 3847 2009 3902 faciendam

426 3968 553 4024 ergo
573 3960 776 4007 vestem
800 3950 1119 4005 necessitate
1144 3947 1376 4011 duceris,
1393 3959 1499 3999 non
1529 3942 1692 3996 libera
1714 3943 2006 3994 voluntate.

426 4044 677 4101 Conseris
709 4050 944 4097 montem
970 4039 1186 4103 vitibus,
1231 4051 1415 4091 semen
1470 4033 1694 4103 spargis,
1737 4029 1861 4100 quia
1911 4028 2013 4083 nisi

427 4136 639 4199 feceris,
668 4133 921 4188 alimenta
938 4145 1043 4185 non
1066 4128 1285 4184 habebis
1308 4143 1321 4179 :
1345 4125 1525 4181 omnia
1552 4123 1666 4177 haec
1696 4120 2013 4175 necessitate

428 4228 579 4284 facis.
605 4227 748 4283 Deus
777 4225 1014 4280 bonitate
1041 4222 1185 4288 fecit,
1201 4221 1346 4275 nullo
1375 4216 1517 4289 quod
1539 4216 1664 4272 fecit
1679 4215 1857 4286 eguit;
1892 4213 2012 4269 ideo

429 4322 599 4377 omnia
626 4334 949 4390 quacumque
968 4314 1143 4382 voluit,
1172 4314 1307 4386 fecit.

501 4413 589 4466 Η.
622 4410 784 4465 Putas
806 4450 821 4473 ,
854 4407 1113 4461 habemus
1150 4413 1205 4459 et
1232 4417 1329 4458 nos
1355 4400 1495 4472 quod
1536 4399 1703 4455 libera
1742 4398 2016 4451 voluntate

431 4502 725 4558 faciamus?
753 4500 827 4555 Ea
852 4499 996 4554 enim
1022 4512 1141 4567 qua!
1162 4495 1415 4560 diximus,
1439 4509 1501 4546 ex
1530 4491 1850 4547 necessitate
1885 4488 2016 4543 faci-

432 4612 591 4662 mus;
626 4595 751 4665 quia
778 4594 822 4648 si
868 4607 974 4647 non
1004 4590 1321 4654 faceremus,
1349 4595 1569 4657 egentes
1610 4595 1665 4640 et
1713 4585 1900 4655 inopes
1935 4599 2021 4638 rc-

434 4700 801 4742 maneremus.
826 4683 1133 4738 Invenimus
1158 4680 1353 4752 aliquid
1382 4679 1522 4749 quod
1553 4677 1721 4732 libera
1747 4676 2018 4730 voluntate

438 4778 731 4835 faciamus?
751 4777 1056 4833 Invenimus
1083 4776 1257 4845 plane,
1277 4788 1397 4829 cum
1435 4774 1606 4843 ipsum
1640 4772 1807 4826 Deum
1830 4785 2020 4826 aman-

437 4870 509 4927 do
536 4870 835 4925 laudamus.
866 4869 979 4924 Hoc
1001 4868 1144 4922 enim
1180 4865 1345 4920 libera
1366 4865 1642 4918 voluntate
1667 4861 1818 4924 facis,
1850 4875 2021 4931 quan-

439 4964 512 5019 do
536 4978 687 5019 amas
711 4962 852 5034 quod
879 4960 1098 5027 laudas;
1135 4974 1243 5014 non
1269 4959 1411 5013 enim
1450 4972 1514 5012 ex
1541 4956 1882 5018 necessitate,
1926 4954 2024 5010 sed

440 5058 562 5128 quia
592 5057 788 5127 placet.
830 5056 983 5112 Unde
1003 5054 1161 5125 justis
1196 5062 1250 5108 et
1278 5051 1476 5107 sanctis
1506 5050 1600 5105 Dei
1623 5049 1818 5118 placuit
1850 5049 2025 5114 Deus,

441 5149 604 5203 etiam
635 5148 909 5219 ﬂagellans
938 5161 1051 5203 eos.
1078 5144 1302 5214 Quando
1329 5144 1524 5215 iniquis
1555 5142 1804 5196 omnibus
1834 5141 2027 5212 displi-

442 5248 551 5305 cet,
580 5237 782 5309 placuit
806 5238 942 5304 illis;
964 5247 1020 5293 ct
1044 5237 1143 5292 sub
1168 5236 1380 5307 flagello
1405 5235 1542 5304 ejus,
1574 5236 1626 5290 in
1655 5250 1891 5290 arrumna
1912 5276 1928 5300 ,
1970 5236 2026 5291 in

442 5329 750 5400 laboribus,
780 5333 833 5386 in
862 5331 1203 5397 vulneribus,
1232 5330 1284 5384 in
1322 5338 1556 5398 egestate
1605 5328 1878 5383 constituti
1916 5329 2029 5383 lau-

442 5420 708 5480 daverunt
737 5424 900 5478 Deum
935 5439 948 5476 :
977 5437 1084 5478 non
1110 5423 1189 5478 eis
1213 5421 1483 5491 displicuit
1508 5434 1607 5475 nec
1622 5430 1895 5490 torquens.
1913 5420 2027 5477 Hoc

444 5527 531 5573 est
574 5517 739 5588 gratis
786 5531 968 5573 amare
994 5559 1009 5583 ,
1054 5531 1159 5571 non
1208 5531 1358 5586 quasn
1401 5514 1669 5586 proposita
1721 5515 2033 5583 acceptione

445 5608 752 5681 mercedis;
777 5608 899 5680 quia
948 5608 1062 5678 ipsa
1109 5622 1315 5662 merces
1358 5615 1447 5661 tua
1481 5619 1686 5660 summa
1732 5605 1872 5660 Deus
1920 5607 2035 5675 ipse

448 5700 552 5755 erit
575 5741 591 5766 ,
622 5713 779 5770 quem
824 5698 989 5770 gratis
1018 5696 1191 5767 diligis
1219 5716 1232 5751 :
1258 5707 1312 5752 et
1338 5697 1415 5751 sic
1439 5710 1621 5751 amare
1645 5693 1812 5750 debes
1831 5737 1847 5761 ,
1873 5705 1930 5750 ut
1957 5696 2038 5765 ip-

449 5806 570 5848 sum
598 5805 697 5861 pro
724 5788 972 5847 mercede
996 5787 1303 5843 desiderare
1340 5801 1446 5841 non
1481 5786 1695 5840 desinas
1717 5826 1734 5852 ,
1765 5785 1855 5855 qui
1889 5784 2038 5842 solus

454 5889 510 5939 te
549 5882 740 5949 satiet;
772 5882 910 5939 sicut
929 5879 1203 5950 Philippus
1237 5877 1605 5945 desiderabat,
1638 5890 1757 5933 cum
1798 5876 2032 5945 diceret,

1408 390 1799 456 ENARRATIO
1839 386 1902 443 IN
1941 382 2267 441 PSALMUM
2308 385 2590 442 CXXXIV.

3508 393 3655 461 itte

2080 503 2301 560 Ostende
2327 506 2469 563 nobis
2492 506 2735 578 Patrem,
2768 522 2813 565 et
2848 515 3028 585 sufﬁcit
3053 518 3194 572 nobis
3224 518 3401 590 (Joan.
3440 538 3553 591 xtv,
3575 528 3658 598 8).

2075 600 2282 669 Merito,
2315 604 2439 673 quia
2461 604 2564 659 hoc
2590 604 2657 661 de
2694 606 2861 663 libera
2898 610 3172 667 voluntate
3202 612 3424 671 facimus
3446 658 3461 683 ,
3498 627 3554 675 et
3589 620 3661 676 de

2076 693 2244 749 libera
2271 694 2541 751 voluntate
2572 698 2747 755 facere
2772 698 3029 760 debemus
3048 747 3064 771 ,
3087 705 3213 776 quia
3238 706 3488 766 delectati
3527 711 3661 768 faci-

2076 802 2217 855 mus,
2241 789 2470 845 amando
2513 789 2772 860 facimus;
2801 796 2923 865 quia
2953 798 3055 853 etsi
3093 801 3411 872 corripimur
3444 804 3659 873 abillo,

2078 881 2233 935 nobis
2284 898 2552 953 nunquam
2606 885 2887 956 displicere
2932 890 3132 957 debet,
3184 894 3271 963 qui
3318 910 3533 968 semper
3578 908 3665 956 est

2075 974 2272 1044 justus.
2303 975 2416 1029 Hoc
2439 976 2573 1032 dixit
2592 978 2679 1034 ille
2702 979 2945 1036 laudator
2971 983 3087 1052 ejus
3116 1000 3129 1037 :
3160 983 3225 1040 In
3245 1004 3325 1041 me
3338 999 3478 1056 sunt,
3500 989 3663 1059 Deus,

2080 1076 2196 1120 uota
2223 1074 2328 1123 tua.
2348 1084 2461 1137 qua
2492 1069 2703 1124 reddam
2757 1072 3064 1128 laudationis
3105 1075 3193 1129 tibi
3241 1076 3410 1147 (Psal.
3434 1096 3517 1147 ιν,
3553 1082 3665 1153 12).

2082 1156 2418 1213 Etalioloco
2464 1178 2479 1213 :
2533 1159 2830 1216 Voluntaria
2867 1165 3163 1233 sacriﬁcabo
3209 1168 3299 1222 tibi
3341 1168 3511 1239 (Psat.
3554 1189 3667 1239 LIII,

2084 1249 2159 1320 8).
2193 1250 2329 1319 Quid
2366 1263 2468 1315 est,
2508 1251 2805 1309 Voluntarie
2830 1257 3170 1326 sacriﬁcabo?
3206 1258 3511 1317 Voluntarie
3554 1263 3671 1318 lau-

2084 1343 2223 1399 dabo
2246 1353 2314 1399 te.
2337 1344 2491 1412 Quia,
2533 1345 2858 1416 Sacriﬁcium
2903 1350 3088 1415 laudis,
3132 1353 3323 1423 inquit,
3369 1355 3675 1426 gloriﬁcabit

2086 1454 2165 1492 mc
2188 1438 2362 1508 (Psal.
2385 1440 2657 1511 x1.tx,25).
2681 1441 2735 1497 Si
2774 1445 3041 1512 cogereris
3078 1445 3274 1502 offerre
3318 1448 3547 1506 Domino
3582 1462 3676 1508 tuo

2086 1530 2406 1585 sacriﬁcium
2432 1541 2637 1600 gratqu
2663 1533 2736 1588 illi
2766 1544 2820 1589 et
2839 1545 3136 1603 acceptum,
3159 1539 3297 1593 sicut
3321 1549 3477 1596 antea
3512 1558 3678 1600 vove-

2089 1622 2284 1678 hantur
2311 1625 2572 1680 sacrilicia
2620 1626 2636 1657 ¹
2674 1626 2729 1680 in
2767 1626 2951 1681 umbra
2990 1625 3327 1694 futurorum;
3397 1631 3533 1689 forte
3567 1650 3676 1691 non

2090 1715 2359 1772 invenires
2388 1717 2441 1771 in
2462 1732 2624 1788 grege
2648 1727 2738 1773 tuo
2764 1719 3013 1789 placitum
3043 1729 3282 1791 taurum,
3310 1734 3365 1780 et
3401 1725 3454 1780 in
3492 1730 3673 1798 capris

2091 1808 2298 1865 hircum
2327 1826 2436 1865 arte
2469 1810 2677 1866 Domini
2708 1812 2949 1883 dignum,
2981 1828 3080 1869 nec
3107 1814 3158 1869 in
3186 1814 3311 1871 ovili
3339 1825 3427 1872 tuo
3451 1820 3680 1877 arietem

2093 1904 2312 1975 dignum
2341 1905 2408 1961 ad
2436 1906 2706 1962 victimam
2750 1908 2981 1964 Domino
3016 1917 3138 1975 tuo;
3169 1918 3224 1966 et
3256 1926 3362 1966 non
3402 1912 3684 1970 inveniens

2093 2006 2365 2068 satageres
2397 1998 2523 2068 quid
2555 1998 2782 2066 faceres,
2830 2009 2885 2055 et
2923 2000 3131 2057 diceres
3161 2003 3298 2059 l'orte
3322 2003 3432 2061 Deo
3459 2021 3473 2058 :
3504 2005 3681 2076 Volui,

2094 2098 2149 2146 et
2171 2105 2277 2146 non
2306 2090 2487 2145 habui.
2514 2091 2778 2162 Numquid
2811 2100 2964 2162 potes
2993 2093 3060 2149 de
3078 2094 3233 2150 laude
3260 2096 3462 2165 dicere,
3492 2097 3683 2169 Volui,

2097 2192 2151 2239 et
2177 2198 2283 2240 non
2310 2183 2508 2239 habui?
2536 2184 2715 2255 Ipsum
2740 2186 2975 2242 voluisse
2995 2187 3241 2245 laudasse
3266 2198 3368 2245 est.
3398 2190 3515 2247 Non
3538 2194 3687 2250 enim

2097 2280 2263 2335 verba
2286 2295 2315 2334 a
2342 2286 2394 2334 te
2413 2280 2604 2349 quaerit
2630 2280 2769 2335 Deus
2789 2321 2805 2346 ,
2831 2280 2927 2337 sed
2952 2296 3067 2337 cor.
3095 2282 3331 2353 Denique
3354 2294 3510 2355 potes
3532 2286 3687 2344 dice:

2095 2389 2160 2430 re
2188 2376 2208 2406 ⁸
2243 2391 2255 2427 :
2291 2374 2356 2429 Et
2386 2374 2616 2444 linguam
2647 2389 2752 2430 non
2775 2374 2959 2431 habui.
2996 2375 3051 2430 Si
3085 2377 3205 2447 quis
3243 2378 3563 2438 obmutescit
3585 2383 3686 2438 alia

2099 2481 2204 2537 qua
2223 2465 2563 2532 valetudine,
2594 2466 2827 2536 linguam
2856 2482 2963 2522 non
2992 2467 3199 2536 habuit,
3248 2478 3303 2524 et
3347 2479 3523 2527 tamen
3574 2472 3693 2530 lau-

2100 2560 2224 2617 dem
2248 2560 2451 2615 habuit.
2485 2559 2544 2615 Si
2565 2560 2708 2616 enim
2738 2559 2878 2614 Deus
2912 2574 3072 2616 aures
3097 2561 3340 2617 carnales
3359 2561 3613 2631 haberet,
3634 2576 3693 2622 et

2103 2667 2238 2708 sono
2280 2652 2357 2707 tui
2402 2650 2647 2722 corporis
2680 2650 2980 2721 indigeret,
3033 2652 3153 2707 ideo
3180 2668 3301 2708 cum
3338 2656 3692 2715 remansisses

2104 2742 2219 2798 sine
2243 2744 2441 2814 lingua,
2467 2742 2585 2797 sine
2611 2740 2766 2797 laude
2803 2742 2965 2797 etiam
2994 2759 3306 2800 remaneres
3338 2764 3351 2800 :
3384 2762 3525 2803 nunc
3562 2764 3695 2805 vero

2105 2834 2226 2905 quia
2243 2848 2337 2889 cor
2361 2834 2573 2904 quaerit,
2604 2848 2698 2888 cor
2732 2834 2968 2903 inspicit,
3006 2835 3147 2890 intus
3175 2838 3326 2891 testis
3354 2846 3472 2903 est,
3491 2838 3654 2909 judex
3676 2883 3693 2907 ,

2106 2925 2465 2998 approbator,
2497 2925 2711 2995 adjutor
2739 2925 2782 2992 ⁸,
2819 2935 3141 2991 coronator;
3179 2927 3381 2983 sufficit
3407 2938 3466 2984 ut
3501 2929 3697 2988 offeras

2106 3022 2455 3077 voluntatem.
2482 3017 2616 3074 Cum
2643 3028 2818 3089 potes,
2850 3033 2945 3074 ore
2981 3018 3254 3077 conﬁteris
3278 3019 3301 3051 ⁸
3322 3020 3389 3076 ad
3429 3022 3695 3090 salutem;

2107 3129 2230 3170 cum
2276 3122 2455 3168 autem
2507 3126 2615 3166 non
2669 3121 2843 3180 potes,
2896 3111 3059 3166 corde
3103 3112 3279 3167 credis
3319 3112 3385 3167 ad
3435 3113 3699 3181 justitiam

2110 3206 2285 3276 (Rom.
2324 3222 2378 3273 ιι,
2422 3205 2553 3274 10);
2585 3203 2748 3260 corde
2775 3203 2979 3267 laudas,
3008 3203 3172 3259 corde
3205 3203 3495 3273 benedicis,
3536 3207 3699 3263 corde

2110 3297 2163 3351 in
2189 3312 2336 3352 aram
2367 3296 2713 3351 conscientiae
2746 3294 2990 3351 victimas
3024 3309 3207 3350 sacras
3231 3295 3493 3365 imponis;
3526 3306 3583 3353 et
3614 3313 3700 3353 re-

2111 3388 2408 3459 spondetur
2438 3388 2530 3442 tibi
2551 3429 2567 3454 ,
2596 3386 2714 3443 Pax
2747 3387 2802 3441 in
2822 3395 2957 3440 terra
2977 3386 3264 3442 hominibus
3291 3386 3437 3443 bonae
3467 3388 3701 3444 volunta-

2112 3481 2177 3535 tis
2197 3479 2347 3551 (Luc.
2376 3495 2432 3544 ιι,
2459 3478 2572 3549 14).

2186 3571 2274 3625 12.
2326 3569 2419 3625 Ille
2450 3569 2608 3640 igitur
2644 3569 2788 3624 Deus
2823 3570 2913 3639 qui
2938 3568 3278 3640 omnipotens
3301 3580 3403 3637 est,
3429 3573 3484 3627 in
3507 3574 3633 3629 creto
3655 3589 3705 3630 es

2112 3669 2168 3720 in
2194 3675 2327 3720 terra
2350 3664 2521 3719 omnia
2542 3678 2865 3735 quiscumque
2890 3662 3066 3729 voluit,
3084 3664 3238 3733 fecit;
3268 3673 3321 3719 tu
3352 3665 3403 3719 in
3433 3664 3593 3721 domo
3614 3675 3707 3723 tua

2116 3776 2222 3815 non
2252 3759 2380 3814 facis
2409 3758 2585 3813 omnia
2625 3773 2743 3827 quae
2782 3757 2864 3810 vis
2905 3773 2919 3810 :
2953 3756 3043 3811 ille
3070 3758 3123 3809 in
3150 3755 3274 3810 caelo
3299 3757 3418 3810 etin
3439 3766 3574 3812 terra
3596 3776 3708 3813 om-

2117 3854 2203 3907 nia
2231 3867 2554 3921 quwcumque
2574 3849 2749 3912 uoluit,
2778 3848 2933 3919 fecit;
2964 3856 3016 3902 tu
3040 3846 3122 3900 fac
3149 3847 3230 3902 vel
3254 3847 3306 3901 in
3327 3861 3455 3917 agro
3478 3858 3569 3903 tuo
3588 3864 3705 3904 om-

2118 3944 2205 3998 nia
2222 3958 2339 4013 quae
2362 3942 2462 3996 vis.
2490 3940 2650 3994 Multa
2669 3939 2769 4003 vis,
2797 3947 2968 3993 etnon
2985 3947 3136 4008 potes
3156 3939 3209 3992 in
3230 3938 3391 3993 domo
3416 3949 3502 3994 tua
3529 3939 3706 4000 facere

2119 4034 2296 4088 omnia
2336 4046 2456 4101 quae
2494 4031 2574 4085 vis
2611 4028 2963 4083 :contradicit
2988 4026 3123 4083 forte
3149 4044 3301 4097 uxor,
3332 4031 3709 4089 contradicunt

2120 4122 2234 4187 filii,
2262 4120 2547 4191 aliquando
2575 4129 2629 4175 et
2655 4119 2899 4174 servulus
2927 4119 3260 4174 contumacia
3285 4122 3622 4193 contradicit,
3652 4134 3712 4182 et

2121 4231 2229 4271 non
2260 4214 2391 4271 facis
2418 4213 2560 4284 quod
2588 4213 2687 4267 vis.
2728 4210 2833 4267 Sed
2859 4210 2997 4265 facio
3028 4252 3043 4278 ,
3085 4211 3262 4282 inquis
3288 4253 3305 4281 ,
3354 4216 3496 4284 quod
3540 4218 3663 4274 volo
3690 4238 3707 4286 ;

2121 4306 2242 4378 quia
2272 4307 2325 4361 in
2352 4320 2458 4360 non
2501 4302 2784 4359 obediente
2823 4317 2885 4357 ac
2913 4302 3312 4359 contradicente
3337 4305 3569 4363 vindico.
3602 4308 3713 4367 Nec

2126 4402 2227 4455 hoc
2256 4397 2386 4453 facis
2404 4439 2420 4466 ,
2448 4412 2571 4452 cum
2598 4396 2679 4450 vis
2703 4412 2717 4450 :
2765 4393 3051 4464 aliquando
3080 4394 3353 4452 vindicare
3373 4398 3453 4452 vis
3476 4439 3492 4466 ,
3523 4407 3578 4454 et
3602 4416 3712 4457 non

2125 4502 2313 4565 potes;
2354 4488 2639 4561 aliquando
2680 4487 2921 4553 minaris,
2951 4495 3004 4543 et
3056 4498 3343 4560 antequam
3380 4490 3541 4547 facias
3569 4496 3713 4564 quod

2128 4584 2366 4650 minaris,
2394 4581 2651 4647 moreris,
2681 4580 2966 4646 Putamus,
2999 4580 3053 4635 in
3074 4582 3247 4651 teipso
3274 4582 3404 4637 lacis
3428 4584 3571 4653 quod
3600 4586 3714 4639 vis?

2128 4678 2306 4732 frenas
2332 4689 2518 4729 omnes
2540 4671 2856 4742 cupiditates
2877 4672 3034 4726 tuas?
3064 4672 3307 4727 Forsitan
3334 4673 3529 4739 frenas,
3554 4689 3714 4729 num--

2128 4766 2254 4839 quid
2280 4765 2450 4821 efﬁcis
2473 4772 2532 4819 ut
2556 4765 2685 4834 ipsae
2710 4763 3029 4834 cupiditates
3060 4778 3165 4818 non
3188 4770 3427 4831 surgant,
3455 4778 3586 4834 quas
3611 4764 3716 4821 fre-

2132 4874 2227 4916 nas
2247 4862 2269 4913 ?
2290 4859 2443 4914 Certe
2465 4859 2609 4913 enim
2641 4857 2742 4912 hoc
2781 4856 2862 4910 vis
2880 4898 2894 4920 ,
2925 4868 3029 4909 non
3062 4854 3263 4907 titillari
3292 4852 3536 4908 molestia
3565 4857 3715 4926 cupi-

2132 4953 2351 5006 ditatum
2383 4958 2628 5013 tuarum;
2669 4956 2723 5002 et
2773 4956 2949 5000 tamen
2989 4960 3107 4997 caro
3137 4944 3445 5013 concupiscit
3473 4944 3715 5002 adversus

2132 5044 2365 5114 spiritum
2393 5083 2408 5107 ,
2448 5050 2495 5095 et
2536 5040 2744 5110 spiritus
2769 5038 3004 5089 adversus
3032 5050 3260 5098 carnem,
3292 5044 3344 5087 ut
3378 5051 3478 5089 non
3503 5051 3563 5089 ea
3594 5052 3709 5107 qui:

2135 5136 2303 5199 vultis,
2334 5134 2534 5206 faciatis
2565 5128 2758 5201 (Calat.
2787 5145 2838 5194 v,
2873 5126 2982 5191 Π).
3042 5124 3118 5179 Tu
3151 5125 3200 5177 in
3233 5125 3402 5195 teipso
3436 5141 3540 5180 non
3581 5128 3716 5186 facis

2134 5224 2275 5297 quod
2316 5226 2431 5287 vis;
2462 5222 2599 5276 Deus
2622 5228 2789 5274 autem
2816 5226 2983 5271 noster
3003 5216 3054 5269 in
3081 5217 3205 5269 creto
3234 5225 3279 5267 et
3310 5216 3362 5268 in
3389 5224 3524 5271 terra
3548 5221 3722 5275 omnia

2136 5332 2457 5391 quiscumque
2492 5312 2681 5378 uoluit,
2715 5311 2851 5380 fecit.
2884 5310 2999 5379 Ipse
3029 5307 3118 5361 tibi
3149 5305 3239 5361 det
3281 5307 3507 5377 gratiam
3536 5351 3552 5376 ,
3583 5320 3640 5365 ut
3665 5312 3720 5367 in

2139 5413 2308 5480 teipso
2335 5407 2496 5461 facias
2521 5401 2663 5474 quod
2692 5402 2807 5465 vis;
2842 5400 2940 5454 nisi
2967 5399 3106 5453 enim
3140 5397 3256 5468 ipso
3282 5398 3586 5469 adjuvante,
3619 5416 3720 5458 nec

2138 5507 2192 5557 in
2220 5512 2271 5556 te
2300 5499 2429 5553 facis
2455 5495 2599 5567 quod
2628 5494 2727 5551 vis.
2759 5492 2966 5548 Etenim
2992 5505 3111 5545 cum
3160 5488 3251 5545 ille
3296 5504 3401 5544 non
3433 5488 3634 5546 faceret
3662 5491 3720 5548 in

2205 5638 2219 5666 ι
2243 5633 2408 5684 Plures
2421 5638 2549 5687 Mss,
2568 5626 2829 5692 jubebatur
2851 5621 3161 5692 sacriﬁcium.

2203 5699 2223 5728 ²
2244 5678 2691 5757 'sicplerique'slss;
2719 5696 2772 5738 At
2805 5687 2947 5736 de.:
2979 5678 3141 5749 'Neque
3178 5687 3327 5748 potest
3356 5678 3607 5747 quisquam
3638 5684 3719 5738 ἀι.

2208 5795 2437 5882 ίνλΙὶιιιιοι
2466 5825 2594 5875 Mss,
2617 5812 2823 5864 auditor.

2208 5884 2229 5915 δ
2250 5885 2321 5931 sic
2338 5869 2439 5929 Iam.
2466 5886 2515 5929 et
2532 5869 2639 5927 Mes.
2659 5884 2711 5925 Αι
2732 5883 2802 5924 Er.
2826 5882 2876 5923 et
2898 5880 3025 5931 I.ov.,
3050 5869 3272 5933 conﬁtere
3327 5876 3378 5920 ct
3393 5869 3533 5933 infra,
3554 5872 3716 5922 crede.
