4160 6468
433 349 575 407 1739

433 463 567 535 gat?
609 460 748 515 Alibi
790 460 1042 528 scriptum
1070 465 1188 512 est:
1238 454 1303 509 in
1333 454 1715 525 cogitationibus
1741 450 1883 520 impii
1928 452 2011 504 in.

436 547 708 617 terrogatio
756 544 848 597 erit
894 542 1047 612 (Sap.
1078 558 1113 607 t,
1137 542 1213 612 9).
1246 540 1404 609 Ergo,
1432 549 1479 593 et
1499 540 1550 592 in
1571 536 1797 591 omnibus
1825 536 2015 607 abyssis

434 641 606 695 omnia
634 650 955 707 quietumque
973 634 1150 696 voluit,
1176 633 1311 702 fecit.
1340 631 1495 686 Latet
1523 645 1616 686 cor
1646 630 1863 695 bonum,
1888 629 2017 682 latet

432 745 532 788 cor
562 731 752 783 malum
779 745 792 793 ;
822 728 1047 797 abyssus
1075 735 1155 779 est
1181 724 1306 780 etin
1330 723 1491 778 corde
1516 723 1676 787 lieno,
1705 732 1758 776 et
1779 722 1830 775 in
1855 720 2016 776 corde

433 823 579 879 malo
602 839 615 875 :
643 821 734 875 sed
764 820 877 873 hzec
907 819 1042 873 nuda
1061 828 1183 873 sunt
1209 818 1337 879 Deo,
1365 832 1522 888 quem
1551 815 1681 869 nihil
1708 816 1853 869 latet.
1877 811 2017 868 Con-

434 919 643 973 Solatur
686 931 779 969 cor
809 915 1030 979 bonum,
1066 921 1277 982 torquet
1304 928 1400 966 cor
1428 912 1644 966 malum.
1677 909 1861 964 Omnia
1888 920 2016 980 ergo

429 1029 547 1083 qua:
572 1013 748 1076 rolnit,
773 1010 891 1080 fecit
912 1010 963 1063 in
992 1008 1114 1064 ccelo
1144 1016 1188 1063 et
1213 1008 1266 1062 in
1289 1017 1442 1072 terra,
1470 1007 1525 1061 in
1554 1006 1683 1059 mari
1702 1016 1747 1060 et
1768 1005 1821 1058 in
1849 1002 2011 1059 omni-

429 1105 525 1157 bus
550 1103 759 1171 nbyssis.

508 1196 591 1249 l7.
646 1193 794 1265 litera.
828 1191 907 1264 7.]
953 1191 1216 1247 Suscitans
1271 1190 1424 1244 nubes
1473 1189 1534 1243 ab
1574 1198 1794 1243 extremo
1848 1196 2012 1243 terrae.

431 1289 574 1355 Quas
621 1287 829 1340 nubes?
868 1285 1245 1340 Praedicatores
1287 1283 1434 1338 verbi
1476 1281 1718 1337 veritatis
1762 1292 1892 1336 sure.
1942 1280 2014 1336 De

432 1383 626 1452 quibus
673 1380 900 1435 nubibus
945 1380 1049 1433 alio
1091 1379 1208 1434 loco
1252 1378 1489 1433 irascens
1513 1377 1681 1430 vinea:
1709 1390 1818 1429 suae.
1844 1375 2010 1438 dicit,

434 1475 691 1530 Maudabo
741 1474 952 1527 nubibus
986 1473 1111 1526 meis
1154 1488 1216 1524 ne
1242 1472 1419 1541 pluant
1446 1485 1597 1538 super
1629 1468 1771 1522 illam
1806 1466 2016 1520 imbrem

430 1567 585 1634 (Isai.
618 1582 673 1631 v,
700 1565 776 1634 6).
812 1565 873 1618 Et
905 1579 1087 1632 parum
1112 1571 1194 1616 est
1216 1562 1478 1617 excitasse
1513 1560 1680 1614 nubes
1705 1559 1773 1613 de
1795 1558 2011 1613 Jerusa-

430 1659 533 1713 lem
562 1658 642 1711 vel
675 1658 741 1711 de
784 1656 940 1710 lsrael
966 1696 981 1720 ,
1026 1669 1157 1721 quas
1185 1653 1328 1707 misit
1352 1651 1640 1720 praedicare
1668 1650 2012 1717 Evangelium

431 1766 585 1805 suum
618 1752 669 1805 in
705 1760 817 1804 toto
843 1748 972 1801 orbe
1004 1756 1297 1810 terrarum;
1332 1744 1397 1800 de
1435 1744 1627 1815 quibus
1664 1742 1891 1797 nubibus
1936 1742 2014 1796 di-

432 1852 574 1898 ctum
606 1852 708 1907 est,
759 1839 824 1894 In
855 1855 1051 1894 ontnem
1082 1848 1267 1891 terram
1293 1838 1441 1890 exivit
1467 1851 1621 1889 sonus
1650 1848 1820 1888 eorum
1847 1874 1861 1899 ,
1891 1844 1936 1886 et
1962 1834 2012 1887 in

434 1936 557 2004 ﬁnes
581 1934 715 1988 orbis
742 1942 891 1986 teme
931 1930 1080 1986 verba
1106 1945 1276 1983 eorum
1308 1928 1476 2000 (Psal.
1509 1943 1636 1982 xvnt
1656 1969 1670 1993 ,
1704 1927 1759 2000 5)
1787 1943 1800 1991 ;
1828 1942 2012 1997 parum

431 2037 511 2081 est
540 2027 641 2080 hoc
665 2044 677 2079 τ
709 2024 800 2080 sed
823 2025 939 2094 quia
969 2024 1083 2092 ipse
1110 2021 1366 2077 Dominus
1391 2020 1498 2083 ait,
1530 2018 1896 2074 Prtedicabitur
1922 2019 2014 2071 hoc

431 2117 759 2187 Evangelium
786 2115 925 2185 regni
954 2115 1005 2167 in
1035 2122 1138 2168 toto
1160 2112 1278 2165 orbe
1306 2120 1553 2164 terrarum
1571 2152 1582 2173 ,
1600 2112 1652 2163 in
1679 2111 2015 2164 testimonium

432 2212 659 2263 omnibus
676 2208 923 2279 gentibus,
942 2216 986 2259 et
1004 2217 1123 2259 tunc
1145 2207 1302 2258 veniet
1319 2203 1437 2272 linis
1454 2202 1666 2270 (Matth.
1685 2190 1837 2265 xxiv,
1872 2202 1962 2271 14')
1996 2218 2011 2268 ;

431 2304 623 2357 excitat
645 2301 811 2355 nubes
836 2300 902 2353 ab
930 2309 1173 2354 extremo
1192 2306 1367 2350 terrm.
1385 2295 1516 2350 Nam
1538 2302 1811 2349 crescente
1838 2294 2013 2347 Evan-

430 2396 567 2464 gelio
597 2437 611 2460 ,
666 2393 809 2447 unde
844 2401 1000 2448 erunt
1031 2389 1409 2457 prmdicatores
1441 2387 1707 2457 Evangelii
1739 2388 1789 2441 in
1822 2386 2015 2442 ﬁnibus

432 2497 584 2541 ten-ce
609 2529 624 2552 ,
659 2487 757 2540 nisi
789 2485 859 2539 ibi
888 2484 1089 2540 excitet
1116 2484 1287 2537 nubes
1316 2482 1383 2535 ab
1412 2489 1653 2535 extremo
1692 2480 1892 2534 terrm?
1943 2480 2015 2534 De

430 2580 555 2649 ipsis
584 2587 760 2632 autem
791 2577 1017 2632 nubibus
1047 2576 1171 2646 quid
1214 2583 1468 2644 operatur
1494 2573 1516 2627 ?
1564 2571 1794 2643 Fulgura
1814 2572 1865 2625 in
1897 2572 2015 2639 plu-

429 2675 558 2727 viam
590 2674 706 2742 fecit
732 2689 750 2726 :
774 2670 942 2725 minas
970 2670 1034 2726 ad
1067 2669 1487 2724 misericordiam
1514 2665 1679 2732 ﬂexit,
1703 2665 1770 2721 de
1801 2665 2015 2720 terrori-

431 2766 526 2820 bus
544 2766 699 2836 irriga
708 2766 799 2821 vit.
816 2763 1093 2832 Quomodo
1109 2762 1140 2816 d
1153 2778 1184 2817 e
1200 2761 1493 2815 terroribus
1512 2760 1663 2825 irriga
1672 2760 1743 2813 vit
1756 2758 1779 2811 ?
1793 2756 2016 2826 Quando

430 2858 521 2911 tibi
553 2858 783 2911 minatur
823 2855 961 2913 Deus
998 2850 1094 2923 per
1122 2854 1437 2923 prophetam
1471 2859 1524 2904 et
1549 2866 1643 2919 per
1671 2850 1968 2919 apostolum
1998 2876 2012 2914 ,

430 2959 481 3004 et
513 2950 665 3003 times
695 2965 709 3012 ;
744 2963 917 3003 nonne
954 2946 1250 3001 coruscatio
1281 2943 1470 2998 terruit
1499 2942 1587 2997 te?
1617 2941 1720 2997 Sed
1747 2956 1865 2995 cum
1898 2955 2014 3010 pae-

430 3040 648 3095 nitendo
673 3040 975 3108 corrige-ris,
1004 3049 1057 3092 et
1084 3037 1330 3107 agnoscis
1359 3035 1461 3088 hoc
1487 3033 1850 3088 misericordia
1879 3032 2012 3099 fieri,

434 3132 487 3187 in
529 3132 761 3202 pluviam
793 3131 1014 3184 vertitur
1046 3128 1266 3198 fulguris
1310 3136 1501 3181 terror.
1533 3126 1630 3192 Qui
1655 3126 1819 3178 educit
1850 3134 2017 3178 ventos

430 3226 493 3277 de
523 3225 768 3279 thesauris
796 3225 919 3278 suis.
955 3222 1180 3277 Eosdem
1212 3231 1343 3291 puto
1364 3220 1739 3289 prmdieatores
1764 3229 1818 3271 et
1847 3219 2017 3272 nubes

432 3329 483 3372 et
527 3328 748 3370 ventos:
800 3316 967 3370 nubes
989 3359 1003 3381 ,
1039 3323 1253 3385 propter
1286 3329 1537 3376 carnem;
1581 3321 1767 3367 ventos
1802 3312 2018 3380 propter

431 3418 694 3485 spiritum.
719 3414 897 3469 Nubes
936 3416 1074 3467 enim
1113 3412 1398 3477 videntur,
1451 3410 1591 3465 venti
1638 3410 1937 3465 Sentittntur
1964 3418 2017 3463 et

432 3525 535 3564 non
565 3508 824 3562 videntur.
856 3507 1088 3575 Denique
1115 3506 1366 3576 quoniam
1396 3517 1608 3558 carnem
1629 3502 1872 3556 videmus
1897 3515 2017 3557 esse

432 3600 498 3654 de
530 3611 687 3654 terra.
719 3597 918 3662 Nubes,
958 3597 1145 3665 inquit,
1171 3597 1357 3649 excitat
1383 3597 1445 3648 ab
1474 3604 1693 3648 extremo
1715 3603 1877 3647 terrae.
1904 3592 2012 3647 Εῑη

431 3702 699 3765 presserat
739 3691 876 3745 unde
914 3691 1107 3745 excitet
1138 3690 1310 3743 nubes
1337 3707 1351 3743 :
1380 3689 1523 3742 venit
1547 3688 1610 3741 ad
1641 3696 1829 3741 ventos
1850 3728 1862 3748 ,
1895 3686 2015 3756 quia

429 3786 647 3853 spiritus
687 3782 913 3836 hominis
942 3782 1213 3851 ignoratur
1259 3781 1399 3835 unde
1427 3779 1644 3834 veniat:
1678 3777 1975 3833 Prodttcens
1999 3820 2012 3842 ,

432 3876 641 3946 inquit,
692 3884 859 3927 sentos
902 3874 965 3927 de
1008 3876 1258 3928 thesauris
1282 3874 1405 3929 suis.
1438 3872 1714 3927 Paululum
1736 3870 2010 3936 attendite,

432 3979 484 4024 et
512 3978 703 4023 cetera
735 3968 1026 4022 videamus.

508 4060 585 4116 l8.
622 4058 770 4132 [θεῖε.
800 4057 879 4131 8.]
926 4058 1027 4123 Qui
1073 4059 1317 4127 percussit
1356 4056 1684 4129 primogenita
1712 4055 1927 4127 Egypti
1953 4056 2016 4109 ab

434 4153 633 4205 homine
666 4168 821 4221 usque
845 4151 912 4203 ad
948 4166 1119 4221 pecus.
1150 4150 1506 4219 Pritnogenita
1532 4159 1710 4203 nostra
1740 4149 1883 4201 salva
1909 4148 2014 4203 sint

434 4243 682 4306 Domino,
714 4243 963 4313 quoniam
993 4244 1108 4309 ipse
1134 4257 1194 4296 ea
1221 4242 1364 4296 dedit
1388 4242 1562 4295 nobis.
1594 4235 1809 4295 Molesta
1836 4250 2013 4295 amem

432 4350 588 4406 pmua
628 4344 734 4401 est,
769 4342 824 4388 et
861 4334 1080 4387 nimium
1110 4332 1358 4387 terribilis
1385 4332 1555 4402 plaga,
1587 4347 1729 4386 mors
1753 4332 2015 4401 primoge-

433 4431 685 4483 nitorum.
734 4428 864 4495 Quae
907 4436 1033 4481 sunt
1078 4426 1421 4496 primogenita
1471 4426 1690 4481 nostra?
1730 4425 1900 4480 Mores
1931 4426 2016 4481 isti

432 4519 623 4582 nostri,
646 4517 835 4587 quibus
861 4531 1004 4571 nunc
1034 4516 1295 4571 servimus
1321 4517 1449 4581 Deo,
1474 4517 1583 4586 ipsa
1611 4528 1733 4571 sunt
1757 4517 2018 4586 primoge-

434 4611 542 4666 nita
589 4620 791 4663 nostra.
833 4608 1100 4662 Primitias
1136 4608 1281 4663 enim
1322 4608 1578 4662 habemus
1622 4609 1788 4677 ipsam
1838 4606 2015 4673 ﬁdem,

434 4703 577 4758 umle
617 4702 916 4769 incipiI'nus.
951 4700 1205 4754 Ecclesire
1235 4701 1430 4769 quippe
1454 4700 1651 4753 dictum
1680 4708 1778 4762 est,
1817 4697 2015 4764 Venies,

437 4803 481 4847 et
505 4791 809 4861 pertransies
837 4790 898 4844 ab
933 4791 1075 4843 initio
1104 4790 1224 4858 ﬁdei
1253 4787 1438 4861 (Cant.
1468 4803 1543 4855 tv,-
1572 4789 1624 4854 8,
1651 4804 1750 4843 sec.
1784 4788 1921 4843 LXX
1947 4789 1964 4857 )
2001 4806 2013 4842 :

436 4894 489 4940 et
528 4900 684 4938 nemo
726 4885 910 4953 incipit
956 4884 1088 4937 bene
1128 4883 1326 4943 vivere.
1358 4882 1458 4936 nisi
1484 4894 1513 4936 a
1542 4881 1663 4936 ftde.
1706 4882 1864 4936 Fides
1892 4897 2018 4951 ergo

436 4977 693 5031 nostrain
725 4976 1090 5046 primogenitis
1112 4975 1305 5028 nostris
1329 4982 1430 5029 est.
1470 4973 1692 5041 Quando
1724 4973 2020 5028 custoditur

437 5069 570 5124 iides
593 5078 793 5134 nostra,
819 5080 1008 5123 camera
1031 5068 1283 5136 subsequi
1310 5076 1548 5135 possunt.
1580 5064 1711 5119 Nam
1737 5065 1874 5133 quod
1899 5081 2020 5134 pur-

435 5172 629 5230 gantur
664 5159 906 5213 homines
928 5157 1162 5227 quotidie
1194 5155 1515 5225 proliciendo
1545 5156 1595 5208 in
1634 5156 1821 5209 melius
1841 5195 1856 5221 ,
1905 5170 2017 5209 me-

437 5250 647 5316 }iusque
676 5249 920 5313 vivendo,
957 5251 1070 5319 ipso
1112 5248 1365 5304 interiore
1403 5248 1617 5301 homine
1662 5258 1916 5301 renovato
1954 5247 2021 5302 de

438 5340 524 5397 die
550 5341 600 5394 in
628 5341 789 5399 diem.
821 5341 959 5395 sicut
979 5340 1103 5394 dicit
1128 5339 1431 5407 Apostolus,
1457 5337 1523 5391 Et
1552 5339 1596 5391 si
1617 5340 1831 5392 exterior
1857 5350 2021 5392 noster

438 5433 586 5486 homo
616 5431 975 5500 corrumpitur,
1000 5430 1087 5483 sed
1108 5430 1312 5483 interior
1338 5439 1604 5483 renovatur
1625 5429 1686 5481 de
1710 5429 1791 5481 die
1810 5431 1859 5482 in
1890 5431 2019 5482 diem

438 5524 502 5594 (ll
527 5524 644 5578 Cor.
670 5539 743 5589 tv,
763 5522 884 5593 l6);
915 5523 1033 5577 ideo
1061 5522 1249 5593 iitquia
1269 5521 1612 5593 primogenita
1634 5520 1764 5575 fides
1789 5522 1931 5585 vivit,
1958 5522 2021 5573 de

436 5631 538 5686 qua
570 5614 919 5683 primogenita
949 5613 1050 5667 iide
1084 5622 1137 5667 et
1168 5614 1450 5681 Apostolus
1472 5617 1564 5675 ait,
1596 5610 1716 5664 Non
1739 5613 1899 5666 solum
1925 5629 2018 5663 au-

438 5718 555 5770 tem,
588 5707 675 5761 sed
701 5715 749 5760 et
776 5723 868 5761 nos
894 5706 993 5776 ipsi
1021 5706 1269 5775 primitias
1296 5707 1502 5776 spiritus
1528 5706 1794 5771 habentes;
1838 5704 1886 5758 id
1917 5715 2017 5768 est,

436 5799 629 5857 dantes
671 5798 782 5871 jam
825 5799 937 5856 Deo
982 5799 1238 5869 primitias
1274 5798 1487 5877 spiritus
1527 5799 1711 5866 nostri,
1759 5800 1858 5853 hoc
1903 5806 2015 5863 est,

1465 334 1857 395 ENARRATIO
1896 338 1959 393 lN
1999 322 2320 396 ιθεΑιΜυιι
2359 340 2641 397 cxxxnv.

3567 350 3705 407 1750

2125 453 2292 523 ipsam
2332 455 2486 510 fidem
2521 467 2768 527 tanquam
2810 459 3155 529 primogenita
3196 471 3403 528 nostra;
3450 474 3613 518 tamen
3652 465 3705 522 in

2126 546 2489 615 nobismetipsis
2535 549 2937 618 ingemiscitnus,
2976 550 3299 621 adoptionem
3340 552 3702 628 exspectantes,

2120 640 2514 723 redemptionem
2540 642 2762 713 corporis
2790 644 2949 697 nostri
2978 644 2996 710 (
3014 642 3163 698 Rom.
3188 652 3298 711 vin,
3326 645 3399 702 25
3422 648 3459 718 ).
3498 647 3553 702 Si
3578 654 3706 721 ergo

2122 745 2311 800 magna
2354 724 2446 787 Do'i
2492 735 2658 805 gratia
2700 742 2783 790 est
2829 745 2888 791 ut
2932 749 3276 793 conservetur
3314 739 3444 795 fides
3485 753 3701 810 nostra;

2123 828 2312 893 magna
2345 830 2497 893 p’tena
2526 828 2607 879 est
2628 827 2867 882 occidere
2892 828 3258 899 primogenita,
3288 830 3500 902 quando
3534 835 3706 891 banti-

2123 924 2218 971 nes
2255 918 2305 970 in
2336 917 2621 974 afflictione
2661 919 2910 977 Ecclesim
2950 925 3218 978 rot‘tstituti
3266 926 3492 994 perdunt
3523 926 3701 983 fidem.

2122 1008 2375 1078 Aliiigunt
2414 1012 2553 1065 enim
2593 1010 2905 1074 Ecclesiam,
2932 1023 2985 1067 ut
3020 1016 3242 1083 perdant
3269 1016 3425 1072 fidem
3455 1038 3469 1073 :
3499 1036 3622 1075 nam
3649 1031 3706 1077 et

2120 1103 2232 1174 ipsa
2264 1104 2529 1177 Egyptus‘
2547 1104 2763 1161 afflictio
2791 1107 3187 1177 interpretatur.
3225 1110 3554 1182 Quicumque
3575 1130 3702 1185 ergo

2120 1196 2357 1265 affligunt
2404 1199 2728 1262 Ecclesia‘m,
2781 1200 3099 1271 quicumque
3156 1202 3398 1257 scandala
3447 1202 3701 1263 Ecclesia:

2120 1288 2430 1356 immittunt,
2463 1293 2560 1343 etsi
2582 1290 2851 1345 christiani
2882 1293 3233 1362 appellentur,
3268 1295 3564 1350 moriuntur
3590 1300 3701 1369 pri-

2119 1382 2383 1450 mogenita
2426 1398 2631 1436 eorum.
2677 1380 2851 1438 Erunt
2889 1383 3149 1451 infideles,
3182 1392 3338 1441 erunt
3376 1387 3578 1452 inanes,
3614 1391 3706 1444 ba-

2118 1474 2306 1530 bentes
2348 1480 2539 1529 nomen
2588 1485 2786 1530 tantum
2834 1486 2887 1531 et
2931 1479 3138 1546 signum
3173 1497 3186 1533 :
3222 1479 3271 1533 in
3318 1479 3478 1535 corde
3525 1490 3703 1539 autem

2120 1568 2523 1638 primogenitum
2578 1585 2729 1621 suum
2784 1570 3148 1636 sepelierunt;
3204 1574 3373 1641 usque
3422 1571 3595 1636 adeo,
3646 1580 3704 1629 ut

2118 1661 2331 1729 quando
2358 1661 2403 1713 ei
2435 1661 2629 1729 aliquid
2656 1660 2873 1727 dixeris,
2903 1671 3118 1730 propter
3141 1644 3331 1715 bonam
3363 1661 3540 1727 vitam,
3581 1678 3703 1733 pro-

2120 1764 2237 1824 pter
2282 1770 2429 1823 spem
2474 1754 2595 1807 vitm
2642 1762 2875 1815 (elerum,
2923 1762 2977 1807 et
3020 1765 3235 1824 propter
3280 1756 3520 1810 timorem
3566 1757 3699 1827 ignis

2120 1845 2325 1905 aeterni,
2357 1843 2497 1914 apud
2539 1848 2596 1898 Se
2625 1845 2944 1907 subsannet;
2978 1854 3069 1898 aut
3100 1847 3145 1898 Si
3178 1844 3294 1899 talis
3322 1856 3400 1900 cst
3424 1854 3480 1900 ut
3508 1849 3699 1903 audeat

2119 1951 2297 1992 Coram
2327 1946 2396 1998 te,
2428 1942 2488 1991 os
2520 1944 2760 2006 torqueat
2788 1946 2839 1991 et
2864 1936 3004 1990 dicat
3035 1954 3047 1989 :
3077 1938 3206 2004 Quis
3237 1937 3341 1993 Ιιιιυ
3369 1939 3492 1994 inde
3518 1955 3703 1995 rever-

2118 2046 2209 2086 sus
2226 2031 2342 2085 est?
2365 2029 2544 2085 dicunt
2575 2031 2673 2083 sibi
2705 2031 2946 2085 homines
2968 2030 3106 2100 quod
3132 2032 3329 2085 volunt.
3362 2032 3428 2086 Et
3452 2032 3700 2088 christia-

2119 2137 2219 2177 nus
2241 2132 2357 2187 est;
2406 2121 2497 2175 sed
2535 2123 2654 2191 quia
2690 2122 2947 2192 afﬂigens,
2975 2123 3181 2177 oecisus
3212 2128 3292 2178 est
3319 2124 3703 2194 primogenitus

2119 2215 2254 2284 ejus,
2280 2223 2485 2268 mortua
2510 2223 2591 2269 est
2619 2213 2749 2267 fides
2771 2213 2885 2283 ejus
2914 2232 2924 2266 :
2950 2225 3000 2267 et
3028 2213 3128 2267 hoc
3151 2213 3212 2267 ab
3239 2214 3438 2267 homine
3458 2230 3614 2285 usque
3633 2217 3702 2269 ad

2120 2322 2289 2376 pecus.
2323 2305 2525 2370 Dicam,
2561 2305 2770 2370 fratres,
2795 2305 2935 2374 quod
2962 2306 3151 2359 Sentio.
3188 2306 3440 2361 Homines
3463 2308 3698 2377 intelligo

2119 2400 2462 2470 spiritualiter
2488 2396 2770 2469 significari
2798 2408 3045 2467 tanquam
3072 2398 3275 2463 doctos,
3307 2408 3522 2469 propter
3540 2401 3704 2456 ratio-

2120 2493 2293 2547 nalem
2331 2492 2582 2556 animam,
2615 2490 2757 2560 quod
2795 2498 2876 2546 cst
2921 2491 3080 2545 homo
3110 2510 3121 2543 :
3150 2506 3340 2561 pecora
3371 2506 3519 2556 vero,
3550 2492 3702 2547 indo-

2118 2590 2266 2649 ctos;
2306 2583 2396 2638 sed
2438 2593 2613 2639 tamen
2656 2582 2910 2637 habentes
2936 2582 3115 2645 fidem,
3151 2597 3270 2637 nam
3301 2596 3404 2637 non
3446 2584 3703 2638 baberent

2120 2678 2489 2750 primogenita.
2519 2674 2652 2732 Sunt
2675 2677 2815 2730 docti
2845 2677 2931 2746 qui
2953 2674 3191 2746 affligunt
3216 2675 3527 2739 Ecclesiam,
3559 2675 3700 2730 sebi-

2120 2783 2287 2827 smata
2326 2781 2377 2825 et
2407 2768 2635 2825 luereses
2662 2768 2923 2825 faciendo.
2960 2769 3187 2823 Proinde
3219 2784 3315 2822 nec
3343 2768 3395 2823 in
3424 2768 3527 2822 illis
3549 2769 3703 2821 inveé

2119 2866 2202 2919 nis
2242 2864 2419 2928 ﬁdem,
2450 2863 2699 2933 quoniam
2729 2862 2845 2917 facti
2879 2862 3002 2915 sont
3027 2860 3310 2931 Egyptt‘ts,
3343 2861 3394 2913 id
3435 2868 3515 2913 est
3563 2859 3703 2914 afﬁi4

2118 2957 2224 3010 (διῖο
2272 2955 2467 3025 populo
2516 2954 2628 3009 Dei.
2676 2953 2858 3008 Occisa
2900 2964 3023 3007 sunt
3076 2953 3422 3023 primogenita
3468 2968 3697 3006 eorum:

2119 3049 2333 3105 trahunt
2362 3059 2477 3117 post
2499 3056 2555 3103 se
2586 3048 2765 3101 turbas
2790 3046 3060 3112 indoctus;
3104 3048 3213 3115 ipsa
3252 3056 3374 3100 Sunt
3402 3061 3611 3116 pecora.
3645 3046 3701 3103 In

2121 3142 2219 3196 hac
2245 3155 2372 3209 ergo
2397 3140 2681 3194 afflictione
2708 3155 2806 3208 qua
2840 3138 3071 3193 Ecclesia
3095 3139 3365 3206 afﬂigitur,
3394 3140 3617 3192 moritur
3644 3139 3700 3193 in

2119 3231 2475 3302 afﬂigentibus
2506 3231 2635 3286 fides
2664 3249 2674 3283 :
2703 3229 3002 3285 moriuntur
3044 3230 3391 3299 primogenita
3413 3240 3465 3283 et
3493 3230 3543 3281 in
3572 3230 3701 3299 ipsis

2118 3324 2289 3379 doctis
2342 3332 2395 3378 et.
2441 3323 2694 3389 indoctis;
2747 3324 2866 3391 quia
2914 3321 3107 3377 occidit
3163 3324 3299 3377 Deus
3354 3324 3701 3393 primogenita

2120 3414 2491 3486 Egyptiorum
2524 3413 2584 3468 ab
2610 3415 2810 3467 homine
2830 3414 2983 3482 usque
3006 3414 3073 3466 ad
3100 3422 3269 3484 pecus.

2192 3507 2277 3563 19.
2310 3506 2457 3581 [vers.
2491 3506 2570 3581 9.]
2598 3506 2817 3560 Iunnisit
2844 3507 2987 3577 signa
3014 3514 3059 3560 et
3084 3507 3316 3576 prodigia
3345 3505 3395 3559 in
3422 3505 3585 3559 medio
3607 3507 3696 3573 tui,

2120 3600 2369 3673 ﬂgypte,
2394 3600 2445 3655 in
2477 3599 2745 3654 Pharaone
2767 3609 2814 3654 et
2831 3601 2880 3652 in
2909 3597 3137 3653 omnibus
3161 3599 3313 3652 s'ervis
3337 3600 3465 3669 ejus.
3496 3598 3702 3652 Pharao

2119 3711 2211 3749 rex
2243 3694 2631 3765 Egyptiorum.
2662 3690 2863 3746 Nomen
2904 3687 3179 3752 attendite,
3227 3698 3279 3743 et
3314 3689 3489 3742 videte
3516 3703 3705 3758 quem-

2117 3786 2404 3841 admodum
2447 3786 2543 3841 iSta
2582 3784 2735 3839 faciat
2776 3784 2934 3837 Deus.
2978 3782 3090 3836 Rex
3121 3782 3172 3835 in
3203 3781 3345 3834 omni
3373 3790 3529 3850 gente
3561 3781 3704 3847 prior

2118 3892 2231 3946 est;
2258 3879 2519 3952 {Egyptns
2541 3878 2771 3933 Afflictio
2793 3887 2893 3941 est,
2916 3874 3120 3930 Pharao
3144 3874 3448 3941 Dissipatio.
3469 3871 3701 3925 Afﬂictio

2118 3988 2244 4041 ergo
2289 3988 2464 4040 regem
2511 3970 2667 4023 habet
2711 3967 3141 4037 di‘Ssipati‘onem;
3189 3964 3309 4034 quia
3339 3962 3411 4016 illi
3440 3965 3527 4032 qui
3563 3961 3703 4015 afﬂi-

2118 4072 2248 4134 gunt
2277 4058 2589 4123 Ecclesium,
2619 4058 2859 4127 dissipati
2888 4052 3145 4125 amigunt.
3177 4054 3247 4111 Ut
3267 4054 3409 4109 enim
3438 4051 3697 4123 affligant,

2118 4155 2443 4223 dissipantur
2478 4169 2490 4205 :
2520 4151 2769 4221 quoniam
2815 4146 2907 4204 rex
2948 4147 3111 4209 ducit,
3156 4146 3381 4217 populus
3424 4144 3700 4215 sequitur;

2120 4244 2373 4318 praecedit
2400 4242 2695 4312 dissipatio,
2726 4240 2965 4310 Sequitur
2991 4238 3226 4301 afﬂictio,
3258 4237 3484 4301 Audite,
3528 4234 3704 4290 audite

2119 4340 2331 4395 nomina
2356 4336 2485 4399 inec,
2513 4328 2949 4404 interpretatione
2976 4334 3149 4403 typ‘ca
3172 4331 3189 4362 ί
3224 4337 3275 4385 et
3299 4327 3560 4399 sapientia
3589 4328 3703 4396 ple-

2120 4447 2186 4486 na
2218 4449 2229 4484 :
2262 4445 2359 4485 nec
2395 4444 2555 4482 unum
2598 4425 2801 4481 invenis
2824 4440 2887 4480 ex
2915 4424 3027 4478 istis
3058 4422 3378 4486 nominibus,
3409 4418 3546 4491 quod
3579 4419 3703 4474 boni

2120 4521 2317 4593 aliquid
2361 4522 2755 4590 interpretetur,
2784 4518 2871 4573 ubi
2917 4515 3155 4571 exercuit
3195 4515 3334 4569 Deus
3370 4514 3500 4567 iram
3531 4524 3702 4565 suam.

2190 4619 2280 4673 20.
2310 4614 2460 4689 [vers.
2488 4615 2574 4679 10,
2602 4611 2713 4688 Η.]
2744 4610 3001 4666 Percussit
3026 4619 3196 4681 gentes
3215 4608 3418 4671 multas,
3449 4616 3495 4659 et
3524 4605 3708 4658 occidit

2120 4724 2259 4780 rcges
2289 4714 2461 4779 fortes.
2514 4706 2603 4759 Dic
2628 4716 2762 4776 quos
2790 4716 2943 4774 reges
2965 4711 3016 4756 et
3048 4714 3179 4771 quas
3208 4697 3427 4768 gentes?
3460 4694 3597 4751 Seon
3622 4706 3704 4749 re-

2121 4821 2231 4875 gem
2260 4800 2683 4855 Amorrhworunt.
2717 4797 2906 4851 Audite
2934 4795 3141 4848 nemina
3166 4790 3379 4860 gravida
3401 4800 3706 4841 sacramen-

2124 4895 2209 4948 tis.
2244 4891 2378 4947 Seon
2407 4906 2593 4963 regem,
2625 4889 2811 4958 inquit,
2832 4882 3239 4940 Amorrhttorum‘
3264 4879 3474 4934 occidit.
3500 4877 3707 4934 Occidit

2123 4986 2313 5057 plane;
2346 4994 2397 5037 et
2425 4998 2563 5036 nunc
2586 4980 2793 5034 occidat
2818 4995 2846 5032 a
2877 4975 3127 5031 cordibus
3156 4986 3430 5026 servorum
3463 4985 3705 5039 suorum,

2123 5088 2177 5133 et
2203 5094 2229 5131 a
2265 5074 2641 5131 tentationibus
2690 5068 2943 5125 Ecclesim
2979 5080 3121 5130 suae,
3162 5078 3258 5119 nec
3301 5072 3474 5117 cesset
3517 5076 3706 5116 manus

2123 5172 2238 5239 ejus
2279 5171 2331 5223 in
2376 5164 2681 5221 occidendis
2720 5162 2911 5214 talibtis
2960 5157 3179 5227 regibus
3214 5165 3267 5211 et
3310 5156 3503 5210 talibus
3534 5170 3705 5224 popu-

2124 5264 2187 5319 lis
2222 5282 2234 5317 :
2266 5264 2644 5330 interpretatur
2677 5260 2815 5311 enim
2859 5253 2997 5309 Seon
3022 5296 3035 5319 ,
3078 5252 3319 5307 Tentatio
3353 5252 3707 5316 oculorum';

2126 5354 2423 5413 Amorrlnei
2456 5354 2892 5419 interpretantur,
2927 5346 3315 5399 Amarieantes.
3358 5341 3473 5399 Jam
3517 5338 3603 5396 hic
3627 5340 3710 5394 vl-

2125 5454 2247 5507 dcte
2291 5451 2332 5503 si
2373 5446 2666 5515 intelligere
2711 5454 2997 5513 possumus
3050 5440 3321 5510 quomodo
3358 5436 3709 5492 mnaricantes

2193 5608 2815 5677 taliquotaissqmytica.
2937 5669 2946 5677 _
2990 5668 3009 5677 ἢ
3204 5674 3210 5677 _
3286 5672 3293 5677 Α
3346 5658 3349 5661 .
3419 5654 3613 5677 “Mn

2192 5681 2211 5710 ³
2236 5658 2421 5726 nihil;
2754 5673 2830 5720 hic
2865 5678 2915 5718 et
2936 5668 3057 5717 infra
3078 5658 3382 5738 constante}:
3415 5658 3715 5738 ten‘t‘atio‘cg-

2131 5724 2491 5795 loruntit’orr'o,
2523 5724 2651 5785 idem
2685 5745 2862 5795 nomen
2887 5740 3053 5795 [:lostea
3077 5730 3123 5777 in
3142 5727 3266 5795 .l’sal.
3300 5724 3402 5795 135:,
3424 5738 3471 5795 n7.
3490 5725 3542 5795 9,
3566 5726 3716 5775 inter-

2132 5787 2313 5875 pretari
2332 5797 2466 5859 dicit,
2482 5787 2685 5863 germen
2707 5792 2870 5847 inutile
2887 5787 2964 5844 vel
2987 5788 3287 5842 tentatiouem
3311 5787 3559 5840 calentem-
