4160 6508
522 341 651 393 1751

450 469 469 523 ξ
519 469 699 525 regem
731 451 959 506 habeant
983 447 1326 505 tentationem
1366 442 1663 498 oculorum.
1699 438 1948 496 Tentatio
1975 452 2101 492 ocu-

460 541 468 563 ⁷
516 550 692 605 lorum
723 560 827 602 non
848 553 931 600 est
953 542 1053 597 nisi
1078 537 1413 595 mendacium
1442 554 1454 590 :
1482 536 1714 591 colorem
1751 532 1931 599 habet,
1962 531 2107 585 veri-

518 651 681 697 tatem
712 655 817 694 non
844 636 1023 691 habet.
1051 633 1169 689 lam
1195 630 1323 703 quid
1353 631 1545 686 mirum
1577 639 1658 685 est
1684 629 1727 684 si
1750 628 2106 683 amaricantes

518 735 681 790 talem
717 730 945 785 habeant
984 740 1166 797 regem
1188 765 1202 789 ,
1239 722 1553 778 mendacem
1581 722 1796 792 regem?
1819 718 1934 775 Nisi
1961 720 2105 775 enim

446 820 453 855 ’ν
516 824 849 882 mendacium
870 829 924 876 et
943 818 1209 875 simulatio
1230 815 1519 887 praecedat,
1538 829 1643 870 non
1668 822 1793 870 sunt
1816 814 2105 869 amarican-

516 930 597 974 tes
626 918 675 970 in
706 913 977 978 Ecclesia;
1010 911 1133 966 inde
1160 909 1305 965 enim
1344 907 1637 962 amaricant
1660 947 1675 967 ,
1717 906 1837 976 quia
1877 904 2101 974 ﬁngunt.

514 1008 777 1067 Praecedit
810 1006 1032 1061 tentatio
1071 1004 1371 1069 oculorum,
1400 1000 1710 1055 amaricatio
1740 999 1981 1067 sequitur
2011 1014 2025 1050 :
2051 1005 2106 1053 et

513 1106 567 1163 in
595 1106 710 1174 ipso
734 1101 946 1157 diabolo
972 1097 1277 1170 praecessit;
1314 1111 1435 1150 nam
1465 1093 1694 1150 tentatio
1723 1092 1999 1147 oculorum
2022 1098 2106 1146 est

513 1197 655 1270 quod
680 1195 1005 1264 transﬁgurat
1022 1208 1076 1247 se
1094 1190 1225 1245 velut
1243 1190 1476 1261 angelum
1489 1186 1616 1241 lucis
1629 1188 1645 1218 ¹
1668 1185 1731 1257 (ll
1751 1183 1869 1241 Cor.
1896 1201 1965 1249 xl,
1988 1184 2100 1254 14).

515 1289 734 1346 Occidat
780 1300 969 1341 manus
1010 1283 1220 1339 Domini
1264 1290 1319 1337 et
1361 1282 1510 1335 illum
1564 1288 1617 1335 et
1649 1280 1799 1345 illos;
1830 1278 1999 1344 illum,
2033 1293 2103 1334 ne

513 1383 759 1446 inducat;
805 1378 943 1444 illos,
970 1386 1023 1431 ut
1050 1376 1404 1445 corrigantur.
1446 1372 1654 1427 Etenim
1694 1371 1745 1424 in
1784 1384 2103 1440 unoquoque

514 1473 734 1530 homine
760 1470 1017 1524 occiditur
1047 1467 1135 1521 ille
1157 1481 1272 1530 rex,
1306 1464 1519 1536 quando
1546 1463 1763 1518 damnat
1802 1461 2101 1516 simulatio-

513 1582 658 1629 nem,
691 1574 744 1620 et
773 1563 943 1633 diligit
971 1561 1267 1615 veritatem.
1310 1558 1495 1612 Manus
1523 1556 1614 1611 Dei
1644 1570 1750 1610 non
1779 1553 2006 1624 quiescit
2049 1552 2103 1607 id

512 1673 690 1730 agere.
718 1656 849 1712 Nam
879 1651 1323 1726 quemadmodum
1355 1650 1462 1720 egit
1486 1648 1553 1703 ad
1580 1648 1806 1702 litteram
1833 1657 1960 1700 tunc
1983 1686 1998 1710 ,
2026 1644 2103 1699 sic

512 1754 619 1824 agit
645 1766 784 1805 nunc
809 1747 1176 1818 spiritualiter,
1207 1753 1263 1798 ut
1289 1743 1506 1813 impleat
1529 1740 1668 1813 quod
1710 1751 1835 1794 tunc
1873 1737 2104 1808 prophe-

512 1846 618 1901 tice
645 1840 1037 1914 praenuntiavit.
1066 1837 1269 1893 Occidit
1291 1836 1451 1891 etiam
1478 1834 1637 1888 alium
1660 1846 1838 1902 regem
1863 1838 1917 1884 et
1938 1829 2099 1883 alium

510 1936 769 2009 populum
791 1933 906 2001 ejus
934 1949 946 1983 :
978 1928 1045 1983 Et
1078 1926 1157 2000 0g
1178 1944 1343 1999 regem
1372 1924 1565 1981 Basan.
1590 1924 1655 1979 Et
1680 1922 1766 1977 hic
1792 1936 1950 1992 quam
1979 1935 2095 1974 ma-

512 2032 627 2088 lus!
660 2029 737 2099 0g
774 2028 1185 2095 interpretatur,
1215 2018 1502 2075 Conclusio
1534 2034 1546 2070 :
1578 2017 1747 2071 Basan
1786 2014 2103 2082 interpreta-

511 2136 619 2191 tur,
648 2120 920 2177 Confusio.
963 2115 1130 2171 Malus
1154 2122 1238 2169 est
1264 2127 1358 2168 rex
1389 2110 1479 2166 ille
1505 2108 1591 2180 qui
1624 2104 1933 2162 intercludit
1959 2104 2101 2159 viam

509 2218 577 2273 ad
606 2216 791 2270 Deum.
820 2212 933 2267 Hoc
952 2210 1092 2266 enim
1114 2207 1223 2279 agit
1241 2204 1518 2268 diabolus;
1549 2216 1764 2271 semper
1783 2196 2102 2268 opponendo

508 2310 761 2381 ﬁgmenta
805 2320 932 2370 sua,
980 2298 1298 2373 opponendo
1342 2297 1480 2352 idola
1523 2309 1653 2360 sua,
1687 2290 2004 2364 opponendo
2043 2304 2102 2346 se

508 2398 870 2457 necessarium
919 2410 1015 2465 per
1054 2390 1354 2461 arreptitios
1374 2391 1418 2453 ³,
1470 2386 1791 2455 sortilegos,
1835 2395 2097 2453 augures,

508 2492 822 2563 aruSpices,
873 2500 1094 2557 magos,
1144 2496 1294 2537 sacra
1356 2478 1781 2541 daemoniorum,
1832 2472 2103 2529 concludit

507 2589 667 2643 viam.
714 2580 994 2652 Quomodo
1035 2593 1131 2647 per
1171 2574 1441 2631 Christum
1496 2570 1547 2626 id
1587 2570 1780 2640 agitur,
1823 2575 1883 2621 ut
1924 2573 2102 2635 pateat

506 2680 614 2746 via,
642 2693 761 2748 qua:
782 2676 951 2729 fuerat
982 2669 1301 2733 interclusa;
1333 2679 1455 2720 nam
1497 2677 1592 2734 per
1628 2676 1751 2717 eum
1790 2658 2100 2728 redemptus

508 2771 722 2842 quidam
744 2767 892 2831 dicit,
917 2764 986 2818 Et
1002 2765 1052 2817 in
1074 2761 1182 2815 Deo
1199 2776 1308 2814 meo
1331 2757 1677 2829 transgredior
1694 2770 1896 2808 murum
1924 2751 2098 2824 (Psal.

509 2877 639 2922 xvn,
666 2858 757 2930 50)
787 2876 800 2911 :
830 2858 905 2912 sic
934 2854 1176 2910 diabolus
1214 2851 1343 2907 nihil
1378 2850 1519 2905 aliud
1550 2849 1679 2920 agit,
1715 2848 1818 2902 nisi
1847 2856 1905 2901 ut
1930 2847 2099 2900 inter-

509 2954 689 3011 cludat
723 2950 885 3017 viam,
920 2964 986 3003 ne
1012 2946 1262 3002 credatur
1293 2945 1344 2999 in
1376 2943 1563 2998 Deum.
1604 2941 1660 2996 Si
1696 2940 1838 2995 enim
1865 2938 2101 2994 creditur

506 3049 563 3103 in
612 3046 777 3100 Deum
799 3084 812 3108 ,
847 3048 991 3113 patet
1017 3038 1133 3105 via;
1176 3045 1230 3093 et
1257 3037 1371 3106 ipse
1398 3033 1645 3090 Christus
1682 3042 1766 3087 est
1796 3032 1879 3085 via
1906 3030 2096 3099 (Joan.

509 3154 620 3205 XIV,
650 3128 724 3205 6)
751 3152 765 3189 :
796 3133 841 3189 si
881 3140 1059 3186 autem
1101 3143 1207 3183 non
1237 3125 1474 3183 creditur
1505 3125 1557 3178 in
1590 3124 1781 3188 Deum,
1810 3121 2097 3176 interclusa

508 3239 593 3288 est
644 3226 748 3281 via.
790 3222 845 3281 Si
887 3230 1067 3277 autem
1117 3218 1406 3275 interclusa
1459 3215 1651 3279 fuerit,
1685 3214 1807 3284 quia
1839 3227 1945 3267 non
1975 3228 2097 3267 cre-

508 3323 688 3388 ditur;
711 3317 839 3390 quid
862 3322 1047 3381 restat,
1077 3313 1179 3368 nisi
1201 3321 1259 3368 ut
1284 3324 1407 3366 cum
1431 3309 1639 3365 venerit
1658 3308 1747 3378 qui
1774 3322 1881 3361 non
1911 3305 2101 3361 crede-

505 3414 689 3477 batur,
734 3406 1125 3465 confundantur
1165 3403 1256 3475 qui
1308 3416 1412 3457 non
1456 3397 1837 3456 crediderunt?
1882 3396 2099 3465 Quare?

509 3505 644 3574 Quia
665 3502 936 3558 conclusio
956 3497 1227 3571 praecedit,
1252 3504 1308 3551 et
1326 3493 1564 3565 sequitur
1581 3491 1823 3548 confusio
1846 3490 2098 3545 :conclu-

510 3598 592 3653 sio
619 3593 872 3666 prmcedit
898 3601 954 3646 ut
979 3606 1094 3653 rex,
1126 3588 1365 3659 sequitur
1388 3585 1629 3642 confusio
1656 3594 1902 3654 tanquam
1925 3582 2095 3652 plebs.

509 3690 657 3759 Quos
694 3685 855 3742 modo
894 3681 1185 3748 concludit,
1218 3688 1275 3735 ut
1308 3693 1414 3734 non
1456 3677 1677 3733 credant
1713 3676 1765 3731 in
1804 3674 2095 3739 Christum,

511 3782 725 3856 quando
752 3777 1059 3851 apparuerit
1095 3774 1361 3841 Christus,
1390 3786 1578 3828 omnes
1607 3768 2019 3834 confundentur,
2046 3776 2101 3823 et

511 3876 789 3932 traducent
813 3887 906 3927 eos
932 3886 997 3926 ex
1023 3869 1251 3924 adverso
1278 3864 1580 3935 iniquitates
1605 3876 1810 3918 eorum.
1843 3859 1995 3915 Tunc
2021 3858 2102 3913 di-

513 3976 637 4024 cent
663 3964 810 4036 impii
837 3961 1044 4019 conl'usi
1069 3978 1081 4015 :
1115 3958 1251 4025 Quid
1271 3956 1412 4012 nobis
1438 3954 1631 4027 profuit
1658 3952 1892 4024 superbia
1921 3951 1941 4023 (
1966 3950 2097 4020 Sap.

510 4078 564 4127 ν,
597 4059 694 4130 8)?
736 4057 922 4127 Magna
967 4052 1242 4126 mysteria,
1282 4048 1477 4104 fratres
1520 4046 1647 4102 mei.
1691 4043 1976 4115 Dissipatio
2005 4059 2098 4099 rex

509 4150 815 4208 afﬂictionis
836 4149 888 4212 ³;
913 4146 1239 4215 dissipantur
1263 4151 1322 4197 ut
1348 4139 1671 4211 affligantur.
1697 4137 1882 4206 Magna
1909 4143 2102 4206 myste-

511 4246 609 4300 ria.
634 4240 880 4297 Tentatio
905 4238 1206 4302 oculorum,
1235 4234 1287 4289 id
1311 4241 1393 4289 est
1416 4231 1650 4296 fallacia,
1679 4244 1775 4284 rex
1799 4226 2098 4282 amarican-

510 4338 676 4399 tium;
710 4334 901 4389 fallunt
926 4331 1069 4386 enim
1092 4338 1148 4384 ut
1172 4328 1480 4383 amaricent.
1528 4321 1813 4379 Conclusio
1846 4335 1943 4375 rex
1970 4333 2100 4374 con-

508 4427 768 4490 fusionis;
810 4422 1196 4479 concluduntur
1222 4420 1362 4474 enim
1406 4432 1474 4472 ne
1514 4423 1786 4481 transeant
1811 4412 1880 4468 ad
1907 4412 2097 4479 ﬁdem,

511 4532 712 4578 etcum
739 4515 943 4573 venerit
976 4515 1030 4568 in
1056 4527 1211 4582 quem
1242 4510 1508 4565 credimus
1531 4548 1547 4574 ,
1590 4504 2002 4562 confundentur.
2036 4505 2101 4559 Et

511 4614 682 4670 omnia
710 4627 865 4683 regna
894 4607 1139 4664 Chanaan
1159 4601 1351 4658 occidit
1378 4602 1535 4656 Deus.
1563 4598 1815 4652 Chanaan
1839 4598 2102 4668 interpre-

510 4718 672 4773 tatur,
704 4706 927 4761 Paratus
955 4698 1258 4755 humilitati.
1289 4695 1569 4750 Humilitas
1594 4694 1745 4764 quasi
1776 4692 1973 4748 bonum
2004 4694 2100 4748 ali.

509 4798 653 4870 quod
683 4795 977 4869 signiﬁcat,
1006 4790 1101 4847 sed
1135 4790 1178 4844 si
1210 4787 1440 4844 situtilis
1462 4785 1734 4840 humilitas
1768 4803 1781 4840 :
1809 4800 1929 4839 nam
1960 4786 2097 4839 mala

512 4890 807 4947 humiliatio
834 4886 1059 4959 penalis
1087 4892 1188 4940 est.
1218 4882 1276 4939 Si
1301 4881 1442 4937 enim
1469 4878 1767 4935 humiliatio
1796 4879 1862 4933 ad
1886 4895 2097 4950 poenam

512 5001 619 5042 non
650 4986 959 5055 pertineret,
984 4996 1089 5035 non
1121 4978 1409 5042 diceretur,
1440 4975 1541 5043 Qui
1562 4990 1614 5029 se
1642 4976 1831 5028 exaltat
1856 4975 2097 5032 humilia.-

511 5080 643 5133 bitur
686 5074 837 5147 (Luc.
873 5073 1103 5138 x1v,H;
1149 5080 1195 5125 et
1231 5084 1378 5132 xvm,
1409 5065 1495 5137 l4)
1528 5082 1542 5119 :
1576 5081 1680 5119 non
1720 5066 1860 5120 enim
1892 5065 2095 5121 beneﬁ—

510 5170 654 5231 cium
697 5166 773 5221 illi
819 5173 1123 5236 praestatur,
1162 5159 1373 5232 quando
1418 5158 1633 5228 punitur
1678 5166 1734 5210 ut
1772 5156 2094 5212 humilietur.

511 5259 765 5315 Chanaan
807 5270 934 5326 ergo
979 5254 1139 5310 modo
1181 5251 1441 5321 superbus
1487 5258 1587 5305 est.
1636 5247 1820 5304 Omnis
1869 5247 2094 5318 impius,

511 5351 688 5407 omnis
713 5348 942 5404 lntldclis
966 5346 1163 5403 exaltat
1188 5360 1282 5401 cor
1310 5358 1500 5409 suum;
1530 5358 1635 5398 non
1659 5341 1771 5396 vult
1802 5339 2023 5396 credere
2044 5341 2095 5395 in

576 5469 592 5503 ι
618 5466 691 5516 Sic
712 5470 818 5513 Mss.
839 5467 893 5511 Αι
914 5459 1046 5508 Edd.:
1069 5466 1188 5508 Nam
1209 5457 1253 5509 si
1273 5458 1466 5508 tentatio
1486 5455 1733 5518 oculorum
1755 5468 1850 5506 non
1866 5460 1951 5515 est,
1979 5468 2096 5518 quo-

512 5542 595 5581 mo
604 5515 658 5580 to
675 5515 995 5588 transﬁgurat
1015 5532 1077 5588 _se_
1099 5519 1223 5569 velut
1238 5519 1295 5588 in
1312 5519 1542 5588 angelum
1565 5518 1686 5568 lucis
1702 5515 1727 5567 ,9

575 5578 948 5653 ῑλιιφιριξωξὲξη
971 5581 1103 5634 idola
1117 5596 1205 5651 sua
1225 5578 1463 5653 faciendo,
1487 5578 1769 5653 opponendo
1780 5593 1854 5653 se,
1875 5587 1969 5653 etc.
1992 5579 2093 5653 Alii,

764 5664 793 5701 ο
808 5641 943 5699 idola
970 5659 1076 5705 sua,
1100 5641 1201 5694 sine
1225 5641 1484 5705 cessatione
1504 5641 1591 5705 per
1606 5641 1896 5705 arreptitios,
1924 5650 2018 5693 etc.
2044 5650 2097 5693 Et

513 5704 707 5781 quidam
721 5728 742 5781 _:
770 5709 1046 5776 apponendo
1066 5704 1199 5759 idola
1219 5718 1324 5767 sua,
1364 5704 1586 5767 faciendo
1607 5704 1709 5755 sine
1724 5704 1986 5756 cessatione
2008 5719 2095 5769 per

514 5776 850 5889 010$???
853 5781 965 5885 ἔδει.
990 5847 1128 5895 vero,
1151 5845 1215 5883 ex
1237 5828 1509 5897 afflictione.

1762 325 1818 382 S.
1861 318 2228 380 AUGUSTINI
2269 323 2572 383 liPlSCOPl

3655 344 3797 401 1752

2220 439 2403 497 Deum.
2454 443 2560 499 Sed
2609 444 2723 502 hmo
2764 447 3011 503 cxaltatio
3057 457 3237 520 parata
3290 460 3371 507 est
3418 452 3699 515 humilitati
3744 463 3794 517 in

2210 533 2351 591 diem
2390 536 2604 607 judicii;
2658 548 2783 595 tunc
2820 540 3206 611 humiliabitur,
3238 546 3453 616 quando
3490 564 3596 607 non
3638 554 3749 609 vult
3779 575 3793 609 :

2210 640 2337 687 sunt
2354 632 2496 687 enim
2518 648 2641 689 vasa
2668 635 2783 702 irae,
2813 651 2929 707 quae
2951 636 3185 707 perfecta
3202 648 3329 695 sunt
3352 640 3418 696 ad
3442 644 3797 713 perditionem

2212 722 2385 791 (Rom.
2410 741 2482 791 rx,
2510 725 2626 797 22).
2651 727 2805 783 Modo
2832 729 3091 785 extollant
3118 745 3198 796 se,
3220 729 3477 802 garriant,
3506 735 3798 796 extendant

2210 830 2270 871 se
2322 830 2483 886 super
2547 817 2768 885 ﬁdeles,
2818 820 3073 876 irrideant
3141 820 3364 889 ﬁdeles,
3428 825 3800 898 blasphement

2210 905 2574 975 Christianos;
2606 910 2815 974 dicant,
2856 912 3159 967 Anicularia
3184 922 3311 969 sunt
3338 915 3435 971 ista
3464 933 3585 989 qua:
3613 919 3800 978 dicunt

2210 998 2278 1054 dc
2303 999 2389 1055 die
2410 1000 2612 1070 judicii.
2644 1001 2746 1056 Ista
2771 1002 2929 1058 elatio
2948 1020 3134 1060 eorum
3164 1015 3346 1075 parata
3374 1016 3455 1063 est
3484 1008 3795 1069 humilitati.

2210 1091 2431 1159 Quando
2458 1094 2664 1149 venerit
2686 1094 2869 1164 judex,
2900 1097 2987 1167 qui
3031 1096 3192 1151 modo
3229 1099 3573 1155 annuutiatus
3610 1102 3802 1160 irride-

2210 1193 2327 1250 tur;
2376 1195 2501 1242 tunc
2542 1187 2629 1241 ille
2668 1187 2758 1257 qui
2799 1188 2958 1243 modo
3001 1189 3264 1258 superbit,
3304 1205 3411 1245 non
3453 1192 3677 1257 utiliter,
3705 1196 3801 1252 sed

2209 1278 2488 1349 ptettaliter
2516 1279 2896 1336 humiliabitur.
2924 1280 3081 1337 Modo
3111 1290 3290 1337 autem
3320 1298 3427 1339 non
3453 1282 3799 1357 humiliatur,

2208 1373 2304 1428 sed
2348 1383 2562 1443 paratur
2600 1373 2906 1443 humilitati,
2948 1374 2999 1430 id
3042 1384 3144 1443 est,
3191 1386 3408 1447 paratur
3444 1378 3798 1449 damnationi,

2209 1473 2423 1534 paratur
2448 1465 2695 1520 victimze.

2277 1554 2368 1609 2t.
2416 1554 2564 1627 [vers.
2595 1554 2705 1627 15.]
2736 1556 2925 1612 Omnia
2960 1572 3089 1629 ergo
3116 1558 3214 1614 ista
3246 1560 3438 1615 evertit
3462 1561 3644 1627 Deus;
3675 1577 3803 1619 cor-

2208 1646 2465 1717 poraliter
2503 1656 2648 1711 tunc.
2694 1648 2906 1718 quando
2950 1659 3127 1719 patres
3165 1651 3333 1705 nostri
3377 1651 3557 1707 educti
3585 1661 3713 1708 sunt
3737 1654 3803 1711 de

2209 1749 2349 1795 terra
2376 1739 2627 1812 Egypti;
2672 1744 2866 1797 evertit
2904 1743 3249 1812 spiritualiter
3294 1761 3457 1810 nunc,
3495 1762 3599 1803 nec
3628 1756 3803 1805 cessat

2209 1848 2400 1887 manus
2427 1833 2539 1903 ejus
2567 1848 2735 1904 usque
2775 1835 2830 1888 in
2874 1835 3055 1891 ﬁnem.
3099 1835 3221 1892 Ideo
3267 1854 3334 1893 ne
3377 1839 3506 1894 istas
3535 1841 3803 1910 potentias

2207 1925 2300 1980 Dei
2347 1934 2471 1980 tunc
2520 1934 2672 1995 putes
2725 1937 2967 1995 peractas
3012 1929 3575 1997 cessassezbomine,
3621 1949 3800 1988 nomen

2207 2025 2367 2083 tuum,
2396 2017 2584 2087 inquit,
2611 2017 2663 2070 in
2690 2018 2952 2073 swculum.
3000 2017 3057 2073 ω
3097 2028 3197 2081 est.
3243 2035 3350 2075 non
3380 2030 3557 2076 cessat
3585 2024 3801 2078 miseri-

2208 2111 2387 2166 cordia
2428 2120 2538 2178 tua,
2580 2126 2684 2167 non
2718 2122 2894 2167 cessat
2921 2127 3110 2167 manus
3138 2122 3229 2167 tua
3257 2114 3307 2167 in
3340 2114 3599 2170 saeculum
3623 2115 3801 2173 facere

2209 2202 2331 2268 ista,
2355 2217 2473 2275 quae
2500 2212 2625 2259 tunc
2649 2205 3016 2275 praenuntiasti
3046 2204 3357 2275 ﬁgurando:
3388 2224 3407 2258 ι
3435 2206 3629 2262 Omnia
3659 2208 3800 2262 enim

2207 2296 2295 2350 illa
2323 2296 2375 2350 in
2400 2296 2562 2366 ﬁgura
2584 2296 2963 2367 contingebant
2988 2297 3124 2361 illis;
3152 2298 3348 2368 scripta
3379 2307 3504 2353 sunt
3528 2308 3713 2354 autem
3736 2300 3799 2356 ad

2206 2391 2595 2459 correptionem
2620 2399 2877 2454 nostram,
2896 2391 2949 2445 in
2971 2406 3104 2461 quos
3133 2387 3255 2446 ﬁnis
3279 2392 3605 2448 sasculorum
3635 2393 3799 2450 obve-

2207 2482 2313 2536 niti
2350 2481 2390 2550 (Ι
2420 2478 2539 2536 Cor.
2568 2498 2623 2548 x,
2653 2481 2764 2554 11).
2804 2481 3076 2547 «Domine,
3103 2483 3413 2539 memoriale
3442 2494 3595 2539 tuum
3625 2484 3681 2538 in
3710 2500 3800 2555 ge-

2208 2573 2537 2628 nerationem
2578 2582 2631 2627 et
2665 2574 3063 2644 generationem
3092 2592 3138 2628 ο.
3186 2572 3472 2629 Generatio
3501 2575 3606 2629 ista
3633 2584 3690 2629 et
3713 2590 3799 2645 ge-

2208 2667 2414 2722 neratio
2436 2667 2602 2721 altera
2629 2685 2640 2719 :
2665 2667 2941 2736 generatio
2963 2683 3065 2737 qua
3095 2667 3281 2723 ﬁdeles
3307 2666 3596 2736 efﬁcimur,
3628 2679 3689 2725 et
3711 2684 3798 2740 per

2206 2758 2534 2828 Baptismum
2563 2758 2922 2823 renascimur;
2963 2759 3236 2828 generatio
3266 2774 3367 2829 qua
3396 2775 3425 2813 a
3455 2746 3688 2816 mortuis
3712 2776 3796 2817 re-

2207 2865 2504 2921 surgemus,
2533 2860 2587 2906 et
2617 2850 2834 2921 Angelis
2865 2851 3132 2919 conjuncti
3160 2851 3400 2908 vivemus
3426 2853 3479 2907 in
3511 2863 3793 2909 mternum.

2207 2941 2513 2997 Memoriale
2558 2951 2705 2997 tuum
2731 2984 2747 3009 ,
2801 2942 3043 3008 Domine,
3085 2952 3140 2999 et
3186 2959 3347 3015 super
3392 2948 3795 3016 generationem

2207 3034 2385 3102 istam,
2412 3045 2464 3089 et
2507 3050 2666 3105 super
2705 3034 2849 3089 illam
2887 3036 3283 3105 generationem
3314 3054 3327 3090 :
3358 3038 3480 3108 quia
3513 3052 3615 3093 nec
3656 3054 3794 3096 nunc

2208 3143 2307 3183 nos
2335 3128 2531 3183 oblitus
2556 3137 2659 3195 est,
2688 3138 2745 3183 ut
2770 3139 3014 3194 vocaret;
3063 3145 3162 3185 nec
3194 3139 3320 3185 tunc
3346 3130 3716 3199 obliviscetur,
3740 3141 3795 3188 ut

2208 3231 2447 3277 coronet.
2482 3221 2777 3277 Memariale
2804 3232 2943 3278 tuum
2960 3264 2977 3291 ,
3005 3222 3247 3293 Domine,
3272 3224 3322 3279 in
3350 3226 3726 3297 generationem
3750 3237 3793 3281 et

2207 3317 2597 3387 generationem.

2277 3408 2369 3463 22.
2399 3408 2545 3480 [vers.
2567 3407 2682 3481 Νη]
2734 3410 2986 3477 Quoniam
3014 3410 3294 3476 judicavit‘
3324 3410 3577 3467 Dominus
3602 3414 3787 3483 plebem

2208 3516 2372 3554 suam.
2401 3498 2696 3569 Complevit
2726 3510 2871 3556 certe
2899 3501 3078 3556 omnia
3118 3501 3203 3556 illa
3243 3502 3297 3557 in
3342 3504 3538 3573 populo
3576 3502 3787 3559 Judzeo-

2209 3606 2345 3645 rum.
2374 3590 2638 3661 Numquid
2652 3591 2762 3661 jam
2784 3600 3155 3648 remanserunt
3176 3606 3337 3662 opera
3354 3593 3491 3662 ejus,
3513 3602 3789 3664 postquam

2208 3682 2417 3738 induxit
2451 3681 2661 3752 plebem
2688 3698 2837 3737 suam
2869 3684 2922 3738 in
2951 3693 3145 3739 terram
3182 3685 3651 3754 repromissionis?
3679 3686 3787 3742 Ad-

2210 3775 2314 3832 huc
2337 3777 2489 3847 plane
2508 3776 2769 3846 judicabit
2797 3796 2808 3832 :
2838 3775 3101 3831 Judicavit
3128 3776 3377 3833 Dominus
3406 3779 3597 3849 plebem
3621 3797 3783 3847 suam,

2208 3880 2253 3925 et
2282 3872 2335 3925 in
2359 3870 2511 3924 servis
2542 3871 2648 3924 suis
2675 3870 3019 3925 advocabitur.
3058 3869 3173 3924 Jam
3200 3870 3455 3939 judicavit
3474 3872 3644 3942 ipsam
3675 3875 3785 3943 ple-

2208 3962 2361 4027 bem;
2405 3972 2628 4033 excepto
2664 3962 2863 4033 judicio
2906 3961 3105 4029 futuro,
3129 3962 3360 4032 judicata
3398 3972 3481 4018 est
3520 3965 3669 4035 plebs
3696 3965 3787 4021 Ju-

2207 4056 2466 4111 dzeorum.
2492 4056 2627 4121 Quid
2654 4065 2753 4121 est,
2779 4055 3052 4124 judicata?
3082 4054 3319 4125 Separati
3347 4056 3469 4112 inde
3498 4068 3623 4113 sunt
3637 4058 3782 4129 justi,

2207 4156 2262 4203 et
2290 4157 2661 4203 remanserunt
2687 4147 2886 4217 injusti.
2915 4146 2973 4202 Si
3001 4158 3179 4203 autem
3206 4149 3436 4203 mentior
3462 4160 3555 4205 aut
3580 4151 3787 4206 mentiri

2209 4238 2506 4304 existimor,
2535 4239 2657 4309 quia
2698 4238 2832 4303 dixi,
2875 4238 2992 4294 Jam
3027 4239 3261 4309 judicata
3291 4249 3400 4306 est;
3443 4239 3567 4295 audi
3608 4242 3783 4296 Domi-

2208 4346 2334 4385 num
2363 4330 2629 4387 dicentem
2664 4348 2676 4383 :
2708 4329 2772 4384 In
2792 4330 3047 4401 judicium
3076 4332 3187 4385 veni
3212 4331 3263 4385 in
3286 4332 3419 4385 hunc
3450 4333 3711 4397 ntundum,
3735 4341 3783 4385 ut

2207 4425 2293 4495 qui
2320 4435 2419 4479 n‘on
2440 4424 2625 4491 vident,
2654 4424 2882 4491 videant;
2906 4435 2953 4478 et
2980 4425 3067 4495 qui
3094 4424 3260 4478 vident
3288 4426 3407 4479 αινεὶ
3437 4427 3565 4495 ﬁant
3593 4426 3777 4496 (Joan.

2205 4534 2281 4587 1x,
2306 4516 2418 4592 59).
2449 4518 2714 4574 Excaecati
2735 4528 2861 4574 sunt
2883 4518 3118 4587 superbi,
3150 4518 3431 4573 illumiuati
3461 4529 3585 4573 sunt
3615 4521 3781 4575 lmini-

2206 4615 2309 4669 les.
2365 4611 2620 4667 Judicavit
2670 4626 2798 4680 ergo
2852 4611 3041 4680 plebem
3092 4626 3257 4665 suam.
3313 4611 3487 4680 Ipsum
3534 4610 3777 4680 judicium

2207 4707 2340 4762 dixit
2366 4706 2526 4762 Isaias
2550 4724 2563 4761 :
2594 4703 2663 4758 Et
2692 4720 2824 4757 nunc
2852 4714 2905 4757 tu
2931 4704 3110 4759 domus
3138 4703 3318 4768 Jacob,
3342 4703 3535 4769 venite,
3564 4705 3778 4757 ambule-

2207 4820 2319 4857 mus
2364 4803 2417 4855 in
2456 4800 2647 4855 lumine
2686 4798 2915 4853 Domini.
2959 4797 3151 4852 Parum
3177 4806 3259 4853 est
3288 4796 3406 4861 hoc,
3436 4794 3529 4851 sed
3556 4795 3680 4867 quid
3703 4809 3779 4851 se-

2206 4896 2417 4967 quitur?
2445 4893 2647 4948 Dimisit
2667 4893 2799 4946 enim
2820 4892 3010 4962 plebem
3031 4908 3195 4956 suam,
3216 4892 3418 4945 domum
3440 4890 3609 4944 Israel
3636 4889 3773 4963 (lsai.

2206 5006 2264 5055 ιι,
2288 4990 2341 5053 5,
2359 4987 2435 5061 6).
2469 4987 2585 5058 Ipsa
2614 4996 2695 5041 est
2721 4985 2912 5041 domus
2927 4984 3111 5051 Jacob,
3131 5000 3250 5054 quae
3270 4993 3352 5040 est
3376 4983 3567 5039 domus
3593 4982 3774 5045 Israel;

2205 5084 2293 5154 qui
2320 5081 2461 5137 enim
2486 5078 2670 5144 Jacob,
2702 5078 2815 5147 ipse
2842 5084 2925 5132 est
2948 5075 3131 5130 Israel.
3173 5074 3350 5129 Nostis
3381 5084 3600 5139 sanctas
3626 5075 3775 5129 Litte-

2206 5191 2292 5232 ras
2316 5215 2333 5243 ,
2376 5184 2429 5230 et
2465 5182 2592 5244 puto
2618 5170 2758 5242 quod
2787 5169 2939 5224 vobis
2976 5169 3154 5223 veniat
3181 5168 3232 5221 in
3264 5176 3493 5222 mentem
3520 5167 3646 5237 quia
3678 5166 3777 5235 ipse

2205 5267 2371 5323 Jacob
2410 5263 2622 5337 quando
2651 5262 2780 5317 vidit
2819 5261 3064 5330 angelum
3096 5274 3275 5315 secum
3307 5259 3517 5325 luctari,
3546 5268 3669 5314 tunc
3695 5271 3775 5312 ac-

2205 5363 2347 5431 cepit
2377 5373 2572 5415 nomen
2598 5365 2656 5412 ut
2690 5356 3045 5426 appellaretur
3074 5353 3230 5409 Israel
3265 5352 3284 5424 (
3307 5352 3432 5408 Gen.
3460 5370 3631 5419 xxxn,
3655 5352 3771 5421 28).

2206 5453 2354 5509 Unus
2395 5451 2554 5506 homo
2590 5457 2674 5504 est
2712 5448 2823 5502 sive
2851 5446 3037 5511 Jacob,
3066 5445 3177 5501 sive
3199 5444 3397 5510 Israel;
3426 5460 3531 5499 una
3562 5457 3774 5516 persona

2206 5556 2288 5603 est
2320 5565 2333 5601 :
2365 5546 2557 5601 domus
2584 5540 2780 5607 Jacob,
2822 5550 2876 5596 et
2909 5539 3098 5595 domus
3134 5538 3324 5605 Israel,
3361 5553 3462 5592 una
3501 5553 3653 5609 gens,
3685 5548 3774 5590 una

2270 5700 2755 5766 1_FAd_.qul3_Gl'&C.
2781 5704 2923 5766 LXX,
2955 5694 3214 5766 judicabit.
3251 5704 3305 5747 At
3346 5705 3452 5747 MSS.
3487 5703 3768 5766 constanter,

2194 5762 2435 5829 judicavit
2446 5758 2544 5873 Eiet
2559 5763 2629 5812 sic
2647 5758 2963 5824 augustjnum
2988 5758 3168 5821 legisse
3192 5768 3391 5820 apparet
3419 5773 3481 5811 ex
3507 5761 3688 5810 ratione
3710 5758 3769 5805 in-

2205 5834 2455 5890 terpretan
2491 5839 2520 5872 ι.
