4160 6440
368 391 509 448 1753

370 510 548 582 plebs;
598 509 734 563 hanc
778 504 1002 570 invitat,
1044 510 1099 559 et
1138 502 1275 557 hanc
1311 498 1546 555 dimittit.
1580 498 1648 551 Et
1674 509 1813 551 nunc
1835 494 1946 563 jam

367 612 515 660 certe
543 598 784 657 occidisti
810 597 1101 663 Christum,
1130 610 1163 649 o
1203 592 1394 648 domus
1429 589 1626 655 Iacob;
1671 589 1781 659 jam
1808 587 1947 644 occi-

368 697 492 752 disti
524 694 824 756 Christum,
848 691 959 760 jam
989 696 1148 759 caput
1180 694 1304 741 ante
1337 698 1549 739 crucem
1579 682 1807 752 agitasti,
1834 681 1945 751 jam

369 786 688 859 pendentem
720 781 947 846 irrisisti,
966 781 1076 850 jam
1101 779 1279 834 dixisti
1309 794 1323 831 :
1359 776 1418 833 Si
1447 776 1585 845 ﬁlius
1612 774 1710 829 Dei
1737 782 1828 839 est,
1856 775 1946 828 de-

368 876 659 935 scendat'de
674 890 838 929 cruce.
864 872 981 927 Jam
999 871 1200 942 rogavit
1216 868 1451 924 medicus
1471 883 1568 938 pro
1590 866 1910 937 phreneticis
1930 884 1943 920 :

372 972 549 1036 Pater,
580 972 781 1041 ignosce
802 967 926 1032 illis,
948 966 1067 1036 quia
1091 965 1316 1019 nesciunt
1349 963 1468 1034 quid
1507 962 1695 1031 faciunt
1722 960 1945 1031 (Matth.

370 1080 537 1131 xxvu,
569 1062 764 1126 59-43;
796 1068 842 1115 et
868 1058 996 1113 Luc.
1027 1072 1175 1121 mu,
1206 1057 1295 1122 54,
1317 1056 1432 1123 55).
1460 1053 1617 1109 Certe
1640 1056 1749 1123 jam
1779 1052 1949 1108 fecisti

370 1158 470 1213 ista
495 1154 694 1219 omnia,
713 1159 767 1207 et
792 1166 931 1206 nunc
949 1149 1109 1205 crede
1134 1149 1184 1203 in
1213 1163 1336 1203 eum
1365 1161 1522 1217 quem
1545 1145 1808 1211 occidisti,
1828 1144 1949 1200 bibe

372 1248 683 1318 sanguinem
712 1260 872 1314 quem
902 1242 1100 1297 fudisti.
1144 1241 1211 1296 Et
1249 1254 1392 1295 nunc
1434 1249 1487 1293 tu
1532 1238 1720 1293 domus
1760 1237 1945 1304 Jacob,

371 1339 676 1397 testimonio
723 1336 870 1391 Isaiae
915 1334 1220 1402 esponere‘
1266 1332 1423 1403 cupio
1472 1329 1614 1402 quod
1662 1328 1749 1384 hic
1794 1328 1944 1394 dixit,

374 1431 625 1500 Quoniam
656 1429 908 1500 judicavit
953 1426 1201 1481 Dominus
1239 1423 1429 1497 plebem
1452 1440 1617 1485 suam,
1648 1433 1694 1477 et
1721 1424 1773 1476 in
1798 1422 1951 1476 servis

370 1523 478 1579 suis
502 1519 846 1576 advocabitur.
891 1517 1169 1573 Judicasse
1204 1516 1347 1571 enim
1392 1514 1700 1585 intelligitur
1740 1513 1949 1583 plebem

371 1629 544 1679 suam,
572 1610 867 1683 separando
898 1612 949 1664 in
978 1610 1087 1679 ipsa
1121 1608 1273 1678 plebe
1298 1621 1390 1662 sua
1419 1608 1588 1662 bonos
1612 1621 1641 1659 a
1670 1606 1854 1671 malis,
1889 1605 1952 1658 li—

372 1705 517 1760 deles
547 1704 614 1758 ab
642 1702 962 1764 infidelibus,
990 1698 1273 1770 Apostolos
1306 1714 1334 1751 a
1360 1697 1560 1753 Judazis
1587 1696 1946 1752 mendacibus.

373 1795 482 1851 Hoc
510 1792 841 1865 significavit,
868 1800 927 1846 ut
962 1791 1141 1846 dicere
1178 1804 1442 1860 coeperam
1461 1829 1477 1852 ,
1510 1804 1603 1858 per
1629 1788 1949 1857 Prophetam

372 1887 555 1942 dicens
584 1904 595 1939 :
620 1884 734 1940 Jam
765 1892 884 1953 post
916 1883 1003 1937 illa
1026 1882 1160 1936 mala
1187 1881 1363 1936 omnia
1387 1890 1497 1947 tua,
1523 1897 1553 1934 ο
1579 1889 1630 1934 tu
1658 1882 1833 1934 domus
1852 1879 1948 1933 Ja-

372 1980 480 2041 cob,
511 1977 692 2041 venite,
724 1974 1037 2029 ambulemus
1073 1974 1126 2027 in
1164 1974 1277 2029 luce
1316 1972 1541 2026 Domini.
1592 1972 1766 2041 Quare
1802 1972 1949 2026 vobis

372 2069 513 2134 dico,
566 2065 757 2131 Venite,
790 2066 1099 2119 ambulemus
1135 2064 1187 2118 in
1230 2064 1341 2117 luce
1378 2062 1621 2116 Domini?
1662 2061 1739 2117 Ne
1777 2077 1950 2116 rema-

372 2162 548 2218 nendo
605 2162 654 2216 in
704 2159 997 2224 Judaismo,
1051 2175 1154 2214 non
1193 2159 1510 2229 perveniatis
1552 2158 1617 2212 ad
1658 2155 1946 2212 Christum.

372 2255 545 2322 Quare
560 2252 738 2309 enim?
757 2251 872 2306 Non
895 2265 1106 2321 semper
1121 2250 1190 2304 ibi
1214 2249 1557 2320 prophetatus
1573 2258 1654 2304 est
1672 2247 1948 2303 Christus?

373 2345 475 2402 Sed
506 2360 645 2400 nunc
686 2344 872 2398 dimisit
910 2344 1101 2415 plebem
1134 2359 1278 2397 suam
1298 2384 1313 2409 ,
1345 2342 1549 2395 domum
1570 2341 1749 2396 Israel.
1782 2341 1948 2396 Veni'

374 2436 566 2492 domus
598 2435 783 2502 Jacob,
818 2434 939 2505 quia
967 2433 1168 2488 dimisit
1203 2433 1407 2504 plebem
1436 2448 1586 2488 suam
1615 2433 1831 2488 domum
1858 2432 1949 2488 Ja-

376 2529 506 2594 cob;
538 2529 656 2583 veni
693 2528 882 2582 domus
923 2527 1105 2593 lsrael,
1134 2526 1257 2596 quia
1303 2525 1503 2581 dimisit
1540 2526 1749 2596 plebem
1796 2541 1949 2582 suam

376 2622 590 2678 domum
634 2621 813 2677 Israel.
860 2620 988 2689 Quae
1013 2620 1178 2687 venit,
1209 2628 1263 2675 et
1301 2634 1418 2690 qua:
1459 2619 1673 2674 dimissa
1714 2628 1815 2687 est,
1850 2620 1950 2676 nisi

374 2714 494 2785 quia
535 2711 637 2767 hoc
673 2722 756 2768 est
790 2711 1068 2782 judicium,
1094 2720 1150 2764 ut
1174 2711 1257 2779 qui
1284 2727 1385 2764 non
1414 2710 1601 2777 vident,
1634 2711 1867 2775 videant;
1903 2719 1950 2763 et

374 2808 459 2877 qui
484 2806 670 2872 vident,
698 2806 818 2860 eieci
857 2805 1022 2874 ﬁant?
1053 2804 1306 2858 Judicavit
1335 2819 1461 2874 ergo
1490 2802 1735 2857 Dominus
1760 2802 1951 2873 plebem

374 2915 539 2955 suam.
570 2897 844 2968 Separavit
865 2911 1013 2967 ergo,
1045 2905 1097 2950 et
1123 2910 1230 2949 non
1262 2894 1329 2949 ibi
1358 2894 1590 2950 inveniet
1616 2908 1750 2964 quos
1785 2894 1835 2947 in
1865 2908 1950 2948 rc-

375 3007 537 3063 gnum
587 3006 741 3047 suum
781 2990 1066 3045 restituat?
1111 2988 1273 3043 Plane
1299 2987 1566 3044 inveniet:
1602 2986 1669 3040 Et
1708 2988 1761 3040 in
1800 2987 1951 3041 servis

373 3086 477 3140 suis
516 3082 859 3137 advocabitur.
909 3080 1030 3135 Non
1070 3080 1273 3148 repulit,
1316 3081 1390 3134 ait
1426 3080 1732 3148 Apostolus,
1761 3078 1951 3149 plebem

372 3193 551 3244 suam,
592 3192 742 3246 quam
775 3174 1041 3246 prtesciuit.
1088 3173 1155 3228 Et
1192 3171 1330 3227 unde
1363 3171 1583 3243 probat?
1626 3170 1764 3225 Nam
1787 3181 1833 3225 et
1861 3189 1951 3242 ego

374 3265 613 3322 Israelita
640 3282 749 3320 sum
778 3265 955 3335 (Rom.
983 3281 1053 3331 x1,
1079 3266 1131 3331 ‘l,
1151 3262 1230 3336 2).
1258 3264 1395 3333 Ergo
1419 3262 1672 3316 Judicavit
1702 3262 1951 3317 Dominus

373 3359 569 3429 plebem
597 3374 760 3423 suam,
783 3355 1079 3427 separando
1102 3355 1272 3409 bonos
1292 3370 1323 3409 a
1344 3354 1494 3408 malis
1519 3372 1531 3407 :
1556 3354 1658 3409 hoc
1678 3363 1778 3419 est,
1811 3354 1875 3408 Et
1898 3355 1952 3408 in

373 3456 527 3510 servis
548 3454 653 3507 suis
677 3451 1017 3507 advocabitur.
1044 3451 1085 3505 A
1107 3450 1333 3521 quibus?
1353 3450 1396 3504 A
1424 3448 1698 3505 Gentibus.
1732 3452 1953 3518 Quantae

374 3549 517 3605 enim
545 3555 729 3618 gentes
748 3544 1013 3601 credendo
1033 3545 1317 3599 venerunt!
1350 3543 1529 3612 quanti
1558 3542 1724 3609 fundi,
1756 3552 1952 3614 quanta

374 3641 490 3696 loca
543 3639 755 3694 deserta
809 3637 968 3692 modo
1008 3636 1256 3691 veniunt!
1318 3634 1547 3690 Veniunt
1593 3635 1715 3691 inde
1770 3636 1951 3691 nescio

374 3732 594 3803 quanti,
645 3729 864 3784 credere
906 3728 1120 3794 volunt,
1165 3727 1387 3782 dicimus
1431 3727 1509 3782 eis
1536 3744 1547 3782 :
1577 3726 1712 3795 Quid
1758 3728 1952 3783 vultis?

377 3821 720 3892 Respondent
752 3838 763 3874 :
792 3819 957 3875 Nosse
975 3818 1197 3890 gloriam
1224 3819 1336 3873 Dei.
1364 3816 1595 3883 Credite,
1626 3818 1834 3883 fratres,
1856 3819 1954 3874 mi-

376 3916 484 3971 rari
532 3927 631 3968 nos
671 3922 726 3967 et
763 3912 993 3983 gaudere
1034 3911 1100 3965 ad
1143 3911 1299 3966 talem
1328 3924 1511 3965 vocem
1543 3911 1949 3965 rusticanorum.

380 4009 613 4064 Veniunt
644 4008 822 4061 nescio
849 4004 1009 4070 unde,
1036 4003 1248 4059 excitati
1278 4018 1307 4057 a
1334 4004 1514 4058 nescio
1542 4018 1647 4072 quo
1676 4022 1687 4056 :
1721 4004 1845 4073 quid
1872 4004 1953 4058 di-

376 4116 516 4168 cam,
536 4116 567 4153 a
589 4100 768 4154 nescio
786 4099 924 4169 quo?
955 4097 1064 4152 Imo
1084 4098 1194 4151 scio
1222 4112 1250 4151 a
1276 4112 1409 4167 quo;
1441 4096 1582 4163 quia,
1614 4096 1775 4150 Nemo
1800 4097 1951 4165 venit,

379 4193 581 4263 inquit,
635 4192 704 4245 ad
746 4208 856 4255 me,
901 4190 998 4243 nisi
1035 4206 1179 4259 quem
1226 4188 1381 4241 Pater
1417 4188 1695 4240 attraxerit.
1728 4186 1957 4244 Veniunt

380 4286 557 4341 subito
581 4284 648 4338 de
675 4284 803 4339 silva
824 4324 839 4350 ,
884 4282 951 4337 de
998 4281 1232 4346 deserto,
1276 4280 1343 4335 de
1382 4279 1753 4335 remotissimis
1784 4288 1837 4334 et
1871 4295 1956 4334 ar-

378 4378 498 4433 duis
534 4376 803 4431 montibus
839 4374 905 4428 ad
952 4373 1265 4437 Ecclesiam,
1297 4380 1350 4427 et
1378 4372 1717 4427 hancvocem
1761 4371 1957 4429 habent

381 4469 617 4540 plerique
644 4477 696 4523 et
725 4481 861 4537 pene
888 4479 1073 4520 omnes
1100 4479 1306 4529 eorum,
1338 4473 1394 4517 ut
1420 4463 1690 4518 videamus
1717 4478 1843 4519 vere
1876 4464 1955 4518 in-

380 4570 464 4616 tus
505 4560 783 4615 docentem
821 4558 985 4612 Deum
1014 4576 1025 4610 :
1056 4556 1303 4625 impletur
1341 4555 1611 4625 Scriptura
1647 4556 1954 4625 prOphetica

379 4672 482 4725 qua
510 4655 710 4709 dictum
740 4660 840 4717 est,
875 4649 1038 4703 Erunt
1071 4664 1239 4701 omnes
1262 4648 1495 4700 docibiles
1527 4646 1631 4700 Deo
1664 4642 1813 4715 (Isai.
1845 4663 1951 4713 LIV,

383 4747 481 4809 15;
512 4744 667 4797 Joan.
692 4759 762 4807 vt,
785 4741 875 4806 M,
899 4740 1009 4811 45).
1040 4738 1174 4806 Quid
1204 4737 1536 4803 desideratis,
1564 4737 1784 4791 dicimus
1810 4738 1955 4793 illis?

381 4835 447 4890 Et
476 4835 549 4888 illi
582 4853 595 4889 :
632 4833 821 4887 Videre
846 4830 1064 4901 gloriam
1097 4828 1211 4882 Dei.
1243 4826 1426 4881 Omnes
1446 4828 1574 4881 enim
1608 4838 1952 4897 peccaverunt,

382 4938 425 4981 et
453 4936 591 4998 egent
619 4927 779 4996 gloria
800 4925 892 4978 Dei
921 4922 1096 4994 (Rom.
1120 4939 1198 4985 ιιι,
1217 4921 1330 4993 95).
1361 4920 1613 4985 Credunt,
1640 4937 1955 4977 consecrau-

382 5035 499 5087 tur,
545 5020 767 5074 clericos
801 5018 899 5073 sibi
942 5015 1175 5071 ordinari
1207 5016 1441 5084 exigunt.
1473 5013 1659 5069 Nonne
1686 5014 1952 5084 impletur,

390 5114 447 5169 Et
474 5113 526 5165 in
552 5112 703 5165 servis
727 5111 830 5164 suis
856 5107 1176 5162 advocabitur
1197 5107 1223 5159 ?

450 5206 540 5261 25.
574 5204 723 5275 [vers.
748 5197 962 5273 15-17.]
984 5199 1215 5268 Denique
1245 5206 1364 5268 post
1406 5198 1559 5252 istam
1585 5207 1745 5252 totam
1774 5198 1955 5270 dispo-

381 5300 625 5354 sitionem
655 5305 711 5350 et
732 5293 1204 5365 dispensationem,
1236 5291 1498 5346 convertit
1528 5306 1585 5346 se
1610 5290 1839 5359 Spiritus
1862 5293 1953 5348 Dei

380 5390 446 5445 ad
471 5386 843 5460 exprobranda
868 5396 919 5441 et
946 5384 1210 5439 irridenda
1237 5383 1407 5447 idola,
1444 5399 1562 5452 quae
1583 5384 1692 5453 jam
1727 5384 1954 5440 irriden-

380 5495 470 5540 tur
494 5499 526 5538 a
546 5482 837 5539 cultoribus
864 5481 974 5535 suis
1000 5496 1012 5532 :
1042 5477 1195 5533 ldola
1216 5476 1448 5533 Gentium
1474 5489 1736 5549 argentum
1774 5490 1819 5533 et
1854 5497 1951 5534 au-

378 5594 514 5633 rum.
543 5576 645 5633 Ista
672 5574 849 5630 omnia
883 5572 995 5628 Deo
1019 5571 1264 5636 faciente,
1288 5571 1377 5641 qui
1410 5570 1463 5625 in
1489 5571 1627 5627 caelo
1659 5580 1713 5625 et
1740 5574 1793 5625 in
1815 5580 1953 5627 terra

378 5668 559 5725 omnia
596 5680 942 5739 quaecumque
968 5663 1131 5718 voluit
1158 5662 1303 5729 fecit,
1336 5664 1425 5733 qui
1461 5662 1717 5733 judicavit
1746 5662 1952 5734 plebem

442 5802 461 5834 ι
496 5803 571 5852 Sic
593 5807 695 5851 Mss.
724 5806 777 5849 At
794 5798 927 5857 Edd.,
941 5794 1255 5847 testimonium
1276 5808 1340 5846 ea;
1356 5801 1401 5860 te
1422 5809 1677 5860 exponere.

448 5865 470 5897 ’
502 5864 573 5913 sic
596 5870 703 5915 Mss.
742 5870 793 5911 At
817 5861 927 5911 Edd.
944 5861 1037 5912 hoc
1056 5864 1107 5908 et
1124 5860 1341 5919 proximo
1363 5859 1493 5919 loco,
1505 5860 1642 5909 venit.

1430 377 1824 437 ENARRATIO
1862 372 1928 430 IN
1963 372 2283 431 PSALMUM
2320 375 2597 434 CXXXIV.

3493 376 3633 437 17ὅό

2062 503 2235 557 suam,
2264 501 2318 546 et
2346 491 2397 545 in
2438 493 2605 549 servis
2642 494 2751 549 suis
2789 495 3160 565 advocabitur;
3184 499 3310 570 quid
3340 510 3505 558 restat
3529 500 3628 571 lig-

2058 593 2292 638 mentum
2314 627 2329 651 ,
2367 586 2469 640 nisi
2496 587 2806 657 ridendum,
2829 604 2935 645 non
2961 591 3313 649 adorandum?
3331 594 3475 650 ldola
3491 596 3632 653 Gen-

2066 678 2195 732 tium
2222 678 2460 734 dicturus
2493 690 2608 735 erat
2644 682 2900 750 fortasse,
2935 692 2993 739 ut
3039 696 3505 746 contemneremus
3531 691 3631 749 ista

2057 769 2235 822 omnia
2260 786 2274 835 ;
2301 770 2539 826 dicturus
2564 782 2678 827 erat
2706 774 2843 828 idola
2867 773 3140 846 Gentium,
3163 778 3364 849 lapides
3392 791 3445 836 et
3467 782 3627 854 ligna,

2058 875 2280 932 gypsum
2303 870 2357 916 et
2387 864 2614 917 testam?
2638 864 2753 919 Non
2786 866 2900 921 haec
2927 867 3079 933 dico;
3111 870 3233 926 vilis
3256 873 3475 929 materia
3498 883 3581 930 est
3612 893 3626 931 :

2057 951 2184 1006 illud
2201 953 2340 1023 quod
2363 954 2515 1008 valde
2543 966 2741 1020 amant,
2759 957 2841 1011 vel
2860 959 3000 1028 quod
3029 960 3179 1016 valde
3200 962 3465 1019 honorant
3485 964 3629 1035 dico,

2057 1042 2210 1098 Idola
2238 1044 2471 1099 Gentium
2497 1058 2761 1118 argentum
2786 1062 2831 1103 et
2856 1067 3060 1105 aurum.
3090 1052 3250 1109 Certe
3292 1071 3481 1112 aurum
3508 1068 3627 1127 est,

2058 1147 2204 1191 certe
2249 1147 2523 1207 argentum
2558 1149 2677 1205 est;
2710 1143 2963 1212 numquid
2995 1144 3117 1213 quia
3140 1145 3281 1201 lucet
3310 1159 3585 1218 argentum
3610 1191 3627 1218 ,

2057 1228 2199 1283 lucet
2226 1246 2432 1297 aurum,
2467 1234 2585 1288 ideo
2611 1234 2795 1290 oculos
2820 1235 3018 1292 habent
3046 1246 3099 1293 et
3120 1238 3337 1295 vident?
3360 1240 3468 1307 Sic,
3500 1257 3630 1313 quo-

2059 1320 2219 1374 modo
2239 1332 2512 1392 argentum
2537 1333 2621 1379 est
2644 1367 2659 1392 ,
2687 1328 2955 1397 quomodo
2981 1345 3172 1385 aurum
3193 1340 3275 1385 est
3298 1374 3316 1399 ,
3339 1334 3467 1389 utile
3495 1334 3632 1392 forte

2058 1426 2239 1477 avaro,
2271 1430 2375 1468 non
2408 1415 2651 1486 religiose
2680 1435 2696 1483 ;
2725 1420 2832 1473 imo
2861 1435 2991 1475 vero
3033 1436 3132 1477 nec
3159 1438 3327 1479 avaro
3352 1424 3483 1480 utile
3502 1468 3517 1491 ,
3536 1427 3631 1482 sed

2058 1502 2187 1557 utile
2216 1502 2352 1559 bene
2384 1508 2549 1561 utenti
2571 1549 2586 1572 ,
2615 1517 2670 1563 et
2698 1524 2791 1578 per
2814 1509 2930 1579 ejus
2967 1513 3325 1583 erogationem
3354 1516 3630 1573 caelestem

2059 1595 2366 1651 thesaurum
2398 1601 2690 1670 acquirenti
2720 1619 2733 1655 :
2769 1612 2945 1658 tamen
2979 1619 3119 1660 nunc
3161 1621 3282 1661 cum
3314 1608 3417 1663 ista
3443 1609 3629 1666 insen-

2056 1700 2169 1746 sala
2201 1693 2340 1758 sint,
2368 1696 2493 1764 quid
2523 1696 2695 1751 facitis
2747 1697 2989 1755 homines
3038 1702 3106 1757 de
3142 1712 3361 1773 argento
3399 1714 3453 1759 et
3498 1719 3629 1761 auro

2056 1784 2220 1839 deos?
2243 1786 2386 1853 Quos
2425 1788 2555 1842 deos
2582 1788 2755 1845 facitis
2774 1832 2790 1857 ,
2818 1808 2996 1848 nonne
3022 1793 3211 1850 videtis
3243 1797 3382 1865 quod
3420 1813 3525 1853 non
3550 1800 3628 1854 vi-

2056 1876 2215 1932 deant
2239 1878 2392 1951 (Sap.
2424 1897 2510 1948 xv,
2545 1883 2635 1953 15)
2657 1883 2681 1937 ’ἶ
2701 1882 2886 1940 Oculos
2909 1886 3110 1955 habent,
3140 1898 3186 1943 et
3206 1906 3307 1945 non
3330 1891 3626 1961 videbunt‘;

2056 1983 2201 2023 aures
2230 1970 2430 2035 habent,
2449 1980 2495 2026 et
2515 1990 2616 2027 non
2642 1977 2882 2043 audient;
2902 1995 3048 2034 nares
3070 1980 3270 2048 habent,
3299 1991 3345 2036 et
3373 2001 3474 2039 non
3507 1986 3632 2040 odo-

2055 2059 2234 2114 rabunt
2260 2078 2279 2126 ;
2305 2078 2359 2115 os
2385 2063 2593 2131 habent,
2624 2076 2670 2119 et
2690 2084 2790 2122 non
2818 2069 3124 2137 loquentur;
3149 2089 3327 2127 manus
3357 2075 3557 2144 habent,
3583 2087 3632 2132 et

2055 2167 2157 2205 non
2201 2154 2577 2222 operabuntur;
2621 2159 2771 2228 pedes
2818 2162 3035 2229 habent,
3060 2173 3105 2217 et
3140 2182 3241 2219 non
3280 2167 3623 2223 ambulabunt.

2055 2243 2242 2301 Omnia
2272 2248 2369 2302 ista
2391 2249 2581 2304 artifex
2602 2292 2617 2317 ,
2646 2249 2795 2307 faber
2824 2256 3151 2324 argentarius
3176 2299 3190 2324 ,
3221 2259 3425 2314 aurifex
3450 2259 3628 2318 facere

2056 2337 2247 2409 potuit,
2276 2348 2330 2393 et
2355 2340 2557 2408 oculos,
2582 2352 2635 2396 et
2654 2357 2833 2412 aures,
2861 2354 2916 2400 et
2936 2362 3112 2414 nares,
3141 2358 3197 2403 et
3228 2364 3311 2415 os,
3340 2359 3395 2405 et
3415 2367 3624 2420 manus,

2056 2438 2110 2485 et
2128 2431 2311 2500 pedes;
2341 2431 2431 2487 sed
2460 2448 2559 2489 nec
2588 2434 2758 2491 lucem
2790 2438 2978 2503 oculis,
3004 2454 3103 2495 nec
3129 2439 3365 2497 auditum
3385 2444 3622 2511 auribus,

2057 2537 2155 2577 nec
2182 2538 2365 2578 vocem
2393 2525 2494 2591 ori,
2531 2542 2629 2582 nec
2655 2543 2868 2583 sensum
2898 2531 3133 2599 naribus,
3168 2548 3266 2588 nec
3292 2545 3494 2590 motum
3515 2551 3628 2592 ma-

2055 2613 2231 2684 nibus,
2264 2631 2361 2670 nec
2386 2617 2484 2671 iter
2514 2619 2732 2687 pedibus
2761 2620 2891 2676 dare
2919 2624 3107 2692 potuit.

2126 2705 2214 2762 24.
2261 2705 2631 2782 [vers.18.]0
2679 2712 2869 2779 homo,
2912 2715 3054 2771 rides
3094 2717 3203 2786 jam
3248 2719 3427 2788 procul
3465 2720 3629 2776 dubio

2056 2797 2198 2868 quod
2249 2800 2454 2867 fecisti,
2481 2803 2525 2857 si
2573 2817 2603 2857 a
2632 2820 2736 2875 quo
2791 2808 2959 2862 factus
3003 2822 3061 2862 es
3107 2812 3392 2887 agnovisti.
3425 2812 3497 2865 De
3524 2814 3629 2869 illis

2056 2900 2232 2946 autem
2261 2892 2351 2962 qui
2381 2908 2485 2947 non
2510 2907 2860 2965 agnoverunt,
2888 2898 3013 2969 quid
3034 2900 3272 2955 dicitur?
3293 2902 3499 2958 Similes
3525 2905 3630 2959 illis

2055 2983 2154 3036 sint
2182 3000 2352 3039 omnes
2368 2986 2454 3054 qui
2474 2987 2668 3058 faciunt
2692 3004 2771 3056 ea,
2786 3000 2831 3042 et
2848 3006 3016 3045 omnes
3028 2993 3112 3062 qui
3135 2994 3396 3062 conﬁdunt
3426 2996 3479 3049 in
3502 2996 3627 3052 illis.

2058 3074 2124 3129 Et
2150 3077 2367 3132 creditis
2390 3120 2402 3143 ,
2431 3079 2620 3135 fratres
2641 3122 2656 3147 ,
2689 3083 2913 3152 exprimi
2944 3084 2996 3138 in
3027 3086 3105 3139 eis
3143 3086 3422 3155 quamdam
3448 3088 3629 3143 simili-

2059 3169 2293 3224 tudinem
2320 3170 2603 3239 idolorum,
2631 3189 2735 3229 non
2764 3176 2977 3245 quidem
3008 3178 3061 3233 in
3090 3193 3248 3234 carne
3275 3194 3458 3236 eorum
3484 3224 3500 3250 ,
3528 3182 3622 3237 sed

2058 3262 2110 3316 in
2139 3263 2391 3321 interiore
2419 3267 2634 3323 homine
2649 3283 2857 3324 eorum.
2886 3269 3015 3325 Nam
3042 3286 3198 3327 aures
3222 3271 3436 3339 habent,
3451 3284 3506 3329 et
3525 3290 3629 3330 non

2060 3355 2281 3410 audiunt
2307 3374 2320 3411 :
2345 3358 2408 3411 ad
2441 3358 2559 3412 illos
2589 3360 2784 3430 quippe
2811 3362 3007 3416 clamat
3034 3363 3172 3419 Deus
3200 3407 3215 3431 ,
3253 3364 3349 3430 Qui
3370 3366 3516 3420 habet
3541 3384 3633 3422 au—

2057 3463 2136 3501 res
2162 3449 2422 3516 audiendi,
2448 3452 2624 3504 audiat
2643 3452 2856 3523 (Matth.
2888 3471 2962 3520 ιι,
2984 3457 3094 3526 15).
3120 3455 3315 3514 Oculos
3339 3458 3556 3527 habent,
3579 3470 3636 3516 et

2057 3556 2161 3595 non
2192 3542 2376 3597 vident
2404 3562 2417 3597 :
2449 3544 2649 3600 habent
2693 3546 2837 3601 enim
2887 3549 3074 3603 oculos
3114 3552 3375 3621 corporis,
3409 3553 3502 3608 sed
3528 3569 3633 3609 non

2059 3632 2255 3689 habent
2279 3635 2463 3690 oculos
2503 3636 2645 3693 fidei.
2669 3638 2909 3709 Denique
2931 3641 3185 3712 impletur
3221 3644 3337 3699 ha-e
3362 3644 3635 3715 prophetia

2059 3742 2154 3797 per
2187 3743 2378 3783 omnes
2418 3739 2644 3799 gentes:
2694 3730 2873 3786 videte
2912 3734 3179 3803 quomodo
3206 3734 3405 3789 dictum
3444 3736 3512 3790 sit
3541 3752 3636 3806 per

2064 3820 2396 3889 prophetam.
2431 3822 2570 3875 Nihil
2599 3824 2969 3893 allegoricum,
3002 3826 3137 3880 nihil
3182 3828 3459 3897 figuratum
3487 3842 3636 3882 com-

2058 3929 2299 3969 memoro
2332 3932 2344 3967 :
2397 3915 2683 3984 propriam,
2715 3932 3044 3986 expressam,
3070 3919 3384 3987 simplicem,
3414 3919 3636 3975 manife-

2059 4014 2193 4059 stam
2216 4006 2393 4060 audite
2408 4006 2742 4076 prophetiam
2763 4006 3091 4077 praedictam,
3111 4008 3281 4063 videte
3295 4010 3631 4080 completam.

2067 4097 2359 4164 Prwvaluit,
2390 4098 2579 4167 inquit,
2606 4098 2850 4152 Dominus
2871 4099 3110 4154 adversus
3131 4116 3213 4155 eos
3236 4118 3255 4166 ;
3284 4101 3538 4172 propheta
3554 4103 3636 4159 di-

2060 4193 2133 4246 cit
2172 4191 2490 4261 Sophonias.
2539 4192 2815 4247 Adversus
2840 4202 3199 4265 repugnantes
3228 4237 3240 4259 ,
3274 4195 3528 4252 adversus
3551 4212 3636 4252 re-

2062 4285 2324 4341 bellantes
2349 4327 2362 4351 ,
2395 4294 2450 4341 et
2478 4286 2544 4340 de
2574 4287 2847 4343 occisione
2876 4288 3112 4344 ﬁdelium
3150 4300 3410 4362 martyres
3441 4291 3639 4348 facien-

2062 4386 2140 4432 tes
2166 4420 2181 4444 ,
2221 4378 2315 4433 sed
2356 4388 2535 4434 tamen
2563 4380 2864 4436 nescientes
2896 4398 2909 4445 ;
2952 4379 3230 4437 Prwvaluit
3267 4383 3517 4441 Dominus
3539 4391 3637 4442 ad-

2060 4486 2227 4525 versus
2257 4488 2360 4525 eos.
2394 4471 2460 4526 Et
2509 4473 2777 4543 quomodo
2808 4475 3130 4543 praevaluit?
3173 4474 3229 4530 lu
3276 4476 3510 4533 Ecclesia
3541 4495 3636 4535 sua

2061 4563 2305 4618 videmus
2331 4566 2450 4634 quia
2485 4566 2763 4635 prcevaluit
2784 4566 3043 4623 adversus
3071 4584 3185 4624 eos.
3220 4569 3483 4625 Volebant
3507 4586 3639 4640 pau-

2061 4671 2153 4711 cos
2195 4657 2531 4712 ChriStianos
2561 4659 2943 4730 exstinguere,
2993 4661 3274 4727 occidere;
3325 4662 3635 4733 sanguinem

2061 4749 2347 4805 fuderunt:
2380 4750 2447 4807 de
2492 4753 2747 4822 sanguine
2797 4754 3095 4808 occisorum
3141 4754 3268 4806 tanti
3315 4768 3636 4809 exsurrexe-

2062 4852 2185 4897 runt
2215 4885 2228 4907 ,
2276 4860 2305 4898 a
2356 4846 2547 4914 quibus
2576 4845 2650 4899 illi
2680 4844 3055 4899 interfectores
3085 4854 3378 4915 martyrum
3419 4861 3639 4916 supera-

2062 4948 2265 4994 rentur.
2289 4938 2489 4993 Tamcn
2512 4948 2566 4994 et
2592 4938 2752 4994 modo
2772 4946 3016 5007 quaerunt
3041 4936 3129 4991 ubi
3152 4937 3482 4993 abscondant
3498 4938 3636 4994 idola

2062 5047 2175 5097 sua,
2207 5033 2294 5101 qui
2319 5033 2489 5101 primo
2509 5029 2841 5085 Christianos
2876 5037 3092 5099 prepter
3115 5028 3254 5083 idola
3279 5029 3634 5085 trucidabant.

2063 5124 2250 5179 Nonne
2306 5123 2578 5193 praevaluit
2622 5120 2881 5174 adversus
2922 5136 3015 5176 eos
3074 5120 3375 5175 Dominus?
3418 5121 3546 5177 Vide
3591 5125 3636 5179 si

2064 5217 2184 5271 facit
2211 5216 2352 5287 quod
2400 5214 2657 5285 sequitur,
2682 5211 2961 5266 Praevaluit
2988 5213 3233 5266 Dominus
3261 5214 3502 5270 adversus
3528 5232 3633 5270 eos.

2063 5310 2132 5364 Et
2159 5309 2284 5380 quid
2312 5308 2468 5363 fecit?
2485 5306 2852 5361 Exterminavit
2879 5306 3185 5359 omnestdeos
3207 5305 3442 5361 Gentium
3469 5318 3634 5375 teme;

2062 5414 2106 5458 et
2128 5404 2411 5457 adorabunt
2444 5417 2555 5454 eum
2585 5399 2923 5469 unusquisque
2946 5399 3008 5452 de
3033 5399 3141 5452 loco
3166 5416 3277 5465 suo,
3305 5416 3476 5454 omnes
3491 5401 3635 5453 insu-

2064 5496 2126 5549 la:
2153 5493 2387 5548 Gentium
2416 5492 2435 5559 (
2462 5492 2690 5563 Saphon.
2737 5506 2771 5545 Il
2796 5533 2807 5555 ,
2836 5489 2945 5562 H).
2974 5490 3110 5557 Quid
3138 5500 3220 5545 cst
3263 5491 3407 5544 hoc?
3444 5490 3634 5545 Nonne

2064 5587 2372 5658 prrcdictum
2395 5586 2551 5641 erat?
2573 5600 2748 5641 nonne
2775 5586 3100 5655 completum
3122 5585 3248 5640 est?
3275 5598 3454 5638 nonne
3477 5593 3531 5637 ut
3561 5584 3635 5637 le-

2123 5730 2138 5759 ¹
2166 5732 2293 5784 Mss,
2318 5736 2409 5774 non
2432 5724 2589 5775 vident
2615 5736 2631 5773 :
2653 5729 2705 5772 et
2734 5723 2816 5784 sic
2836 5720 2959 5770 infra
2998 5729 3216 5781 tempore
3260 5718 3486 5779 praesenti
3504 5754 3516 5771 .
3542 5730 3636 5768 mm

2060 5788 2279 5849 audiunt,
2313 5799 2402 5836 non
2427 5787 2643 5847 odorant,
2668 5797 2761 5834 non
2803 5783 3075 5846 loquuntur,
3115 5794 3205 5829 non
3238 5786 3516 5841 oprmntnr.
3542 5790 3637 5828 runt

2064 5850 2319 5901 ambulant.
