4160 6448
551 377 691 438 1755

558 500 721 571 gitur,
761 497 839 552 sic
886 496 1132 553 videtur?
1162 492 1228 548 Et
1278 490 1353 547 illi
1382 493 1471 563 qui
1516 500 1919 554 remanserunt,
1951 490 2137 543 oculos

559 594 782 657 habent,
816 590 870 646 et
900 603 1001 644 non
1034 587 1252 651 vident;
1296 600 1455 641 nares
1483 585 1711 650 habent,
1761 593 1815 638 et
1858 597 1965 637 non
2010 582 2139 636 odo-

559 692 698 742 rant.
740 683 855 739 Non
885 682 1119 736 sentiunt
1147 681 1290 733 illum
1322 679 1543 733 odorem
1577 696 1589 731 :
1621 677 1806 731 Christi
1830 675 1991 729 bonus
2016 675 2141 728 odor

560 788 750 837 sumus,
779 777 915 830 sicut
939 774 1069 827 dicit
1101 772 1408 842 Apostolus,
1429 773 1480 825 in
1513 772 1648 824 omni
1670 770 1780 823 loco
1813 771 1830 839 (
1856 768 1896 822 ll
1931 768 2048 823 Cor.
2078 780 2136 821 tt.

564 872 677 939 15).
700 869 834 935 Quid
867 864 1106 938 prodest,
1129 867 1248 933 quia
1285 882 1439 919 nares
1466 864 1682 924 habent.
1714 870 1767 919 et
1794 874 1896 917 nou
1916 862 2143 917 odorant

562 975 665 1017 tam
690 970 903 1015 suavem
934 956 1404 1015 otiort-tuilttristi‘?
1437 960 1574 1013 Vere
1600 960 1650 1012 in
1683 959 1784 1013 illis
1817 957 2009 1011 factum
2037 962 2139 1019 est,

560 1066 612 1111 et
646 1069 770 1109 vere
795 1054 862 1109 de
886 1055 989 1107 illis
1019 1054 1217 1107 dit-tum
1244 1063 1323 1106 ρει
1351 1096 1365 1117 ,
1392 1053 1596 1107 Similes
1618 1053 1720 1105 illis
1742 1053 1840 1105 sint
1872 1056 2040 1103 omnes
2060 1047 2144 1117 qui

558 1147 752 1217 faciunt
778 1163 856 1209 ea,
890 1152 935 1199 et
966 1160 1135 1198 omnes
1161 1146 1246 1210 qui
1279 1146 1543 1213 confidunt
1570 1146 1621 1197 in
1647 1147 1735 1199 eis.

633 1237 724 1290 25.
770 1234 917 1307 [rei-3.
949 1234 1030 1299 lli,
1050 1234 1166 1307 20.]
1196 1235 1299 1290 Sed
1342 1234 1578 1305 quotidie
1606 1236 1831 1291 credunt
1858 1244 1953 1308 per
1982 1239 2144 1295 mira-

565 1328 681 1383 Cula
713 1324 909 1381 Christi
942 1328 1149 1381 Domini
1184 1368 1197 1391 ,
1247 1328 1483 1397 quotidie
1528 1331 1841 1399 aperiuntur
1878 1334 2012 1387 oculi
2041 1349 2145 1388 cm-

563 1437 747 1475 Corom
780 1431 833 1474 et
871 1435 1027 1474 aures
1067 1421 1381 1486 surdornm,
1416 1422 1741 1491 inspirantur
1774 1432 1927 1478 nares
1960 1428 2142 1480 insen-

569 1523 826 1577 satornm,
852 1514 1218 1567 disSolvuntnr
1247 1530 1338 1566 ora
1370 1526 1635 1568 mutormn
1668 1558 1679 1578 ,
1711 1518 2147 1584 constringuntur

567 1620 756 1660 manus
786 1608 1221 1677 paralyticorum,
1242 1608 1580 1677 corriguntur
1607 1608 1770 1676 pedes
1791 1610 2096 1664 claudorum‘
2128 1654 2141 1676 ,

558 1699 625 1754 de
654 1701 913 1768 lapidibus
960 1701 1073 1753 istis
1101 1700 1401 1753 excitantur
1433 1696 1522 1753 ﬁlii
1554 1701 1781 1755 Abi-alia:
1808 1700 1827 1773 (
1862 1700 2043 1756 Matth.
2066 1716 2142 1770 ttt,

564 1790 652 1856 9):
688 1792 883 1859 quibus
913 1791 1159 1845 omnibus
1196 1791 1306 1859 jatn
1349 1790 1570 1852 dicatur,
1607 1789 1799 1847 Domus
1828 1792 1988 1847 Israel
2010 1837 2024 1858 ,
2058 1794 2145 1849 be-

562 1883 780 1935 nedicile
808 1882 1103 1935 Dominum.
1126 1879 1326 1936 Omnes
1363 1881 1454 1934 ﬁlii
1487 1880 1713 1935 Abrahte
1741 1900 1753 1946 ;
1785 1894 1837 1936 et
1864 1883 1906 1937 si
1928 1880 1996 1938 de
2015 1885 2146 1954 lapi-

567 1975 723 2029 dibus
775 1976 891 2028 istis
929 1976 1249 2029 suscitantur
1278 1974 1367 2028 ﬁlii
1416 1974 1661 2040 Abrabav,
1693 1976 2031 2031 manifestum
2064 1982 2146 2032 est

560 2068 682 2136 quia
717 2066 789 2119 illi
840 2074 963 2121 sunt
1010 2067 1177 2135 magis
1202 2065 1393 2120 domus
1421 2065 1601 2131 Israel,
1633 2068 1720 2136 qui
1769 2069 2036 2136 pertinent
2076 2068 2143 2123 ad

564 2156 779 2211 domum
808 2156 991 2223 lsrael,
1023 2158 1113 2226 qui
1146 2158 1413 2225 pertinent
1437 2156 1504 2211 ad
1543 2167 1723 2211 seuien
1766 2159 2013 2224 Abrabre,
2038 2175 2143 2215 non

557 2263 720 2303 Carne
750 2290 765 2314 ,
795 2248 888 2304 sed
918 2248 1021 2303 ﬁde
1050 2265 1062 2300 :
1102 2248 1294 2302 Domus
1320 2246 1508 2312 Israel,
1544 2248 1816 2303 benedicite
1848 2248 2140 2306 Dominum.

556 2343 659 2398 Sed
691 2343 771 2397 lac
800 2342 868 2398 de
896 2342 1056 2397 domo
1087 2343 1175 2396 illa
1204 2342 1308 2397 dici
1340 2384 1353 2402 .
1382 2351 1435 2397 et
1465 2344 1715 2412 pupulum
1750 2344 1907 2397 ISrael
1940 2345 2139 2409 vocari;

556 2436 895 2491 crediderunt
937 2437 1059 2491 inde
1094 2436 1337 2505 Apostoli
1371 2445 1425 2491 et
1469 2437 1629 2489 millia
1674 2437 2133 2493 circumcisorttnt.

556 2527 754 2582 Domus
778 2527 967 2592 Israel,
994 2528 1265 2581 benedirite
1294 2527 1594 2591 Dominum;
1617 2526 1812 2582 Domus
1842 2528 2035 2595 Aaron,
2058 2531 2143 2582 be-

556 2621 770 2675 nedicite
788 2618 1086 2685 Dominum;
1115 2618 1312 2673 Domus
1347 2618 1468 2672 Levi
1491 2661 1505 2685 ,
1536 2617 1809 2674 benedicite
1847 2619 2137 2675 Dominum.

557 2714 865 2770 Beuedicite
908 2715 1084 2783 populi
1141 2714 1418 2767 Dominum
1444 2755 1458 2779 ,
1496 2713 1596 2767 hoc
1622 2721 1704 2766 est
1725 2754 1739 2777 ,
1765 2715 1948 2768 domus
1979 2712 2139 2769 Israel

556 2806 896 2876 generaliter;
916 2804 1213 2859 benedicite
1243 2805 1533 2873 prceposili,
1566 2806 1665 2858 hoc
1692 2812 1792 2865 est.
1827 2803 2008 2859 domus
2036 2806 2142 2858 Aa-

560 2914 652 2950 ron
676 2913 695 2960 ,°
723 2896 1017 2951 benedicite
1047 2898 1294 2961 ministri,
1316 2898 1415 2951 hoc
1442 2907 1541 2955 est.
1560 2898 1737 2950 domus
1760 2896 1897 2952 Levi.
1922 2898 2055 2962 Quid
2079 2899 2144 2954 de

559 2989 769 3044 cantet-is
818 2989 1158 3043 nationibus?
1200 2990 1301 3055 Qui
1324 2990 1506 3044 timetis
1529 2990 1805 3044 Dominum
1830 3033 1844 3057 ,
1874 2992 2146 3047 benedicite

554 3080 851 3136 Dominum.

630 3174 718 3228 26.
755 3172 903 3245 [vers.
926 3171 1257 3245 2i.]0mnes
1285 3182 1414 3243 ergo
1449 3189 1549 3228 una
1581 3189 1713 3231 voce
1742 3175 1978 3230 dicamus
1999 3177 2143 3248 quod

555 3270 796 3337 sequitur
822 3284 835 3320 :
880 3266 1183 3321 Benedictus
1206 3267 1453 3322 Dominus
1479 3284 1543 3323 ea:
1570 3268 1696 3324 Sion
1715 3312 1727 3329 ,
1755 3272 1840 3339 qui
1870 3270 2060 3325 Itabitat
2087 3272 2141 3325 in

556 3356 861 3411 Jerusalem.
886 3358 955 3412 Et
979 3356 1105 3413 Sion
1137 3366 1192 3413 et
1215 3358 1531 3415 Jerusalem.
1562 3360 1686 3414 Sion
1710 3356 2031 3431 Speculatio,
2053 3362 2141 3417 Je-

556 3448 789 3502 rusalem
813 3448 955 3501 Visio
975 3450 1136 3517 pacis.
1158 3448 1210 3503 ln
1225 3464 1325 3518 qna
1339 3448 1631 3504 Jerusalem
1652 3464 1791 3507 nunc
1811 3452 2141 3509 habitaturus

567 3539 694 3593 est?
725 3540 777 3594 lit
807 3540 892 3595 illa
920 3558 1036 3610 qua:
1064 3542 1303 3596 cecidit?
1326 3542 1465 3607 Non,
1498 3543 1593 3597 sed
1636 3544 1685 3596 in
1719 3545 1803 3597 illa
1834 3550 2003 3601 matre
2043 3558 2139 3600 uu-

565 3642 696 3698 stra,
728 3649 848 3703 qua:
892 3645 968 3688 εει
998 3635 1047 3689 in
1077 3636 1248 3699 cmlis,
1280 3635 1347 3689 de
1373 3648 1472 3703 qua
1503 3632 1703 3689 dictum
1735 3646 1836 3701 est,
1864 3637 2018 3691 Multi
2047 3636 2143 3707 ﬁlii

560 3727 787 3790 deserta,
818 3728 977 3796 magis
1001 3745 1152 3796 quant
1182 3730 1291 3800 ejus
1307 3743 1421 3799 quo:
1447 3728 1592 3783 habet
1612 3732 1773 3782 virum
1799 3730 1948 3803 (lsai.
1977 3734 2138 3797 ιιν,1;

564 3816 735 3873 Colat.
778 3834 848 3883 iv,
871 3817 1093 3889 26,27).
1126 3819 1276 3874 Nunc
1304 3834 1431 3887 ergo
1463 3819 1720 3875 Dominus
1748 3830 1810 3874 ex
1840 3820 1967 3875 Sion
1990 3864 2002 3883 ,
2022 3823 2141 3891 quia

565 3910 903 3978 Speculamur
931 3910 1102 3981 quoad
1141 3912 1316 3965 veniat
1342 3913 1392 3964 ιε
1424 3925 1567 3965 nunc
1593 3924 1769 3966 tamen
1810 3913 2059 3981 quamdiu
2090 3914 2140 3967 in

559 4016 652 4069 Spe
687 4003 912 4057 vivimus
938 4042 953 4070 ,
988 4005 1039 4058 in
1066 4003 1193 4059 Sion
1241 4018 1444 4059 sumus.
1477 4003 1646 4081 Finita
1674 4004 1758 4059 via
1789 4005 2143 4063 habitabimus

562 4093 612 4147 in
647 4093 731 4147 illa
763 4095 1009 4160 civitate,
1056 4112 1175 4164 qua:
1217 4110 1484 4165 nunquam
1539 4098 1740 4151 ruitura
1781 4107 1897 4156 est:
1930 4100 2049 4169 quia
2089 4109 2143 4154 et

560 4183 815 4239 Dominus
845 4186 1043 4240 habitat
1073 4187 1122 4241 in
1145 4202 1228 4253 ea,
1257 4199 1308 4241 et
1331 4186 1695 4243 custoditeam
1719 4207 1731 4243 :
1755 4204 1875 4259 qua:
1899 4198 1983 4246 est
2010 4190 2143 4246 visio

559 4277 707 4346 pacis
725 4288 919 4331 {eterna
948 4278 1268 4345 Jerusalem,
1300 4283 1444 4349 pacis
1476 4280 1640 4343 illius,
1672 4281 1864 4337 fratres
1890 4283 1993 4337 mei
2020 4324 2033 4347 ,
2058 4283 2142 4337 eui

560 4368 836 4423 landandm
861 4370 1035 4441 lingua
1065 4389 1170 4426 non
1203 4373 1417 4437 sufﬁcit,
1450 4374 1539 4429 ubi
1570 4377 1772 4430 nullum
1802 4374 2009 4431 ImStem
2032 4377 2141 4446 jant

561 4460 853 4515 sentieuuts
885 4477 983 4517 nec
1007 4464 1056 4517 in
1085 4464 1320 4517 Ecclesia
1349 4492 1363 4527 δ
1393 4479 1491 4518 nec
1512 4475 1660 4520 extra
1688 4466 1984 4521 Ecclesium
2005 4508 2019 4533 ,
2046 4480 2141 4523 nec

562 4551 615 4607 in
643 4567 805 4608 carne
836 4562 1050 4620 nostra,
1079 4569 1176 4609 nec
1208 4556 1258 4608 in
1287 4554 1607 4624 cogitatione
1640 4566 1842 4610 nostra.
1876 4556 2143 4613 Ahsorbce

562 4643 706 4697 bitur
730 4660 874 4698 mors
903 4646 952 4699 in
985 4646 1258 4700 victoriam
1282 4645 1328 4717 (ι
1348 4647 1466 4701 Cor.-
1493 4661 1579 4715 κν,
1605 4648 1718 4717 54),
1750 4658 1803 4704 et
1828 4648 2140 4705 vacabintus

560 4736 625 4791 aii
655 4735 938 4791 videndum
983 4736 1147 4792 Deum
1170 4738 1222 4792 in
1246 4754 1378 4809 pace
1401 4748 1599 4795 aeterna
1624 4780 1638 4806 ,
1670 4740 1813 4796 cives
1840 4740 2139 4797 Jerusalem

561 4829 682 4885 laeti
713 4830 941 4885 civitatis
964 4831 1075 4885 Dei.

905 5040 988 5108 IN
1030 5042 1410 5110 PSALMUM
1480 5044 1780 5109 CXXXV

1145 5172 1561 5228 ENARRATIO.

634 5285 681 5336 ⁸.
715 5283 881 5357 [uers.
913 5287 963 5341 1.
994 5286 1014 5359 ]
1047 5285 1365 5355 Conﬁtemini
1409 5286 1629 5341 Domino
1672 5287 1907 5359 quoniam
1948 5286 2133 5350 bonus,

557 5376 798 5449 quoniam
843 5379 895 5432 in
941 5382 1178 5434 statutum
1220 5381 1565 5435 misericordia
1594 5382 1719 5450 ejus.
1755 5380 1994 5433 Psalmus
2041 5381 2140 5433 iste

556 5466 768 5526 laudem
798 5471 1035 5524 continet
1064 5472 1175 5537 Dei,
1200 5482 1253 5526 et
1276 5473 1465 5527 eodem
1496 5471 1653 5527 modo
1684 5472 1734 5525 in
1763 5473 2006 5525 omnibus
2032 5470 2140 5525 suis

556 5562 802 5618 versibus
825 5561 1156 5619 terminatur.
1192 5562 1438 5627 Proinde,
1474 5562 1715 5633 quamvis
1742 5563 1826 5617 bic
1852 5564 1901 5615 in
1934 5561 2139 5616 laudent

564 5654 659 5712 Dei
692 5656 854 5711 multa
886 5655 1147 5718 dicantur,
1170 5656 1400 5710 maxime
1423 5665 1598 5710 tamen
1633 5655 1748 5726 ejus
1781 5653 2139 5708 misericordia

568 5750 992 5815 commendatur,
1012 5748 1127 5803 sine
1144 5749 1295 5819 cujus
1314 5749 1776 5804 commendatione
1805 5748 2138 5819 apertissima

622 5886 639 5919 ⁸
660 5892 761 5938 Ant.
786 5890 839 5937 et
859 5890 990 5947 Nam,
1006 5885 1131 5951 quod
1148 5884 1319 5942 veniat.

1832 374 1889 429 S.
1932 366 2293 429 AlIGUSTlNl
2336 372 2636 432 Ll’lSCOPl

3706 381 3842 440 I756

2252 488 2454 545 nullum
2504 490 2717 547 veritum
2771 492 2949 548 claudi
2995 493 3199 561 voluit,
3255 498 3356 565 per
3404 512 3565 567 quem
3612 498 3845 569 Spiritus

2250 593 2465 639 sanctus
2522 583 2762 640 condidit
2817 585 3112 642 Psalmum.
3145 586 3370 642 Memini
3423 589 3605 644 autem
3656 604 3744 647 me
3791 594 3846 650 in

2251 675 2453 746 psalmo
2476 680 2774 733 centesimo
2811 680 3026 749 quinto,
3049 680 3141 751 qui
3169 681 3419 736 similiter
3444 683 3632 754 incipit
3652 727 3669 748 .
3694 702 3832 755 quo-

2251 771 2392 825 niam
2430 772 2599 827 codex
2624 788 2779 841 quem
2812 771 3076 839 intuebar,
3115 786 3218 829 non
3252 775 3413 831 liabet
3436 819 3452 839 ,
3479 778 3533 832 in
3561 789 3843 846 teternum;

2251 860 2367 929 sed,
2401 866 2452 916 in
2478 865 2715 918 swculum
2747 865 3091 921 misericordia
3116 868 3259 937 eius;
3296 871 3551 938 quaesisse
3580 872 3707 940 quid
3740 887 3839 941 po-

2253 956 2357 1009 tius
2393 952 2688 1025 intelligere
2727 956 3083 1012 deberemus:
3130 960 3181 1014 in
3210 975 3386 1030 graeco
3421 963 3563 1017 enim
3592 979 3841 1021 sermone

2252 1048 2506 1117 scriptum
2534 1058 2636 1111 est,
2669 1059 2735 1111 et;
2759 1054 2837 1104 τὸν
2862 1061 3014 1104 αἰῶνα
3041 1053 3180 1121 quod
3208 1062 3265 1108 et
3296 1054 3346 1107 in
3369 1056 3608 1109 StBt'ulttm
3638 1098 3653 1122 ,
3684 1069 3739 1112 et
3778 1060 3828 1114 in

2250 1140 2495 1197 orientem
2526 1147 2864 1214 interpretari
2900 1155 3094 1216 pote‘St.
3122 1144 3227 1204 Sed
3252 1149 3379 1218 quid
3406 1151 3513 1204 illic
3536 1174 3549 1213 ,
3576 1163 3628 1205 ut
3653 1155 3798 1223 potui
3820 1196 3835 1220 ,

2251 1235 2596 1292 disseruerim
2628 1280 2642 1305 ,
2672 1240 2833 1293 etiam‘
2866 1241 2951 1295 ltic‘
2978 1246 3221 1298 retexere
3266 1243 3483 1313 longum
3512 1254 3613 1300 est.
3646 1244 3697 1299 Iit
3740 1248 3837 1301 isto

2254 1338 2429 1383 autem
2460 1332 2665 1399 psalmo
2704 1333 2864 1385 etiam
2896 1333 3037 1387 idem
3073 1337 3186 1403 ipse
3212 1336 3382 1391 codex
3414 1348 3517 1389 non
3561 1332 3717 1392 habet
3739 1381 3752 1399 ,
3786 1341 3835 1393 in

2261 1422 2501 1475 suculam
2529 1464 2541 1485 ,
2569 1423 2709 1492 quod
2739 1418 2977 1493 plerique
3006 1425 3241 1489 habent;
3266 1426 3382 1491 sed,
3402 1429 3454 1481 in
3481 1438 3723 1482 aeternum
3747 1429 3835 1483 nti-

2252 1514 2528 1567 sericordia
2558 1517 2688 1584 ejus.
2733 1515 2887 1582 Quod
2916 1517 3015 1570 etsi
3045 1526 3167 1585 post
3190 1517 3451 1588 judicium
3484 1561 3497 1583 ,
3522 1530 3627 1588 quo
3657 1522 3705 1573 in
3734 1523 3836 1577 line

2252 1610 2430 1664 satculi
2462 1610 2563 1663 rivi
2593 1618 2646 1665 et
2673 1612 2864 1664 mnrtui
2892 1611 3163 1679 judicandi
3195 1621 3320 1667 Sunt.
3347 1656 3361 1679 ,
3401 1614 3579 1667 missis
3604 1614 3754 1683 juSIis
3786 1617 3833 1671 in

2252 1704 2414 1758 vitam
2442 1713 2721 1768 :eternam,
2763 1702 2958 1774 iniquis
2989 1717 3165 1761 autem
3190 1706 3242 1761 in
3271 1706 3659 1763 ambustionem
3683 1719 3835 1764 reter-

2253 1804 2396 1859 nam,
2423 1804 2527 1853 non
2556 1799 2661 1853 sint
2682 1798 2934 1867 deinceps
2960 1796 3121 1853 futuri
3150 1810 3375 1871 quorum
3395 1800 3568 1855 adhuc
3596 1803 3833 1858 miserea-

2254 1901 2337 1949 tur
2363 1892 2501 1951 Deus
2526 1915 2540 1961 ;
2572 1900 2716 1952 recte
2749 1908 2924 1952 tamen
2954 1892 3176 1968 intelligi
3207 1906 3385 1969 potest
3410 1898 3462 1953 in
3491 1910 3744 1954 aeternum
3765 1902 3837 1955 tuo

2256 1997 2367 2044 tura
2402 1988 2765 2046 misericordia
2782 1990 2917 2061 ejus,
2938 2006 3096 2061 quam
3129 1994 3238 2047 suis
3265 1992 3464 2046 sanctis
3493 1991 3835 2062 ﬁdelibusque

2251 2076 2473 2152 largitur
2498 2100 2509 2135 ε
2545 2097 2649 2137 ηοη
2677 2084 2797 2153 quia
2830 2084 2879 2138 in
2908 2091 3167 2137 attentum
3199 2083 3378 2137 miseri
3407 2093 3566 2139 erunt
3594 2128 3607 2149 ,
3636 2096 3687 2139 et
3715 2085 3831 2141 ideo

2252 2176 2303 2231 in
2336 2184 2595 2231 arternum
2646 2172 3013 2231 misericordia
3047 2175 3164 2245 ejbs
3202 2176 3549 2247 indigebunt;
3580 2177 3673 2233 sed
3716 2180 3835 2248 quia

2251 2269 2361 2339 ipsa
2390 2268 2662 2324 beatitudo
2685 2284 2843 2341 quam
2879 2268 3303 2325 misericorditer
3345 2270 3554 2325 miseris
3583 2278 3796 2340 praestat
3816 2315 3833 2338 ,

2250 2370 2308 2415 ut
2336 2377 2454 2416 esse
2475 2362 2655 2415 miseri
2684 2354 2935 2416 desinant
2961 2404 2976 2425 ,
3004 2368 3059 2417 et
3083 2362 3223 2417 beati
3256 2378 3375 2417 esse
3412 2356 3669 2434 incipiant
3694 2406 3707 2429 ,
3734 2380 3834 2419 non

2251 2452 2469 2509 habebit
2488 2454 2667 2517 ﬁnem,
2688 2454 2808 2509 ideo
2834 2455 2884 2508 in
2902 2462 3148 2509 teternum
3172 2454 3515 2509 misericordia
3541 2456 3669 2527 ejus.
3690 2457 3836 2526 Quod

2251 2549 2392 2602 enim
2422 2547 2549 2615 justi
2582 2549 2785 2603 erimus
2829 2554 2893 2602 ex
2925 2550 3121 2618 iniquis
3147 2591 3159 2612 ,
3192 2551 3302 2602 sani
3335 2565 3400 2604 ex
3432 2548 3659 2606 inﬁrmis
3688 2595 3701 2618 ,
3731 2552 3835 2606 vivi

2249 2640 2312 2695 ex
2345 2641 2569 2694 mortuis
2603 2684 2616 2705 ,
2640 2638 2969 2695 immortales
2999 2657 3064 2695 ex
3107 2639 3452 2705 mortalibus,
3484 2642 3623 2696 beati
3665 2659 3727 2697 et
3752 2645 3842 2699 mi-

2251 2735 2384 2787 Scrls
2407 2775 2423 2799 ,
2453 2732 2813 2787 misericordia
2841 2733 2957 2801 ejus
2979 2740 3079 2788 est.
3110 2733 3221 2787 lloe
3248 2740 3422 2786 autem
3462 2728 3601 2803 quod
3637 2735 3705 2789 ita
3732 2736 3838 2790 eri-

2250 2836 2391 2892 mus.
2422 2820 2473 2879 in
2507 2836 2765 2879 atternum
2810 2827 2911 2880 erit
2941 2844 2952 2879 :
2982 2841 3108 2893 ergo
3138 2826 3192 2878 in
3218 2830 3461 2879 (sternunt
3488 2828 3843 2883 misericordia

2250 2917 2381 2986 ejus.
2417 2916 2665 2979 Proinde,
2693 2915 3018 2984 Con/itemini
3041 2916 3282 2980 Domino,
3312 2917 3358 2969 id
3390 2926 3501 2981 est,
3533 2918 3845 2972 conﬁtendo

2250 3000 2461 3060 laudate
2494 3007 2805 3071 Dominum;
2839 3007 3077 3077 quoniam
3106 3008 3285 3063 bonus.
3316 3004 3421 3063 Nec
3457 3024 3550 3077 pro
3575 3007 3677 3063 hac
3706 3022 3843 3063 con-

2251 3094 2481 3151 fessione
2523 3098 2719 3167 aliquid
2767 3100 2895 3153 estis
2940 3101 3232 3169 temporale
3272 3101 3571 3170 sumpturi;
3602 3102 3847 3171 quoniam

2250 3189 2301 3245 in
2328 3200 2570 3246 teternum
2600 3193 2941 3248 misericordia
2969 3194 3078 3265 ejus
3104 3238 3119 3261 ,
3146 3193 3197 3249 id
3229 3200 3330 3256 est,
3362 3196 3677 3250 beneﬁcium
3698 3198 3845 3267 quod

2250 3285 2401 3340 Vobis
2428 3278 2848 3341 misericorditer
2876 3296 3111 3355 prmstztt,
3144 3290 3402 3343 aeternum
3431 3296 3531 3344 est.
3559 3291 3713 3359 Quod
3740 3309 3841 3345 au-

2250 3374 2355 3433 tem
2387 3379 2564 3443 liabet,
2598 3378 2848 3445 Quoniam
2871 3376 3047 3447 bonus,
3077 3382 3282 3451 gra-cus
3306 3378 3466 3437 liabet
3490 3385 3659 3449 ἀγαθὸς
3687 3402 3699 3434 :
3727 3401 3842 3440 non

2249 3472 2389 3525 sicut
2434 3470 2484 3524 in
2522 3472 2722 3540 psalmo
2769 3472 3061 3525 centesimo
3089 3468 3137 3527 el
3172 3472 3390 3541 quinto;
3426 3473 3565 3543 quod
3611 3474 3677 3529 ibi
3710 3486 3797 3530 est
3827 3520 3839 3539 ,

2254 3556 2505 3631 Quoniam
2547 3564 2725 3629 bonus,
2754 3568 2957 3633 graicns
2998 3558 3153 3617 habet
3193 3573 3412 3633 χρηστὸς.
3448 3562 3569 3619 Ideo
3598 3567 3839 3622 nmmulli

2248 3654 2375 3712 illud
2399 3654 2728 3727 interpretati
2755 3648 2895 3722 Sunt,
2921 3659 3179 3724 Quoniam
3210 3656 3386 3716 suavis
3416 3666 3515 3715 eSt.
3548 3666 3723 3727 Αγαθὸς
3746 3677 3841 3715 au-

2251 3740 2358 3805 tem
2390 3767 2495 3806 non
2524 3762 2809 3823 utcumque
2842 3742 3032 3822 bonus,
3065 3750 3159 3809 sed
3182 3755 3632 3811 excellentisﬂme
3668 3755 3840 3811 bonus

2249 3856 2351 3899 CSI.

2318 3935 2372 3991 ‘2.
2415 3926 2583 4009 [vers.
2611 3934 2675 3999 2,
2702 3935 2794 4011 3.]
2834 3936 3032 3992 Deinde
3070 3939 3311 4009 Sequitur
3338 3956 3353 3994 :
3384 3940 3703 4007 Conﬁtcmini
3728 3937 3839 3995 Deo

2249 4028 2458 4083 deorum
2477 4045 2495 4092 ;
2538 4030 2771 4098 quoniam
2802 4030 2853 4083 in
2883 4039 3127 4083 wternum
3157 4028 3501 4085 misericordia
3540 4033 3671 4101 ejus.
3707 4031 3839 4087 Con-

2249 4116 2463 4191 ﬁlemini
2488 4120 2707 4175 Domino
2736 4121 3095 4187 dominorum;
3125 4126 3358 4193 quoniam
3387 4123 3438 4176 in
3471 4135 3711 4177 wternum
3742 4126 3838 4179 ini—

2248 4208 2520 4265 sericordia
2558 4214 2684 4283 ejus.
2729 4212 2951 4278 Quinam
2992 4214 3097 4267 sint
3138 4208 3211 4268 dii
3244 4224 3293 4268 et
3322 4215 3561 4282 domini,
3608 4231 3835 4287 quorum

2248 4293 2469 4361 deerunt
2502 4312 2553 4361 et
2584 4304 2917 4361 dominorunt
2962 4304 3027 4361 sit
3066 4306 3203 4363 Deus
3232 4314 3284 4361 et
3318 4307 3607 4372 Dominus,
3640 4309 3732 4377 qui
3759 4319 3837 4363 est

2248 4392 2406 4452 iterus
2444 4398 2621 4462 Dens;
2672 4398 2862 4452 merito
2892 4398 3054 4467 (μιαιτί
3098 4398 3254 4453 solet.
3302 4397 3368 4453 Et
3396 4398 3653 4468 seriptum
3690 4402 3834 4453 inve-

2248 4484 2423 4543 nitntis
2452 4488 2501 4541 in
2525 4488 2628 4541 alio
2653 4488 2877 4557 psalmo,
2906 4484 3035 4543 deos
3062 4490 3219 4543 etiam
3249 4488 3490 4543 homines
3516 4490 3831 4559 appellatos.

2248 4578 2403 4638 siculi
2430 4594 2507 4641 est
2529 4625 2542 4646 ,
2568 4581 2706 4637 Deus
2744 4584 2874 4636 stetit
2921 4582 2973 4636 in
3016 4600 3271 4654 synagoga
3312 4583 3558 4645 deorum;
3590 4585 3641 4637 in
3675 4584 3832 4637 medio

2248 4682 2415 4731 autem
2443 4677 2561 4730 deos
2590 4672 2865 4730 discernit:
2888 4684 2937 4729 cl
2969 4676 3122 4745 paulo
3151 4686 3286 4745 po~t.
3321 4675 3428 4747 Ego
3454 4676 3582 4740 dixi,
3617 4670 3701 4729 Dii
3724 4676 3832 4731 estis

2248 4778 2295 4823 et
2320 4767 2415 4837 ﬁlii
2440 4751 2641 4822 Ercelsi
2669 4784 2881 4831 omnes;
2910 4785 2994 4821 vos
3021 4777 3185 4821 autem
3207 4770 3261 4820 ut
3283 4766 3505 4822 homines
3529 4768 3826 4833 moriemini,

2247 4868 2293 4916 et
2319 4856 2446 4915 sicut
2478 4876 2606 4913 unus
2634 4876 2696 4913 ex
2718 4854 3027 4929 principibus
3048 4856 3256 4911 cadetis.
3288 4848 3439 4925 Quini
3472 4860 3826 4912 testimonium

2247 4954 2406 5009 etiam
2454 4952 2708 5006 Dominus
2756 4951 2807 5004 iu
2853 4949 3137 5020 Evangelio
3180 4954 3566 5004 commemorat.
3609 4950 3827 5004 dicens:

2248 5041 2437 5098 Nonne
2466 5045 2707 5112 scriptum
2734 5044 2805 5094 est
2833 5041 2882 5093 in
2912 5038 3044 5113 Lege
3072 5048 3252 5104 vestra,
3282 5041 3420 5109 quia,
3451 5036 3562 5107 Ego
3592 5041 3717 5105 diri,
3749 5038 3829 5093 Dii

2247 5138 2412 5192 estis?
2442 5136 2502 5190 Si
2528 5136 2641 5188 illos
2669 5134 2796 5187 dixit
2827 5137 2965 5196 deos,
2996 5133 3063 5185 ad
3093 5150 3214 5201 quos
3241 5149 3402 5185 sermo
3428 5131 3523 5185 Dei
3549 5136 3711 5203 factus
3735 5143 3823 5197 est,

2248 5238 2292 5284 et
2322 5242 2421 5281 non
2451 5235 2609 5297 potest
2639 5225 2763 5278 solvi
2794 5225 3090 5295 Scriptura;
3122 5238 3267 5293 quem
3295 5223 3450 5278 Pater
3478 5227 3823 5294 sanctiﬁcuuit,

2248 5330 2294 5374 et
2324 5318 2457 5371 misit
2488 5317 2537 5370 in
2566 5316 2831 5382 mundum,
2864 5333 2948 5369 vos
2975 5314 3138 5369 dicitis
3168 5310 3307 5384 quia,
3335 5312 3686 5386 Blaspltemas,
3714 5318 3825 5381 quia

2248 5408 2375 5475 dixi,
2403 5398 2570 5462 Filius
2600 5407 2695 5460 Dei
2724 5414 2835 5461 sum
2860 5404 3040 5476 (Joan.
3064 5423 3118 5472 χ,
3147 5404 3387 5478 34-56)?
3414 5405 3525 5464 Non
3555 5425 3680 5477 ergo
3708 5406 3826 5476 quia

2248 5502 2371 5558 boni
2404 5510 2525 5557 Sunt
2556 5515 2774 5564 omnes,
2810 5498 2902 5554 sed
2930 5500 3050 5569 quia
3082 5508 3258 5554 sermo
3290 5496 3384 5554 Dei
3425 5500 3489 5554 ad
3520 5501 3635 5555 illos
3664 5499 3828 5554 ﬂictus

2248 5600 2363 5659 εει,
2396 5588 2641 5663 appellati
2684 5600 2807 5645 sunt
2844 5584 2937 5644 dii.
2985 5588 3114 5645 Nam
3159 5591 3201 5644 si
3236 5596 3511 5661 proliterea
3556 5592 3675 5661 quia
3705 5590 3825 5644 boni

2249 5682 2431 5744 essent
2469 5698 2683 5751 omnes,
2732 5698 2836 5739 non
2881 5686 2957 5740 sic
3003 5698 3097 5740 eos
3138 5684 3471 5753 dijudicaret.
3517 5686 3650 5742 Cum
3686 5687 3825 5739 enim

2248 5779 2510 5844 dixisset,
2539 5778 2682 5833 Deus
2710 5777 2843 5833 stetit
2877 5778 2932 5832 in
2957 5790 3216 5849 synagoga
3243 5778 3488 5847 deorum;
3520 5796 3623 5835 non
3652 5779 3740 5843 ait,
3771 5778 3824 5831 ln

2263 5873 2441 5934 medio
2467 5873 2598 5931 deos
2626 5879 2681 5929 et
2702 5869 2946 5932 homines
2975 5869 3246 5942 discernit,
3279 5882 3528 5947 tanquam
3552 5871 3835 5934 oswndens
