4160 6482
450 536 582 621 quid
626 550 837 607 intersit
878 551 1015 609 inter
1046 553 1177 610 deos
1207 560 1259 610 'et
1288 542 1529 610 homines
1559 572 1571 608 :
1603 544 1695 610 Sed
1730 599 1742 621 ,
1777 546 1841 610 In
1872 544 2035 608 inedia

436 638 638 716 inquit,
664 646 784 700 deos
810 636 1065 701 discerni).
1091 632 1292 704 Deinde
1319 646 1576 717 sequitur,
1605 634 1874 719 Usquean
1892 636 2039 721 judi-

432 739 568 793 catis
600 740 915 805 iniquitatem
944 722 1116 810 (βω).
1151 740 1333 804 taxat,
1363 724 1412 800 l,
1440 740 1491 803 2,
1519 732 1570 803 ti.
1598 724 1695 809 '7)?
1724 748 1777 795 'ct
1802 740 2032 796 eastern:

432 846 561 902 qum.
593 833 774 904 utique
821 832 923 886 non
956 826 1201 887 omnibus
1231 826 1322 888 sed
1365 820 1679 901 quihusdth
1712 832 1837 888 dicit
1863 878 1878 901 ,
1911 834 2033 904 quia

432 920 760 980 discernens
794 924 921 980 dicit
948 944 964 992 ;
998 926 1050 981 et
1082 928 1254 981 tamen
1287 930 1337 980 iit
1365 918 1526 981 medio
1558 928 1677 981 deos
1705 929 1958 982 discernit.

511 1008 570 1074 3.
609 1020 713 1076 Sed
754 1022 1031 1091 qmeritur,
1076 1022 1119 1077 si
1162 1024 1403 1077 homines
1442 1019 1504 1077 ad
1546 1040 1680 1093 quos
1721 1039 1900 1079 sermo
1942 1024 2030 1078 Dei

430 1096 619 1167 fictus
646 1123 745 1170 est.
773 1112 843 1165 dii
874 1123 1146 1177 vorantur,
1179 1126 1351 1168 utrum
1381 1126 1429 1169 ct
1456 1102 1637 1186 Angrli
1665 1116 1883 1169 Vocandi
1912 1126 2035 1170 sntit

431 1204 510 1258 dii
537 1222 552 1268 ;
599 1222 719 1259 cum
756 1204 1057 1261 hominibus
1082 1198 1242 1276 juSIis
1271 1218 1322 1262 et
1349 1204 1549 1262 sanctis
1577 1210 1864 1263 maximum
1894 1226 2029 1276 pra--

430 1295 608 1350 ῐιιίιιιιι
644 1297 985 1367 promittatur
1014 1300 1288 1365 a'qnalitas
1321 1286 1661 1354 [\nu‘rlorutn.
1714 1298 1773 1355 Et
1805 1303 1854 1355 in
1888 1300 2032 1357 Seri-

431 1389 619 1460 pturis
646 1387 857 1457 quidem
891 1389 1072 1443 nescio
1099 1384 1273 1444 utrum
1296 1390 1380 1445 vel
1405 1390 1594 1462 possit,
1621 1390 1701 1445 vel
1730 1380 1883 1447 lacile
1912 1410 2032 1463 pos-

432 1480 503 1532 sit
539 1481 788 1547 reperiri,
820 1489 1003 1550 aperte
1031 1478 1200 1535 dictos
1224 1481 1452 1550 Angelos
1482 1482 1647 1548 deos;
1689 1470 1781 1537 sed
1814 1500 1932 1539 cum
1966 1476 2032 1540 de

436 1570 676 1626 Domino
704 1573 810 1626 Deo
831 1572 1026 1626 dictum
1055 1566 1217 1635 esset,
1245 1558 1502 1627 Terribilis
1525 1591 1676 1642 super
1698 1593 1867 1629 omnes
1890 1578 2028 1642 deos,

436 1678 538 1716 cur
570 1663 670 1715 hoc
696 1662 915 1723 dixerit.
946 1666 1199 1718 continuo
1226 1660 1369 1720 Vt'llll
1394 1666 1708 1734 eXponendo
1732 1669 2027 1735 conjunxit,

441 1755 701 1821 Quoniam
724 1756 796 1809 dii
818 1755 1050 1810 Gentium
1074 1759 1323 1810 daemonia
1350 1742 1517 1827 (Psal.
1542 1752 1733 1825 xcv,zl,
1754 1760 1829 1828 5).
1860 1754 2031 1828 Super

442 1834 578 1903 tales
606 1847 737 1903 deos
766 1847 899 1902 dixit
928 1837 1207 1903 Dominum
1242 1850 1530 1904 terribilem
1566 1852 1615 1904 in
1657 1850 1856 1905 sanctis
1895 1853 2027 1917 suis,

440 1955 577 2011 quos
607 1930 774 1996 cados
802 1926 959 2008 fecit,
988 1958 1017 1996 a
1044 1944 1236 2013 quibus
1265 1943 1525 1998 (ltPtllOtlla
1558 1956 1904 2001 terrerentur.
1941 1946 2030 2002 Sic

443 2034 587 2111 enim
614 2033 886 2105 sequitur,
918 2030 1168 2091 Dominus
1198 2047 1359 2091 autem
1388 2040 1538 2092 cmtos
1565 2028 1700 2111 fecit.
1734 2024 1848 2094 Non
1878 2057 2026 2108 ergo,

443 2110 523 2181 Dii
565 2127 681 2183 sine
724 2114 1123 2195 additamenta;
1174 2130 1300 2195 sed,
1332 2118 1407 2185 Dii
1440 2110 1688 2187 Gentium
1717 2132 1977 2188 dasmoiiia
2012 2153 2024 2188 :

442 2221 688 2289 Superius
718 2229 915 2285 tamen,
948 2210 1204 2277 Terribilis
1224 2264 1239 2290 ,
1268 2219 1470 2294 inquit,
1498 2242 1649 2296 super
1676 2242 1846 2280 omnes
1876 2227 2027 2293 deos;

445 2327 553 2367 non
585 2313 694 2379 ait,
727 2328 888 2383 super
915 2329 1102 2369 omnes
1130 2310 1260 2370 deos
1290 2304 1572 2380 Gentium,
1600 2318 1839 2387 quamvis
1870 2317 2023 2372 intel-

441 2406 530 2475 ligi
574 2405 676 2462 hoc
714 2408 975 2475 voluerit,
1007 2404 1252 2465 addendo
1292 2411 1433 2481 quod
1465 2413 1739 2483 sequitur,
1776 2410 2027 2479 Quoniam

439 2497 508 2551 dii
541 2482 774 2553 Gentium
795 2499 1068 2553 dwmonia.
1098 2501 1249 2567 Quod
1276 2503 1489 2572 quidem
1519 2504 1568 2558 in
1594 2504 1810 2559 hebrch
1835 2503 2028 2559 dicitur

438 2605 543 2646 non
574 2590 643 2645 ita
678 2605 799 2647 esse
829 2592 1123 2662 scriptum;
1168 2590 1261 2648 sed
1284 2637 1299 2660 ,
1332 2580 1418 2649 Dii
1456 2594 1688 2650 Gentium
1731 2597 2023 2651 simulacra.

438 2683 590 2755 Quod
616 2685 661 2741 si
679 2701 861 2743 verum
888 2695 990 2755 est,
1014 2687 1181 2743 multo
1202 2676 1373 2760 magis
1392 2689 1643 2746 credendi
1670 2700 1793 2745 sunt
1810 2690 2029 2760 Septua-

436 2791 578 2849 ginta
611 2782 788 2853 divino
821 2783 1016 2849 Spiritu
1064 2782 1415 2850 interpretati,
1446 2800 1551 2852 quo
1594 2785 1792 2853 Spiritu
1837 2794 1888 2839 ct
1936 2784 2020 2839 illa

436 2867 575 2925 dicta
608 2852 733 2925 δωιῖ
760 2888 875 2942 quae
909 2872 958 2924 in
994 2873 1219 2927 hcbraris
1250 2864 1442 2929 litteris
1472 2885 1611 2930 sunt.
1648 2870 1845 2932 Eodem
1875 2894 2026 2932 nam-

435 2978 538 3034 que
578 2973 833 3035 Opcrante
869 2948 1067 3034 Spiritu
1090 3010 1105 3029 ,
1132 2967 1290 3020 etiam
1324 2965 1425 3022 hoc
1465 2966 1566 3022 dici
1614 2971 1847 3037 OltOI'lllll
1880 2968 2021 3041 quod

434 3055 633 3112 dictum
660 3068 740 3113 cst
761 3099 777 3122 ,
803 3056 891 3112 Dii
930 3057 1163 3113 Gentium
1191 3059 1439 3113 da'mania
1468 3076 1486 3114 :
1520 3071 1568 3113 ut
1606 3061 2022 3131 intelligeremus

433 3150 512 3206 sic
537 3150 697 3205 etiam
724 3150 775 3203 in
808 3149 1022 3205 hebraco
1050 3151 1303 3221 positum,
1332 3138 1417 3204 Dii
1448 3149 1682 3205 Gentium
1710 3152 2018 3217 simulacra;

434 3256 493 3301 ut
520 3245 781 3300 daemonia
814 3245 989 3315 potius
1014 3261 1133 3316 qua:
1165 3255 1288 3299 sunt
1316 3245 1366 3298 in
1399 3245 1723 3308 simulacris,
1754 3246 2021 3316 signiﬁca—

434 3348 642 3395 rentur.
688 3336 818 3392 Nam
865 3336 1006 3406 quod
1051 3337 1240 3392 attinet
1280 3336 1347 3391 ad
1393 3322 1502 3406 ipsa
1552 3324 1868 3404 simulacra,
1902 3354 2021 3408 qua:

430 3446 605 3501 graece
633 3430 968 3500 appellantur
995 3428 1155 3493 idola,
1189 3445 1292 3498 quo
1324 3414 1536 3484 nomine
1560 3429 1669 3499 jam
1702 3427 1898 3484 utimur
1927 3446 2020 3499 pro

430 3526 627 3589 latino,
660 3524 843 3579 oculos
875 3524 1071 3578 habent
1109 3534 1162 3577 et
1193 3538 1297 3576 non
1324 3508 1536 3587 vident;
1584 3532 1637 3577 et
1678 3528 1870 3577 ea-tcra
1901 3538 2019 3591 qua:

430 3619 500 3673 de
526 3618 609 3674 his
648 3616 766 3672 ideo
793 3616 1075 3682 dicuntur,
1108 3615 1228 3685 quia
1257 3615 1399 3668 omni
1431 3614 1592 3669 sensu
1623 3625 1805 3669 carent
1838 3635 1851 3670 :
1882 3630 2015 3686 quo—

427 3712 571 3765 circa
604 3724 703 3766 nec
732 3710 919 3764 terreri
964 3717 1211 3778 possunt,
1241 3710 1360 3778 quia
1395 3708 1495 3762 niSi
1522 3723 1584 3763 ea
1611 3725 1728 3779 qum
1759 3708 2014 3774 sentiunt,

429 3803 617 3859 terreri
669 3804 852 3872 utique
896 3817 1000 3856 non
1038 3812 1280 3871 pessum.
1324 3788 1600 3869 Quomodo
1642 3818 1769 3871 ergo
1815 3790 2015 3856 dictant

428 3904 513 3952 est
540 3896 609 3950 de
638 3895 863 3948 Domino
883 3935 898 3957 ,
925 3892 1188 3948 Terribilis
1214 3903 1285 3947 est
1322 3909 1473 3961 super
1501 3909 1671 3946 omnes
1706 3893 1827 3947 deos
1846 3936 1860 3956 ,
1889 3911 2018 3963 quo-

425 3989 567 4043 niam
595 3986 668 4042 dii
695 3984 928 4041 Gentium
955 3987 1255 4049 simulacra,
1287 3984 1388 4039 nisi
1418 3999 1512 4053 per
1537 3984 1819 4037 simulacra
1851 3983 2014 4039 intel-

425 4079 659 4151 ligantur
688 4078 973 4142 daemonia,
1004 4094 1123 4149 quin
1153 4078 1339 4132 terreri
1370 4075 1635 4147 possunt?
1679 4062 1833 4132 Unde
1860 4074 1929 4130 ait
1964 4088 2015 4130 et

425 4172 751 4242 Apostolus,
783 4171 984 4227 Scimus
1019 4172 1139 4244 quia
1179 4170 1306 4224 nihil
1334 4180 1403 4224 est
1432 4169 1623 4223 idolum
1663 4185 1681 4223 :
1727 4154 1826 4223 hoc
1870 4170 2009 4244 enim

428 4264 611 4320 retulit
639 4263 705 4318 ad
745 4242 1318 4318 materiamrterreuam
1362 4276 1525 4317 sensu
1552 4271 1845 4315 carentem.
1882 4242 2009 4315 ltem

425 4370 496 4410 ne
547 4356 829 4426 quisquam
879 4362 1089 4424 putaret
1135 4369 1240 4408 non
1289 4368 1409 4407 esse
1466 4352 1694 4422 aliquam
1746 4352 2012 4406 viventem

425 4448 851 4518 seutientemque
893 4457 1156 4513 naturam,
1186 4462 1303 4518 quae
1329 4446 1577 4501 Gentium
1618 4444 1893 4499 sacriﬁciis
1920 4438 2015 4499 de-

426 4540 675 4604 leCIetur,
707 4539 949 4611 adjunxit
979 4557 992 4594 :
1025 4541 1129 4595 Sed
1158 4555 1270 4609 qua:
1296 4539 1559 4593 immolant
1587 4524 1791 4602 Gentes,
1826 4526 2015 4591 dmino-

426 4632 527 4685 niis
555 4630 853 4694 immolant;
870 4639 917 4684 et
944 4646 1047 4683 non
1076 4628 1203 4683 Deo.
1234 4629 1284 4683 Ν
1291 4631 1372 4683 olo
1393 4646 1478 4683 vos
1498 4628 1658 4682 socios
1682 4626 1792 4696 ﬁeri
1820 4628 2010 4681 da'mo-

425 4725 627 4779 niorum
666 4723 720 4794 (l
745 4721 860 4777 Cor.
886 4738 949 4789 ι,
972 4714 1099 4795 20).
1140 4722 1194 4778 Si
1225 4738 1351 4791 ergo
1399 4724 1655 4791 nusquam
1703 4722 1753 4774 in
1786 4714 2013 4791 eloquiis

426 4814 622 4869 divinis
653 4812 915 4883 reperitur
941 4822 1157 4869 sanctos
1178 4814 1413 4884 Angelos
1440 4814 1737 4883 appellatos
1767 4808 1918 4876 deos,
1947 4826 2009 4867 ea

428 4905 557 4962 mihi
584 4920 739 4962 causa
769 4906 1103 4976 potissimum
1139 4906 1402 4971 occurrit,
1431 4921 1495 4958 ne
1527 4892 1628 4960 isto
1670 4906 1884 4959 nomine
1909 4903 2009 4957 ho-

424 5000 597 5054 mines
626 4999 692 5053 ad
722 4998 823 5055 hoe
858 4999 1284 5064 aadilicarentur,
1317 5010 1374 5052 ut
1400 4999 1753 5052 ministerium
1786 4998 1865 5052 vel
1898 5012 2011 5053 ser-

425 5092 609 5147 vitium
634 5082 906 5161 religionis
925 5132 941 5155 ,
967 5106 1085 5160 qua:
1112 5105 1287 5159 graece
1317 5090 1522 5161 liturgia
1543 5130 1558 5156 ,
1589 5089 1669 5144 vel
1702 5086 1849 5144 Iatria
1878 5090 2011 5145 diei-

427 5191 535 5249 tur,
564 5182 766 5236 sanctis
790 5182 1007 5251 Angelis
1034 5180 1355 5235 exhiberem
1379 5197 1393 5245 ;
1434 5166 1574 5249 quod
1609 5195 1705 5236 nec
1735 5178 1833 5249 ipsi
1859 5176 2010 5235 exhi—

424 5274 535 5329 heri
567 5274 632 5327 ab
658 5275 963 5329 hominibus
989 5275 1194 5335 Volunt,
1221 5275 1319 5327 nisi
1346 5273 1416 5327 illi
1444 5275 1551 5329 Deo
1573 5272 1659 5344 qui
1687 5272 1741 5327 et
1770 5275 2006 5344 ipsorum

423 5377 476 5423 et
528 5369 800 5423 hominum
849 5369 988 5424 Deus
1033 5378 1134 5423 est.
1187 5367 1337 5424 Unde
1382 5369 1548 5423 multo
1597 5369 1778 5425 utilius
1820 5370 2006 5441 Angeli

423 5470 720 5527 vocantur,
768 5462 860 5533 qui
907 5462 1069 5518 latine
1115 5462 1282 5517 nuntii
1332 5472 1750 5532 nuncupantur;
1808 5474 1865 5518 ut
1910 5480 2005 5535 per

344 5620 359 5629 η
422 5567 620 5610 nomen
650 5568 757 5610 non
784 5554 1112 5620 substantiae,
1146 5555 1239 5611 sed
1270 5554 1454 5621 officii,
1488 5556 1617 5611 satis
1650 5556 2003 5625 intelligamus

423 5647 572 5702 illum
606 5647 775 5703 Deum
801 5662 831 5702 a
862 5648 1016 5702 nobis
1059 5664 1151 5703 eos
1191 5649 1294 5703 coli
1336 5648 1505 5712 velle,
1536 5664 1692 5718 quem
1736 5650 1998 5704 nuntiant.

421 5736 612 5796 Totam
657 5754 788 5810 ergo
832 5740 986 5796 istam
1034 5742 1384 5809 quaestionem
1432 5741 1666 5795 breviter
1713 5741 2002 5809 Apostolus

420 5833 598 5899 solvit,
629 5832 716 5887 ubi
743 5832 817 5887 ait
849 5849 864 5887 :
894 5830 1034 5885 Nam
1060 5831 1151 5885 etsi
1178 5842 1295 5885 sunt
1322 5833 1409 5903 qui
1437 5833 1672 5887 dicantur
1698 5833 1791 5899 dii,
1823 5834 1926 5887 sive
1948 5836 1999 5888 in

420 5937 574 6001 aeto,
608 5929 709 5984 sive
750 5929 803 5985 in
843 5938 1013 5996 terra;
1055 5926 1477 6002 quemadmodum
1505 5937 1620 5985 sunt
1660 5927 1740 5983 dii'
1772 5930 1919 5987 multi
1947 5943 1992 5989 ct

1528 426 1926 493 sumasne
1963 420 2030 491 tu
2068 424 2388 498 PSALMUM
2426 443 2688 503 cxxxv.

3584 446 3728 526 175’s

2140 550 2335 611 domini
2378 560 2563 627 multi;
2611 564 2699 617 s'ed
2739 563 2879 621 nobis
2921 563 3052 626 unus
3080 556 3253 642 Deus,
3296 563 3487 643 Pater,
3532 576 3593 634 et
3629 582 3727 647 quo

2211 832 2264 890 4.
2308 834 2458 909 [rem
2488 837 2567 915 4.]
2596 842 2958 903 Conliteamur
2982 866 3109 921 ergo
3139 850 3248 907 Deo
3277 856 3511 924 deorum,
3544 872 3588 914 et
3611 832 3725 915 ὀο.

2139 929 2276 983 mino
2306 931 2663 999 (initinor‘um;
2710 940 2943 1004 quoniam
2987 942 3039 995 in
3085 954 3326 1001 a'ternum
3374 949 3721 1007 misericordia

2139 1024 2266 1093 ejus.
2300 1016 2399 1091 Qui
2421 1027 2536 1095 fecit
2559 1029 2809 1084 mirabilia
2831 1034 3014 1103 magna
3036 1034 3192 1091 solus.
3224 1040 3371 1096 Sicut
3400 1044 3450 1098 itt
3479 1049 3719 1102 omnium

2139 1120 2388 1169 Versuum
2435 1119 2738 1177 novissimis
2779 1125 3017 1194 partibus
3060 1128 3287 1198 pnsitum
3318 1134 3430 1197 est,
3468 1137 3723 1205 Quoniam

2136 1208 2189 1259 in
2215 1218 2459 1263 aeternum
2488 1213 2828 1270 misericordia
2853 1218 2998 1289 ejus;
3030 1219 3105 1275 sic
3129 1221 3178 1276 in
3204 1227 3437 1280 omnlum
3461 1232 3722 1298 capitihns

2139 1298 2378 1368 quamvis
2413 1320 2515 1358 non
2557 1307 2625 1360 sit
2661 1309 2931 1377 positum,
2962 1312 3383 1372 subaudiendum
3416 1331 3517 1388 est,
3546 1323 3721 1394 Conﬁ-

2140 1395 2329 1450 temini.
2362 1396 2511 1465 Quod
2551 1400 2601 1453 in
2632 1417 2806 1471 graieo
2832 1405 3130 1462 evidentius
3158 1422 3396 1480 apparet.
3426 1417 3725 1485 Appareret

2138 1498 2319 1543 autem
2351 1499 2401 1544 ct
2432 1494 2480 1545 in
2512 1492 2701 1552 latino.
2733 1497 2776 1550 si
2808 1500 3050 1555 eamdem
3085 1502 3404 1561 locutionem
3437 1511 3723 1569 transferre

2137 1582 2436 1650 potuissent
2480 1584 2797 1655 interpretes
2836 1591 3023 1647 nostri.
3069 1594 3219 1662 Quod
3266 1599 3477 1667 quidem
3522 1604 3571 1657 in
3622 1604 3722 1659 isto

2138 1673 2293 1727 versu
2337 1685 2587 1744 possent,
2632 1678 2673 1732 si
2701 1678 2970 1746 dicerent,
3022 1687 3229 1754 facienti
3258 1691 3506 1747 mirabilia
3534 1710 3551 1748 :
3577 1695 3718 1765 (μιυά

2137 1764 2279 1818 enim
2308 1781 2403 1819 nos
2431 1767 2708 1835 habemus,
2737 1770 2837 1837 Qui
2865 1774 2978 1844 fecit
3002 1776 3285 1841 mirabilia;
3310 1797 3514 1851 gnrcus
3540 1764 3717 1856 habet,

2136 1856 2342 1927 facienti
2377 1861 2629 1917 mirabilia
2660 1864 2767 1935 (a);
2802 1866 2888 1920 ubi
2920 1871 3221 1924 necessario
3248 1872 3567 1943 Con/itemini
3594 1880 3719 1935 sul)-

2135 1948 2367 2033 auditur.
2400 1952 2572 2023 Atque
2621 1957 2819 2012 utinam
2866 1959 2945 2013 vel
2998 1977 3288 2029 pronomen
3334 1966 3628 2035 adderent,
3667 1980 3723 2027 ttt

2134 2041 2395 2110 dicerent,
2430 2045 2489 2101 Ei
2529 2047 2617 2117 qui
2654 2051 2818 2120 facit;
2866 2050 2981 2118 vel,
3013 2054 3059 2107 ei
3095 2056 3181 2125 qui
3209 2046 3360 2126 fecit;
3407 2060 3485 2114 vel
3513 2104 3525 2123 ,
3560 2063 3606 2116 ei
3638 2066 3722 2131 qui

2134 2135 2383 2221 ﬁrmavit.“
2400 2141 2519 2208 Quia
2544 2141 2803 2219 eti:tm.sic
2826 2142 2978 2199 facile
3002 2146 3383 2217 intelligeretur
3400 2152 3721 2223 Con/itemini

2135 2244 2255 2284 esse
2292 2224 2736 2290 subaudiendum.
2767 2236 2919 2293 Nunc
2947 2256 3071 2294 vero
3102 2242 3168 2295 ita
3210 2242 3492 2299 obscurum
3523 2248 3717 2303 factum

2134 2331 2236 2387 est,
2268 2332 2325 2376 ut
2355 2326 2440 2393 qui
2471 2324 2709 2382 codicem
2737 2328 2969 2399 grteenm
2996 2332 3106 2387 sive
3148 2337 3395 2391 nescierit
3435 2338 3715 2408 inspicere,

2132 2414 2245 2467 Sive
2277 2414 2573 2486 nt-glexrrii
2596 2463 2610 2484 ,
2647 2422 2813 2488 pos~it
2856 2430 3077 2490 putare,
3114 2425 3214 2493 Qui
3254 2430 3369 2498 fecit
3400 2431 3583 2497 caelos,
3620 2431 3717 2497 Qui

2132 2509 2354 2577 ﬁrmavit
2380 2522 2583 2575 terram,
2617 2508 2718 2580 Qui
2752 2508 2869 2588 fecil
2904 2516 3195 2585 luminaria,
3224 2523 3463 2592 quoniam
3492 2522 3543 2576 in
3571 2536 3720 2580 teter-

2132 2598 2252 2654 itum
2282 2598 2627 2659 misericordia
2654 2606 2764 2675 ejus
2789 2648 2800 2671 ,
2833 2606 2950 2661 ideo
2980 2608 3177 2663 dictum
3204 2652 3217 2675 ,
3253 2610 3401 2680 quasi
3436 2624 3714 2684 propterea

2131 2691 2230 2749 ista
2265 2692 2467 2767 iecerit,
2509 2686 2760 2763 Quoniam
2796 2701 2849 2754 in
2893 2711 3136 2756 aeternum
3179 2704 3523 2760 misericordia
3553 2704 3663 2780 ejus
3693 2725 3712 2764 :

2130 2802 2251 2842 cum
2280 2789 2346 2843 ad
2392 2790 2506 2870 ejus
2537 2788 2956 2847 misericordiam
3003 2794 3076 2850 illi
3123 2796 3452 2866 pertineant,
3486 2806 3619 2870 quos
3649 2800 3717 2858 de

2129 2880 2343 2935 miseria
2393 2868 2624 2951 liberat;
2682 2901 2785 2938 non
2838 2896 3016 2941 autem
3071 2886 3127 2941 nt
3171 2887 3287 2957 ejus
3336 2890 3717 2948 misericordia:

2130 2970 2292 3028 fuisse
2324 2975 2679 3047 intelligamus
2711 2972 2887 3032 lacere
2931 2980 3123 3034 caelum
3168 2989 3221 3036 et
3250 2990 3444 3035 terram
3475 2993 3527 3038 et
3557 2982 3714 3040 lumi-

2130 3066 2274 3121 naria
2298 3109 2313 3134 ,
2342 3084 2460 3122 cum
2503 3058 2627 3123 illtul
2656 3070 2722 3125 sit
2764 3068 3017 3127 bonitatis
3048 3075 3163 3141 ejus
3192 3075 3279 3143 qui
3308 3074 3507 3131 creavit
3534 3078 3712 3132 omnia

2130 3152 2266 3213 bona
2300 3146 2450 3215 valde
2494 3154 2651 3230 (Gen.
2682 3179 2735 3227 ι,
2765 3156 2890 3234 51).
2939 3165 3149 3219 Creavit
3178 3174 3355 3221 autem
3378 3209 3391 3231 ,
3438 3179 3494 3221 ut
3535 3172 3715 3225 essent

2128 3254 2305 3306 omnia
2334 3254 2490 3324 (Sap.
2516 3271 2552 3316 t,
2584 3254 2708 3327 ll);
2744 3256 2844 3311 hoc
2866 3274 2991 3313 vero
3019 3256 3421 3327 iniserirordite,
3451 3271 3505 3316 ut
3533 3278 3561 3316 a
3590 3277 3714 3332 pve-

2127 3344 2260 3397 catis
2310 3344 2506 3399 nostris
2557 3342 2777 3403 nmudet
2826 3364 2941 3416 nos,
2991 3360 3044 3404 et
3088 3366 3116 3404 a
3168 3350 3379 3407 miseria
3428 3348 3614 3409 liberet
3661 3352 3714 3410 in

2128 3446 2408 3491 internum.
2446 3438 2518 3492 Ita
2551 3455 2676 3509 ergo
2717 3456 2815 3494 nos
2860 3426 3143 3514 alloquitur
3178 3426 3422 3499 i’salmus
3450 3465 3462 3500 :
3490 3432 3713 3516 Con/ite-

2126 3530 2258 3582 mini
2305 3518 2409 3585 Deo
2450 3530 2694 3599 deorum,
2742 3535 3050 3604 conﬁtemini
3097 3530 3311 3590 Domino
3353 3537 3713 3605 dominorum;

2127 3621 2456 3678 couliteutini
2487 3625 2533 3677 ei
2573 3628 2659 3695 qui
2688 3627 2810 3697 facit
2840 3622 3089 3682 mirabilia
3120 3645 3304 3699 magna
3332 3625 3510 3696 solus;
3541 3624 3711 3686 conli-

2128 3716 2310 3768 temiui
2341 3717 2389 3771 ei
2430 3719 2512 3785 qui
2544 3720 2660 3785 fecit
2696 3720 2844 3773 caelos
2884 3720 2936 3772 in
2977 3721 3271 3786 intellectu;
3302 3720 3629 3777 conﬁtemini
3660 3724 3711 3778 ei

2125 3804 2212 3873 qui
2255 3808 2474 3875 ﬁrmarit
2520 3819 2704 3863 terram
2746 3828 2897 3880 super
2934 3827 3128 3880 aquas;
3172 3813 3495 3866 confitemini
3539 3814 3584 3866 ei
3626 3818 3712 3880 qui

2126 3898 2241 3965 fecit
2271 3898 2539 3951 luminaria
2580 3916 2759 3969 magna
2790 3901 2944 3953 solus.
2990 3901 3096 3954 Cur
3128 3912 3303 3955 autem
3340 3902 3704 3968 conﬁteantur,

2126 3987 2179 4041 in
2211 3989 2445 4041 omnium
2476 4005 2723 4043 versuum
2755 3984 2947 4044 tinibus
2977 3990 3141 4059 ponit,
3181 3990 3429 4057 Quoniam
3474 3991 3524 4044 in
3564 4003 3708 4046 (cter-

2124 4096 2242 4131 num
2271 4074 2617 4133 misericordia
2644 4082 2774 4151 ejus.

2293 4171 2457 4245 [rem
2487 4160 2667 4245 5-l0.]
2708 4171 2810 4229 Sed
2849 4170 2972 4242 quid
3005 4182 3118 4239 cst,
3170 4173 3270 4241 Qui
3315 4170 3429 4246 fecit
3458 4174 3707 4231 mirabilia

2123 4264 2306 4331 magna
2346 4260 2532 4318 solus?
2577 4280 2642 4319 an
2692 4264 2811 4333 quia
2853 4260 3017 4317 multa
3066 4260 3324 4318 mirabilia
3360 4283 3452 4335 per
3479 4260 3707 4333 Angelos

2120 4363 2175 4409 et
2200 4370 2296 4424 per
2320 4350 2562 4408 homines
2590 4354 2753 4408 fecit?
2782 4354 2912 4410 Sttnt
2941 4354 3181 4426 quaedam
3207 4373 3392 4428 magna
3419 4375 3536 4428 qum
3564 4360 3707 4416 solus

2122 4428 2262 4501 Deos
2291 4430 2413 4499 facit
2435 4489 2447 4509 ,
2477 4456 2527 4499 et
2557 4446 2667 4516 ipsa
2695 4446 3007 4515 ex.~equitur
3035 4448 3218 4502 dicens
3238 4491 3251 4514 ,
3286 4448 3388 4515 Qui
3417 4451 3531 4522 fecit
3557 4452 3707 4507 caelos

2119 4538 2172 4593 in
2198 4539 2472 4598 intellectu,
2506 4539 2604 4603 Qui
2628 4539 2847 4608 ﬁrmarit
2875 4550 3057 4593 terram
3085 4558 3234 4611 super
3257 4559 3436 4613 aquas,
3469 4540 3566 4608 Qui
3590 4544 3706 4612 fecit

2123 4632 2394 4686 luminaria
2440 4648 2624 4703 magna
2667 4631 2806 4686 solus
2842 4648 2860 4685 :
2901 4632 3020 4687 ideo
3051 4642 3102 4687 et
3147 4622 3231 4686 llic
3277 4632 3498 4697 addidit,
3545 4635 3699 4692 solus.

2119 4726 2240 4794 quia
2270 4734 2460 4778 eaztera
2495 4722 2755 4777 mirahilta
2785 4740 2903 4794 qua!
2932 4722 3171 4777 dicturus
3204 4733 3304 4789 est,
3341 4740 3435 4793 per
3462 4723 3702 4780 homines

2119 4802 2264 4869 iecit.
2295 4816 2426 4870 Cum
2459 4814 2599 4869 enim
2632 4814 2853 4870 ditisset
2875 4857 2889 4879 ,
2921 4810 3017 4881 Qui
3062 4814 3178 4882 fecit
3217 4814 3485 4868 luminaria
3517 4828 3702 4888 magna

2117 4892 2293 4971 solus;
2338 4923 2456 4976 qua:
2487 4907 2591 4961 sint
2637 4907 2821 4961 eadem
2873 4905 3184 4966 luminaria,
3228 4910 3442 4961 Secutus
3470 4904 3696 4975 apt-ruit,

2119 4980 2292 5053 Solem
2320 4998 2372 5053 in
2399 4994 2689 5069 potestatem
2711 4996 2829 5063 diei,
2864 4996 3033 5050 lunam
3057 5005 3101 5049 et
3126 4993 3296 5049 Stellas
3326 4997 3376 5050 in
3402 4998 3698 5066 potestatem

2116 5092 2291 5145 noctis.
2330 5089 2527 5153 [itinde
2555 5088 2739 5157 incipit
2767 5086 2942 5141 dicere
2970 5084 3086 5156 tium
3119 5100 3212 5156 per
3232 5082 3461 5157 Angelos
3485 5088 3565 5143 vel
3597 5102 3693 5160 per

2118 5177 2360 5238 homines
2390 5180 2570 5237 fecerit
2601 5201 2612 5233 :
2646 5179 2747 5247 Qui
2776 5179 3016 5248 percussit
3045 5177 3328 5249 Egyptian
3360 5197 3472 5233 cum
3504 5183 3695 5252 primo-

2113 5274 2293 5347 genitis
2315 5290 2518 5336 eorum;
2539 5280 2593 5327 et
2617 5282 2829 5326 eat-tera.
2857 5259 3168 5326 Uniwrsam
3199 5272 3354 5341 igitur
3375 5285 3694 5339 creaturam,

2114 5386 2219 5424 non
2254 5369 2431 5437 ntitjne
2474 5367 2613 5421 Deus
2656 5381 2749 5435 per
2789 5364 3017 5434 aliquam
3050 5374 3372 5429 creaturam,
3420 5370 3510 5421 sed
3552 5370 3696 5423 Solus

2112 5446 2256 5517 iecit.
2286 5450 2449 5529 Cujus
2487 5471 2747 5513 creaturae
2782 5458 3035 5527 quasdam
3074 5468 3249 5528 partes
3290 5460 3694 5515 exet-llettttorcs

2110 5548 2588 5618 commemoravit,
2640 5558 2704 5607 ex
2767 5552 2958 5623 quibus
3016 5553 3255 5607 universa
3315 5554 3689 5621 cogitaremus,

2113 5634 2471 5719 intelligibiles
2514 5646 2680 5703 caelos
2719 5648 2771 5702 et
2803 5638 3064 5701 visibilem
3098 5646 3292 5700 terrattl
3322 5660 3334 5699 :
3363 5655 3413 5699 et
3442 5640 3690 5716 qltohlam

2110 5753 2235 5795 sunt
2258 5744 2416 5795 etiam
2444 5741 2566 5797 caeli
2590 5741 2845 5806 visibiles,
2874 5738 3304 5796 commemoratis
3328 5753 3513 5795 eorum
3537 5737 3693 5795 lumi-

2173 5942 2243 6005 (ιι)
2286 5943 2342 5992 To
2364 5938 2606 6004 poiésatttt'.
