4160 6438
525 391 664 451 I769

531 512 753 568 naribus
787 518 953 567 totum
986 508 1207 564 caeleste
1235 520 1548 578 corporeum
1590 514 1645 563 ut
1672 506 1739 562 ab
1770 507 1885 578 ipso
1912 506 2106 563 factum

528 605 917 674 acciperemus,
948 600 1241 655 admonuit.

598 698 650 752 6.
675 697 983 765 Quanquam
1011 693 1063 748 id
1085 693 1223 764 quod
1249 694 1343 757 ait,
1375 692 1474 758 Qui
1502 694 1620 763 fecit
1648 693 1798 747 ctelos
1833 695 1885 749 in
1914 695 2106 749 intelle-

526 800 623 854 ctu,
668 789 771 855 vel,
817 789 954 843 sicut
991 787 1080 841 alii
1118 787 1448 857 interpretati
1478 796 1622 855 sunt,
1666 789 1717 841 in
1760 790 2103 860 intelligentia,

526 894 697 937 utrum
729 882 895 937 caelos
924 882 1276 951 intelligibiles
1322 882 1621 952 significare
1669 881 1769 937 hoc
1813 882 1973 937 modo
2015 896 2106 937 vo-

524 974 697 1039 luerit,
734 990 798 1026 an
840 974 893 1028 in
935 987 1031 1028 suo
1073 973 1368 1037 intellectu,
1407 975 1490 1029 vel
1532 976 1582 1029 in
1625 990 1717 1029 sua
1758 975 2103 1046 intelligentia

522 1070 710 1123 l'ecisse
755 1070 940 1133 cwlos,
992 1068 1091 1122 hoc
1135 1077 1217 1123 est
1257 1070 1306 1121 in
1349 1084 1443 1123 sua
1480 1067 1769 1137 Sapientia,
1814 1070 1949 1123 sicut
1979 1068 2105 1123 alibi

521 1162 778 1230 scriptum
798 1170 899 1224 est,
922 1159 1107 1215 Omnia
1129 1161 1181 1214 in
1205 1160 1467 1229 Sapientia
1484 1160 1644 1229 fecisti
1667 1159 1834 1232 (Psal.
1859 1176 1969 1226 cm,
1987 1160 2100 1231 ‘24),

519 1268 585 1307 co
607 1251 765 1307 modo
787 1252 1061 1306 insinuans
1079 1251 1401 1319 unigenitum
1431 1251 1680 1316 Verbum,
1709 1251 1873 1319 qutcri
1908 1258 2099 1318 potest.

519 1343 624 1398 Sed
657 1344 698 1396 si
730 1342 798 1396 ita
836 1350 939 1409 est,
974 1352 1030 1396 ut
1058 1343 1109 1396 in
1136 1357 1233 1396 suo
1259 1342 1527 1397 intellectu
1566 1341 1755 1396 fecisse
1781 1341 2103 1410 accipiamus

524 1436 683 1491 Deum
706 1436 889 1499 CtBIOS,
918 1451 1013 1490 cur
1035 1444 1232 1488 tantum
1256 1434 1323 1489 de
1348 1434 1498 1489 caelis
1531 1433 1629 1487 hoc
1652 1434 1743 1497 ait,
1774 1449 1894 1487 enm
1923 1433 2100 1488 omnia

520 1531 569 1581 in
599 1527 782 1581 eadem
806 1526 1072 1596 Sapientia
1100 1525 1282 1581 iecerit
1308 1525 1429 1579 ?An
1462 1525 1530 1580 ibi
1558 1533 1758 1578 tantum
1796 1524 2101 1593 exprimen-

516 1617 639 1671 dum
672 1617 785 1683 fuit,
812 1626 866 1671 ut
894 1618 945 1671 in
969 1617 1176 1671 caeteris
1203 1616 1360 1669 etiam
1391 1615 1605 1669 tacitum
1640 1623 1818 1683 posset
1846 1614 2095 1684 intelligi:

519 1720 574 1763 ut
600 1711 697 1765 iste
720 1711 786 1763 sit
814 1724 1021 1771 sensus,
1044 1708 1143 1774 Qui
1167 1707 1282 1778 fecit
1309 1708 1459 1759 caelos
1481 1707 1533 1759 in
1558 1706 1830 1771 intellectu,
1862 1707 1958 1772 Qui
1976 1706 2098 1775 [un-

515 1802 650 1854 davit
676 1812 857 1854 terram
882 1816 1030 1869 super
1057 1815 1249 1868 aquas;
1278 1807 1332 1851 ut
1356 1807 1409 1852 et
1431 1797 1516 1852 hic
1545 1796 1851 1863 subaudias,
1876 1798 1927 1849 iu
1952 1798 2101 1850 intel—

515 1893 639 1945 lectu
668 1909 684 1944 :
718 1892 815 1959 Qui
854 1892 968 1959 fecit
996 1890 1265 1944 luminaria
1291 1906 1473 1959 magna
1497 1889 1656 1955 solus,
1688 1890 1843 1943 solem
1870 1890 1923 1942 in
1953 1899 2097 1959 pote-

513 1994 688 2037 statem
704 1984 822 2045 diei,
843 1984 1014 2037 lunam
1036 1994 1081 2037 et
1102 1983 1273 2037 stellas
1289 1983 1341 2035 in
1362 1992 1653 2051 potestatem
1675 1983 1867 2047 noctis;
1893 1983 2095 2053 utique,

512 2081 564 2132 in
589 2078 839 2132 intellectu
866 2078 891 2131 .9
914 2077 1191 2146 Quomodo
1219 2090 1347 2146 ergo
1367 2076 1526 2139 solus,
1559 2076 1603 2129 si
1634 2075 1733 2129 hoc
1760 2085 1841 2130 est
1862 2076 1917 2129 in
1943 2077 2093 2129 intel-

511 2174 660 2237 lectu,
692 2171 773 2226 vel
801 2172 850 2224 in
876 2171 1223 2240 intelligentia,
1252 2167 1392 2239 quod
1417 2176 1499 2222 est
1525 2168 1575 2221 in
1600 2167 1884 2238 Sapientia,
1912 2168 1965 2222 id
1987 2179 2093 2236 εει,

511 2263 561 2315 in
595 2262 769 2317 Verbo
816 2261 1117 2331 unigenito?
1160 2263 1239 2314 An
1269 2260 1389 2330 quia
1422 2258 1654 2313 Trinitas
1681 2275 1786 2314 non
1822 2268 1946 2315 sunt
1988 2269 2095 2315 tres

509 2355 600 2419 dii,
632 2355 724 2410 sed
757 2370 892 2409 unus
932 2355 1092 2420 Deus,
1137 2353 1203 2407 ad
1234 2352 1285 2407 id
1326 2352 1555 2408 refertur
1592 2353 1730 2423 quod
1773 2354 1917 2408 solus
1948 2352 2095 2409 Deus

510 2449 648 2513 fecit,
672 2450 791 2519 quia
821 2463 925 2502 non
947 2456 1246 2502 creaturam
1280 2460 1373 2515 per
1400 2454 1702 2500 creaturam
1736 2444 1901 2499 fecit?

579 2543 631 2599 7.
659 2541 762 2597 Sed
792 2540 918 2611 quid
952 2548 1051 2604 est,
1094 2540 1195 2607 Qui
1220 2538 1441 2607 ﬁrmavit
1485 2548 1670 2591 terram
1718 2554 1871 2607 super
1896 2539 2095 2607 aquas?

506 2633 740 2688 Obscura
767 2633 910 2687 enim
926 2631 1149 2701 quiestio
1175 2640 1289 2694 est;
1314 2630 1436 2700 quia
1464 2638 1603 2684 terra
1626 2629 1837 2699 gravior
1864 2628 2089 2697 videtur,

505 2734 564 2778 nt
590 2740 695 2778 non
722 2722 921 2792 portari
948 2723 1117 2792 aquis,
1152 2721 1246 2777 sed
1271 2734 1435 2789 aquas
1460 2720 1633 2789 potius
1659 2729 1871 2789 portare
1903 2719 2091 2774 creda-

506 2827 610 2872 tur.
642 2817 714 2870 De
742 2832 843 2887 qua
875 2831 932 2870 re
954 2830 1019 2869 ne
1044 2816 1297 2869 adversus
1328 2828 1419 2867 eos
1440 2815 1527 2884 qui
1549 2828 1607 2868 se
1639 2821 1826 2883 putant
1851 2813 1950 2867 ista
1976 2827 2093 2868 cer-

507 2909 575 2961 tis
600 2905 891 2962 rationibus
919 2906 1267 2974 comperisse,
1304 2904 1637 2958 contentiosa
1662 2903 1963 2973 Scripturas
1992 2919 2092 2957 no-

506 3010 645 3055 stras
688 2998 974 3056 defendere
1003 2998 1303 3063 videamur;
1345 2998 1456 3053 sive
1487 2997 1613 3052 illud
1654 2997 1746 3063 ita,
1788 2998 1900 3052 sive
1934 2998 2093 3052 aliter

502 3093 591 3157 sit,
630 3091 884 3146 habemus
922 3091 1063 3161 quod
1106 3090 1173 3145 de
1200 3090 1446 3160 proximo
1478 3088 1855 3159 intelligamus,
1892 3096 2091 3145 terram

502 3200 621 3255 qua:
661 3184 930 3239 habitatur
971 3183 1038 3239 ab
1085 3182 1389 3237 hominibus
1434 3190 1488 3237 et
1536 3182 1807 3237 terrestria
1852 3181 2092 3238 continet

502 3278 769 3345 animalia,
810 3294 927 3348 qua:
951 3276 1055 3331 alio
1082 3275 1242 3330 modo
1276 3276 1329 3330 in
1360 3274 1650 3345 Scripturis
1690 3274 1836 3329 arida
1868 3274 2084 3343 dicitur,

503 3369 639 3423 sicut
681 3370 933 3437 scriptum
977 3377 1091 3432 est,
1129 3368 1386 3438 Appareat
1430 3367 1594 3431 arida,
1640 3374 1685 3420 et
1724 3366 1914 3420 vocavit
1948 3365 2089 3420 Deus

503 3459 701 3512 aridam
731 3469 915 3512 terram
942 3457 1092 3531 (Gen.
1123 3474 1159 3523 ι,
1192 3457 1225 3511 9
1243 3468 1287 3512 et
1313 3458 1422 3527 lO),
1448 3473 1608 3527 super
1626 3472 1790 3527 aquas
1818 3472 1937 3513 esse
1966 3458 2087 3512 fun-

504 3550 702 3615 datam,
731 3550 870 3620 quod
893 3551 1043 3619 aquis
1062 3548 1550 3603 circumﬂuentibus
1567 3550 1951 3617 supereminet.
1972 3550 2085 3604 Non

504 3642 646 3697 enim
672 3656 789 3711 qua:
823 3641 1015 3695 dicitur
1049 3640 1337 3694 littoraria1
1375 3640 1561 3694 civitas
1604 3654 1763 3708 super
1793 3655 1941 3695 mare
1971 3641 2088 3695 l'un-
2155 3694 2166 3703 ,

502 3734 644 3801 data,
675 3734 743 3788 ita
775 3733 872 3787 sub
909 3748 971 3787 ea
999 3747 1144 3787 mare
1173 3741 1275 3799 est,
1321 3730 1769 3803 quemadmodum
1791 3741 1914 3787 sunt
1938 3746 2088 3801 aquae

503 3827 603 3881 sub
632 3827 1000 3897 speluncarum
1036 3826 1280 3890 cameris,
1329 3832 1419 3879 aut
1463 3824 1561 3879 sub
1590 3824 1813 3879 navibus
1837 3840 2091 3895 superna-

505 3920 763 3984 tantibus;
795 3918 888 3973 sed
928 3917 1047 3973 ideo
1076 3932 1236 3986 super
1262 3931 1408 3971 mare
1437 3915 1649 3982 dicitur,
1698 3916 1817 3985 quia
1849 3914 2084 3970 inferiori

506 4013 634 4067 mari
666 4011 1073 4083 supereminet”.
1103 4009 1192 4066 Sic
1208 4011 1381 4064 dictus
1404 4019 1486 4065 est
1513 4009 1719 4064 Pharao
1740 4000 1915 4064 exisse
1939 4026 2090 4081 super

504 4121 721 4176 aquam:
756 4104 827 4158 ita
856 4104 998 4158 cnim
1038 4103 1197 4157 habet
1230 4116 1458 4173 graecus,
1495 4101 1634 4171 quod
1671 4100 1881 4171 quidam
1915 4101 2089 4157 Latini

505 4197 724 4263 habent,
743 4196 810 4248 ad
836 4213 1018 4267 aquam
1047 4194 1242 4265 (Exod.
1274 4211 1365 4261 vn,
1395 4194 1517 4265 l5);
1543 4194 1618 4248 sic
1656 4193 1911 4247 Dominus
1934 4210 2089 4264 super

506 4296 707 4357 puteum
737 4287 935 4340 sedebat
966 4285 1142 4356 (Joan.
1173 4302 1245 4351 tv,
1291 4286 1344 4358 6)
1376 4303 1387 4338 :
1418 4285 1557 4355 quod
1600 4286 1757 4340 ambo
1786 4286 2088 4354 superiores

504 4388 687 4432 essent
712 4392 867 4447 quam
898 4378 1097 4432 ﬁumen
1122 4386 1177 4433 et
1202 4385 1390 4446 puteus
1414 4393 1428 4441 ;
1463 4378 1548 4431 ille
1571 4376 1725 4446 juxta
1747 4376 1965 4445 flumen,
1989 4377 2090 4433 iste

502 4473 651 4541 juxta
682 4479 916 4542 puteum.

577 4566 629 4621 8.
660 4564 713 4620 Si
745 4574 922 4620 autem
944 4564 1102 4619 etiam
1122 4562 1319 4632 aliquid
1344 4563 1507 4625 aliud,
1540 4562 1679 4633 quod
1711 4563 1777 4616 ad
1804 4577 1901 4617 nos
1922 4564 2089 4633 magis

508 4660 755 4730 pertinet,
787 4657 881 4712 ista
904 4657 1043 4711 dicta
1070 4654 1369 4727 signiﬁcant
1394 4672 1408 4712 :
1440 4656 1556 4726 fecit
1584 4653 1723 4707 Deus
1753 4654 1902 4707 cmlos
1925 4654 1977 4707 in
2004 4654 2087 4708 in-

507 4756 723 4819 tellectu,
757 4752 1060 4823 spirituales
1100 4760 1313 4805 sanctos
1347 4764 1495 4815 suos,
1529 4748 1721 4818 quibus
1753 4762 1857 4802 non
1885 4754 2087 4802 tantum

506 4849 743 4914 credere,
776 4861 958 4902 verum
989 4847 1147 4901 etiam
1174 4842 1467 4914 intelligere
1492 4841 1669 4895 divina
1698 4840 1913 4894 donavit
1942 4858 1955 4892 :
1985 4838 2089 4894 hoc

506 4945 593 5013 qui
616 4941 849 4997 nondum
876 4950 1115 5011 possunt,
1151 4947 1205 4993 et
1238 4938 1405 4991 solam
1445 4934 1604 4990 ﬁdem
1635 4933 1991 4988 ﬁrmissimam
2021 4942 2089 4988 te-

508 5046 654 5102 nent,
695 5048 942 5106 tanquam
974 5034 1105 5089 infra
1150 5032 1316 5088 caelos
1350 5041 1502 5085 terra:
1533 5028 1747 5082 nomine
1779 5028 2086 5106 ligurantur.

510 5128 574 5182 Et
592 5128 711 5197 quia
736 5128 786 5181 in
805 5105 1079 5197 iBaptismo
1100 5140 1258 5196 quem
1275 5128 1614 5192 acceperunt,
1641 5105 1949 5173 inconcussa
1969 5132 2092 5172 cre-

507 5220 727 5275 dulitate
751 5220 1084 5286 consistunt;
1115 5217 1236 5273 ideo
1264 5216 1463 5272 dictum
1496 5224 1599 5277 est,
1631 5212 1881 5267 Firmavit
1907 5222 2089 5266 terram

506 5329 657 5383 super
685 5329 860 5380 aquas.
902 5311 1032 5367 Item
1069 5311 1189 5380 quia
1224 5310 1479 5378 scriptum
1519 5317 1600 5361 est
1633 5304 1699 5359 de
1720 5301 2091 5358 Dominolesu

507 5406 724 5461 Christo
756 5403 895 5474 quod
933 5405 982 5456 in
1020 5403 1108 5457 illo
1146 5402 1251 5455 sint
1290 5416 1461 5453 omnes
1504 5397 1723 5451 thesauri
1760 5395 2019 5465 sapientia:
2044 5404 2091 5449 et

506 5500 726 5555 sitientia:
763 5497 1038 5553 absconditi
1066 5493 1282 5567 (Coloss.
1313 5508 1370 5559 ιι,
1401 5493 1494 5562 3);
1544 5491 1658 5545 haec
1682 5497 1856 5544 autem
1881 5487 2008 5555 duo,
2039 5487 2089 5542 id

510 5603 593 5651 est
614 5593 932 5667 sapientiam
959 5599 1013 5646 et
1046 5588 1343 5655 scientiam,
1388 5585 1586 5642 distare
1614 5584 1755 5641 inter
1782 5598 1844 5640 se
1867 5580 2088 5654 aliquid,

579 5735 791 5782 ‘Plurcs
812 5724 1224 5795 Mss.,glittorialis.
1302 5793 1309 5795 Α
1362 5792 1383 5795 _
1465 5784 1475 5795 ,
1800 5776 2017 5795 Auum.

578 5778 1090 5855 senemsgstaiqm
1128 5796 1234 5839 Mss.
1265 5780 1755 5855 tellegimus-ui,"

516 5837 1093 5965 "magiaemiﬁir:
1114 5837 1313 5911 sim,
1332 5837 1551 5909 inferiori
1566 5837 1693 5893 mari
1709 5842 1757 5893 in
1776 5837 1956 5905 ῥήτηοὶ
1975 5837 2094 5902 ﬁnes

518 5928 661 5965 sititer
758 5924 847 5965 net.

518 5924 847 5979 supereminet.

1761 389 1817 445 S.
1858 390 2224 449 AUGUSTINI
2264 391 2565 450 EPISGOPI

3661 400 3818 459 {760

2221 509 2323 564 alia
2351 524 2562 581 quoque
2594 508 2988 580 Scripturarum
3016 516 3277 566 testantur
3303 510 3533 582 eloquia,
3566 514 3821 572 maxime

2216 600 2468 671 loquente
2494 610 2680 656 sancto
2707 599 2830 669 Job,
2870 600 2961 656 ubi
2994 600 3392 672 quodammodo
3432 602 3642 674 singula
3671 604 3819 661 defl-

2216 693 2463 760 niuntur;
2505 694 2580 748 ait
2615 693 2793 759 enim,
2823 691 2967 747 Dixit
3005 702 3176 748 autem
3211 695 3423 762 homini,
3468 694 3604 751 Ecce
3645 698 3822 768 pietas

2212 796 2285 841 est
2310 788 2592 857 sapientia,
2624 787 2872 843 abstinere
2900 796 3065 842 autem
3106 804 3140 842 a
3171 788 3306 843 malo
3334 790 3543 844 scientia
3568 800 3645 845 est
3687 791 3819 861 (Job

2212 893 2395 944 xxvm,
2428 876 2521 949 28)
2550 894 2565 931 :
2602 893 2707 932 non
2741 878 3156 950 incongruenter
3196 879 3541 951 intelligimus
3583 884 3819 952 sapien-

2213 963 2339 1017 tiam
2368 964 2419 1017 in
2446 962 2749 1033 cognitione
2775 974 2829 1017 et
2857 963 3143 1019 dilectione
3162 964 3278 1035 ejus
3294 965 3435 1035 quod
3457 981 3683 1038 semper
3706 977 3817 1036 est,

2212 1066 2369 1127 atque
2405 1056 2907 1112 incommutabiliter
2927 1066 3125 1122 manet,
3171 1057 3312 1127 quod
3344 1058 3484 1113 Deus
3512 1068 3617 1115 est.
3675 1059 3820 1117 Nam

2209 1157 2263 1204 et
2290 1148 2431 1219 quod
2451 1150 2543 1214 ait,
2569 1148 2701 1204 Ecce
2724 1151 2884 1219 pietas
2905 1159 2977 1204 est
3000 1150 3266 1219 sapientia,
3291 1159 3525 1205 eiustecto:
3547 1150 3699 1205 dicta
3731 1162 3820 1209 est

2210 1241 2261 1295 in
2282 1256 2457 1312 graeco
2482 1260 2495 1296 :
2519 1241 2658 1313 quod
2678 1251 2735 1296 ut
2757 1250 2923 1296 totum
2946 1241 3106 1295 latine
3126 1242 3474 1311 exprimatur,
3508 1242 3601 1296 Dei
3627 1243 3819 1297 cultus
3839 1239 3851 1261 '

2208 1332 2309 1387 dici
2332 1342 2524 1402 potest.
2570 1334 2833 1389 Abstinere
2869 1344 3036 1389 autem
3066 1351 3099 1388 a
3126 1334 3281 1400 malo,
3324 1335 3465 1404 quod
3509 1335 3652 1390 dixit
3690 1351 3817 1392 esse

2207 1423 2505 1489 scientiam,
2554 1425 2679 1495 quid
2724 1436 2807 1480 est
2847 1425 3011 1493 aliud,
3055 1440 3214 1495 quam
3252 1425 3304 1479 in
3346 1426 3525 1481 medio
3568 1426 3814 1482 nationis

2210 1524 2463 1570 tortuosa:
2493 1525 2546 1571 et
2568 1532 2853 1585 perversae,
2872 1525 3121 1587 tanquam
3148 1517 3200 1571 in
3224 1526 3378 1571 nocte
3400 1516 3563 1587 hujus
3592 1518 3811 1585 saeculi,

2207 1616 2360 1662 caute
2406 1608 2799 1680 prudenterque
2826 1609 3024 1663 versari
3056 1607 3311 1680 (Philipp.
3346 1625 3403 1676 ιι,
3435 1608 3563 1681 15);
3595 1620 3662 1664 ιιι
3682 1612 3811 1667 abs-

2208 1698 2424 1753 tinendo
2467 1702 2690 1771 quisque
2729 1703 2796 1757 ab
2826 1701 3100 1771 iniquitate
3128 1718 3232 1756 non
3264 1702 3627 1757 confundatur
3651 1714 3811 1760 tene-

2206 1790 2335 1857 bris,
2364 1792 2561 1861 proprii
2594 1793 2827 1849 muneris
2850 1793 2968 1847 luce
2997 1793 3303 1849 discretus?
3335 1794 3469 1849 Cum
3499 1810 3636 1865 ergo
3671 1811 3813 1865 quo-

2205 1883 2326 1939 dam
2350 1885 2468 1939 loco
2498 1888 2782 1955 Apostolus
2807 1886 3130 1941 concordem
3160 1887 3451 1957 gratiarum
3480 1890 3813 1944 varietatem

2206 1977 2256 2032 in
2304 1978 2605 2035 hominibus
2648 1980 2745 2035 Dei
2790 1979 2949 2035 vellet
2995 1980 3299 2045 ostendere,
3343 1981 3458 2038 bmc
3506 1984 3561 2037 in
3608 1983 3813 2053 primis

2204 2068 2308 2123 duo
2345 2071 2519 2139 posuit
2556 2070 2773 2137 dicens,
2827 2070 2929 2126 Alii
2964 2072 3167 2143 quidem
3208 2074 3360 2127 datur
3400 2091 3490 2144 per
3538 2073 3812 2145 Spiritum

2202 2178 2364 2216 sermo
2393 2164 2687 2233 sapientiae;
2728 2163 2828 2219 hoc
2861 2179 2980 2219 esse
3003 2164 3253 2229 arbitror,
3298 2164 3471 2220 Solem
3493 2167 3547 2219 in
3574 2176 3811 2235 potesta-

2202 2265 2298 2309 tem
2324 2256 2423 2310 diei
2453 2257 2594 2311 :Alii
2622 2273 2786 2311 sermo
2814 2257 3035 2314 scientiae
3053 2258 3329 2311 secundum
3355 2258 3587 2312 eumdem
3618 2258 3809 2328 Spiri-

2201 2358 2342 2413 tum;
2388 2349 2490 2405 hoc
2534 2358 2637 2415 est,
2683 2351 2876 2404 lunam.
2933 2349 3131 2406 Deinde
3173 2349 3569 2420 quodammodo
3618 2350 3808 2405 stellas

2198 2441 2601 2496 commemorari
2644 2450 2772 2511 puto
2815 2442 2865 2496 in
2904 2456 2969 2496 eo
2999 2441 3138 2512 quod
3172 2441 3384 2509 dicitur,
3421 2442 3526 2496 Alii
3571 2442 3719 2513 ﬁdes
3754 2445 3809 2497 in

2198 2534 2370 2589 eodem
2399 2535 2619 2605 Spiritu,
2650 2536 2740 2589 alii
2764 2536 3083 2590 curationum
3114 2535 3320 2589 donatio
3345 2535 3398 2589 in
3425 2551 3527 2590 uno
3560 2534 3805 2605 Spiritu,

2197 2629 2284 2681 alii
2311 2630 2626 2699 Operationes
2656 2629 2914 2695 uirtutum,
2948 2629 3036 2682 alii
3055 2628 3340 2700 prophetia,
3368 2628 3459 2682 alii
3483 2628 3806 2699 dijudicatio

2195 2722 2483 2791 spirituum,
2517 2721 2606 2775 alii
2635 2738 2815 2791 genera
2840 2722 3143 2793 linguarum,
3177 2722 3264 2775 alii
3302 2723 3659 2791 interpretatio
3691 2740 3802 2778 ser-

2196 2830 2397 2868 monum
2427 2813 2473 2886 (l
2504 2810 2622 2868 Cor.
2650 2829 2743 2876 χιι,
2769 2812 2949 2883 8-10).
2974 2811 3115 2867 Nihil
3144 2812 3285 2867 enim
3312 2811 3501 2869 horum
3541 2822 3629 2868 est
3655 2814 3803 2885 quod

2196 2907 2248 2961 in
2278 2906 2432 2975 hujus
2457 2905 2635 2959 surculi
2664 2914 2819 2960 nocte
2846 2920 2949 2959 non
2972 2905 3041 2959 sit
3067 2905 3427 2960 necessarium
3457 2922 3470 2958 :
3518 2921 3649 2975 qua:
3677 2922 3799 2962 cum

2198 3000 2483 3064 transierit,
2507 3000 2803 3054 necessaria
2832 3000 2930 3053 ista
2957 3014 3059 3054 non
3090 3008 3279 3053 erunt:
3309 2999 3447 3065 ideo,
3478 3001 3531 3053 in
3560 3011 3801 3069 potesta-

2196 3101 2291 3145 tem
2313 3092 2488 3145 noctis.
2515 3090 2581 3144 In
2608 3100 2900 3161 potestatem
2919 3092 3112 3160 quippe
3137 3092 3227 3155 ait,
3258 3090 3341 3146 vel
3368 3091 3469 3145 diei
3489 3091 3572 3145 vel
3600 3093 3797 3158 noctis,

2195 3194 2251 3241 ut
2278 3193 2511 3256 potestas
2536 3193 2678 3239 esset
2706 3183 2789 3239 die
2817 3183 2997 3238 lucere
3027 3183 3108 3238 vel
3139 3184 3329 3238 nocte‘
3354 3199 3370 3248 ;
3412 3181 3556 3253 quod
3593 3182 3654 3236 in
3684 3184 3797 3253 spi-

2192 3278 2474 3335 ritualibus
2500 3277 2653 3332 donis
2670 3277 2748 3331 sic
2778 3275 3105 3347 intelligitur,
3141 3274 3263 3345 quia
3285 3273 3431 3329 dedit
3462 3282 3797 3343 potestatem

2197 3371 2332 3426 ﬁlios
2358 3370 2451 3425 Dei
2480 3369 2593 3425 fieri
2634 3368 2815 3439 (.Ioan.
2842 3385 2880 3433 ι,
2911 3367 3023 3437 12).
3070 3365 3169 3432 Qui
3198 3366 3440 3437 percussit
3466 3363 3788 3436 Egyptum,

2194 3479 2307 3515 cum
2333 3462 2675 3533 primogenitis
2703 3476 2897 3515 eorum.
2942 3458 3210 3514 Percussit
3249 3465 3304 3511 et
3335 3456 3614 3522 sacculum,
3665 3470 3791 3512 cum

2195 3554 2278 3608 his
2302 3570 2421 3623 quae
2447 3554 2713 3623 praecipua
2742 3561 2995 3621 putantur
3020 3552 3072 3604 in
3096 3550 3313 3605 saeculo.

2264 3647 2316 3701 9.
2348 3642 2500 3719 [vers.
2535 3642 2751 3718 11-26.]
2790 3644 2888 3711 Qui
2914 3644 3085 3697 eduxit
3110 3641 3275 3695 Israel
3303 3641 3367 3695 de
3392 3642 3556 3695 medio
3581 3657 3791 3700 eorum.

2195 3738 2390 3795 Eduxit
2415 3739 2576 3795 etiam
2606 3746 2819 3793 sanctos
2843 3751 2907 3792 ac
2938 3737 3121 3792 ﬁdeles
3146 3752 3271 3792 suos
3304 3736 3373 3792 de
3408 3736 3586 3791 medio
3608 3736 3793 3793 malo-

2192 3846 2333 3885 rum.
2374 3827 2440 3883 In
2467 3846 2621 3883 manu
2647 3828 2832 3883 uolenti
2864 3837 2912 3881 et
2938 3827 3141 3881 brachio
3166 3827 3377 3881 excelso.
3420 3824 3558 3894 Quid
3589 3835 3791 3897 poten-

2195 3924 2320 3989 tius,
2344 3920 2470 3992 quid
2496 3920 2760 3976 excelsius
2783 3934 2848 3975 eo
2862 3919 2930 3974 de
2949 3935 3054 3988 quo
3071 3918 3269 3973 dictum
3290 3927 3370 3973 est
3395 3935 3408 3972 :
3437 3915 3502 3970 Et
3519 3918 3793 3973 brachium

2193 4014 2401 4069 Domini
2449 4013 2531 4067 cui
2571 4012 2845 4068 revelatum
2882 4020 2954 4066 est
2994 4009 3150 4082 (Isai.
3196 4025 3303 4075 LIII,
3338 4008 3437 4080 υτ
3486 4008 3589 4073 Qui
3615 4010 3793 4063 divisit

2194 4122 2333 4161 mare
2375 4104 2605 4159 Rubrum
2647 4104 2703 4157 in
2749 4102 3035 4157 divisiones.
3084 4100 3280 4157 Dividit
3306 4101 3487 4167 etiam,
3538 4109 3599 4155 ut
3643 4115 3789 4155 unus

2193 4207 2353 4268 atque
2390 4196 2531 4252 idem
2558 4196 2858 4265 Baptismus
2886 4194 3003 4249 aliis
3048 4194 3116 4248 sit
3144 4192 3199 4247 in
3238 4192 3418 4258 vitam,
3467 4190 3587 4246 aliis
3620 4192 3698 4247 sit
3732 4193 3789 4247 in

2194 4300 2443 4346 mortem.
2488 4288 2556 4343 Et
2595 4290 2768 4343 eduxit
2817 4286 2981 4341 Israel
3026 4302 3113 4359 per
3150 4286 3370 4339 medium
3409 4287 3539 4356 ejus.
3586 4283 3789 4340 Educit

2194 4385 2353 4438 etiam
2394 4383 2701 4436 innovatum
2733 4379 2983 4449 populum
3020 4393 3173 4432 suum
3201 4392 3296 4446 per
3321 4377 3590 4430 lavacrum
3617 4391 3784 4445 rege-

2194 4476 2502 4532 nerationis.
2542 4473 2611 4528 Et
2637 4474 2851 4528 excussit
2880 4471 3199 4525 Pharaonem
3232 4480 3277 4523 et
3306 4470 3536 4523 uirtutem
3575 4470 3689 4540 ejus
3729 4470 3782 4523 in

2194 4572 2323 4623 mari
2350 4569 2543 4623 Rubro.
2576 4565 2836 4623 Celeriter
2856 4565 3113 4620 interimit
3135 4572 3190 4619 et
3209 4572 3484 4633 peccatum
3514 4578 3737 4617 suorum
3761 4565 3781 4594 ²

2196 4670 2509 4731 reatumque
2534 4660 2651 4729 ejus
2673 4674 2766 4728 per
2787 4658 3135 4727 Baptismum.
3170 4656 3269 4723 Qui
3284 4656 3507 4708 traduxit
3530 4656 3780 4724 populum

2194 4770 2340 4808 suum
2359 4755 2411 4807 in
2442 4754 2653 4807 deserto.
2687 4750 2939 4806 Traducit
2965 4759 3020 4805 et
3045 4763 3144 4803 nos
3184 4748 3238 4802 in
3272 4748 3428 4819 hujus
3465 4747 3646 4801 saeculi
3672 4748 3781 4802 ari-

2195 4846 2359 4901 ditate
2394 4854 2448 4900 et
2472 4846 2770 4910 sterilitate,
2800 4858 2867 4897 ne
2887 4843 2940 4897 in
2970 4857 3031 4896 ea
3060 4854 3358 4911 pereamus.
3404 4838 3506 4908 Qui
3534 4840 3779 4910 percussit

2194 4954 2334 5009 reges
2376 4953 2604 5007 magnos,
2652 4946 2698 4990 et
2730 4934 2910 4988 occidit
2948 4950 3089 5005 reges
3122 4936 3295 5004 fortes.
3349 4931 3581 4986 Perculit
3618 4939 3779 5002 atque

2196 5029 2389 5087 occidit
2419 5029 2578 5084 etiam
2609 5043 2640 5082 a
2680 5028 2832 5082 nobis
2857 5025 3145 5081 diabolicas
3170 5034 3224 5079 et
3254 5023 3442 5078 noxias
3461 5031 3775 5094 potestates.

2198 5122 2335 5179 Seon
2355 5138 2521 5193 regem
2546 5120 2973 5173 Amorrhteorum.
3004 5114 3233 5171 Gernien
3264 5114 3449 5169 inutile
3467 5113 3557 5169 vel
3574 5112 3776 5168 Tenta-

2198 5215 2397 5270 tionem
2431 5212 2690 5267 calentem
2715 5251 2731 5276 ,
2773 5209 2915 5280 quod
2950 5209 3327 5277 interpretatur
3361 5206 3539 5271 Seon;
3595 5218 3774 5274 regem

2198 5306 2634 5369 Amaricantium,
2658 5301 2797 5373 quod
2825 5302 3200 5370 interpretatur
3226 5298 3679 5354 Amorrbteorum.
3706 5293 3776 5349 Et

2201 5402 2279 5474 Og
2313 5416 2481 5472 regem
2514 5396 2705 5452 Basan.
2756 5395 3188 5456 Coacervantem,
3230 5391 3371 5461 quod
3401 5392 3778 5461 interpretatur

2198 5494 2275 5566 0g
2300 5512 2314 5560 ;
2345 5504 2398 5549 et
2425 5506 2604 5562 regem
2629 5486 2985 5554 Confusionis,
3007 5483 3149 5555 quod
3170 5484 3545 5553 interpretatur
3570 5480 3738 5569 Basan
3759 5493 3771 5529 :
3794 5531 3811 5569 β

2199 5587 2325 5661 quid
2354 5587 2497 5643 enim
2523 5591 2802 5641 coacervat
2829 5578 3091 5647 diabolus,
3132 5577 3233 5634 nisi
3257 5570 3653 5633 confusionem?
3704 5567 3775 5624 Et
3796 5567 3807 5661 ’γ

2264 5772 2283 5804 ι
2310 5778 2410 5819 tun.
2436 5773 2489 5818 et
2520 5764 2687 5829 plures
2715 5768 2857 5823 Mss,
2890 5766 2943 5811 ut
2964 5764 3169 5825 potestas
3202 5762 3323 5808 esset
3367 5753 3465 5806 diei
3504 5752 3655 5804 lucere
3690 5747 3772 5797 uel

2202 5840 2346 5885 nocti.

2269 5900 2287 5927 ³
2311 5896 2381 5943 sic
2405 5901 2506 5941 Mss.
2528 5896 2582 5937 Αι
2610 5887 2740 5948 add,
2760 5898 2913 5937 suum.
