4160 6442
383 450 522 512 Πϐί

385 567 527 624 aedit
569 572 755 621 terram
800 572 972 616 eorum
1007 555 1380 620 hereditatem,
1434 554 1775 609 hereditatem
1813 548 1979 605 Israel

386 675 529 717 seruo
554 673 667 714 suo.
714 655 814 711 Dat
836 653 1002 709 etiam
1030 664 1164 722 quos
1188 646 1431 704 diabolus
1453 642 1781 715 possidebat,
1810 641 1983 697 haere-

388 754 608 810 ditatem
635 748 827 805 semini
860 743 1109 810 Abrahae,
1151 740 1294 812 quod
1328 747 1409 795 est
1442 737 1710 794 Christus.
1761 735 1892 802 Quia
1929 734 1985 788 in

389 846 673 904 humilitate
698 850 871 898 nostra
906 853 1096 893 memor
1124 834 1220 907 fuit
1249 832 1426 889 nostri.
1454 831 1522 887 Et
1550 830 1760 884 redemit
1794 844 1886 882 nos
1920 825 1983 880 ab

387 938 609 997 inimicis
634 934 820 991 nostris
843 948 862 987 :
889 929 1145 1001 sanguine
1161 923 1431 996 Unigeniti
1448 923 1550 978 sui.
1584 920 1684 987 Qui
1706 920 1793 974 dat
1816 933 1982 974 escam

390 1034 529 1090 omni
548 1030 725 1094 carni;
753 1028 856 1083 hoc
881 1032 983 1091 est,
1017 1022 1163 1077 omni
1195 1018 1470 1074 hominum
1502 1016 1705 1088 generi,
1740 1029 1845 1069 non
1870 1022 1986 1067 tan-

384 1137 505 1184 stum
536 1122 917 1183 lsraelitarum,
953 1116 1046 1173 sed
1073 1124 1127 1171 et
1152 1113 1400 1171 Gentium
1435 1128 1448 1165 :
1481 1110 1548 1165 de
1577 1124 1681 1180 qua
1708 1121 1830 1163 esca
1855 1105 1987 1161 dici-

392 1227 503 1283 tur,
526 1215 657 1273 Caro
687 1230 798 1268 mea
826 1226 937 1266 vere
966 1217 1038 1264 est
1064 1223 1179 1262 esca
1208 1203 1386 1277 (Joan.
1415 1219 1492 1267 vt,
1522 1201 1637 1272 56).
1665 1198 1985 1268 Con/itemini

394 1310 505 1367 Deo
529 1308 660 1371 caeli,
693 1304 932 1377 quoniam
958 1302 1011 1356 in
1029 1309 1269 1356 aeternum
1297 1295 1640 1352 misericordia
1663 1294 1792 1365 ejus.
1817 1291 1989 1361 Conﬁ-

395 1404 568 1460 temini
597 1399 815 1455 Domino
854 1397 1191 1459 dominorum,
1218 1391 1456 1463 quoniam
1489 1390 1541 1443 in
1566 1397 1809 1444 teternum
1836 1385 1988 1439 mise-

395 1495 618 1553 ricordia
664 1494 792 1563 ejus.
848 1488 1001 1560 Quod
1046 1487 1134 1542 hic
1178 1486 1273 1548 ait,
1319 1483 1428 1538 Deo
1467 1481 1599 1547 cali,
1637 1479 1800 1535 credo
1835 1478 1991 1533 aliter

398 1589 577 1647 dicere
608 1585 777 1642 voluit
813 1582 953 1655 quod
993 1594 1152 1650 supra
1190 1578 1301 1649 jam
1328 1575 1558 1640 dixerat,
1602 1571 1712 1627 Deo
1739 1572 1948 1626 deamat
1971 1584 1991 1623 :

397 1695 520 1737 nam
551 1677 692 1749 qhod
724 1676 796 1731 ibi
822 1672 1015 1730 deinde
1044 1669 1336 1741 subjunxit,
1372 1667 1471 1722 hoc
1493 1665 1655 1721 etiam
1683 1663 1769 1718 hic
1790 1661 1991 1734 repeti-

398 1774 494 1839 vit,
537 1768 861 1841 Conﬁtemini
890 1765 1108 1822 Domino
1138 1763 1481 1817 dominorum.
1510 1757 1616 1815 Sed
1647 1757 1735 1811 etsi
1764 1764 1879 1810 sunt
1906 1754 1994 1824 qui

400 1869 637 1923 dicuntur
663 1865 753 1929 dii,
777 1865 879 1919 sive
903 1863 957 1916 in
988 1860 1131 1926 caelo,
1172 1857 1275 1912 sive
1296 1857 1348 1910 in
1371 1865 1545 1917 terra;
1571 1847 1993 1925 quemadmodum

400 1968 515 2016 sunt
544 1958 618 2013 dii
643 1955 789 2011 muiti
809 1964 855 2009 et
881 1951 1072 2007 domini
1096 1949 1275 2015 multi;
1301 1946 1390 2003 sed
1414 1946 1557 2000 nobis
1579 1961 1708 1999 unus
1733 1952 1806 1998 est
1833 1941 1990 2009 Deus,

401 2053 581 2119 Pater,
606 2068 668 2106 ea:
691 2066 788 2121 quo
816 2044 1007 2110 omnia,
1036 2054 1083 2099 et
1106 2059 1199 2097 nos
1221 2042 1272 2095 in
1295 2041 1481 2110 ipsum,
1518 2048 1564 2093 et
1589 2054 1718 2091 unus
1743 2034 1995 2089 Dominus

400 2144 550 2202 Iesus
597 2141 848 2202 Christus,
897 2150 987 2209 per
1032 2152 1179 2208 quem
1233 2133 1419 2195 omnia,
1468 2141 1514 2185 et
1554 2145 1648 2183 nos
1701 2143 1789 2197 per
1828 2126 1995 2194 ipsunt

401 2240 445 2309 (Ι
470 2237 589 2293 Cor.
607 2250 720 2299 vm,
744 2233 777 2289 5
791 2242 836 2287 et
853 2228 907 2302 6)
931 2246 946 2297 ;
970 2229 1054 2285 cui
1070 2226 1405 2290 conﬁtemur,
1425 2222 1662 2292 quoniam
1682 2220 1734 2274 in
1756 2227 1998 2274 wternum

401 2330 745 2389 misericordia
766 2330 894 2399 ejus.

403 2419 2003 2463 ____________________——-———-

768 2495 848 2558 IN
893 2488 1277 2555 PSALMUM
1318 2484 1647 2549 CXXXVI

1006 2587 1425 2649 ENARRATIO.

968 2699 1140 2741 SERMO
1171 2699 1237 2737 AD
1265 2696 1490 2736 PLEBEI.

478 2790 533 2846 1.
558 2786 710 2861 [vers.
737 2781 815 2858 1.]
838 2780 1043 2838 Oblitos
1062 2791 1158 2832 vos
1178 2789 1297 2831 esse
1322 2788 1429 2827 non
1450 2770 1700 2835 arbitror,
1718 2778 1995 2823 commen-

406 2854 581 2941 dasse-
618 2894 716 2935 nos
768 2854 941 2939 vobis,
1007 2872 1115 2926 imo
1157 2876 1612 2924 commemorasse
1659 2858 1815 2925 vos‘,
1859 2854 2001 2927 quod

409 2975 585 3033 omnis
622 2971 860 3029 eruditus
889 2969 942 3023 in
972 2974 1152 3021 sancta
1194 2959 1432 3017 Ecclesia
1478 2971 1637 3019 nosse
1671 2953 1831 3010 debet
1860 2950 2003 3006 unde

407 3072 555 3129 cives
582 3036 773 3133 simﬁs,
808 3074 862 3120 et
889 3061 977 3117 ubi
1005 3057 1426 3131 peregrinemur,
1462 3061 1517 3106 et
1554 3044 2002 3122 peregrinationis

409 3173 609 3223 nostra:
636 3174 851 3218 causam
872 3169 989 3213 esse
1016 3159 1312 3224 peccatum,
1338 3143 1662 3203 reversionis
1683 3150 1858 3196 autem
1880 3153 2003 3193 mu-

408 3274 510 3315 nus
540 3254 908 3312 remissionem
928 3255 1265 3320 peccatorum
1286 3249 1342 3297 et
1364 3237 1795 3309 justiﬁcationem
1819 3233 2005 3305 gratias

412 3350 529 3408 Dei.
560 3349 701 3404 Duas
724 3345 966 3402 civitates
993 3338 1283 3411 permixtas
1309 3333 1407 3389 sibi
1441 3330 1651 3386 interim
1678 3343 1922 3397 corpore,
1950 3332 2008 3382 et

412 3442 576 3500 corde
602 3446 895 3509 separatas,
918 3445 1134 3489 currere
1154 3444 1249 3498 per
1264 3427 1362 3482 ista
1392 3423 1662 3479 volumina
1684 3420 2003 3476 saeculorum

409 3550 581 3606 usque
610 3533 663 3587 in
693 3530 874 3591 ﬁnem,
906 3523 1129 3580 audistis
1153 3529 1208 3575 et
1242 3518 1447 3583 nostis;
1481 3529 1639 3570 unam
1667 3514 1749 3568 cui
1778 3512 1898 3566 ﬁnis
1922 3518 2008 3567 est

410 3603 514 3700 pas
553 3633 774 3689 aeterna,
818 3629 872 3675 et
896 3624 1116 3673 vocatur
1141 3610 1475 3674 Jerusalem;
1514 3607 1734 3661 alteram
1762 3603 1847 3659 cui
1878 3617 2008 3674 gau-

414 3697 563 3777 dium
604 3726 689 3774 est
712 3731 816 3787 pax
852 3709 1183 3783 temporalis,
1224 3715 1278 3762 et
1317 3711 1538 3759 vocatur
1569 3699 1881 3773 Babylonia.
1916 3697 2006 3753 ln-

416 3811 825 3884 terpretationes
844 3807 1002 3860 etiam
1032 3801 1327 3864 nominum,
1358 3797 1400 3851 si
1425 3810 1531 3850 non
1556 3793 1729 3855 fallor,
1771 3790 1962 3846 tenetis
1992 3807 2005 3843 :

416 3907 716 3967 Jerusalem
746 3896 1108 3970 interpretari,
1137 3893 1409 3949 Visionem
1431 3887 1609 3958 pacis;
1640 3884 2008 3957 Babyloniam,

417 4001 816 4061 Conlusionem.
849 3991 1145 4050 Jerusalem
1174 3987 1225 4041 in
1254 3981 1542 4055 Babylonia
1565 3978 1773 4048 captiva
1801 3975 2014 4032 teneba-

420 4106 506 4152 tur
543 4109 650 4149 non
692 4099 836 4155 tota;
878 4087 1021 4142 cives
1061 4081 1204 4139 enim
1239 4077 1354 4149 ejus
1397 4083 1451 4129 et
1490 4070 1675 4142 Angeli
1715 4076 1857 4124 sunt.
1904 4066 2011 4123 Sed

420 4185 563 4259 quod
610 4183 802 4238 attinet
842 4177 909 4234 ad
949 4174 1199 4230 homines
1243 4164 1648 4240 prmdestinatos
1687 4162 1739 4216 in
1789 4160 2011 4231 gloriam

422 4254 540 4347 Dei,
573 4280 775 4332 futuros
802 4288 896 4344 per
923 4268 1263 4339 adoptionem
1292 4258 1599 4317 cohmredcs
1628 4254 1846 4318 Christi,
1878 4267 2012 4324 quos

422 4373 490 4430 de
517 4345 630 4443 ipsa
650 4365 958 4438 captivitate
984 4359 1210 4416 redemit
1238 4353 1496 4425 sanguine
1521 4364 1618 4405 suo
1656 4366 1669 4402 :
1703 4345 2012 4418 particulam

425 4436 555 4535 ergo
584 4436 740 4516 istam
764 4454 1002 4513 civitatis
1024 4447 1319 4507 Jerusalem
1346 4444 1605 4514 captivam
1635 4438 1803 4496 teneri
1840 4438 1892 4492 in
1918 4436 2019 4491 Ba-

425 4529 645 4629 bylonia
675 4566 770 4623 pro
799 4553 1036 4620 peccato,
1062 4541 1296 4611 incipere
1324 4544 1504 4593 autem
1541 4533 1664 4589 inde
1694 4531 1841 4587 exire
1872 4529 2019 4599 prius

427 4622 590 4706 corde
629 4622 726 4715 per
754 4636 1146 4696 confessionem
1174 4628 1466 4701 iniquitatis
1492 4635 1546 4681 et
1577 4624 1893 4680 charitatem
1927 4622 2020 4691 ju-

429 4743 611 4807 stitim,
641 4735 834 4795 deinde
868 4741 1048 4804 postea
1078 4729 1131 4783 in
1155 4726 1259 4781 ﬁne
1286 4723 1467 4779 saeculi
1499 4720 1659 4777 etiam
1684 4732 1912 4789 corpore
1938 4731 2025 4773 se-

430 4834 741 4912 parandam,
761 4823 1251 4886 commendavimus
1268 4819 1321 4874 in
1342 4834 1405 4873 eo
1427 4816 1654 4887 psalmo,
1672 4828 1830 4885 quem
1850 4811 2023 4882 primo

432 4903 524 4985 hic
546 4942 666 4983 cum
687 4930 862 4979 vestra
890 4916 1183 4973 Dilectione
1211 4909 1572 4971 tractavimus,
1597 4905 1687 4977 qui
1713 4905 1784 4960 ita
1817 4903 2020 4973 incipit,

434 5022 510 5081 Te
535 5021 669 5075 decet
697 5018 931 5089 hymnus,
964 5006 1123 5074 Deus,
1154 5008 1207 5061 in
1229 5004 1356 5061 Sion
1379 5019 1397 5068 ;
1428 5012 1473 5057 et
1500 5002 1587 5055 tibi
1608 4998 1841 5054 reddetur
1857 5008 2027 5052 votum

402 5182 408 5193 ξ
435 5117 493 5171 in
515 5110 803 5169 Jerusalem
823 5104 993 5181 (Psal.
1024 5116 1169 5164 wa,
1196 5099 1277 5169 2).
1310 5096 1574 5152 Hodierna
1603 5101 1781 5147 autem
1809 5090 1896 5146 die
1928 5089 2027 5145 de-

442 5206 780 5265 cantavimus
810 5243 822 5255 .
853 5199 1023 5268 Super
1050 5192 1265 5266 ﬂumina
1290 5187 1587 5260 Babylonis,
1630 5185 1698 5239 ibi
1724 5184 1941 5253 sedimus
1983 5191 2030 5236 et

445 5300 695 5372 ﬂeuimus,
735 5308 849 5349 cum
876 5287 1259 5345 recordaremur
1284 5280 1431 5337 Sion.
1474 5277 1661 5333 Videte
1689 5276 1811 5347 quia
1854 5275 1907 5329 in
1940 5273 2031 5329 illo

442 5368 643 5449 dictum
659 5396 764 5453 est,
780 5383 854 5440 Te
868 5383 1006 5438 decet
1026 5380 1265 5451 hymnus,
1284 5374 1441 5439 Deus,
1464 5372 1517 5425 in
1541 5370 1667 5426 Sion
1687 5383 1706 5433 ;
1726 5368 1811 5423 hic
1830 5375 2027 5435 autem,

446 5483 619 5554 Super
654 5477 867 5551 ﬂumina
887 5471 1160 5545 Babylonis
1179 5512 1195 5537 ,
1222 5468 1291 5522 ibi
1315 5466 1532 5521 sedimus
1557 5473 1604 5519 et
1631 5461 1880 5533 ﬂeuimus,
1920 5476 2034 5515 cum

445 5552 825 5633 recordaremur
841 5565 969 5626 Sion
983 5583 1001 5620 :
1012 5564 1161 5620 illam
1174 5560 1323 5627 Sion,
1341 5558 1428 5615 ubi
1441 5557 1593 5613 decet
1605 5554 1832 5627 hymnus
1846 5552 2031 5608 Deum.

519 5668 577 5725 2.
611 5669 745 5736 Quae
785 5671 911 5719 sunt
950 5674 1078 5730 ergo
1108 5654 1325 5711 ﬂumina
1356 5649 1642 5723 Babylonis
1661 5690 1676 5716 ,
1715 5655 1771 5703 et
1801 5645 1927 5717 quid
1957 5652 2039 5700 est

450 5770 696 5821 nostrum
715 5757 903 5815 sedere
930 5760 985 5809 et
1008 5750 1139 5807 ﬁere
1160 5749 1213 5804 in
1233 5743 1603 5803 recordatione
1618 5740 1785 5799 Sion?
1812 5737 1871 5794 Si
1894 5737 2038 5794 enim

450 5858 600 5917 cives
626 5853 752 5911 inde
788 5856 994 5912 sumus,
1026 5857 1133 5901 non
1164 5849 1365 5898 tantum
1409 5837 1514 5895 hoc
1538 5844 1836 5903 cantamus,
1864 5831 1960 5890 sed
1986 5838 2044 5888 et

522 5974 540 6005 ³
566 5971 641 6020 sic
664 5977 769 6019 Mss.
791 5970 849 6017 At
863 5970 996 6023 Lov.,
1017 5972 1118 6011 nos.

1405 434 1803 496 ENARBATIO
1839 431 1905 489 1N
1944 426 2273 489 PSALMUM
2309 427 2595 489 CXXXVI.

3540 425 3683 484 i762
3735 402 3748 420 '

2091 547 2316 617 agimus.
2345 545 2401 602 Si
2429 545 2573 601 cives
2598 554 2781 600 sumus
2805 540 2874 599 de
2898 539 3218 608 Jerusalem,
3252 539 3306 596 id
3329 549 3410 596 est
3434 539 3503 596 de
3526 539 3681 609 Sion,

2090 648 2142 694 et
2166 638 2217 692 in
2244 640 2342 694 ista
2367 639 2495 704 vita,
2532 636 2586 692 in
2613 635 2715 692 ista
2739 633 3054 692 confusione
3080 632 3259 689 saeculi
3290 632 3468 703 hujus,
3498 633 3553 690 in
3579 632 3683 689 ista

2090 732 2381 804 Babylonia
2410 747 2517 789 non
2548 732 2697 788 cives
2727 729 3051 795 habitamus,
3101 726 3197 783 sed
3235 728 3431 799 captivi
3468 727 3683 787 detine-

2089 840 2213 880 mur
2228 841 2244 893 ;
2268 833 2478 896 oportet
2493 833 2551 880 ut
2563 840 2673 881 non
2690 833 2893 880 tantum
2915 823 3014 880 ista
3027 820 3394 889 decantemus,
3412 822 3508 880 sed
3531 830 3588 879 et
3609 823 3688 877 la-

2091 922 2296 977 ciamus
2320 921 2514 977 aﬁ‘ectu
2533 920 2712 977 cordis
2742 921 2853 991 pio,
2889 920 3142 992 religioso
3179 919 3446 976 desiderio
3470 930 3689 977 aeternae

2090 1014 2339 1069 civitatis.
2366 1013 2541 1069 Habet
2575 1021 2630 1069 et
2659 1013 2774 1068 haec
2793 1012 2981 1068 civitas
3008 1028 3129 1084 quas
3154 1012 3443 1086 Babylonia
3469 1012 3686 1081 dicitur,

2090 1116 2360 1163 amatores
2405 1123 2533 1164 suos
2573 1107 2916 1164 consulentes
2958 1106 3076 1177 paci
3120 1107 3419 1178 temporali,
3458 1116 3512 1164 et
3554 1107 3690 1164 nihil

2091 1203 2231 1258 ultra
2257 1212 2557 1273 sperantes,
2590 1212 2869 1273 totumque
2887 1200 3141 1275 gaudium
3162 1216 3319 1257 suum
3348 1201 3420 1256 ibi
3440 1200 3684 1272 ﬁgentes,

2092 1294 2165 1351 ibi
2193 1295 2457 1361 ﬁnientes,
2509 1303 2565 1350 et
2611 1293 2854 1351 videmus
2900 1309 2995 1350 eos
3033 1308 3132 1364 pro
3167 1293 3438 1363 republica
3482 1303 3692 1349 terrena

2030 1456 2033 1459 Α
2094 1385 2382 1457 plurimum
2409 1385 2657 1442 laborare
2684 1403 2700 1441 :
2732 1384 2827 1442 sed
2853 1394 2908 1441 et
2935 1384 2990 1439 in
3016 1399 3077 1441 ea
3108 1384 3431 1457 quicumque
3468 1383 3697 1441 ﬁdeliter

2095 1486 2395 1545 versantur,
2421 1478 2467 1533 si
2493 1492 2597 1533 non
2620 1477 2691 1533 ibi
2718 1485 2970 1547 appetant
2997 1475 3303 1546 superbiam
3325 1484 3380 1531 et
3400 1477 3692 1546 perituram

2095 1571 2381 1627 elationem
2410 1571 2792 1642 odiosamque‘
2819 1570 3167 1641 jaCtantiam;
3200 1568 3295 1624 sed
3322 1584 3501 1625 veram
3534 1570 3695 1627 ﬁdem

2096 1663 2405 1731 exhibeant,
2448 1679 2606 1733 quam
2637 1671 2880 1733 possunt,
2924 1660 3175 1733 quamdiu
3214 1670 3454 1732 possunt,
3503 1663 3698 1733 quibus

2097 1765 2342 1827 possunt,
2374 1756 2441 1811 ad
2470 1763 2728 1826 quantum
2754 1755 2937 1811 vident
2964 1764 3198 1822 terrena,
3243 1764 3299 1810 et
3340 1754 3406 1809 ad
3433 1765 3693 1826 quantum

2098 1847 2399 1919 intelligunt
2419 1848 2652 1918 speciem
2673 1846 2931 1913 civitatis;
2954 1860 3062 1901 non
3087 1860 3182 1901 eos
3207 1845 3333 1902 sinit
3355 1845 3497 1901 Deus
3522 1847 3697 1917 perire

2099 1939 2154 1996 in
2182 1940 2470 2012 Babylonia
2500 1957 2515 1995 :
2563 1938 2960 2011 praedestinavit
2991 1939 3136 1995 enim
3181 1952 3277 1994 eos
3302 1938 3446 1994 cives
3470 1939 3696 1996 Jerusa-

2099 2032 2228 2090 lem.
2269 2032 2521 2103 lntelligit
2561 2032 2924 2103 captivitatem
2960 2047 3147 2087 eorum
3180 2032 3339 2097 Deus,
3389 2041 3445 2088 et
3465 2034 3700 2091 ostendit

2100 2125 2208 2180 illis
2228 2125 2388 2180 aliam
2426 2124 2718 2191 civitatem,
2750 2125 2836 2180 cui
2864 2138 2993 2180 vere
3019 2122 3250 2179 debeant
3276 2124 3568 2198 suspirare,
3602 2140 3700 2195 pro

2101 2232 2205 2288 qua
2234 2217 2466 2273 debeant
2508 2225 2699 2272 cuncta
2744 2214 2951 2283 conari,
2999 2214 3065 2269 ad
3104 2228 3270 2287 quam
3315 2215 3699 2285 capessendam

2102 2310 2336 2367 debeant
2373 2311 2524 2367 cives
2548 2324 2677 2367 suos
2720 2324 2901 2366 secum
2931 2308 3262 2380 peregrinos,
3317 2317 3574 2379 quantum
3601 2325 3697 2365 va-

2102 2405 2319 2473 luerint,
2370 2404 2663 2461 adhortari.
2718 2404 3006 2473 Propterea
3050 2400 3180 2457 dicit
3234 2401 3488 2457 Dominus
3540 2402 3699 2460 Jesus

2102 2496 2369 2565 Christus,
2400 2496 2500 2564 Qui
2520 2499 2574 2551 in
2599 2496 2797 2551 modico
2831 2494 2997 2565 ﬁdelis
3025 2504 3119 2559 est,
3163 2493 3286 2548 etin
3325 2510 3509 2566 magno
3534 2495 3700 2564 ﬁdelis

2105 2601 2219 2646 est:
2258 2598 2313 2646 et
2348 2605 2558 2645 rursum
2598 2589 2746 2655 dicit,
2782 2588 2840 2643 Si
2869 2588 2923 2641 in
2960 2585 3126 2641 alieno
3162 2586 3337 2653 ﬁdeles
3371 2603 3473 2642 non
3508 2588 3697 2657 fuistis,

2104 2696 2322 2741 uestrum
2347 2686 2460 2758 quis
2486 2684 2624 2738 dabit
2644 2683 2779 2737 vobis
2810 2681 2961 2754 (Luc.
2991 2696 3101 2748 xvr,
3133 2679 3219 2746 10,
3250 2679 3381 2751 12)?

2178 2780 2230 2835 5.
2272 2772 2497 2842 Tamen,
2522 2776 2843 2840 charissimi,
2870 2772 3130 2830 attendite
3153 2772 3369 2828 ﬁumina
3392 2773 3698 2845 Babylonis.

2108 2869 2351 2924 Flumina
2383 2867 2689 2940 Babylonis,
2719 2874 2845 2921 sunt
2884 2865 3060 2920 omnia
3098 2879 3217 2935 qua:
3258 2862 3343 2918 hic
3373 2872 3621 2919 amantur
3647 2874 3703 2921 et

2107 2968 2407 3017 transeunt.
2439 2958 2631 3015 Nescio
2674 2957 2793 3029 quis
2821 2955 3039 3020 amavit,
3082 2953 3231 3011 verbi
3259 2954 3451 3026 gratia,
3480 2955 3704 3026 agricul-

2108 3065 2285 3113 turam
2324 3054 2497 3125 ipsam
2542 3066 2817 3118 exercere,
2852 3049 2977 3106 inde
3010 3048 3292 3112 ditescere,
3328 3048 3399 3102 ibi
3442 3063 3705 3120 occupare

2108 3147 2364 3212 animum,
2391 3144 2514 3201 inde
2537 3145 2813 3215 percipere
2830 3142 3193 3212 voluptatem;
3218 3140 3458 3197 altendat
3478 3141 3701 3209 exitum,

2110 3250 2165 3298 et
2194 3241 2371 3296 videat
2397 3239 2527 3295 illud
2556 3236 2699 3311 quod
2739 3237 2936 3292 amavit
2982 3250 3090 3290 non
3135 3250 3256 3291 esse
3298 3233 3703 3291 fundamentum

2109 3333 2430 3400 Jerusalem,
2461 3331 2557 3387 sed
2584 3331 2806 3386 ﬂuvium
2852 3328 3162 3401 Babylonis.
3213 3327 3365 3382 Alius
3392 3327 3558 3382 dixit:
3591 3327 3705 3382 Ma-

2110 3441 2213 3499 gna
2256 3439 2343 3481 res
2371 3432 2455 3482 est
2494 3424 2756 3487 militare;
2800 3436 2987 3476 omnes
3022 3419 3270 3490 agricolae
3297 3416 3586 3475 formidant
3611 3433 3707 3475 eos

2112 3519 2200 3590 qui
2232 3517 2479 3584 militant,
2508 3517 2877 3588 obsequuntur
2918 3514 3014 3579 eis,
3048 3520 3285 3568 tremunt
3325 3527 3452 3567 eos:
3484 3513 3528 3567 si
3558 3511 3709 3569 fuero

2112 3609 2369 3683 agricola,
2400 3608 2601 3665 timebo
2628 3606 2945 3671 militarem;
2977 3605 3020 3659 si
3052 3605 3202 3660 luero
3230 3604 3500 3671 militaris,
3544 3603 3705 3659 time-

2114 3702 2213 3758 bor
2241 3702 2308 3757 ab
2338 3701 2594 3772 agricola.
2623 3699 2668 3754 Ο
2697 3700 2905 3765 insane,
2938 3697 2991 3751 in
3017 3695 3180 3751 alium
3210 3704 3263 3749 te
3293 3694 3580 3767 Babylonis
3606 3694 3710 3750 ﬁu.

2115 3795 2259 3849 vium
2284 3790 2647 3863 praecipitasti,
2680 3800 2734 3845 et
2762 3804 2884 3845 eum
2915 3786 3356 3842 turbulentiorem
3389 3795 3443 3841 et
3470 3786 3711 3855 rapacio—

2116 3904 2250 3944 rem.
2291 3885 2493 3942 Timeri
2536 3884 2617 3938 vis
2656 3898 2689 3938 a
2730 3883 2957 3943 minore,
2991 3879 3119 3933 time
3143 3877 3632 3948 majoremzpotest
3660 3886 3713 3936 te

2117 3980 2234 4051 ipso
2260 3978 2429 4048 major
2449 3975 2563 4031 ﬁeri
2590 3973 2785 4040 subito,
2818 3972 2905 4043 qui
2940 3980 2990 4027 te
3020 3971 3201 4037 timet;
3231 3984 3498 4040 nunquam
3534 3978 3711 4031 autem

2117 4073 2221 4128 erit
2246 4071 2439 4134 minor,
2471 4082 2629 4139 quem
2658 4065 2822 4122 debes
2848 4063 3060 4119 timere.
3090 4061 3421 4117 Advocatum
3449 4076 3590 4130 esse,
3622 4061 3707 4117 in-

2119 4166 2254 4237 quit,
2287 4178 2478 4235 magua
2505 4175 2592 4217 res
2619 4167 2720 4225 est,
2747 4156 3119 4230 potentissima
3144 4155 3481 4227 eloquentia;
3516 4155 3569 4210 in
3592 4170 3714 4211 om-

2120 4258 2277 4315 nibus
2316 4256 2514 4312 habere
2553 4261 2830 4323 susceptos
2862 4249 3154 4322 pendentes
3200 4264 3269 4305 ex
3314 4248 3491 4321 lingua
3529 4247 3715 4305 diserti

2121 4352 2331 4426 patroni
2361 4350 2466 4417 sui,
2496 4357 2548 4404 et
2572 4363 2638 4404 ex
2673 4346 2789 4418 ejus
2829 4359 2925 4400 ore
2971 4350 3251 4414 sperantes
3275 4342 3358 4398 vel
3388 4340 3603 4409 damna,
3633 4342 3717 4399 vel

2124 4447 2289 4511 lucra,
2319 4444 2402 4500 vel
2425 4450 2677 4507 mortem,
2705 4438 2789 4495 vel
2813 4437 2999 4505 vitam,
3020 4436 3106 4492 vel
3140 4434 3449 4506 perniciem,
3472 4435 3557 4490 vel
3584 4433 3720 4489 salu-

2125 4551 2254 4597 tem.
2272 4538 2458 4594 Nescis
2483 4550 2591 4607 quo
2617 4544 2667 4590 te
2692 4532 2903 4588 miseris
2925 4548 2939 4585 :
2961 4529 3098 4586 alius
3126 4537 3181 4586 et
3210 4529 3309 4585 iste
3335 4528 3526 4583 ﬂuvius
3548 4527 3720 4599 Baby-

2126 4635 2264 4692 lonis
2289 4640 2401 4698 est;
2425 4640 2478 4687 et
2505 4627 2646 4700 quod
2672 4626 2899 4683 multum
2928 4633 3100 4689 sonat,
3135 4622 3390 4692 strepitus
3417 4635 3567 4689 aqua:
3592 4633 3719 4673 saxa

2128 4725 2376 4799 percutit.
2408 4723 2641 4779 Attende
2667 4720 2791 4792 quia
2818 4718 2953 4785 ﬁuit,
2984 4714 3199 4771 attende
3220 4713 3341 4785 quia
3367 4712 3584 4775 labitur;
3608 4710 3721 4766 etsi

2130 4817 2361 4874 attendis
2389 4816 2509 4887 quia
2541 4815 2657 4870 ﬁuit
2681 4822 2735 4869 et
2766 4810 2984 4875 labitur,
3019 4821 3147 4862 cave
3175 4806 3296 4876 quia
3340 4802 3517 4857 trahit.
3561 4801 3722 4858 Navi-

2130 4926 2279 4984 gare,
2322 4909 2495 4980 inquit
2533 4908 2689 4975 alius,
2739 4913 2795 4959 et
2838 4900 3098 4973 negotiari
3145 4912 3394 4969 magnum
3441 4903 3552 4961 est;
3585 4895 3723 4951 scire

2132 5005 2330 5060 multas
2359 4999 2681 5073 provincias,
2715 4996 2860 5050 lucra
2900 4990 3133 5061 undique
3177 5003 3389 5060 capere,
3446 5002 3552 5043 non
3601 4999 3725 5043 esse

2134 5096 2422 5153 obnoxium
2451 5093 2503 5147 in
2532 5091 2746 5148 civitate
2783 5084 2939 5140 alicui
2981 5083 3205 5154 potenti,
3250 5095 3463 5151 semper
3490 5080 3726 5152 peregri-

2137 5190 2274 5255 nari,
2303 5196 2357 5243 et
2379 5184 2687 5241 diversitate
2712 5177 3046 5249 negotiorum
3073 5177 3162 5231 et’
3186 5174 3461 5231 nationum
3487 5174 3724 5229 animum

2138 5295 2377 5354 pascere,
2398 5270 2763 5346 etaugmentis
2789 5270 3056 5325 lucrorum
3078 5267 3294 5324 divitem
3320 5280 3581 5323 remeare.
3601 5264 3726 5322 Flu-

2140 5378 2257 5432 vius
2281 5382 2364 5431 est
2386 5381 2439 5427 et
2468 5370 2569 5425 iste
2596 5363 2904 5437 Babylonis.
2937 5362 3108 5418 Lucra
3132 5372 3217 5417 tua
3240 5360 3453 5433 quando
3474 5358 3727 5416 stabunt?

2140 5468 2353 5543 quando
2380 5469 2824 5537 prazsumpturus,
2869 5456 3083 5529 quando
3121 5470 3341 5512 securus
3383 5455 3491 5510 eris
3534 5468 3598 5507 ex
3645 5450 3731 5506 his

2142 5542 2558 5634 quas‘acquiris?
2579 5554 2791 5623 Quanto
2816 5550 2925 5607 eris
2952 5549 3131 5613 ditior,
3164 5556 3309 5603 tanto
3339 5543 3593 5601 timidior.
3612 5542 3731 5599 Uno

2145 5653 2420 5726 naufragio
2445 5649 2620 5708 nudus
2644 5647 2836 5714 exibis,
2864 5654 2920 5703 et
2944 5653 3087 5701 recte
3113 5652 3165 5698 te
3190 5642 3405 5712 planges
3434 5641 3488 5695 in
3514 5636 3733 5698 ﬂumine

2213 5833 2233 5868 ι
2255 5833 2330 5883 sic
2349 5829 2575 5896 plerique
2598 5835 2705 5878 Mss.
2728 5825 2841 5876 ΕΜ.
2870 5836 3011 5881 vero,
3041 5819 3343 5881 otiostnnque.

2214 5921 2238 5954 ³
2259 5917 2483 5982 Plerique
2509 5922 2616 5966 uss.
2636 5915 2880 5974 omittunt,
2905 5906 3198 5973 negotiorum
3219 5913 3279 5958 et.
