4160 6436
525 382 664 447 1783

525 504 833 579 Babylonis,
856 502 987 575 quia
1010 498 1227 557 noluisti
1253 496 1439 553 sedere
1474 501 1525 557 et
1550 489 1677 549 ﬂere
1715 506 1875 562 super
1898 491 2115 546 illiinina

528 602 831 675 Babylonis.

598 706 652 765 4.
694 696 795 759 Alii
843 707 971 763 ergo
1014 690 1159 745 cives
1202 695 1400 744 sancta:
1430 684 1723 743 Jerusalem
1754 680 2114 750 illlelligentes

526 787 886 858 captivitatem
909 798 1079 844 suam,
1100 780 1380 841 attendunt
1408 778 1635 839 humana
1656 786 1775 833 vota
1799 786 1851 829 et
1872 772 2114 837 diversas

528 882 800 945 hnniinum
831 876 1148 948 cupiditates
1181 874 1279 939 hac
1307 884 1465 944 atque
1513 871 1635 933 illac
1680 869 1965 939 rapientes,
2002 876 2112 921 tra-

526 977 734 1037 hentes,
768 971 1104 1043 impellentes
1136 968 1186 1031 in
1216 982 1394 1025 mare:
1422 964 1601 1031 vident
1646 963 1780 1031 lucc,
1826 969 1881 1017 et
1909 976 2014 1025 non
2058 973 2116 1025 se

524 1066 739 1121 mittunt
786 1064 837 1118 in
870 1062 1087 1129 ﬂuittina
1120 1058 1439 1131 Babylonis;
1471 1056 1561 1123 sed
1592 1055 1785 1121 sedent
1826 1068 1985 1127 super
2012 1052 2114 1106 llu-

524 1159 663 1213 mina
696 1157 1001 1235 Babylonis,
1025 1164 1080 1225 et
1105 1154 1233 1217 ﬂent
1258 1168 1417 1221 super
1446 1149 1663 1217 ﬂumina
1699 1148 2004 1218 Babylonis,
2030 1144 2115 1211 vel

524 1250 641 1315 illos
665 1249 752 1321 qui
785 1249 1082 1318 rapiuntur,
1116 1244 1200 1311 vel
1242 1244 1445 1312 seipsos
1469 1242 1559 1313 qui
1592 1240 1645 1295 in
1674 1238 1961 1311 Babylonia
1995 1252 2117 1305 esse

525 1350 873 1399 meruerunt:
913 1338 1159 1405 sedentes
1202 1346 1397 1403 tamen,
1431 1334 1532 1401 hoc
1554 1343 1635 1399 est
1662 1333 1920 1397 humiliati
1941 1333 1980 1385 ⁸.
2006 1331 2115 1397 Su-

525 1452 615 1510 per
633 1436 848 1505 ﬂumina
868 1449 994 1503 ergo
1017 1431 1309 1502 Babylonis,
1332 1430 1399 1485 ibi
1416 1429 1633 1493 sedimus
1656 1437 1701 1495 et
1728 1428 1979 1497 ﬂevimus,
2002 1444 2117 1495 cum

525 1532 907 1595 recordaremur
937 1526 1085 1587 Sion.
1119 1523 1163 1591 Ο
1191 1533 1373 1580 sancta
1400 1522 1548 1588 Sion,
1574 1522 1660 1576 ubi
1695 1532 1863 1589 totum
1904 1530 2030 1589 stat,
2063 1528 2119 1591 et

528 1624 660 1680 nihil
690 1622 830 1679 linit!
863 1621 983 1691 quis
1012 1634 1107 1687 nos
1139 1618 1190 1683 in
1219 1619 1314 1675 ista
1341 1616 1725 1687 praecipitavit?
1745 1630 1915 1684 quare
1954 1614 2113 1677 dimi-

524 1715 692 1771 sitnus
732 1710 1072 1777 Conditorem
1124 1718 1271 1775 tuum
1311 1716 1365 1762 et
1400 1707 1715 1773 societatem
1769 1706 1947 1771 tuam?
1982 1706 2117 1774 Ecce

527 1805 665 1861 inter
691 1803 905 1869 liuentia
934 1810 986 1865 et
1016 1799 1244 1857 labentia
1271 1797 1569 1862 constituti,
1600 1798 1683 1861 vix
1711 1797 1993 1869 quisquam
2031 1812 2117 1861 ra.

525 1908 648 1973 plus
671 1914 697 1961 a
723 1896 958 1967 ﬂumine,
985 1894 1027 1961 si
1056 1901 1238 1957 tenere
1260 1892 1456 1965 lignum
1484 1891 1734 1965 potuerit,
1758 1890 1968 1957 evadet.
2006 1890 2117 1953 llu-

527 1990 713 2047 miliati
743 2004 869 2060 ergo
898 1988 947 2041 in
970 1985 1271 2054 captivitate
1298 1992 1476 2051 nostra
1508 1983 1792 2053 sedeamus
1818 1998 1978 2053 super
2013 1981 2116 2049 llus

526 2084 668 2141 mina
698 2080 1002 2153 Babylonis,
1031 2095 1135 2137 non
1160 2093 1255 2145 nos
1285 2076 1583 2147 audeamus
1602 2077 1654 2133 in
1684 2076 1787 2141 illis
1810 2076 2118 2141 ﬂuminibus

524 2174 890 2247 przccipitare;
920 2187 1019 2239 nec
1050 2186 1148 2231 nos
1173 2169 1467 2241 audeamus
1490 2170 1541 2237 in
1569 2180 1767 2235 nostra:
1796 2169 2119 2240 captivitatis

525 2266 666 2331 man
687 2276 843 2338 atque
877 2264 1087 2333 tristitia
1118 2263 1346 2333 superbe
1373 2264 1601 2341 erigere,
1629 2261 1721 2323 sed
1745 2262 2045 2327 sedeamus,
2066 2268 2120 2327 et

524 2360 605 2416 sic
633 2358 875 2427 lleamns.
908 2358 1203 2414 Sedeamus
1235 2372 1395 2426 super
1426 2357 1641 2417 [lumina
1676 2355 1979 2427 Babylonis,
2010 2370 2115 2421 non

524 2452 659 2521 infra
701 2450 916 2515 ﬂumina
963 2449 1429 2520 Babylonisztalis
1476 2450 1547 2519 sit
1596 2448 1864 2503 humilitas
1913 2455 2115 2517 nostra,

522 2551 583 2611 ut
614 2561 711 2611 nos
737 2560 841 2609 non
872 2554 1095 2614 mergat.
1120 2542 1258 2603 Sede
1284 2557 1446 2611 super
1476 2542 1693 2608 (lumen,
1724 2542 1829 2597 noli
1866 2542 1917 2595 in
1946 2540 2122 2596 ﬂumi-

525 2656 614 2707 ne,
638 2641 746 2695 noli
771 2640 869 2695 sub
892 2640 1108 2694 [lumine
1130 2657 1143 2692 :
1167 2637 1259 2707 sed
1285 2648 1461 2697 tamen
1490 2637 1618 2703 sede
1641 2637 1877 2704 humilis,
1900 2637 2118 2707 loquere

528 2748 634 2788 non
658 2730 928 2803 quomodo
958 2732 1011 2789 in
1038 2729 1357 2787 Jerusalem.
1384 2730 1458 2785 lbi
1491 2731 1633 2795 enim
1672 2729 1867 2794 stabis;
1899 2729 2021 2811 quia
2051 2726 2119 2782 de

526 2822 639 2892 ipsa
670 2836 765 2891 spe
808 2821 1040 2889 loquitur
1082 2821 1217 2873 alius
1263 2820 1519 2891 psalmus,
1574 2827 1627 2875 et
1675 2826 1853 2881 cantat
1894 2817 2114 2873 dicens:

526 2913 733 2977 Stante:
777 2922 919 2969 erant
958 2911 1106 2982 pedes
1144 2912 1301 2979 nostri
1335 2912 1387 2966 in
1428 2912 1571 2981 atriis
1608 2909 1895 2981 Jerusalem
1942 2910 2115 2979 (Psal.

523 3021 672 3072 cm,
697 3004 773 3081 2).
804 3005 873 3063 lbi
902 3004 1142 3076 erigeris,
1178 3003 1222 3061 si
1253 3013 1304 3061 te
1336 3003 1420 3059 hic
1448 3004 1753 3074 paenitendo
1784 3012 1837 3063 et
1858 3002 2118 3059 confiten-

525 3098 595 3153 do
623 3096 1002 3155 ltumiliaveris.
1034 3094 1099 3151 In
1122 3097 1264 3151 atriis
1286 3112 1412 3167 ergo
1446 3096 1726 3165 Jerusalem
1757 3106 1945 3163 stantes
1972 3104 2115 3159 erant

526 3192 677 3264 pedes
704 3192 893 3257 nostri;
920 3190 1088 3262 Super
1115 3190 1329 3259 ﬂumina
1352 3204 1478 3261 vero
1504 3187 1783 3261 Babylonis
1821 3188 2042 3255 sedimus
2068 3198 2115 3257 et

523 3285 769 3356 ﬂeuimus,
796 3300 907 3351 cum
935 3282 1316 3349 recordaremur
1341 3281 1488 3339 Sion.
1513 3281 1640 3349 Inde
1656 3290 1867 3356 oportet
1890 3290 1945 3347 ut
1962 3282 2111 3348 fleas,

522 3373 855 3430 recordando
875 3374 1021 3428 Sion.
2106 3360 2111 3361 ί

595 3472 647 3525 5.
694 3469 837 3522 Militi
869 3469 1009 3523 enim
1058 3467 1184 3523 ﬂent
1233 3466 1359 3522 tletu
1407 3466 1720 3537 Babylonio,
1750 3466 1872 3539 quia
1900 3476 1954 3522 et
1980 3483 2111 3537 gau-

524 3561 657 3625 dent
691 3559 884 3629 gaudio
916 3559 1225 3630 Babylonio.
1273 3557 1369 3622 Qui
1416 3558 1647 3629 gaudent
1687 3558 1848 3612 lucris
1894 3566 1946 3612 et
1988 3559 2116 3614 llent

522 3652 756 3719 damnis,
801 3661 1081 3719 utrumque
1128 3649 1193 3705 de
1238 3649 1525 3720 Babylonia
1573 3658 1673 3705 est.
1724 3650 1877 3704 Flere
1924 3648 2112 3723 debes,

524 3744 618 3801 sed
671 3742 1001 3811 recordando
1045 3741 1194 3795 Sion.
1248 3738 1303 3797 Si
1353 3740 1683 3796 recordando
1728 3741 1854 3795 Sion
1888 3740 2004 3805 ﬂes,
2061 3748 2115 3809 et

524 3838 737 3914 quando
775 3837 867 3905 tibi
909 3834 1199 3899 secundum
1246 3834 1591 3905 Babyloniam
1626 3835 1761 3890 bene
1791 3845 1871 3890 est
1901 3843 2115 3905 oportet

524 3943 579 3989 ut
604 3932 751 3988 ﬂeas.
782 3929 1072 3999 Propterea
1099 3926 1292 3982 dicitur
1322 3926 1373 3993 in
1404 3926 1632 3999 quodam
1662 3926 1898 3996 psalmo:
1933 3926 2117 3981 Tribu-

525 4026 765 4091 lationem
794 4031 839 4091 et
866 4020 1090 4085 dolorem
1118 4020 1301 4085 iuveni,
1346 4027 1393 4072 et
1423 4034 1601 4085 nomen
1650 4017 1855 4073 Domini
1890 4021 2115 4089 invocavi

525 4116 696 4189 (Psal.
716 4129 859 4179 cxtv,
885 4113 918 4168 5
934 4103 1067 4185 ἐξά).
1095 4110 1229 4179 Quid
1252 4109 1493 4193 estquod
1514 4110 1660 4178 dicit,
1682 4110 1898 4166 Inveni?
1923 4113 2116 4181 Nescio

524 4226 681 4283 quam
712 4208 1108 4263 tribulationem
1154 4205 1303 4273 quasi
1348 4203 1712 4272 quwreudam,
1762 4206 1963 4263 invenit
1990 4215 2110 4261 tan-

524 4317 683 4373 quam
715 4300 1015 4370 quaesitam.
1048 4297 1111 4351 Et
1139 4312 1258 4371 cum
1288 4295 1602 4363 invenisset,
1633 4312 1738 4369 quo
1777 4297 1925 4353 lucro
1965 4298 2113 4354 inve-

527 4394 642 4450 nit?
662 4391 863 4463 Nomen
890 4388 1097 4443 Domini
1126 4388 1411 4451 invoeavit.
1442 4387 1661 4455 Multum
1693 4389 1912 4444 interest
1933 4399 2112 4459 utrum

524 4485 766 4545 invenias
796 4479 1211 4545 tribulationem,
1242 4494 1308 4532 an
1342 4477 1633 4547 inveniaris
1673 4498 1701 4535 a
1750 4480 2110 4553 tribulatione.

522 4579 660 4635 Dicit
686 4575 828 4637 enim
878 4574 984 4631 alio
1033 4572 1182 4627 loco:
1216 4570 1429 4625 Dolores
1470 4573 1654 4645 inferni
1701 4574 1989 4629 invenerunt
2036 4592 2114 4633 me

524 4670 695 4745 (Psal.
721 4685 848 4737 xvtt,
872 4665 948 4736 6).
973 4664 1108 4734 Quid
1131 4676 1229 4735 est,
1260 4662 1563 4736 Invenerunt
1584 4682 1661 4721 me
1686 4666 1880 4722 dolores
1900 4668 2113 4741 inferni?

522 4764 659 4835 Quid
688 4772 790 4832 est,
822 4759 1215 4816 Tribulationem
1244 4768 1289 4812 et
1319 4758 1545 4812 dolorem
1584 4759 1783 4814 inveni?
1812 4762 2035 4829 Quando
2061 4772 2111 4819 te

520 4840 744 4929 repente
764 4863 987 4926 occupat
1016 4852 1245 4921 tristitia,
1283 4849 1605 4933 perturbatis
1638 4852 1727 4907 tibi
1756 4853 1913 4925 rebus
1941 4871 2109 4909 δωρη-

522 4950 725 5015 laribus
770 4948 964 5018 quibus
1002 4943 1391 5009 oblectabaris’
1430 4962 1440 4996 :
1476 4942 1689 5015 quando
1738 4953 1790 4999 te
1832 4948 2109 5016 repentina

523 5040 636 5113 ipsa
668 5038 869 5099 invenit
901 5038 1134 5101 tristitia,
1164 5035 1305 5092 unde
1333 5043 1382 5106 te
1411 5050 1516 5101 non
1564 5035 1785 5105 putabas
1816 5051 1969 5109 posse
1996 5040 2108 5094 tieri

524 5135 756 5203 tristem,
800 5133 1014 5199 accidit,
1052 5140 1108 5197 et
1150 5129 1313 5185 tristis
1340 5129 1603 5199 efliceris;
1649 5131 1851 5185 invenit
1883 5140 1933 5187 te
1958 5132 2111 5188 dolor

525 5228 742 5287 inferni.
764 5227 841 5284 Te
866 5228 1007 5299 enim
1036 5242 1246 5283 sursum
1272 5224 1526 5295 putabas;
1558 5235 1921 5295 verumtamen
1948 5225 2107 5281 deor-

518 5339 639 5381 sum
683 5336 806 5378 eras
834 5338 847 5374 :
878 5330 933 5376 et
959 5335 1079 5375 cum
1116 5330 1165 5373 te
1195 5318 1348 5379 dolor
1392 5317 1581 5385 inferni
1629 5318 1910 5387 inveniret,
1946 5320 2013 5376 ibi
2058 5332 2108 5380 te

526 5415 775 5476 invenisti
820 5412 1093 5481 deorsum,
1126 5412 1214 5481 qui
1260 5421 1312 5467 te
1341 5428 1551 5483 sursum
1581 5413 1821 5483 putabas.
1856 5412 2106 5471 Invenisti

526 5512 669 5569 enim
701 5518 753 5567 te
794 5505 981 5561 dolore
1022 5502 1271 5558 allectum
1316 5505 1568 5579 graviter,
1626 5508 1838 5562 tristitia
1882 5508 2105 5578 alicujus

530 5602 676 5671 ntali,
710 5599 852 5659 unde
879 5597 1015 5655 forte
1044 5610 1463 5675 prmsumpseras
1496 5608 1547 5653 te
1592 5614 1695 5665 non
1723 5598 1835 5654 fore
1862 5600 2101 5675 tristem;

592 5767 608 5831 ξ
636 5762 770 5831 εφη
794 5757 1064 5831 [immutate
1087 5754 1343 5831 hama:
1372 5756 1837 5831 Abest,.humililqte,
1862 5775 1888 5810 a
1914 5769 2017 5815 Mss.

524 5828 617 5944 ms;
628 5818 968 5937 anlggitddunt,
992 5829 1038 5873 et
1062 5819 1234 5885 quibus
1259 5818 1576 5872 delectatam
1600 5833 1615 5869 :
1640 5818 1831 5883 quod‘a’
1866 5828 2105 5879 uiittnullis

1765 374 1820 441 δ.
1862 371 2225 439 Αυουδτιιςι
2264 372 2563 435 EPISCOPI

2226 491 2424 547 invenit
2457 502 2507 549 te
2533 494 2686 549 dolor
2716 494 2928 550 inferni.
2961 495 3092 552 Cum
3115 504 3291 555 autem
3317 498 3459 554 bene
3485 510 3569 561 est
3595 502 3709 567 tibi,
3730 522 3817 562 ar,-

2224 582 2397 639 ridl-nt
2425 590 2602 641 omnia
2635 588 2927 649 szecularia,
2963 590 3140 647 nullus
3173 601 3381 653 tuorum
3412 594 3567 661 obit,
3598 596 3730 655 nihil
3764 600 3815 655 in

2224 674 2377 727 vinea
2421 684 2506 735 tua
2548 676 2683 731 forte
2725 680 2805 734 vel
2838 682 2997 747 aruit,
3046 683 3126 735 vel
3172 684 3547 754 graudinatutn
3582 698 3688 751 est,
3734 692 3818 747 vel

2226 769 2409 824 sterile
2450 773 2714 841 appmuit.
2762 788 2869 828 non
2916 773 3062 841 acuit
3109 791 3244 844 cupa
3287 785 3398 845 tua,
3432 795 3539 832 non
3568 780 3816 843 abortum

2225 876 2438 935 paSSIIm
2462 874 2542 919 est
2564 880 2725 936 pecus
2751 874 2918 936 tuum,
2948 885 3052 935 non
3079 867 3444 936 exhonoratus
3470 887 3530 935 es
3556 873 3611 945 in
3640 873 3818 944 aliqua

2224 956 2480 1029 dignitate
2526 960 2818 1023 secundum
2872 962 3125 1027 saeculum
3171 965 3529 1039 constitutus,
3585 969 3821 1051 undique

2225 1051 2381 1109 amici
2410 1051 2483 1115 tui
2514 1061 2567 1107 et
2596 1053 2777 1113 vivunt
2803 1063 2856 1111 et
2884 1064 3098 1121 servant
3129 1055 3221 1111 tibi
3248 1056 3557 1129 amicitiam,
3592 1061 3821 1121 clientes

2224 1162 2330 1213 non
2360 1147 2573 1214 desunt,
2622 1149 2712 1204 lilii
2758 1150 3144 1225 obsequuntur,
3192 1150 3335 1217 servi
3374 1155 3820 1223 contremiscunt,

2223 1240 2418 1312 coniux
2439 1256 2686 1310 concors,
2721 1240 2845 1301 felix
2869 1241 3064 1301 dicitur
3086 1243 3310 1312 dooms;
3340 1243 3409 1301 ibi
3443 1246 3619 1309 inveni
3650 1247 3821 1303 tribu-

2224 1334 2537 1401 lationem',
2580 1336 2627 1399 si
2671 1335 2869 1408 aliquid
2910 1346 3081 1411 potes,
3132 1347 3188 1405 ut
3228 1337 3441 1395 inventa
3474 1339 3824 1401 tribulatione

2224 1430 2439 1493 invoees
2470 1446 2663 1487 nomen
2718 1431 2952 1495 Domini.
3000 1431 3325 1497 Perversum,
3366 1432 3565 1505 aliquid
3611 1434 3827 1503 videtur

2224 1522 2419 1591 docere
2449 1538 2629 1587 sermo
2667 1522 2898 1588 divinus,
2946 1524 3075 1581 ﬂere
3107 1525 3158 1585 in
3187 1525 3391 1589 hetitia,
3417 1536 3471 1589 et
3504 1527 3557 1593 in
3588 1542 3827 1587 maerore

2226 1613 2413 1681 laetari.
2447 1615 2585 1675 Audi
2612 1615 2663 1681 in
2689 1630 2923 1687 mmrore
2950 1617 3252 1673 iiDL‘lllletll:
3283 1600 3596 1685 Gloriamur,
3624 1618 3823 1689 inquit,

2226 1710 2278 1775 in
2306 1709 2709 1771 tribulationibus
2741 1710 2914 1779 (Rom.
2939 1727 2994 1769 v.
3027 1710 3102 1780 5).
3130 1710 3371 1773 Flentem
3402 1721 3582 1767 autem
3610 1711 3669 1766 in
3697 1712 3829 1771 laeti:

2227 1803 2320 1873 tia,
2368 1802 2488 1857 vide
2532 1804 2575 1857 si
2620 1803 2821 1859 invenit
2866 1802 3286 1867 tribulationem.
3318 1803 3569 1871 Attendat
3595 1804 3828 1878 quisque

2227 1896 2393 1967 ipsam
2427 1894 2735 1950 felicitatem
2768 1910 2941 1954 suam.
2970 1910 3072 1967 qua
3098 1894 3384 1961 exsultavit
3408 1895 3585 1959 anima
3607 1895 3757 1965 ejus,
3778 1906 3829 1951 et

2226 1986 2833 2055 tumuitquodammodo
2862 1988 3073 2059 gaudio,
3117 1996 3171 2043 et
3196 1987 3388 2055 extulit,
3431 2003 3511 2056 se,
3558 1996 3614 2051 et
3671 1989 3824 2055 dixit,

2226 2077 2376 2135 Felix
2406 2094 2558 2133 sum:
2587 2077 2825 2135 attendat
2865 2078 2910 2134 si
2940 2094 3044 2133 non
3076 2078 3191 2145 fiuit
3225 2080 3311 2143 illa
3352 2078 3601 2145 felicitas,
3650 2080 3700 2133 si
3735 2095 3825 2151 po-

2230 2180 2333 2231 test
2370 2181 2549 2226 certus
2577 2186 2697 2226 esse
2724 2170 2791 2227 de
2822 2171 2910 2227 illa
2941 2170 3063 2241 quia
3112 2181 3293 2228 manet
3337 2173 3392 2231 in
3439 2181 3729 2229 a-ternum.
3773 2173 3826 2244 Si

2226 2274 2404 2319 autem
2434 2281 2537 2317 non
2571 2273 2654 2318 est
2680 2275 2878 2328 certus,
2921 2274 2976 2320 et
3018 2266 3163 2320 videt
3210 2265 3376 2321 liuere
3416 2267 3559 2322 unde
3588 2268 3823 2338 gaudet;

2225 2354 2419 2417 ﬂuvius
2445 2354 2733 2425 Babylonis
2762 2364 2877 2417 est:
2903 2354 3088 2410 sedeat
3119 2372 3301 2425 supra,
3335 2366 3388 2411 et
3426 2359 3569 2413 ﬂeat.
3603 2358 3828 2416 Sedebit

2226 2458 2401 2502 autem
2433 2457 2485 2502 et
2516 2448 2767 2516 plorabit,
2812 2449 2856 2504 si
2904 2448 3217 2513 recordatus
3260 2450 3420 2521 fuerit
3465 2450 3618 2508 Sion.
3654 2452 3703 2509 Ο
3731 2469 3826 2523 pax
3919 2494 3928 2508 .

2228 2540 2311 2594 illa
2342 2555 2499 2609 quam
2528 2538 2827 2595 videbimus
2848 2540 2987 2606 apud
3014 2540 3209 2601 Deum!
3240 2556 3272 2595 ο
3311 2541 3399 2596 illa
3426 2552 3611 2598 sancta
3641 2559 3824 2614 a-qua-

2226 2631 2348 2685 litas
2392 2632 2742 2701 Angelorum!
2794 2648 2826 2685 ο
2876 2631 2961 2685 illa
3012 2632 3148 2703 visio
3196 2642 3253 2689 et
3299 2636 3675 2704 spectaculum
3710 2636 3823 2706 pul-

2224 2724 2447 2785 chrum!
2479 2725 2615 2785 Eccl:
2644 2723 2697 2779 in
2729 2724 3015 2795 Babylonia
3048 2725 3270 2796 pulchra
3297 2738 3421 2799 sunt
3444 2744 3566 2801 qua:
3595 2739 3782 2797 tenent
3807 2748 3819 2785 :

2226 2834 2335 2877 non
2362 2828 2599 2884 teneant,
2629 2834 2734 2881 non
2761 2818 3049 2889 decipiant.
3083 2820 3239 2877 Aliud
3269 2831 3351 2883 est
3378 2821 3635 2887 solatium
3659 2824 3823 2896 capti—

2224 2928 2433 2975 vorum,
2467 2910 2610 2975 aliud
2641 2911 2891 2981 gaudium
2922 2912 3244 2981 liberorum.
3278 2912 3447 2987 Super
3472 2914 3702 2986 ﬂumina
3725 2914 3822 2971 Ba-

2224 3004 2439 3074 bylam's,
2464 3003 2529 3063 illi
2548 3003 2767 3061 sedimus
2788 3014 2831 3059 et
2851 3004 3102 3075 ﬂeuimus,
3126 3021 3238 3075 cum
3262 3005 3654 3075 recordanmur
3676 3007 3820 3079 Sion,

2295 3098 2347 3151 6.
2390 3092 2536 3167 [vers.
2587 3092 2667 3167 2.]
2709 3092 2774 3159 In
2802 3094 3040 3161 salicibus
3068 3096 3119 3153 in
3146 3098 3307 3167 medio
3332 3099 3441 3167 ejus
3462 3101 3819 3167 suspendium;

2223 3202 2413 3257 organa
2443 3194 2633 3243 nostra.
2684 3186 2891 3251 llabent
2920 3203 3117 3258 organa
3166 3203 3259 3245 sua
3304 3190 3450 3257 cives
3489 3190 3814 3269 Jerusalem,

2220 3278 2525 3349 Scripturas
2552 3277 2665 3343 Dei,
2694 3288 2963 3350 prweepta
2990 3280 3100 3347 Dei,
3134 3281 3392 3351 promissa
3423 3282 3535 3350 Dei,
3574 3285 3805 3345 medita~

2222 3371 2420 3427 tionem
2442 3369 2725 3441 quamdam
2754 3371 2915 3433 futuri
2941 3372 3153 3440 saeculi;
3178 3372 3269 3428 sed
3292 3388 3409 3447 cum
3437 3386 3600 3445 agunt
3630 3376 3684 3430 in
3710 3392 3813 3447 nie-

2221 3464 2310 3521 dio
2336 3465 2664 3537 Babylonize,
2697 3481 2893 3533 organa
2938 3480 3035 3535 sua
3061 3465 3112 3521 in
3145 3466 3395 3523 salicibus
3436 3468 3553 3538 ejus
3588 3484 3813 3549 suspeue

2222 3556 2373 3615 dunt.
2402 3558 2603 3613 Salices
2629 3558 2768 3628 ligna
2799 3568 2924 3619 sunt
2970 3556 3322 3627 infructuosa;
3354 3570 3407 3621 et
3448 3560 3549 3616 hoc
3596 3562 3815 3633 locoita

2222 3650 2416 3719 posita,
2437 3658 2615 3707 utnon
2638 3649 2836 3721 aliquid
2865 3650 2987 3707 boni
3012 3651 3175 3718 possit
3202 3650 3417 3721 intelligi
3440 3650 3505 3707 de
3534 3654 3809 3723 salicibus;

2222 3742 2344 3796 alibi
2370 3751 2547 3797 autem
2578 3741 2797 3797 forsitan
2834 3751 3026 3812 potest.
3051 3742 3206 3797 Modo
3232 3743 3369 3814 ligna
3400 3745 3679 3816 intelligit»,
3709 3758 3815 3811 sic.

2221 3833 2357 3900 rilia,
2385 3834 2656 3888 nascentia
2683 3849 2841 3904 super
2858 3833 3076 3891 [lumina
3100 3834 3403 3905 Babylonis.
3424 3835 3692 3907 [ligantur
3708 3839 3814 3895 hrc

2222 3925 2360 3996 ligna
2390 3925 2455 3980 de
2482 3926 2785 3981 lluininibus
2812 3926 3120 3999 Babylonis,
3156 3935 3211 3982 et
3243 3928 3439 3995 nullum
3472 3930 3709 3987 fructum
3742 3934 3813 3991 fee

2221 4026 2363 4075 runt.
2415 4018 2563 4073 Sicut
2607 4027 2729 4085 sunt
2774 4018 3017 4077 homines
3065 4022 3262 4090 cuiiidi,
3313 4024 3481 4087 avari,
3519 4027 3735 4081 steriles
3760 4027 3809 4091 ia

2221 4127 2385 4183 opere
2414 4112 2586 4177 bono;
2618 4112 2686 4169 ita
2716 4111 2859 4169 cives
2903 4111 3229 4184 Babylonize,
3267 4124 3323 4169 ut
3348 4114 3505 4177 etiam
3543 4116 3689 4188 ligna
3713 4117 3810 4172 sint

2221 4206 2361 4260 illius
2385 4206 2636 4277 regionis,
2673 4206 2880 4261 existis
2906 4206 3264 4276 voIUptatibus
3305 4224 3479 4283 rerum
3526 4220 3806 4266 transeun-

2220 4300 2351 4354 tium
2382 4308 2689 4369 pascunlur,
2720 4306 2969 4370 tanquam
3000 4300 3167 4373 rigata
3196 4317 3223 4363 a
3247 4299 3555 4356 ﬂuminibus
3582 4302 3804 4376 Babylo-

2220 4392 2575 4462 niazzqua-ris
2613 4391 2865 4458 fructum,
2911 4402 2966 4448 et
3016 4410 3273 4467 nusquam
3326 4396 3548 4457 invenis.
3584 4396 3805 4471 Quando

2219 4486 2350 4542 tales
2382 4485 2627 4556 patimur,
2661 4501 2937 4547 versamur
2963 4501 3082 4545 cum
3128 4487 3205 4553 eis
3234 4488 3321 4558 qui
3358 4498 3481 4555 sunt
3530 4490 3582 4547 in
3634 4490 3803 4553 nudio

2218 4580 2522 4651 Babylonis.
2549 4579 2767 4635 Multum
2797 4582 2936 4635 enim
2971 4581 3191 4637 interest
3216 4582 3353 4649 inter
3375 4584 3609 4649 medium
3640 4586 3802 4657 Baby-

2218 4674 2379 4739 lonis,
2408 4683 2459 4730 el
2486 4674 2749 4729 exteriora
2796 4672 3119 4746 Babyloniie.
3151 4675 3287 4741 Sunt
3327 4677 3413 4745 qui
3461 4692 3567 4745 non
3598 4688 3724 4743 sunt
3749 4679 3798 4734 in

2216 4765 2394 4823 medio
2420 4766 2555 4837 ejus,
2588 4766 2639 4821 id
2666 4775 2770 4831 est,
2804 4780 2905 4819 non
2936 4767 3117 4833 tanta’
3158 4766 3583 4843 concupiscentia
3628 4768 3797 4825 sa~culi

2216 4868 2270 4915 et
2284 4858 2725 4915 delectationibus
2747 4858 3061 4913 obruuntur.
3088 4858 3187 4939 Qui
3212 4874 3357 4923 vero,
3380 4869 3634 4931 utaperte
3650 4862 3792 4921 dixe-

2216 4954 2313 5009 rim
2341 4966 2391 5009 et
2422 4952 2675 5025 breviter,
2706 4952 2927 5023 multum
2961 4951 3085 5013 mali
3114 4962 3257 5018 sunt,
3293 4952 3341 5019 in
3371 4953 3545 5021 medio
3574 4953 3794 5025 Babylo-

2216 5047 2298 5103 nis
2323 5058 2464 5113 suut,
2497 5057 2551 5102 et
2576 5046 2713 5119 ligna
2736 5044 2959 5110 sterilia,
2987 5053 3237 5121 tanquam
3272 5045 3463 5103 salices
3496 5046 3791 5118 Babylonis.

2215 5140 2435 5209 Quando
2467 5141 2586 5195 illos
2616 5139 2877 5209 videmus,
2907 5149 2959 5195 el
2986 5151 3088 5194 tam
3119 5140 3328 5196 sti-tiles
3349 5155 3439 5197 eos
3478 5142 3789 5205 invenimus,

2215 5244 2267 5288 ut
2292 5233 2506 5289 difﬁcile
2547 5232 2700 5287 nobis
2727 5244 2976 5302 appareat
3000 5233 3050 5288 in
3077 5232 3154 5288 eis
3193 5234 3391 5303 aliquid
3426 5233 3563 5289 unde
3595 5235 3789 5303 possint

2214 5325 2334 5381 duci
2359 5325 2423 5381 ad
2455 5326 2611 5379 fidem
2644 5335 2864 5392 rectam,
2890 5324 2969 5379 vel
2988 5325 3053 5381 ad
3084 5326 3215 5379 bona
3244 5342 3424 5394 Opera.
3452 5327 3529 5380 vel
3554 5327 3617 5391 ad
3645 5341 3788 5395 spem

2214 5419 2373 5475 futuri
2417 5419 2618 5485 szeculi,
2652 5420 2733 5489 vel
2778 5419 2843 5472 ad
2888 5421 3368 5491 conrupiscentiam
3410 5421 3729 5493 liberatinnis
3758 5433 3786 5473 a

2214 5512 2514 5583 captivitate
2536 5511 2899 5581 mortalitatis;
2927 5512 3225 5583 Scripturas
3260 5515 3524 5581 novimus,
3556 5528 3679 5591 quas
3709 5511 3786 5579 eis

2212 5608 2485 5675 dicamus:
2514 5607 2615 5667 sed
2646 5607 2770 5680 quia
2813 5607 3014 5679 nullum
3053 5607 3277 5681 fructum
3305 5608 3356 5679 in
3392 5609 3471 5681 eis
3497 5607 3786 5675 invenimus

2277 5770 2291 5802 ¹
2318 5770 2390 5819 sic
2413 5766 2521 5820 fere
2542 5781 2717 5833 omnes
2734 5775 2843 5833 Mss.
2892 5774 2948 5833 ᾼι
2968 5767 3099 5833 gdd.,
3332 5764 3695 5819 tribulatietem-
3735 5767 3789 5816 Et

2208 5847 2319 5883 tnov
2340 5838 2413 5881 ετ.
2443 5839 2494 5882 et
2510 5832 2690 5895 aliquot
2716 5830 2840 5892 ussi,
2868 5830 2910 5880 si
2928 5830 3185 5893 aliun
3208 5835 3355 5891 potes.

2280 5900 2296 5927 ²
2323 5904 2441 5943 Tres
2456 5901 2584 5953 Mss,
2609 5899 2721 5942 tota.
