  <div class='ocr_page' id='page_1' title='image "/cluster/home/n/w/nwhite01/storage/ocr_20150623/37/uva.x000827106/380.png"; bbox 0 0 4160 6462; ppageno 0'>
   <div class='ocr_carea' id='block_1_1' title="bbox 334 407 492 469">
    <p class='ocr_par' dir='ltr' id='par_1_1' title="bbox 334 407 492 469">
     <span class='ocr_line' id='line_1_1' title="bbox 334 407 492 469; baseline 0.019 -3"><span class='ocrx_word' id='word_1_1' title='bbox 334 407 492 469; x_wconf 67' lang='lat'><strong>1765</strong></span> 
     </span>
    </p>
   </div>
   <div class='ocr_carea' id='block_1_2' title="bbox 333 522 1937 592">
    <p class='ocr_par' dir='ltr' id='par_1_2' title="bbox 333 522 1937 592">
     <span class='ocr_line' id='line_1_2' title="bbox 333 522 1937 592; baseline 0 -12"><span class='ocrx_word' id='word_1_2' title='bbox 333 523 492 580; x_wconf 86' lang='lat' dir='ltr'><strong>unde</strong></span> <span class='ocrx_word' id='word_1_3' title='bbox 521 522 861 592; x_wconf 84' lang='lat' dir='ltr'><strong>incipiamus,</strong></span> <span class='ocrx_word' id='word_1_4' title='bbox 888 523 1175 580; x_wconf 76' lang='lat' dir='ltr'><strong>avertimus</strong></span> <span class='ocrx_word' id='word_1_5' title='bbox 1202 522 1270 578; x_wconf 87' lang='lat' dir='ltr'><strong>ab</strong></span> <span class='ocrx_word' id='word_1_6' title='bbox 1314 522 1443 591; x_wconf 84' lang='lat' dir='ltr'><strong>ipsis</strong></span> <span class='ocrx_word' id='word_1_7' title='bbox 1480 522 1690 588; x_wconf 84' lang='lat' dir='ltr'><strong>faciem,</strong></span> <span class='ocrx_word' id='word_1_8' title='bbox 1721 532 1775 578; x_wconf 87' lang='lat' dir='ltr'><strong>et</strong></span> <span class='ocrx_word' id='word_1_9' title='bbox 1802 522 1937 580; x_wconf 82' lang='lat' dir='ltr'><strong>dici-</strong></span> 
     </span>
    </p>
   </div>
   <div class='ocr_carea' id='block_1_3' title="bbox 334 619 1936 692">
    <p class='ocr_par' dir='ltr' id='par_1_3' title="bbox 334 619 1936 692">
     <span class='ocr_line' id='line_1_3' title="bbox 334 619 1936 692; baseline -0.004 -12"><span class='ocrx_word' id='word_1_10' title='bbox 334 641 491 689; x_wconf 86' lang='lat' dir='ltr'><strong>mus,</strong></span> <span class='ocrx_word' id='word_1_11' title='bbox 525 623 712 678; x_wconf 81' lang='lat' dir='ltr'><strong>Adhuc</strong></span> <span class='ocrx_word' id='word_1_12' title='bbox 741 623 822 677; x_wconf 87' lang='lat' dir='ltr'><strong>isti</strong></span> <span class='ocrx_word' id='word_1_13' title='bbox 857 637 960 677; x_wconf 89' lang='lat' dir='ltr'><strong>non</strong></span> <span class='ocrx_word' id='word_1_14' title='bbox 992 621 1224 692; x_wconf 80' lang='lat' dir='ltr'><strong>sapiunt,</strong></span> <span class='ocrx_word' id='word_1_15' title='bbox 1260 637 1365 676; x_wconf 88' lang='lat' dir='ltr'><strong>non</strong></span> <span class='ocrx_word' id='word_1_16' title='bbox 1407 623 1653 692; x_wconf 71' lang='lat' dir='ltr'><strong>capiunt;</strong></span> <span class='ocrx_word' id='word_1_17' title='bbox 1682 619 1936 690; x_wconf 79' lang='lat' dir='ltr'><strong>quidquid</strong></span> 
     </span>
    </p>
   </div>
   <div class='ocr_carea' id='block_1_4' title="bbox 333 714 1938 786">
    <p class='ocr_par' dir='ltr' id='par_1_4' title="bbox 333 714 1938 786">
     <span class='ocr_line' id='line_1_4' title="bbox 333 714 1938 786; baseline -0.004 -11"><span class='ocrx_word' id='word_1_18' title='bbox 333 719 454 775; x_wconf 84' lang='lat' dir='ltr'><strong>illis</strong></span> <span class='ocrx_word' id='word_1_19' title='bbox 473 719 786 779; x_wconf 80' lang='lat' dir='ltr'><strong>dixerimus,</strong></span> <span class='ocrx_word' id='word_1_20' title='bbox 811 717 1082 772; x_wconf 81' lang='lat' dir='ltr'><strong>sinistrum</strong></span> <span class='ocrx_word' id='word_1_21' title='bbox 1108 725 1162 772; x_wconf 89' lang='lat' dir='ltr'><strong>et</strong></span> <span class='ocrx_word' id='word_1_22' title='bbox 1179 717 1461 772; x_wconf 84' lang='lat' dir='ltr'><strong>adversum</strong></span> <span class='ocrx_word' id='word_1_23' title='bbox 1485 716 1771 772; x_wconf 88' lang='lat' dir='ltr'><strong>habebunt.</strong></span> <span class='ocrx_word' id='word_1_24' title='bbox 1797 714 1938 786; x_wconf 77' lang='lat' dir='ltr'><strong>Ergo</strong></span> 
     </span>
    </p>
   </div>
   <div class='ocr_carea' id='block_1_5' title="bbox 331 810 1935 882">
    <p class='ocr_par' dir='ltr' id='par_1_5' title="bbox 331 810 1935 882">
     <span class='ocr_line' id='line_1_5' title="bbox 331 810 1935 882; baseline -0.004 -14"><span class='ocrx_word' id='word_1_25' title='bbox 331 810 645 868; x_wconf 78' lang='lat' dir='ltr'><strong>diﬂ‘erendo</strong></span> <span class='ocrx_word' id='word_1_26' title='bbox 685 811 825 866; x_wconf 80' lang='lat' dir='ltr'><strong>circa</strong></span> <span class='ocrx_word' id='word_1_27' title='bbox 859 825 954 865; x_wconf 88' lang='lat' dir='ltr'><strong>eos</strong></span> <span class='ocrx_word' id='word_1_28' title='bbox 977 810 1301 882; x_wconf 76' lang='lat' dir='ltr'><strong>Scriptores,</strong></span> <span class='ocrx_word' id='word_1_29' title='bbox 1333 810 1708 878; x_wconf 88' lang='lat' dir='ltr'><strong>suspendimus</strong></span> <span class='ocrx_word' id='word_1_30' title='bbox 1737 824 1935 880; x_wconf 73' lang='lat' dir='ltr'><strong>organa</strong></span> 
     </span>
    </p>
   </div>
   <div class='ocr_carea' id='block_1_6' title="bbox 333 901 1937 974">
    <p class='ocr_par' dir='ltr' id='par_1_6' title="bbox 333 901 1937 974">
     <span class='ocr_line' id='line_1_6' title="bbox 333 901 1937 974; baseline -0.001 -16"><span class='ocrx_word' id='word_1_31' title='bbox 333 913 532 960; x_wconf 62' lang='lat' dir='ltr'><strong>nostra</strong></span> <span class='ocrx_word' id='word_1_32' title='bbox 561 904 612 957; x_wconf 90' lang='lat' dir='ltr'><strong>in</strong></span> <span class='ocrx_word' id='word_1_33' title='bbox 634 903 919 959; x_wconf 80' lang='lat' dir='ltr'><strong>salicibus:</strong></span> <span class='ocrx_word' id='word_1_34' title='bbox 943 918 1047 958; x_wconf 90' lang='lat' dir='ltr'><strong>non</strong></span> <span class='ocrx_word' id='word_1_35' title='bbox 1070 904 1211 958; x_wconf 87' lang='lat' dir='ltr'><strong>enim</strong></span> <span class='ocrx_word' id='word_1_36' title='bbox 1231 903 1420 974; x_wconf 74' lang='lat' dir='ltr'><strong>dignos</strong></span> <span class='ocrx_word' id='word_1_37' title='bbox 1437 901 1714 963; x_wconf 89' lang='lat' dir='ltr'><strong>habemus,</strong></span> <span class='ocrx_word' id='word_1_38' title='bbox 1738 902 1826 972; x_wconf 85' lang='lat' dir='ltr'><strong>qui</strong></span> <span class='ocrx_word' id='word_1_39' title='bbox 1848 916 1937 957; x_wconf 62' lang='lat' dir='ltr'><strong>orb</strong></span> 
     </span>
    </p>
   </div>
   <div class='ocr_carea' id='block_1_7' title="bbox 329 994 1934 1067">
    <p class='ocr_par' dir='ltr' id='par_1_7' title="bbox 329 994 1934 1067">
     <span class='ocr_line' id='line_1_7' title="bbox 329 994 1934 1067; baseline 0.002 -19"><span class='ocrx_word' id='word_1_40' title='bbox 329 1011 481 1067; x_wconf 76' lang='lat' dir='ltr'><strong>gana</strong></span> <span class='ocrx_word' id='word_1_41' title='bbox 516 1006 695 1050; x_wconf 85' lang='lat' dir='ltr'><strong>nostra</strong></span> <span class='ocrx_word' id='word_1_42' title='bbox 727 1006 958 1065; x_wconf 88' lang='lat' dir='ltr'><strong>portent.</strong></span> <span class='ocrx_word' id='word_1_43' title='bbox 1003 995 1117 1050; x_wconf 85' lang='lat' dir='ltr'><strong>Non</strong></span> <span class='ocrx_word' id='word_1_44' title='bbox 1153 1011 1281 1064; x_wconf 80' lang='lat' dir='ltr'><strong>ergo</strong></span> <span class='ocrx_word' id='word_1_45' title='bbox 1310 996 1388 1050; x_wconf 90' lang='lat' dir='ltr'><strong>eis</strong></span> <span class='ocrx_word' id='word_1_46' title='bbox 1416 1010 1612 1065; x_wconf 74' lang='lat' dir='ltr'><strong>organa</strong></span> <span class='ocrx_word' id='word_1_47' title='bbox 1643 1002 1821 1048; x_wconf 74' lang='lat' dir='ltr'><strong>nostra</strong></span> <span class='ocrx_word' id='word_1_48' title='bbox 1849 994 1934 1052; x_wconf 85' lang='lat' dir='ltr'><strong>in-</strong></span> 
     </span>
    </p>
   </div>
   <div class='ocr_carea' id='block_1_8' title="bbox 330 1088 1936 1159">
    <p class='ocr_par' dir='ltr' id='par_1_8' title="bbox 330 1088 1936 1159">
     <span class='ocr_line' id='line_1_8' title="bbox 330 1088 1936 1159; baseline 0.001 -18"><span class='ocrx_word' id='word_1_49' title='bbox 330 1089 576 1144; x_wconf 84' lang='lat' dir='ltr'><strong>serendo</strong></span> <span class='ocrx_word' id='word_1_50' title='bbox 596 1090 892 1159; x_wconf 78' lang='lat' dir='ltr'><strong>alligamus,</strong></span> <span class='ocrx_word' id='word_1_51' title='bbox 924 1089 1016 1146; x_wconf 78' lang='lat' dir='ltr'><strong>scd</strong></span> <span class='ocrx_word' id='word_1_52' title='bbox 1040 1088 1335 1145; x_wconf 77' lang='lat' dir='ltr'><strong>differendo</strong></span> <span class='ocrx_word' id='word_1_53' title='bbox 1364 1089 1758 1159; x_wconf 87' lang='lat' dir='ltr'><strong>suspendimus.</strong></span> <span class='ocrx_word' id='word_1_54' title='bbox 1793 1088 1936 1146; x_wconf 84' lang='lat' dir='ltr'><strong>Sali-</strong></span> 
     </span>
    </p>
   </div>
   <div class='ocr_carea' id='block_1_9' title="bbox 329 1179 1936 1252">
    <p class='ocr_par' dir='ltr' id='par_1_9' title="bbox 329 1179 1936 1252">
     <span class='ocr_line' id='line_1_9' title="bbox 329 1179 1936 1252; baseline 0.001 -19"><span class='ocrx_word' id='word_1_55' title='bbox 329 1195 437 1234; x_wconf 83' lang='lat' dir='ltr'><strong>ces</strong></span> <span class='ocrx_word' id='word_1_56' title='bbox 481 1180 624 1234; x_wconf 88' lang='lat' dir='ltr'><strong>enim</strong></span> <span class='ocrx_word' id='word_1_57' title='bbox 673 1190 796 1235; x_wconf 91' lang='lat' dir='ltr'><strong>sunt</strong></span> <span class='ocrx_word' id='word_1_58' title='bbox 844 1181 1148 1252; x_wconf 65' lang='lat' dir='ltr'><strong>Babylonia</strong></span> <span class='ocrx_word' id='word_1_59' title='bbox 1190 1181 1330 1250; x_wconf 79' lang='lat' dir='ltr'><strong>ligna</strong></span> <span class='ocrx_word' id='word_1_60' title='bbox 1378 1179 1738 1247; x_wconf 71' lang='lat' dir='ltr'><strong>infructuosa,</strong></span> <span class='ocrx_word' id='word_1_61' title='bbox 1787 1189 1936 1251; x_wconf 82' lang='lat' dir='ltr'><strong>pasta</strong></span> 
     </span>
    </p>
   </div>
   <div class='ocr_carea' id='block_1_10' title="bbox 330 1272 1934 1344">
    <p class='ocr_par' dir='ltr' id='par_1_10' title="bbox 330 1272 1934 1344">
     <span class='ocr_line' id='line_1_10' title="bbox 330 1272 1934 1344; baseline -0.001 -16"><span class='ocrx_word' id='word_1_62' title='bbox 330 1273 733 1343; x_wconf 87' lang='lat' dir='ltr'><strong>temporalibus</strong></span> <span class='ocrx_word' id='word_1_63' title='bbox 769 1274 1147 1344; x_wconf 73' lang='lat' dir='ltr'><strong>voluptatibus,</strong></span> <span class='ocrx_word' id='word_1_64' title='bbox 1193 1284 1441 1344; x_wconf 87' lang='lat' dir='ltr'><strong>tauquam</strong></span> <span class='ocrx_word' id='word_1_65' title='bbox 1479 1272 1789 1328; x_wconf 78' lang='lat' dir='ltr'><strong>ﬂuminibus</strong></span> <span class='ocrx_word' id='word_1_66' title='bbox 1828 1272 1934 1327; x_wconf 83' lang='lat' dir='ltr'><strong>Ba-</strong></span> 
     </span>
    </p>
   </div>
   <div class='ocr_carea' id='block_1_11' title="bbox 327 1364 594 1435">
    <p class='ocr_par' dir='ltr' id='par_1_11' title="bbox 327 1364 594 1435">
     <span class='ocr_line' id='line_1_11' title="bbox 327 1364 594 1435; baseline -0.007 -17"><span class='ocrx_word' id='word_1_67' title='bbox 327 1364 594 1435; x_wconf 67' lang='lat' dir='ltr'><strong>bylonias.</strong></span> 
     </span>
    </p>
   </div>
   <div class='ocr_carea' id='block_1_12' title="bbox 415 1453 1931 1528">
    <p class='ocr_par' dir='ltr' id='par_1_12' title="bbox 415 1453 1931 1528">
     <span class='ocr_line' id='line_1_12' title="bbox 415 1453 1931 1528; baseline 0.003 -20"><span class='ocrx_word' id='word_1_68' title='bbox 415 1456 468 1510; x_wconf 85' lang='lat'><strong>7.</strong></span> <span class='ocrx_word' id='word_1_69' title='bbox 512 1453 661 1527; x_wconf 80' lang='lat' dir='ltr'><strong>[uers.</strong></span> <span class='ocrx_word' id='word_1_70' title='bbox 691 1453 769 1527; x_wconf 74' lang='lat'><strong>3.]</strong></span> <span class='ocrx_word' id='word_1_71' title='bbox 810 1456 875 1510; x_wconf 86' lang='lat' dir='ltr'><strong>Et</strong></span> <span class='ocrx_word' id='word_1_72' title='bbox 901 1456 1078 1520; x_wconf 77' lang='lat' dir='ltr'><strong>videte</strong></span> <span class='ocrx_word' id='word_1_73' title='bbox 1093 1456 1260 1511; x_wconf 90' lang='lat' dir='ltr'><strong>sinon</strong></span> <span class='ocrx_word' id='word_1_74' title='bbox 1279 1456 1383 1512; x_wconf 89' lang='lat' dir='ltr'><strong>hoc</strong></span> <span class='ocrx_word' id='word_1_75' title='bbox 1404 1457 1647 1528; x_wconf 74' lang='lat' dir='ltr'><strong>sequitur</strong></span> <span class='ocrx_word' id='word_1_76' title='bbox 1670 1456 1931 1513; x_wconf 84' lang='lat' dir='ltr'><strong>Psalmus:</strong></span> 
     </span>
    </p>
   </div>
   <div class='ocr_carea' id='block_1_13' title="bbox 328 1544 1937 1621">
    <p class='ocr_par' dir='ltr' id='par_1_13' title="bbox 328 1544 1937 1621">
     <span class='ocr_line' id='line_1_13' title="bbox 328 1544 1937 1621; baseline 0.001 -22"><span class='ocrx_word' id='word_1_77' title='bbox 328 1544 406 1600; x_wconf 82' lang='lat' dir='ltr'><strong>In</strong></span> <span class='ocrx_word' id='word_1_78' title='bbox 432 1546 689 1609; x_wconf 82' lang='lat' dir='ltr'><strong>salicibus.</strong></span> <span class='ocrx_word' id='word_1_79' title='bbox 725 1548 914 1616; x_wconf 78' lang='lat' dir='ltr'><strong>inquit,</strong></span> <span class='ocrx_word' id='word_1_80' title='bbox 946 1549 999 1602; x_wconf 85' lang='lat' dir='ltr'><strong>in</strong></span> <span class='ocrx_word' id='word_1_81' title='bbox 1027 1549 1192 1602; x_wconf 78' lang='lat' dir='ltr'><strong>medio</strong></span> <span class='ocrx_word' id='word_1_82' title='bbox 1221 1551 1330 1620; x_wconf 86' lang='lat' dir='ltr'><strong>ejus</strong></span> <span class='ocrx_word' id='word_1_83' title='bbox 1358 1551 1713 1620; x_wconf 79' lang='lat' dir='ltr'><strong>suspendimns</strong></span> <span class='ocrx_word' id='word_1_84' title='bbox 1741 1565 1937 1621; x_wconf 80' lang='lat' dir='ltr'><strong>organa</strong></span> 
     </span>
    </p>
   </div>
   <div class='ocr_carea' id='block_1_14' title="bbox 327 1641 1936 1715">
    <p class='ocr_par' dir='ltr' id='par_1_14' title="bbox 327 1641 1936 1715">
     <span class='ocr_line' id='line_1_14' title="bbox 327 1641 1936 1715; baseline 0.001 -21"><span class='ocrx_word' id='word_1_85' title='bbox 327 1651 535 1695; x_wconf 79' lang='lat' dir='ltr'><strong>nostra.</strong></span> <span class='ocrx_word' id='word_1_86' title='bbox 578 1641 829 1707; x_wconf 75' lang='lat' dir='ltr'><strong>Quoniam</strong></span> <span class='ocrx_word' id='word_1_87' title='bbox 875 1641 945 1695; x_wconf 90' lang='lat' dir='ltr'><strong>ibi</strong></span> <span class='ocrx_word' id='word_1_88' title='bbox 984 1643 1420 1714; x_wconf 74' lang='lat' dir='ltr'><strong>interrogaverunt</strong></span> <span class='ocrx_word' id='word_1_89' title='bbox 1464 1661 1553 1699; x_wconf 85' lang='lat' dir='ltr'><strong>nos</strong></span> <span class='ocrx_word' id='word_1_90' title='bbox 1599 1645 1687 1715; x_wconf 82' lang='lat' dir='ltr'><strong>qui</strong></span> <span class='ocrx_word' id='word_1_91' title='bbox 1714 1645 1936 1713; x_wconf 80' lang='lat' dir='ltr'><strong>captiuos</strong></span> 
     </span>
    </p>
   </div>
   <div class='ocr_carea' id='block_1_15' title="bbox 326 1732 1930 1806">
    <p class='ocr_par' dir='ltr' id='par_1_15' title="bbox 326 1732 1930 1806">
     <span class='ocr_line' id='line_1_15' title="bbox 326 1732 1930 1806; baseline 0.002 -19"><span class='ocrx_word' id='word_1_92' title='bbox 326 1732 599 1787; x_wconf 72' lang='lat' dir='ltr'><strong>duxerunt</strong></span> <span class='ocrx_word' id='word_1_93' title='bbox 625 1751 735 1799; x_wconf 80' lang='lat' dir='ltr'><strong>nos,</strong></span> <span class='ocrx_word' id='word_1_94' title='bbox 767 1733 914 1788; x_wconf 81' lang='lat' dir='ltr'><strong>verba</strong></span> <span class='ocrx_word' id='word_1_95' title='bbox 935 1737 1283 1799; x_wconf 78' lang='lat' dir='ltr'><strong>canticorum;</strong></span> <span class='ocrx_word' id='word_1_96' title='bbox 1305 1746 1351 1791; x_wconf 84' lang='lat' dir='ltr'><strong>et</strong></span> <span class='ocrx_word' id='word_1_97' title='bbox 1371 1738 1457 1806; x_wconf 87' lang='lat' dir='ltr'><strong>qui</strong></span> <span class='ocrx_word' id='word_1_98' title='bbox 1482 1737 1797 1791; x_wconf 58' lang='lat' dir='ltr'><strong>abduxerunt</strong></span> <span class='ocrx_word' id='word_1_99' title='bbox 1819 1752 1930 1803; x_wconf 84' lang='lat' dir='ltr'><strong>nos,</strong></span> 
     </span>
    </p>
   </div>
   <div class='ocr_carea' id='block_1_16' title="bbox 325 1824 1934 1900">
    <p class='ocr_par' dir='ltr' id='par_1_16' title="bbox 325 1824 1934 1900">
     <span class='ocr_line' id='line_1_16' title="bbox 325 1824 1934 1900; baseline 0.003 -22"><span class='ocrx_word' id='word_1_100' title='bbox 325 1824 588 1896; x_wconf 73' lang='lat' dir='ltr'><strong>hymnum</strong></span> <span class='ocrx_word' id='word_1_101' title='bbox 608 1842 626 1879; x_wconf 91' lang='lat'><strong>:</strong></span> <span class='ocrx_word' id='word_1_102' title='bbox 651 1826 920 1892; x_wconf 81' lang='lat' dir='ltr'><strong>subaudis,</strong></span> <span class='ocrx_word' id='word_1_103' title='bbox 951 1828 1380 1900; x_wconf 80' lang='lat' dir='ltr'><strong>interrogaverunt</strong></span> <span class='ocrx_word' id='word_1_104' title='bbox 1409 1847 1521 1885; x_wconf 85' lang='lat' dir='ltr'><strong>nos.</strong></span> <span class='ocrx_word' id='word_1_105' title='bbox 1562 1829 1732 1885; x_wconf 81' lang='lat' dir='ltr'><strong>Verba</strong></span> <span class='ocrx_word' id='word_1_106' title='bbox 1761 1831 1934 1885; x_wconf 87' lang='lat' dir='ltr'><strong>canti-</strong></span> 
     </span>
    </p>
   </div>
   <div class='ocr_carea' id='block_1_17' title="bbox 326 1917 1935 1992">
    <p class='ocr_par' dir='ltr' id='par_1_17' title="bbox 326 1917 1935 1992">
     <span class='ocr_line' id='line_1_17' title="bbox 326 1917 1935 1992; baseline 0.003 -21"><span class='ocrx_word' id='word_1_107' title='bbox 326 1932 526 1971; x_wconf 85' lang='lat' dir='ltr'><strong>corum</strong></span> <span class='ocrx_word' id='word_1_108' title='bbox 555 1926 611 1971; x_wconf 85' lang='lat' dir='ltr'><strong>et</strong></span> <span class='ocrx_word' id='word_1_109' title='bbox 641 1917 895 1990; x_wconf 80' lang='lat' dir='ltr'><strong>hymnum</strong></span> <span class='ocrx_word' id='word_1_110' title='bbox 928 1920 1392 1989; x_wconf 70' lang='lat' dir='ltr'><strong>interrogaverunt</strong></span> <span class='ocrx_word' id='word_1_111' title='bbox 1419 1937 1535 1988; x_wconf 86' lang='lat' dir='ltr'><strong>nos,</strong></span> <span class='ocrx_word' id='word_1_112' title='bbox 1563 1923 1650 1992; x_wconf 86' lang='lat' dir='ltr'><strong>qui</strong></span> <span class='ocrx_word' id='word_1_113' title='bbox 1695 1921 1935 1991; x_wconf 84' lang='lat' dir='ltr'><strong>captivos</strong></span> 
     </span>
    </p>
   </div>
   <div class='ocr_carea' id='block_1_18' title="bbox 325 2008 1934 2084">
    <p class='ocr_par' dir='ltr' id='par_1_18' title="bbox 325 2008 1934 2084">
     <span class='ocr_line' id='line_1_18' title="bbox 325 2008 1934 2084; baseline 0.002 -20"><span class='ocrx_word' id='word_1_114' title='bbox 325 2008 614 2064; x_wconf 77' lang='lat' dir='ltr'><strong>duxerunt</strong></span> <span class='ocrx_word' id='word_1_115' title='bbox 628 2025 742 2065; x_wconf 86' lang='lat' dir='ltr'><strong>nos.</strong></span> <span class='ocrx_word' id='word_1_116' title='bbox 762 2010 864 2078; x_wconf 81' lang='lat' dir='ltr'><strong>Qui</strong></span> <span class='ocrx_word' id='word_1_117' title='bbox 887 2026 983 2064; x_wconf 93' lang='lat' dir='ltr'><strong>uos</strong></span> <span class='ocrx_word' id='word_1_118' title='bbox 1002 2012 1262 2066; x_wconf 75' lang='lat' dir='ltr'><strong>dttxet‘ttul</strong></span> <span class='ocrx_word' id='word_1_119' title='bbox 1286 2015 1543 2082; x_wconf 85' lang='lat' dir='ltr'><strong>captivos,</strong></span> <span class='ocrx_word' id='word_1_120' title='bbox 1563 2013 1785 2066; x_wconf 79' lang='lat' dir='ltr'><strong>fratres?</strong></span> <span class='ocrx_word' id='word_1_121' title='bbox 1799 2027 1934 2084; x_wconf 85' lang='lat' dir='ltr'><strong>quos</strong></span> 
     </span>
    </p>
   </div>
   <div class='ocr_carea' id='block_1_19' title="bbox 325 2100 1932 2177">
    <p class='ocr_par' dir='ltr' id='par_1_19' title="bbox 325 2100 1932 2177">
     <span class='ocr_line' id='line_1_19' title="bbox 325 2100 1932 2177; baseline 0.002 -20"><span class='ocrx_word' id='word_1_122' title='bbox 325 2100 611 2162; x_wconf 78' lang='lat' dir='ltr'><strong>sensimus</strong></span> <span class='ocrx_word' id='word_1_123' title='bbox 641 2103 926 2172; x_wconf 73' lang='lat' dir='ltr'><strong>aliquando</strong></span> <span class='ocrx_word' id='word_1_124' title='bbox 950 2106 1306 2172; x_wconf 79' lang='lat' dir='ltr'><strong>captivatores</strong></span> <span class='ocrx_word' id='word_1_125' title='bbox 1330 2106 1578 2161; x_wconf 71' lang='lat' dir='ltr'><strong>nostros?</strong></span> <span class='ocrx_word' id='word_1_126' title='bbox 1602 2106 1781 2161; x_wconf 79' lang='lat' dir='ltr'><strong>Sensit</strong></span> <span class='ocrx_word' id='word_1_127' title='bbox 1812 2106 1932 2177; x_wconf 79' lang='lat' dir='ltr'><strong>qui-</strong></span> 
     </span>
    </p>
   </div>
   <div class='ocr_carea' id='block_1_20' title="bbox 326 2192 1935 2264">
    <p class='ocr_par' dir='ltr' id='par_1_20' title="bbox 326 2192 1935 2264">
     <span class='ocr_line' id='line_1_20' title="bbox 326 2192 1935 2264; baseline 0.002 -14"><span class='ocrx_word' id='word_1_128' title='bbox 326 2192 459 2250; x_wconf 82' lang='lat' dir='ltr'><strong>dem</strong></span> <span class='ocrx_word' id='word_1_129' title='bbox 491 2194 585 2250; x_wconf 86' lang='lat' dir='ltr'><strong>illa</strong></span> <span class='ocrx_word' id='word_1_130' title='bbox 615 2195 910 2251; x_wconf 80' lang='lat' dir='ltr'><strong>Jerusalem</strong></span> <span class='ocrx_word' id='word_1_131' title='bbox 940 2194 1282 2264; x_wconf 77' lang='lat' dir='ltr'><strong>Babylonios,</strong></span> <span class='ocrx_word' id='word_1_132' title='bbox 1314 2198 1520 2261; x_wconf 84' lang='lat' dir='ltr'><strong>Persas,</strong></span> <span class='ocrx_word' id='word_1_133' title='bbox 1551 2199 1853 2263; x_wconf 69' lang='lat' dir='ltr'><strong>Chaldaeos,</strong></span> <span class='ocrx_word' id='word_1_134' title='bbox 1880 2205 1935 2253; x_wconf 88' lang='lat' dir='ltr'><strong>et</strong></span> 
     </span>
    </p>
   </div>
   <div class='ocr_carea' id='block_1_21' title="bbox 326 2287 1933 2360">
    <p class='ocr_par' dir='ltr' id='par_1_21' title="bbox 326 2287 1933 2360">
     <span class='ocr_line' id='line_1_21' title="bbox 326 2287 1933 2360; baseline 0.003 -18"><span class='ocrx_word' id='word_1_135' title='bbox 326 2287 554 2344; x_wconf 83' lang='lat' dir='ltr'><strong>illarum</strong></span> <span class='ocrx_word' id='word_1_136' title='bbox 599 2290 838 2356; x_wconf 63' lang='lat' dir='ltr'><strong>ﬂentium</strong></span> <span class='ocrx_word' id='word_1_137' title='bbox 882 2299 937 2344; x_wconf 90' lang='lat' dir='ltr'><strong>et</strong></span> <span class='ocrx_word' id='word_1_138' title='bbox 983 2291 1256 2359; x_wconf 72' lang='lat' dir='ltr'><strong>regionum</strong></span> <span class='ocrx_word' id='word_1_139' title='bbox 1291 2291 1534 2345; x_wconf 79' lang='lat' dir='ltr'><strong>homines</strong></span> <span class='ocrx_word' id='word_1_140' title='bbox 1577 2291 1933 2360; x_wconf 79' lang='lat' dir='ltr'><strong>captivatores</strong></span> 
     </span>
    </p>
   </div>
   <div class='ocr_carea' id='block_1_22' title="bbox 325 2381 1932 2457">
    <p class='ocr_par' dir='ltr' id='par_1_22' title="bbox 325 2381 1932 2457">
     <span class='ocr_line' id='line_1_22' title="bbox 325 2381 1932 2457; baseline 0.003 -22"><span class='ocrx_word' id='word_1_141' title='bbox 325 2395 502 2445; x_wconf 84' lang='lat' dir='ltr'><strong>suos;</strong></span> <span class='ocrx_word' id='word_1_142' title='bbox 536 2389 593 2440; x_wconf 84' lang='lat' dir='ltr'><strong>et</strong></span> <span class='ocrx_word' id='word_1_143' title='bbox 621 2381 718 2438; x_wconf 81' lang='lat' dir='ltr'><strong>hoc</strong></span> <span class='ocrx_word' id='word_1_144' title='bbox 761 2392 963 2450; x_wconf 80' lang='lat' dir='ltr'><strong>postea,</strong></span> <span class='ocrx_word' id='word_1_145' title='bbox 996 2398 1102 2437; x_wconf 91' lang='lat' dir='ltr'><strong>non</strong></span> <span class='ocrx_word' id='word_1_146' title='bbox 1132 2385 1344 2453; x_wconf 79' lang='lat' dir='ltr'><strong>quando</strong></span> <span class='ocrx_word' id='word_1_147' title='bbox 1386 2387 1470 2440; x_wconf 86' lang='lat' dir='ltr'><strong>isti</strong></span> <span class='ocrx_word' id='word_1_148' title='bbox 1510 2387 1698 2457; x_wconf 83' lang='lat' dir='ltr'><strong>psalmi</strong></span> <span class='ocrx_word' id='word_1_149' title='bbox 1743 2395 1932 2441; x_wconf 86' lang='lat' dir='ltr'><strong>canta-</strong></span> 
     </span>
    </p>
   </div>
   <div class='ocr_carea' id='block_1_23' title="bbox 326 2473 1932 2550">
    <p class='ocr_par' dir='ltr' id='par_1_23' title="bbox 326 2473 1932 2550">
     <span class='ocr_line' id='line_1_23' title="bbox 326 2473 1932 2550; baseline 0.002 -20"><span class='ocrx_word' id='word_1_150' title='bbox 326 2473 555 2534; x_wconf 81' lang='lat' dir='ltr'><strong>bantur.</strong></span> <span class='ocrx_word' id='word_1_151' title='bbox 585 2473 689 2530; x_wconf 84' lang='lat' dir='ltr'><strong>Sed</strong></span> <span class='ocrx_word' id='word_1_152' title='bbox 711 2476 821 2540; x_wconf 88' lang='lat' dir='ltr'><strong>jam</strong></span> <span class='ocrx_word' id='word_1_153' title='bbox 845 2476 1078 2534; x_wconf 81' lang='lat' dir='ltr'><strong>diximus</strong></span> <span class='ocrx_word' id='word_1_154' title='bbox 1100 2477 1358 2532; x_wconf 83' lang='lat' dir='ltr'><strong>Charitati</strong></span> <span class='ocrx_word' id='word_1_155' title='bbox 1394 2491 1585 2534; x_wconf 70' lang='lat' dir='ltr'><strong>vestr-.9</strong></span> <span class='ocrx_word' id='word_1_156' title='bbox 1611 2481 1786 2534; x_wconf 87' lang='lat' dir='ltr'><strong>omnia</strong></span> <span class='ocrx_word' id='word_1_157' title='bbox 1813 2495 1932 2550; x_wconf 66' lang='lat' dir='ltr'><strong>qum</strong></span> 
     </span>
    </p>
   </div>
   <div class='ocr_carea' id='block_1_24' title="bbox 323 2565 1932 2642">
    <p class='ocr_par' dir='ltr' id='par_1_24' title="bbox 323 2565 1932 2642">
     <span class='ocr_line' id='line_1_24' title="bbox 323 2565 1932 2642; baseline 0.002 -20"><span class='ocrx_word' id='word_1_158' title='bbox 323 2565 632 2626; x_wconf 84' lang='lat' dir='ltr'><strong>secundum</strong></span> <span class='ocrx_word' id='word_1_159' title='bbox 662 2566 890 2623; x_wconf 86' lang='lat' dir='ltr'><strong>litteram</strong></span> <span class='ocrx_word' id='word_1_160' title='bbox 920 2567 970 2621; x_wconf 93' lang='lat' dir='ltr'><strong>in</strong></span> <span class='ocrx_word' id='word_1_161' title='bbox 1004 2569 1087 2622; x_wconf 86' lang='lat' dir='ltr'><strong>illa</strong></span> <span class='ocrx_word' id='word_1_162' title='bbox 1126 2569 1339 2624; x_wconf 88' lang='lat' dir='ltr'><strong>civitate</strong></span> <span class='ocrx_word' id='word_1_163' title='bbox 1363 2573 1760 2642; x_wconf 74' lang='lat' dir='ltr'><strong>contingebant,</strong></span> <span class='ocrx_word' id='word_1_164' title='bbox 1799 2573 1932 2642; x_wconf 80' lang='lat' dir='ltr'><strong>ligu-</strong></span> 
     </span>
    </p>
   </div>
   <div class='ocr_carea' id='block_1_25' title="bbox 326 2659 1932 2733">
    <p class='ocr_par' dir='ltr' id='par_1_25' title="bbox 326 2659 1932 2733">
     <span class='ocr_line' id='line_1_25' title="bbox 326 2659 1932 2733; baseline 0.003 -19"><span class='ocrx_word' id='word_1_165' title='bbox 326 2674 419 2714; x_wconf 84' lang='lat' dir='ltr'><strong>ras</strong></span> <span class='ocrx_word' id='word_1_166' title='bbox 443 2668 663 2718; x_wconf 84' lang='lat' dir='ltr'><strong>nostras</strong></span> <span class='ocrx_word' id='word_1_167' title='bbox 691 2659 886 2717; x_wconf 85' lang='lat' dir='ltr'><strong>fuisse:</strong></span> <span class='ocrx_word' id='word_1_168' title='bbox 911 2671 964 2714; x_wconf 89' lang='lat' dir='ltr'><strong>et</strong></span> <span class='ocrx_word' id='word_1_169' title='bbox 992 2659 1145 2716; x_wconf 83' lang='lat' dir='ltr'><strong>facile</strong></span> <span class='ocrx_word' id='word_1_170' title='bbox 1175 2672 1352 2732; x_wconf 83' lang='lat' dir='ltr'><strong>potest</strong></span> <span class='ocrx_word' id='word_1_171' title='bbox 1379 2664 1734 2719; x_wconf 53' lang='lat' dir='ltr'><strong>detnonstrari</strong></span> <span class='ocrx_word' id='word_1_172' title='bbox 1763 2666 1932 2733; x_wconf 86' lang='lat' dir='ltr'><strong>capti-</strong></span> 
     </span>
    </p>
   </div>
   <div class='ocr_carea' id='block_1_26' title="bbox 322 2749 1929 2826">
    <p class='ocr_par' dir='ltr' id='par_1_26' title="bbox 322 2749 1929 2826">
     <span class='ocr_line' id='line_1_26' title="bbox 322 2749 1929 2826; baseline 0.006 -21"><span class='ocrx_word' id='word_1_173' title='bbox 322 2765 425 2807; x_wconf 86' lang='lat' dir='ltr'><strong>vos</strong></span> <span class='ocrx_word' id='word_1_174' title='bbox 455 2766 562 2810; x_wconf 85' lang='lat' dir='ltr'><strong>nos</strong></span> <span class='ocrx_word' id='word_1_175' title='bbox 589 2765 726 2810; x_wconf 81' lang='lat' dir='ltr'><strong>esse.</strong></span> <span class='ocrx_word' id='word_1_176' title='bbox 751 2751 866 2808; x_wconf 89' lang='lat' dir='ltr'><strong>Non</strong></span> <span class='ocrx_word' id='word_1_177' title='bbox 896 2752 1036 2808; x_wconf 89' lang='lat' dir='ltr'><strong>enim</strong></span> <span class='ocrx_word' id='word_1_178' title='bbox 1059 2754 1510 2826; x_wconf 61' lang='lat' dir='ltr'><strong>resilit-amusjam</strong></span> <span class='ocrx_word' id='word_1_179' title='bbox 1535 2756 1584 2810; x_wconf 92' lang='lat' dir='ltr'><strong>in</strong></span> <span class='ocrx_word' id='word_1_180' title='bbox 1606 2772 1763 2811; x_wconf 83' lang='lat' dir='ltr'><strong>auras</strong></span> <span class='ocrx_word' id='word_1_181' title='bbox 1787 2749 1929 2814; x_wconf 77' lang='lat' dir='ltr'><strong>illius</strong></span> 
     </span>
    </p>
   </div>
   <div class='ocr_carea' id='block_1_27' title="bbox 322 2844 1929 2915">
    <p class='ocr_par' dir='ltr' id='par_1_27' title="bbox 322 2844 1929 2915">
     <span class='ocr_line' id='line_1_27' title="bbox 322 2844 1929 2915; baseline 0.003 -15"><span class='ocrx_word' id='word_1_182' title='bbox 322 2844 630 2909; x_wconf 87' lang='lat' dir='ltr'><strong>libertatis;</strong></span> <span class='ocrx_word' id='word_1_183' title='bbox 657 2860 761 2900; x_wconf 91' lang='lat' dir='ltr'><strong>non</strong></span> <span class='ocrx_word' id='word_1_184' title='bbox 782 2846 923 2902; x_wconf 87' lang='lat' dir='ltr'><strong>enim</strong></span> <span class='ocrx_word' id='word_1_185' title='bbox 964 2844 1190 2900; x_wconf 89' lang='lat' dir='ltr'><strong>fruimur</strong></span> <span class='ocrx_word' id='word_1_186' title='bbox 1214 2849 1441 2915; x_wconf 87' lang='lat' dir='ltr'><strong>puritate</strong></span> <span class='ocrx_word' id='word_1_187' title='bbox 1469 2849 1727 2914; x_wconf 83' lang='lat' dir='ltr'><strong>veritatis,</strong></span> <span class='ocrx_word' id='word_1_188' title='bbox 1755 2859 1810 2904; x_wconf 91' lang='lat' dir='ltr'><strong>et</strong></span> <span class='ocrx_word' id='word_1_189' title='bbox 1839 2850 1929 2905; x_wconf 84' lang='lat' dir='ltr'><strong>illa</strong></span> 
     </span>
    </p>
   </div>
   <div class='ocr_carea' id='block_1_28' title="bbox 321 2937 1923 3016">
    <p class='ocr_par' dir='ltr' id='par_1_28' title="bbox 321 2937 1923 3016">
     <span class='ocr_line' id='line_1_28' title="bbox 321 2937 1923 3016; baseline 0.004 -25"><span class='ocrx_word' id='word_1_190' title='bbox 321 2937 595 3006; x_wconf 89' lang='lat' dir='ltr'><strong>sapientia</strong></span> <span class='ocrx_word' id='word_1_191' title='bbox 627 2953 745 3006; x_wconf 74' lang='lat' dir='ltr'><strong>qua:</strong></span> <span class='ocrx_word' id='word_1_192' title='bbox 777 2939 827 2991; x_wconf 88' lang='lat' dir='ltr'><strong>in</strong></span> <span class='ocrx_word' id='word_1_193' title='bbox 859 2941 1032 3009; x_wconf 86' lang='lat' dir='ltr'><strong>seipsa</strong></span> <span class='ocrx_word' id='word_1_194' title='bbox 1061 2956 1281 2995; x_wconf 89' lang='lat' dir='ltr'><strong>manens</strong></span> <span class='ocrx_word' id='word_1_195' title='bbox 1309 2942 1526 2996; x_wconf 60' lang='lat' dir='ltr'><strong>innovat</strong></span> <span class='ocrx_word' id='word_1_196' title='bbox 1564 2943 1738 2998; x_wconf 84' lang='lat' dir='ltr'><strong>omnia</strong></span> <span class='ocrx_word' id='word_1_197' title='bbox 1767 2943 1923 3016; x_wconf 66' lang='grc' dir='ltr'><strong>(δίῳ.</strong></span> 
     </span>
    </p>
   </div>
   <div class='ocr_carea' id='block_1_29' title="bbox 321 3031 1926 3104">
    <p class='ocr_par' dir='ltr' id='par_1_29' title="bbox 321 3031 1926 3104">
     <span class='ocr_line' id='line_1_29' title="bbox 321 3031 1926 3104; baseline 0.002 -18"><span class='ocrx_word' id='word_1_198' title='bbox 321 3048 420 3094; x_wconf 86' lang='lat' dir='ltr'><strong>vtt,</strong></span> <span class='ocrx_word' id='word_1_199' title='bbox 458 3031 577 3101; x_wconf 65' lang='grc' dir='ltr'><strong>Ἦ).</strong></span> <span class='ocrx_word' id='word_1_200' title='bbox 622 3031 1068 3088; x_wconf 76' lang='lat' dir='ltr'><strong>Delectationibus</strong></span> <span class='ocrx_word' id='word_1_201' title='bbox 1101 3036 1478 3104; x_wconf 77' lang='lat' dir='ltr'><strong>temporalium</strong></span> <span class='ocrx_word' id='word_1_202' title='bbox 1522 3052 1700 3091; x_wconf 69' lang='lat' dir='ltr'><strong>rerum</strong></span> <span class='ocrx_word' id='word_1_203' title='bbox 1748 3036 1926 3091; x_wconf 78' lang='lat' dir='ltr'><strong>tenta-</strong></span> 
     </span>
    </p>
   </div>
   <div class='ocr_carea' id='block_1_30' title="bbox 320 3124 1927 3198">
    <p class='ocr_par' dir='ltr' id='par_1_30' title="bbox 320 3124 1927 3198">
     <span class='ocr_line' id='line_1_30' title="bbox 320 3124 1927 3198; baseline -0.001 -15"><span class='ocrx_word' id='word_1_204' title='bbox 320 3141 472 3184; x_wconf 86' lang='lat' dir='ltr'><strong>mur.</strong></span> <span class='ocrx_word' id='word_1_205' title='bbox 503 3133 560 3181; x_wconf 86' lang='lat' dir='ltr'><strong>et</strong></span> <span class='ocrx_word' id='word_1_206' title='bbox 585 3124 1198 3195; x_wconf 83' lang='lat' dir='ltr'><strong>colluctamur_quotidie</strong></span> <span class='ocrx_word' id='word_1_207' title='bbox 1219 3142 1339 3181; x_wconf 91' lang='lat' dir='ltr'><strong>cum</strong></span> <span class='ocrx_word' id='word_1_208' title='bbox 1368 3128 1796 3198; x_wconf 76' lang='lat' dir='ltr'><strong>suggestiomhus</strong></span> <span class='ocrx_word' id='word_1_209' title='bbox 1823 3129 1927 3182; x_wconf 82' lang='lat' dir='ltr'><strong>illi-</strong></span> 
     </span>
    </p>
   </div>
   <div class='ocr_carea' id='block_1_31' title="bbox 319 3215 1922 3287">
    <p class='ocr_par' dir='ltr' id='par_1_31' title="bbox 319 3215 1922 3287">
     <span class='ocr_line' id='line_1_31' title="bbox 319 3215 1922 3287; baseline 0.002 -16"><span class='ocrx_word' id='word_1_210' title='bbox 319 3217 562 3280; x_wconf 84' lang='lat' dir='ltr'><strong>citarum</strong></span> <span class='ocrx_word' id='word_1_211' title='bbox 595 3215 955 3286; x_wconf 89' lang='lat' dir='ltr'><strong>voluptatum:</strong></span> <span class='ocrx_word' id='word_1_212' title='bbox 981 3216 1066 3270; x_wconf 80' lang='lat' dir='ltr'><strong>vix</strong></span> <span class='ocrx_word' id='word_1_213' title='bbox 1096 3220 1421 3287; x_wconf 84' lang='lat' dir='ltr'><strong>respiramus</strong></span> <span class='ocrx_word' id='word_1_214' title='bbox 1449 3221 1531 3274; x_wconf 87' lang='lat' dir='ltr'><strong>vel</strong></span> <span class='ocrx_word' id='word_1_215' title='bbox 1556 3219 1610 3274; x_wconf 86' lang='lat' dir='ltr'><strong>in</strong></span> <span class='ocrx_word' id='word_1_216' title='bbox 1638 3225 1881 3274; x_wconf 84' lang='lat' dir='ltr'><strong>oratione</strong></span> <span class='ocrx_word' id='word_1_217' title='bbox 1905 3236 1922 3285; x_wconf 92' lang='lat'><strong>;</strong></span> 
     </span>
    </p>
   </div>
   <div class='ocr_carea' id='block_1_32' title="bbox 318 3311 1925 3383">
    <p class='ocr_par' dir='ltr' id='par_1_32' title="bbox 318 3311 1925 3383">
     <span class='ocr_line' id='line_1_32' title="bbox 318 3311 1925 3383; baseline 0.001 -16"><span class='ocrx_word' id='word_1_218' title='bbox 318 3312 576 3380; x_wconf 85' lang='lat' dir='ltr'><strong>captivos</strong></span> <span class='ocrx_word' id='word_1_219' title='bbox 619 3326 718 3366; x_wconf 89' lang='lat' dir='ltr'><strong>nos</strong></span> <span class='ocrx_word' id='word_1_220' title='bbox 742 3326 863 3366; x_wconf 90' lang='lat' dir='ltr'><strong>esse</strong></span> <span class='ocrx_word' id='word_1_221' title='bbox 907 3311 1269 3380; x_wconf 74' lang='lat' dir='ltr'><strong>intelligimus.</strong></span> <span class='ocrx_word' id='word_1_222' title='bbox 1305 3313 1411 3368; x_wconf 81' lang='lat' dir='ltr'><strong>Sed</strong></span> <span class='ocrx_word' id='word_1_223' title='bbox 1447 3314 1532 3382; x_wconf 89' lang='lat' dir='ltr'><strong>qui</strong></span> <span class='ocrx_word' id='word_1_224' title='bbox 1569 3330 1664 3368; x_wconf 90' lang='lat' dir='ltr'><strong>nos</strong></span> <span class='ocrx_word' id='word_1_225' title='bbox 1686 3314 1925 3383; x_wconf 88' lang='lat' dir='ltr'><strong>captivos</strong></span> 
     </span>
    </p>
   </div>
   <div class='ocr_carea' id='block_1_33' title="bbox 317 3404 1923 3476">
    <p class='ocr_par' dir='ltr' id='par_1_33' title="bbox 317 3404 1923 3476">
     <span class='ocr_line' id='line_1_33' title="bbox 317 3404 1923 3476; baseline 0 -15"><span class='ocrx_word' id='word_1_226' title='bbox 317 3404 635 3461; x_wconf 68' lang='lat' dir='ltr'><strong>duxerunt?</strong></span> <span class='ocrx_word' id='word_1_227' title='bbox 660 3404 750 3474; x_wconf 88' lang='lat' dir='ltr'><strong>qui</strong></span> <span class='ocrx_word' id='word_1_228' title='bbox 798 3404 1075 3459; x_wconf 87' lang='lat' dir='ltr'><strong>homines?</strong></span> <span class='ocrx_word' id='word_1_229' title='bbox 1101 3422 1220 3475; x_wconf 77' lang='lat' dir='ltr'><strong>qua:</strong></span> <span class='ocrx_word' id='word_1_230' title='bbox 1245 3406 1412 3475; x_wconf 79' lang='lat' dir='ltr'><strong>gens?</strong></span> <span class='ocrx_word' id='word_1_231' title='bbox 1438 3407 1524 3476; x_wconf 89' lang='lat' dir='ltr'><strong>qui</strong></span> <span class='ocrx_word' id='word_1_232' title='bbox 1557 3407 1683 3461; x_wconf 77' lang='lat' dir='ltr'><strong>rex?</strong></span> <span class='ocrx_word' id='word_1_233' title='bbox 1712 3406 1766 3462; x_wconf 88' lang='lat' dir='ltr'><strong>Si</strong></span> <span class='ocrx_word' id='word_1_234' title='bbox 1800 3407 1923 3461; x_wconf 83' lang='lat' dir='ltr'><strong>rod-</strong></span> 
     </span>
    </p>
   </div>
   <div class='ocr_carea' id='block_1_34' title="bbox 318 3496 1920 3568">
    <p class='ocr_par' dir='ltr' id='par_1_34' title="bbox 318 3496 1920 3568">
     <span class='ocr_line' id='line_1_34' title="bbox 318 3496 1920 3568; baseline 0.001 -16"><span class='ocrx_word' id='word_1_235' title='bbox 318 3496 572 3562; x_wconf 87' lang='lat' dir='ltr'><strong>imimur,</strong></span> <span class='ocrx_word' id='word_1_236' title='bbox 605 3497 798 3566; x_wconf 85' lang='lat' dir='ltr'><strong>captivi</strong></span> <span class='ocrx_word' id='word_1_237' title='bbox 828 3511 1062 3552; x_wconf 89' lang='lat' dir='ltr'><strong>eramus.</strong></span> <span class='ocrx_word' id='word_1_238' title='bbox 1091 3496 1222 3564; x_wconf 80' lang='lat' dir='ltr'><strong>Quis</strong></span> <span class='ocrx_word' id='word_1_239' title='bbox 1252 3512 1348 3552; x_wconf 88' lang='lat' dir='ltr'><strong>nos</strong></span> <span class='ocrx_word' id='word_1_240' title='bbox 1368 3497 1627 3560; x_wconf 84' lang='lat' dir='ltr'><strong>redemit?</strong></span> <span class='ocrx_word' id='word_1_241' title='bbox 1658 3499 1920 3568; x_wconf 75' lang='lat' dir='ltr'><strong>Christus.</strong></span> 
     </span>
    </p>
   </div>
   <div class='ocr_carea' id='block_1_35' title="bbox 317 3588 1920 3663">
    <p class='ocr_par' dir='ltr' id='par_1_35' title="bbox 317 3588 1920 3663">
     <span class='ocr_line' id='line_1_35' title="bbox 317 3588 1920 3663; baseline 0.006 -26"><span class='ocrx_word' id='word_1_242' title='bbox 317 3589 361 3646; x_wconf 76' lang='grc' dir='ltr'>Α</span> <span class='ocrx_word' id='word_1_243' title='bbox 393 3602 510 3663; x_wconf 68' lang='lat' dir='ltr'><strong>quo</strong></span> <span class='ocrx_word' id='word_1_244' title='bbox 551 3603 648 3642; x_wconf 88' lang='lat' dir='ltr'><strong>uos</strong></span> <span class='ocrx_word' id='word_1_245' title='bbox 675 3588 936 3644; x_wconf 88' lang='lat' dir='ltr'><strong>redemit?</strong></span> <span class='ocrx_word' id='word_1_246' title='bbox 963 3589 1005 3644; x_wconf 83' lang='lat' dir='ltr'><strong>A</strong></span> <span class='ocrx_word' id='word_1_247' title='bbox 1036 3588 1268 3645; x_wconf 83' lang='lat' dir='ltr'><strong>diabolo.</strong></span> <span class='ocrx_word' id='word_1_248' title='bbox 1303 3590 1555 3646; x_wconf 87' lang='lat' dir='ltr'><strong>Diabolus</strong></span> <span class='ocrx_word' id='word_1_249' title='bbox 1581 3588 1794 3662; x_wconf 60' lang='lat' dir='ltr'><strong>ergo‘et</strong></span> <span class='ocrx_word' id='word_1_250' title='bbox 1819 3608 1920 3647; x_wconf 89' lang='lat' dir='ltr'><strong>an-</strong></span> 
     </span>
    </p>
   </div>
   <div class='ocr_carea' id='block_1_36' title="bbox 317 3680 1920 3752">
    <p class='ocr_par' dir='ltr' id='par_1_36' title="bbox 317 3680 1920 3752">
     <span class='ocr_line' id='line_1_36' title="bbox 317 3680 1920 3752; baseline 0.001 -16"><span class='ocrx_word' id='word_1_251' title='bbox 317 3681 432 3752; x_wconf 75' lang='lat' dir='ltr'><strong>geli</strong></span> <span class='ocrx_word' id='word_1_252' title='bbox 463 3680 582 3748; x_wconf 83' lang='lat' dir='ltr'><strong>ejus</strong></span> <span class='ocrx_word' id='word_1_253' title='bbox 609 3681 850 3750; x_wconf 86' lang='lat' dir='ltr'><strong>captivos</strong></span> <span class='ocrx_word' id='word_1_254' title='bbox 897 3695 996 3736; x_wconf 91' lang='lat' dir='ltr'><strong>nos</strong></span> <span class='ocrx_word' id='word_1_255' title='bbox 1041 3680 1339 3746; x_wconf 81' lang='lat' dir='ltr'><strong>duxerunt;</strong></span> <span class='ocrx_word' id='word_1_256' title='bbox 1385 3697 1485 3737; x_wconf 88' lang='lat' dir='ltr'><strong>nec</strong></span> <span class='ocrx_word' id='word_1_257' title='bbox 1527 3683 1781 3738; x_wconf 88' lang='lat' dir='ltr'><strong>ducerent</strong></span> <span class='ocrx_word' id='word_1_258' title='bbox 1821 3685 1920 3738; x_wconf 81' lang='lat' dir='ltr'><strong>nisi</strong></span> 
     </span>
    </p>
   </div>
   <div class='ocr_carea' id='block_1_37' title="bbox 316 3771 1922 3844">
    <p class='ocr_par' dir='ltr' id='par_1_37' title="bbox 316 3771 1922 3844">
     <span class='ocr_line' id='line_1_37' title="bbox 316 3771 1922 3844; baseline 0.001 -15"><span class='ocrx_word' id='word_1_259' title='bbox 316 3772 750 3829; x_wconf 78' lang='lat' dir='ltr'><strong>consentientes.</strong></span> <span class='ocrx_word' id='word_1_260' title='bbox 779 3771 886 3828; x_wconf 88' lang='lat' dir='ltr'><strong>Nos</strong></span> <span class='ocrx_word' id='word_1_261' title='bbox 913 3772 1056 3828; x_wconf 88' lang='lat' dir='ltr'><strong>ducti</strong></span> <span class='ocrx_word' id='word_1_262' title='bbox 1087 3788 1272 3828; x_wconf 89' lang='lat' dir='ltr'><strong>sumus</strong></span> <span class='ocrx_word' id='word_1_263' title='bbox 1298 3775 1511 3844; x_wconf 87' lang='lat' dir='ltr'><strong>captivi.</strong></span> <span class='ocrx_word' id='word_1_264' title='bbox 1555 3775 1922 3844; x_wconf 87' lang='lat' dir='ltr'><strong>Captivatores</strong></span> 
     </span>
    </p>
   </div>
   <div class='ocr_carea' id='block_1_38' title="bbox 317 3863 1922 3934">
    <p class='ocr_par' dir='ltr' id='par_1_38' title="bbox 317 3863 1922 3934">
     <span class='ocr_line' id='line_1_38' title="bbox 317 3863 1922 3934; baseline 0.001 -13"><span class='ocrx_word' id='word_1_265' title='bbox 317 3863 499 3922; x_wconf 84' lang='lat' dir='ltr'><strong>nostri</strong></span> <span class='ocrx_word' id='word_1_266' title='bbox 527 3864 636 3922; x_wconf 83' lang='lat' dir='ltr'><strong>dixi</strong></span> <span class='ocrx_word' id='word_1_267' title='bbox 661 3865 754 3934; x_wconf 89' lang='lat' dir='ltr'><strong>qui</strong></span> <span class='ocrx_word' id='word_1_268' title='bbox 779 3865 900 3920; x_wconf 89' lang='lat' dir='ltr'><strong>sint.</strong></span> <span class='ocrx_word' id='word_1_269' title='bbox 925 3863 1030 3933; x_wconf 85' lang='lat' dir='ltr'><strong>Ipsi</strong></span> <span class='ocrx_word' id='word_1_270' title='bbox 1057 3874 1180 3920; x_wconf 90' lang='lat' dir='ltr'><strong>sunt</strong></span> <span class='ocrx_word' id='word_1_271' title='bbox 1201 3867 1358 3920; x_wconf 88' lang='lat' dir='ltr'><strong>etiam</strong></span> <span class='ocrx_word' id='word_1_272' title='bbox 1384 3866 1617 3921; x_wconf 88' lang='lat' dir='ltr'><strong>latrones</strong></span> <span class='ocrx_word' id='word_1_273' title='bbox 1638 3868 1922 3922; x_wconf 85' lang='lat' dir='ltr'><strong>vulneran-</strong></span> 
     </span>
    </p>
   </div>
   <div class='ocr_carea' id='block_1_39' title="bbox 317 3954 1922 4026">
    <p class='ocr_par' dir='ltr' id='par_1_39' title="bbox 317 3954 1922 4026">
     <span class='ocr_line' id='line_1_39' title="bbox 317 3954 1922 4026; baseline 0.001 -16"><span class='ocrx_word' id='word_1_274' title='bbox 317 3963 406 4012; x_wconf 88' lang='lat' dir='ltr'><strong>tes</strong></span> <span class='ocrx_word' id='word_1_275' title='bbox 440 3955 588 4010; x_wconf 87' lang='lat' dir='ltr'><strong>illum</strong></span> <span class='ocrx_word' id='word_1_276' title='bbox 617 3956 873 4012; x_wconf 89' lang='lat' dir='ltr'><strong>viatorem</strong></span> <span class='ocrx_word' id='word_1_277' title='bbox 905 3954 996 4026; x_wconf 91' lang='lat' dir='ltr'><strong>qui</strong></span> <span class='ocrx_word' id='word_1_278' title='bbox 1021 3955 1294 4011; x_wconf 87' lang='lat' dir='ltr'><strong>descendit</strong></span> <span class='ocrx_word' id='word_1_279' title='bbox 1332 3955 1402 4010; x_wconf 90' lang='lat' dir='ltr'><strong>ab</strong></span> <span class='ocrx_word' id='word_1_280' title='bbox 1423 3955 1716 4011; x_wconf 85' lang='lat' dir='ltr'><strong>Jerusalem</strong></span> <span class='ocrx_word' id='word_1_281' title='bbox 1750 3958 1802 4010; x_wconf 91' lang='lat' dir='ltr'><strong>in</strong></span> <span class='ocrx_word' id='word_1_282' title='bbox 1830 3958 1922 4013; x_wconf 74' lang='grc' dir='ltr'>,ιθ-</span> 
     </span>
    </p>
   </div>
   <div class='ocr_carea' id='block_1_40' title="bbox 317 4047 1920 4118">
    <p class='ocr_par' dir='ltr' id='par_1_40' title="bbox 317 4047 1920 4118">
     <span class='ocr_line' id='line_1_40' title="bbox 317 4047 1920 4118; baseline 0.001 -14"><span class='ocrx_word' id='word_1_283' title='bbox 317 4047 512 4112; x_wconf 87' lang='lat' dir='ltr'><strong>richo;</strong></span> <span class='ocrx_word' id='word_1_284' title='bbox 541 4063 702 4117; x_wconf 86' lang='lat' dir='ltr'><strong>quem</strong></span> <span class='ocrx_word' id='word_1_285' title='bbox 730 4048 1022 4106; x_wconf 81' lang='lat' dir='ltr'><strong>sauciatam</strong></span> <span class='ocrx_word' id='word_1_286' title='bbox 1049 4048 1362 4104; x_wconf 88' lang='lat' dir='ltr'><strong>semivivum</strong></span> <span class='ocrx_word' id='word_1_287' title='bbox 1389 4048 1735 4118; x_wconf 87' lang='lat' dir='ltr'><strong>reliquerunt.</strong></span> <span class='ocrx_word' id='word_1_288' title='bbox 1769 4049 1920 4106; x_wconf 86' lang='lat' dir='ltr'><strong>Hunc</strong></span> 
     </span>
    </p>
   </div>
   <div class='ocr_carea' id='block_1_41' title="bbox 315 4139 1918 4210">
    <p class='ocr_par' dir='ltr' id='par_1_41' title="bbox 315 4139 1918 4210">
     <span class='ocr_line' id='line_1_41' title="bbox 315 4139 1918 4210; baseline 0.002 -15"><span class='ocrx_word' id='word_1_289' title='bbox 315 4141 416 4196; x_wconf 86' lang='lat' dir='ltr'><strong>ille</strong></span> <span class='ocrx_word' id='word_1_290' title='bbox 441 4149 624 4195; x_wconf 87' lang='lat' dir='ltr'><strong>custos</strong></span> <span class='ocrx_word' id='word_1_291' title='bbox 666 4148 869 4205; x_wconf 86' lang='lat' dir='ltr'><strong>noster,</strong></span> <span class='ocrx_word' id='word_1_292' title='bbox 912 4139 964 4194; x_wconf 93' lang='lat' dir='ltr'><strong>id</strong></span> <span class='ocrx_word' id='word_1_293' title='bbox 1004 4149 1087 4194; x_wconf 86' lang='lat' dir='ltr'><strong>est.</strong></span> <span class='ocrx_word' id='word_1_294' title='bbox 1125 4139 1490 4194; x_wconf 85' lang='lat' dir='ltr'><strong>Samaritanus</strong></span> <span class='ocrx_word' id='word_1_295' title='bbox 1530 4140 1918 4210; x_wconf 86' lang='lat' dir='ltr'><strong>(Samaritanus</strong></span> 
     </span>
    </p>
   </div>
   <div class='ocr_carea' id='block_1_42' title="bbox 315 4233 1919 4304">
    <p class='ocr_par' dir='ltr' id='par_1_42' title="bbox 315 4233 1919 4304">
     <span class='ocr_line' id='line_1_42' title="bbox 315 4233 1919 4304; baseline -0.002 -13"><span class='ocrx_word' id='word_1_296' title='bbox 315 4235 471 4291; x_wconf 88' lang='lat' dir='ltr'><strong>enim</strong></span> <span class='ocrx_word' id='word_1_297' title='bbox 502 4233 696 4299; x_wconf 80' lang='lat' dir='ltr'><strong>Custos</strong></span> <span class='ocrx_word' id='word_1_298' title='bbox 717 4233 1142 4304; x_wconf 79' lang='lat' dir='ltr'><strong>interpretatur),</strong></span> <span class='ocrx_word' id='word_1_299' title='bbox 1167 4234 1251 4288; x_wconf 92' lang='lat' dir='ltr'><strong>cui</strong></span> <span class='ocrx_word' id='word_1_300' title='bbox 1268 4233 1535 4303; x_wconf 83' lang='lat' dir='ltr'><strong>obiectum</strong></span> <span class='ocrx_word' id='word_1_301' title='bbox 1558 4242 1641 4289; x_wconf 90' lang='lat' dir='ltr'><strong>est</strong></span> <span class='ocrx_word' id='word_1_302' title='bbox 1661 4249 1689 4287; x_wconf 87' lang='lat' dir='ltr'><strong>a</strong></span> <span class='ocrx_word' id='word_1_303' title='bbox 1719 4233 1919 4290; x_wconf 72' lang='lat' dir='ltr'><strong>Judmis</strong></span> 
     </span>
    </p>
   </div>
   <div class='ocr_carea' id='block_1_43' title="bbox 316 4325 1912 4394">
    <p class='ocr_par' dir='ltr' id='par_1_43' title="bbox 316 4325 1912 4394">
     <span class='ocr_line' id='line_1_43' title="bbox 316 4325 1912 4394; baseline -0.001 -12"><span class='ocrx_word' id='word_1_304' title='bbox 316 4337 370 4382; x_wconf 86' lang='lat' dir='ltr'><strong>et</strong></span> <span class='ocrx_word' id='word_1_305' title='bbox 404 4325 631 4390; x_wconf 89' lang='lat' dir='ltr'><strong>dictum,</strong></span> <span class='ocrx_word' id='word_1_306' title='bbox 657 4325 842 4380; x_wconf 86' lang='lat' dir='ltr'><strong>Nonne</strong></span> <span class='ocrx_word' id='word_1_307' title='bbox 869 4341 1040 4381; x_wconf 81' lang='lat' dir='ltr'><strong>verum</strong></span> <span class='ocrx_word' id='word_1_308' title='bbox 1078 4325 1294 4379; x_wconf 86' lang='lat' dir='ltr'><strong>dicimus</strong></span> <span class='ocrx_word' id='word_1_309' title='bbox 1313 4326 1434 4394; x_wconf 86' lang='lat' dir='ltr'><strong>quia</strong></span> <span class='ocrx_word' id='word_1_310' title='bbox 1460 4325 1817 4382; x_wconf 84' lang='lat' dir='ltr'><strong>Samaritanus</strong></span> <span class='ocrx_word' id='word_1_311' title='bbox 1843 4343 1912 4394; x_wconf 82' lang='lat' dir='ltr'><strong>es,</strong></span> 
     </span>
    </p>
   </div>
   <div class='ocr_carea' id='block_1_44' title="bbox 316 4415 1915 4484">
    <p class='ocr_par' dir='ltr' id='par_1_44' title="bbox 316 4415 1915 4484">
     <span class='ocr_line' id='line_1_44' title="bbox 316 4415 1915 4484; baseline 0 -12"><span class='ocrx_word' id='word_1_312' title='bbox 316 4427 365 4472; x_wconf 87' lang='lat' dir='ltr'><strong>et</strong></span> <span class='ocrx_word' id='word_1_313' title='bbox 395 4417 703 4474; x_wconf 68' lang='lat' dir='ltr'><strong>damonimn</strong></span> <span class='ocrx_word' id='word_1_314' title='bbox 727 4417 915 4470; x_wconf 83' lang='lat' dir='ltr'><strong>habes?</strong></span> <span class='ocrx_word' id='word_1_315' title='bbox 934 4424 989 4472; x_wconf 88' lang='lat' dir='ltr'><strong>et</strong></span> <span class='ocrx_word' id='word_1_316' title='bbox 1018 4416 1108 4471; x_wconf 88' lang='lat' dir='ltr'><strong>ille</strong></span> <span class='ocrx_word' id='word_1_317' title='bbox 1135 4415 1466 4484; x_wconf 86' lang='lat' dir='ltr'><strong>obiectorum</strong></span> <span class='ocrx_word' id='word_1_318' title='bbox 1495 4418 1719 4472; x_wconf 90' lang='lat' dir='ltr'><strong>duorum</strong></span> <span class='ocrx_word' id='word_1_319' title='bbox 1751 4433 1915 4472; x_wconf 87' lang='lat' dir='ltr'><strong>unum</strong></span> 
     </span>
    </p>
   </div>
   <div class='ocr_carea' id='block_1_45' title="bbox 316 4510 1914 4581">
    <p class='ocr_par' dir='ltr' id='par_1_45' title="bbox 316 4510 1914 4581">
     <span class='ocr_line' id='line_1_45' title="bbox 316 4510 1914 4581; baseline 0 -15"><span class='ocrx_word' id='word_1_320' title='bbox 316 4511 549 4578; x_wconf 83' lang='lat' dir='ltr'><strong>respuit,</strong></span> <span class='ocrx_word' id='word_1_321' title='bbox 572 4515 628 4565; x_wconf 77' lang='lat' dir='ltr'><strong>‘et</strong></span> <span class='ocrx_word' id='word_1_322' title='bbox 655 4525 817 4565; x_wconf 86' lang='lat' dir='ltr'><strong>unum</strong></span> <span class='ocrx_word' id='word_1_323' title='bbox 863 4510 1064 4564; x_wconf 89' lang='lat' dir='ltr'><strong>tenuit:</strong></span> <span class='ocrx_word' id='word_1_324' title='bbox 1093 4510 1220 4581; x_wconf 79' lang='lat' dir='ltr'><strong>Ego.</strong></span> <span class='ocrx_word' id='word_1_325' title='bbox 1253 4510 1444 4580; x_wconf 87' lang='lat' dir='ltr'><strong>inquit,</strong></span> <span class='ocrx_word' id='word_1_326' title='bbox 1477 4511 1783 4576; x_wconf 70' lang='lat' dir='ltr'><strong>daturonium</strong></span> <span class='ocrx_word' id='word_1_327' title='bbox 1812 4529 1914 4566; x_wconf 87' lang='lat' dir='ltr'><strong>non</strong></span> 
     </span>
    </p>
   </div>
   <div class='ocr_carea' id='block_1_46' title="bbox 317 4601 1914 4675">
    <p class='ocr_par' dir='ltr' id='par_1_46' title="bbox 317 4601 1914 4675">
     <span class='ocr_line' id='line_1_46' title="bbox 317 4601 1914 4675; baseline 0.001 -17"><span class='ocrx_word' id='word_1_328' title='bbox 317 4603 491 4660; x_wconf 72' lang='lat' dir='ltr'><strong>habeo,</strong></span> <span class='ocrx_word' id='word_1_329' title='bbox 514 4601 689 4670; x_wconf 86' lang='lat' dir='ltr'><strong>(Joan.</strong></span> <span class='ocrx_word' id='word_1_330' title='bbox 722 4619 833 4669; x_wconf 87' lang='lat' dir='ltr'><strong>vut,</strong></span> <span class='ocrx_word' id='word_1_331' title='bbox 864 4603 954 4668; x_wconf 78' lang='grc'><strong>48,</strong></span> <span class='ocrx_word' id='word_1_332' title='bbox 985 4603 1108 4675; x_wconf 74' lang='grc'><strong>49);</strong></span> <span class='ocrx_word' id='word_1_333' title='bbox 1143 4620 1248 4658; x_wconf 89' lang='lat' dir='ltr'><strong>non</strong></span> <span class='ocrx_word' id='word_1_334' title='bbox 1275 4615 1451 4658; x_wconf 88' lang='lat' dir='ltr'><strong>autem</strong></span> <span class='ocrx_word' id='word_1_335' title='bbox 1482 4604 1634 4668; x_wconf 80' lang='lat' dir='ltr'><strong>dixit,</strong></span> <span class='ocrx_word' id='word_1_336' title='bbox 1665 4605 1777 4675; x_wconf 80' lang='lat' dir='ltr'><strong>Ego</strong></span> <span class='ocrx_word' id='word_1_337' title='bbox 1808 4621 1914 4660; x_wconf 89' lang='lat' dir='ltr'><strong>non</strong></span> 
     </span>
    </p>
   </div>
   <div class='ocr_carea' id='block_1_47' title="bbox 317 4693 1914 4754">
    <p class='ocr_par' dir='ltr' id='par_1_47' title="bbox 317 4693 1914 4754">
     <span class='ocr_line' id='line_1_47' title="bbox 317 4693 1914 4754; baseline 0.001 -5"><span class='ocrx_word' id='word_1_338' title='bbox 317 4708 443 4754; x_wconf 81' lang='lat' dir='ltr'><strong>sunt</strong></span> <span class='ocrx_word' id='word_1_339' title='bbox 469 4694 868 4750; x_wconf 78' lang='lat' dir='ltr'><strong>Samaritanus:</strong></span> <span class='ocrx_word' id='word_1_340' title='bbox 893 4695 936 4749; x_wconf 84' lang='lat' dir='ltr'><strong>si</strong></span> <span class='ocrx_word' id='word_1_341' title='bbox 963 4696 1106 4748; x_wconf 86' lang='lat' dir='ltr'><strong>enim</strong></span> <span class='ocrx_word' id='word_1_342' title='bbox 1138 4695 1228 4748; x_wconf 85' lang='lat' dir='ltr'><strong>ille</strong></span> <span class='ocrx_word' id='word_1_343' title='bbox 1269 4693 1636 4750; x_wconf 86' lang='lat' dir='ltr'><strong>Samaritanus</strong></span> <span class='ocrx_word' id='word_1_344' title='bbox 1667 4712 1772 4750; x_wconf 90' lang='lat' dir='ltr'><strong>non</strong></span> <span class='ocrx_word' id='word_1_345' title='bbox 1815 4711 1914 4750; x_wconf 85' lang='lat' dir='ltr'><strong>cu-</strong></span> 
     </span>
    </p>
   </div>
   <div class='ocr_carea' id='block_1_48' title="bbox 317 4784 1914 4864">
    <p class='ocr_par' dir='ltr' id='par_1_48' title="bbox 317 4784 1914 4864">
     <span class='ocr_line' id='line_1_48' title="bbox 317 4784 1914 4864; baseline 0.001 -24"><span class='ocrx_word' id='word_1_346' title='bbox 317 4785 590 4848; x_wconf 78' lang='lat' dir='ltr'><strong>stodierit,</strong></span> <span class='ocrx_word' id='word_1_347' title='bbox 614 4785 795 4854; x_wconf 88' lang='lat' dir='ltr'><strong>utique</strong></span> <span class='ocrx_word' id='word_1_348' title='bbox 818 4784 1086 4855; x_wconf 81' lang='lat' dir='ltr'><strong>perimus:</strong></span> <span class='ocrx_word' id='word_1_349' title='bbox 1113 4785 1479 4841; x_wconf 79' lang='lat' dir='ltr'><strong>Samaritanus</strong></span> <span class='ocrx_word' id='word_1_350' title='bbox 1503 4803 1628 4857; x_wconf 74' lang='lat' dir='ltr'><strong>ergo</strong></span> <span class='ocrx_word' id='word_1_351' title='bbox 1651 4787 1914 4864; x_wconf 81' lang='lat' dir='ltr'><strong>transiens</strong></span> 
     </span>
    </p>
   </div>
   <div class='ocr_carea' id='block_1_49' title="bbox 317 4877 1908 4947">
    <p class='ocr_par' dir='ltr' id='par_1_49' title="bbox 317 4877 1908 4947">
     <span class='ocr_line' id='line_1_49' title="bbox 317 4877 1908 4947; baseline 0.003 -17"><span class='ocrx_word' id='word_1_352' title='bbox 317 4877 456 4934; x_wconf 78' lang='lat' dir='ltr'><strong>vidit</strong></span> <span class='ocrx_word' id='word_1_353' title='bbox 484 4879 720 4932; x_wconf 83' lang='lat' dir='ltr'><strong>saucium</strong></span> <span class='ocrx_word' id='word_1_354' title='bbox 749 4887 803 4932; x_wconf 90' lang='lat' dir='ltr'><strong>et</strong></span> <span class='ocrx_word' id='word_1_355' title='bbox 829 4878 1163 4933; x_wconf 84' lang='lat' dir='ltr'><strong>vulneratum</strong></span> <span class='ocrx_word' id='word_1_356' title='bbox 1192 4879 1510 4946; x_wconf 85' lang='lat' dir='ltr'><strong>derelictum</strong></span> <span class='ocrx_word' id='word_1_357' title='bbox 1534 4896 1562 4932; x_wconf 90' lang='lat' dir='ltr'><strong>a</strong></span> <span class='ocrx_word' id='word_1_358' title='bbox 1594 4880 1908 4947; x_wconf 87' lang='lat' dir='ltr'><strong>latronibus,</strong></span> 
     </span>
    </p>
   </div>
   <div class='ocr_carea' id='block_1_50' title="bbox 318 4970 1913 5044">
    <p class='ocr_par' dir='ltr' id='par_1_50' title="bbox 318 4970 1913 5044">
     <span class='ocr_line' id='line_1_50' title="bbox 318 4970 1913 5044; baseline 0.003 -18"><span class='ocrx_word' id='word_1_359' title='bbox 318 4978 377 5026; x_wconf 88' lang='lat' dir='ltr'><strong>et</strong></span> <span class='ocrx_word' id='word_1_360' title='bbox 405 4970 543 5026; x_wconf 80' lang='lat' dir='ltr'><strong>sicut</strong></span> <span class='ocrx_word' id='word_1_361' title='bbox 572 4972 758 5034; x_wconf 83' lang='lat' dir='ltr'><strong>nostis,</strong></span> <span class='ocrx_word' id='word_1_362' title='bbox 804 4972 1022 5037; x_wconf 63' lang='lat' dir='ltr'><strong>collegit</strong></span> <span class='ocrx_word' id='word_1_363' title='bbox 1063 4970 1213 5044; x_wconf 84' lang='lat' dir='ltr'><strong>(Luc.</strong></span> <span class='ocrx_word' id='word_1_364' title='bbox 1257 4990 1310 5035; x_wconf 79' lang='grc' dir='ltr'><strong>χ,</strong></span> <span class='ocrx_word' id='word_1_365' title='bbox 1365 4974 1578 5044; x_wconf 79' lang='lat'><strong>30-55).</strong></span> <span class='ocrx_word' id='word_1_366' title='bbox 1628 4974 1777 5030; x_wconf 85' lang='lat' dir='ltr'><strong>Siettt</strong></span> <span class='ocrx_word' id='word_1_367' title='bbox 1813 4976 1913 5030; x_wconf 86' lang='lat' dir='ltr'><strong>ali-</strong></span> 
     </span>
    </p>
   </div>
   <div class='ocr_carea' id='block_1_51' title="bbox 317 5063 1909 5137">
    <p class='ocr_par' dir='ltr' id='par_1_51' title="bbox 317 5063 1909 5137">
     <span class='ocr_line' id='line_1_51' title="bbox 317 5063 1909 5137; baseline 0 -18"><span class='ocrx_word' id='word_1_368' title='bbox 317 5063 538 5134; x_wconf 87' lang='lat' dir='ltr'><strong>quando</strong></span> <span class='ocrx_word' id='word_1_369' title='bbox 579 5065 840 5120; x_wconf 83' lang='lat' dir='ltr'><strong>latronum</strong></span> <span class='ocrx_word' id='word_1_370' title='bbox 886 5067 1101 5120; x_wconf 89' lang='lat' dir='ltr'><strong>nomine</strong></span> <span class='ocrx_word' id='word_1_371' title='bbox 1145 5076 1428 5135; x_wconf 83' lang='lat' dir='ltr'><strong>ponuntur,</strong></span> <span class='ocrx_word' id='word_1_372' title='bbox 1473 5066 1564 5137; x_wconf 89' lang='lat' dir='ltr'><strong>qui</strong></span> <span class='ocrx_word' id='word_1_373' title='bbox 1609 5067 1762 5121; x_wconf 89' lang='lat' dir='ltr'><strong>nobis</strong></span> <span class='ocrx_word' id='word_1_374' title='bbox 1792 5068 1909 5137; x_wconf 82' lang='lat' dir='ltr'><strong>pla-.-</strong></span> 
     </span>
    </p>
   </div>
   <div class='ocr_carea' id='block_1_52' title="bbox 318 5157 1918 5227">
    <p class='ocr_par' dir='ltr' id='par_1_52' title="bbox 318 5157 1918 5227">
     <span class='ocr_line' id='line_1_52' title="bbox 318 5157 1918 5227; baseline 0.004 -17"><span class='ocrx_word' id='word_1_375' title='bbox 318 5169 415 5226; x_wconf 73' lang='lat' dir='ltr'><strong>gas</strong></span> <span class='ocrx_word' id='word_1_376' title='bbox 462 5168 800 5224; x_wconf 86' lang='lat' dir='ltr'><strong>peccatorum</strong></span> <span class='ocrx_word' id='word_1_377' title='bbox 847 5157 1172 5223; x_wconf 66' lang='lat' dir='ltr'><strong>indixerunt,</strong></span> <span class='ocrx_word' id='word_1_378' title='bbox 1213 5159 1322 5227; x_wconf 88' lang='lat' dir='ltr'><strong>jam</strong></span> <span class='ocrx_word' id='word_1_379' title='bbox 1365 5176 1458 5227; x_wconf 87' lang='lat' dir='ltr'><strong>per</strong></span> <span class='ocrx_word' id='word_1_380' title='bbox 1501 5161 1918 5226; x_wconf 85' lang='lat' dir='ltr'><strong>consensionem</strong></span> 
     </span>
    </p>
   </div>
   <div class='ocr_carea' id='block_1_53' title="bbox 321 5251 1909 5326">
    <p class='ocr_par' dir='ltr' id='par_1_53' title="bbox 321 5251 1909 5326">
     <span class='ocr_line' id='line_1_53' title="bbox 321 5251 1909 5326; baseline 0.004 -23"><span class='ocrx_word' id='word_1_381' title='bbox 321 5258 528 5304; x_wconf 57' lang='lat' dir='ltr'><strong>“Osiri”</strong></span> <span class='ocrx_word' id='word_1_382' title='bbox 571 5251 934 5322; x_wconf 62' lang='lat' dir='ltr'><strong>captivitatis;</strong></span> <span class='ocrx_word' id='word_1_383' title='bbox 981 5253 1060 5307; x_wconf 86' lang='lat' dir='ltr'><strong>sic</strong></span> <span class='ocrx_word' id='word_1_384' title='bbox 1101 5261 1155 5307; x_wconf 86' lang='lat' dir='ltr'><strong>ct</strong></span> <span class='ocrx_word' id='word_1_385' title='bbox 1197 5253 1552 5323; x_wconf 85' lang='lat' dir='ltr'><strong>captivatores</strong></span> <span class='ocrx_word' id='word_1_386' title='bbox 1595 5256 1762 5309; x_wconf 86' lang='lat' dir='ltr'><strong>nostri</strong></span> <span class='ocrx_word' id='word_1_387' title='bbox 1807 5256 1909 5326; x_wconf 87' lang='lat' dir='ltr'><strong>ipsi</strong></span> 
     </span>
    </p>
   </div>
   <div class='ocr_carea' id='block_1_54' title="bbox 318 5339 588 5395">
    <p class='ocr_par' dir='ltr' id='par_1_54' title="bbox 318 5339 588 5395">
     <span class='ocr_line' id='line_1_54' title="bbox 318 5339 588 5395; baseline 0 0"><span class='ocrx_word' id='word_1_388' title='bbox 318 5339 588 5395; x_wconf 86' lang='lat' dir='ltr'><strong>dicuntur.</strong></span> 
     </span>
    </p>
   </div>
   <div class='ocr_carea' id='block_1_55' title="bbox 391 5427 1906 5505">
    <p class='ocr_par' dir='ltr' id='par_1_55' title="bbox 391 5427 1906 5505">
     <span class='ocr_line' id='line_1_55' title="bbox 391 5427 1906 5505; baseline 0.007 -19"><span class='ocrx_word' id='word_1_389' title='bbox 391 5427 445 5486; x_wconf 84' lang='lat'><strong>8.</strong></span> <span class='ocrx_word' id='word_1_390' title='bbox 482 5432 568 5494; x_wconf 81' lang='lat' dir='ltr'><strong>isti</strong></span> <span class='ocrx_word' id='word_1_391' title='bbox 599 5449 726 5502; x_wconf 69' lang='lat' dir='ltr'><strong>ergo</strong></span> <span class='ocrx_word' id='word_1_392' title='bbox 767 5435 856 5504; x_wconf 83' lang='lat' dir='ltr'><strong>qui</strong></span> <span class='ocrx_word' id='word_1_393' title='bbox 880 5436 1100 5503; x_wconf 80' lang='lat' dir='ltr'><strong>captivos</strong></span> <span class='ocrx_word' id='word_1_394' title='bbox 1127 5436 1382 5492; x_wconf 70' lang='lat' dir='ltr'><strong>duxerunt</strong></span> <span class='ocrx_word' id='word_1_395' title='bbox 1418 5454 1530 5505; x_wconf 79' lang='lat' dir='ltr'><strong>nos,</strong></span> <span class='ocrx_word' id='word_1_396' title='bbox 1577 5438 1820 5495; x_wconf 85' lang='lat' dir='ltr'><strong>diabolus</strong></span> <span class='ocrx_word' id='word_1_397' title='bbox 1849 5449 1906 5496; x_wconf 89' lang='lat' dir='ltr'><strong>et</strong></span> 
     </span>
    </p>
   </div>
   <div class='ocr_carea' id='block_1_56' title="bbox 319 5526 1906 5602">
    <p class='ocr_par' dir='ltr' id='par_1_56' title="bbox 319 5526 1906 5602">
     <span class='ocr_line' id='line_1_56' title="bbox 319 5526 1906 5602; baseline 0.006 -23"><span class='ocrx_word' id='word_1_398' title='bbox 319 5526 496 5595; x_wconf 65' lang='lat' dir='ltr'><strong>angeli</strong></span> <span class='ocrx_word' id='word_1_399' title='bbox 525 5526 662 5596; x_wconf 58' lang='lat' dir='ltr'><strong>eius,</strong></span> <span class='ocrx_word' id='word_1_400' title='bbox 695 5530 910 5597; x_wconf 84' lang='lat' dir='ltr'><strong>quando.</strong></span> <span class='ocrx_word' id='word_1_401' title='bbox 933 5530 1086 5587; x_wconf 87' lang='lat' dir='ltr'><strong>nobis</strong></span> <span class='ocrx_word' id='word_1_402' title='bbox 1108 5531 1378 5594; x_wconf 73' lang='lat' dir='ltr'><strong>dixerunt,</strong></span> <span class='ocrx_word' id='word_1_403' title='bbox 1403 5541 1458 5590; x_wconf 83' lang='lat' dir='ltr'><strong>et</strong></span> <span class='ocrx_word' id='word_1_404' title='bbox 1479 5531 1698 5602; x_wconf 83' lang='lat' dir='ltr'><strong>quando</strong></span> <span class='ocrx_word' id='word_1_405' title='bbox 1716 5550 1804 5589; x_wconf 82' lang='lat' dir='ltr'><strong>nos</strong></span> <span class='ocrx_word' id='word_1_406' title='bbox 1827 5535 1906 5588; x_wconf 87' lang='lat' dir='ltr'><strong>in-</strong></span> 
     </span>
    </p>
   </div>
   <div class='ocr_carea' id='block_1_57' title="bbox 319 5613 1908 5697">
    <p class='ocr_par' dir='ltr' id='par_1_57' title="bbox 319 5613 1908 5697">
     <span class='ocr_line' id='line_1_57' title="bbox 319 5613 1908 5697; baseline 0.007 -27"><span class='ocrx_word' id='word_1_407' title='bbox 319 5624 697 5688; x_wconf 73' lang='lat' dir='ltr'><strong>terrogaverunt</strong></span> <span class='ocrx_word' id='word_1_408' title='bbox 739 5620 890 5680; x_wconf 81' lang='lat' dir='ltr'><strong>uerba</strong></span> <span class='ocrx_word' id='word_1_409' title='bbox 930 5622 1279 5682; x_wconf 72' lang='lat' dir='ltr'><strong>canticorum?</strong></span> <span class='ocrx_word' id='word_1_410' title='bbox 1317 5622 1456 5690; x_wconf 83' lang='lat' dir='ltr'><strong>Quid</strong></span> <span class='ocrx_word' id='word_1_411' title='bbox 1500 5639 1627 5694; x_wconf 73' lang='lat' dir='ltr'><strong>ergo</strong></span> <span class='ocrx_word' id='word_1_412' title='bbox 1658 5613 1908 5697; x_wconf 75' lang='lat' dir='ltr'><strong>intelligi-</strong></span> 
     </span>
    </p>
   </div>
   <div class='ocr_carea' id='block_1_58' title="bbox 321 5711 1904 5789">
    <p class='ocr_par' dir='ltr' id='par_1_58' title="bbox 321 5711 1904 5789">
     <span class='ocr_line' id='line_1_58' title="bbox 321 5711 1904 5789; baseline 0.007 -25"><span class='ocrx_word' id='word_1_413' title='bbox 321 5711 484 5766; x_wconf 84' lang='lat' dir='ltr'><strong>mus?</strong></span> <span class='ocrx_word' id='word_1_414' title='bbox 516 5713 649 5779; x_wconf 80' lang='lat' dir='ltr'><strong>Quia</strong></span> <span class='ocrx_word' id='word_1_415' title='bbox 675 5729 796 5772; x_wconf 88' lang='lat' dir='ltr'><strong>cutu</strong></span> <span class='ocrx_word' id='word_1_416' title='bbox 827 5715 959 5782; x_wconf 76' lang='lat' dir='ltr'><strong>tales</strong></span> <span class='ocrx_word' id='word_1_417' title='bbox 985 5731 1083 5774; x_wconf 83' lang='lat' dir='ltr'><strong>nos</strong></span> <span class='ocrx_word' id='word_1_418' title='bbox 1112 5715 1458 5787; x_wconf 76' lang='lat' dir='ltr'><strong>interrogant,</strong></span> <span class='ocrx_word' id='word_1_419' title='bbox 1488 5717 1543 5772; x_wconf 84' lang='lat' dir='ltr'><strong>in</strong></span> <span class='ocrx_word' id='word_1_420' title='bbox 1572 5719 1764 5789; x_wconf 87' lang='lat' dir='ltr'><strong>quibus</strong></span> <span class='ocrx_word' id='word_1_421' title='bbox 1787 5719 1904 5775; x_wconf 85' lang='lat' dir='ltr'><strong>dia-</strong></span> 
     </span>
    </p>
   </div>
   <div class='ocr_carea' id='block_1_59' title="bbox 322 5799 1900 5886">
    <p class='ocr_par' dir='ltr' id='par_1_59' title="bbox 322 5799 1900 5886">
     <span class='ocr_line' id='line_1_59' title="bbox 322 5799 1900 5886; baseline 0.006 -30"><span class='ocrx_word' id='word_1_422' title='bbox 322 5799 484 5880; x_wconf 68' lang='lat' dir='ltr'><strong>bolus</strong></span> <span class='ocrx_word' id='word_1_423' title='bbox 499 5815 769 5886; x_wconf 80' lang='lat' dir='ltr'><strong>operatur,</strong></span> <span class='ocrx_word' id='word_1_424' title='bbox 790 5805 1164 5882; x_wconf 78' lang='lat' dir='ltr'><strong>intelligendus</strong></span> <span class='ocrx_word' id='word_1_425' title='bbox 1183 5817 1265 5862; x_wconf 89' lang='lat' dir='ltr'><strong>est</strong></span> <span class='ocrx_word' id='word_1_426' title='bbox 1294 5809 1404 5886; x_wconf 84' lang='lat' dir='ltr'><strong>ipse</strong></span> <span class='ocrx_word' id='word_1_427' title='bbox 1432 5825 1529 5881; x_wconf 83' lang='lat' dir='ltr'><strong>nos</strong></span> <span class='ocrx_word' id='word_1_428' title='bbox 1551 5810 1900 5886; x_wconf 78' lang='lat' dir='ltr'><strong>interrogare,</strong></span> 
     </span>
    </p>
   </div>
   <div class='ocr_carea' id='block_1_60' title="bbox 322 5883 1892 5972">
    <p class='ocr_par' dir='ltr' id='par_1_60' title="bbox 322 5883 1892 5972">
     <span class='ocr_line' id='line_1_60' title="bbox 322 5883 1892 5972; baseline 0.006 -20"><span class='ocrx_word' id='word_1_429' title='bbox 322 5898 409 5970; x_wconf 74' lang='lat' dir='ltr'><strong>qui</strong></span> <span class='ocrx_word' id='word_1_430' title='bbox 440 5897 489 5954; x_wconf 85' lang='lat' dir='ltr'><strong>in</strong></span> <span class='ocrx_word' id='word_1_431' title='bbox 517 5899 592 5955; x_wconf 88' lang='lat' dir='ltr'><strong>eis</strong></span> <span class='ocrx_word' id='word_1_432' title='bbox 621 5883 890 5972; x_wconf 82' lang='lat' dir='ltr'><strong>cperatur.</strong></span> <span class='ocrx_word' id='word_1_433' title='bbox 911 5891 1194 5971; x_wconf 76' lang='lat' dir='ltr'><strong>Apostolus</strong></span> <span class='ocrx_word' id='word_1_434' title='bbox 1215 5883 1340 5956; x_wconf 81' lang='lat' dir='ltr'><strong>dicit</strong></span> <span class='ocrx_word' id='word_1_435' title='bbox 1370 5920 1382 5958; x_wconf 90' lang='lat'><strong>:</strong></span> <span class='ocrx_word' id='word_1_436' title='bbox 1419 5900 1484 5957; x_wconf 83' lang='lat' dir='ltr'><strong>Et</strong></span> <span class='ocrx_word' id='word_1_437' title='bbox 1509 5919 1592 5958; x_wconf 81' lang='lat' dir='ltr'><strong>vos</strong></span> <span class='ocrx_word' id='word_1_438' title='bbox 1617 5921 1730 5958; x_wconf 87' lang='lat' dir='ltr'><strong>cum</strong></span> <span class='ocrx_word' id='word_1_439' title='bbox 1759 5885 1892 5962; x_wconf 66' lang='lat' dir='ltr'><strong>essc-</strong></span> 
     </span>
    </p>
   </div>
   <div class='ocr_carea' id='block_1_61' title="bbox 1379 377 2568 474">
    <p class='ocr_par' dir='ltr' id='par_1_61' title="bbox 1379 377 2568 474">
     <span class='ocr_line' id='line_1_61' title="bbox 1379 377 2568 474; baseline 0.007 -13"><span class='ocrx_word' id='word_1_440' title='bbox 1379 399 1772 461; x_wconf 79' lang='lat' dir='ltr'><strong>ENARRATIO</strong></span> <span class='ocrx_word' id='word_1_441' title='bbox 1810 399 1876 462; x_wconf 79' lang='lat' dir='ltr'><strong>IN</strong></span> <span class='ocrx_word' id='word_1_442' title='bbox 1914 377 2245 474; x_wconf 64' lang='lat' dir='ltr'><strong>Postumi</strong></span> <span class='ocrx_word' id='word_1_443' title='bbox 2282 405 2568 472; x_wconf 73' lang='lat' dir='ltr'><strong>cum.</strong></span> 
     </span>
    </p>
   </div>
   <div class='ocr_carea' id='block_1_62' title="bbox 3488 424 3632 490">
    <p class='ocr_par' dir='ltr' id='par_1_62' title="bbox 3488 424 3632 490">
     <span class='ocr_line' id='line_1_62' title="bbox 3488 424 3632 490; baseline 0.007 -2"><span class='ocrx_word' id='word_1_444' title='bbox 3488 424 3632 490; x_wconf 66' lang='grc' dir='ltr'><strong><em>ΠΜ</em></strong></span> 
     </span>
    </p>
   </div>
   <div class='ocr_carea' id='block_1_63' title="bbox 2048 525 3627 606">
    <p class='ocr_par' dir='ltr' id='par_1_63' title="bbox 2048 525 3627 606">
     <span class='ocr_line' id='line_1_63' title="bbox 2048 525 3627 606; baseline 0.016 -28"><span class='ocrx_word' id='word_1_445' title='bbox 2048 525 2112 579; x_wconf 86' lang='lat' dir='ltr'><strong>tis</strong></span> <span class='ocrx_word' id='word_1_446' title='bbox 2140 529 2325 582; x_wconf 81' lang='lat' dir='ltr'><strong>mortui</strong></span> <span class='ocrx_word' id='word_1_447' title='bbox 2351 530 2404 584; x_wconf 88' lang='lat' dir='ltr'><strong>in</strong></span> <span class='ocrx_word' id='word_1_448' title='bbox 2434 531 2631 589; x_wconf 81' lang='lat' dir='ltr'><strong>delictis</strong></span> <span class='ocrx_word' id='word_1_449' title='bbox 2649 541 2694 588; x_wconf 86' lang='lat' dir='ltr'><strong>et</strong></span> <span class='ocrx_word' id='word_1_450' title='bbox 2724 536 2941 604; x_wconf 73' lang='lat' dir='ltr'><strong>pereatis</strong></span> <span class='ocrx_word' id='word_1_451' title='bbox 2968 539 3163 606; x_wconf 70' lang='lat' dir='ltr'><strong>nostris,</strong></span> <span class='ocrx_word' id='word_1_452' title='bbox 3191 556 3307 597; x_wconf 78' lang='lat' dir='ltr'><strong>cum</strong></span> <span class='ocrx_word' id='word_1_453' title='bbox 3326 543 3554 601; x_wconf 69' lang='lat' dir='ltr'><strong>viveretis</strong></span> <span class='ocrx_word' id='word_1_454' title='bbox 3572 548 3627 604; x_wconf 81' lang='lat' dir='ltr'><strong>its</strong></span> 
     </span>
    </p>
   </div>
   <div class='ocr_carea' id='block_1_64' title="bbox 2043 619 3629 708">
    <p class='ocr_par' dir='ltr' id='par_1_64' title="bbox 2043 619 3629 708">
     <span class='ocr_line' id='line_1_64' title="bbox 2043 619 3629 708; baseline 0.016 -37"><span class='ocrx_word' id='word_1_455' title='bbox 2043 619 2145 673; x_wconf 80' lang='lat' dir='ltr'><strong>illis</strong></span> <span class='ocrx_word' id='word_1_456' title='bbox 2169 625 2445 680; x_wconf 75' lang='lat' dir='ltr'><strong>secundum</strong></span> <span class='ocrx_word' id='word_1_457' title='bbox 2473 629 2713 685; x_wconf 83' lang='lat' dir='ltr'><strong>stecnlum</strong></span> <span class='ocrx_word' id='word_1_458' title='bbox 2745 633 2920 687; x_wconf 85' lang='lat' dir='ltr'><strong>mundi</strong></span> <span class='ocrx_word' id='word_1_459' title='bbox 2961 634 3133 705; x_wconf 73' lang='lat' dir='ltr'><strong>hujus,</strong></span> <span class='ocrx_word' id='word_1_460' title='bbox 3162 639 3437 696; x_wconf 79' lang='lat' dir='ltr'><strong>secundum</strong></span> <span class='ocrx_word' id='word_1_461' title='bbox 3480 642 3629 708; x_wconf 77' lang='lat' dir='ltr'><strong>prin-</strong></span> 
     </span>
    </p>
   </div>
   <div class='ocr_carea' id='block_1_65' title="bbox 2043 711 3619 800">
    <p class='ocr_par' dir='ltr' id='par_1_65' title="bbox 2043 711 3619 800">
     <span class='ocr_line' id='line_1_65' title="bbox 2043 711 3619 800; baseline 0.013 -32"><span class='ocrx_word' id='word_1_462' title='bbox 2043 711 2208 782; x_wconf 71' lang='lat' dir='ltr'><strong>cipem</strong></span> <span class='ocrx_word' id='word_1_463' title='bbox 2229 719 2487 785; x_wconf 78' lang='lat' dir='ltr'><strong>potestatis</strong></span> <span class='ocrx_word' id='word_1_464' title='bbox 2512 721 2644 775; x_wconf 82' lang='lat' dir='ltr'><strong>aeris</strong></span> <span class='ocrx_word' id='word_1_465' title='bbox 2672 724 2843 788; x_wconf 83' lang='lat' dir='ltr'><strong>huius,</strong></span> <span class='ocrx_word' id='word_1_466' title='bbox 2866 726 3076 795; x_wconf 84' lang='lat' dir='ltr'><strong>spiritus</strong></span> <span class='ocrx_word' id='word_1_467' title='bbox 3101 731 3186 797; x_wconf 85' lang='lat' dir='ltr'><strong>qui</strong></span> <span class='ocrx_word' id='word_1_468' title='bbox 3216 747 3350 785; x_wconf 83' lang='lat' dir='ltr'><strong>nunc</strong></span> <span class='ocrx_word' id='word_1_469' title='bbox 3376 745 3619 800; x_wconf 73' lang='lat' dir='ltr'><strong>operatur</strong></span> 
     </span>
    </p>
   </div>
   <div class='ocr_carea' id='block_1_66' title="bbox 2042 804 3622 894">
    <p class='ocr_par' dir='ltr' id='par_1_66' title="bbox 2042 804 3622 894">
     <span class='ocr_line' id='line_1_66' title="bbox 2042 804 3622 894; baseline 0.016 -38"><span class='ocrx_word' id='word_1_470' title='bbox 2042 804 2096 858; x_wconf 88' lang='lat' dir='ltr'><strong>in</strong></span> <span class='ocrx_word' id='word_1_471' title='bbox 2123 804 2244 872; x_wconf 77' lang='lat' dir='ltr'><strong>ﬁliis</strong></span> <span class='ocrx_word' id='word_1_472' title='bbox 2263 806 2569 878; x_wconf 59' lang='lat' dir='ltr'><strong>diﬁdetuiat,</strong></span> <span class='ocrx_word' id='word_1_473' title='bbox 2603 812 2657 867; x_wconf 92' lang='lat' dir='ltr'><strong>in</strong></span> <span class='ocrx_word' id='word_1_474' title='bbox 2681 814 2860 884; x_wconf 81' lang='lat' dir='ltr'><strong>quibus</strong></span> <span class='ocrx_word' id='word_1_475' title='bbox 2888 827 2933 872; x_wconf 84' lang='lat' dir='ltr'><strong>st</strong></span> <span class='ocrx_word' id='word_1_476' title='bbox 2962 834 3072 883; x_wconf 86' lang='lat' dir='ltr'><strong>nos,</strong></span> <span class='ocrx_word' id='word_1_477' title='bbox 3103 820 3273 890; x_wconf 85' lang='lat' dir='ltr'><strong>inquit</strong></span> <span class='ocrx_word' id='word_1_478' title='bbox 3297 865 3312 889; x_wconf 94' lang='lat'><strong>,</strong></span> <span class='ocrx_word' id='word_1_479' title='bbox 3342 824 3622 894; x_wconf 78' lang='lat' dir='ltr'><strong>aliquando</strong></span> 
     </span>
    </p>
   </div>
   <div class='ocr_carea' id='block_1_67' title="bbox 2042 899 3624 980">
    <p class='ocr_par' dir='ltr' id='par_1_67' title="bbox 2042 899 3624 980">
     <span class='ocr_line' id='line_1_67' title="bbox 2042 899 3624 980; baseline 0.012 -28"><span class='ocrx_word' id='word_1_480' title='bbox 2042 899 2321 956; x_wconf 79' lang='lat' dir='ltr'><strong>conumati</strong></span> <span class='ocrx_word' id='word_1_481' title='bbox 2341 916 2517 956; x_wconf 86' lang='lat' dir='ltr'><strong>snnms</strong></span> <span class='ocrx_word' id='word_1_482' title='bbox 2543 902 2757 973; x_wconf 78' lang='lat' dir='ltr'><strong>(Ep/tes.</strong></span> <span class='ocrx_word' id='word_1_483' title='bbox 2789 923 2844 972; x_wconf 94' lang='lat' dir='ltr'><strong>u,</strong></span> <span class='ocrx_word' id='word_1_484' title='bbox 2878 910 3020 980; x_wconf 79' lang='grc'><strong>1-5).</strong></span> <span class='ocrx_word' id='word_1_485' title='bbox 3051 911 3294 969; x_wconf 56' lang='lat' dir='ltr'><strong>Ostendit</strong></span> <span class='ocrx_word' id='word_1_486' title='bbox 3321 930 3380 970; x_wconf 87' lang='lat' dir='ltr'><strong>sc</strong></span> <span class='ocrx_word' id='word_1_487' title='bbox 3407 917 3624 980; x_wconf 49' lang='lat' dir='ltr'><strong>redemi-</strong></span> 
     </span>
    </p>
   </div>
   <div class='ocr_carea' id='block_1_68' title="bbox 2044 991 3627 1072">
    <p class='ocr_par' dir='ltr' id='par_1_68' title="bbox 2044 991 3627 1072">
     <span class='ocr_line' id='line_1_68' title="bbox 2044 991 3627 1072; baseline 0.016 -29"><span class='ocrx_word' id='word_1_488' title='bbox 2044 996 2192 1058; x_wconf 91' lang='lat' dir='ltr'><strong>ptnm</strong></span> <span class='ocrx_word' id='word_1_489' title='bbox 2245 991 2312 1049; x_wconf 90' lang='lat' dir='ltr'><strong>de</strong></span> <span class='ocrx_word' id='word_1_490' title='bbox 2361 993 2647 1068; x_wconf 81' lang='lat' dir='ltr'><strong>Babylonia</strong></span> <span class='ocrx_word' id='word_1_491' title='bbox 2687 1002 2914 1072; x_wconf 65' lang='lat' dir='ltr'><strong>«spisse</strong></span> <span class='ocrx_word' id='word_1_492' title='bbox 2951 1004 3060 1071; x_wconf 73' lang='lat' dir='ltr'><strong>iam</strong></span> <span class='ocrx_word' id='word_1_493' title='bbox 3104 1008 3272 1062; x_wconf 82' lang='lat' dir='ltr'><strong>exire.</strong></span> <span class='ocrx_word' id='word_1_494' title='bbox 3316 1009 3421 1064; x_wconf 78' lang='lat' dir='ltr'><strong>Sed</strong></span> <span class='ocrx_word' id='word_1_495' title='bbox 3451 1020 3627 1069; x_wconf 86' lang='lat' dir='ltr'><strong>tamen</strong></span> 
     </span>
    </p>
   </div>
   <div class='ocr_carea' id='block_1_69' title="bbox 2043 1080 3628 1160">
    <p class='ocr_par' dir='ltr' id='par_1_69' title="bbox 2043 1080 3628 1160">
     <span class='ocr_line' id='line_1_69' title="bbox 2043 1080 3628 1160; baseline 0.016 -26"><span class='ocrx_word' id='word_1_496' title='bbox 2043 1080 2216 1138; x_wconf 85' lang='lat' dir='ltr'><strong>adhuc</strong></span> <span class='ocrx_word' id='word_1_497' title='bbox 2247 1084 2371 1154; x_wconf 91' lang='lat' dir='ltr'><strong>quid</strong></span> <span class='ocrx_word' id='word_1_498' title='bbox 2401 1085 2530 1146; x_wconf 87' lang='lat' dir='ltr'><strong>dicit</strong></span> <span class='ocrx_word' id='word_1_499' title='bbox 2552 1089 2577 1143; x_wconf 83' lang='lat'><strong>?</strong></span> <span class='ocrx_word' id='word_1_500' title='bbox 2599 1090 2732 1160; x_wconf 80' lang='lat' dir='ltr'><strong>Quia</strong></span> <span class='ocrx_word' id='word_1_501' title='bbox 2773 1108 2898 1152; x_wconf 83' lang='lat' dir='ltr'><strong>cum</strong></span> <span class='ocrx_word' id='word_1_502' title='bbox 2943 1094 3184 1154; x_wconf 87' lang='lat' dir='ltr'><strong>hostibus</strong></span> <span class='ocrx_word' id='word_1_503' title='bbox 3218 1102 3418 1158; x_wconf 85' lang='lat' dir='ltr'><strong>nostris</strong></span> <span class='ocrx_word' id='word_1_504' title='bbox 3442 1103 3628 1160; x_wconf 78' lang='lat' dir='ltr'><strong>confli-</strong></span> 
     </span>
    </p>
   </div>
   <div class='ocr_carea' id='block_1_70' title="bbox 2043 1171 3626 1264">
    <p class='ocr_par' dir='ltr' id='par_1_70' title="bbox 2043 1171 3626 1264">
     <span class='ocr_line' id='line_1_70' title="bbox 2043 1171 3626 1264; baseline 0.016 -40"><span class='ocrx_word' id='word_1_505' title='bbox 2043 1171 2232 1241; x_wconf 56' lang='lat' dir='ltr'><strong>pimus.</strong></span> <span class='ocrx_word' id='word_1_506' title='bbox 2268 1174 2338 1232; x_wconf 82' lang='lat' dir='ltr'><strong>Et</strong></span> <span class='ocrx_word' id='word_1_507' title='bbox 2380 1192 2449 1233; x_wconf 85' lang='lat' dir='ltr'><strong>ne</strong></span> <span class='ocrx_word' id='word_1_508' title='bbox 2479 1180 2770 1238; x_wconf 84' lang='lat' dir='ltr'><strong>irascamur</strong></span> <span class='ocrx_word' id='word_1_509' title='bbox 2816 1184 3118 1243; x_wconf 85' lang='lat' dir='ltr'><strong>hominibus</strong></span> <span class='ocrx_word' id='word_1_510' title='bbox 3141 1190 3231 1260; x_wconf 90' lang='lat' dir='ltr'><strong>qui</strong></span> <span class='ocrx_word' id='word_1_511' title='bbox 3276 1193 3428 1246; x_wconf 69' lang='lat' dir='ltr'><strong>turbis</strong></span> <span class='ocrx_word' id='word_1_512' title='bbox 3469 1193 3626 1264; x_wconf 67' lang='lat' dir='ltr'><strong>iuge-</strong></span> 
     </span>
    </p>
   </div>
   <div class='ocr_carea' id='block_1_71' title="bbox 2043 1270 3626 1353">
    <p class='ocr_par' dir='ltr' id='par_1_71' title="bbox 2043 1270 3626 1353">
     <span class='ocr_line' id='line_1_71' title="bbox 2043 1270 3626 1353; baseline 0.014 -32"><span class='ocrx_word' id='word_1_513' title='bbox 2043 1275 2169 1324; x_wconf 88' lang='lat' dir='ltr'><strong>runt</strong></span> <span class='ocrx_word' id='word_1_514' title='bbox 2219 1270 2642 1340; x_wconf 81' lang='lat' dir='ltr'><strong>persecutiones,</strong></span> <span class='ocrx_word' id='word_1_515' title='bbox 2689 1275 2811 1332; x_wconf 88' lang='lat' dir='ltr'><strong>tulit</strong></span> <span class='ocrx_word' id='word_1_516' title='bbox 2839 1277 3186 1335; x_wconf 83' lang='lat' dir='ltr'><strong>intentionem</strong></span> <span class='ocrx_word' id='word_1_517' title='bbox 3215 1293 3449 1344; x_wconf 78' lang='lat' dir='ltr'><strong>nostram</strong></span> <span class='ocrx_word' id='word_1_518' title='bbox 3479 1286 3626 1353; x_wconf 80' lang='lat' dir='ltr'><strong>Apo-</strong></span> 
     </span>
    </p>
   </div>
   <div class='ocr_carea' id='block_1_72' title="bbox 2043 1355 3626 1446">
    <p class='ocr_par' dir='ltr' id='par_1_72' title="bbox 2043 1355 3626 1446">
     <span class='ocr_line' id='line_1_72' title="bbox 2043 1355 3626 1446; baseline 0.013 -34"><span class='ocrx_word' id='word_1_519' title='bbox 2043 1355 2214 1412; x_wconf 82' lang='lat' dir='ltr'><strong>stolus</strong></span> <span class='ocrx_word' id='word_1_520' title='bbox 2235 1359 2302 1414; x_wconf 88' lang='lat' dir='ltr'><strong>ab</strong></span> <span class='ocrx_word' id='word_1_521' title='bbox 2318 1360 2442 1417; x_wconf 88' lang='lat' dir='ltr'><strong>odio</strong></span> <span class='ocrx_word' id='word_1_522' title='bbox 2460 1362 2756 1427; x_wconf 79' lang='lat' dir='ltr'><strong>hominum.</strong></span> <span class='ocrx_word' id='word_1_523' title='bbox 2785 1377 2839 1424; x_wconf 91' lang='lat' dir='ltr'><strong>et</strong></span> <span class='ocrx_word' id='word_1_524' title='bbox 2859 1369 3057 1425; x_wconf 81' lang='lat' dir='ltr'><strong>direxit</strong></span> <span class='ocrx_word' id='word_1_525' title='bbox 3077 1372 3129 1426; x_wconf 92' lang='lat' dir='ltr'><strong>in</strong></span> <span class='ocrx_word' id='word_1_526' title='bbox 3157 1373 3352 1429; x_wconf 75' lang='lat' dir='ltr'><strong>luctum</strong></span> <span class='ocrx_word' id='word_1_527' title='bbox 3377 1390 3626 1446; x_wconf 86' lang='lat' dir='ltr'><strong>quorum-</strong></span> 
     </span>
    </p>
   </div>
   <div class='ocr_carea' id='block_1_73' title="bbox 2043 1449 3624 1536">
    <p class='ocr_par' dir='ltr' id='par_1_73' title="bbox 2043 1449 3624 1536">
     <span class='ocr_line' id='line_1_73' title="bbox 2043 1449 3624 1536; baseline 0.013 -32"><span class='ocrx_word' id='word_1_528' title='bbox 2043 1449 2164 1510; x_wconf 86' lang='lat' dir='ltr'><strong>dam</strong></span> <span class='ocrx_word' id='word_1_529' title='bbox 2191 1451 2495 1522; x_wconf 88' lang='lat' dir='ltr'><strong>spiritnum,</strong></span> <span class='ocrx_word' id='word_1_530' title='bbox 2525 1472 2660 1526; x_wconf 83' lang='lat' dir='ltr'><strong>quos</strong></span> <span class='ocrx_word' id='word_1_531' title='bbox 2682 1475 2786 1515; x_wconf 89' lang='lat' dir='ltr'><strong>non</strong></span> <span class='ocrx_word' id='word_1_532' title='bbox 2819 1460 3080 1528; x_wconf 80' lang='lat' dir='ltr'><strong>videmus,</strong></span> <span class='ocrx_word' id='word_1_533' title='bbox 3103 1474 3158 1520; x_wconf 90' lang='lat' dir='ltr'><strong>et</strong></span> <span class='ocrx_word' id='word_1_534' title='bbox 3185 1481 3306 1520; x_wconf 88' lang='lat' dir='ltr'><strong>cum</strong></span> <span class='ocrx_word' id='word_1_535' title='bbox 3335 1466 3464 1536; x_wconf 83' lang='lat' dir='ltr'><strong>ipsis</strong></span> <span class='ocrx_word' id='word_1_536' title='bbox 3485 1483 3624 1524; x_wconf 83' lang='lat' dir='ltr'><strong>con-</strong></span> 
     </span>
    </p>
   </div>
   <div class='ocr_carea' id='block_1_74' title="bbox 2044 1541 3616 1617">
    <p class='ocr_par' dir='ltr' id='par_1_74' title="bbox 2044 1541 3616 1617">
     <span class='ocr_line' id='line_1_74' title="bbox 2044 1541 3616 1617; baseline 0.013 -21"><span class='ocrx_word' id='word_1_537' title='bbox 2044 1541 2294 1613; x_wconf 76' lang='lat' dir='ltr'><strong>ﬂigimus.</strong></span> <span class='ocrx_word' id='word_1_538' title='bbox 2321 1547 2408 1602; x_wconf 76' lang='lat' dir='ltr'><strong>Ait</strong></span> <span class='ocrx_word' id='word_1_539' title='bbox 2433 1548 2610 1604; x_wconf 88' lang='lat' dir='ltr'><strong>enim:</strong></span> <span class='ocrx_word' id='word_1_540' title='bbox 2647 1549 2770 1607; x_wconf 83' lang='lat' dir='ltr'><strong>Non</strong></span> <span class='ocrx_word' id='word_1_541' title='bbox 2793 1561 2863 1608; x_wconf 83' lang='lat' dir='ltr'><strong>est</strong></span> <span class='ocrx_word' id='word_1_542' title='bbox 2888 1555 3024 1610; x_wconf 75' lang='lat' dir='ltr'><strong>nobis</strong></span> <span class='ocrx_word' id='word_1_543' title='bbox 3051 1556 3341 1612; x_wconf 81' lang='lat' dir='ltr'><strong>colluctatio</strong></span> <span class='ocrx_word' id='word_1_544' title='bbox 3372 1559 3616 1617; x_wconf 81' lang='lat' dir='ltr'><strong>aduersus</strong></span> 
     </span>
    </p>
   </div>
   <div class='ocr_carea' id='block_1_75' title="bbox 2042 1642 3623 1723">
    <p class='ocr_par' dir='ltr' id='par_1_75' title="bbox 2042 1642 3623 1723">
     <span class='ocr_line' id='line_1_75' title="bbox 2042 1642 3623 1723; baseline 0.013 -34"><span class='ocrx_word' id='word_1_545' title='bbox 2042 1650 2244 1694; x_wconf 78' lang='lat' dir='ltr'><strong>carnem</strong></span> <span class='ocrx_word' id='word_1_546' title='bbox 2273 1648 2318 1704; x_wconf 73' lang='lat' dir='ltr'><strong>et</strong></span> <span class='ocrx_word' id='word_1_547' title='bbox 2344 1642 2640 1712; x_wconf 79' lang='lat' dir='ltr'><strong>sanguinem</strong></span> <span class='ocrx_word' id='word_1_548' title='bbox 2667 1659 2685 1707; x_wconf 90' lang='lat'><strong>;</strong></span> <span class='ocrx_word' id='word_1_549' title='bbox 2723 1644 2772 1699; x_wconf 91' lang='lat' dir='ltr'><strong>id</strong></span> <span class='ocrx_word' id='word_1_550' title='bbox 2800 1655 2901 1710; x_wconf 88' lang='lat' dir='ltr'><strong>est,</strong></span> <span class='ocrx_word' id='word_1_551' title='bbox 2927 1647 3185 1712; x_wconf 83' lang='lat' dir='ltr'><strong>adversus</strong></span> <span class='ocrx_word' id='word_1_552' title='bbox 3215 1649 3460 1706; x_wconf 73' lang='lat' dir='ltr'><strong>homines</strong></span> <span class='ocrx_word' id='word_1_553' title='bbox 3488 1667 3623 1723; x_wconf 79' lang='lat' dir='ltr'><strong>quos</strong></span> 
     </span>
    </p>
   </div>
   <div class='ocr_carea' id='block_1_76' title="bbox 2042 1728 3628 1814">
    <p class='ocr_par' dir='ltr' id='par_1_76' title="bbox 2042 1728 3628 1814">
     <span class='ocr_line' id='line_1_76' title="bbox 2042 1728 3628 1814; baseline 0.011 -33"><span class='ocrx_word' id='word_1_554' title='bbox 2042 1728 2256 1793; x_wconf 75' lang='lat' dir='ltr'><strong>videtis,</strong></span> <span class='ocrx_word' id='word_1_555' title='bbox 2283 1747 2314 1786; x_wconf 86' lang='lat' dir='ltr'><strong>a</strong></span> <span class='ocrx_word' id='word_1_556' title='bbox 2345 1734 2537 1804; x_wconf 83' lang='lat' dir='ltr'><strong>quibus</strong></span> <span class='ocrx_word' id='word_1_557' title='bbox 2587 1737 2726 1792; x_wconf 82' lang='lat' dir='ltr'><strong>mala</strong></span> <span class='ocrx_word' id='word_1_558' title='bbox 2754 1738 3002 1794; x_wconf 63' lang='lat' dir='ltr'><strong>vida-mini</strong></span> <span class='ocrx_word' id='word_1_559' title='bbox 3033 1741 3139 1812; x_wconf 87' lang='lat' dir='ltr'><strong>pati</strong></span> <span class='ocrx_word' id='word_1_560' title='bbox 3167 1784 3180 1806; x_wconf 90' lang='lat'><strong>,</strong></span> <span class='ocrx_word' id='word_1_561' title='bbox 3208 1744 3298 1814; x_wconf 89' lang='lat' dir='ltr'><strong>qui</strong></span> <span class='ocrx_word' id='word_1_562' title='bbox 3329 1745 3479 1800; x_wconf 85' lang='lat' dir='ltr'><strong>vobis</strong></span> <span class='ocrx_word' id='word_1_563' title='bbox 3525 1745 3628 1799; x_wconf 84' lang='lat' dir='ltr'><strong>im-</strong></span> 
     </span>
    </p>
   </div>
   <div class='ocr_carea' id='block_1_77' title="bbox 2044 1828 3628 1906">
    <p class='ocr_par' dir='ltr' id='par_1_77' title="bbox 2044 1828 3628 1906">
     <span class='ocr_line' id='line_1_77' title="bbox 2044 1828 3628 1906; baseline 0.011 -32"><span class='ocrx_word' id='word_1_564' title='bbox 2044 1832 2256 1890; x_wconf 77' lang='lat' dir='ltr'><strong>portant</strong></span> <span class='ocrx_word' id='word_1_565' title='bbox 2303 1828 2701 1894; x_wconf 81' lang='lat' dir='ltr'><strong>perseculioncs</strong></span> <span class='ocrx_word' id='word_1_566' title='bbox 2728 1847 2742 1884; x_wconf 89' lang='lat'><strong>:</strong></span> <span class='ocrx_word' id='word_1_567' title='bbox 2770 1847 2890 1886; x_wconf 90' lang='lat' dir='ltr'><strong>nam</strong></span> <span class='ocrx_word' id='word_1_568' title='bbox 2919 1848 3015 1902; x_wconf 89' lang='lat' dir='ltr'><strong>pro</strong></span> <span class='ocrx_word' id='word_1_569' title='bbox 3043 1833 3170 1902; x_wconf 87' lang='lat' dir='ltr'><strong>ipsis</strong></span> <span class='ocrx_word' id='word_1_570' title='bbox 3194 1849 3350 1889; x_wconf 86' lang='lat' dir='ltr'><strong>orare</strong></span> <span class='ocrx_word' id='word_1_571' title='bbox 3374 1836 3628 1906; x_wconf 77' lang='lat' dir='ltr'><strong>praecepti</strong></span> 
     </span>
    </p>
   </div>
   <div class='ocr_carea' id='block_1_78' title="bbox 2043 1914 3626 1992">
    <p class='ocr_par' dir='ltr' id='par_1_78' title="bbox 2043 1914 3626 1992">
     <span class='ocr_line' id='line_1_78' title="bbox 2043 1914 3626 1992; baseline 0.009 -25"><span class='ocrx_word' id='word_1_572' title='bbox 2043 1927 2249 1970; x_wconf 90' lang='lat' dir='ltr'><strong>sumus.</strong></span> <span class='ocrx_word' id='word_1_573' title='bbox 2281 1914 2404 1971; x_wconf 83' lang='lat' dir='ltr'><strong>Non</strong></span> <span class='ocrx_word' id='word_1_574' title='bbox 2429 1929 2500 1972; x_wconf 84' lang='lat' dir='ltr'><strong>est</strong></span> <span class='ocrx_word' id='word_1_575' title='bbox 2523 1919 2680 1985; x_wconf 74' lang='lat' dir='ltr'><strong>vobis,</strong></span> <span class='ocrx_word' id='word_1_576' title='bbox 2715 1921 2904 1992; x_wconf 90' lang='lat' dir='ltr'><strong>inquit,</strong></span> <span class='ocrx_word' id='word_1_577' title='bbox 2932 1925 3222 1980; x_wconf 84' lang='lat' dir='ltr'><strong>colluctatio</strong></span> <span class='ocrx_word' id='word_1_578' title='bbox 3249 1926 3488 1980; x_wconf 76' lang='lat' dir='ltr'><strong>adversus</strong></span> <span class='ocrx_word' id='word_1_579' title='bbox 3507 1943 3626 1981; x_wconf 84' lang='lat' dir='ltr'><strong>car-</strong></span> 
     </span>
    </p>
   </div>
   <div class='ocr_carea' id='block_1_79' title="bbox 2044 2012 3629 2082">
    <p class='ocr_par' dir='ltr' id='par_1_79' title="bbox 2044 2012 3629 2082">
     <span class='ocr_line' id='line_1_79' title="bbox 2044 2012 3629 2082; baseline 0.009 -23"><span class='ocrx_word' id='word_1_580' title='bbox 2044 2022 2159 2060; x_wconf 73' lang='lat' dir='ltr'><strong>item</strong></span> <span class='ocrx_word' id='word_1_581' title='bbox 2187 2018 2234 2062; x_wconf 76' lang='lat' dir='ltr'><strong>et</strong></span> <span class='ocrx_word' id='word_1_582' title='bbox 2270 2012 2589 2082; x_wconf 73' lang='lat' dir='ltr'><strong>sanguinem,</strong></span> <span class='ocrx_word' id='word_1_583' title='bbox 2622 2014 2670 2066; x_wconf 90' lang='lat' dir='ltr'><strong>id</strong></span> <span class='ocrx_word' id='word_1_584' title='bbox 2702 2024 2805 2080; x_wconf 77' lang='lat' dir='ltr'><strong>est,</strong></span> <span class='ocrx_word' id='word_1_585' title='bbox 2836 2015 3095 2072; x_wconf 85' lang='lat' dir='ltr'><strong>adversus</strong></span> <span class='ocrx_word' id='word_1_586' title='bbox 3121 2017 3397 2081; x_wconf 84' lang='lat' dir='ltr'><strong>homines;</strong></span> <span class='ocrx_word' id='word_1_587' title='bbox 3423 2018 3512 2073; x_wconf 81' lang='lat' dir='ltr'><strong>sed</strong></span> <span class='ocrx_word' id='word_1_588' title='bbox 3535 2018 3629 2072; x_wconf 79' lang='lat' dir='ltr'><strong>ad-</strong></span> 
     </span>
    </p>
   </div>
   <div class='ocr_carea' id='block_1_80' title="bbox 2041 2103 3627 2172">
    <p class='ocr_par' dir='ltr' id='par_1_80' title="bbox 2041 2103 3627 2172">
     <span class='ocr_line' id='line_1_80' title="bbox 2041 2103 3627 2172; baseline 0.008 -20"><span class='ocrx_word' id='word_1_589' title='bbox 2041 2113 2210 2153; x_wconf 78' lang='lat' dir='ltr'><strong>uersus</strong></span> <span class='ocrx_word' id='word_1_590' title='bbox 2257 2103 2528 2170; x_wconf 78' lang='lat' dir='ltr'><strong>principes,</strong></span> <span class='ocrx_word' id='word_1_591' title='bbox 2561 2113 2609 2158; x_wconf 82' lang='lat' dir='ltr'><strong>et</strong></span> <span class='ocrx_word' id='word_1_592' title='bbox 2635 2114 2899 2172; x_wconf 77' lang='lat' dir='ltr'><strong>potestates</strong></span> <span class='ocrx_word' id='word_1_593' title='bbox 2923 2148 2936 2172; x_wconf 90' lang='lat'><strong>,</strong></span> <span class='ocrx_word' id='word_1_594' title='bbox 2970 2117 3018 2159; x_wconf 79' lang='lat' dir='ltr'><strong>ct</strong></span> <span class='ocrx_word' id='word_1_595' title='bbox 3040 2117 3256 2161; x_wconf 83' lang='lat' dir='ltr'><strong>rectores</strong></span> <span class='ocrx_word' id='word_1_596' title='bbox 3286 2109 3462 2162; x_wconf 84' lang='lat' dir='ltr'><strong>mundi</strong></span> <span class='ocrx_word' id='word_1_597' title='bbox 3487 2120 3627 2164; x_wconf 80' lang='lat' dir='ltr'><strong>tene-</strong></span> 
     </span>
    </p>
   </div>
   <div class='ocr_carea' id='block_1_81' title="bbox 2041 2189 3626 2269">
    <p class='ocr_par' dir='ltr' id='par_1_81' title="bbox 2041 2189 3626 2269">
     <span class='ocr_line' id='line_1_81' title="bbox 2041 2189 3626 2269; baseline 0.006 -23"><span class='ocrx_word' id='word_1_598' title='bbox 2041 2189 2244 2246; x_wconf 81' lang='lat' dir='ltr'><strong>brarum</strong></span> <span class='ocrx_word' id='word_1_599' title='bbox 2291 2192 2472 2248; x_wconf 75' lang='lat' dir='ltr'><strong>Irarum</strong></span> <span class='ocrx_word' id='word_1_600' title='bbox 2499 2194 2621 2258; x_wconf 88' lang='lat' dir='ltr'><strong>(Id.</strong></span> <span class='ocrx_word' id='word_1_601' title='bbox 2654 2213 2726 2262; x_wconf 83' lang='lat' dir='ltr'><strong>vt,</strong></span> <span class='ocrx_word' id='word_1_602' title='bbox 2760 2197 2828 2252; x_wconf 64' lang='lat' dir='ltr'><strong>ii</strong></span> <span class='ocrx_word' id='word_1_603' title='bbox 2848 2198 2888 2269; x_wconf 82' lang='lat'><strong>).</strong></span> <span class='ocrx_word' id='word_1_604' title='bbox 2929 2199 3068 2266; x_wconf 86' lang='lat' dir='ltr'><strong>Quid</strong></span> <span class='ocrx_word' id='word_1_605' title='bbox 3097 2201 3254 2266; x_wconf 80' lang='lat' dir='ltr'><strong>dixit,</strong></span> <span class='ocrx_word' id='word_1_606' title='bbox 3283 2201 3460 2255; x_wconf 82' lang='lat' dir='ltr'><strong>mundi</strong></span> <span class='ocrx_word' id='word_1_607' title='bbox 3480 2202 3507 2254; x_wconf 73' lang='grc' dir='ltr'><strong><em>Ρ</em></strong></span> <span class='ocrx_word' id='word_1_608' title='bbox 3534 2202 3626 2256; x_wconf 86' lang='lat' dir='ltr'><strong>Di-</strong></span> 
     </span>
    </p>
   </div>
   <div class='ocr_carea' id='block_1_82' title="bbox 2041 2284 3628 2360">
    <p class='ocr_par' dir='ltr' id='par_1_82' title="bbox 2041 2284 3628 2360">
     <span class='ocr_line' id='line_1_82' title="bbox 2041 2284 3628 2360; baseline 0.008 -21"><span class='ocrx_word' id='word_1_609' title='bbox 2041 2284 2298 2342; x_wconf 86' lang='lat' dir='ltr'><strong>lectorum</strong></span> <span class='ocrx_word' id='word_1_610' title='bbox 2329 2288 2532 2342; x_wconf 83' lang='lat' dir='ltr'><strong>mundi.</strong></span> <span class='ocrx_word' id='word_1_611' title='bbox 2566 2289 2675 2344; x_wconf 84' lang='lat' dir='ltr'><strong>Hos</strong></span> <span class='ocrx_word' id='word_1_612' title='bbox 2700 2291 2985 2360; x_wconf 86' lang='lat' dir='ltr'><strong>appellavit</strong></span> <span class='ocrx_word' id='word_1_613' title='bbox 3029 2300 3085 2346; x_wconf 89' lang='lat' dir='ltr'><strong>et</strong></span> <span class='ocrx_word' id='word_1_614' title='bbox 3130 2293 3398 2358; x_wconf 82' lang='lat' dir='ltr'><strong>tenebras,</strong></span> <span class='ocrx_word' id='word_1_615' title='bbox 3453 2292 3503 2348; x_wconf 91' lang='lat' dir='ltr'><strong>id</strong></span> <span class='ocrx_word' id='word_1_616' title='bbox 3546 2301 3628 2352; x_wconf 86' lang='lat' dir='ltr'><strong>est</strong></span> 
     </span>
    </p>
   </div>
   <div class='ocr_carea' id='block_1_83' title="bbox 2041 2377 3629 2456">
    <p class='ocr_par' dir='ltr' id='par_1_83' title="bbox 2041 2377 3629 2456">
     <span class='ocr_line' id='line_1_83' title="bbox 2041 2377 3629 2456; baseline 0.008 -25"><span class='ocrx_word' id='word_1_617' title='bbox 2041 2377 2272 2448; x_wconf 81' lang='lat' dir='ltr'><strong>iniquos,</strong></span> <span class='ocrx_word' id='word_1_618' title='bbox 2300 2382 2609 2448; x_wconf 86' lang='lat' dir='ltr'><strong>sceleratos,</strong></span> <span class='ocrx_word' id='word_1_619' title='bbox 2647 2385 2906 2446; x_wconf 74' lang='lat' dir='ltr'><strong>inﬁdeles,</strong></span> <span class='ocrx_word' id='word_1_620' title='bbox 2935 2395 3239 2454; x_wconf 86' lang='lat' dir='ltr'><strong>peccatores</strong></span> <span class='ocrx_word' id='word_1_621' title='bbox 3263 2401 3276 2450; x_wconf 91' lang='lat'><strong>;</strong></span> <span class='ocrx_word' id='word_1_622' title='bbox 3307 2387 3499 2456; x_wconf 89' lang='lat' dir='ltr'><strong>quibus</strong></span> <span class='ocrx_word' id='word_1_623' title='bbox 3515 2387 3629 2456; x_wconf 87' lang='lat' dir='ltr'><strong>jam</strong></span> 
     </span>
    </p>
   </div>
   <div class='ocr_carea' id='block_1_84' title="bbox 2040 2471 3630 2544">
    <p class='ocr_par' dir='ltr' id='par_1_84' title="bbox 2040 2471 3630 2544">
     <span class='ocr_line' id='line_1_84' title="bbox 2040 2471 3630 2544; baseline 0.005 -19"><span class='ocrx_word' id='word_1_624' title='bbox 2040 2471 2380 2527; x_wconf 87' lang='lat' dir='ltr'><strong>credentibus</strong></span> <span class='ocrx_word' id='word_1_625' title='bbox 2425 2476 2718 2544; x_wconf 78' lang='lat' dir='ltr'><strong>gratulatur</strong></span> <span class='ocrx_word' id='word_1_626' title='bbox 2772 2475 2872 2530; x_wconf 89' lang='lat' dir='ltr'><strong>hoc</strong></span> <span class='ocrx_word' id='word_1_627' title='bbox 2904 2476 3080 2542; x_wconf 91' lang='lat' dir='ltr'><strong>modo,</strong></span> <span class='ocrx_word' id='word_1_628' title='bbox 3123 2487 3184 2532; x_wconf 90' lang='lat' dir='ltr'><strong>ut</strong></span> <span class='ocrx_word' id='word_1_629' title='bbox 3225 2477 3402 2532; x_wconf 90' lang='lat' dir='ltr'><strong>dicat:</strong></span> <span class='ocrx_word' id='word_1_630' title='bbox 3437 2477 3630 2533; x_wconf 81' lang='lat' dir='ltr'><strong>Fuistis</strong></span> 
     </span>
    </p>
   </div>
   <div class='ocr_carea' id='block_1_85' title="bbox 2039 2565 3627 2636">
    <p class='ocr_par' dir='ltr' id='par_1_85' title="bbox 2039 2565 3627 2636">
     <span class='ocr_line' id='line_1_85' title="bbox 2039 2565 3627 2636; baseline 0.003 -16"><span class='ocrx_word' id='word_1_631' title='bbox 2039 2565 2174 2624; x_wconf 78' lang='lat' dir='ltr'><strong>enim</strong></span> <span class='ocrx_word' id='word_1_632' title='bbox 2223 2565 2499 2636; x_wconf 73' lang='lat' dir='ltr'><strong>aliquando</strong></span> <span class='ocrx_word' id='word_1_633' title='bbox 2544 2570 2777 2632; x_wconf 63' lang='lat' dir='ltr'><strong>tenebris,</strong></span> <span class='ocrx_word' id='word_1_634' title='bbox 2820 2586 2955 2623; x_wconf 88' lang='lat' dir='ltr'><strong>nunc</strong></span> <span class='ocrx_word' id='word_1_635' title='bbox 2983 2579 3148 2623; x_wconf 84' lang='lat' dir='ltr'><strong>autem</strong></span> <span class='ocrx_word' id='word_1_636' title='bbox 3193 2570 3284 2623; x_wconf 82' lang='lat' dir='ltr'><strong>tua:</strong></span> <span class='ocrx_word' id='word_1_637' title='bbox 3309 2571 3364 2623; x_wconf 87' lang='lat' dir='ltr'><strong>in</strong></span> <span class='ocrx_word' id='word_1_638' title='bbox 3412 2568 3627 2626; x_wconf 82' lang='lat' dir='ltr'><strong>Domino</strong></span> 
     </span>
    </p>
   </div>
   <div class='ocr_carea' id='block_1_86' title="bbox 2039 2656 3626 2733">
    <p class='ocr_par' dir='ltr' id='par_1_86' title="bbox 2039 2656 3626 2733">
     <span class='ocr_line' id='line_1_86' title="bbox 2039 2656 3626 2733; baseline 0.006 -22"><span class='ocrx_word' id='word_1_639' title='bbox 2039 2656 2174 2730; x_wconf 84' lang='lat' dir='ltr'><strong>(Id.</strong></span> <span class='ocrx_word' id='word_1_640' title='bbox 2208 2675 2261 2722; x_wconf 81' lang='grc' dir='ltr'><strong>ν,</strong></span> <span class='ocrx_word' id='word_1_641' title='bbox 2293 2658 2388 2733; x_wconf 84' lang='grc'><strong>8).</strong></span> <span class='ocrx_word' id='word_1_642' title='bbox 2421 2661 2558 2731; x_wconf 75' lang='lat' dir='ltr'><strong>Ergo</strong></span> <span class='ocrx_word' id='word_1_643' title='bbox 2603 2662 2876 2716; x_wconf 87' lang='lat' dir='ltr'><strong>constituit</strong></span> <span class='ocrx_word' id='word_1_644' title='bbox 2919 2677 3014 2718; x_wconf 91' lang='lat' dir='ltr'><strong>nos</strong></span> <span class='ocrx_word' id='word_1_645' title='bbox 3056 2662 3252 2717; x_wconf 78' lang='lat' dir='ltr'><strong>luctum</strong></span> <span class='ocrx_word' id='word_1_646' title='bbox 3281 2662 3478 2719; x_wconf 81' lang='lat' dir='ltr'><strong>habere</strong></span> <span class='ocrx_word' id='word_1_647' title='bbox 3505 2679 3626 2722; x_wconf 88' lang='lat' dir='ltr'><strong>cum</strong></span> 
     </span>
    </p>
   </div>
   <div class='ocr_carea' id='block_1_87' title="bbox 2040 2750 3362 2824">
    <p class='ocr_par' dir='ltr' id='par_1_87' title="bbox 2040 2750 3362 2824">
     <span class='ocr_line' id='line_1_87' title="bbox 2040 2750 3362 2824; baseline 0.003 -20"><span class='ocrx_word' id='word_1_648' title='bbox 2040 2750 2144 2805; x_wconf 81' lang='lat' dir='ltr'><strong>illis</strong></span> <span class='ocrx_word' id='word_1_649' title='bbox 2167 2751 2496 2821; x_wconf 86' lang='lat' dir='ltr'><strong>principibus</strong></span> <span class='ocrx_word' id='word_1_650' title='bbox 2518 2770 2532 2817; x_wconf 91' lang='lat'><strong>;</strong></span> <span class='ocrx_word' id='word_1_651' title='bbox 2569 2754 2663 2823; x_wconf 89' lang='lat' dir='ltr'><strong>ipsi</strong></span> <span class='ocrx_word' id='word_1_652' title='bbox 2688 2769 2784 2808; x_wconf 84' lang='lat' dir='ltr'><strong>nos</strong></span> <span class='ocrx_word' id='word_1_653' title='bbox 2811 2754 3076 2810; x_wconf 77' lang='lat' dir='ltr'><strong>duxerunt</strong></span> <span class='ocrx_word' id='word_1_654' title='bbox 3101 2757 3362 2824; x_wconf 82' lang='lat' dir='ltr'><strong>captivos.</strong></span> 
     </span>
    </p>
   </div>
   <div class='ocr_carea' id='block_1_88' title="bbox 2111 2845 3626 2911">
    <p class='ocr_par' dir='ltr' id='par_1_88' title="bbox 2111 2845 3626 2911">
     <span class='ocr_line' id='line_1_88' title="bbox 2111 2845 3626 2911; baseline 0.003 -14"><span class='ocrx_word' id='word_1_655' title='bbox 2111 2847 2162 2900; x_wconf 92' lang='lat'><strong>9.</strong></span> <span class='ocrx_word' id='word_1_656' title='bbox 2199 2846 2478 2911; x_wconf 77' lang='lat' dir='ltr'><strong>Quomodo</strong></span> <span class='ocrx_word' id='word_1_657' title='bbox 2507 2855 2684 2902; x_wconf 88' lang='lat' dir='ltr'><strong>autem</strong></span> <span class='ocrx_word' id='word_1_658' title='bbox 2734 2845 2978 2900; x_wconf 88' lang='lat' dir='ltr'><strong>diabolus</strong></span> <span class='ocrx_word' id='word_1_659' title='bbox 3007 2847 3222 2900; x_wconf 87' lang='lat' dir='ltr'><strong>intravit</strong></span> <span class='ocrx_word' id='word_1_660' title='bbox 3270 2847 3320 2906; x_wconf 86' lang='lat' dir='ltr'><strong>in</strong></span> <span class='ocrx_word' id='word_1_661' title='bbox 3351 2861 3444 2901; x_wconf 79' lang='lat' dir='ltr'><strong>cor.</strong></span> <span class='ocrx_word' id='word_1_662' title='bbox 3474 2847 3626 2904; x_wconf 69' lang='lat' dir='ltr'><strong>ludat</strong></span> 
     </span>
    </p>
   </div>
   <div class='ocr_carea' id='block_1_89' title="bbox 2038 2935 3623 3011">
    <p class='ocr_par' dir='ltr' id='par_1_89' title="bbox 2038 2935 3623 3011">
     <span class='ocr_line' id='line_1_89' title="bbox 2038 2935 3623 3011; baseline 0.004 -22"><span class='ocrx_word' id='word_1_663' title='bbox 2038 2937 2058 3006; x_wconf 93' lang='lat'><strong>(</strong></span> <span class='ocrx_word' id='word_1_664' title='bbox 2082 2935 2240 2991; x_wconf 83' lang='lat' dir='ltr'><strong>Joan.</strong></span> <span class='ocrx_word' id='word_1_665' title='bbox 2273 2953 2391 3001; x_wconf 72' lang='lat' dir='ltr'><strong>stu,</strong></span> <span class='ocrx_word' id='word_1_666' title='bbox 2419 2938 2526 3011; x_wconf 68' lang='grc'><strong>27)</strong></span> <span class='ocrx_word' id='word_1_667' title='bbox 2549 2979 2562 2999; x_wconf 83' lang='grc'><strong>.</strong></span> <span class='ocrx_word' id='word_1_668' title='bbox 2597 2948 2653 2992; x_wconf 86' lang='grc' dir='ltr'><strong>ιιι</strong></span> <span class='ocrx_word' id='word_1_669' title='bbox 2679 2939 2914 2994; x_wconf 85' lang='lat' dir='ltr'><strong>traderet</strong></span> <span class='ocrx_word' id='word_1_670' title='bbox 2960 2940 3262 3005; x_wconf 89' lang='lat' dir='ltr'><strong>Dominum,</strong></span> <span class='ocrx_word' id='word_1_671' title='bbox 3308 2956 3412 2994; x_wconf 90' lang='lat' dir='ltr'><strong>non</strong></span> <span class='ocrx_word' id='word_1_672' title='bbox 3441 2950 3623 2996; x_wconf 84' lang='lat' dir='ltr'><strong>autem</strong></span> 
     </span>
    </p>
   </div>
   <div class='ocr_carea' id='block_1_90' title="bbox 2037 3028 3622 3094">
    <p class='ocr_par' dir='ltr' id='par_1_90' title="bbox 2037 3028 3622 3094">
     <span class='ocr_line' id='line_1_90' title="bbox 2037 3028 3622 3094; baseline 0.003 -13"><span class='ocrx_word' id='word_1_673' title='bbox 2037 3028 2280 3094; x_wconf 85' lang='lat' dir='ltr'><strong>intraret,</strong></span> <span class='ocrx_word' id='word_1_674' title='bbox 2309 3030 2406 3082; x_wconf 87' lang='lat' dir='ltr'><strong>nisi</strong></span> <span class='ocrx_word' id='word_1_675' title='bbox 2440 3030 2524 3082; x_wconf 90' lang='lat' dir='ltr'><strong>ille</strong></span> <span class='ocrx_word' id='word_1_676' title='bbox 2555 3030 2727 3084; x_wconf 89' lang='lat' dir='ltr'><strong>locum</strong></span> <span class='ocrx_word' id='word_1_677' title='bbox 2767 3030 2953 3094; x_wconf 83' lang='lat' dir='ltr'><strong>daret;</strong></span> <span class='ocrx_word' id='word_1_678' title='bbox 3004 3031 3082 3084; x_wconf 91' lang='lat' dir='ltr'><strong>sic</strong></span> <span class='ocrx_word' id='word_1_679' title='bbox 3113 3031 3260 3084; x_wconf 89' lang='lat' dir='ltr'><strong>multi</strong></span> <span class='ocrx_word' id='word_1_680' title='bbox 3297 3033 3422 3085; x_wconf 84' lang='lat' dir='ltr'><strong>ntali</strong></span> <span class='ocrx_word' id='word_1_681' title='bbox 3453 3032 3622 3092; x_wconf 84' lang='lat' dir='ltr'><strong>homi-</strong></span> 
     </span>
    </p>
   </div>
   <div class='ocr_carea' id='block_1_91' title="bbox 2036 3120 3622 3191">
    <p class='ocr_par' dir='ltr' id='par_1_91' title="bbox 2036 3120 3622 3191">
     <span class='ocr_line' id='line_1_91' title="bbox 2036 3120 3622 3191; baseline 0.004 -18"><span class='ocrx_word' id='word_1_682' title='bbox 2036 3135 2136 3175; x_wconf 87' lang='lat' dir='ltr'><strong>nes</strong></span> <span class='ocrx_word' id='word_1_683' title='bbox 2154 3120 2220 3173; x_wconf 81' lang='lat' dir='ltr'><strong>de</strong></span> <span class='ocrx_word' id='word_1_684' title='bbox 2247 3121 2419 3175; x_wconf 87' lang='lat' dir='ltr'><strong>media</strong></span> <span class='ocrx_word' id='word_1_685' title='bbox 2449 3121 2733 3191; x_wconf 76' lang='lat' dir='ltr'><strong>Babylonia</strong></span> <span class='ocrx_word' id='word_1_686' title='bbox 2768 3138 2861 3191; x_wconf 91' lang='lat' dir='ltr'><strong>per</strong></span> <span class='ocrx_word' id='word_1_687' title='bbox 2884 3121 3147 3176; x_wconf 84' lang='lat' dir='ltr'><strong>desideria</strong></span> <span class='ocrx_word' id='word_1_688' title='bbox 3173 3123 3402 3178; x_wconf 87' lang='lat' dir='ltr'><strong>carnalia</strong></span> <span class='ocrx_word' id='word_1_689' title='bbox 3431 3135 3486 3178; x_wconf 90' lang='lat' dir='ltr'><strong>et</strong></span> <span class='ocrx_word' id='word_1_690' title='bbox 3515 3125 3622 3179; x_wconf 89' lang='lat' dir='ltr'><strong>illt-</strong></span> 
     </span>
    </p>
   </div>
   <div class='ocr_carea' id='block_1_92' title="bbox 2035 3211 3622 3284">
    <p class='ocr_par' dir='ltr' id='par_1_92' title="bbox 2035 3211 3622 3284">
     <span class='ocr_line' id='line_1_92' title="bbox 2035 3211 3622 3284; baseline 0.003 -19"><span class='ocrx_word' id='word_1_691' title='bbox 2035 3211 2137 3265; x_wconf 89' lang='lat' dir='ltr'><strong>cita</strong></span> <span class='ocrx_word' id='word_1_692' title='bbox 2169 3212 2341 3265; x_wconf 84' lang='lat' dir='ltr'><strong>locum</strong></span> <span class='ocrx_word' id='word_1_693' title='bbox 2373 3212 2551 3265; x_wconf 82' lang='lat' dir='ltr'><strong>dando</strong></span> <span class='ocrx_word' id='word_1_694' title='bbox 2582 3213 2793 3266; x_wconf 85' lang='lat' dir='ltr'><strong>diabolo</strong></span> <span class='ocrx_word' id='word_1_695' title='bbox 2819 3222 2873 3266; x_wconf 91' lang='lat' dir='ltr'><strong>et</strong></span> <span class='ocrx_word' id='word_1_696' title='bbox 2904 3213 3107 3284; x_wconf 66' lang='lat' dir='ltr'><strong>angelis</strong></span> <span class='ocrx_word' id='word_1_697' title='bbox 3129 3213 3244 3282; x_wconf 74' lang='lat' dir='ltr'><strong>ejus</strong></span> <span class='ocrx_word' id='word_1_698' title='bbox 3289 3215 3340 3268; x_wconf 88' lang='lat' dir='ltr'><strong>in</strong></span> <span class='ocrx_word' id='word_1_699' title='bbox 3371 3216 3622 3284; x_wconf 82' lang='lat' dir='ltr'><strong>cordibus</strong></span> 
     </span>
    </p>
   </div>
   <div class='ocr_carea' id='block_1_93' title="bbox 2035 3303 3619 3376">
    <p class='ocr_par' dir='ltr' id='par_1_93' title="bbox 2035 3303 3619 3376">
     <span class='ocr_line' id='line_1_93' title="bbox 2035 3303 3619 3376; baseline 0.003 -18"><span class='ocrx_word' id='word_1_700' title='bbox 2035 3304 2166 3367; x_wconf 87' lang='lat' dir='ltr'><strong>suis,</strong></span> <span class='ocrx_word' id='word_1_701' title='bbox 2199 3315 2257 3358; x_wconf 90' lang='lat' dir='ltr'><strong>ut</strong></span> <span class='ocrx_word' id='word_1_702' title='bbox 2282 3303 2335 3358; x_wconf 90' lang='lat' dir='ltr'><strong>in</strong></span> <span class='ocrx_word' id='word_1_703' title='bbox 2380 3304 2486 3362; x_wconf 87' lang='lat' dir='ltr'><strong>illis</strong></span> <span class='ocrx_word' id='word_1_704' title='bbox 2510 3314 2564 3358; x_wconf 83' lang='lat' dir='ltr'><strong>et</strong></span> <span class='ocrx_word' id='word_1_705' title='bbox 2593 3306 2659 3359; x_wconf 80' lang='lat' dir='ltr'><strong>de</strong></span> <span class='ocrx_word' id='word_1_706' title='bbox 2692 3304 2796 3359; x_wconf 86' lang='lat' dir='ltr'><strong>illis</strong></span> <span class='ocrx_word' id='word_1_707' title='bbox 2821 3315 3092 3376; x_wconf 62' lang='lat' dir='ltr'><strong>opt-retur,</strong></span> <span class='ocrx_word' id='word_1_708' title='bbox 3132 3305 3419 3376; x_wconf 82' lang='lat' dir='ltr'><strong>aliquando</strong></span> <span class='ocrx_word' id='word_1_709' title='bbox 3449 3307 3619 3363; x_wconf 88' lang='lat' dir='ltr'><strong>inter-</strong></span> 
     </span>
    </p>
   </div>
   <div class='ocr_carea' id='block_1_94' title="bbox 2033 3396 3621 3466">
    <p class='ocr_par' dir='ltr' id='par_1_94' title="bbox 2033 3396 3621 3466">
     <span class='ocr_line' id='line_1_94' title="bbox 2033 3396 3621 3466; baseline 0.004 -18"><span class='ocrx_word' id='word_1_710' title='bbox 2033 3403 2222 3465; x_wconf 78' lang='lat' dir='ltr'><strong>rogant</strong></span> <span class='ocrx_word' id='word_1_711' title='bbox 2257 3410 2353 3450; x_wconf 86' lang='lat' dir='ltr'><strong>uos</strong></span> <span class='ocrx_word' id='word_1_712' title='bbox 2378 3438 2391 3458; x_wconf 85' lang='lat'>.</span> <span class='ocrx_word' id='word_1_713' title='bbox 2421 3409 2477 3451; x_wconf 85' lang='lat' dir='ltr'><strong>ot</strong></span> <span class='ocrx_word' id='word_1_714' title='bbox 2515 3396 2696 3451; x_wconf 86' lang='lat' dir='ltr'><strong>dicunt</strong></span> <span class='ocrx_word' id='word_1_715' title='bbox 2726 3397 2881 3451; x_wconf 89' lang='lat' dir='ltr'><strong>nobis</strong></span> <span class='ocrx_word' id='word_1_716' title='bbox 2910 3415 2924 3451; x_wconf 90' lang='lat'><strong>:</strong></span> <span class='ocrx_word' id='word_1_717' title='bbox 2955 3398 3220 3466; x_wconf 75' lang='lat' dir='ltr'><strong>Exponite</strong></span> <span class='ocrx_word' id='word_1_718' title='bbox 3263 3398 3415 3454; x_wconf 82' lang='lat' dir='ltr'><strong>nobis</strong></span> <span class='ocrx_word' id='word_1_719' title='bbox 3454 3400 3621 3454; x_wconf 76' lang='lat' dir='ltr'><strong>ratio-</strong></span> 
     </span>
    </p>
   </div>
   <div class='ocr_carea' id='block_1_95' title="bbox 2035 3489 3622 3562">
    <p class='ocr_par' dir='ltr' id='par_1_95' title="bbox 2035 3489 3622 3562">
     <span class='ocr_line' id='line_1_95' title="bbox 2035 3489 3622 3562; baseline 0.006 -22"><span class='ocrx_word' id='word_1_720' title='bbox 2035 3505 2176 3543; x_wconf 88' lang='lat' dir='ltr'><strong>nem.</strong></span> <span class='ocrx_word' id='word_1_721' title='bbox 2215 3489 2406 3558; x_wconf 75' lang='lat' dir='ltr'><strong>Pagani</strong></span> <span class='ocrx_word' id='word_1_722' title='bbox 2459 3490 2695 3560; x_wconf 86' lang='lat' dir='ltr'><strong>plerique</strong></span> <span class='ocrx_word' id='word_1_723' title='bbox 2744 3489 2928 3544; x_wconf 89' lang='lat' dir='ltr'><strong>dicunt</strong></span> <span class='ocrx_word' id='word_1_724' title='bbox 2975 3490 3073 3544; x_wconf 85' lang='lat' dir='ltr'><strong>ista</strong></span> <span class='ocrx_word' id='word_1_725' title='bbox 3127 3491 3278 3548; x_wconf 87' lang='lat' dir='ltr'><strong>nobis</strong></span> <span class='ocrx_word' id='word_1_726' title='bbox 3311 3509 3324 3544; x_wconf 88' lang='lat'><strong>:</strong></span> <span class='ocrx_word' id='word_1_727' title='bbox 3356 3491 3622 3562; x_wconf 82' lang='lat' dir='ltr'><strong>Exponile</strong></span> 
     </span>
    </p>
   </div>
   <div class='ocr_carea' id='block_1_96' title="bbox 2032 3584 3610 3654">
    <p class='ocr_par' dir='ltr' id='par_1_96' title="bbox 2032 3584 3610 3654">
     <span class='ocr_line' id='line_1_96' title="bbox 2032 3584 3610 3654; baseline 0.002 -16"><span class='ocrx_word' id='word_1_728' title='bbox 2032 3585 2316 3645; x_wconf 88' lang='lat' dir='ltr'><strong>rationem.</strong></span> <span class='ocrx_word' id='word_1_729' title='bbox 2343 3600 2508 3654; x_wconf 86' lang='lat' dir='ltr'><strong>quare</strong></span> <span class='ocrx_word' id='word_1_730' title='bbox 2533 3586 2675 3639; x_wconf 85' lang='lat' dir='ltr'><strong>venit</strong></span> <span class='ocrx_word' id='word_1_731' title='bbox 2697 3584 2960 3650; x_wconf 88' lang='lat' dir='ltr'><strong>Christus,</strong></span> <span class='ocrx_word' id='word_1_732' title='bbox 2990 3594 3044 3639; x_wconf 90' lang='lat' dir='ltr'><strong>et</strong></span> <span class='ocrx_word' id='word_1_733' title='bbox 3071 3585 3198 3654; x_wconf 88' lang='lat' dir='ltr'><strong>quid</strong></span> <span class='ocrx_word' id='word_1_734' title='bbox 3231 3587 3428 3654; x_wconf 78' lang='lat' dir='ltr'><strong>profuit</strong></span> <span class='ocrx_word' id='word_1_735' title='bbox 3454 3587 3610 3641; x_wconf 86' lang='lat' dir='ltr'><strong>Chri-</strong></span> 
     </span>
    </p>
   </div>
   <div class='ocr_carea' id='block_1_97' title="bbox 2033 3677 3619 3747">
    <p class='ocr_par' dir='ltr' id='par_1_97' title="bbox 2033 3677 3619 3747">
     <span class='ocr_line' id='line_1_97' title="bbox 2033 3677 3619 3747; baseline 0.003 -15"><span class='ocrx_word' id='word_1_736' title='bbox 2033 3687 2148 3732; x_wconf 88' lang='lat' dir='ltr'><strong>stus</strong></span> <span class='ocrx_word' id='word_1_737' title='bbox 2201 3680 2382 3747; x_wconf 79' lang='lat' dir='ltr'><strong>generi</strong></span> <span class='ocrx_word' id='word_1_738' title='bbox 2436 3677 2716 3732; x_wconf 85' lang='lat' dir='ltr'><strong>bumano?</strong></span> <span class='ocrx_word' id='word_1_739' title='bbox 2764 3679 2950 3733; x_wconf 81' lang='lat' dir='ltr'><strong>Nonne</strong></span> <span class='ocrx_word' id='word_1_740' title='bbox 2993 3695 3060 3733; x_wconf 78' lang='lat' dir='ltr'><strong>ex</strong></span> <span class='ocrx_word' id='word_1_741' title='bbox 3121 3696 3229 3747; x_wconf 88' lang='lat' dir='ltr'><strong>qttn</strong></span> <span class='ocrx_word' id='word_1_742' title='bbox 3279 3681 3420 3735; x_wconf 82' lang='lat' dir='ltr'><strong>venit</strong></span> <span class='ocrx_word' id='word_1_743' title='bbox 3464 3680 3619 3736; x_wconf 82' lang='lat' dir='ltr'><strong>Chri-</strong></span> 
     </span>
    </p>
   </div>
   <div class='ocr_carea' id='block_1_98' title="bbox 2031 3773 3618 3842">
    <p class='ocr_par' dir='ltr' id='par_1_98' title="bbox 2031 3773 3618 3842">
     <span class='ocr_line' id='line_1_98' title="bbox 2031 3773 3618 3842; baseline 0.001 -16"><span class='ocrx_word' id='word_1_744' title='bbox 2031 3782 2143 3826; x_wconf 85' lang='lat' dir='ltr'><strong>stus</strong></span> <span class='ocrx_word' id='word_1_745' title='bbox 2174 3773 2352 3842; x_wconf 86' lang='lat' dir='ltr'><strong>pejora</strong></span> <span class='ocrx_word' id='word_1_746' title='bbox 2379 3783 2499 3826; x_wconf 80' lang='lat' dir='ltr'><strong>sunt</strong></span> <span class='ocrx_word' id='word_1_747' title='bbox 2534 3775 2580 3825; x_wconf 89' lang='lat' dir='ltr'><strong>in</strong></span> <span class='ocrx_word' id='word_1_748' title='bbox 2614 3773 2772 3828; x_wconf 85' lang='lat' dir='ltr'><strong>rebus</strong></span> <span class='ocrx_word' id='word_1_749' title='bbox 2799 3773 3064 3837; x_wconf 82' lang='lat' dir='ltr'><strong>humanis,</strong></span> <span class='ocrx_word' id='word_1_750' title='bbox 3091 3788 3250 3842; x_wconf 84' lang='lat' dir='ltr'><strong>quam</strong></span> <span class='ocrx_word' id='word_1_751' title='bbox 3283 3773 3618 3828; x_wconf 77' lang='lat' dir='ltr'><strong>fueruntan-</strong></span> 
     </span>
    </p>
   </div>
   <div class='ocr_carea' id='block_1_99' title="bbox 2033 3862 3618 3932">
    <p class='ocr_par' dir='ltr' id='par_1_99' title="bbox 2033 3862 3618 3932">
     <span class='ocr_line' id='line_1_99' title="bbox 2033 3862 3618 3932; baseline 0 -16"><span class='ocrx_word' id='word_1_752' title='bbox 2033 3873 2137 3928; x_wconf 85' lang='lat' dir='ltr'><strong>tea,</strong></span> <span class='ocrx_word' id='word_1_753' title='bbox 2165 3871 2218 3915; x_wconf 84' lang='lat' dir='ltr'><strong>cl</strong></span> <span class='ocrx_word' id='word_1_754' title='bbox 2248 3864 2509 3916; x_wconf 80' lang='lat' dir='ltr'><strong>feliciores</strong></span> <span class='ocrx_word' id='word_1_755' title='bbox 2533 3877 2656 3915; x_wconf 81' lang='lat' dir='ltr'><strong>tunc</strong></span> <span class='ocrx_word' id='word_1_756' title='bbox 2683 3873 2836 3916; x_wconf 87' lang='lat' dir='ltr'><strong>erant</strong></span> <span class='ocrx_word' id='word_1_757' title='bbox 2861 3878 2948 3917; x_wconf 90' lang='lat' dir='ltr'><strong>res</strong></span> <span class='ocrx_word' id='word_1_758' title='bbox 2966 3862 3210 3915; x_wconf 69' lang='lat' dir='ltr'><strong>humana:</strong></span> <span class='ocrx_word' id='word_1_759' title='bbox 3237 3879 3394 3932; x_wconf 90' lang='lat' dir='ltr'><strong>quam</strong></span> <span class='ocrx_word' id='word_1_760' title='bbox 3422 3863 3618 3918; x_wconf 87' lang='lat' dir='ltr'><strong>modo?</strong></span> 
     </span>
    </p>
   </div>
   <div class='ocr_carea' id='block_1_100' title="bbox 2031 3953 3617 4023">
    <p class='ocr_par' dir='ltr' id='par_1_100' title="bbox 2031 3953 3617 4023">
     <span class='ocr_line' id='line_1_100' title="bbox 2031 3953 3617 4023; baseline 0.003 -16"><span class='ocrx_word' id='word_1_761' title='bbox 2031 3954 2221 4008; x_wconf 88' lang='lat' dir='ltr'><strong>Dicant</strong></span> <span class='ocrx_word' id='word_1_762' title='bbox 2266 3955 2418 4008; x_wconf 86' lang='lat' dir='ltr'><strong>nobis</strong></span> <span class='ocrx_word' id='word_1_763' title='bbox 2466 3954 2746 4008; x_wconf 83' lang='lat' dir='ltr'><strong>Christiani</strong></span> <span class='ocrx_word' id='word_1_764' title='bbox 2786 3953 2911 4023; x_wconf 92' lang='lat' dir='ltr'><strong>quid</strong></span> <span class='ocrx_word' id='word_1_765' title='bbox 2956 3954 3078 4007; x_wconf 80' lang='lat' dir='ltr'><strong>boni</strong></span> <span class='ocrx_word' id='word_1_766' title='bbox 3107 3955 3285 4008; x_wconf 86' lang='lat' dir='ltr'><strong>attulit</strong></span> <span class='ocrx_word' id='word_1_767' title='bbox 3331 3953 3617 4011; x_wconf 81' lang='lat' dir='ltr'><strong>Christus?</strong></span> 
     </span>
    </p>
   </div>
   <div class='ocr_carea' id='block_1_101' title="bbox 2031 4045 3614 4115">
    <p class='ocr_par' dir='ltr' id='par_1_101' title="bbox 2031 4045 3614 4115">
     <span class='ocr_line' id='line_1_101' title="bbox 2031 4045 3614 4115; baseline 0.002 -16"><span class='ocrx_word' id='word_1_768' title='bbox 2031 4047 2171 4100; x_wconf 91' lang='lat' dir='ltr'><strong>unde</strong></span> <span class='ocrx_word' id='word_1_769' title='bbox 2193 4045 2453 4100; x_wconf 81' lang='lat' dir='ltr'><strong>feliciores</strong></span> <span class='ocrx_word' id='word_1_770' title='bbox 2481 4054 2668 4115; x_wconf 86' lang='lat' dir='ltr'><strong>putent</strong></span> <span class='ocrx_word' id='word_1_771' title='bbox 2695 4061 2778 4100; x_wconf 77' lang='lat' dir='ltr'><strong>res</strong></span> <span class='ocrx_word' id='word_1_772' title='bbox 2811 4045 3092 4109; x_wconf 71' lang='lat' dir='ltr'><strong>hut-anas,</strong></span> <span class='ocrx_word' id='word_1_773' title='bbox 3126 4046 3250 4114; x_wconf 87' lang='lat' dir='ltr'><strong>quia</strong></span> <span class='ocrx_word' id='word_1_774' title='bbox 3277 4047 3427 4100; x_wconf 80' lang='lat' dir='ltr'><strong>venit</strong></span> <span class='ocrx_word' id='word_1_775' title='bbox 3450 4045 3614 4102; x_wconf 77' lang='lat' dir='ltr'><strong>Chri-</strong></span> 
     </span>
    </p>
   </div>
   <div class='ocr_carea' id='block_1_102' title="bbox 2029 4135 3611 4206">
    <p class='ocr_par' dir='ltr' id='par_1_102' title="bbox 2029 4135 3611 4206">
     <span class='ocr_line' id='line_1_102' title="bbox 2029 4135 3611 4206; baseline 0.003 -15"><span class='ocrx_word' id='word_1_776' title='bbox 2029 4137 2183 4191; x_wconf 85' lang='lat' dir='ltr'><strong>stus?</strong></span> <span class='ocrx_word' id='word_1_777' title='bbox 2212 4137 2368 4192; x_wconf 85' lang='lat' dir='ltr'><strong>Vides</strong></span> <span class='ocrx_word' id='word_1_778' title='bbox 2393 4136 2556 4197; x_wconf 90' lang='lat' dir='ltr'><strong>enim,</strong></span> <span class='ocrx_word' id='word_1_779' title='bbox 2588 4135 2632 4190; x_wconf 93' lang='lat' dir='ltr'><strong>si</strong></span> <span class='ocrx_word' id='word_1_780' title='bbox 2664 4137 2867 4190; x_wconf 89' lang='lat' dir='ltr'><strong>theatra</strong></span> <span class='ocrx_word' id='word_1_781' title='bbox 2892 4145 2946 4191; x_wconf 90' lang='lat' dir='ltr'><strong>et</strong></span> <span class='ocrx_word' id='word_1_782' title='bbox 2969 4136 3364 4206; x_wconf 82' lang='lat' dir='ltr'><strong>amphitheatra</strong></span> <span class='ocrx_word' id='word_1_783' title='bbox 3393 4147 3449 4192; x_wconf 90' lang='lat' dir='ltr'><strong>et</strong></span> <span class='ocrx_word' id='word_1_784' title='bbox 3477 4139 3611 4195; x_wconf 88' lang='lat' dir='ltr'><strong>circi</strong></span> 
     </span>
    </p>
   </div>
   <div class='ocr_carea' id='block_1_103' title="bbox 2027 4227 3614 4301">
    <p class='ocr_par' dir='ltr' id='par_1_103' title="bbox 2027 4227 3614 4301">
     <span class='ocr_line' id='line_1_103' title="bbox 2027 4227 3614 4301; baseline 0.002 -18"><span class='ocrx_word' id='word_1_785' title='bbox 2027 4237 2230 4284; x_wconf 85' lang='lat' dir='ltr'><strong>starent</strong></span> <span class='ocrx_word' id='word_1_786' title='bbox 2272 4227 2564 4282; x_wconf 80' lang='lat' dir='ltr'><strong>incolumes</strong></span> <span class='ocrx_word' id='word_1_787' title='bbox 2590 4269 2604 4292; x_wconf 92' lang='lat'><strong>,</strong></span> <span class='ocrx_word' id='word_1_788' title='bbox 2635 4228 2678 4281; x_wconf 84' lang='lat' dir='ltr'><strong>si</strong></span> <span class='ocrx_word' id='word_1_789' title='bbox 2709 4227 2839 4280; x_wconf 89' lang='lat' dir='ltr'><strong>nihil</strong></span> <span class='ocrx_word' id='word_1_790' title='bbox 2869 4227 3088 4282; x_wconf 86' lang='lat' dir='ltr'><strong>caderet</strong></span> <span class='ocrx_word' id='word_1_791' title='bbox 3127 4227 3196 4283; x_wconf 88' lang='lat' dir='ltr'><strong>de</strong></span> <span class='ocrx_word' id='word_1_792' title='bbox 3225 4229 3534 4301; x_wconf 81' lang='lat' dir='ltr'><strong>Babylonia,</strong></span> <span class='ocrx_word' id='word_1_793' title='bbox 3567 4231 3614 4286; x_wconf 74' lang='lat' dir='ltr'><strong>si</strong></span> 
     </span>
    </p>
   </div>
   <div class='ocr_carea' id='block_1_104' title="bbox 2027 4317 3612 4390">
    <p class='ocr_par' dir='ltr' id='par_1_104' title="bbox 2027 4317 3612 4390">
     <span class='ocr_line' id='line_1_104' title="bbox 2027 4317 3612 4390; baseline 0.004 -16"><span class='ocrx_word' id='word_1_794' title='bbox 2027 4319 2243 4382; x_wconf 88' lang='lat' dir='ltr'><strong>ubertas</strong></span> <span class='ocrx_word' id='word_1_795' title='bbox 2265 4327 2409 4372; x_wconf 85' lang='lat' dir='ltr'><strong>esset</strong></span> <span class='ocrx_word' id='word_1_796' title='bbox 2433 4317 2913 4376; x_wconf 82' lang='lat' dir='ltr'><strong>circumﬂuentiutn</strong></span> <span class='ocrx_word' id='word_1_797' title='bbox 2944 4319 3276 4390; x_wconf 81' lang='lat' dir='ltr'><strong>voluptatum</strong></span> <span class='ocrx_word' id='word_1_798' title='bbox 3305 4321 3612 4380; x_wconf 88' lang='lat' dir='ltr'><strong>hominibus</strong></span> 
     </span>
    </p>
   </div>
   <div class='ocr_carea' id='block_1_105' title="bbox 2027 4410 3613 4481">
    <p class='ocr_par' dir='ltr' id='par_1_105' title="bbox 2027 4410 3613 4481">
     <span class='ocr_line' id='line_1_105' title="bbox 2027 4410 3613 4481; baseline 0.002 -13"><span class='ocrx_word' id='word_1_799' title='bbox 2027 4413 2321 4468; x_wconf 82' lang='lat' dir='ltr'><strong>cantaturis</strong></span> <span class='ocrx_word' id='word_1_800' title='bbox 2365 4422 2419 4466; x_wconf 88' lang='lat' dir='ltr'><strong>et</strong></span> <span class='ocrx_word' id='word_1_801' title='bbox 2461 4412 2733 4465; x_wconf 86' lang='lat' dir='ltr'><strong>saltaturis</strong></span> <span class='ocrx_word' id='word_1_802' title='bbox 2759 4410 2826 4466; x_wconf 91' lang='lat' dir='ltr'><strong>ad</strong></span> <span class='ocrx_word' id='word_1_803' title='bbox 2873 4412 3042 4481; x_wconf 90' lang='lat' dir='ltr'><strong>turpia</strong></span> <span class='ocrx_word' id='word_1_804' title='bbox 3076 4414 3300 4478; x_wconf 88' lang='lat' dir='ltr'><strong>cantica,</strong></span> <span class='ocrx_word' id='word_1_805' title='bbox 3359 4414 3404 4468; x_wconf 90' lang='lat' dir='ltr'><strong>si</strong></span> <span class='ocrx_word' id='word_1_806' title='bbox 3449 4414 3613 4471; x_wconf 89' lang='lat' dir='ltr'><strong>libido</strong></span> 
     </span>
    </p>
   </div>
   <div class='ocr_carea' id='block_1_106' title="bbox 2025 4504 3615 4577">
    <p class='ocr_par' dir='ltr' id='par_1_106' title="bbox 2025 4504 3615 4577">
     <span class='ocr_line' id='line_1_106' title="bbox 2025 4504 3615 4577; baseline 0.003 -17"><span class='ocrx_word' id='word_1_807' title='bbox 2025 4505 2376 4560; x_wconf 84' lang='lat' dir='ltr'><strong>scortantium</strong></span> <span class='ocrx_word' id='word_1_808' title='bbox 2423 4511 2478 4558; x_wconf 92' lang='lat' dir='ltr'><strong>et</strong></span> <span class='ocrx_word' id='word_1_809' title='bbox 2525 4504 2980 4559; x_wconf 81' lang='lat' dir='ltr'><strong>meretricatnium</strong></span> <span class='ocrx_word' id='word_1_810' title='bbox 3027 4504 3253 4562; x_wconf 88' lang='lat' dir='ltr'><strong>haberet</strong></span> <span class='ocrx_word' id='word_1_811' title='bbox 3299 4507 3532 4577; x_wconf 87' lang='lat' dir='ltr'><strong>quietem</strong></span> <span class='ocrx_word' id='word_1_812' title='bbox 3557 4516 3615 4564; x_wconf 86' lang='lat' dir='ltr'><strong>et</strong></span> 
     </span>
    </p>
   </div>
   <div class='ocr_carea' id='block_1_107' title="bbox 2023 4598 3612 4669">
    <p class='ocr_par' dir='ltr' id='par_1_107' title="bbox 2023 4598 3612 4669">
     <span class='ocr_line' id='line_1_107' title="bbox 2023 4598 3612 4669; baseline 0.002 -16"><span class='ocrx_word' id='word_1_813' title='bbox 2023 4600 2385 4662; x_wconf 85' lang='lat' dir='ltr'><strong>securitatem,</strong></span> <span class='ocrx_word' id='word_1_814' title='bbox 2419 4598 2461 4650; x_wconf 89' lang='lat' dir='ltr'><strong>si</strong></span> <span class='ocrx_word' id='word_1_815' title='bbox 2490 4613 2594 4651; x_wconf 88' lang='lat' dir='ltr'><strong>non</strong></span> <span class='ocrx_word' id='word_1_816' title='bbox 2642 4598 2850 4652; x_wconf 86' lang='lat' dir='ltr'><strong>timeret</strong></span> <span class='ocrx_word' id='word_1_817' title='bbox 2896 4598 3085 4652; x_wconf 86' lang='lat' dir='ltr'><strong>famem</strong></span> <span class='ocrx_word' id='word_1_818' title='bbox 3118 4598 3170 4652; x_wconf 84' lang='lat' dir='ltr'><strong>in</strong></span> <span class='ocrx_word' id='word_1_819' title='bbox 3199 4599 3359 4653; x_wconf 89' lang='lat' dir='ltr'><strong>domo</strong></span> <span class='ocrx_word' id='word_1_820' title='bbox 3401 4614 3494 4654; x_wconf 86' lang='lat' dir='ltr'><strong>sua</strong></span> <span class='ocrx_word' id='word_1_821' title='bbox 3523 4600 3612 4669; x_wconf 90' lang='lat' dir='ltr'><strong>qui</strong></span> 
     </span>
    </p>
   </div>
   <div class='ocr_carea' id='block_1_108' title="bbox 2022 4691 3610 4761">
    <p class='ocr_par' dir='ltr' id='par_1_108' title="bbox 2022 4691 3610 4761">
     <span class='ocr_line' id='line_1_108' title="bbox 2022 4691 3610 4761; baseline 0 -13"><span class='ocrx_word' id='word_1_822' title='bbox 2022 4693 2219 4748; x_wconf 86' lang='lat' dir='ltr'><strong>clamat</strong></span> <span class='ocrx_word' id='word_1_823' title='bbox 2241 4703 2299 4748; x_wconf 89' lang='lat' dir='ltr'><strong>ut</strong></span> <span class='ocrx_word' id='word_1_824' title='bbox 2343 4691 2654 4761; x_wconf 86' lang='lat' dir='ltr'><strong>pantomimi</strong></span> <span class='ocrx_word' id='word_1_825' title='bbox 2707 4693 3036 4755; x_wconf 85' lang='lat' dir='ltr'><strong>vestiantur;</strong></span> <span class='ocrx_word' id='word_1_826' title='bbox 3067 4692 3111 4746; x_wconf 89' lang='lat' dir='ltr'><strong>si</strong></span> <span class='ocrx_word' id='word_1_827' title='bbox 3146 4695 3259 4746; x_wconf 65' lang='lat' dir='ltr'><strong>haec</strong></span> <span class='ocrx_word' id='word_1_828' title='bbox 3288 4694 3464 4746; x_wconf 88' lang='lat' dir='ltr'><strong>omnia</strong></span> <span class='ocrx_word' id='word_1_829' title='bbox 3492 4692 3610 4748; x_wconf 89' lang='lat' dir='ltr'><strong>sine</strong></span> 
     </span>
    </p>
   </div>
   <div class='ocr_carea' id='block_1_109' title="bbox 2024 4783 3607 4854">
    <p class='ocr_par' dir='ltr' id='par_1_109' title="bbox 2024 4783 3607 4854">
     <span class='ocr_line' id='line_1_109' title="bbox 2024 4783 3607 4854; baseline 0 -14"><span class='ocrx_word' id='word_1_830' title='bbox 2024 4786 2165 4850; x_wconf 88' lang='lat' dir='ltr'><strong>labe,</strong></span> <span class='ocrx_word' id='word_1_831' title='bbox 2194 4786 2313 4840; x_wconf 91' lang='lat' dir='ltr'><strong>siue</strong></span> <span class='ocrx_word' id='word_1_832' title='bbox 2355 4785 2753 4854; x_wconf 87' lang='lat' dir='ltr'><strong>perturbatione</strong></span> <span class='ocrx_word' id='word_1_833' title='bbox 2779 4785 2952 4853; x_wconf 83' lang='lat' dir='ltr'><strong>aliqua</strong></span> <span class='ocrx_word' id='word_1_834' title='bbox 2977 4783 3224 4849; x_wconf 82' lang='lat' dir='ltr'><strong>ﬂuerent,</strong></span> <span class='ocrx_word' id='word_1_835' title='bbox 3255 4792 3310 4838; x_wconf 86' lang='lat' dir='ltr'><strong>et</strong></span> <span class='ocrx_word' id='word_1_836' title='bbox 3337 4793 3481 4838; x_wconf 79' lang='lat' dir='ltr'><strong>esset</strong></span> <span class='ocrx_word' id='word_1_837' title='bbox 3518 4799 3607 4840; x_wconf 89' lang='lat' dir='ltr'><strong>se-</strong></span> 
     </span>
    </p>
   </div>
   <div class='ocr_carea' id='block_1_110' title="bbox 2023 4876 3609 4947">
    <p class='ocr_par' dir='ltr' id='par_1_110' title="bbox 2023 4876 3609 4947">
     <span class='ocr_line' id='line_1_110' title="bbox 2023 4876 3609 4947; baseline 0.001 -15"><span class='ocrx_word' id='word_1_838' title='bbox 2023 4877 2220 4938; x_wconf 84' lang='lat' dir='ltr'><strong>curitas</strong></span> <span class='ocrx_word' id='word_1_839' title='bbox 2265 4892 2453 4947; x_wconf 79' lang='lat' dir='ltr'><strong>magna</strong></span> <span class='ocrx_word' id='word_1_840' title='bbox 2502 4893 2779 4947; x_wconf 76' lang='lat' dir='ltr'><strong>nugarum,</strong></span> <span class='ocrx_word' id='word_1_841' title='bbox 2833 4876 3003 4929; x_wconf 83' lang='lat' dir='ltr'><strong>felicia</strong></span> <span class='ocrx_word' id='word_1_842' title='bbox 3043 4885 3225 4936; x_wconf 87' lang='lat' dir='ltr'><strong>essent</strong></span> <span class='ocrx_word' id='word_1_843' title='bbox 3252 4885 3510 4946; x_wconf 88' lang='lat' dir='ltr'><strong>tempora,</strong></span> <span class='ocrx_word' id='word_1_844' title='bbox 3555 4887 3609 4934; x_wconf 88' lang='lat' dir='ltr'><strong>et</strong></span> 
     </span>
    </p>
   </div>
   <div class='ocr_carea' id='block_1_111' title="bbox 2023 4968 3607 5042">
    <p class='ocr_par' dir='ltr' id='par_1_111' title="bbox 2023 4968 3607 5042">
     <span class='ocr_line' id='line_1_111' title="bbox 2023 4968 3607 5042; baseline 0 -17"><span class='ocrx_word' id='word_1_845' title='bbox 2023 4987 2270 5042; x_wconf 77' lang='lat' dir='ltr'><strong>magnam</strong></span> <span class='ocrx_word' id='word_1_846' title='bbox 2303 4971 2605 5028; x_wconf 72' lang='lat' dir='ltr'><strong>it-licitatem</strong></span> <span class='ocrx_word' id='word_1_847' title='bbox 2649 4971 2807 5025; x_wconf 89' lang='lat' dir='ltr'><strong>rebus</strong></span> <span class='ocrx_word' id='word_1_848' title='bbox 2838 4968 3083 5023; x_wconf 89' lang='lat' dir='ltr'><strong>humanis</strong></span> <span class='ocrx_word' id='word_1_849' title='bbox 3126 4969 3372 5024; x_wconf 85' lang='lat' dir='ltr'><strong>Christus</strong></span> <span class='ocrx_word' id='word_1_850' title='bbox 3399 4971 3607 5026; x_wconf 80' lang='lat' dir='ltr'><strong>attulis-</strong></span> 
     </span>
    </p>
   </div>
   <div class='ocr_carea' id='block_1_112' title="bbox 2021 5063 3605 5134">
    <p class='ocr_par' dir='ltr' id='par_1_112' title="bbox 2021 5063 3605 5134">
     <span class='ocr_line' id='line_1_112' title="bbox 2021 5063 3605 5134; baseline 0.004 -22"><span class='ocrx_word' id='word_1_851' title='bbox 2021 5075 2123 5120; x_wconf 82' lang='lat' dir='ltr'><strong>sel.</strong></span> <span class='ocrx_word' id='word_1_852' title='bbox 2166 5066 2296 5130; x_wconf 85' lang='lat' dir='ltr'><strong>Quia</strong></span> <span class='ocrx_word' id='word_1_853' title='bbox 2343 5081 2470 5119; x_wconf 64' lang='lat' dir='ltr'><strong>vero</strong></span> <span class='ocrx_word' id='word_1_854' title='bbox 2521 5063 2795 5118; x_wconf 62' lang='lat' dir='ltr'><strong>caeduntur</strong></span> <span class='ocrx_word' id='word_1_855' title='bbox 2840 5063 3142 5132; x_wconf 78' lang='lat' dir='ltr'><strong>iniquitates</strong></span> <span class='ocrx_word' id='word_1_856' title='bbox 3171 5105 3185 5127; x_wconf 92' lang='lat'><strong>,</strong></span> <span class='ocrx_word' id='word_1_857' title='bbox 3220 5073 3278 5118; x_wconf 89' lang='lat' dir='ltr'><strong>ut</strong></span> <span class='ocrx_word' id='word_1_858' title='bbox 3317 5066 3605 5134; x_wconf 75' lang='lat' dir='ltr'><strong>exstirpata</strong></span> 
     </span>
    </p>
   </div>
   <div class='ocr_carea' id='block_1_113' title="bbox 2020 5153 3600 5226">
    <p class='ocr_par' dir='ltr' id='par_1_113' title="bbox 2020 5153 3600 5226">
     <span class='ocr_line' id='line_1_113' title="bbox 2020 5153 3600 5226; baseline 0.001 -16"><span class='ocrx_word' id='word_1_859' title='bbox 2020 5155 2307 5225; x_wconf 73' lang='lat' dir='ltr'><strong>cupiditate</strong></span> <span class='ocrx_word' id='word_1_860' title='bbox 2323 5157 2585 5225; x_wconf 64' lang='lat' dir='ltr'><strong>iuautetnr</strong></span> <span class='ocrx_word' id='word_1_861' title='bbox 2605 5154 2837 5208; x_wconf 85' lang='lat' dir='ltr'><strong>eharitas</strong></span> <span class='ocrx_word' id='word_1_862' title='bbox 2861 5153 3156 5212; x_wconf 82' lang='lat' dir='ltr'><strong>Jerusalem</strong></span> <span class='ocrx_word' id='word_1_863' title='bbox 3181 5169 3194 5219; x_wconf 91' lang='lat'><strong>;</strong></span> <span class='ocrx_word' id='word_1_864' title='bbox 3220 5156 3339 5226; x_wconf 89' lang='lat' dir='ltr'><strong>quia</strong></span> <span class='ocrx_word' id='word_1_865' title='bbox 3365 5157 3600 5212; x_wconf 75' lang='lat' dir='ltr'><strong>miseen-</strong></span> 
     </span>
    </p>
   </div>
   <div class='ocr_carea' id='block_1_114' title="bbox 2022 5245 3605 5316">
    <p class='ocr_par' dir='ltr' id='par_1_114' title="bbox 2022 5245 3605 5316">
     <span class='ocr_line' id='line_1_114' title="bbox 2022 5245 3605 5316; baseline 0.001 -12"><span class='ocrx_word' id='word_1_866' title='bbox 2022 5259 2108 5304; x_wconf 88' lang='lat' dir='ltr'><strong>tur</strong></span> <span class='ocrx_word' id='word_1_867' title='bbox 2134 5249 2519 5312; x_wconf 80' lang='lat' dir='ltr'><strong>amaritudiqu</strong></span> <span class='ocrx_word' id='word_1_868' title='bbox 2547 5247 2668 5300; x_wconf 64' lang='lat' dir='ltr'><strong>vita}</strong></span> <span class='ocrx_word' id='word_1_869' title='bbox 2693 5245 2991 5316; x_wconf 83' lang='lat' dir='ltr'><strong>temporali,</strong></span> <span class='ocrx_word' id='word_1_870' title='bbox 3022 5256 3080 5301; x_wconf 91' lang='lat' dir='ltr'><strong>ut</strong></span> <span class='ocrx_word' id='word_1_871' title='bbox 3103 5258 3303 5303; x_wconf 81' lang='lat' dir='ltr'><strong>:eterna</strong></span> <span class='ocrx_word' id='word_1_872' title='bbox 3329 5249 3605 5306; x_wconf 82' lang='lat' dir='ltr'><strong>desidere-</strong></span> 
     </span>
    </p>
   </div>
   <div class='ocr_carea' id='block_1_115' title="bbox 2020 5337 3602 5413">
    <p class='ocr_par' dir='ltr' id='par_1_115' title="bbox 2020 5337 3602 5413">
     <span class='ocr_line' id='line_1_115' title="bbox 2020 5337 3602 5413; baseline 0 -16"><span class='ocrx_word' id='word_1_873' title='bbox 2020 5351 2144 5407; x_wconf 83' lang='lat' dir='ltr'><strong>tur;</strong></span> <span class='ocrx_word' id='word_1_874' title='bbox 2179 5342 2298 5410; x_wconf 84' lang='lat' dir='ltr'><strong>quia</strong></span> <span class='ocrx_word' id='word_1_875' title='bbox 2327 5338 2642 5395; x_wconf 76' lang='lat' dir='ltr'><strong>erudiuntur-</strong></span> <span class='ocrx_word' id='word_1_876' title='bbox 2685 5339 2736 5391; x_wconf 90' lang='lat' dir='ltr'><strong>iu</strong></span> <span class='ocrx_word' id='word_1_877' title='bbox 2765 5338 2989 5409; x_wconf 74' lang='lat' dir='ltr'><strong>flagellis</strong></span> <span class='ocrx_word' id='word_1_878' title='bbox 3014 5337 3258 5395; x_wconf 89' lang='lat' dir='ltr'><strong>homines</strong></span> <span class='ocrx_word' id='word_1_879' title='bbox 3281 5381 3297 5408; x_wconf 94' lang='lat'><strong>,</strong></span> <span class='ocrx_word' id='word_1_880' title='bbox 3324 5351 3602 5413; x_wconf 85' lang='lat' dir='ltr'><strong>paternam</strong></span> 
     </span>
    </p>
   </div>
   <div class='ocr_carea' id='block_1_116' title="bbox 2017 5430 3602 5503">
    <p class='ocr_par' dir='ltr' id='par_1_116' title="bbox 2017 5430 3602 5503">
     <span class='ocr_line' id='line_1_116' title="bbox 2017 5430 3602 5503; baseline -0.001 -14"><span class='ocrx_word' id='word_1_881' title='bbox 2017 5435 2340 5503; x_wconf 88' lang='lat' dir='ltr'><strong>accipientes</strong></span> <span class='ocrx_word' id='word_1_882' title='bbox 2359 5430 2714 5501; x_wconf 79' lang='lat' dir='ltr'><strong>disciplinam,</strong></span> <span class='ocrx_word' id='word_1_883' title='bbox 2742 5446 2811 5486; x_wconf 86' lang='lat' dir='ltr'><strong>ue</strong></span> <span class='ocrx_word' id='word_1_884' title='bbox 2833 5430 3167 5501; x_wconf 73' lang='lat' dir='ltr'><strong>iudiciariam</strong></span> <span class='ocrx_word' id='word_1_885' title='bbox 3187 5432 3456 5489; x_wconf 80' lang='lat' dir='ltr'><strong>inveniant</strong></span> <span class='ocrx_word' id='word_1_886' title='bbox 3486 5449 3602 5488; x_wconf 86' lang='lat' dir='ltr'><strong>seu-</strong></span> 
     </span>
    </p>
   </div>
   <div class='ocr_carea' id='block_1_117' title="bbox 2016 5525 3602 5599">
    <p class='ocr_par' dir='ltr' id='par_1_117' title="bbox 2016 5525 3602 5599">
     <span class='ocr_line' id='line_1_117' title="bbox 2016 5525 3602 5599; baseline 0 -18"><span class='ocrx_word' id='word_1_887' title='bbox 2016 5529 2274 5592; x_wconf 88' lang='lat' dir='ltr'><strong>tentiam;</strong></span> <span class='ocrx_word' id='word_1_888' title='bbox 2300 5526 2430 5592; x_wconf 80' lang='lat' dir='ltr'><strong>nihil</strong></span> <span class='ocrx_word' id='word_1_889' title='bbox 2453 5525 2576 5580; x_wconf 90' lang='lat' dir='ltr'><strong>boni</strong></span> <span class='ocrx_word' id='word_1_890' title='bbox 2595 5525 3036 5584; x_wconf 88' lang='lat' dir='ltr'><strong>attulitChristus</strong></span> <span class='ocrx_word' id='word_1_891' title='bbox 3065 5569 3080 5591; x_wconf 86' lang='lat'><strong><em>.</em></strong></span> <span class='ocrx_word' id='word_1_892' title='bbox 3113 5535 3168 5581; x_wconf 84' lang='lat' dir='ltr'><strong>et</strong></span> <span class='ocrx_word' id='word_1_893' title='bbox 3187 5527 3398 5582; x_wconf 88' lang='lat' dir='ltr'><strong>labores</strong></span> <span class='ocrx_word' id='word_1_894' title='bbox 3424 5525 3602 5599; x_wconf 82' lang='lat' dir='ltr'><strong>attulit</strong></span> 
     </span>
    </p>
   </div>
   <div class='ocr_carea' id='block_1_118' title="bbox 2015 5618 3603 5690">
    <p class='ocr_par' dir='ltr' id='par_1_118' title="bbox 2015 5618 3603 5690">
     <span class='ocr_line' id='line_1_118' title="bbox 2015 5618 3603 5690; baseline -0.001 -13"><span class='ocrx_word' id='word_1_895' title='bbox 2015 5618 2280 5677; x_wconf 78' lang='lat' dir='ltr'><strong>Christus.</strong></span> <span class='ocrx_word' id='word_1_896' title='bbox 2311 5621 2374 5678; x_wconf 81' lang='lat' dir='ltr'><strong>Et</strong></span> <span class='ocrx_word' id='word_1_897' title='bbox 2393 5619 2584 5690; x_wconf 83' lang='lat' dir='ltr'><strong>incipis</strong></span> <span class='ocrx_word' id='word_1_898' title='bbox 2601 5619 2782 5675; x_wconf 86' lang='lat' dir='ltr'><strong>dicere</strong></span> <span class='ocrx_word' id='word_1_899' title='bbox 2809 5622 3008 5675; x_wconf 89' lang='lat' dir='ltr'><strong>homini</strong></span> <span class='ocrx_word' id='word_1_900' title='bbox 3027 5631 3224 5690; x_wconf 87' lang='lat' dir='ltr'><strong>quanta</strong></span> <span class='ocrx_word' id='word_1_901' title='bbox 3255 5620 3390 5674; x_wconf 88' lang='lat' dir='ltr'><strong>bona</strong></span> <span class='ocrx_word' id='word_1_902' title='bbox 3419 5618 3603 5676; x_wconf 75' lang='lat' dir='ltr'><strong>fecerit</strong></span> 
     </span>
    </p>
   </div>
   <div class='ocr_carea' id='block_1_119' title="bbox 2013 5712 3603 5786">
    <p class='ocr_par' dir='ltr' id='par_1_119' title="bbox 2013 5712 3603 5786">
     <span class='ocr_line' id='line_1_119' title="bbox 2013 5712 3603 5786; baseline -0.001 -14"><span class='ocrx_word' id='word_1_903' title='bbox 2013 5717 2280 5783; x_wconf 89' lang='lat' dir='ltr'><strong>Christus,</strong></span> <span class='ocrx_word' id='word_1_904' title='bbox 2312 5714 2652 5786; x_wconf 87' lang='lat' dir='ltr'><strong>etnoncapit.</strong></span> <span class='ocrx_word' id='word_1_905' title='bbox 2676 5715 2935 5786; x_wconf 83' lang='lat' dir='ltr'><strong>Pr0ponis</strong></span> <span class='ocrx_word' id='word_1_906' title='bbox 2949 5717 3090 5772; x_wconf 88' lang='lat' dir='ltr'><strong>enim</strong></span> <span class='ocrx_word' id='word_1_907' title='bbox 3110 5714 3375 5784; x_wconf 90' lang='lat' dir='ltr'><strong>illieosqui</strong></span> <span class='ocrx_word' id='word_1_908' title='bbox 3402 5712 3603 5770; x_wconf 83' lang='lat' dir='ltr'><strong>faciunt</strong></span> 
     </span>
    </p>
   </div>
   <div class='ocr_carea' id='block_1_120' title="bbox 2011 5799 3601 5884">
    <p class='ocr_par' dir='ltr' id='par_1_120' title="bbox 2011 5799 3601 5884">
     <span class='ocr_line' id='line_1_120' title="bbox 2011 5799 3601 5884; baseline -0.002 -19"><span class='ocrx_word' id='word_1_909' title='bbox 2011 5809 2152 5884; x_wconf 87' lang='lat' dir='ltr'><strong>quod</strong></span> <span class='ocrx_word' id='word_1_910' title='bbox 2190 5808 2350 5882; x_wconf 75' lang='lat' dir='ltr'><strong>modo</strong></span> <span class='ocrx_word' id='word_1_911' title='bbox 2369 5807 2590 5882; x_wconf 80' lang='lat' dir='ltr'><strong>audistis</strong></span> <span class='ocrx_word' id='word_1_912' title='bbox 2631 5807 2682 5882; x_wconf 84' lang='lat' dir='ltr'><strong>in</strong></span> <span class='ocrx_word' id='word_1_913' title='bbox 2702 5808 3004 5884; x_wconf 68' lang='lat' dir='ltr'><strong>Evangelia,</strong></span> <span class='ocrx_word' id='word_1_914' title='bbox 3035 5799 3270 5878; x_wconf 81' lang='lat' dir='ltr'><strong>vendunt</strong></span> <span class='ocrx_word' id='word_1_915' title='bbox 3299 5804 3476 5872; x_wconf 85' lang='lat' dir='ltr'><strong>omnia</strong></span> <span class='ocrx_word' id='word_1_916' title='bbox 3505 5821 3601 5863; x_wconf 87' lang='lat' dir='ltr'><strong>sua</strong></span> 
     </span>
    </p>
   </div>
   <div class='ocr_carea' id='block_1_121' title="bbox 2017 5885 3601 5973">
    <p class='ocr_par' dir='ltr' id='par_1_121' title="bbox 2017 5885 3601 5973">
     <span class='ocr_line' id='line_1_121' title="bbox 2017 5885 3601 5973; baseline 0.001 -18"><span class='ocrx_word' id='word_1_917' title='bbox 2017 5910 2070 5956; x_wconf 86' lang='lat' dir='ltr'><strong>ct</strong></span> <span class='ocrx_word' id='word_1_918' title='bbox 2109 5901 2232 5957; x_wconf 88' lang='lat' dir='ltr'><strong>dant</strong></span> <span class='ocrx_word' id='word_1_919' title='bbox 2271 5900 2626 5973; x_wconf 75' lang='lat' dir='ltr'><strong>pauperibus,</strong></span> <span class='ocrx_word' id='word_1_920' title='bbox 2655 5909 2712 5962; x_wconf 85' lang='lat' dir='ltr'><strong>ul</strong></span> <span class='ocrx_word' id='word_1_921' title='bbox 2766 5885 3002 5964; x_wconf 30' lang='lat' dir='ltr'><strong>habeant.</strong></span> <span class='ocrx_word' id='word_1_922' title='bbox 3021 5898 3330 5966; x_wconf 66' lang='lat' dir='ltr'><strong>thesaurum</strong></span> <span class='ocrx_word' id='word_1_923' title='bbox 3355 5899 3407 5958; x_wconf 84' lang='lat' dir='ltr'><strong>in</strong></span> <span class='ocrx_word' id='word_1_924' title='bbox 3451 5900 3601 5963; x_wconf 58' lang='lat' dir='ltr'><strong>coriis</strong></span> 
     </span>
    </p>
   </div>
   <div class='ocr_carea' id='block_1_122' title="bbox 2277 6037 2316 6046">
    <p class='ocr_par' dir='ltr' id='par_1_122' title="bbox 2277 6037 2316 6046">
     <span class='ocr_line' id='line_1_122' title="bbox 2277 6037 2316 6046; baseline 0 0"><span class='ocrx_word' id='word_1_925' title='bbox 2277 6037 2316 6046; x_wconf 56' lang='grc' dir='ltr'><strong>-τ</strong></span> 
     </span>
    </p>
   </div>
  </div>
