4160 6458
591 432 731 491 1767

593 558 650 605 et
677 550 965 618 sequantur
1006 539 1289 597 Dominum
1324 535 1536 609 (Matth.
1588 549 1684 589 XIX
1716 531 1844 602 ,ﬁl)
1876 548 1888 584 :
1923 530 2055 585 dicis
2080 527 2178 591 illi,

601 642 741 699 Ecce
765 638 905 711 quod
930 634 1108 690 attulit
1130 632 1395 689 Christus.
1432 630 1601 697 Quam
1646 627 1797 682 multi
1830 625 2029 679 l'aciunt
2058 622 2179 686 ista,

598 745 657 790 ut
684 730 1003 788 distribuant
1026 741 1112 782 res
1140 740 1263 781 suas
1289 723 1492 793 egenis,
1524 729 1579 776 et
1605 718 1735 773 flant
1762 731 2043 787 pauperes,
2070 729 2179 769 non

599 826 935 889 necessitate,
970 822 1062 878 sed
1095 820 1384 883 voluntate,
1409 823 1699 887 sequentes
1743 814 1929 876 Deum,
1962 824 2183 879 speran-

602 930 681 976 tes
708 932 928 988 regnum
958 913 1246 970 caelorum!
1278 909 1504 965 lrrident
1550 907 1635 962 isti
1678 905 1825 976 quasi
1858 902 2046 957 stultos
2075 917 2090 954 :
2122 900 2188 954 Et

600 1011 748 1073 talia,
779 1007 1042 1078 inquiunt,
1076 1006 1215 1059 bona
1241 999 1698 1063 attulitChristus,
1722 1006 1780 1052 ut
1808 995 1995 1067 perdat
2026 993 2189 1047 homo

605 1118 692 1160 res
722 1117 871 1167 suas,
894 1110 949 1157 et
980 1115 1100 1155 cum
1128 1098 1218 1152 dat
1246 1096 1447 1165 egenis,
1491 1101 1764 1149 remaneat
1786 1090 2028 1161 egenus?
2053 1087 2189 1155 Quid

604 1210 734 1265 ergo
762 1192 968 1249 facies?
1010 1192 1155 1245 Bona
1195 1188 1396 1243 Christi
1446 1201 1550 1241 non
1578 1185 1724 1253 capis
1752 1201 1766 1236 :
1797 1182 1932 1234 alius
1971 1179 2111 1234 enim
2139 1186 2193 1231 te

606 1286 863 1357 implevit,
896 1284 985 1357 qui
1014 1282 1351 1338 adversarius
1379 1287 1461 1335 est
1487 1276 1724 1341 Christo,
1768 1274 1851 1328 cui
1895 1270 2087 1326 dedisti
2113 1271 2193 1324 lo-

607 1395 729 1436 cum
760 1380 811 1433 in
843 1376 1003 1432 corde
1032 1384 1143 1429 tuo.
1175 1373 1357 1427 Priora
1387 1378 1627 1439 tempora
1673 1364 1915 1435 reSpicis,
1959 1371 2013 1417 et
2039 1360 2191 1432 quasi

612 1472 819 1529 laetiora
850 1468 943 1524 tibi
974 1466 1222 1523 videnlur
1265 1463 1427 1518 fuisse
1482 1469 1723 1528 tempora
1782 1455 2023 1526 pristina,
2073 1468 2194 1523 qua:

609 1563 688 1619 sic
716 1570 869 1617 erant
899 1570 1145 1631 tanquam
1173 1557 1326 1611 oliva:
1352 1552 1646 1624 pendentes
1672 1550 1726 1604 in
1754 1548 1967 1612 arbore,
1991 1546 2193 1601 ducen-

611 1656 754 1711 tibus
781 1652 957 1709 ventis
986 1691 1002 1716 ,
1033 1651 1181 1719 quasi
1208 1646 1434 1718 quadam
1476 1643 1720 1698 libertate
1746 1656 1889 1695 aura:
1916 1638 2194 1709 perfruen-

613 1755 695 1802 tes
719 1759 853 1814 vago
897 1740 1127 1812 quodam
1152 1736 1420 1793 desiderio
1448 1748 1564 1789 suo.
1598 1732 1827 1786 Ventum
1854 1740 1937 1786 est
1966 1736 2024 1783 ut
2059 1728 2197 1781 oliva

611 1836 913 1892 mitteretur
942 1833 995 1886 in
1026 1829 1259 1885 torcular
1306 1844 1319 1879 :
1365 1841 1470 1879 non
1517 1824 1662 1879 enim
1709 1836 1923 1889 semper
1964 1818 2197 1890 pendere

620 1925 850 1980 habebat
875 1923 925 1976 in
953 1920 1181 1974 arbore:
1206 1917 1317 1987 jam
1346 1915 1463 1969 linis
1485 1924 1567 1968 est
1590 1912 1736 1967 anni.
1763 1910 1878 1967 Non
1905 1910 2020 1965 sine
2039 1922 2198 1964 causa

616 2016 974 2074 inscribuntur
1016 2009 1205 2082 psalmi
1235 2007 1470 2077 quidam,
1508 2005 1610 2059 Pro
1636 2002 1969 2058 torcularibus
2008 1999 2195 2070 (Psal.

620 2128 736 2176 vm,
770 2124 933 2172 Lxxx,
966 2115 1011 2161 et
1042 2101 1283 2172 uuln)
1316 2119 1328 2154 :
1359 2101 1410 2155 in
1441 2099 1635 2155 arbore
1656 2099 1894 2163 libertas,
1940 2096 1991 2151 in
2023 2104 2201 2150 torcu-

620 2204 718 2260 lari
750 2216 1016 2274 pressura.
1039 2198 1170 2254 Cum
1196 2196 1338 2251 enim
1364 2210 1450 2249 res
1478 2194 1723 2247 humana:
1763 2197 2110 2246 conteruntur
2147 2197 2202 2244 et

618 2300 931 2367 premuntur
956 2333 971 2357 ,
1028 2286 1259 2344 attendis
1301 2284 1423 2356 quia
1468 2283 1661 2339 crescit
1703 2282 1955 2347 avaritia;
1988 2279 2202 2336 attende

617 2387 739 2458 quia
766 2383 961 2441 crescit
1005 2388 1060 2437 et
1088 2377 1435 2435 continentia.
1470 2376 1649 2442 Quare
1682 2384 1787 2429 tam
1831 2388 2004 2428 caecus
2034 2387 2114 2437 es,
2145 2378 2203 2426 ut

619 2493 887 2537 amurcam
960 2474 1207 2529 fluentem
1258 2484 1352 2542 per
1403 2470 1604 2539 plateas
1668 2465 1881 2532 videas,
1928 2465 2103 2520 oleum
2147 2463 2201 2517 in

618 2571 921 2647 gemellaria
961 2583 1070 2624 non
1116 2566 1339 2621 videas?
1370 2564 1435 2618 Et
1465 2562 1568 2618 hoc
1615 2576 1721 2617 non
1748 2560 1863 2616 sine
1892 2573 2070 2614 causa.
2102 2556 2201 2624 Qui

619 2669 762 2724 enim
785 2664 924 2721 male
951 2670 1251 2723 versantur,
1300 2658 1511 2729 publice
1559 2656 1671 2711 noti
1691 2665 1852 2718 sunt;
1883 2654 1973 2725 qui
2023 2661 2202 2708 autem

620 2774 681 2816 se
705 2762 1024 2814 convertunt
1049 2753 1115 2807 ad
1145 2752 1334 2815 Deum,
1363 2758 1417 2804 et
1459 2764 1490 2803 a
1534 2746 1782 2802 sordibus
1818 2744 2075 2799 malarum
2105 2759 2203 2798 cu-

620 2847 903 2919 piditatum
932 2850 1239 2915 purgantur,
1271 2839 1465 2895 occulti
1492 2847 1613 2893 sunt
1646 2854 1658 2889 :
1687 2837 1807 2907 quia
1828 2844 1883 2890 et
1910 2834 1960 2889 in
1982 2834 2098 2904 ipso
2118 2833 2203 2889 vel

628 2954 694 2997 ex
722 2941 841 3012 ipso
867 2935 1119 2992 torculari
1149 2948 1363 2989 amurca
1401 2938 1585 3001 aperte
1613 2929 1749 2995 ﬂuit,
1791 2928 1967 2983 oleum
1997 2927 2207 2983 occulte

626 3031 909 3105 cliquatur.

697 3126 785 3183 to.
819 3120 1139 3180 Acclamatis
1166 3118 1231 3175 ad
1262 3119 1394 3183 ista,
1421 3126 1477 3173 et
1504 3113 1745 3187 gaudetis
1790 3113 1855 3169 ad
1904 3113 2041 3179 ista;
2081 3113 2204 3183 quia

618 3220 728 3292 jam
751 3215 974 3291 potestis
1000 3212 1188 3270 sedere
1216 3226 1378 3283 super
1397 3209 1613 3265 ﬂumina
1644 3207 1949 3280 Babylonis,
1973 3215 2027 3263 et
2050 3206 2202 3261 ﬂere.

624 3313 707 3371 Illi
734 3320 911 3367 autem
949 3308 1039 3380 qui
1060 3308 1298 3379 captivos
1326 3305 1593 3359 duxerunt
1628 3317 1747 3369 nos,
1774 3300 1985 3372 quando
2013 3300 2212 3355 intrant

623 3405 680 3463 in
718 3402 879 3460 corda
927 3400 1237 3463 hominum,
1281 3407 1335 3453 et
1382 3396 1707 3465 interrogant
1752 3408 1851 3449 nos
1883 3409 1977 3463 per
2004 3392 2211 3463 linguas

627 3509 815 3552 eorum
842 3507 976 3563 quos
1003 3490 1311 3561 possident,
1343 3496 1398 3543 et
1434 3487 1616 3542 dicunt
1659 3485 1813 3541 nobis
1841 3501 1855 3539 :
1886 3483 2095 3539 Cantate
2121 3501 2212 3539 no-

630 3588 705 3643 bis
750 3584 898 3641 verba
924 3584 1276 3646 canticorum;
1318 3579 1524 3635 reddite
1550 3579 1703 3634 nobis
1730 3578 1987 3633 rationem
2013 3577 2214 3632 adven-

630 3690 717 3738 tus
741 3678 959 3745 Christi,
984 3686 1039 3733 et
1064 3690 1184 3747 qua:
1210 3680 1294 3729 est
1318 3672 1419 3726 alia
1438 3672 1565 3725 vita.
1589 3670 1725 3725 Volo
1749 3669 1969 3725 credere
1992 3671 2008 3702 ¹
2035 3686 2050 3736 ;
2082 3669 2216 3726 doce

630 3788 717 3830 me
746 3770 1009 3828 rationem
1039 3782 1205 3838 quare
1226 3764 1356 3819 mihi
1384 3763 1613 3833 imperas
1641 3770 1698 3815 ut
1718 3760 1952 3816 credam.
1974 3761 2216 3831 Respon-

631 3866 733 3922 deo
760 3864 836 3919 illi
882 3870 936 3918 et
960 3862 1080 3916 dico
1111 3877 1126 3913 :
1155 3858 1199 3914 Ο
1229 3857 1407 3921 homo,
1437 3854 1705 3927 quomodo
1730 3870 1834 3909 non
1875 3855 1954 3908 vis
1984 3854 2076 3909 tibi
2107 3854 2212 3908 im-

632 3974 813 4033 perem
842 3965 900 4013 ut
924 3952 1144 4012 credas?
1176 3952 1370 4008 Plenus
1422 3965 1481 4005 es
1521 3948 1673 4004 malis
1699 3946 2075 4017 cupiditatibus
2112 3964 2125 4001 :
2172 3946 2217 4001 si

633 4052 804 4108 dicam
834 4049 972 4105 bona
998 4046 1084 4101 illa
1115 4043 1437 4109 Jerusalem,
1484 4056 1590 4095 non
1633 4056 1692 4095 ea
1718 4039 1897 4109 capis;
1928 4045 2137 4109 oportet
2163 4047 2221 4092 ut

634 4142 961 4202 esinaniaris
987 4154 1092 4211 quo
1122 4138 1310 4209 plenus
1336 4150 1416 4202 es,
1446 4144 1505 4190 ut
1539 4134 1713 4204 possis
1741 4132 1949 4203 impleri
1974 4149 2080 4204 quo
2106 4134 2220 4189 ina-

637 4236 720 4290 nis
747 4250 830 4291 es.
870 4233 1012 4304 Ergo
1047 4230 1153 4286 noli
1196 4230 1355 4284 facile
1384 4227 1507 4282 huic
1527 4226 1722 4295 aliquid
1747 4225 1961 4293 dicere;
2018 4227 2218 4297 lignum

640 4335 724 4383 est
772 4324 967 4385 salicis,
1001 4323 1197 4393 lignum
1221 4330 1305 4377 est
1347 4319 1561 4397 sterile:
1607 4318 1712 4372 noli
1761 4327 2037 4387 percutere
2062 4334 2221 4389 orga-

639 4433 766 4476 num
795 4424 852 4471 ut
878 4422 1053 4481 sonet,
1076 4411 1340 4482 suspende
1363 4412 1558 4481 potius.
1592 4409 1697 4465 Sed
1720 4409 1812 4464 ille
1838 4410 2079 4465 dicturus
2105 4418 2216 4465 est:

638 4514 737 4571 Dic
764 4510 915 4574 mihi,
942 4515 1096 4563 canta
1126 4504 1276 4569 mihi,
1301 4503 1465 4560 redde
1492 4502 1619 4558 mihi
1648 4503 1932 4556 rationem.
1962 4501 2078 4556 Non
2118 4502 2218 4568 vis,

639 4604 831 4676 inquit,
856 4609 912 4657 ut
940 4599 1141 4655 discam
1168 4597 1232 4650 "i
1274 4596 1389 4651 Non
1418 4596 1557 4650 bono
1586 4593 1764 4648 animo
1792 4593 1964 4659 audis,
2011 4609 2113 4647 non
2148 4595 2224 4649 sic

638 4697 823 4772 pulsas
862 4703 918 4749 ut
945 4690 1038 4746 tibi
1068 4688 1286 4761 dignum
1315 4687 1385 4742 sit
1426 4685 1640 4755 aperiri.
1671 4686 1765 4741 Ille
1793 4695 1845 4755 te
1873 4685 2111 4758 implevit
2134 4686 2223 4756 qui

638 4807 727 4849 me
754 4789 1018 4860 captivum
1048 4783 1221 4849 duxit,
1250 4782 1363 4852 ipse
1388 4795 1475 4836 me
1500 4779 1789 4851 interrogat
1817 4779 1885 4835 de
1908 4788 1978 4835 te.
2002 4779 2224 4834 Astutus

639 4894 721 4942 est
753 4926 767 4950 ,
795 4882 981 4939 dolose
1005 4878 1193 4951 quaerit
1222 4894 1237 4931 :
1268 4890 1372 4931 non
1402 4874 1592 4946 quaerit
1615 4873 1742 4945 quid
1769 4873 1956 4939 discat,
1983 4873 2075 4929 sed
2097 4873 2224 4944 quid

640 4974 1014 5049 reprehendat.
1061 4970 1200 5043 Ergo
1219 4982 1318 5040 ego
1341 4981 1446 5023 non
1473 4964 1645 5021 dicam
1669 5005 1685 5032 ,
1718 4963 2035 5036 suspendam
2063 4979 2222 5035 orga-

583 5059 591 5077 ³
638 5084 767 5125 num
795 5082 995 5124 meum.

566 5152 575 5178 ³
718 5166 805 5217 tt.
837 5160 989 5235 [vcrs.
1020 5154 1099 5229 4.]
1120 5154 1227 5212 Sed
1253 5152 1378 5226 quid
1404 5152 1643 5209 dicturus
1667 5158 1751 5207 est
1777 5148 1988 5207 adhuc?
2015 5149 2225 5207 Cantate

644 5255 789 5311 nobis
810 5253 957 5308 verba
976 5250 1304 5313 canticorum,
1332 5255 1535 5301 cantate
1559 5245 1703 5300 nobis
1732 5244 1995 5317 hymnum,
2027 5255 2223 5301 cantate

644 5348 789 5405 nobis
810 5346 872 5401 de
904 5343 1112 5399 canticis
1135 5334 1280 5398 Sion.
1307 5339 1443 5408 Quid
1473 5338 1897 5411 respondemus?
1935 5339 2223 5412 Babylonia

643 5454 699 5500 te
726 5446 922 5513 portat,
946 5431 1231 5506 Baby'lonia
1258 5441 1311 5488 te
1333 5432 1593 5499 continet,
1626 5432 1919 5506 Babylonia
1951 5442 2003 5488 te
2030 5432 2215 5497 nutrit,

645 5533 934 5609 Babylonia
960 5530 1028 5587 de
1054 5538 1106 5584 te
1128 5526 1395 5598 loquitur;
1429 5542 1538 5582 non
1564 5526 1705 5582 nosti
1734 5540 1926 5597 capere
1950 5525 2053 5581 nisi
2078 5526 2219 5597 quod

645 5630 811 5702 fulget
826 5626 893 5684 ad
923 5633 1155 5695 tempus,
1182 5627 1382 5677 aeterna
1408 5618 1654 5676 meditari
1684 5617 1916 5691 ignoras,
1944 5633 2049 5675 non
2076 5617 2223 5689 capis

710 5808 725 5838 ί
762 5807 834 5856 sic
854 5812 931 5854 Er.
958 5808 1011 5851 et
1032 5800 1258 5865 plerique
1293 5803 1399 5848 Mss.
1428 5802 1485 5847 At
1507 5803 1605 5845 Am.
1633 5803 1686 5847 et
1706 5802 1835 5857 Lov.,
1872 5795 1979 5847 noto
2000 5798 2220 5865 credere.

708 5870 728 5900 ²
753 5869 825 5918 sic
844 5862 1155 5930 aliquot'ttss.
1173 5862 1228 5912 At
1247 5869 1346 5912 Am.
1370 5866 1417 5930 et
1442 5865 1515 5930 Er.
1534 5872 1643 5930 cum
1660 5868 1867 5930 quatuor
1884 5867 2011 5910 Mss:
2024 5870 2121 5911 Non
2138 5862 2223 5923 vis,

648 5930 797 5999 nqnit,
823 5922 1195 5978 utdicamdm.
1224 5939 1235 5975 :
1276 5924 1389 5977 Novi
1426 5922 1533 5986 quis
1556 5922 1703 5972 dicat.

1807 418 1866 474 S.
1903 406 2266 473 AUGUSTINI
2298 408 2595 465 EPISCOPI

3692 417 3802 474 1768

2291 523 2433 593 quod
2463 523 2776 591 interrogas.
2824 520 3085 589 Quomodo
3123 522 3429 577 cantabimus
3456 523 3684 583 canticum
3715 534 3804 588 υο.

2290 617 2412 670 mini
2424 617 2476 669 in
2498 626 2629 670 terra
2653 616 2819 669 aliena
2835 616 2859 669 ?
2875 615 3027 681 Vere,
3044 615 3255 681 fratres,
3271 617 3347 671 sic
3359 626 3456 671 est.
3483 618 3678 693 Incipite
3698 629 3806 683 velle

2290 708 2580 777 praedicare
2593 708 2865 762 veritatem
2878 707 3410 778 quantulamcumque
3422 711 3596 778 nostis,
3608 723 3655 769 et
3667 718 3807 777 videte

2291 815 2451 871 quam
2477 816 2698 856 necesse
2721 801 2789 855 sit
2810 809 2866 854 ut
2895 801 3026 855 tales
3050 800 3326 870 patiamini
3354 801 3602 869 irrisores.
3630 821 3807 867 exacto-

2292 907 2382 947 res
2426 893 2683 959 veritatis,
2734 893 2917 961 plenos
2960 892 3223 947 falsitatis.
3272 892 3592 963 Respondete
3618 898 3706 954 illis
3727 917 3803 958 ex-

2294 987 2555 1056 igentibus
2577 1002 2607 1041 a
2631 986 2778 1041 vobis
2799 1001 2917 1056 quze
2936 1001 3127 1056 capere
3147 1000 3252 1041 non
3278 997 3513 1057 possunt,
3531 998 3582 1045 et
3602 991 3737 1048 dicite
3756 1011 3806 1051 ex

2294 1080 2485 1135 fiducia
2533 1081 2701 1134 sancti
2750 1079 2940 1133 cantici
2982 1078 3184 1145 vestri,
3246 1078 3504 1145 Quomodo
3548 1084 3809 1142 cantabimus

2296 1172 2544 1225 canticum
2564 1170 2771 1224 Domini
2800 1171 2852 1223 in
2875 1178 3007 1223 terra
3031 1169 3245 1223 aliena?

2368 1264 2455 1317 12.
2486 1262 2590 1318 Sed
2620 1262 2740 1317 vide
2768 1261 3037 1333 quomodo
3062 1262 3291 1317 verseris
3316 1261 3452 1317 inter
3472 1278 3576 1329 eos,
3602 1279 3631 1319 o
3662 1271 3814 1338 populo

2299 1357 2413 1423 Dei,
2453 1372 2486 1411 ο
2512 1371 2705 1426 corpus
2729 1356 2923 1411 Christi
2950 1398 2964 1422 ,
2996 1371 3028 1410 o
3053 1370 3312 1427 generosa
3343 1358 3672 1427 peregrinatio
3701 1360 3814 1431 (non

2297 1464 2356 1504 es
2385 1448 2528 1515 hinc,
2557 1448 2770 1503 aliunde
2792 1450 2907 1517 es);
2940 1464 3007 1504 ne
3028 1464 3147 1503 cum
3172 1449 3245 1503 illi
3274 1449 3364 1519 qui
3388 1449 3477 1504 tibi
3502 1450 3684 1517 dicunt,
3707 1453 3812 1509 Can-

2299 1549 2398 1595 tate
2423 1541 2565 1594 nobis
2588 1542 2735 1595 verba
2760 1542 3089 1605 canticorum,
3112 1541 3265 1595 dicite
3291 1541 3431 1596 nobis
3459 1542 3695 1612 hymnum,
3714 1561 3813 1600 can-

2300 1642 2401 1687 tate
2420 1632 2563 1687 nobis
2588 1633 2651 1686 de
2692 1633 2900 1687 canticis
2926 1632 3075 1698 Sion,
3104 1633 3257 1703 quasi
3287 1642 3529 1688 amantur
3549 1648 3577 1687 a
3604 1642 3675 1699 te,
3701 1645 3744 1691 et
3760 1638 3819 1691 ai-

2299 1724 2464 1779 fectas
2490 1724 2749 1778 amicitias
2767 1738 2973 1791 eorum,
2997 1733 3049 1781 et
3077 1724 3234 1780 times
3250 1724 3441 1781 talibus
3462 1724 3739 1797 displicere;
3760 1731 3820 1783 in-

2301 1816 2463 1885 cipiat
2476 1824 2528 1871 te
2541 1814 2807 1871 delectare
2819 1816 3132 1887 Babylonia,
3149 1826 3204 1872 et
3220 1816 3545 1873 obliviscaris
3561 1817 3817 1876 Jerusalem.

2302 1908 2414 1964 Hoc
2434 1924 2561 1980 ergo
2588 1908 2780 1964 timens
2803 1908 2921 1963 vide
2941 1908 3068 1979 quid
3092 1909 3367 1978 subjiciat,
3395 1908 3509 1965 vide
3535 1910 3647 1981 quid
3672 1926 3820 1983 sequa-

2303 2011 2407 2057 tur.
2442 2002 2635 2057 Passus
2661 2010 2743 2056 est
2766 2001 2906 2055 enim
2933 2000 3095 2055 homo
3125 2002 3231 2058 istc
3282 2001 3371 2073 qui
3414 2003 3823 2067 cautabat;etiste

2305 2097 2465 2152 homo
2493 2112 2591 2151 nos
2620 2111 2823 2161 sumus,
2854 2096 2897 2151 si
2925 2098 3168 2151 volumus
3192 2113 3207 2148 :
3248 2111 3435 2166 passus
3457 2097 3744 2169 estundique
3764 2107 3822 2153 ta-

2304 2189 2373 2243 lia
2402 2190 2792 2260 interrogantes
2821 2200 2875 2243 et
2915 2188 3225 2245 adulatione
3273 2189 3611 2257 blandientes,
3652 2193 3823 2247 morda-

2304 2284 2437 2338 citer
2485 2282 2960 2355 reprehendentes,
2985 2283 3121 2339 falso
3150 2282 3435 2340 laudantes
3455 2325 3471 2351 ,
3495 2284 3623 2355 quod
3646 2299 3735 2340 non
3756 2300 3825 2340 ca-

2308 2378 2458 2448 piunt
2486 2381 2779 2449 exigentes,
2808 2394 2914 2449 quo
2944 2380 3086 2449 pleni
3115 2389 3249 2436 sunt
3288 2379 3504 2436 fundere
3527 2381 3764 2448 nolentes;
3788 2392 3828 2440 et

2306 2471 2444 2525 inter
2468 2471 2651 2525 turbas
2682 2471 2865 2525 talium
2905 2480 3155 2542 tanquam
3184 2472 3513 2543 periclitans,
3555 2476 3710 2530 erexit
3729 2476 3819 2531 ani-

2306 2578 2450 2617 mum
2494 2562 2560 2617 ad
2590 2563 3015 2619 recordationem
3055 2563 3183 2619 Sion
3208 2605 3229 2631 ,
3262 2574 3318 2621 et
3353 2566 3717 2621 constrinxitse
3738 2566 3828 2621 talis

2306 2656 2482 2709 anima
2503 2655 2771 2724 juratione
2797 2656 3044 2727 quadam,
3078 2666 3133 2712 et
3162 2658 3245 2712 ait
3278 2676 3291 2712 :
3322 2657 3383 2713 Si
3408 2657 3580 2713 oblitus
3614 2659 3679 2712 tui
3702 2659 3825 2728 fuero,

2305 2744 2628 2813 Jerusalem;
2658 2748 2794 2803 inter
2820 2749 2980 2804 verba
3009 2750 3422 2820 captivantium,
3451 2751 3579 2807 inter
3601 2751 3733 2806 verba
3753 2749 3828 2805 do-

2309 2838 2545 2895 losorum
2569 2882 2584 2907 ,
2620 2840 2757 2896 inter
2784 2841 2943 2896 verba
2981 2842 3119 2898 male
3149 2843 3606 2916 interrogautium,
3633 2858 3827 2915 quaren-

2308 2930 2439 2985 tium
2466 2939 2523 2985 et
2546 2932 2751 2988 discere
2774 2934 3089 2989 nolentium.

2382 3027 2469 3081 15.
2497 3026 2637 3083 Ecce
2667 3028 2788 3084 inde
2817 3040 2933 3084 erat
2954 3030 3106 3086 dives
3139 3030 3234 3087 ille
3270 3034 3286 3065 ¹
3313 3033 3401 3103 qui
3424 3032 3675 3087 Dominum
3699 3032 3828 3088 inter-

2311 3121 2516 3189 rogavit
2542 3138 2555 3173 :
2587 3120 2833 3191 Magister
2862 3122 3017 3191 bone,
3040 3123 3163 3193 quid
3184 3125 3381 3195 faciant
3402 3136 3451 3179 ut
3476 3126 3615 3178 vitam
3642 3135 3830 3180 aeternam

2312 3215 2630 3286 consequar?
2677 3214 2864 3271 Nonne
2906 3215 2975 3271 de
3014 3216 3120 3271 vita
3168 3226 3379 3273 aeterna
3425 3233 3676 3289 quaerens,
3715 3215 3830 3287 quasi

2315 3310 2581 3365 canticum
2614 3308 2742 3365 Sion
2788 3310 3172 3380 interrogavit?
3198 3310 3370 3366 Serva
3400 3312 3649 3373 mandata,
3687 3309 3745 3363 ait
3776 3307 3831 3361 illl

2318 3403 2592 3457 Dominus.
2618 3402 2686 3457 Et
2706 3402 2797 3457 ille
2827 3402 2894 3457 de
2920 3403 3054 3457 fastu
3074 3443 3088 3469 ,
3112 3418 3231 3459 cum
3276 3404 3538 3472 audisset,
3563 3402 3667 3456 1am
3700 3399 3834 3454 omnia

2316 3496 2461 3560 lucc,
2490 3495 2696 3565 inquit,
2742 3495 2942 3567 implevi
2982 3512 3014 3548 a
3048 3496 3321 3566 juventute
3370 3515 3495 3552 mea.
3540 3497 3601 3552 Et
3632 3494 3833 3549 Dominus

2318 3586 2451 3641 dixit
2477 3587 2551 3641 illi
2584 3586 2835 3657 quiddam
2864 3586 2933 3642 de
2968 3587 3190 3643 canticis
3220 3587 3358 3644 Sion
3384 3631 3400 3654 ,
3428 3597 3482 3645 et
3517 3596 3707 3644 noverat
3726 3583 3833 3655 quod

2320 3692 2425 3733 non
2455 3689 2703 3749 caperet;
2754 3680 2847 3735 sed
2881 3680 3181 3750 exemplum
3225 3681 3383 3738 dedit
3419 3682 3588 3746 nobis,
3624 3678 3835 3751 quomodo

2320 3770 2470 3823 multi
2522 3779 2762 3840 quaerant
2789 3770 2938 3840 quasi
2968 3761 3248 3826 consilium
3282 3772 3347 3827 ad
3369 3773 3523 3828 vitam
3542 3776 3837 3833 :cternam,et

2322 3860 2523 3915 tamdiu
2572 3876 2672 3915 nos
2721 3862 2964 3927 laudent,
3012 3863 3271 3933 quamdiu
3312 3864 3697 3935 respondeamus
3729 3857 3834 3929 quod

2322 3962 2590 4022 quaerunt.
2626 3954 2780 4009 Dedit
2803 3953 2869 4010 de
2900 3955 2991 4009 illo
3016 3954 3407 4012 documentum
3430 3998 3446 4024 ,
3478 3966 3700 4025 tanquam
3722 3950 3836 4007 nobis

2323 4043 2545 4101 dicturis
2570 4046 2852 4115 aliquando
2875 4047 3067 4101 talibus
3111 4047 3449 4116 hominibus,
3484 4047 3714 4116 Quomodo
3742 4058 3837 4096 can-

2325 4136 2539 4190 tabimus
2582 4138 2832 4191 canticum
2876 4137 3084 4192 Domini
3111 4139 3164 4193 in
3216 4149 3354 4194 terra
3382 4140 3581 4194 aliena?
3603 4138 3720 4193 Ecce
3750 4135 3834 4188 ait:

2334 4227 2421 4282 Vis
2447 4245 2549 4283 esse
2581 4230 2871 4299 perfectus?
2911 4228 3049 4284 Vade
3072 4271 3086 4295 ,
3122 4231 3282 4285 vende
3301 4234 3467 4286 omnia
3493 4246 3598 4301 qua:
3619 4228 3764 4290 habes,
3802 4232 3837 4276 et

2325 4321 2393 4374 da
2424 4321 2727 4391 pauperibus
2750 4363 2764 4385 ,
2788 4331 2833 4376 et
2865 4321 3065 4376 habebis
3090 4323 3381 4377 thesaurum
3417 4323 3469 4377 in
3498 4322 3644 4382 celo;
3666 4315 3806 4373 ιεωηὶ
3823 4352 3835 4377 ν

2324 4429 2526 4483 sequere
2552 4430 2647 4467 me.
2679 4412 2747 4468 Ut
2774 4412 2946 4469 discat
2972 4416 3135 4470 multa
3160 4416 3367 4470 cantica
3406 4415 3471 4471 de
3489 4412 3688 4469 canticis
3704 4408 3833 4469 Sion,

2328 4506 2474 4575 prius
2504 4505 2880 4577 impedimenta
2923 4507 3131 4578 rejiciat
3155 4547 3171 4575 ,
3221 4507 3494 4577 expeditus
3528 4501 3759 4562 ambulet,
3788 4509 3838 4551 ne

2328 4598 2437 4653 ullo
2461 4613 2624 4653 onere
2665 4608 3066 4669 przrgravetur;
3095 4608 3151 4654 et
3174 4598 3345 4655 discet
3367 4596 3556 4670 aliquid
3584 4596 3643 4650 de
3666 4587 3839 4649 canticis

2327 4690 2475 4747 Sion.
2511 4691 2603 4746 llle
2638 4702 2813 4747 autem
2843 4691 3183 4747 contristatus
3201 4692 3480 4748 abscessit.
3510 4689 3727 4744 Dicamus
3750 4685 3840 4752 post

2328 4784 2472 4838 illum
2494 4826 2509 4851 ,
2545 4784 2810 4851 Quomodo
2842 4785 3149 4839 cantabimus
3164 4786 3412 4839 canticum
3440 4783 3635 4838 Domini
3657 4780 3703 4833 in
3735 4785 3839 4829 terra

2329 4878 2494 4933 aliena
2515 4880 2540 4932 .9
2569 4877 2638 4933 Et
2664 4879 2755 4934 ille
2795 4878 3007 4949 quidem
3028 4877 3310 4945 discessit;
3339 4893 3485 4949 spem
3522 4885 3680 4931 tamen
3704 4864 3840 4924 diviti-

2328 4972 2427 5027 bus
2453 4972 2706 5027 Dominus
2753 4971 2916 5027 dedit.
2958 4971 3090 5026 Nam
3134 4970 3429 5027 contristati
3470 4962 3691 5037 discipuli
3724 4960 3842 5014 disco

2329 5076 2456 5123 runt
2489 5085 2501 5121 :
2532 5066 2774 5132 Quisnam
2797 5074 2954 5135 potest
2980 5063 3149 5119 salvus
3174 5064 3319 5132 ﬁeri?
3370 5062 3434 5117 Et
3465 5054 3713 5128 respondit
3745 5049 3840 5104 eis:

2333 5162 2482 5226 Quod
2511 5160 2794 5215 hominibus
2824 5156 3132 5229 impossibile
3159 5165 3231 5211 est
3255 5197 3269 5221 ,
3294 5155 3442 5226 facile
3462 5161 3529 5207 est
3556 5148 3651 5203 Deo
3670 5137 3839 5213 (Matt/t-

2331 5270 2416 5307 χιχ
2437 5294 2453 5321 ,
2481 5252 2699 5321 16-26).
2726 5250 2931 5305 [labent
2959 5250 3101 5305 enim
3127 5258 3182 5303 et
3224 5247 3411 5303 divites
3458 5239 3713 5313 quemdam
3750 5244 3840 5321 Ino-

2332 5348 2457 5403 dum
2482 5362 2664 5413 suum,
2696 5355 2751 5402 et
2779 5352 3102 5415 acceperunt
3128 5341 3389 5398 canticum
3434 5337 3500 5393 de
3540 5333 3680 5395 Sion,
3710 5319 3843 5381 cantio

2331 5459 2451 5500 cum
2477 5442 2544 5498 de
2577 5456 2682 5513 quo
2712 5440 2998 5511 Apostolus
3021 5438 3185 5494 dicit:
3214 5433 3443 5501 Prwcipe
3481 5426 3691 5484 divitibus
3722 5414 3843 5513 huius

2332 5536 2504 5591 seaculi
2530 5551 2630 5590 non
2652 5532 2863 5604 superbe
2882 5547 3059 5601 sapere
3080 5572 3095 5599 ,
3126 5545 3281 5601 neque
3321 5540 3520 5596 sperare
3544 5521 3595 5575 in
3611 5519 3771 5572 incerto
3788 5505 3851 5608 άξ-

2331 5629 2564 5684 vitiarum
2584 5670 2597 5693 ,
2628 5627 2715 5682 sed
2758 5626 2813 5680 in
2852 5624 2959 5680 Deo
3010 5626 3117 5679 vivo
3142 5665 3156 5689 ,
3201 5623 3287 5693 qui
3324 5624 3520 5689 prastat
3560 5609 3684 5666 nobis
3718 5610 3854 5658 0mm

2333 5721 2645 5777 abundanter
2684 5719 2752 5773 ad
2788 5718 3079 5789 fruendum.
3141 5716 3468 5787 Adjungens
3515 5702 3629 5778 quid
3671 5695 3857 5755 debeam

2332 5863 2415 5975 iu;
2442 5860 2513 5909 sic
2526 5858 2661 5907 Corb.
2688 5864 2768 5907 Ms.
2791 5862 2844 5907 At
2868 5855 3008 5917 res,
3040 5851 3155 5906 civis
3176 5850 3275 5905 ille.
3298 5844 3526 5909 Plerique
3558 5845 3677 5895 MSS”
3705 5823 3802 5880 civit
3819 5823 3857 5870 τι
