4160 6442
448 354 582 413 1769

428 457 601 537 agere
623 506 637 532 ,
666 463 775 535 jam
810 463 974 535 tangit
1010 479 1264 534 organum
1291 505 1305 529 ,
1334 479 1441 518 non
1469 466 1745 536 suspendit
1774 486 1785 520 :
1818 468 2021 541 Divites.

424 557 541 610 'sint
576 556 630 609 in
660 555 893 625 operibus
927 555 1099 621 bonis,
1146 556 1294 625 facile
1335 556 1586 622 tribuant,
1628 560 2005 627 communicent,

437 647 775 701 thesaurisent
810 646 901 700 sibi
939 647 1317 716 fundamentum
1361 647 1542 701 bonum
1568 648 1620 701 in
1648 652 1905 718 futurum,
1954 658 2008 703 ut

437 738 820 808 apprehendant
868 754 1032 790 verum
1076 739 1226 790 vitam
1270 737 1328 808 (Ι
1358 738 1486 792 Tim.
1505 755 1595 807 γι,
1645 741 1856 812 17-19).
1896 742 2015 797 Hoc-

436 829 696 883 canticum
725 828 791 883 de
815 828 1033 882 canticis
1057 826 1181 882 Sion
1206 828 1395 883 divites
1417 840 1763 899 acceperunt,
1796 833 1967 901 primo
1987 875 2001 900 ,

437 936 534 973 non
559 919 771 988 superbe
788 935 985 987 sapere.
1011 919 1283 974 Extollunt
1321 920 1460 974 enim
1492 920 1725 987 divitia};
1776 930 1829 977 et
1872 938 2005 993 quos

435 1009 732 1075 extollunt,
764 1007 981 1069 ﬂumina
1024 1008 1112 1061 illa
1145 1008 1332 1062 tollunt
1360 1011 1397 1062 ί.
1430 1010 1564 1075 Quid
1590 1026 1717 1081 ergo
1750 1011 1833 1066 his
1866 1029 2017 1082 praem

434 1100 666 1169 cipitur?
692 1100 829 1154 Ante
857 1100 1064 1164 omnia,
1116 1115 1216 1153 non
1258 1101 1469 1169 superbe
1502 1117 1693 1170 sapere.
1736 1101 1885 1169 Quod
1927 1102 2015 1156 fil'x

434 1185 578 1237 ciunt
606 1183 803 1238 divitiae
826 1224 840 1247 ,
877 1186 976 1237 hoc
996 1191 1216 1237 caveant
1236 1183 1289 1238 in
1318 1184 1552 1248 divitiis;
1587 1194 1807 1239 caveant
1843 1186 1896 1240 in
1924 1186 2011 1240 di--
2101 1200 2110 1248 ξ

433 1275 573 1328 vitiis
586 1274 907 1344 superbiam.
924 1272 1097 1342 Ipsum
1111 1273 1251 1328 enim
1266 1274 1461 1328 malum
1475 1275 1703 1344 estquod
1719 1275 2004 1344 important

373 1342 384 1353 ’
434 1342 663 1417 maxime
690 1363 886 1417 divitiae
906 1364 1129 1419 incautis
1157 1363 1477 1419 hominibus.
1497 1364 1609 1419 Non
1634 1366 1774 1419 enim
1813 1380 1998 1420 aurum

434 1455 632 1507 malum
656 1461 771 1520 est,
804 1454 945 1523 quod
981 1455 1121 1508 Deus
1167 1455 1435 1520 condidit;
1468 1456 1562 1510 sed
1590 1458 1763 1512 malus
1784 1466 1863 1513 est
1903 1458 2013 1512 hos.

432 1556 520 1596 mo
542 1556 732 1595 avarus
763 1543 1071 1612 relinquens
1090 1540 1392 1599 Creatorem
1417 1584 1432 1610 ,
1453 1559 1742 1600 conversus
1761 1546 1827 1600 ad
1856 1561 1997 1601 crea—

434 1643 625 1685 turam.
659 1632 771 1685 Hoc
810 1647 935 1701 ergo
960 1633 1029 1687 ibi
1059 1643 1350 1702 praecaveat
1374 1676 1389 1701 ,
1418 1650 1486 1690 ne
1527 1636 1596 1689 sit
1621 1638 1911 1705 superbus,
1944 1632 2014 1715 et:

431 1735 591 1790 super
618 1721 835 1775 ﬂuvium
863 1722 1145 1793 Babylonis
1167 1723 1366 1779 sedeat.
1397 1724 1507 1779 Hoc
1533 1726 1606 1780 illi
1633 1727 1776 1781 enim
1800 1728 1996 1782 dictum
2074 1742 2081 1749 ·

431 1821 512 1866 est
535 1854 549 1877 ,
581 1810 703 1865 Non
727 1814 934 1881 superbe
974 1830 1187 1882 sapere:
1209 1829 1333 1885 ergo
1359 1816 1561 1870 sedeat.
1590 1816 1763 1888 Neque
1798 1834 2008 1891 sperare.

430 1903 484 1955 in
530 1904 722 1955 incerto
749 1903 1035 1955 divitiarum
1070 1922 1081 1957 :
1114 1918 1239 1973 ergo
1264 1920 1422 1974 super
1448 1908 1663 1960 flumina
1710 1908 2005 1985 Babylonis

431 1992 632 2047 sedeat.
656 1992 710 2047 Si
732 1992 870 2046 enim
891 1994 1119 2063 speravit
1140 1994 1191 2049 in
1214 1994 1413 2048 incerto
1430 1994 1751 2060 divitiarum,
1771 1997 2012 2052 trahitur.

431 2099 462 2138 a
481 2084 699 2140 ﬂumine
718 2084 1021 2155 Babylonis.
1036 2084 1091 2140 Si
1110 2101 1233 2140 vero
1248 2086 1601 2142 humiliaverit
1619 2103 1697 2154 se,
1718 2097 1771 2143 et
1792 2104 1893 2143 non
1912 2105 2008 2168 ευῆ
2080 2116 2085 2121 ι

430 2173 706 2241 perbierit,
725 2182 778 2228 et
797 2188 903 2228 non
924 2176 1212 2243 speraverit
1230 2175 1279 2229 in
1298 2177 1499 2231 incerto
1512 2177 1830 2245 divitiarum,
1851 2179 2005 2251 sedet.

430 2277 589 2332 super
626 2262 875 2329 ﬂuvium,
908 2263 1135 2332 suspirat
1169 2273 1381 2320 internae
1418 2266 1709 2322 Jerusalem
1748 2259 2008 2325 recorda-'

430 2359 516 2405 tus
537 2351 700 2415 Sion;
730 2361 782 2407 et
808 2361 862 2406 ut
891 2354 1161 2422 perveniat
1179 2354 1245 2409 ad
1266 2354 1390 2410 Sion
1412 2396 1427 2422 ,
1452 2366 1651 2427 erogat.
1677 2359 1813 2414 Ecce
1834 2360 1995 2415 habes

429 2443 694 2497 canticum
722 2442 861 2512 quod
897 2443 1087 2497 divites
1124 2455 1443 2514 acceperunt
1482 2447 1549 2502 de
1578 2449 1797 2503 canticis
1844 2449 1991 2505 Sion.

429 2530 729 2600 Operentur
748 2573 763 2596 ,
792 2540 1009 2601 tangant
1029 2547 1286 2603 organum
1308 2576 1322 2600 ,
1354 2551 1459 2590 non
1500 2546 1722 2606 vacent,
1749 2554 1867 2593 cum
1913 2540 1997 2594 in-

428 2622 674 2677 venerint
708 2622 974 2677 hominem
1002 2622 1262 2678 dicentem
1293 2625 1390 2678 sibi
1424 2643 1436 2677 :
1465 2626 1603 2693 Quid
1641 2636 1722 2682 est
1746 2629 1885 2698 quod
1913 2628 1992 2682 fa-

428 2712 547 2767 cis?
573 2712 750 2781 perdis
769 2727 855 2766 res
886 2721 999 2766 tuas
1026 2722 1165 2768 tanta
1191 2715 1456 2784 erogando
1480 2733 1494 2780 ;
1541 2716 1837 2772 thesauriza
1874 2718 1994 2772 filiis

430 2801 552 2856 tuis.
584 2800 715 2856 Cum
737 2800 963 2857 viderint
984 2818 1087 2857 non
1117 2818 1325 2872 capere,
1350 2814 1403 2859 et
1425 2806 1776 2861 intellexerint
1796 2808 2005 2878 lignum:

428 2906 549 2946 esse
580 2891 789 2957 salicis,
823 2908 925 2946 non
968 2893 1119 2948 facile
1160 2893 1337 2947 dicant
1362 2909 1522 2963 quare
1560 2903 1747 2966 agant,
1774 2905 1829 2950 et
1869 2898 1995 2967 quid

430 2992 625 3051 agant,
680 2983 1004 3051 suspendant
1051 2999 1247 3054 organa
1293 2986 1345 3037 in
1394 2984 1641 3040 salicibus
1689 2986 2005 3056 Babylonis,

430 3073 629 3128 Praeter
654 3070 841 3128 Salices
871 3084 1047 3129 autem
1078 3086 1325 3141 cantent,
1359 3092 1462 3131 non
1492 3086 1735 3144 cessent,
1763 3092 2007 3153 operen-',

429 3252 591 3319 dant,
621 3265 675 3310 et
721 3265 887 3309 lutum
932 3265 1048 3319 est;
1078 3256 1287 3309 Christo
1310 3257 1712 3321 commendant,
1742 3267 1794 3314 et
1824 3259 2005 3338 periti;

502 3345 589 3399 14.
637 3345 875 3401 Audistis
921 3347 1181 3400 canticum
1231 3346 1448 3400 divitum
1476 3348 1541 3402 de
1584 3351 1800 3405 canticis
1837 3351 1993 3415 Sion;
2086 3366 2095 3376 '

429 3434 606 3489 audite
634 3444 687 3490 et
711 3436 969 3489 canticum
1017 3451 1327 3505 pauperum.
1352 3435 1492 3490 ldem
1514 3435 1704 3492 Paulus
1732 3438 1991 3507 loquitur:

432 3524 583 3579 Nihil
610 3527 867 3580 intulimus
892 3528 942 3579 in
970 3528 1102 3580 hunc
1125 3528 1369 3580 mundum
1394 3566 1409 3594 ,
1434 3527 1523 3580 sed
1551 3543 1638 3581 nec
1665 3531 1864 3599 auferre
1899 3532 2005 3583 alia

428 3616 551 3684 quid
595 3633 855 3685 possumus
901 3634 918 3671 :
953 3618 1132 3671 victum
1177 3629 1223 3671 et
1254 3627 1586 3687 tegumentum
1625 3619 1887 3684 habentes,
1919 3622 1996 3673 his

429 3708 646 3759 contenti
673 3708 848 3759 simus.
890 3706 1024 3757 Nam
1066 3706 1149 3774 qui
1182 3706 1351 3760 volunt
1386 3707 1560 3760 divites
1602 3708 1745 3774 ﬁeri,
1773 3708 1996 3762 incidunt

428 3798 483 3849 in
510 3797 826 3849 tentationem
854 3805 899 3850 et
925 3797 1172 3850 desideria
1193 3796 1350 3849 multa
1368 3838 1381 3861 ,
1413 3797 1568 3849 stulta
1599 3806 1645 3850 et
1674 3800 1823 3852 noxia
1843 3838 1857 3863 ,
1888 3816 2007 3869 quin.

431 3899 658 3958 mergunt
679 3886 925 3940 hominem
946 3888 995 3939 in
1021 3888 1269 3939 interituut
1291 3896 1336 3939 et
1358 3888 1705 3955 perditionem.
1730 3889 1857 3943 Haec
1876 3900 1998 3944 sunt

430 3979 646 4032 ﬂumina
663 3978 962 4049 Babylonis.
975 3978 1138 4031 Radix
1151 3987 1222 4030 est
1240 3977 1367 4029 enim
1381 3978 1600 4029 omnium
1618 3981 1863 4033 malorum
1874 3996 1995 4033 ava-

430 4068 570 4133 ritia;
600 4084 748 4137 quam
776 4068 979 4137 quidam
1012 4077 1292 4139 appetentes
1309 4068 1728 4138 naufragaverunt
1750 4087 1780 4121 a
1800 4070 1901 4138 fide
1920 4114 1934 4138 ,
1953 4086 2008 4138 et,

429 4160 745 4213 inseruerunt
764 4176 815 4212 se
835 4160 1086 4213 doloribus
1113 4161 1283 4214 multis
1315 4160 1495 4231 (Ibid.,
1516 4161 1689 4233 7-10).
1716 4163 1854 4231 Ergo
1874 4178 1999 4217 cono

432 4249 592 4303 traria
613 4263 735 4303 sunt
751 4249 849 4303 ista
867 4250 1101 4303 cantica?
1121 4249 1233 4303 Non
1252 4250 1858 4307 suntcontraria.Videte
1872 4252 1996 4323 quid

431 4338 682 4392 divitibus
699 4338 894 4392 dictum
912 4339 979 4391 sit
999 4357 1011 4391 :
1028 4337 1146 4391 Non
1168 4340 1376 4408 superbe
1396 4357 1589 4410 sapere,
1622 4358 1778 4410 neque
1796 4359 1997 4411 sperare

429 4429 483 4481 in
510 4429 700 4481 incerto
718 4429 1004 4481 divitiarum
1022 4431 1064 4492 ²,
1086 4429 1220 4484 bona
1240 4432 1477 4498 operari,
1502 4431 1731 4486 tribuere
1748 4472 1762 4497 ,
1785 4432 1994 4486 tbesauo

432 4518 605 4573 rizare
636 4518 734 4572 sibi
765 4518 1157 4573 fundamentum
1184 4518 1378 4572 bonum
1424 4521 1475 4573 in
1503 4519 1762 4575 futurum.
1790 4523 1994 4591 Paupe-

430 4609 578 4663 ribus
604 4618 778 4663 autcm
805 4610 928 4679 quid
965 4610 1161 4663 dictum
1187 4612 1307 4663 est?
1341 4610 1438 4678 Qui
1467 4613 1634 4665 volunt
1664 4614 1836 4666 divites
1862 4615 1991 4681 ﬁeri,

433 4700 659 4754 incidunt
688 4701 739 4753 in
768 4701 1105 4755 tentationem.
1152 4701 1265 4754 Non
1296 4701 1461 4764 dixit,
1494 4704 1580 4772 qui
1608 4703 1796 4759 divites
1840 4717 1992 4771 sunt;

434 4790 527 4844 sed
549 4831 564 4855 ,
603 4790 703 4856 Qui
728 4791 898 4844 volunt
942 4790 1117 4845 divites
1147 4792 1273 4860 ﬁeri.
1300 4792 1426 4845 Nam
1458 4793 1499 4845 si
1541 4793 1648 4862 jam
1678 4795 1867 4851 divites
1914 4764 2008 4853 es}.

430 4888 581 4944 sent,
609 4880 835 4934 alterum
867 4881 1124 4933 canticum
1148 4881 1389 4936 audirent
1419 4899 1429 4934 :
1458 4881 1603 4938 dives
1625 4884 1764 4939 audit
1794 4895 1849 4939 ut
1874 4902 1995 4941 ero-
2092 4883 2099 4925 δ

433 4977 521 5037 get
544 5011 559 5035 ,
594 4984 794 5038 panper
822 4970 968 5023 audit
998 4986 1063 5023 ne
1090 4970 1375 5025 desideret.

503 5061 589 5114 15.
625 5058 772 5131 [vers.
805 5061 856 5115 5.
886 5060 905 5132 ]
933 5059 1035 5115 Sed
1067 5077 1185 5115 cum
1213 5063 1346 5117 inter
1393 5063 1518 5118 tales
1557 5068 1868 5133 versamini,
1910 5071 1997 5138 qui

433 5166 537 5205 non
588 5151 801 5219 capiunt
844 5151 1105 5205 canticum
1155 5151 1315 5219 Sion,
1362 5155 1696 5223 suspendite,
1750 5165 1805 5210 ut
1854 5159 1995 5223 dixi,

432 5254 628 5308 organa
658 5241 709 5292 in
739 5238 988 5294 salicibus
1028 5240 1079 5293 in
1126 5241 1298 5294 medio
1332 5241 1481 5309 ejus;
1514 5242 1721 5299 differte
1764 5262 1880 5314 quae
1916 5247 1995 5299 di-

433 5330 567 5382 cturi
589 5330 735 5383 estis.
766 5329 1028 5399 Incipiunt
1055 5347 1171 5386 esse
1215 5331 1353 5400 ligna
1384 5331 1647 5387 fructuosa
1667 5375 1682 5397 ,
1733 5345 2001 5390 mutantur

434 5420 685 5484 arbores,
715 5429 769 5474 et
796 5420 1071 5475 habebunt
1110 5422 1332 5475 fructum
1360 5423 1556 5478 bonum
1594 5443 1605 5477 :
1639 5426 1704 5479 ibi
1736 5427 1840 5494 jam
1879 5409 2013 5517 “CCI;

435 5506 591 5561 nobis
637 5518 850 5563 cantare
900 5509 952 5562 in
998 5526 1151 5564 aures
1192 5513 1537 5567 audientium.
1568 5512 1671 5567 Sed
1719 5531 1836 5569 cum
1865 5519 2000 5571 inter

540 5617 611 5664 sic
631 5618 768 5664 norb.
794 5623 877 5665 Ms.
905 5618 989 5666 Alii
1012 5632 1120 5667 eum
1143 5620 1276 5677 add,
1294 5620 1539 5671 extollunt.

495 5679 517 5707 ³
542 5682 554 5723 1
568 5680 668 5751 bird
712 5685 907 5751 Veniet
927 5687 1034 5751 Lov:
1076 5682 1143 5727 sic
1169 5680 1339 5742 legunt
1368 5698 1378 5729 :
1408 5682 1710 5745 diritiarum;
1743 5685 1826 5734 sed
1849 5687 2001 5751 magis

432 5735 552 5785 tona
568 5738 778 5798 Dperari,
806 5747 898 5787 etc.
997 5746 1052 5785 at.

678 5821 901 5881 Sascr.
945 5826 1212 5882 AL'uusr.
1262 5824 1365 5882 IV.

1458 351 1849 412 ENARRATIO
1889 355 1954 412 IN
1991 355 2309 417 PSALMUM
2344 306 2648 422 CXXXVL.’

3546 380 3683 439 I770

2119 494 2247 550 istos
2275 497 2671 567 obstrepentes,
2705 500 2840 557 male
2867 500 3269 575 interrogantes,
3309 509 3518 567 veritati
3546 517 3681 570 resi-

2114 591 2315 640 stentes
2339 589 2657 655 versamini,
2688 590 2998 663 obstringile
3036 611 3130 650 vos
3156 611 3261 651 non
3288 599 3367 654 eis
3399 601 3535 657 velle
3561 604 3647 672 pla
3664 636 3681 648 -

2111 684 2267 741 .cere,
2300 690 2367 730 ne
2412 676 2790 735 Obliviscamini
2817 682 3147 752 Jerusalem;
3191 696 3245 742 et
3268 688 3408 744 dicat
3436 707 3539 746 una
3565 695 3681 747 ani-

2113 782 2198 821 ma
2217 776 2419 836 vestra,
2444 771 2577 827 facta
2603 789 2707 828 una
2736 789 2802 829 ex
2824 778 2999 832 multis
3028 794 3153 847 pace
3179 780 3406 850 Christi,
3434 783 3575 839 dicat
3596 786 3680 855 ip-

2112 871 2168 911 sa
2199 860 2402 929 captiva
2424 861 2714 918 Jerusalem
2738 865 2821 920 hic
2848 881 3009 937 agens
3038 870 3246 924 interra
3275 891 3287 924 :
3315 872 3376 926 Si
3397 874 3579 928 oblitus
3603 877 3678 929 tui

2104 946 2254 1014 fuero
2273 990 2287 1016 ,
2318 948 2628 1017 Jerusalem,
2662 955 2977 1009 obliviscatur
3006 974 3082 1010 me
3105 959 3308 1013 dextera
3336 978 3466 1016 mea.
3496 963 3676 1019 Vehe-

2104 1047 2314 1094 menter
2359 1056 2417 1096 se
2447 1044 2796 1111 constrinxit,
2827 1046 3014 1100 fratres
3058 1051 3158 1103 mei
3195 1068 3207 1103 :
3243 1050 3577 1109 Obliviscatur
3596 1074 3674 1111 me

2110 1127 2311 1182 dextera
2331 1148 2471 1197 mea;
2492 1135 2743 1187 atrociter
2771 1150 2829 1189 se
2858 1137 3123 1206 obligavit.
3151 1140 3375 1196 Dextera
3390 1154 3569 1200 nostra
3591 1157 3674 1202 est

2103 1216 2210 1270 ivita
2228 1226 2445 1284 aeterna,
2478 1222 2691 1276 sinistra
2719 1234 2898 1279 nostra
2926 1229 3129 1281 estvita
3162 1233 3484 1299 temporalis.
3505 1236 3673 1302 Quid-

2101 1309 2231 1376 quid
2258 1309 2386 1365 facis
2412 1324 2625 1382 propter
2654 1315 2809 1368 vitam
2839 1326 3086 1372 aeternam
3105 1361 3118 1383 ,
3148 1319 3363 1376 dextera
3402 1337 3670 1393 operatur.

2101 1396 2164 1451 Si
2211 1398 2451 1454 charitati
2478 1403 2600 1457 vita:
2626 1412 2837 1459 mternae
2881 1408 2934 1460 in
2984 1410 3230 1477 operibus
3259 1412 3356 1466 tuis
3398 1415 3674 1471 miscueris

2106 1488 2587 1556 concupiscentiam
2632 1492 2753 1546 vitae
2794 1496 3098 1563 temporalis
3118 1538 3133 1562 ,
3164 1507 3253 1551 aut
3287 1501 3457 1556 laudis
3488 1503 3674 1558 huma-

2104 1592 2187 1630 nm
2209 1618 2223 1644 ,
2269 1587 2359 1632 aut
2406 1581 2627 1650 alicujus
2674 1584 2939 1639 commodi
2981 1587 3249 1642 saecularis
3280 1606 3293 1654 ;
3321 1595 3566 1661 cognovit
3596 1597 3671 1649 si-

2092 1664 2269 1753 ‘nistra
2298 1676 2384 1721 tua
2412 1669 2535 1737 quid
2583 1670 2739 1724 faciat
2764 1672 2977 1727 dextera
3007 1684 3114 1728 tua.
3149 1676 3215 1730 Et
3254 1680 3421 1732 nostis
3467 1696 3585 1737 esse
3615 1684 3668 1737 in

2102 1765 2369 1825 prmcepto
2417 1758 2717 1827 Evangelii,
2752 1760 2958 1815 Nesciet
2995 1764 3196 1817 sinistra
3240 1776 3324 1819 tua
3363 1769 3483 1837 quid
3516 1774 3669 1841 faciat

2101 1847 2305 1900 dextera
2333 1856 2417 1901 tua
2444 1849 2656 1918 (Matth.
2690 1868 2739 1904 vi
2764 1892 2779 1916 ,
2808 1852 2882 1922 5).
2909 1853 2970 1907 Si
2990 1854 3169 1909 oblitus
3196 1872 3339 1926 ergo,
3370 1859 3536 1928 inquit
3559 1902 3572 1926 ,
3596 1864 3669 1917 tui

2104 1936 2273 2003 fuero,
2301 1937 2581 2007 Jerusalem
2608 1981 2620 2003 ,
2647 1942 2963 1995 obliviscatur
2983 1960 3060 1998 me
3078 1944 3283 1999 dextera
3306 1964 3433 2000 mea.
3458 1950 3525 2003 Et
3547 1967 3669 2006 vere

2093 2014 2180 2104 isic
2235 2028 2536 2099 contingit:
2582 2032 2983 2099 praenuntiavit,
3034 2049 3139 2087 non
3191 2037 3408 2104 optavit,
3454 2038 3669 2097 Talibus

2091 2103 2190 2186 'qui
2242 2119 2624 2174 obliviscuntur
2671 2121 2994 2188 Jerusalem,
3048 2124 3149 2178 hoc
3203 2103 3459 2198 contingit
3526 2133 3669 2200 quod

2090 2207 2274 2287 edixit;
2319 2208 2645 2263 obliviscitur
2691 2211 2809 2265 illos
2853 2211 3075 2267 dextera
3124 2228 3307 2270 eorum
3339 2233 3351 2268 :
3384 2218 3488 2272 vita
3527 2222 3670 2277 enim

2101 2307 2297 2354 interna
2348 2307 2525 2354 manet
2559 2299 2612 2353 in
2656 2315 2752 2365 se;
2799 2300 2871 2355 illi
2912 2313 3190 2359 remanent
3229 2306 3280 2360 in
3320 2307 3669 2368 delectatione

2103 2393 2455 2460 temporali,et
2480 2394 2672 2449 faciunt
2696 2394 2794 2450 sibi
2824 2395 3067 2451 dextrum
3098 2399 3237 2469 quod
3272 2401 3542 2459 sinistrum
3564 2415 3666 2460 est.

2077 2462 2100 2563 1
2171 2483 2257 2537 16.
2289 2483 2546 2540 lntendite
2568 2486 2631 2541 ad
2654 2488 2752 2542 ista
2772 2528 2787 2554 ,
2809 2488 2999 2544 fratres
3022 2507 3035 2556 ;
3058 2462 3274 2562 prepter
3292 2494 3560 2551 dexteram
3583 2499 3667 2557 in-

2099 2572 2303 2627 sinuem
2327 2573 2426 2629 hoc
2452 2575 2600 2630 vobis
2620 2618 2634 2644 ,
2664 2588 2916 2647 quantum
2941 2580 3195 2637 Dominus
3218 2584 3397 2652 donat,
3427 2587 3493 2641 ad
3519 2590 3667 2644 salu-

2098 2670 2204 2716 tem
2231 2664 2484 2718 omnium.
2512 2667 2825 2722 Meministis
2854 2668 3082 2726 fortasse
3108 2673 3193 2727 hic
3226 2676 3241 2706 ¹
3269 2691 3355 2730 me
3380 2678 3664 2748 aliquando

2099 2760 2354 2807 tractasse
2375 2754 2441 2809 de
2471 2756 2783 2824 quibusdam
2808 2800 2822 2825 ,
2853 2760 2938 2828 qui
2969 2762 3108 2829 quod
3154 2764 3422 2820 sinistrum
3454 2777 3565 2834 est,
3594 2771 3668 2822 ta-

2092 2842 2498 2898 ciuntdextrum
2519 2861 2533 2909 ;
2558 2845 2609 2899 id
2631 2856 2709 2901 est
2731 2888 2744 2912 ,
2776 2848 2864 2916 qui
2894 2852 3205 2918 temporalia
3245 2840 3381 2908 bona
3411 2856 3530 2925 plus
3572 2859 3663 2913 ha-

2096 2930 2262 2999 bent,
2299 2943 2351 2989 et
2404 2935 2455 2988 in
2500 2936 2613 2990 istis
2650 2937 3029 2996 beatitudinem
3077 2952 3316 3012 ponunt,
3363 2947 3666 3016 ignorantes

2098 3038 2215 3091 quae
2235 3023 2301 3078 sit
2332 3038 2454 3079 vera
2485 3024 2707 3082 felicitas
2725 3068 2738 3091 ,
2762 3042 2886 3083 vera
2906 3028 3122 3085 dextera
3142 3032 3241 3102 (a).
3267 3034 3373 3088 Hos
3395 3035 3665 3106 Scriptura

1720 3093 2007 3195 1333‘???
2072 3093 2235 3195 Lfilios
2280 3114 2482 3170 alienos
2532 3116 2658 3170 dicit
2683 3158 2698 3182 ,
2729 3128 2975 3187 tanquam
3028 3122 3169 3177 cives
3198 3138 3302 3177 non
3331 3093 3622 3182 Jerusaiem
3646 3172 3661 3195 ,

429 3170 534 3217 tur.
557 3163 672 3218 Non
699 3165 839 3219 enim
860 3165 1083 3233 perdunt
1107 3166 1245 3235 quod
1272 3176 1507 3237 erogant.
1534 3167 1699 3223 Servo
1719 3183 2005 3227 commend,
2072 3182 2097 3202 ³

2098 3202 2191 3257 sed
2238 3204 2537 3274 Babyloniae
2568 3223 2579 3257 :
2608 3205 2733 3261 dicit
2775 3208 2916 3262 enim
2968 3211 3193 3279 quodam
3230 3213 3347 3269 loco
3393 3217 3662 3285 psalmus,
3704 3210 3721 3226 '

2102 3291 2312 3348 Domine
2333 3335 2348 3359 ,
2372 3294 2528 3350 libera
2557 3312 2634 3348 me
2658 3297 2718 3350 de
2740 3314 2889 3350 manu
2918 3300 3139 3367 ﬁliorum
3182 3303 3458 3359 alienorum
3481 3347 3497 3374 ,
3537 3326 3666 3377 quo-

2097 3397 2210 3435 rum
2230 3399 2284 3437 os
2314 3383 2533 3437 locutum
2561 3396 2631 3439 est
2659 3388 2923 3442 vanitatem
2942 3430 2957 3454 ,
2978 3398 3024 3442 et
3046 3391 3250 3447 dextera
3269 3409 3438 3449 eorum
3459 3396 3665 3453 dextera

2098 3473 2394 3541 iniquitatis.
2424 3474 2673 3544 Sequitur
2699 3478 2840 3532 enim
2865 3521 2880 3545 ,
2910 3488 2964 3533 et
2987 3480 3114 3535 dicit
3147 3500 3159 3534 :
3197 3483 3421 3549 Quorum
3446 3485 3544 3559 ﬁlii
3578 3504 3666 3542 eo-

2096 3578 2213 3615 rum
2236 3564 2363 3616 sicut
2389 3565 2595 3620 novellte
2619 3568 2982 3635 constabilitas;
3013 3570 3134 3635 ﬁlia:
3156 3586 3328 3627 eorum
3351 3586 3544 3632 ornata:
3568 3578 3667 3632 sic-

2095 3660 2151 3704 ut
2175 3653 2450 3709 similitudo
2481 3656 2652 3725 templi
2677 3672 2697 3720 ;
2732 3660 2937 3712 cellaria
2983 3677 3150 3714 eorum
3180 3664 3358 3732 plena,
3390 3671 3666 3722 eructantia

2098 3759 2161 3796 ea;
2187 3747 2279 3799 hoc
2308 3745 2362 3798 in
2396 3746 2526 3808 hoc;
2553 3763 2665 3800 oves
2708 3766 2876 3801 eorum
2905 3751 3136 3820 fecundis
3160 3794 3172 3816 ,
3201 3755 3588 3821 multiplicantes
3612 3761 3665 3811 in

2099 3834 2312 3887 exitibus
2338 3836 2441 3888 suis
2464 3850 2483 3897 ;
2510 3837 2649 3889 boves
2671 3852 2840 3889 eorum
2860 3853 3042 3892 crassis
3067 3854 3086 3891 :
3112 3857 3210 3893 non
3238 3851 3308 3895 est
3336 3844 3482 3896 ruina
3510 3848 3661 3913 scpis,

2095 3937 2188 3975 nec
2218 3924 2407 3975 clamor
2445 3925 2497 3976 in
2535 3925 2713 3993 plateis
2741 3942 2928 3978 eorum.
2961 3928 3221 3997 Numquid
3267 3931 3462 3986 habere
3510 3935 3661 3990 istam

2100 4011 2437 4079 felicitatem,
2480 4015 2581 4068 hoc
2604 4017 3143 4085 cstpeccareiNon;
3183 4021 3274 4076 sed
3316 4023 3491 4079 facere
3518 4026 3662 4081 illam

2090 4104 2401 4170 ,dexteram,
2433 4121 2550 4160 cum
2578 4107 2647 4162 sit
2678 4108 2910 4183 sinistra.
2940 4111 3224 4181 Propterea
3254 4123 3497 4184 secutus,
3538 4120 3666 4188 quid

2094 4196 2210 4249 ait?
2236 4196 2446 4250 Beatum
2475 4198 2706 4252 dixerunt
2732 4201 2975 4269 pupulum
3004 4204 3085 4256 cui
3113 4204 3218 4258 haec
3243 4214 3376 4261 sunt.
3407 4207 3543 4264 Ecce
3567 4226 3668 4265 un-

2101 4287 2166 4341 de
2209 4289 2440 4342 locutum
2484 4298 2565 4344 est
2599 4305 2658 4344 os
2699 4306 2881 4346 eorum
2922 4294 3206 4350 vanitatem
3232 4338 3245 4361 ,
3283 4298 3405 4366 quia
3453 4299 3664 4356 beatum

2099 4379 2345 4435 dixerunt
2370 4382 2621 4451 populum
2644 4383 2727 4437 cui
2757 4383 2870 4439 haec
2902 4395 3043 4440 sunt.
3072 4385 3150 4440 Tu
3190 4389 3403 4457 quidem
3434 4392 3563 4447 civis
3608 4410 3667 4448 cs

2099 4470 2391 4526 Jerusalem
2422 4474 2473 4537 ’,
2500 4474 2586 4543 qui
2613 4491 2715 4528 non
2743 4475 3070 4533 Oblivisceris
3094 4478 3418 4547 Jerusalem,
3446 4498 3513 4537 ne
3538 4482 3670 4537 obli-

2082 4562 2332 4616 viscatur
2354 4570 2406 4617 te
2428 4562 2641 4617 dextera
2669 4572 2753 4617 tua
2778 4580 2791 4624 ;
2823 4580 2949 4619 ecce
2976 4566 3047 4620 illi
3079 4568 3167 4636 qui
3195 4568 3355 4632 locuti
3378 4580 3501 4625 sunt
3522 4575 3669 4625 vani-

2101 4658 2289 4718 tatem,
2322 4653 2535 4707 beatum
2566 4652 2811 4707 dixerunt
2838 4656 3085 4723 populum
3117 4656 3200 4709 cui
3242 4657 3355 4711 bare
3385 4669 3507 4712 sunt
3541 4676 3553 4712 :
3582 4661 3667 4712 dic

2101 4740 2233 4794 mihi
2257 4751 2310 4794 tu
2335 4742 2595 4796 canticum
2624 4743 2769 4797 Sion.
2804 4743 3016 4808 Beatus,
3048 4745 3252 4813 inquit,
3282 4746 3501 4815 populus
3522 4751 3665 4809 cuius

2090 4808 2350 4901 {Dominus
2377 4831 2514 4886 Deus
2544 4834 2704 4903 ipsius
2744 4834 2909 4903 (Psal.
2943 4848 3133 4896 cum,
3178 4835 3390 4904 11-15).
3431 4837 3665 4892 Interro-

2097 4922 2220 4991 gate
2245 4922 2405 4977 corda
2431 4933 2604 4978 vestra
2627 4965 2641 4988 ,
2675 4922 2898 4985 fratres,
2938 4922 2983 4977 si
3013 4923 3327 4978 desideratis
3354 4926 3488 4980 bona
3533 4928 3623 4980 Dei
3648 4969 3662 4989 .

2103 5012 2145 5064 si
2177 5011 2489 5065 desideratis
2538 5013 2804 5065 civitatem
2839 5011 2978 5063 illam
3018 5010 3308 5065 Jerusalem
3331 5054 3345 5076 ,
3378 5014 3421 5066 si
3461 5028 3659 5068 concu-

2096 5100 2303 5168 piscitis
2330 5101 2491 5153 vitam
2520 5108 2790 5153 :eternam.
2833 5099 3014 5153 Omnis
3054 5100 3152 5153 ista
3200 5108 3409 5155 terrena
3439 5097 3661 5158 felicitas

2090 5181 2317 5243 fsinistra
2340 5189 2489 5242 vobis
2509 5189 2613 5251 sit;
2646 5188 2730 5240 iila
2759 5187 2827 5240 sit
2852 5187 3069 5241 dextera
3096 5203 3250 5257 quam
3274 5204 3485 5259 semper
3505 5192 3662 5246 habe.

2094 5264 2226 5345 tbitis
2257 5299 2268 5333 :
2299 5288 2353 5333 et
2397 5280 2439 5332 si
2467 5278 2753 5332 habueritis
2797 5279 3060 5332 sinistram
3084 5319 3097 5340 ,
3144 5280 3308 5335 nolite
3343 5281 3410 5337 de
3452 5284 3662 5338 sinistra

2090 5368 2442 5439 praesumere.
2465 5368 2647 5422 Nonne
2694 5368 2917 5437 corripis
2952 5384 3072 5423 eum
3106 5371 3193 5440 qui
3223 5370 3289 5424 de
3318 5372 3528 5425 sinistra
3568 5391 3660 5426 νυ-

2104 5461 2259 5514 luerit
2290 5457 2644 5511 manducare?
2670 5457 2723 5512 Si
2756 5472 2955 5511 mensa:
2978 5468 3080 5512 tum
3108 5459 3349 5529 injuriam
3378 5468 3526 5529 putas
3552 5462 3661 5514 ﬂt't'i

2167 5570 2183 5599 ί
2212 5575 2310 5615 Am.
2340 5573 2390 5615 et
2410 5572 2597 5627 septem
2615 5573 2743 5624 Mss,
2762 5565 2887 5615 hinc.

2168 5630 2188 5659 ³
2211 5634 2285 5676 Sic
2308 5626 2479 5689 negtus
2500 5629 2674 5675 codex.
2699 5627 2784 5675 Alii
2803 5639 2921 5676 vero
2951 5634 3056 5676 Mss.
3083 5641 3191 5676 cum
3224 5627 3354 5686 ald,
3375 5626 3457 5688 qui
3476 5628 3664 5679 (territis

2102 5689 2384 5738 Jerusalem.

2169 5750 2239 5809 (η)
2268 5756 2313 5796 ιη
2337 5749 2503 5796 Psalm.
2526 5761 2638 5807 cxx,
2663 5762 2711 5797 n.
2737 5748 2783 5796 8.

2751 5829 2829 5906 (C
2840 5828 3341 5905 inquante—sia‘.)
