4160 6436
571 340 696 394 l'i'fl

567 456 914 510 manducante
940 455 1162 510 conviva
1184 453 1250 509 de
1275 453 1519 514 sinistra;
1544 449 1810 520 quomodo
1843 466 1944 502 non
1975 449 2030 502 fit
2065 450 2143 502 in-

559 547 696 616 juria
712 559 906 601 mensce
927 545 1036 611 Dei,
1056 545 1098 598 si
1118 543 1256 615 quod
1274 544 1516 598 dextrum
1533 550 1634 606 est,
1650 541 1918 595 sinistrum
1935 540 2140 604 feceris,

563 647 616 693 et
635 637 774 708 quod
791 636 1061 691 sinistrum
1080 643 1160 689 est
1179 677 1190 697 ,
1216 633 1462 689 dextrum
1491 631 1714 687 feceris?
1734 631 2056 701 Quidergo?
2085 631 2143 686 Si

563 729 742 784 oblitus
768 730 839 780 tui
855 732 1017 797 fuero,
1031 727 1332 790 Jerusalem,
1366 727 1681 780 obliviscatur
1701 742 1778 779 me
1796 725 1997 780 dextera
2015 741 2142 778 mea.

635 821 719 874 17.
768 819 895 891 [vers
916 818 992 891 6.]
1032 819 1300 874 Adhtereat
1340 820 1515 887 lingua
1559 835 1670 874 mea
1707 818 1935 888 faucibus
1981 819 2102 872 meis
2127 859 2140 883 ,

563 913 660 965 nisi
686 914 758 965 tui
781 912 1070 965 meminero.
1119 912 1173 966 Id
1226 921 1340 977 est,
1373 911 1736 967 obmutescam
1765 952 1776 976 ,
1809 912 2011 980 inquit,
2043 912 2140 965 uisi

563 1003 637 1057 tui
667 1003 980 1058 meminero.
1035 1003 1227 1072 thuid
1259 1003 1398 1057 enim
1426 1003 1685 1073 loquitur,
1734 1002 1921 1070 utquid
1953 1011 2138 1068 sonat,

563 1093 655 1162 qui
683 1093 886 1148 cantica
917 1093 1045 1148 Sion
1073 1109 1176 1146 non
1209 1094 1400 1148 sonat?
1429 1092 1544 1162 Ipsa
1591 1102 1672 1147 cst
1716 1093 1889 1161 lingua
1921 1101 2100 1146 nostra
2126 1135 2139 1158 ,

561 1185 824 1239 canticum
876 1184 1189 1238 Jerusalem.
1239 1181 1511 1237 Canticum
1562 1182 1911 1237 dilectionis’
1961 1182 2143 1236 smculi

563 1274 753 1342 hujus,
807 1274 982 1342 lingua
1037 1273 1207 1327 aliena
1231 1315 1243 1337 ,
1277 1273 1452 1342 lingua
1480 1273 1702 1327 barbara
1727 1280 1807 1326 est
1831 1313 1844 1337 ,
1879 1287 2036 1343 quam
2091 1273 2141 1326 in

563 1365 869 1434 captivitate
899 1363 1202 1418 didicimus.
1236 1363 1375 1432 Ergo
1397 1371 1572 1417 mutus
1593 1363 1695 1416 erit
1726 1362 1834 1416 [)eo
1854 1402 1868 1427 ,
1898 1363 1987 1431 qui
2011 1361 2142 1416 obli-

563 1466 648 1510 tus
673 1455 831 1510 fuerit
855 1455 1170 1510 Jerusalem.
1210 1453 1273 1507 Et
1307 1468 1491 1523 parum
1522 1462 1602 1508 est
1631 1454 1972 1518 meminisse;
2007 1467 2126 1507 nam

561 1555 614 1601 et
643 1547 820 1602 hostes
847 1547 1202 1602 meminerunt
1228 1544 1344 1613 ejus
1375 1585 1390 1607 ,
1427 1543 1671 1598 volentes
1716 1558 1832 1598 eam
1879 1551 2137 1598 evertere.

559 1639 688 1705 Qua:
732 1647 812 1693 cst
861 1638 1050 1693 civitas
1087 1638 1218 1702 ista,
1259 1636 1480 1690 dicunt?
1526 1637 1614 1705 qui
1653 1645 1775 1690 sunt
1815 1635 2140 1690 Christiani?

561 1740 614 1785 et
632 1730 814 1801 quales
838 1740 960 1784 sunt
985 1729 1270 1784 Christiani
1293 1728 1315 1782 ?
1336 1727 1379 1781 0
1399 1727 1442 1781 si
1473 1741 1578 1780 non
1607 1735 1786 1782 essent
1816 1724 2134 1780 Christiani!

561 1822 700 1876 Vicit
721 1823 829 1891 jam
858 1821 1062 1890 captiva
1094 1819 1244 1873 turba
1286 1818 1640 1887 captivatores
1681 1831 1809 1870 suos
1833 1856 1847 1881 ,
1876 1825 1931 1870 et
1965 1826 2138 1871 tamen

561 1919 937 1976 murmurant,
968 1919 1019 1965 ct
1065 1910 1321 1972 smviunt,
1365 1919 1416 1962 et
1447 1907 1631 1962 volunt
1671 1906 1973 1990 interficere
2000 1906 2138 1976 apud

562 2017 618 2056 se
643 2001 1067 2072 peregrinantem
1092 2007 1330 2054 sanctam
1362 1998 1630 2052 civitatem
1665 2014 1678 2048 :
1712 1996 2030 2051 sicutvoluit
2058 1997 2137 2066 ip-

561 2106 675 2145 sum
707 2092 956 2160 populum
1001 2089 1299 2144 interficere
1329 2087 1568 2153 Pharao,
1611 2085 1823 2157 quando
1875 2087 2139 2142 masculos

560 2182 841 2236 occidebat
884 2189 1074 2245 natos,
1125 2188 1178 2234 et
1225 2178 1445 2234 feminas
1498 2176 1871 2247 relinquebat;
1920 2178 2137 2232 virtutes

561 2273 910 2342 pgrazfocabat,
942 2271 1404 2341 concupiscentias
1458 2269 1744 2324 nutriebat.
1789 2269 1979 2323 Parum
2011 2283 2137 2339 ergo

559 2374 642 2421 est
667 2366 1014 2421 meminisse:
1048 2364 1168 2418 vide
1195 2360 1460 2431 quomodo
1507 2360 1833 2415 memineris.
1882 2359 2135 2426 Qumdam

559 2457 697 2512 enim
743 2469 861 2510 cum
911 2454 1034 2508 odio
1061 2453 1434 2517 meminimus,
1476 2450 1715 2520 quaedam
1766 2463 1884 2504 cum
1930 2463 2129 2504 amore.

557 2546 687 2602 Cum
713 2559 838 2613 ergo
865 2543 1115 2605 dixisset,
1151 2541 1209 2596 Si
1263 2541 1443 2594 oblitus
1480 2539 1551 2593 tui
1579 2543 1720 2610 fuero
1746 2580 1760 2604 ,
1810 2537 2093 2592 Jerusalem
2115 2580 2129 2604 ,

556 2635 874 2688 obliviscatur
903 2649 980 2686 mc
1005 2632 1208 2685 dextera
1236 2647 1360 2685 mea.
1391 2631 1656 2683 Adluereat
1684 2629 1857 2700 lingua
1887 2645 1995 2682 mea
2019 2633 2134 2700 fau-

554 2725 691 2778 cibus
717 2724 836 2777 meis
863 2765 874 2784 ,
906 2723 1003 2776 nisi
1043 2724 1114 2774 tui
1143 2723 1413 2775 meminero
1437 2741 1452 2790 ;
1479 2719 1679 2775 addidit
1702 2720 1878 2774 statim
1904 2762 1917 2784 ,
1950 2719 2131 2774 Sinon

555 2830 872 2882 prieposuero
913 2812 1196 2866 Jerusalem
1241 2814 1293 2863 in
1340 2812 1584 2879 principio
1615 2810 1954 2880 jucunditatis
1982 2825 2125 2864 mete.

554 2903 628 2956 ibi
661 2913 741 2958 est
769 2903 910 2956 enim
937 2915 1140 2955 summa
1164 2901 1500 2968 jucunditas,
1536 2900 1621 2952 ubi
1653 2900 1762 2955 Deo
1784 2898 2124 2970 perfruimur,

554 2994 640 3048 ubi
662 2993 728 3048 de
773 2992 1101 3046 fraternitate
1144 2991 1446 3045 cohaerente
1489 2999 1541 3044 et
1567 2991 1730 3045 civica
1759 2989 2012 3045 societate
2041 3004 2128 3044 se-

552 3084 664 3138 curi
695 3097 898 3138 sumus.
947 3082 1137 3137 Nullus
1171 3083 1239 3136 ibi
1272 3089 1502 3135 tentatur
1530 3095 1627 3135 nos
1660 3079 1878 3135 violabit
1905 3121 1921 3148 ,
1951 3081 2128 3136 nullus

492 3203 506 3215 ο
552 3175 631 3229 vel
659 3173 722 3228 ad
766 3174 994 3242 aliquam
1039 3173 1346 3227 illecebram
1395 3171 1686 3240 percellere
1719 3172 1950 3241 poterit,
1993 3172 2126 3226 nihil

551 3268 622 3322 ibi
644 3267 925 3323 delectabit
950 3266 1048 3318 nisi
1074 3266 1290 3320 bonum.
1316 3262 1568 3318 Morietur
1595 3263 1664 3318 ibi
1691 3264 1863 3319 omnis
1894 3265 2126 3320 necessi-

551 3370 665 3426 tas,
707 3362 906 3414 orietur
951 3359 1018 3413 ibi
1069 3371 1273 3412 summa
1309 3356 1553 3412 felicitas.
1591 3356 1652 3412 Si
1677 3373 1776 3410 non
1807 3373 2124 3428 prieposuero

547 3449 830 3504 Jerusalem
864 3450 914 3501 in
947 3448 1193 3518 principio
1214 3446 1554 3518 jucunditatis
1580 3462 1719 3501 mete.

621 3541 707 3595 18.
750 3539 897 3612 [τετε.
922 3539 1000 3611 7.]
1029 3539 1091 3593 Ει
1118 3539 1380 3593 convertit
1409 3554 1468 3592 sc
1499 3538 1564 3592 ad
1594 3539 1878 3593 Dominum
1937 3549 2122 3595 contra

548 3631 728 3685 hostes
775 3630 940 3698 ipsius
995 3629 1263 3683 civitatis:
1297 3627 1565 3692 Memento,
1609 3627 1848 3696 Domine,
1900 3630 2121 3699 filiorum

548 3720 730 3774 Edam.
792 3719 956 3774 Edom
1008 3719 1120 3788 ipse
1166 3719 1335 3773 dictus
1367 3726 1448 3774 cst
1485 3719 1573 3788 qui
1603 3727 1656 3774 et
1695 3720 1869 3774 Esau:
1898 3721 2118 3777 audistis

544 3812 685 3865 cnim
739 3810 896 3865 modo
950 3824 1068 3864 cum
1123 3809 1408 3878 Apostolus
1431 3809 1717 3879 legeretur,
1735 3809 1893 3864 Ιαεοὺ
1941 3811 2114 3878 dilexi,

545 3899 684 3954 Esau
713 3909 876 3954 autem
897 3900 1011 3954 odio
1030 3899 1205 3952 habui.
1239 3898 1352 3952 Duo
1376 3899 1468 3953 filii
1509 3907 1661 3954 erant
1685 3900 1736 3954 in
1784 3916 1888 3956 uno
1934 3911 2113 3968 utero,

541 3991 699 4044 ambo
720 3990 950 4059 gemini,
975 3989 1025 4042 in
1058 3999 1210 4044 utero
1248 3988 1524 4052 Rebeccae,
1556 3989 1646 4043 filii
1691 3989 1833 4044 Isaac
1853 4032 1866 4057 ,
1898 4001 2116 4061 nepotes

539 4083 768 4137 Abrahze
794 4099 806 4134 :
836 4081 944 4134 nati
969 4079 1299 4142 suntambo;
1322 4094 1458 4134 unus
1478 4078 1544 4134 ad
1567 4080 1949 4147 limreditatem,
1981 4082 2115 4137 alter

541 4172 606 4226 ad
637 4170 1136 4226 exhtcredationem.
1156 4168 1277 4223 Fuit
1293 4178 1469 4223 autem
1500 4169 1665 4224 hostis
1697 4170 1871 4226 fratris
1899 4171 1980 4225 sui
2015 4173 2114 4227 iste

540 4262 700 4324 Esau,
732 4261 852 4329 quia
884 4259 1138 4328 praevenit
1159 4258 1582 4313 benedictionem
1605 4259 1720 4328 ejus
1742 4258 1879 4315 filius
1901 4260 2110 4325 minor;

537 4359 589 4402 et
617 4349 887 4417 impletum
909 4355 1011 4412 est,
1037 4347 1206 4418 Major
1221 4348 1395 4402 serriet
1414 4348 1595 4401 minori
1613 4347 1789 4416 (Rom.
1815 4366 1888 4413 ix,
1921 4350 2108 4414 10-15;

537 4438 663 4492 Gen.
688 4453 816 4501 xxv,
838 4437 951 4506 25).
971 4437 1133 4506 Major
1162 4438 1431 4506 ergo'quis
1455 4446 1556 4500 est,
1587 4448 1640 4491 et
1670 4438 1842 4492 minor
1865 4439 1985 4508 quis
2006 4447 2107 4505 cst,

545 4541 598 4587 ct
623 4535 740 4602 quis
763 4539 842 4586 est
867 4530 1037 4599 major
1062 4529 1151 4599 qui
1182 4529 1377 4582 serviet
1404 4530 1628 4593 minori,
1653 4529 1810 4584 modo
1859 4529 2107 4600 intelligi-

536 4637 672 4678 mus.
700 4621 866 4691 Major
895 4619 1176 4676 videbatur
1221 4618 1446 4689 populus
1481 4618 1816 4690 Judmorum,
1849 4621 2021 4676 minor
2042 4637 2107 4677 ex

541 4724 779 4782 tempore
801 4711 1026 4782 populus
1044 4709 1490 4766 Christianorum.
1521 4709 1586 4763 Et
1613 4710 1790 4766 videte
1839 4711 2106 4780 quomodo

533 4803 704 4876 major
729 4801 894 4857 servit
917 4800 1128 4856 minori.
1159 4799 1235 4855 illi
1259 4807 1464 4870 portant
1491 4798 1710 4855 Codices
1731 4810 1977 4867 nostros;
2007 4816 2104 4858 nos

532 4895 760 4949 vivimus
787 4893 854 4949 de
880 4891 1167 4948 Codicibus
1193 4893 1448 4962 ipsorum.
1482 4892 1586 4947 Sed
1617 4903 1670 4947 ut
1694 4894 2011 4963 generaliter
2035 4895 2102 4951 de

529 4985 775 5041 omnibus
801 4984 1104 5054 intelligatis
1124 5024 1137 5049 ,
1165 4981 1374 5050 fratres,
1401 4984 1654 5052 majorem
1703 4992 1756 5037 et
1797 4984 2056 5040 minorem
2081 5002 2096 5051 ;

529 5076 700 5145 major
729 5074 922 5129 dicitur
945 5074 1106 5128 homo
1131 5073 1358 5128 carnalis
1379 5114 1395 5140 ,
1423 5082 1477 5126 et
1501 5071 1678 5128 minor
1727 5071 1919 5127 dicitur
1939 5073 2100 5130 homo

527 5164 816 5233 spiritualis
839 5180 854 5229 ;
878 5163 1000 5232 quia
1025 5163 1171 5232 prius
1191 5170 1275 5217 est
1303 5162 1531 5216 carnalis
1548 5203 1563 5228 ,
1597 5171 1652 5217 et
1675 5170 1856 5232 postea
1883 5163 2098 5232 spiritu-

526 5252 646 5306 alis.
676 5251 851 5307 Habes
872 5253 1183 5322 Apostolum
1198 5261 1378 5322 aperte
1396 5252 1688 5308 dicentem:
1717 5251 1925 5307 Primus
1947 5253 2094 5308 homo

526 5346 590 5398 de
613 5352 774 5407 terra,
805 5353 1065 5407 terrenus;
1093 5343 1342 5398 secundus
1389 5344 1539 5397 homo
1585 5345 1647 5396 de
1689 5344 1833 5410 mlo,
1862 5345 2091 5401 caelestis.

524 5433 702 5499 Qualis
753 5443 1009 5497 terrenus,
1059 5435 1182 5488 tales
1235 5443 1280 5488 et
1310 5435 1521 5500 terreni;
1544 5443 1588 5489 et
1630 5435 1795 5506 qualis
1845 5435 2088 5501 cmlestis,

523 5525 645 5579 tales
671 5533 719 5579 et
760 5522 998 5578 ctelestes.
1038 5521 1181 5577 Sicut
1229 5523 1534 5592 portavimus
1584 5525 1850 5593 imaginem
1885 5525 2086 5590 terreni,

522 5626 768 5685 portemus
813 5625 859 5669 et
884 5613 1152 5686 imaginem
1179 5614 1287 5684 ejus
1310 5613 1396 5684 qui
1436 5613 1501 5669 de
1535 5613 1658 5668 caelo
1685 5623 1774 5669 est.
1806 5614 1881 5670 lbi
1912 5624 2087 5671 autem

581 5747 600 5776 ί
624 5745 696 5796 sic
715 5745 884 5806 plures
903 5752 1006 5797 Mss.
1032 5753 1085 5798 At
1106 5745 1248 5803 Edd..‘
1265 5741 1604 5798 delectationis.

1795 335 1850 393 S.
1893 334 2254 392 AUGUSTINI
2299 335 2597 390 EI’ISClll‘l

3696 343 3829 399 1772

2259 464 2415 518 supra
2455 450 2692 504 dixerat:
2728 451 2831 505 Sed
2869 469 2966 506 non
2998 453 3137 522 prius
3177 455 3312 523 quod
3328 455 3588 524 spirituale
3627 466 3721 521 est,
3745 462 3827 511 sed

2252 541 2384 609 quod
2420 541 2679 606 animale;
2708 551 2899 612 postea,
2949 545 3213 613 spirituale
3265 545 3308 614 (Ι
3333 544 3448 599 Cor.
3496 561 3585 611 xv,
3616 545 3821 612 16-49).

2251 632 2546 688 Animalem
2600 642 2774 688 autem
2825 634 3070 690 eumdem
3131 634 3288 702 dicit,
3332 652 3488 706 quem
3561 639 3825 694 carnalem

2251 722 2498 778 ostendit.
2529 723 2700 779 Homo
2751 726 2839 795 qui
2899 727 3151 792 nascitur,
3183 717 3424 782 animalis
3465 743 3583 784 esse
3612 731 3823 800 incipit,

2252 814 2483 868 carnalis
2512 815 2850 884 esseincipit.
2884 817 2938 871 Si
2959 832 3015 871 se
3039 826 3312 873 convertat
3341 833 3372 873 a
3399 820 3702 889 captivitate
3725 821 3823 876 Ba-

2251 905 2477 975 bylonia:
2491 907 2541 961 in
2567 908 2791 963 reditum
2805 908 3122 977 Jerusalem,
3142 921 3447 978 renovatur,
3461 920 3515 968 et
3531 913 3590 967 fit
3606 929 3826 969 renova~

2254 996 2325 1052 tio
2339 998 2579 1065 q-utedam
2619 1001 2908 1056 secundum
2936 1016 3128 1057 novum
3146 1011 3197 1058 et
3213 1003 3519 1060 interiorem
3537 1004 3821 1070 hominem;

2255 1095 2307 1139 et
2364 1087 2421 1140 ﬁt
2451 1088 2623 1142 minor
2668 1098 2936 1159 tempore,
2976 1091 3146 1162 major
3185 1100 3466 1163 potestate.
3505 1095 3646 1166 Ergo
3693 1097 3824 1153 Esau

2251 1191 2436 1232 omnes
2467 1180 2708 1235 carnales
2728 1221 2741 1246 ,
2773 1181 2936 1237 Jacob
2974 1193 3149 1238 autem
3176 1198 3363 1240 omnes
3390 1187 3647 1256 significat
3671 1190 3821 1260 spiri-

2253 1269 2418 1326 tuales
2443 1287 2453 1322 :
2483 1271 2717 1327 minores
2763 1273 2949 1339 electi,
2977 1275 3205 1344 majores
3264 1277 3339 1330 illi
3387 1279 3673 1346 reprobati.
3705 1281 3824 1336 Vult

2248 1368 2299 1414 et
2329 1361 2441 1430 ipse
2469 1363 2628 1432 eligi?
2655 1363 2771 1418 Fiat
2800 1365 2990 1419 minor.
3024 1366 3189 1421 Edom
3221 1375 3398 1422 autem
3425 1370 3718 1439 appellatus
3746 1384 3823 1428 est

2254 1453 2319 1506 de
2346 1453 2465 1508 cibo
2494 1455 2722 1524 quodam
2754 1457 3016 1513 lenticulae
3037 1459 3219 1525 rubro,
3244 1459 3295 1514 id
3316 1468 3398 1515 est
3419 1475 3576 1516 roseo
3597 1462 3819 1532 quodam

2245 1541 2384 1597 cibo.
2405 1543 2547 1599 Bene
2565 1553 2711 1599 cocta
2731 1547 3100 1602 eratlenticula
3123 1548 3400 1617 defricata;
3415 1552 3820 1622 concupivitiste

2246 1635 2386 1690 Esau
2407 1651 2436 1690 a
2460 1636 2621 1692 fratre
2642 1653 2740 1692 suo
2765 1637 2946 1705 Jacob,
2970 1647 3022 1694 et
3045 1640 3207 1719 cessit
3235 1639 3308 1694 illi
3340 1641 3624 1709 primatum
3645 1657 3812 1708 suum,

2247 1727 2417 1782 victus
2433 1730 2858 1798 concupiscentia
2874 1729 3254 1785 manducandm
3273 1731 3412 1786 illius
3437 1732 3715 1789 lenticulas.
3730 1734 3818 1790 ille

2245 1826 2418 1872 autem
2445 1820 2605 1874 cessit
2631 1821 2804 1876 cibum
2836 1821 3212 1892 voluptatis,et
3229 1824 3453 1892 sumpsit
3471 1823 3725 1880 honorem
3742 1826 3818 1882 di-

2245 1910 2478 1979 gnitatis.
2511 1911 2582 1965 lta
2613 1927 2677 1967 ex
2704 1912 2898 1982 placito
2911 1913 3141 1982 quodam
3167 1914 3304 1970 inter
3325 1929 3419 1970 eos
3442 1915 3638 1972 factum
3664 1926 3743 1972 est
3764 1928 3816 1972 ut

2247 2000 2333 2055 ille
2363 2001 2550 2070 major,
2583 2001 2670 2056 ille
2711 2003 2882 2057 minor
2903 2003 2991 2069 sit,
3018 2013 3074 2058 ut
3118 2004 3289 2074 major
3326 2005 3550 2061 serviret
3595 2006 3812 2073 minori;

2245 2101 2297 2147 ct
2337 2094 2632 2162 appellatus
2663 2103 2747 2149 est
2785 2095 2950 2150 Edom
2981 2095 3133 2165 (Gen.
3172 2112 3296 2162 xxv,
3319 2095 3496 2152 29-34
3517 2114 3530 2164 ;
3555 2106 3610 2153 et
3637 2115 3809 2162 xxvn,

2244 2181 2336 2247 56,
2368 2183 2481 2252 57).
2529 2183 2910 2254 Interpretatur
2960 2195 3159 2251 autem,
3209 2195 3464 2255 quantum
3510 2188 3690 2243 dicunt
3733 2192 3815 2258 qui

2244 2272 2384 2325 illam
2433 2272 2660 2342 linguam
2711 2285 3006 2342 noverunt,
3062 2275 3265 2341 Edom,
3319 2276 3724 2347 Sanguisznam
3766 2289 3816 2334 et

2243 2361 2437 2416 Punice
2458 2361 2651 2427 Edom,
2671 2365 2883 2433 sanguis
2900 2363 3111 2418 dicitur.
3128 2365 3244 2418 Noli
3273 2367 3498 2419 mirari‘:
3519 2368 3583 2421 ad
3607 2371 3812 2439 sangui-

2242 2465 2360 2505 nem
2385 2451 2652 2520 pertinent
2671 2467 2858 2508 omnes
2884 2455 3141 2509 carnales.
3161 2455 3292 2510 Caro
3319 2466 3366 2510 et
3391 2459 3599 2528 sanguis
3616 2477 3812 2531 regnum

2241 2541 2335 2596 Dei
2376 2559 2476 2596 non
2513 2543 2831 2610 possidebunt
2854 2543 2894 2616 (I
2921 2544 3255 2615 Cor.xv,50).
3284 2545 3398 2602 Non
3430 2548 3553 2603 illuc
3597 2552 3810 2618 pertinet

2247 2633 2415 2687 Edom
2441 2651 2454 2698 ;
2488 2633 2716 2702 pertinet
2750 2635 2875 2690 illuc
2904 2635 3071 2690 Jacoh
3092 2677 3106 2702 ,
3129 2637 3217 2706 qui
3244 2641 3413 2692 caruit
3433 2639 3553 2693 cibo
3587 2641 3808 2707 carnali,

2238 2732 2290 2779 et
2308 2725 2536 2793 sumpsit
2570 2724 2830 2780 honorem
2861 2725 3209 2795 spiritualem.
3241 2727 3333 2782 Ille
3365 2742 3492 2784 vero
3524 2729 3693 2786 factus
3735 2744 3809 2786 est

2237 2815 2501 2870 inimicus.
2531 2815 2728 2871 Omnes
2745 2819 2990 2872 carnales
3014 2817 3378 2888 spiritualibus
3423 2820 3620 2876 inimici
3663 2833 3805 2876 sunt:

2235 2922 2422 2963 omnes
2449 2908 2580 2963 tales
2623 2909 3065 2978 concupiscentes
3112 2911 3429 2980 praesentia,
3473 2911 3810 2982 insequuntur

2235 3013 2326 3052 eos
2347 3013 2479 3069 quos
2501 2999 2678 3054 vident
2703 2999 2944 3055 meditari
2969 3009 3188 3056 aeterna.
3218 3000 3414 3057 Contra
3457 3002 3555 3058 hos
3585 3004 3684 3060 iste
3728 3021 3817 3061 re-

2235 3089 2466 3158 spiciens
2497 3089 2547 3143 in
2577 3089 2869 3145 Jerusalem
2889 3130 2904 3156 ,
2957 3100 3011 3146 et
3036 3105 3229 3162 rogans
3261 3091 3427 3147 Deum
3455 3100 3512 3147 ut
3548 3103 3762 3148 eruatur
3790 3112 3818 3147 a
3880 3128 3895 3140 -

2232 3179 2566 3248 captivitate,
2616 3179 2743 3249 quid
2778 3180 2938 3234 dicit?
2970 3180 3223 3236 Memento
3244 3224 3259 3249 ,
3292 3180 3544 3248 Domine,
3596 3184 3819 3252 ﬁliorum

2234 3267 2418 3321 Edoni.
2450 3268 2640 3324 Libera
2673 3283 2768 3323 nos
2793 3284 2822 3321 a
2864 3270 3196 3338 carnalibus,
3225 3271 3293 3325 ab
3321 3271 3400 3326 cis
3430 3272 3520 3342 qui
3546 3272 3820 3327 imitantur

2231 3357 2378 3410 illum
2401 3357 2604 3422 Edom,
2651 3359 2740 3430 qui
2782 3358 2968 3415 fratres
3017 3361 3249 3430 majores
3298 3370 3464 3427 sunt,
3498 3361 3592 3417 sed
3633 3362 3816 3418 hostes

2230 3457 2374 3503 sunt.
2407 3449 2556 3503 Prius
2577 3451 2683 3503 nati
2709 3459 2866 3516 sunt;
2899 3451 2991 3506 sed
3035 3453 3294 3522 posterius
3337 3454 3448 3506 nati
3484 3453 3714 3508 vicerunt
3739 3455 3810 3508 ad

2229 3539 2696 3611 primatumzquia
2741 3544 3166 3612 concupiscentia
3208 3547 3384 3600 carnis
3430 3547 3553 3601 illos
3577 3547 3808 3617 dejccit;

2227 3639 2529 3700 contempta
2577 3634 3003 3702 concupiscentia
3070 3635 3199 3690 istos
3246 3637 3432 3692 erexit.
3467 3637 3724 3706 Vivunt',
3756 3649 3811 3694 et

2228 3720 2495 3784 invident,
2531 3731 2584 3777 et
2619 3733 3025 3794 persequuntur.

2300 3814 2388 3868 19.
2433 3813 2704 3880 Memento,
2758 3814 2998 3882 Domine,
3055 3819 3278 3886 ﬁliorum
3323 3819 3524 3887 Edoni,
3585 3824 3636 3876 in
3676 3825 3807 3878 diem

2226 3904 2531 3960 Jerusalem.
2563 3906 2710 3960 Diem
2737 3905 3030 3962 Jerusalem
3061 3925 3164 3979 quo
3186 3911 3468 3979 laboravit,
3499 3929 3605 3984 quo
3630 3917 3801 3983 capti-

2224 4007 2341 4052 vata
2359 4007 2537 4061 est;an
2561 3998 2699 4053 diem
2737 3999 2882 4053 illum
2914 3999 3176 4056 felicitatis
3195 4002 3508 4064 Jerusalem.
3529 4021 3634 4074 quo
3667 4001 3802 4062 libe-

2224 4095 2392 4152 ratur,
2411 4102 2516 4156 quo
2539 4089 2797 4156 pervenit,
2818 4105 2921 4158 quo
2939 4093 3222 4146 :eternitati
3252 4093 3508 4148 sociatur?
3526 4094 3796 4162 Memento,

2223 4178 2411 4246 inquit,
2430 4177 2660 4244 Domine,
2679 4179 3053 4246 nolioblivisci,
3079 4181 3302 4249 ﬁliorum
3323 4183 3508 4237 Edam.
3537 4185 3796 4252 Quorum?

2225 4266 2526 4336 Dicentium,
2556 4267 2829 4337 Evacuate,
2861 4280 3112 4336 evacuate,
3153 4289 3307 4342 usque
3339 4277 3458 4327 dum
3491 4275 3792 4343 fundamen—

2221 4367 2324 4411 tum
2349 4359 2400 4412 in
2426 4375 2502 4413 ea.
2522 4359 2683 4413 lstmn
2698 4374 2822 4429 ergo
2839 4360 2977 4415 diem
3008 4372 3294 4425 memento,
3319 4365 3531 4433 quando
3554 4377 3792 4423 evertere

2219 4449 2466 4504 volebant
2492 4449 2567 4503 illi
2588 4448 2903 4505 Jerusalem.
2926 4450 3160 4517 Quantas
3203 4455 3344 4508 enim
3399 4459 3790 4525 persecutiones

2218 4556 2370 4610 passa
2394 4550 2474 4596 est
2519 4538 2787 4596 Ecclesia!
2821 4541 3099 4609 Quomodo
3143 4543 3391 4601 dicebant
3441 4547 3533 4602 lilii
3587 4549 3785 4615 Edom,

2217 4633 2371 4688 idest
2399 4632 2636 4687 carnales
2685 4633 2959 4698 homines,
2991 4634 3186 4689 subditi
3237 4635 3450 4691 diabolo
3496 4646 3551 4692 et
3591 4641 3785 4710 angelis

2214 4723 2363 4792 ejus,
2394 4723 2629 4778 colentes
2654 4722 2854 4792 lapides
2891 4732 2944 4778 et
2990 4723 3167 4793 ligna,
3212 4734 3498 4794 sequentes
3541 4729 3782 4797 concupi-

2214 4812 2443 4867 scentias
2463 4812 2664 4866 carnis:
2701 4812 3032 4882 Exstinguite
3055 4813 3404 4883 Christianos,
3439 4816 3610 4874 tollite
3634 4816 3782 4873 Chri-

2211 4903 2414 4958 stianos
2435 4944 2450 4968 ,
2474 4917 2573 4958 nec
2594 4918 2728 4958 unus
2763 4912 3070 4970 remaneat;
3095 4905 3318 4961 avertite
3355 4922 3521 4976 usque
3565 4909 3632 4964 ad
3669 4909 3778 4964 fun-

2209 4995 2548 5050 damentum!
2603 4994 2788 5050 Nonne
2820 4994 2958 5048 dicta
3029 5004 3153 5050 sunt
3217 4995 3374 5051 hcce?
3414 4996 3634 5053 Etcum
3683 4999 3773 5052 ista

2207 5084 2530 5151 dicerentur,
2581 5091 2956 5153 persequentes
3009 5083 3292 5154 improbati
3336 5094 3492 5154 sunt,
3523 5096 3773 5157 martyres

2204 5176 2444 5236 coronati
2499 5185 2640 5231 sunt.
2691 5175 2998 5241 Dicentium,
3029 5175 3300 5241 Evacuate,
3349 5186 3601 5244 evacuate,
3629 5193 3770 5245 usque

2204 5268 2328 5321 dum
2356 5267 2739 5336 fundamentum
2765 5267 2816 5320 in
2837 5283 2915 5320 ea.
2943 5263 3060 5321 Filii
3088 5266 3259 5322 Edom
3279 5266 3482 5334 dicunt,
3505 5266 3768 5328 Evacuate,

2202 5367 2460 5422 evacuate;
2480 5365 2534 5412 et
2566 5357 2707 5412 Deus
2725 5356 2884 5423 dicit,
2906 5355 3138 5412 Servite.
3170 5355 3332 5425 Cujus
3360 5355 3520 5411 verba
3551 5365 3766 5424 possunt

2201 5461 2474 5519 superare,
2494 5447 2594 5506 nisi
2616 5447 2732 5514 Dei,
2751 5446 2838 5516 qui
2859 5446 3011 5512 dixit,
3034 5445 3163 5511 Quia
3177 5447 3340 5516 major
3355 5445 3532 5500 serviet
3554 5443 3731 5498 minori
3743 5441 3770 5495 2

2263 5624 2278 5653 ί
2305 5631 2406 5670 Am.
2445 5627 2497 5670 et
2535 5621 2759 5683 plerique
2801 5627 2941 5680 Mss,
3000 5619 3104 5670 Noli
3147 5617 3346 5678 mirari,
3386 5620 3427 5670 si
3474 5620 3538 5669 ad
3581 5616 3766 5681 sangui-

2193 5689 2474 5792 Witﬁice's
2496 5749 2621 5803 Mss.,
2654 5741 2839 5792 Vident.
2866 5749 2916 5792 Et
2933 5741 3141 5805 quidam,
3169 5739 3339 5792 Livettt.
