4160 6444
410 352 547 409 I775

408 466 682 526 Evacuate,
716 467 965 523 evacuate,
999 474 1151 527 usque
1183 455 1302 508 dum
1329 452 1713 523 fundamentum
1734 447 1883 500 inea.

476 555 566 610 20.
609 551 760 627 [vers.
785 550 863 623 8.]
894 551 960 605 Et
1009 546 1270 605 convertit
1307 560 1367 600 se
1416 542 1483 597 ad
1515 541 1695 596 illam:
1730 537 1867 591 Filia
1892 534 1995 588 Ba-

409 647 603 718 bylonis
652 644 850 713 infelix.
902 640 1089 696 infelix
1139 638 1252 709 ipsa
1304 632 1657 691 exsultatione
1716 638 1839 695 tua,
1882 628 1993 697 ipsa

410 734 827 810 praesumptione
851 741 959 799 tua,
987 739 1043 785 et
1066 726 1358 784 inimicitiis
1386 724 1491 780 tuis
1515 741 1527 777 :
1556 721 1694 775 Filia
1720 718 1996 789 Babylonis

409 828 608 900 infelix.
633 825 834 881 Civitas
862 824 975 895 ipsa
996 821 1188 878 dicitur
1212 817 1449 889 Babylon
1475 824 1529 871 et
1546 813 1653 869 ﬁlia
1670 810 1957 883 Babylonis
1979 828 1991 864 :

408 917 681 989 quomodo
700 916 995 972 Jerusalem
1029 921 1083 969 et
1135 911 1243 967 ﬁlia
1273 908 1568 967 Jerusalem
1594 949 1610 975 ,
1647 913 1701 962 et
1727 902 1996 976 quomodo

412 1012 541 1067 Sion
573 1019 627 1065 et
654 1009 763 1064 ﬁlia
810 1008 935 1064 Sion
962 1006 1099 1074 ,hoc
1126 1019 1277 1061 more
1319 1001 1615 1076 appellatur
1654 997 1895 1054 Ecclesia
1943 1005 1998 1051 et

412 1102 556 1157 ﬁlia‘
587 1099 859 1155 Ecclesiae.
913 1098 1138 1167 Propter
1185 1093 1578 1152 successionem
1629 1090 1822 1147 dicitur
1863 1087 1993 1154 ﬁlia,

413 1200 631 1265 pr0pter
658 1191 1022 1262 praelationem
1047 1188 1243 1244 dicitur
1266 1196 1455 1243 mater.
1480 1186 1605 1242 Fuit
1651 1184 1823 1254 prima
1847 1196 1996 1253 quae-

414 1286 535 1340 dam
589 1282 919 1353 Babylonia;
950 1279 1206 1356 numquid
1249 1278 1366 1348 ipse
1418 1276 1645 1347 populus
1697 1276 1751 1329 in
1778 1287 1841 1329 ea
1873 1287 1995 1342 per-

416 1376 650 1433 mansit?
680 1376 784 1430 Per
810 1373 1202 1428 successionem
1233 1369 1541 1441 Babyloniae
1578 1367 1718 1422 facta
1769 1374 1853 1422 est
1890 1364 1996 1419 ﬁlia

416 1466 717 1539 Babylonis.
747 1466 791 1521 Ο
811 1465 919 1534 ﬁlia
940 1462 1215 1535 Babylonis
1228 1462 1408 1533 infelix
1426 1470 1480 1516 tu
1501 1464 1514 1514 ε
1537 1459 1722 1523 Beatus
1740 1458 1827 1528 qui
1850 1458 1997 1511 retri-

418 1562 527 1614 buet
547 1558 635 1614 tibi
651 1558 1025 1613 retributionem
1053 1564 1214 1610 tuam.
1246 1552 1436 1610 Infelix
1461 1561 1515 1608 tu
1535 1593 1551 1620 ,
1579 1552 1766 1609 beatus
1783 1550 1891 1607 ille.

484 1651 574 1705 21.
608 1648 758 1721 [vers.
789 1646 870 1719 9.]
893 1646 1029 1715 Quid
1081 1646 1222 1700 enim
1252 1652 1310 1699 tu
1353 1643 1544 1709 fecisti,
1580 1650 1637 1698 et
1673 1639 1798 1712 quid
1838 1639 1996 1695 retri-

417 1742 607 1797 buetur
631 1739 723 1795 tibi
743 1739 767 1793 ἲ
788 1738 926 1794 Audi
950 1755 963 1791 :
988 1736 1175 1791 Beatus
1193 1734 1533 1806 quijetribuet
1577 1733 1663 1786 tibi
1707 1732 1996 1787 retributio-

398 1851 529 1909 .nem
555 1843 695 1887 tuam
722 1847 875 1903 quam
903 1828 1176 1884 retribuisti
1204 1827 1366 1881 nobis.
1398 1826 1569 1893 Quam
1595 1823 1999 1880 retributionem

417 1924 582 1979 dicit?
608 1921 690 1977 Ad
714 1921 817 1978 hoc
844 1918 1042 1976 claudit
1068 1918 1313 1974 Psalmus
1336 1935 1349 1970 :
1378 1915 1565 1970 Beatus
1613 1915 1699 1985 qui
1748 1914 1928 1969 tenebit
1951 1923 2000 1967 et

418 2014 567 2069 etidet
611 2014 830 2084 infantes
854 2020 966 2067 tuos
991 2011 1058 2065 ad
1102 2017 1312 2081 petram.
1337 2008 1486 2063 Illam
1534 2006 1662 2062 dicit
1699 2005 1997 2071 infelicem,

419 2106 632 2159 beatum
676 2110 853 2158 autem
882 2102 971 2172 qui
1019 2100 1277 2156 retribuet
1301 2099 1350 2155 ei
1398 2097 1800 2153 retributionem
1844 2112 2001 2166 quam

418 2194 665 2250 retribuit
706 2194 879 2249 nobis.
935 2191 1269 2259 Quaerimus,
1325 2203 1485 2259 quam
1561 2187 1998 2243 retributionem:

420 2285 637 2352 Beatus,
670 2284 873 2353 inquit,
904 2283 989 2352 qui
1029 2279 1212 2336 tenebit
1252 2289 1299 2334 et
1345 2279 1493 2333 elidat
1515 2279 1736 2349 infantes
1783 2286 1894 2331 tuos
1935 2278 2001 2330 ad

420 2386 631 2445 petram.
666 2376 780 2444 Ipsa
828 2383 910 2429 est
952 2372 1251 2428 retributio.
1299 2369 1436 2439 Quid
1482 2370 1625 2425 enim
1674 2367 1799 2424 fecit
1850 2369 2002 2424 nobis

421 2469 713 2541 Babylonia
739 2468 877 2523 ista?
900 2467 1018 2523 Jam
1048 2466 1376 2522 cantavimus
1401 2465 1454 2519 in
1485 2463 1579 2520 illo
1604 2463 1809 2533 psalmo
1833 2481 1845 2516 :
1874 2461 2001 2517 Ser-

420 2576 593 2615 mones
608 2560 893 2630 iniquorum
919 2559 1285 2628 prwvatuerunt
1301 2556 1540 2617 adversus
1560 2569 1649 2609 nos
1668 2552 1834 2624 (Psat.
1854 2568 2000 2618 LXIV,

419 2656 499 2724 4).
523 2652 746 2720 Quando
772 2651 913 2706 enim
941 2650 1049 2705 nati
1096 2664 1310 2715 sumus,
1343 2646 1591 2717 parvulos
1646 2659 1744 2700 nos
1798 2643 1999 2699 invenit

421 2746 520 2798 ista
561 2744 802 2799 confusio
826 2742 1009 2798 saeculi
1048 2741 1208 2811 hujus
1234 2757 1248 2807 ;
1272 2748 1327 2796 et
1354 2739 1602 2795 offocavit
1625 2751 1725 2792 nos
1758 2751 2002 2792 errorum

421 2836 755 2891 diversorum
782 2836 932 2889 vanis
978 2831 1315 2903 Opinionibus
1343 2829 1518 2885 adhuc
1564 2828 1815 2884 infantes.
1837 2826 2003 2882 Natus

420 2927 599 2983 infans
630 2926 836 2981 futurus
884 2924 1015 2980 civis
1035 2922 1350 2988 Jerusalem,
1373 2931 1428 2976 et
1456 2920 1509 2974 in
1541 2918 2004 2989 praedestinatione

426 3018 520 3073 Dei
556 3018 668 3087 jam
709 3018 839 3072 civis
864 3058 878 3083 ,
906 3014 999 3071 sed
1042 3013 1253 3069 interim
1306 3010 1600 3081 captivam
1641 3009 1708 3064 ad
1757 3018 2001 3078 tempus,

422 3108 637 3181 quando
662 3108 820 3163 discit
858 3121 1071 3171 amare,
1103 3104 1207 3160 nisi
1229 3102 1371 3173 quod
1416 3088 1867 3157 insusurraverint
1914 3113 2005 3168 pa—

424 3200 653 3255 rentes’?
677 3199 947 3253 [nstruont
970 3206 1022 3252 et
1045 3195 1239 3251 docent
1259 3194 1406 3250 illum
1427 3191 1702 3247 avaritiam
1720 3231 1737 3255 ,
1766 3189 2001 3259 rapinas,

426 3292 703 3348 mendacia
743 3290 1084 3361 quotidiana,
1112 3287 1349 3342 diversas
1372 3287 1607 3341 culturas
1647 3281 1909 3336 idolorum
1952 3290 2006 3335 et

425 3384 844 3449 daemoniorum,
894 3380 1130 3437 remedia
1192 3378 1376 3433 illicita
1434 3372 1906 3445 praecantationum
1952 3381 2006 3427 et

428 3478 792 3548 ligaturarum.
821 3473 959 3543 Quid
984 3468 1218 3527 facturus
1262 3477 1344 3524 est
1368 3467 1541 3522 adhuc
1594 3463 1766 3519 infans
1787 3506 1801 3531 ,
1829 3463 2005 3518 anima

431 3566 945 3635 tenera,attendens
997 3562 1065 3619 ad
1110 3561 1341 3631 majores
1388 3558 1514 3628 quid
1556 3566 1747 3627 agant,
1790 3555 1892 3610 nisi
1950 3563 2007 3609 ut

433 3660 573 3731 quod
602 3674 695 3715 eos
723 3658 912 3713 viderit
938 3670 1095 3726 agere
1123 3654 1223 3709 hoc
1252 3650 1545 3722 sequatur?
1573 3648 1861 3718 Babylonia
1882 3662 2007 3718 ergo

431 3760 706 3822 persecuta
748 3758 830 3804 est
880 3746 1134 3818 parvulos
1184 3759 1315 3807 nos;
1348 3741 1443 3797 sed
1478 3741 1618 3796 Deus
1663 3739 1810 3794 dedit
1855 3738 2007 3794 nobis

429 3843 752 3915 agnitionem
801 3840 881 3895 sui
924 3839 1033 3908 jam
1065 3834 1380 3907 grandibus,
1409 3841 1467 3887 ut
1509 3845 1615 3886 non
1665 3843 2008 3899 sequeremur

432 3948 641 3990 errores
670 3940 946 4001 parentum
977 3935 1298 3984 nostrorum.
1324 3921 1477 3989 Quod
1531 3928 1587 3975 et
1614 3928 1738 3974 tunc
1762 3933 2004 3973 comme-

433 4027 635 4083 moravi
660 4025 731 4097 (a)
751 4024 1055 4096 praedictum
1085 4037 1114 4075 a
1135 4018 1424 4090 propheta:
1448 4016 1526 4069 Ad
1548 4024 1595 4068 te
1622 4023 1789 4083 gentes
1818 4013 2009 4067 venient

433 4122 493 4175 ab
522 4130 739 4174 extremo
770 4127 932 4181 terrae,
958 4123 1003 4168 et
1033 4114 1217 4176 dicent,
1237 4109 1359 4163 Vere
1387 4106 1701 4162 mendacium
1725 4104 2009 4159 coluerunt3

436 4223 598 4281 patres
627 4210 804 4273 nostri,
832 4208 1102 4261 vanitatem
1134 4220 1247 4274 qua:
1289 4203 1391 4256 illis
1437 4217 1537 4254 non
1562 4199 1767 4270 profuit
1795 4197 2006 4267 (Jerem.

434 4320 547 4369 xvi,
575 4303 687 4373 i9).
706 4301 821 4357 Jam
848 4300 1070 4369 juvenes
1092 4296 1308 4361 dicunt,
1331 4293 1422 4363 qui
1443 4290 1605 4347 occisi
1631 4300 1781 4346 erant
1808 4290 2012 4359 parvuli

434 4396 705 4467 sequendo
720 4396 861 4464 ipsas
876 4393 1161 4447 vanitates:
1180 4387 1504 4460 projiciendo
1525 4395 1702 4443 autem
1731 4386 2008 4453 vanitates,

435 4499 489 4543 et
516 4485 882 4543 reviviscendo
936 4484 987 4539 in
1032 4483 1200 4537 Deum
1250 4479 1559 4551 proﬁciant,
1590 4487 1644 4533 et
1670 4478 2012 4533 retribuant‘

436 4577 762 4648 Babyloniae.
832 4574 1051 4642 Qualem
1108 4572 1512 4631 retributionem
1570 4572 1621 4624 ei
1684 4569 2013 4624 retribuent?

436 4668 606 4736 Quam
652 4665 896 4722 retribuit
925 4664 1099 4719 nobis.
1126 4662 1339 4717 Parvuli
1378 4662 1494 4731 ejus
1519 4661 1753 4715 vicissim
1782 4661 2016 4717 oifocen-

440 4770 562 4825 tur;
587 4760 691 4814 imo
716 4758 923 4828 parvuli
958 4757 1074 4826 ejus
1101 4756 1333 4810 vicissim
1373 4753 1656 4819 elidantur,
1697 4761 1751 4809 et
1779 4754 2013 4809 morian-

440 4866 543 4908 tur.
596 4852 697 4921 Qui
740 4859 865 4906 sunt
915 4848 1119 4919 parvuli
1171 4842 1823 4917 Babyloniae?Nascentes
1863 4845 2015 4900 malae

436 4944 774 5015 cupiditates.
792 4942 925 4998 Sunt
941 4942 1082 4996 enim
1098 4938 1323 5009 quicum
1339 4946 1519 4993 vetere
1533 4935 1817 5005 cupiditate
1834 4936 2013 4990 rixan-

438 5047 545 5092 tur.
570 5034 793 5103 Quando
820 5032 1057 5087 nascitur
1083 5028 1361 5100 cupiditas,
1383 5036 1661 5097 antequam
1682 5027 1843 5081 robur
1862 5027 2018 5082 faciat

437 5129 721 5183 adversum
737 5134 787 5180 te
813 5123 951 5179 mala
973 5121 1321 5188 consuetudo,
1336 5134 1459 5174 cum
1476 5118 1688 5189 parvula
1711 5127 1793 5173 est
1807 5117 2015 5189 cupidi-

439 5228 521 5272 tas
542 5259 557 5284 ,
577 5229 905 5291 nequaquam
946 5228 1122 5283 pravae
1151 5209 1550 5266 consuetudinis
1568 5209 1731 5263 robur
1756 5208 2013 5278 accipiat;

436 5323 560 5364 cum
587 5306 803 5378 parvula
837 5313 920 5360 est
939 5346 953 5370 ,
978 5303 1117 5360 elide
1148 5302 1310 5357 illam.
1342 5301 1448 5357 Sed
1488 5301 1641 5355 times
1666 5314 1733 5356 ne
1758 5300 1889 5356 elisa
1911 5315 2015 5355 non

504 5466 519 5494 ³
558 5461 781 5523 Plerique
803 5467 930 5520 Mss.,
954 5458 1061 5522 filii.
1327 5518 1335 5523 _
1447 5517 1455 5523 _
1502 5519 1517 5523 _
1996 5491 2009 5502 .

501 5526 522 5555 ³
547 5517 795 5592 Er.t.u'gd._
821 5517 1159 5592 ven.'ctt_.ov.,
1196 5518 1413 5592 nascitur
1438 5517 1653 5580 infans...
1689 5530 1853 5569 amare
1892 5519 2017 5583 quod

434 5588 847 5636 insusurrareth
866 5588 1120 5646 parentes.
1217 5588 1271 5629 M.

504 5649 525 5679 ³
547 5654 677 5705 Mss,
703 5639 1015 5706 possederunt
1039 5656 1056 5693 :
1075 5644 1216 5706 juxta
1236 5647 1596 5706 Graecumtxx,
1630 5639 1888 5691 ektesanto.

504 5658 525 5679 ³
548 5658 677 5705 3158.,
703 5658 1015 5706 ροδεεαεηιηι
1039 5658 1056 5693 .'
1099 5658 1216 5692 una
1236 5658 1447 5692 Graecum
1470 5658 1596 5700 L15,
1630 5658 1754 5691 entes

501 5709 524 5739 ⁸
550 5714 621 5755 Er.
642 5707 790 5768 Lugd.
810 5713 950 5765 Ven.,
973 5658 1237 5813 prtgicient,
1262 5712 1308 5755 et
1324 5703 1598 5753 retribuent.
1698 5709 1754 5750 Μ.

501 5769 574 5813 (al
606 5775 655 5813 In
675 5768 794 5813 Psal.
822 5781 945 5813 wa.
970 5780 1017 5813 ll.
1081 5800 1091 5813 .

501 5769 574 5833 (a)
606 5775 655 5818 In
675 5768 794 5819 t’sal.
822 5781 945 5830 LXIV,
970 5780 1017 5814 ιι.
1045 5768 1091 5813 6.

1450 330 1844 392 ENARRATIO
1883 328 1948 383 IN
1988 327 2307 383 PSALMUM
2346 325 2651 384 CXXXVII.

3542 333 3677 396 1774

2099 442 2388 507 moriatur;
2421 442 2490 496 ad
2512 451 2710 511 petram
2741 442 2911 499 elide:
2944 442 3100 499 Petra
3120 455 3287 500 autem
3304 458 3413 503 erat
3448 450 3682 510 Christus

2099 529 2137 602 (l
2160 528 2276 586 Cor.
2311 547 2362 597 κ,
2394 530 2471 603 4).
3182 578 3183 581 χ

2168 622 2258 677 22.
2285 623 2521 690 Fratres,
2555 638 2748 695 organa
2770 626 2822 679 in
2850 627 3121 696 operando
3144 643 3249 683 non
3272 636 3678 699 cessent;vobis
3702 624 3714 643 ’
3740 622 3745 635 ’

2100 712 2323 768 invicem
2349 722 2559 770 cantate
2583 716 2790 771 cantica
2809 714 2956 772 Sion.
2989 717 3156 785 Quam
3181 720 3407 777 libenter
3432 726 3676 794 audistis,

2102 814 2208 859 tam
2236 805 2487 862 libentius
2532 808 2669 878 agite
2693 808 2836 879 quod
2878 810 3134 878 audistis;
3156 814 3199 867 si
3230 828 3337 869 non
3363 816 3522 873 vultis
3560 834 3682 877 esse

2099 896 2290 952 salices
2318 895 2622 968 Babyloniae
2642 939 2657 965 ,
2690 899 2824 969 pasti
2862 900 2930 955 de
2974 899 3276 960 ﬂuminibus
3303 905 3449 975 ejus,
3480 918 3534 963 et
3563 909 3681 965 fru-

2101 994 2243 1042 ctum
2291 987 2494 1043 nullum
2539 987 2843 1044 afferentes.
2873 988 2978 1045 Sed
3018 992 3279 1062 suspirate
3330 996 3385 1051 in
3422 1006 3681 1056 aeternam

2100 1076 2434 1144 Jerusalem;
2464 1093 2570 1150 quo
2590 1078 2844 1149 praecedit
2878 1095 3001 1150 spes
3019 1092 3223 1152 vestra,
3254 1096 3505 1156 sequatur
3525 1092 3543 1121 ¹
3575 1092 3681 1146 vita

2102 1177 2276 1224 vestra
2301 1186 2313 1223 :
2339 1170 2411 1226 ibi
2438 1171 2637 1227 erimus
2653 1185 2773 1226 cum
2795 1171 3026 1227 Christo.
3050 1171 3293 1232 Christus
3322 1178 3475 1235 nobis
3518 1183 3680 1238 modo

2101 1268 2258 1331 caput
2284 1269 2400 1327 est;
2423 1261 2685 1331 gubernat
2732 1277 2829 1317 nos
2858 1262 3017 1317 modo
3045 1264 3275 1336 desuper
3298 1284 3309 1319 :
3332 1272 3682 1340 amplectetur

2102 1364 2282 1407 secum
2315 1352 2368 1406 in
2396 1352 2485 1406 illa
2506 1352 2754 1418 civitate;
2785 1354 3017 1422 aequales
3071 1356 3272 1411 erimus
3298 1360 3513 1430 Angelis
3564 1364 3678 1418 Dei.

2101 1442 2215 1498 Non
2245 1443 2564 1499 auderemus
2592 1444 2693 1497 hoc
2720 1444 2976 1512 suspicari
3032 1444 3101 1500 de
3128 1446 3302 1514 nobis,
3336 1450 3437 1505 nisi
3464 1455 3683 1520 promit-

2104 1543 2241 1591 teret
2269 1535 2496 1592 Veritas.
2555 1536 2667 1592 Hoc
2715 1550 2842 1607 ergo
2891 1537 3280 1607 concupiscite,
3312 1540 3537 1612 fratres,
3580 1547 3683 1604 hoc

2102 1626 2188 1684 die
2235 1638 2497 1699 noctuque
2542 1627 2789 1698 cogitate.
2826 1627 3093 1699 Quidquid
3127 1629 3195 1687 de
3223 1632 3422 1689 mundo
3459 1634 3683 1693 feliciter

2102 1720 2369 1785 arriserit,
2408 1721 2570 1776 nolite
2591 1722 3135 1791 prtesumereznolite
3177 1723 3405 1781 libenter
3443 1728 3681 1800 colloqui

2104 1824 2223 1866 cum
2254 1809 2627 1881 cupiditatibus
2657 1811 2866 1867 vestris.
2886 1811 3066 1867 Hostis
3092 1814 3262 1884 major
3280 1827 3391 1883 est,
3411 1820 3684 1876 occidatur

2102 1900 2170 1956 ad
2192 1909 2429 1970 petram:
2458 1900 2635 1957 brevis
2661 1900 2830 1969 hostis
2859 1910 2976 1970 est,
3009 1902 3239 1959 elidatur
3259 1906 3325 1961 ad
3354 1916 3581 1977 petram.
3615 1911 3683 1967 Et

2105 1992 2333 2061 majores
2358 1991 2424 2047 ad
2459 2000 2661 2061 petram
2708 1991 2969 2059 occidite,
2998 2003 3052 2048 et
3093 1994 3328 2050 minores
3368 1997 3433 2052 ad
3477 2009 3681 2069 petram

2104 2082 2304 2138 elidite.
2358 2082 2513 2138 Petra
2544 2083 2737 2137 vincat.
2765 2083 2821 2137 In
2876 2094 3029 2152 petra
3066 2084 3434 2155 aediﬁcamini,
3471 2090 3516 2145 si
3571 2107 3680 2147 non

2106 2175 2264 2231 vultis
2280 2176 2393 2231 tolli
2414 2184 2504 2230 aut
2527 2190 2558 2230 a
2580 2175 2759 2240 ﬂuvio,
2788 2184 2879 2230 aut
2904 2190 2934 2229 a
2964 2177 3172 2243 ventis,
3201 2188 3291 2233 aut
3316 2195 3345 2233 a
3395 2180 3594 2250 pluvia.
3625 2184 3682 2241 Si

2105 2265 2264 2320 vultis
2329 2266 2518 2320 armati
2570 2279 2689 2321 esse
2746 2274 2943 2321 .contra
2991 2268 3308 2325 tentationes
3349 2270 3406 2325 in
3450 2274 3685 2344 saeculo,

2105 2365 2309 2411 crescat
2332 2365 2386 2411 et
2410 2356 2691 2412 roboretur
2716 2356 3035 2412 desiderium
3056 2357 3350 2415 Jerusalem
3374 2371 3588 2420 internae
3629 2366 3685 2421 in

2105 2447 2355 2503 cordibus
2380 2447 2593 2502 vestris.
2619 2447 2863 2503 Transiet
2892 2448 3189 2517 captivitas,
3210 2452 3387 2507 veniet
3415 2452 3643 2511 felicitas
3663 2496 3678 2510 .

2106 2537 2445 2592 damnabitur
2472 2536 2641 2593 hostis
2661 2545 2930 2593 extremus
2949 2577 2965 2605 ,
2988 2548 3181 2594 etcum
3223 2555 3346 2612 rege
3374 2543 3492 2598 sine
3512 2554 3685 2601 morte

2107 2627 2572 2697 triumphabimus.

2450 2791 2529 2851 IN
2574 2790 2951 2851 PSALMUM
2995 2789 3351 2856 CXXXVII

2672 2906 3088 2963 ENARRATIO.

2746 3023 2917 3063 SERMO
2940 3010 3039 3079 (a).

2181 3127 2228 3179 1.
2252 3125 2398 3197 [ver.s.
2432 3122 2507 3195 1.]
2536 3122 2740 3176 Titulus
2766 3121 2954 3190 psalmi
2984 3121 3144 3192 hujus
3172 3124 3348 3179 brevis
3381 3135 3434 3181 et
3462 3128 3687 3199 simplex

2108 3228 2220 3283 est,
2268 3230 2440 3285 neque
2477 3229 2574 3270 nos
2599 3221 2742 3268 tenet
2764 3254 2779 3280 ,
2821 3213 3051 3267 scientes
3077 3214 3227 3283 cujus
3263 3214 3479 3285 figuram
3505 3231 3686 3289 porta—

2109 3310 2242 3363 verit
2282 3305 2480 3373 David,
2527 3314 2580 3359 et
2632 3304 2684 3358 in
2711 3318 2777 3358 eo
2802 3303 2959 3357 etiam
3001 3317 3097 3358 nos
3138 3307 3281 3374 ipsos
3315 3321 3685 3379 agnoscentes,

2108 3400 2229 3471 quia
2262 3409 2315 3454 et
2339 3412 2437 3452 nos
2463 3395 2701 3450 membra
2731 3408 2913 3448 sumus
2943 3393 3084 3447 illius
3115 3395 3373 3464 corporis.
3414 3398 3689 3468 Agnosca-

2110 3503 2228 3545 mus
2256 3502 2383 3559 ergo
2418 3487 2504 3540 hic
2528 3499 2715 3539 vocem
2745 3483 3000 3539 Ecclesiae
3020 3525 3034 3548 ,
3076 3485 3339 3555 simulque
3366 3487 3691 3556 gaudeamus

2109 3579 2250 3651 quod
2280 3579 2335 3633 in
2372 3591 2434 3632 ea
2472 3589 2595 3630 esse
2632 3574 2960 3639 meruimus,
3011 3575 3164 3643 cujus
3200 3591 3385 3631 vocem
3426 3582 3691 3637 cantantis

2110 3671 2424 3727 audivimus.
2468 3667 2636 3723 Totus
2668 3666 2846 3722 titulus
2872 3674 2988 3733 est,
3023 3665 3135 3736 Ipsi
3173 3668 3358 3725 David.
3407 3670 3691 3728 Videamus

2110 3777 2236 3834 ergo
2266 3760 2389 3831 quid
2418 3760 2515 3828 ipsi
2544 3757 2724 3813 David.

2181 3855 2235 3908 2.
2267 3851 2553 3920 Conﬁtebor
2579 3849 2699 3915 tibi,
2733 3848 2980 3915 Domine,
3009 3850 3061 3902 in
3091 3858 3193 3903 toto
3214 3852 3362 3905 corde
3383 3868 3510 3907 meo.
3543 3855 3693 3910 Sole;

2112 3944 2264 4000 nobis
2296 3941 2488 3997 Psalmi
2531 3938 2713 3993 titulus
2763 3938 2997 3992 indicare
3022 3937 3147 4007 quid
3172 3950 3357 4008 agatur
3384 3941 3523 3997 intus
3558 3963 3569 3996 :
3605 3946 3691 4001 hic

2113 4044 2288 4088 autem
2315 4030 2561 4101 quoniam
2589 4027 2769 4082 titulus
2812 4042 2916 4081 non
2948 4027 3046 4082 hoc
3090 4027 3322 4096 indicat,
3368 4031 3462 4085 sed
3488 4040 3691 4089 tantum

2114 4123 2200 4178 cui
2226 4129 2467 4177 cantetur
2494 4118 2724 4185 indicat;
2768 4118 2892 4187 quid
2919 4125 3104 4188 agatur
3134 4119 3189 4173 in
3213 4128 3321 4175 toto
3346 4121 3557 4178 Psalmo
3584 4128 3692 4193 pri-

2114 4227 2233 4268 mus
2256 4225 2439 4267 versus
2463 4208 2761 4275 annuntiat,
2792 4206 3078 4277 Conﬁtebor
3103 4209 3210 4276 tibi,
3239 4209 3457 4266 Domine
3475 4255 3489 4281 ,
3516 4215 3568 4269 in
3591 4225 3692 4271 toto

2114 4304 2263 4358 corde
2290 4317 2417 4356 meo.
2453 4298 2598 4354 Hanc
2635 4314 2763 4370 ergo
2807 4298 3196 4357 confessionem
3240 4302 3536 4361 audiamus.
3588 4307 3695 4364 Sed

2117 4394 2264 4465 prius
2296 4404 2655 4447 commemoro
2702 4403 2797 4444 vos
2850 4388 3236 4447 confessionem
3284 4392 3338 4446 in
3384 4394 3693 4465 Scripturis,

2117 4502 2238 4542 cum
2260 4485 2579 4540 conﬁtemur
2613 4482 2723 4536 Deo
2747 4522 2761 4545 ,
2805 4480 3012 4537 duobus
3040 4483 3215 4539 modis
3240 4482 3344 4539 dici
3369 4478 3544 4542 sOlere
3568 4529 3581 4553 ,
3612 4493 3696 4544 vci

2119 4586 2488 4648 peccatorum,
2537 4574 2621 4628 vel
2664 4572 2855 4627 laudis.
2908 4572 3012 4628 Sed
3038 4574 3427 4630 confessionem
3455 4589 3697 4646 peccato-

2118 4685 2235 4725 rum
2275 4682 2461 4722 onmes
2510 4674 2805 4729 noverunt;
2858 4664 3027 4718 laudis
3081 4675 3257 4720 autem
3301 4665 3692 4723 confessionem

2120 4762 2272 4833 pauci
2314 4759 2616 4814 advertunt.
2670 4757 2803 4811 Nam
2835 4757 2907 4810 ita
2946 4764 3071 4809 nota
3100 4765 3181 4810 est
3208 4755 3473 4812 confessio
3504 4773 3695 4827 pecca-

2120 4864 2293 4909 torum
2312 4892 2326 4917 ,
2360 4860 2416 4906 ut
2448 4852 2499 4904 in
2530 4861 2864 4921 quocumque
2891 4846 3283 4915 Scripturarum
3314 4846 3433 4901 loco
3457 4850 3693 4906 auditum

2120 4944 2294 5011 fuerit,
2324 4942 2609 5012 Conﬁtebor
2638 4941 2746 5007 tibi,
2774 4938 3024 5002 Domine;
3053 4947 3163 5005 aut,
3184 4938 3543 5008 Conﬁtebimur
3574 4944 3699 4999 tibi:

2120 5039 2372 5094 continuo
2393 5035 2503 5106 jam
2544 5031 2927 5088 consuetudine
2972 5030 3050 5085 sic
3098 5031 3463 5103 intelligendi,
3506 5050 3698 5093 manus

2121 5137 2336 5186 currant
2375 5126 2443 5181 ad
2478 5133 2660 5196 pectus
2709 5121 3071 5187 tondendum;
3118 5135 3286 5191 usque
3309 5122 3449 5179 adeo
3472 5140 3579 5182 non
3607 5143 3697 5183 so-

2122 5227 2232 5279 ient
2269 5221 2513 5277 homines
2539 5215 2831 5286 intelligere
2856 5213 3254 5269 confessionem
3294 5230 3412 5272 esse
3442 5219 3541 5273 nisi
3572 5235 3698 5289 pec-

2122 5327 2382 5374 calorum.
2417 5309 2522 5367 Sed
2551 5307 2805 5378 numquid
2836 5314 2890 5360 ct
2917 5306 3031 5376 ipse
3050 5305 3308 5361 Dominus
3336 5317 3518 5364 noster
3543 5309 3699 5364 Jesus

2121 5406 2364 5463 Christus
2391 5407 2637 5473 peccator
2676 5397 2801 5464 fuit,
2848 5396 2939 5465 qui
2973 5396 3047 5450 ait
3086 5396 3138 5450 in
3169 5395 3494 5467 Evangelio:
3528 5397 3700 5459 Con/i-

2125 5506 2230 5551 teor
2252 5493 2374 5559 tibi,
2410 5490 2595 5556 Pater,
2629 5486 2844 5541 Domine
2867 5486 2979 5541 caeli
3006 5496 3050 5540 et
3077 5488 3268 5541 teme?
3298 5487 3521 5543 Secutus
3556 5490 3699 5546 enim

2124 5590 2197 5643 ait
2222 5586 2347 5658 quid
2374 5583 2746 5646 conﬁteretur;
2781 5590 2836 5635 ut
2862 5580 3282 5651 intelligeremus
3310 5578 3700 5639 confessionem

2189 5701 2203 5729 ¹
2233 5707 2330 5747 am.
2354 5706 2405 5748 et
2425 5696 2606 5758 aliquot
2630 5701 2758 5754 Mss,
2780 5699 3016 5758 sequetur.
3042 5699 3101 5758 Et
3113 5691 3324 5758 quidam,
3342 5690 3573 5758 sequitur.

2190 5762 2261 5822 (a)
2299 5760 2359 5809 Ad
2376 5753 2572 5822 j'lebétn
2595 5758 2803 5815 habitus,
2832 5753 2879 5803 in
2903 5753 3209 5804 solemnitate
3232 5753 3455 5814 Crispina:
3472 5754 3698 5817 Martyris.
