4084 6494
486 361 617 414 Πῖὅ

485 474 676 538 laudis,
710 487 812 527 non
839 468 1128 539 iniquitatis
1161 485 1172 520 :
1207 465 1478 531 Conﬁteor,
1509 462 1697 532 inquit,
1730 461 1836 526 tibi,
1869 460 2045 522 Pater,

485 564 702 620 Domine
735 563 843 616 cazli
879 567 923 613 et
967 569 1143 624 terrw,
1183 556 1301 624 quia
1329 551 1629 606 abscondisti
1674 553 1778 603 haec
1801 567 1831 602 a
1863 549 2055 617 sapien-

487 657 614 713 tibus
648 664 692 710 et
738 651 1060 723 prudentibus
1084 689 1100 714 ,
1144 655 1188 701 et
1233 645 1458 700 revelain
1485 660 1542 698 ea
1573 642 1793 713 parvulis
1840 639 2052 711 (Matth.

487 764 558 813 xi,
589 746 701 815 25).
749 741 1003 798 Laudavit
1042 740 1253 794 Patrem
1279 778 1293 802 ,
1321 735 1551 790 laudavit
1577 735 1771 799 Deum,
1799 733 1920 803 quia
1951 746 2056 785 non

486 839 707 908 despicit
729 835 954 889 humiles
978 873 992 897 ,
1025 831 1118 887 sed
1148 829 1370 899 despicit
1391 827 1666 898 superbos.
1697 826 1763 880 Et
1785 825 1869 879 hic
1895 825 2056 878 talem

487 927 874 985 confessionem
909 921 1137 976 audituri
1174 933 1356 975 sumus
1377 959 1392 982 ,
1441 916 1610 971 laudis
1638 915 1760 979 Dei,
1803 923 1855 969 ct
1883 922 2058 983 gratu-

490 1021 718 1076 lationis.
764 1014 1047 1083 Conﬁtebor
1072 1013 1191 1076 tibi,
1247 1011 1491 1074 Domine,
1538 1009 1590 1061 in
1630 1016 1731 1060 toto
1751 1007 1900 1060 corde
1925 1021 2053 1058 meo.

487 1114 678 1169 Totum
715 1124 808 1164 eor
843 1121 1018 1162 meum
1062 1107 1114 1158 in
1140 1119 1285 1158 aram
1313 1113 1417 1155 tuae
1443 1098 1790 1156 confessionis
1819 1097 2053 1166 impono,

482 1205 854 1260 holocaustum
899 1197 1069 1253 laudis
1117 1196 1206 1250 tibi
1254 1194 1440 1249 offero.
1496 1192 1873 1246 llolocaustum
1915 1189 2056 1242 enim

487 1296 682 1350 dicitur
701 1289 1015 1346 sacriﬁcium
1035 1285 1121 1340 ubi
1140 1293 1304 1338 totum
1333 1282 1629 1337 incenditur
1650 1298 1661 1333 :
1681 1293 1850 1350 grmce
1863 1278 2058 1348 quippe

487 1393 591 1441 δλον
611 1427 626 1452 ,
655 1385 817 1439 latine
849 1390 1013 1435 totum
1054 1378 1262 1432 dicitur.
1296 1375 1428 1430 Vide
1455 1371 1901 1443 quemadmodum
1937 1370 2060 1424 olfe-

488 1487 569 1531 rat
595 1475 959 1538 holocaustum
987 1467 1282 1540 spirituale,
1328 1465 1414 1534 qui
1447 1463 1613 1529 dicit,
1645 1460 1928 1530 Conﬁtebor
1951 1460 2056 1519 tibi,

491 1565 706 1621 Domine
725 1601 740 1626 ,
771 1563 821 1615 in
850 1569 951 1614 toto
979 1558 1127 1612 corde
1151 1573 1277 1610 meo.
1308 1555 1497 1609 Totum
1515 1594 1528 1618 ,
1553 1552 1740 1622 inquit,
1768 1565 1862 1605 cor
1884 1565 2058 1604 meum

492 1658 700 1712 flamma
727 1654 801 1708 tui
829 1651 1024 1707 amoris
1059 1648 1312 1706 accendat
1341 1666 1352 1701 :
1389 1641 1522 1701 nihil
1546 1645 1600 1698 in
1623 1659 1707 1699 me
1732 1644 2061 1712 relinquatur

491 1748 623 1803 mihi
646 1789 659 1811 ,
699 1760 799 1802 nec
822 1759 928 1815 quo
965 1743 1244 1811 respiciam
1273 1740 1336 1794 ad
1365 1739 1626 1808 meipsum
1652 1755 1665 1801 ;
1712 1736 1803 1790 sed
1832 1744 1973 1789 totus
2006 1735 2058 1788 in

495 1850 548 1893 te
575 1845 817 1902 cestuem,
853 1842 993 1888 totus
1018 1833 1071 1886 in
1103 1841 1152 1886 te
1181 1830 1414 1895 ardeam,
1449 1836 1588 1883 totus
1609 1827 1821 1896 diligam
1851 1835 1922 1891 te,
1951 1832 2060 1878 tan-

491 1941 649 1998 quam
678 1925 1028 1978 inflammatus
1053 1920 1146 1975 abs
1175 1929 1242 1974 te.
1271 1919 1554 1987 Conﬁtcbor
1581 1918 1700 1982 tibi,
1733 1916 1947 1969 Domine
1967 1957 1979 1980 ,
2009 1915 2060 1967 in

496 2029 598 2072 toto
627 2015 776 2070 corde
804 2024 910 2067 meo
927 2028 946 2076 ,'
975 2012 1206 2082 quoniam
1235 2011 1419 2064 audisti
1444 2010 1591 2064 verba
1617 2010 1716 2062 oris
1746 2009 1858 2061 mei.
1891 2006 2059 2075 Cujus

493 2110 595 2163 oris
629 2107 755 2173 mei,
782 2105 882 2159 nisi
908 2103 1083 2158 cordis
1112 2102 1249 2156 mei?
1289 2102 1362 2155 lbi
1389 2100 1530 2154 enim
1569 2099 1824 2153 habemus
1855 2113 2056 2162 vocem,

493 2213 650 2268 quam
679 2198 815 2252 Deus
840 2193 1074 2258 exaudit,
1103 2208 1256 2262 quam
1284 2207 1500 2261 prorsus
1531 2191 1672 2244 auris
1701 2189 1924 2243 humana
1957 2203 2060 2242 non

493 2291 658 2346 novit.
694 2287 1002 2345 Clamabam
1028 2293 1172 2340 certe
1199 2285 1287 2355 qui
1311 2284 1607 2339 Susannam
1638 2282 1976 2348 accusabant,
2011 2289 2064 2336 et

483 2381 559 2437 .ad
581 2381 771 2442 coelum
801 2379 983 2435 oculos
1009 2392 1113 2433 non
1143 2375 1426 2438 levabant;
1461 2375 1544 2428 illa
1569 2374 1789 2436 tacebat,
1823 2379 1877 2426 et
1903 2372 2063 2426 corde

493 2470 794 2528 clamabat:
831 2468 968 2523 unde
1011 2468 1099 2521 illa
1132 2466 1320 2520 meruit
1341 2463 1602 2525 exaudiri.
1633 2462 1753 2517 inde
1784 2462 1867 2517 isti
1894 2462 2062 2529 puniri

494 2561 654 2633 (Dan.
684 2561 823 2631 xui).
848 2559 945 2614 Est
969 2573 1096 2628 ergo
1121 2571 1182 2611 os
1205 2557 1373 2618 intus;
1403 2555 1474 2609 ibi
1508 2569 1783 2624 rogamus,
1817 2553 1938 2607 inde
1977 2568 2066 2606 ro-

492 2665 677 2721 gamus
711 2667 722 2703 :
756 2658 808 2703 et
850 2649 894 2703 si
921 2647 1208 2716 hospitium
1234 2645 1313 2699 vel
1351 2643 1566 2698 domum
1609 2642 1718 2696 Deo
1748 2643 2068 2712 praeparavi-

493 2755 646 2804 mus,
678 2740 747 2793 ibi
774 2739 1068 2808 loquimur,
1105 2736 1174 2790 ibi
1203 2734 1537 2789 exaudimur.
1570 2733 1681 2788 Non
1707 2735 1846 2789 enim
1873 2743 1955 2789 est
1979 2735 2066 2790 ille

497 2832 651 2900 longe
671 2829 738 2884 ab
763 2843 1077 2898 unoquoque
1097 2836 1335 2881 nostrum
1363 2826 1581 2894 positus,
1611 2825 1661 2878 in
1687 2840 1792 2894 quo
1817 2825 2062 2890 vivimus,

497 2936 772 2978 movemur
801 2928 854 2973 et
881 2932 1062 2973 sumus
1098 2917 1227 2988 (Act.
1259 2932 1367 2982 xvi,
1415 2915 1482 2968 27
1512 2926 1556 2968 et
1582 2914 1694 2983 28).
1751 2916 1928 2985 Longe
1959 2925 2011 2970 te
2036 2931 2065 2970 a

500 3011 608 3064 Deo
637 3023 740 3063 non
785 3010 938 3073 facit,
988 3009 1091 3063 nisi
1138 3008 1385 3077 iniquitas
1428 3006 1537 3061 sola
1574 3023 1584 3057 :
1618 3005 1786 3074 dejice
1832 3007 2063 3060 medium

497 3101 748 3170 parietem
778 3100 997 3169 peccati,
1021 3108 1075 3153 et
1102 3114 1220 3154 cum
1251 3098 1340 3152 illo
1366 3113 1423 3152 es
1452 3113 1608 3167 quem
1632 3111 1809 3167 rogas.
1843 3097 2061 3164 Audisti,

495 3169 682 3261 inquit,
712 3190 858 3244 verba
879 3189 978 3244 oris
1005 3190 1135 3253 mei;
1165 3169 1568 3255 confitebor'tibi.

564 3285 618 3338 5.
647 3284 714 3337 Et
734 3300 903 3338 coram
931 3282 1134 3352 Angelis
1161 3279 1375 3350 psallam
1400 3280 1503 3334 tibi.
1540 3279 1653 3333 Non
1683 3295 1860 3334 coram
1890 3280 2065 3334 homi-

495 3377 647 3431 nibus
670 3375 908 3446 psallam,
930 3372 1022 3428 sed
1047 3386 1223 3427 coram
1250 3371 1463 3441 Angelis
1488 3370 1728 3438 psallam.
1751 3371 2064 3425 Psalterium

496 3481 692 3529 meum,
724 3463 968 3533 gaudium
987 3477 1196 3516 meum:
1224 3461 1316 3516 sed
1344 3459 1588 3530 gaudium
1619 3475 1793 3515 meum
1824 3460 1892 3514 de
1922 3459 2058 3514 infe-

496 3554 755 3618 rioribus,
804 3566 980 3607 coram
1017 3551 1316 3604 hominibus
1352 3559 1460 3614 est;
1510 3550 1756 3619 gaudium
1796 3565 1970 3604 meum
2001 3551 2065 3604 de

499 3643 857 3714 superioribus
879 3683 894 3708 ,
925 3656 1103 3699 coram
1127 3639 1340 3711 Angelis
1363 3649 1462 3694 est.
1494 3639 1608 3693 Non
1635 3641 1777 3694 enim
1799 3640 1942 3694 novit
1967 3641 2065 3694 im-

493 3740 610 3810 pius
637 3735 882 3808 gaudium
906 3735 1031 3805 justi
1065 3753 1078 3788 :
1115 3733 1232 3786 Non
1258 3741 1328 3787 est
1352 3731 1570 3803 gaudere
1594 3732 1780 3801 impiis,
1810 3733 1927 3784 dicit
1951 3731 2067 3786 Do-

495 3830 657 3883 minus
687 3827 833 3900 (Isai.
862 3841 1053 3892 XLVIII,
1082 3823 1191 3890 22;
1224 3833 1270 3878 et
1300 3838 1433 3888 LVII,
1464 3823 1574 3893 2|).
1625 3822 1828 3878 Gaudet
1857 3823 2064 3893 iniquus

495 3920 545 3973 in
577 3918 766 3988 pepina
799 3917 812 3947 ¹
838 3958 852 3983 ,
877 3915 1070 3988 gaudet
1095 3921 1294 3984 martyr
1321 3915 1374 3966 in
1403 3922 1606 3967 eatena.
1639 3912 1915 3979 Quomodo
1938 3929 2065 3983 gau-

495 4009 655 4064 debat
693 4014 871 4062 sancta
903 4007 997 4060 ista
1026 4004 1267 4074 Crispina
1292 4003 1440 4073 cujus
1465 4002 1623 4058 hodie
1645 4003 1951 4058 solemnitas
1977 4019 2065 4058 ce-

487 4104 725 4159 lebratur
758 4098 875 4172 (a)?
912 4097 1182 4155 Gaudebat
1212 4112 1330 4151 cum
1356 4097 1660 4161 tenebatur,
1686 4110 1804 4150 cum
1832 4095 1896 4149 ad
1919 4095 2062 4164 judi-

484 4199 609 4248 rce'm
650 4191 976 4253 ducebatur,
1023 4203 1141 4244 cum
1169 4188 1219 4240 in
1263 4201 1528 4241 carcerem
1572 4185 1909 4251 mittebatur,
1943 4201 2062 4240 cum

493 4282 650 4351 ligata
697 4279 1084 4348 producebatur
1108 4319 1120 4343 ,
1153 4291 1273 4330 cum
1299 4276 1351 4328 in
1383 4283 1579 4328 catasta
1605 4275 1876 4329 levabatur
1899 4316 1913 4339 ,
1943 4290 2061 4329 cum

495 4370 823 4434 audiebatur,
855 4383 976 4422 cum
1003 4365 1352 4420 damnabatur
1375 4381 1386 4429 ;
1414 4365 1464 4417 in
1497 4363 1579 4417 his
1603 4364 1846 4418 omnibus
1871 4363 2064 4434 gaude-

494 4463 584 4517 bat
613 4478 626 4516 :
657 4469 710 4515 et
735 4475 849 4514 eam
888 4459 1063 4514 miseri
1103 4457 1347 4512 miseram
1393 4456 1680 4527 putabant,
1734 4471 1850 4526 qua:
1886 4471 2060 4510 coram

494 4550 713 4620 Angelis
739 4549 1018 4620 gaudebat.

564 4643 616 4696 4.
665 4639 810 4712 [vers.
855 4638 936 4712 2.]
992 4639 1220 4693 Adorabo
1265 4638 1331 4691 ad
1377 4637 1617 4705 templum
1643 4646 1868 4690 sanctum
1902 4645 2060 4689 tuum.

493 4731 644 4800 Quod
686 4731 936 4800 templum
983 4737 1219 4785 sanctum
1271 4727 1455 4782 tuum?
1497 4727 1595 4782 Ubi
1646 4726 2062 4791 habitabimus’,

494 4823 582 4876 ubi
620 4820 977 4876 adorabimus.
1027 4816 1301 4872 Currimus
1327 4815 1468 4870 enim
1493 4856 1506 4878 ,
1532 4823 1588 4868 ut
1607 4814 1906 4868 adoremus.
1936 4813 2068 4869 Gra-

495 4915 673 4968 vidum
701 4929 795 4968 cor
835 4921 1072 4966 nostrum
1115 4908 1372 4978 parturit,
1421 4913 1474 4960 et
1516 4904 1602 4958 ubi
1649 4892 1817 4972 pariat
1858 4905 2063 4974 quterit.

493 5005 622 5070 Quis
649 5014 730 5060 est
757 5003 844 5057 ille
882 5002 1030 5056 locus
1058 4999 1148 5053 ubi
1172 4995 1470 5052 adorandus
1493 5003 1574 5049 est
1599 4994 1772 5048 Deus?
1797 4995 1886 5064 qui
1918 5010 2068 5048 mun-

493 5095 637 5149 dus?
676 5092 815 5164 quod
845 5091 1122 5146 :edilicium
1142 5089 1165 5141 ἲ
1189 5103 1306 5158 quae
1340 5085 1565 5154 denique
1593 5083 1746 5139 sedes
1775 5087 1826 5138 in
1853 5085 1990 5139 caalo
2016 5093 2070 5139 et

498 5185 635 5238 inter
659 5182 880 5237 stellas?
923 5180 1216 5248 Quaerimus
1243 5178 1294 5231 in
1320 5173 1605 5244 Scripturis
1625 5227 1627 5232 ,
1644 5173 1839 5228 sanctis
1860 5215 1872 5238 ,
1901 5182 1956 5228 et
1985 5174 2067 5227 in-

496 5274 736 5328 venimus
763 5273 814 5325 in
847 5272 1016 5326 verbis
1036 5269 1317 5338 Sapientia:
1350 5287 1362 5321 :
1396 5267 1530 5337 Ego,
1576 5266 1765 5335 inquit,
1793 5281 1928 5318 eram
1958 5282 2070 5318 cum

495 5367 620 5428 illo;
651 5380 740 5435 ego
766 5379 900 5416 eram
930 5363 996 5414 ad
1025 5377 1176 5429 quam
1215 5358 1531 5430 adgaudebat
1573 5356 1810 5428 quotidie.
1845 5356 1910 5410 Et
1946 5355 2070 5408 dicit

495 5473 655 5528 opera
683 5457 795 5527 ejus
821 5497 835 5522 ,
881 5463 933 5510 et
962 5455 1178 5523 exponit
1220 5453 1372 5507 nobis
1413 5451 1593 5506 sedem
1623 5450 1804 5520 ipsius.
1859 5446 2069 5514 Quam?

560 5573 576 5602 ι
605 5577 704 5618 Am.
727 5575 799 5617 Er.
827 5575 879 5617 et
901 5565 1068 5629 plures
1089 5573 1215 5624 .\tss.,
1239 5563 1289 5613 in
1306 5576 1495 5627 pompa.

559 5633 580 5663 ³
611 5629 796 5692 Aliquot
812 5626 939 5688 Mss},
958 5626 1159 5677 habitas.

563 5715 634 5776 (α)
660 5719 706 5760 ta
734 5712 950 5774 ejusdem
975 5709 1118 5776 natali
1129 5772 1146 5776 κ
1157 5709 1352 5776 habitus
1385 5713 1460 5756 est
1483 5717 1643 5755 sermo
1676 5706 1722 5753 in
1760 5701 1878 5752 t‘sal.
1901 5714 1995 5750 cxx
2019 5705 2072 5748 ut

506 5771 674 5827 mare
699 5771 773 5822 esi
791 5785 948 5835 supra,
975 5771 1066 5821 eoi.
1097 5771 1229 5820 1605.

1710 346 1746 402 S
1806 343 2161 401 AUGUSl‘lNi
2205 342 2498 400 EPISCOPI

3603 358 3730 416 1776

2169 461 2381 526 Quando
2425 466 2650 528 validus,
2706 466 2904 533 inquit,
2958 468 3166 535 faciebat
3224 469 3276 522 in
3319 486 3516 526 summa
3586 477 3735 532 nubes

2161 554 2359 614 quando
2384 553 2548 608 sedem
2577 571 2720 608 suam
2742 559 3033 627 segregabat
3054 576 3206 630 super
3228 572 3398 616 ventos
3419 562 3600 635 (Prov.
3624 584 3727 633 vui,

2163 643 2259 706 '50,
2289 643 2355 696 27
2381 686 2394 709 ,
2423 644 2535 714 28).
2582 647 2745 702 Sedes
2783 659 2958 704 autem
2991 651 3104 720 ejus
3145 654 3399 723 templum
3440 656 3576 726 ejus.
3625 661 3740 726 Quo

2163 749 2288 802 ergo
2315 735 2548 790 ibimus?
2587 738 2758 808 Super
2789 750 2977 797 ventos
3003 743 3275 800 adoraturi
3314 753 3534 804 sumus?
3562 753 3617 808 Si
3649 770 3740 808 su-

2164 837 2256 890 per
2288 833 2472 878 ventos
2500 825 2749 881 adoratur
2770 871 2783 896 ,
2814 845 2938 884 aves
2978 847 3075 887 nos
3109 833 3344 890 vincunt.
3377 837 3432 893 Si
3459 849 3632 896 autem
3657 843 3738 897 in-

2165 913 2458 982 telligamus
2488 928 2672 972 ventos
2697 920 2898 975 animas
2926 962 2940 985 ,
2988 923 3040 977 id
3069 935 3151 979 est
3174 967 3188 992 ,
3218 937 3498 985 ventorum
3527 936 3740 989 nomine

2163 1005 2480 1074 signiﬁcatus
2511 1010 2714 1064 animas
2736 1052 2749 1075 ,
2780 1013 2915 1067 sicut
2939 1014 3013 1068 ait
3041 1018 3270 1086 quodam
3300 1021 3417 1077 loco
3443 1023 3736 1094 Scriptura,

2173 1094 2367 1149 l’olavit
2410 1114 2562 1167 super
2589 1117 2778 1167 pennas
2817 1113 3072 1159 ventorum
3103 1107 3279 1179 (Psal.
3305 1127 3445 1176 xvu,
3483 1116 3567 1184 ll)
3593 1135 3604 1181 ;
3639 1118 3742 1174 hoc

2165 1193 2274 1250 est,
2307 1202 2464 1254 super
2495 1189 2712 1244 virtutes
2754 1193 3047 1250 animarum
3075 1214 3088 1250 :
3117 1199 3255 1254 unde
3275 1211 3329 1255 et
3355 1201 3508 1260 ﬂatus
3536 1205 3631 1262 Dei
3653 1210 3741 1264 di-

2164 1280 2302 1332 citur
2323 1281 2494 1334 anima
2523 1282 2677 1350 (Gen.
2711 1301 2763 1346 ιι,
2801 1286 2886 1355 7),
2919 1296 3163 1357 tanquam
3190 1301 3411 1361 ventus,
3437 1311 3542 1352 non
3565 1309 3618 1353 ut
3641 1300 3748 1356 iste

2165 1368 2481 1437 intelligatur
2511 1382 2698 1426 ventus
2723 1390 2828 1443 quo
2853 1390 3046 1446 corpus
3089 1381 3417 1449 propellente
3459 1389 3745 1452 sentimus,

2165 1459 2257 1514 sed
2281 1461 2467 1530 utejus
2489 1465 2704 1518 nomine
2730 1465 3052 1534 signiﬁcetur
3071 1470 3265 1540 aliquid
3294 1473 3581 1545 invisibile,
3599 1481 3750 1548 quod

2165 1566 2336 1620 neque
2363 1551 2528 1606 oculis
2562 1555 2709 1608 cerni
2750 1565 2962 1624 potest,
3010 1574 3107 1613 nec
3143 1563 3326 1616 sentiri
3355 1565 3571 1622 auribus
3593 1611 3608 1636 ,
3644 1586 3752 1626 nec

2165 1642 2387 1699 odoratu
2413 1644 2533 1699 duci
2558 1687 2571 1711 ,
2611 1661 2707 1700 nec
2735 1648 2908 1715 palato
2935 1652 3134 1717 gustari
3159 1696 3171 1716 ,
3208 1669 3309 1709 nec
3335 1670 3496 1711 manu
3525 1669 3753 1716 contre-

2164 1735 2324 1800 ctari;
2374 1735 2516 1804 quod
2560 1746 2640 1790 est
2672 1738 2849 1806 utique
2891 1739 2994 1792 vita
3047 1741 3324 1810 quaedam,
3361 1761 3463 1817 qua
3492 1748 3748 1812 vivimus,

2166 1839 2284 1893 quae
2334 1826 2507 1880 anima
2555 1827 2788 1881 dicitur:
2837 1829 2879 1881 si
2926 1828 3024 1883 hos
3067 1842 3252 1887 ventos
3301 1835 3748 1906 intellexerimus,

2167 1927 2270 1968 non
2315 1923 2396 1969 est
2438 1929 2600 1984 quare
2631 1932 2925 1984 qtueramus
2974 1934 3172 1988 pennas
3211 1923 3440 1980 visibiles
3469 1967 3484 1991 ,
3533 1937 3589 1982 ut
3621 1944 3752 1985 cum

2166 2003 2349 2059 avibus
2378 2007 2619 2060 volemus
2647 2007 2712 2060 ad
2742 2007 3068 2063 adorandum
3095 2011 3162 2065 ad
3190 2017 3445 2082 templum
3488 2017 3614 2085 Dei;
3647 2021 3754 2077 sed

2167 2111 2328 2165 super
2372 2113 2470 2154 nos
2523 2099 2666 2169 ipsos
2715 2101 3041 2156 inveniemus
3083 2104 3244 2158 Deum
3275 2106 3498 2176 sedere,
3552 2113 3595 2166 si
3628 2113 3755 2183 ejus

2168 2188 2347 2245 ﬁdeles
2375 2205 2495 2245 esse
2519 2192 2862 2247 voluerimus.
2885 2193 3071 2248 Videte
3097 2197 3138 2250 si
3168 2197 3268 2253 hoc
3296 2215 3402 2255 non
3433 2210 3516 2256 est
3546 2221 3558 2257 :
3593 2203 3754 2259 Tent-

2168 2275 2306 2343 plum
2329 2274 2462 2329 enim
2499 2275 2595 2328 Dei
2628 2287 2852 2330 sanctum
2884 2288 2984 2343 est,
3018 2279 3089 2333 ait
3116 2282 3438 2351 Apostolus,
3468 2288 3610 2355 quod
3637 2291 3754 2344 estis

2169 2384 2252 2422 vos
2281 2367 2318 2440 (l
2349 2366 2466 2422 Cor.
2498 2384 2550 2422 nt
2577 2409 2590 2434 ,
2636 2370 2748 2439 l7).
2788 2370 2945 2426 Certe
2977 2381 3148 2427 tamen
3176 2414 3189 2437 ,
3231 2376 3370 2445 quod
3408 2377 3752 2434 manifestum

2169 2467 2268 2521 est,
2302 2457 2352 2511 in
2383 2457 2598 2526 Angelis
2629 2458 2828 2514 habitat
2857 2459 3015 2516 Deus.
3047 2462 3186 2532 Ergo
3215 2479 3335 2519 cum
3365 2466 3623 2534 gaudium
3655 2485 3751 2523 no-

2169 2558 2334 2602 strum
2361 2549 2426 2602 de
2464 2549 2820 2618 spiritualibus
2861 2552 3018 2608 rebus
3038 2595 3052 2619 ,
3103 2570 3205 2610 non
3238 2556 3303 2612 de
3335 2560 3567 2614 terrenis
3599 2561 3754 2618 bonis

2169 2640 2668 2694 assumitcanticum
2691 2641 2820 2707 Deo,
2854 2651 2909 2696 ut
2931 2643 3118 2711 psallat
3147 2660 3324 2700 coram
3349 2649 3572 2718 Angelis
3597 2667 3612 2715 ;
3641 2652 3752 2722 ipsa

2169 2731 2506 2800 congregatio
2549 2730 2870 2800 Angelorum
2907 2734 3164 2803 templum
3197 2737 3286 2790 Dei
3315 2747 3429 2804 est,
3461 2740 3752 2796 adoramus

2169 2821 2234 2875 ad
2268 2823 2516 2890 templum
2549 2823 2660 2876 Dei.
2695 2823 2930 2878 Ecclesia
2961 2825 3210 2880 deorsum
3239 2871 3251 2892 ,
3286 2837 3338 2883 et
3362 2829 3608 2886 Ecclesia
3638 2848 3750 2887 sur-

2170 2927 2284 2966 sum
2315 2931 2326 2965 :
2357 2913 2592 2968 Ecclesia
2615 2912 2861 2968 deorsum
2890 2914 2942 2968 in
2981 2915 3228 2972 omnibus
3257 2917 3529 2984 ﬁdelibus,
3568 2923 3750 2978 Eccle-

2170 3002 2243 3055 sia
2295 3018 2501 3056 sursum
2548 3003 2600 3056 in
2639 3003 2882 3059 omnibus
2924 3005 3159 3076 Angelis.
3213 3006 3317 3062 Sed
3365 3009 3650 3066 descendit
3687 3014 3748 3068 ad

2172 3090 2458 3145 Ecclesium
2489 3091 2733 3146 deorsum
2775 3093 3028 3149 Dominus
3069 3095 3387 3165 Angelorum
3415 3140 3432 3164 ,
3481 3111 3534 3154 et
3559 3102 3614 3156 ei
3641 3105 3746 3157 An-

2168 3182 2269 3252 geli
2297 3183 2346 3236 in
2375 3191 2512 3238 terra
2547 3185 2976 3240 ministraverunt
2997 3189 3314 3245 ministranti
3342 3192 3496 3247 nobis
3527 3194 3743 3262 (Matth.

2170 3292 2251 3342 iv,
2292 3275 2400 3345 ll).
2432 3275 2552 3330 Non
2577 3277 2710 3332 enim
2737 3279 2882 3346 veni,
2916 3279 3116 3350 inquit,
3151 3284 3445 3350 ministrari,
3475 3290 3567 3342 sed
3595 3289 3744 3344 mini-

2169 3379 2330 3423 strare
2357 3368 2464 3441 (Id.
2495 3387 2584 3434 xx,
2616 3369 2729 3442 28).
2759 3372 2894 3440 Quid
2918 3374 3072 3430 nobis
3092 3376 3443 3445 ministravit,
3474 3382 3578 3436 nisi
3602 3383 3744 3453 quod

2171 3459 2434 3530 hodieque
2474 3461 2858 3518 manducamus
2886 3465 2902 3495 ¹
2932 3472 2987 3518 et
3014 3465 3284 3522 bibimus?
3329 3468 3462 3524 Cum
3491 3488 3622 3543 ergo
3647 3475 3740 3527 Do-

2169 3553 2345 3606 minus
2374 3553 2696 3621 Angelorum
2742 3554 2896 3609 nobis
2941 3555 3290 3624 ministrarit,
3343 3577 3444 3614 non
3491 3563 3742 3634 despere-

2169 3659 2287 3698 mus
2315 3657 2411 3698 nos
2437 3642 2644 3699 futuros
2672 3646 2902 3714 tequales
2932 3647 3168 3718 Angelis.
3208 3649 3373 3719 Major
3397 3654 3542 3708 enim
3569 3657 3742 3726 Ange-

2169 3735 2233 3790 lis
2274 3734 2548 3789 descendit
2591 3735 2654 3788 ad
2705 3735 2970 3791 hominem
2996 3779 3009 3801 ,
3057 3747 3110 3792 et
3152 3740 3374 3796 Creator
3416 3744 3738 3813 Angelorum

2169 3827 2398 3895 suscepit
2428 3827 2692 3881 hominem
2720 3869 2733 3891 ,
2766 3828 3018 3883 Dominus
3044 3831 3361 3901 Angelornm
3392 3846 3639 3893 mortuus
3665 3850 3741 3895 est

2169 3935 2266 3989 pro
2293 3918 2525 3974 homine.
2552 3919 2784 3972 Adorabo
2809 3933 2934 3989 ergo
2955 3920 3022 3972 ad
3047 3923 3287 3992 templum
3315 3937 3545 3980 sanctum
3570 3938 3738 3982 tuum:

2169 4011 2402 4080 intelligo
2433 4011 2681 4080 templum
2715 4018 2856 4062 tuum
2887 4025 2989 4064 non
3023 4028 3178 4067 inanu
3211 4012 3402 4069 factum
3427 4058 3441 4082 ,
3471 4018 3568 4072 sed
3599 4017 3736 4089 quod

2168 4109 2224 4155 tu
2248 4101 2413 4155 fecisti
2444 4101 2552 4156 tibi.

2241 4193 2292 4246 5.
2330 4192 2396 4246 Et
2429 4194 2697 4261 conﬁtebor
2740 4196 2932 4249 nomini
2957 4205 3044 4250 tuo
3071 4239 3084 4260 ,
3133 4198 3185 4252 in
3216 4199 3556 4254 misericordia
3587 4210 3672 4255 tua
3694 4211 3736 4256 et

2169 4284 2373 4338 veritate
2408 4294 2514 4338 tua.
2560 4285 2616 4338 ln
2643 4285 2850 4342 duobus
2876 4287 2988 4342 istis
3015 4291 3330 4345 contitemur
3362 4310 3372 4341 :
3414 4291 3492 4346 sic
3517 4292 3658 4346 enim
3685 4302 3733 4347 et

2169 4373 2222 4426 in
2253 4375 2358 4428 alio
2385 4375 2588 4444 psalmo
2634 4376 2859 4444 legitur,
2910 4377 3166 4433 Universae
3193 4381 3284 4433 tria:
3308 4380 3514 4434 Domini
3543 4384 3732 4436 miseri-

2169 4465 2339 4517 cordia
2364 4473 2410 4519 et
2439 4466 2614 4520 veritas
2645 4465 2816 4538 (Psal.
2846 4484 2997 4535 xxw,
3025 4469 3135 4538 i0).
3165 4469 3219 4523 In
3241 4469 3446 4525 duobus
3473 4473 3586 4526 istis
3616 4489 3732 4527 cou-

2170 4559 2378 4614 ﬁtemur
2401 4576 2416 4625 ;
2442 4561 2494 4613 in
2527 4569 2613 4613 tua
2638 4562 2998 4629 misericordia,
3031 4572 3078 4617 et
3104 4564 3156 4617 in
3178 4573 3262 4617 tua
3289 4567 3513 4622 veritate.
3539 4568 3731 4624 Miseri-

2170 4651 2348 4705 cordia
2380 4659 2708 4720 peccatorem
2735 4653 3014 4721 respexisti
3039 4693 3053 4718 ,
3083 4655 3306 4710 veritate
3333 4657 3728 4724 promissionem

2173 4743 2466 4798 reddidisti.
2493 4744 2556 4797 In
2585 4754 2670 4796 tua
2699 4759 2826 4813 ergo
2852 4746 3192 4800 misericordia
3221 4757 3265 4800 et
3288 4749 3493 4802 veritate
3515 4750 3727 4803 conﬁte-

2171 4835 2268 4891 bor
2295 4836 2406 4891 tibi.
2439 4837 2544 4890 llas
2565 4837 2722 4891 etiam
2744 4852 2844 4906 ego
2873 4852 2968 4907 pro
2991 4838 3124 4893 meis
3149 4838 3346 4893 viribus
3377 4839 3545 4894 reddo
3562 4881 3577 4906 ,
3609 4854 3729 4909 quas

2173 4927 2301 4980 mihi
2353 4926 2596 4992 donasti,
2647 4928 2846 4982 faciens
2877 4928 3292 4983 misericordiam
3329 4939 3384 4984 et
3422 4931 3724 4991 veritatem;

2175 5017 2587 5072 miscricordiam
2635 5018 2689 5072 in
2741 5019 3122 5084 subveniendo,
3169 5020 3445 5075 veritatem
3497 5022 3550 5076 in
3594 5021 3726 5091 judi-

2172 5109 2360 5165 cando.
2391 5108 2485 5162 llis
2508 5108 2860 5177 adjuvamura
2887 5109 2993 5162 Deo
3013 5149 3028 5173 ,
3057 5108 3138 5162 his
3162 5124 3531 5178 promeremur
3551 5112 3722 5165 Deum.
3768 5152 3785 5173 I.

2171 5201 2356 5257 Merito
2391 5215 2518 5270 ergo
2564 5199 2905 5253 misericordia
2941 5209 2988 5252 et
3028 5201 3206 5254 veritas
3243 5201 3489 5254 universa:
3519 5202 3607 5255 viae
3629 5199 3725 5253 Do-

2174 5293 2316 5345 mini.
2370 5290 2486 5344 Non
2532 5297 2655 5344 sunt
2692 5289 2808 5342 alite
2838 5289 2970 5352 visa,
3014 5288 3203 5357 quibus
3241 5289 3306 5342 ad
3352 5305 3449 5344 nos
3472 5292 3642 5346 veniat
3666 5289 3720 5350 ¹;

2174 5396 2276 5435 non
2304 5388 2425 5435 sunt
2452 5379 2568 5434 alite
2591 5380 2689 5432 vice
2713 5420 2728 5445 ,
2758 5379 2944 5449 quibus
2967 5378 3030 5431 ad
3060 5378 3204 5432 illum
3233 5379 3527 5434 veniamus.

2166 5486 2183 5502 -
2245 5472 2296 5524 6.
2331 5471 2580 5537 Quoniam
2603 5469 2933 5539 magniﬁcasti
2954 5485 3102 5537 super
3132 5485 3292 5534 omne,
3314 5487 3493 5523 nomen
3515 5476 3721 5524 sanctum

2175 5572 2332 5616 tuum.
2381 5560 2562 5628 Qualis
2600 5561 2700 5614 ista
2747 5559 3062 5627 gratulatio,
3113 5557 3343 5614 fratres?
3393 5555 3723 5628 Magniﬁcnvit

2239 5697 2253 5726 ί
2281 5701 2401 5742 Tres
2416 5700 2541 5746 uss,
2567 5690 2972 5740 manducavimus.

2239 5758 2256 5786 ²
2283 5765 2363 5801 Am
2410 5761 2458 5801 et
2483 5753 2660 5813 aliquot
2685 5760 2807 5812 $355.,
2833 5752 2971 5802 venit.
