4084 6446
366 476 393 530 1
406 474 504 531 777

349 679 631 736 Abraham
682 683 827 747 Deo,
881 694 935 739 et
977 686 1285 756 deputatum
1327 696 1408 742 est
1460 689 1533 743 illi
1574 689 1639 744 ad
1681 690 1940 759 justitiam

350 770 510 842 (Cen.
540 788 635 837 xv,
661 772 730 837 6;
762 773 909 828 Rom.
942 791 1015 841 1v,
1045 774 1119 848 5).
1147 776 1366 833 Caetera:
1395 793 1581 834 omnes
1609 790 1793 849 gentes
1825 780 1939 835 ido-

345 864 421 920 lis
450 865 828 931 immolabant,
861 868 1191 925 daemonibus
1217 870 1536 926 serviebant.
1566 872 1728 927 Natus
1767 883 1848 928 est
1875 890 1938 928 ex
1966 886 1967 891 ‘

347 955 628 1014 Abraham
660 955 838 1024 Isaac;
866 960 1232 1030 magniﬁcatus
1259 972 1341 1017 est
1364 977 1523 1033 super
1550 965 1694 1018 illam
1722 964 1937 1021 domum

341 1049 494 1104 Deus
526 1067 538 1103 :
570 1050 693 1105 inde
722 1050 921 1120 Jacob;
969 1054 1333 1124 magniﬁcatus
1360 1065 1442 1111 est
1470 1056 1607 1113 Deus
1629 1099 1641 1121 ,
1671 1058 1760 1127 qui
1786 1058 1934 1126 dicit,

281 1193 289 1203 .
340 1143 465 1215 Ego
492 1163 607 1200 sum
634 1147 773 1202 Deus
795 1149 1083 1216 Abraham,
1115 1161 1160 1205 et
1191 1151 1326 1206 Deus
1357 1151 1526 1219 Isaac,
1552 1161 1597 1205 et
1617 1152 1753 1207 Deus
1778 1152 1938 1207 Jacob

334 1237 547 1305 (Exod.
576 1256 653 1305 ιιι,
682 1240 736 1309 6)
771 1258 783 1293 :
817 1241 937 1295 inde
955 1241 1230 1297 duodecim
1254 1244 1365 1306 ﬁlii,
1387 1244 1508 1299 inde
1539 1244 1760 1314 populus
1778 1244 1939 1300 Israel

337 1328 606 1383 liberatus
643 1332 709 1385 ab
731 1330 983 1403 IEgypto,
1009 1333 1197 1389 ductus
1221 1351 1316 1407 per
1339 1351 1482 1391 mare
1505 1336 1760 1403 Rubrum,
1784 1353 1936 1392 exer-

331 1422 542 1476 citatus
578 1424 629 1476 in
661 1439 844 1478 eremo
866 1468 879 1489 ,
925 1426 1110 1495 ejectis
1150 1427 1409 1483 Gentibus
1439 1429 1491 1482 in
1535 1437 1673 1484 terra
1704 1430 1933 1499 promis-

333 1512 514 1566 sionis
542 1514 834 1570 collocatus
860 1527 960 1571 εει.
990 1517 1375 1587 Magniﬁcatum
1403 1527 1485 1574 est
1510 1534 1701 1573 nomen
1726 1520 1933 1574 Domini

329 1617 505 1672 super
536 1604 718 1659 Israel.
760 1606 862 1661 Sed
897 1607 1018 1662 inde
1044 1618 1096 1663 et
1124 1610 1269 1680 virgo
1291 1609 1451 1665 Maria
1475 1651 1488 1676 ,
1520 1610 1646 1665 inde
1676 1610 1931 1667 Dominus

326 1692 623 1762 Christus,
652 1705 893 1753 mortuus
932 1710 1149 1768 propter
1170 1712 1384 1769 peccata
1418 1710 1617 1768 nostra,
1650 1717 1931 1772 resurgens

329 1794 561 1855 propter
602 1787 1037 1856 justiﬁcationcm
1067 1800 1299 1846 nostram
1342 1791 1514 1861 (Rom.
1558 1809 1607 1847 tv
1628 1835 1642 1858 ,
1673 1793 1767 1863 ‘25)
1788 1835 1801 1859 ,
1833 1793 1931 1848 im-

322 1878 491 1947 plens
533 1879 715 1935 ﬁdeles
743 1881 941 1950 Spiritu
986 1891 1205 1947 sancto,
1256 1884 1475 1938 mittens
1516 1883 1791 1952 praedicari
1836 1900 1930 1955 per

319 1980 545 2039 gentes,
576 1972 720 2042 Agite
749 1973 1107 2037 pamitentiam,
1137 1974 1554 2044 appropinquavit
1570 1975 1700 2027 enim
1717 1991 1928 2045 regnum

320 2060 578 2113 metarum
627 2060 834 2131 (Matth.
867 2079 959 2126 ιιι,
992 2063 1093 2133 2)χέ
1123 2073 1176 2118 ct
1202 2079 1327 2120 ecce
1369 2064 1727 2134 magniﬁcavit
1767 2080 1926 2135 super

317 2165 514 2211 017108,
546 2165 739 2205 nomen
770 2163 1009 2207 sanctum
1041 2170 1212 2207 suum.

398 2244 457 2297 7.
491 2243 643 2315 [rem
677 2243 754 2316 5.]
801 2244 864 2298 1η
905 2263 1213 2316 quacumque
1253 2247 1333 2300 die
1372 2247 1666 2301 invocavero
1704 2257 1782 2314 te,
1822 2249 1922 2302 cito

312 2334 518 2387 exaudi
540 2352 634 2389 me.
659 2334 852 2402 Quare,
874 2337 1007 2389 cito?
1027 2336 1158 2404 Quia
1185 2347 1236 2390 tu
1263 2338 1468 2403 dixisti,
1497 2338 1674 2391 Adhuc
1696 2338 1923 2407 loquente

311 2436 365 2480 te
396 2426 602 2491 dicam,
642 2427 771 2481 Ecce
809 2428 986 2481 adsum
1016 2428 1168 2499 (lsai.
1208 2446 1327 2483 Lvnt
1350 2471 1363 2495 ,
1395 2430 1473 2500 9).
1527 2429 1702 2497 Quare
1725 2472 1738 2498 ,
1784 2432 1921 2486 cito?

308 2517 463 2585 Quia
510 2517 619 2587 jam
649 2533 754 2573 non
794 2530 912 2587 peto
940 2519 1244 2576 felicitatem
1274 2530 1538 2575 terrenam
1560 2562 1574 2587 ,
1604 2522 1763 2577 didici
1793 2538 1917 2577 san-

304 2621 470 2666 ctum
498 2610 819 2666 desiderium
847 2612 911 2667 de
940 2628 1076 2668 novo
1107 2622 1446 2669 testamento.
1490 2615 1605 2669 Non
1649 2625 1773 2685 peto
1801 2625 1911 2671 ter-

303 2717 470 2765 ram,
522 2716 626 2756 non
652 2702 1031 2758 fecunditatem
1056 2705 1323 2758 carnalem
1346 2746 1359 2770 ,
1390 2720 1495 2758 non
1526 2705 1749 2760 salutem
1778 2714 1911 2760 tem-

301 2792 584 2863 poralem,
610 2807 714 2845 non
737 2793 1068 2847 inimicorum
1090 2793 1471 2861 subjectiouem
1496 2837 1509 2861 ,
1540 2810 1646 2850 non
1676 2795 1907 2861 divitias,

301 2897 425 2937 non
457 2882 727 2945 honores;
762 2883 892 2937 nihil
923 2883 1113 2938 horum
1146 2892 1267 2954 pcto
1302 2903 1312 2939 :
1346 2884 1465 2939 ideo
1489 2886 1586 2939 cito
1607 2886 1791 2940 exaudi
1809 2902 1907 2940 me.

297 2978 451 3049 Quia
500 2977 727 3031 docuisti
770 2976 893 3047 quid
938 2984 1113 3046 petam
1141 3019 1155 3044 ,
1205 2977 1269 3031 da
1308 2977 1449 3047 quod
1477 2985 1618 3047 peto.
1664 2978 1910 3032 Dicamus

296 3072 443 3127 huic
478 3070 645 3125 :Tale
675 3069 870 3140 aliquid
913 3070 1083 3139 petis?
1120 3067 1415 3125 Audiamus
1441 3085 1559 3136 nos,
1592 3079 1798 3125 eructet
1821 3085 1909 3139 pe-

295 3164 561 3220 titionem
583 3177 731 3217 suam
756 3203 770 3227 ,
800 3170 854 3217 et
880 3161 1151 3216 videamus
1179 3161 1302 3232 quid
1336 3170 1515 3230 petat;
1548 3169 1602 3216 et
1641 3161 1907 3216 discamus

295 3271 404 3327 per
436 3270 562 3309 eum
604 3264 785 3324 petere
808 3294 822 3319 ,
851 3261 910 3307 ut
934 3268 1235 3308 mereamur
1262 3252 1526 3322 accipere.
1579 3253 1811 3307 Veneras
1838 3250 1905 3305 ad

292 3345 611 3402 Ecclesiam
636 3385 650 3411 ,
685 3344 866 3399 nescio
917 3343 1041 3413 quid
1071 3343 1227 3398 hodie
1265 3344 1524 3413 petiturus
1546 3385 1559 3409 ,
1588 3344 1722 3411 Quid
1754 3353 1905 3413 puta-

290 3450 430 3491 mus
458 3448 683 3490 veneras
715 3435 1017 3504 petiturus?
1060 3434 1298 3489 Veneras
1332 3450 1449 3490 cum
1482 3436 1748 3491 desiderio
1789 3445 1899 3504 tuo,

291 3527 497 3582 nescio
531 3516 640 3596 quo
661 3568 676 3594 ,
718 3527 919 3580 utinam
951 3527 1255 3592 innocenti,
1290 3527 1390 3582 etsi
1428 3529 1646 3581 carnali.
1675 3528 1779 3584 Sed
1812 3544 1900 3585 re-

288 3636 467 3677 move
496 3620 823 3689 iniquitatem
852 3660 865 3685 ,
894 3634 1107 3675 remove
1131 3620 1492 3676 carnalitatem
1528 3638 1541 3687 ;
1589 3621 1734 3677 disce
1774 3622 1897 3692 quid

287 3721 481 3781 petas,
518 3709 640 3779 quid
673 3709 829 3765 hodie
858 3709 1091 3765 celebres
1113 3710 1346 3764 attende.
1374 3710 1677 3765 Natalitium
1696 3721 1894 3767 sancta:

284 3814 347 3857 et
391 3803 569 3857 beata:
612 3799 818 3855 femina:
859 3801 1120 3867 celebras,
1165 3811 1217 3855 ct
1245 3800 1378 3855 forte
1405 3802 1707 3857 felicitatem
1741 3805 1752 3833 ¹
1787 3812 1891 3859 ter-

285 3907 490 3949 renam
533 3890 825 3947 desideras.
881 3892 970 3945 Illa
1009 3901 1226 3961 pr0pter
1269 3891 1598 3947 desiderium
1646 3903 1892 3948 sanctum

279 3984 507 4041 dimisit
555 3983 858 4039 felicitatem
907 3999 1066 4053 quam
1098 3983 1327 4039 habebat
1366 3987 1418 4038 in
1463 3992 1636 4051 terra;
1693 3986 1894 4043 dimisit

282 4082 440 4135 ﬁlios
467 4078 654 4135 ﬁentes
700 4088 754 4134 et
783 4089 1029 4150 tanquam
1064 4081 1333 4136 crudelem
1374 4090 1599 4136 matrem
1624 4082 1886 4149 dolentes,

282 4171 421 4239 quia
449 4169 598 4223 velut
627 4168 927 4237 perdiderat
957 4170 1241 4224 humanam
1281 4171 1698 4226 misericordiam
1722 4213 1736 4237 ,
1770 4188 1889 4241 quae

280 4260 355 4313 ad
407 4258 639 4313 divinam
678 4260 959 4314 festinabat
1009 4274 1284 4315 coronam.
1340 4261 1620 4317 Nesciebat
1645 4278 1769 4316 vero
1798 4264 1886 4316 illa

280 4348 423 4419 quid
466 4348 833 4415 desideraret,
881 4350 1005 4419 quid
1046 4350 1321 4406 calcaret?
1370 4351 1480 4407 lmo
1510 4368 1635 4408 vero
1666 4363 1886 4409 noverat

281 4439 527 4511 psallere
575 4454 754 4494 coram
801 4440 1015 4509 Angelis
1062 4441 1192 4507 Dei,
1246 4457 1536 4512 eorumque
1578 4443 1884 4500 desiderare

278 4532 644 4596 consortium,
687 4531 971 4586 amicitiam
1016 4541 1253 4587 sanctam
1285 4542 1338 4589 et
1366 4549 1550 4603 puram
1578 4577 1592 4602 ,
1624 4536 1713 4592 ubi
1743 4537 1880 4592 ulte-

276 4623 406 4677 rius
438 4636 543 4675 non
586 4629 884 4678 moreretur
904 4664 918 4687 ,
955 4622 1041 4677 ubi
1080 4622 1311 4691 judicem
1342 4634 1525 4679 nosset
1550 4627 1689 4695 apud
1719 4643 1878 4696 quem

281 4730 401 4769 non
426 4712 607 4768 valere
638 4722 818 4784 posset
842 4713 1197 4769 mendacium.
1235 4715 1369 4783 Quid
1399 4719 1557 4787 ergo?
1588 4718 1639 4772 in
1662 4719 1748 4773 illa
1775 4721 1879 4775 vita

278 4803 435 4858 nulla
475 4811 599 4858 sunt
631 4803 808 4859 bona?
855 4803 965 4860 lmo
995 4820 1121 4860 vero
1164 4806 1233 4861 ibi
1265 4807 1376 4861 sola
1409 4817 1533 4862 sunt
1561 4810 1693 4864 bona
1721 4852 1736 4877 ,
1769 4827 1875 4867 non

278 4895 449 4950 malis
495 4896 664 4950 mixta
701 4896 878 4961 bona;
925 4898 1236 4953 securitates
1267 4901 1285 4930 ²
1331 4901 1382 4953 in
1426 4901 1616 4970 quibus
1644 4904 1876 4973 gaudeas

272 4994 545 5058 quantum
572 4987 652 5041 vis
674 5029 690 5053 ,
722 4996 776 5042 et
816 5002 973 5043 nemo
998 4988 1139 5043 dicat
1170 4990 1261 5046 tibi
1288 5031 1301 5055 ,
1350 4991 1607 5061 Tempora
1656 5001 1725 5049 te.
1781 4995 1876 5050 Hic

272 5088 467 5133 autem
514 5078 581 5133 de
625 5078 779 5133 bonis
828 5081 1051 5135 terrenis
1096 5080 1329 5150 gaudere
1370 5084 1649 5138 molestum
1675 5094 1787 5152 est,
1820 5096 1874 5142 et

274 5168 644 5240 periculosum
697 5170 885 5236 nimis;
944 5187 1010 5225 ne
1054 5173 1129 5227 sic
1172 5175 1401 5242 gaudeas
1444 5184 1500 5229 ut
1544 5176 1778 5243 bwreas,
1821 5189 1874 5235 et

274 5260 570 5329 gaudendo
590 5261 728 5317 male
758 5277 945 5331 pereas
973 5263 1012 5317 ³.
1064 5263 1194 5318 Nam
1224 5265 1363 5319 unde
1392 5266 1529 5320 Deus
1567 5270 1753 5323 miscet
1782 5272 1874 5324 tri-

277 5351 591 5407 bulationes
621 5352 824 5423 gaudiis
850 5356 1094 5420 terrenis,
1129 5357 1225 5411 nisi
1251 5368 1304 5409 ut
1336 5358 1726 5415 tribulationem
1758 5378 1871 5417 sen-

276 5444 480 5497 tientes
506 5450 560 5497 et
583 5444 987 5501 amaritudinem
1014 5489 1026 5513 ,
1071 5448 1338 5504 discamus
1366 5458 1617 5506 mternam
1654 5453 1865 5511 deside-

274 5548 405 5588 rare
430 5534 800 5589 dulcedinem?

346 5690 364 5720 ί
395 5689 584 5751 Aliquot
607 5697 735 5749 Mss,
758 5690 1093 5742 celebritatem.

345 5753 395 5862 ’w
402 5751 626 5814 Plerique
668 5760 796 5812 Mss.,
838 5767 928 5802 non
951 5754 1090 5805 mulis
1131 5756 1283 5805 mixta
1308 5769 1323 5806 :
1351 5757 1470 5807 bona
1505 5759 1788 5821 securitatis,
1815 5761 1863 5810 in

400 5827 471 5863 us.
499 5821 593 5862 etc.

277 5827 471 5875 quwus,
499 5827 593 5862 etc.

345 5861 378 5906 έν
394 5861 491 5924 λιιι.
515 5861 567 5925 et
591 5875 757 5938 plures
780 5884 904 5939 Mss,
924 5875 1122 5929 haereus.
1142 5885 1279 5930 Forte
1294 5880 1417 5942 leg,
1433 5886 1476 5931 et
1494 5881 1722 5934 horrcndo
1736 5892 1862 5933 male
1916 5861 1929 5872 ’

275 5948 467 5999 pereas.

1395 482 1788 542 ENARRATIO
1828 487 1889 543 1N
1932 491 2251 552 ρδλωιυιι
2290 495 2593 559 CXXXVII.

354 604 559 644 nomen
580 604 735 645 suum
761 599 1003 647 sanctum
1028 608 1188 664 super
1214 595 1502 652 Abraham.
1535 598 1771 654 Credidit
1798 602 1939 655 enim
2022 606 2043 613 ’

3499 520 3633 578 1778

2120 607 2171 661 8.
2214 609 2350 677 Quid
2376 628 2503 685 ergo
2530 617 2694 685 petit,
2730 619 3001 679 videamus
3026 640 3039 689 ;
3070 639 3175 695 quo
3204 627 3396 685 merito
3415 630 3629 702 dixerit,

2051 698 2160 753 Cito
2181 704 2365 757 exaudi
2386 723 2483 761 me.
2512 707 2646 775 Quid
2674 712 2815 767 enim
2841 715 2977 784 petis
3000 757 3016 782 ,
3048 724 3106 771 ut
3153 719 3260 775 cito
3287 698 3633 783 exaudiaris

2052 790 2417 890 Mullipliiabis
2441 815 2535 854 me.
2581 800 2757 859 Multis
2796 805 2967 863 modis
3002 811 3370 881 multiplicatio
3410 815 3631 890 intelligi

2048 890 2242 951 potest.
2278 885 2373 941 Est
2400 890 2765 960 multiplicatio
2788 904 3011 953 terrente
3032 902 3410 973 generationis,
3429 885 3627 963 secun-

2048 973 2173 1028 dum
2216 977 2439 1045 primam
2483 990 2687 1039 naturae
2729 996 2924 1044 nostra:
2964 990 3386 1051 benedictionem
3411 1038 3426 1065 ,
3468 1011 3629 1068 quam

2046 1065 2344 1121 audivimus
2375 1086 2386 1122 :
2418 1070 2668 1140 Crescite,
2703 1084 2746 1128 et
2776 1076 3200 1149 multiplicamini,
3230 1093 3275 1137 et
3298 1065 3502 1156 implete
3528 1099 3627 1142 ter-

2044 1170 2152 1207 ram
2176 1198 2190 1221 ,
2221 1167 2266 1209 et
2297 1158 2623 1217 dominamini
2654 1166 2763 1235 ejus
2790 1165 2939 1239 (Gen.
2964 1185 3000 1234 ι,
3018 1168 3134 1242 ‘28).
3163 1171 3320 1230 Sicne
3363 1175 3450 1232 ille
3478 1177 3625 1234 vole-

2047 1246 2135 1300 bat
2180 1248 2562 1319 multiplicari,
2612 1256 2700 1324 qui
2749 1257 2994 1326 dicebat,
3032 1259 3142 1316 Cito
3183 1265 3367 1319 exaudi
3409 1268 3533 1322 me?
3561 1268 3628 1324 Et

2045 1339 2142 1393 ista
2187 1340 2341 1409 plane
2383 1345 2757 1414 multiplicatio
2793 1350 3065 1407 fructuosa
3114 1363 3228 1421 est,
3263 1364 3316 1411 et
3344 1371 3451 1413 non
3479 1361 3627 1416 venit

2043 1429 2142 1483 nisi
2164 1431 2228 1486 de
2254 1431 2623 1495 benedictione
2654 1439 2883 1493 Domini.
2911 1442 3027 1497 Jam
3059 1443 3185 1512 quid
3211 1444 3383 1501 dicam
3412 1447 3478 1503 de
3505 1450 3624 1507 aliis

2041 1522 2609 1594 multiplicationibus?
2633 1529 3005 1601 Multiplicatus
3029 1542 3112 1589 est
3132 1534 3220 1591 ille
3241 1550 3392 1603 auro,
3421 1537 3511 1594 ille
3539 1555 3624 1595 ar-

2040 1624 2204 1685 gento
2231 1659 2246 1683 ,
2279 1618 2367 1674 ille
2397 1635 2624 1690 pecore,
2656 1623 2746 1677 ille
2776 1624 2970 1680 familia
2996 1667 3010 1693 ,
3040 1625 3133 1681 ille
3171 1630 3617 1697 possessionibus,

2037 1707 2129 1763 ille
2184 1708 2265 1765 his
2324 1713 2590 1769 omnibus.
2631 1715 2807 1772 Multae
2858 1727 2983 1773 sunt
3023 1729 3248 1776 terrente
3299 1723 3620 1793 multiplica-

2037 1801 2247 1868 tiones;
2280 1805 2481 1860 felicior
2507 1818 2683 1864 autem
2722 1810 2951 1866 ﬁliorum
2987 1832 3000 1866 :
3031 1830 3333 1886 quanquam
3384 1819 3618 1876 homini-

2034 1894 2132 1950 bus
2157 1897 2329 1953 avaris
2359 1899 2519 1954 etiam
2552 1902 2663 1970 ipsa
2692 1901 2991 1961 fecunditas
3020 1908 3241 1963 molesta
3272 1919 3371 1966 est.
3405 1911 3617 1970 Timent

2033 1988 2173 2042 enim
2202 2004 2265 2043 ne
2282 2005 2542 2060 pauperes
2569 1995 2953 2064 relinquantur,
2974 1998 3063 2067 qui
3082 2000 3232 2055 multi
3256 2003 3399 2057 nasci
3423 2012 3614 2072 potue-

2030 2088 2171 2131 runt.
2199 2078 2327 2146 Quae
2356 2082 2656 2138 sollicitudo
2679 2086 2959 2156 plerosque
2979 2089 3044 2143 ad
3071 2090 3396 2160 impietatem
3419 2095 3611 2165 coegit,

2032 2176 2087 2221 ut
2139 2168 2577 2227 obliviscerentur
2621 2176 2763 2244 quod
2806 2188 3054 2246 parentes
3101 2192 3310 2248 essent,
3362 2186 3613 2256 omnique

2030 2259 2377 2317 humanitatis
2433 2264 2628 2320 affectu
2701 2269 3021 2338 exspoliati,
3071 2285 3405 2343 exponerent
3470 2279 3611 2335 ﬁlios

2026 2366 2171 2419 suos,
2200 2361 2255 2407 ut
2283 2348 2375 2408 eos
2404 2354 2638 2411 facerent
2668 2358 2903 2425 alienos;
2933 2362 3220 2431 projiceret
3240 2381 3359 2435 qua:
3383 2370 3604 2437 peperit,

2026 2436 2298 2512 colligeret
2322 2461 2441 2515 quae
2471 2462 2577 2501 non
2611 2450 2813 2518 peperit
2838 2467 2851 2514 ;
2880 2451 2967 2505 illa
2990 2436 3489 2523 contemneret,iilla
3520 2458 3607 2515 di-

2025 2533 2248 2604 ligeret;
2281 2536 2369 2590 illa
2410 2536 2606 2593 frustra
2647 2549 2819 2596 mater
2843 2556 3006 2598 carne
3029 2584 3044 2610 ,
3074 2544 3161 2599 illa
3198 2546 3373 2601 verior
3416 2551 3605 2606 volun-

2024 2633 2149 2680 tate.
2174 2627 2305 2682 Cum
2333 2643 2459 2699 ergo
2488 2633 2594 2685 sint
2621 2633 2800 2688 multa:
2839 2635 3326 2706 multiplicationes,
3355 2648 3409 2696 et
3435 2643 3601 2698 multa

2021 2729 2213 2784 genera
2286 2718 2821 2787 multiplicationum,
2876 2739 3034 2793 quam
3105 2728 3601 2799 multiplicationem

2021 2807 2209 2876 quaerit
2246 2810 2336 2878 qui
2369 2810 2539 2877 dixit,
2570 2811 2680 2867 Cito
2708 2815 2895 2869 exaudi
2924 2818 3043 2871 me?
3070 2819 3158 2873 Ait
3200 2819 3339 2874 enim
3367 2863 3381 2887 ,
3417 2822 3601 2878 Multi-

2016 2897 2227 2966 plicabis
2276 2916 2372 2953 me.
2426 2901 2811 2971 Exspectamus
2862 2904 3049 2963 audire
3102 2908 3155 2963 in
3204 2910 3416 2980 quibus.
3465 2915 3601 2969 Audi

2016 3002 2143 3058 ergo
2176 3007 2187 3041 :
2222 2987 2287 3042 In
2313 2993 2482 3045 anima
2503 3008 2632 3047 mea.
2654 2992 2769 3049 Non
2796 2996 2849 3050 in
2877 3011 3038 3053 carne
3056 3013 3195 3065 mea,
3219 3000 3312 3056 sed
3342 3002 3395 3055 in
3430 3005 3601 3058 anima

2016 3095 2125 3134 mea
2159 3095 2176 3133 :
2205 3080 2571 3151 Mulliplicabis
2612 3102 2690 3140 me
2728 3088 2779 3140 in
2820 3089 2992 3143 anima
3041 3106 3170 3145 mea.
3218 3091 3384 3150 Estne
3425 3094 3600 3151 adhuc

2013 3173 2153 3242 quod
2184 3174 2431 3240 addatur,
2461 3191 2528 3232 ne
2569 3177 2705 3234 forte
2726 3188 2779 3234 et
2805 3181 3174 3251 multiplicatio
3202 3183 3254 3239 in
3280 3186 3455 3240 anima
3487 3202 3596 3243 non

2012 3268 2265 3322 continuo
2291 3267 2601 3327 felicitatem
2632 3273 2932 3343 signiﬁcet?
2956 3276 3170 3331 Etenim
3197 3278 3338 3334 curis
3365 3279 3383 3310 ι
3413 3280 3591 3336 homi-

2010 3375 2106 3415 nes
2131 3359 2183 3414 in
2214 3362 2391 3416 anima
2418 3365 2855 3435 multiplicantur.
2883 3366 3255 3437 Multiplicatus
3299 3369 3510 3426 videtur
3537 3370 3589 3425 in

2008 3454 2205 3520 anima,
2238 3454 2289 3509 in
2321 3471 2426 3526 quo
2453 3457 2613 3511 etiam
2645 3459 2991 3529 multiplicata
3020 3468 3147 3515 sunt
3174 3460 3316 3515 vitia.
3340 3460 3434 3517 ille
3469 3470 3587 3516 tan—

2007 3547 2282 3602 tummodo
2311 3562 2501 3604 avarus
2531 3559 2641 3614 est,
2678 3551 2764 3605 ille
2793 3551 3157 3607 tantummodo
3179 3552 3466 3623 superbus,
3499 3553 3587 3608 ille

2008 3639 2371 3695 tantummodo
2398 3640 2737 3707 luxuriosus;
2769 3642 2868 3697 iste
2890 3651 2945 3697 et
2972 3658 3184 3711 avarus,
3216 3651 3271 3699 et
3299 3644 3583 3714 superbus,

2003 3739 2056 3783 et
2105 3731 2408 3787 luxuriosus
2439 3751 2450 3786 :
2486 3734 2869 3803 multiplicatus
2909 3742 2991 3789 est
3030 3735 3081 3787 in
3111 3736 3285 3789 anima
3314 3750 3443 3802 sua,
3487 3737 3583 3791 sed

2002 3823 2145 3876 malo
2173 3838 2291 3877 suo.
2331 3824 2700 3893 Multiplicatio
2728 3825 2823 3877 ista
2853 3824 3105 3893 egestatis
3133 3834 3213 3879 est
3238 3866 3251 3891 ,
3281 3841 3390 3881 non
3422 3824 3580 3881 uber-

2003 3914 2141 3967 tatis.
2169 3913 2311 3983 Ergo
2347 3914 2471 3983 quid
2508 3923 2561 3967 tu
2591 3915 2680 3984 qui
2699 3914 2876 3968 dixisti
2902 3955 2915 3978 ,
2946 3912 3054 3968 Cito
3085 3915 3271 3967 exaudi
3308 3933 3418 3984 me,
3448 3926 3499 3973 et
3530 3928 3580 3975 te

1997 4003 2263 4057 abstulisti
2292 4004 2357 4057 ab
2395 4004 2539 4058 omni
2569 4018 2823 4073 corpore,
2853 4003 2920 4058 ab
2958 4006 3103 4058 omni
3138 4014 3347 4061 terrena
3390 4022 3447 4062 re
3468 4049 3481 4073 ,
3510 4010 3577 4063 ab

1997 4095 2140 4148 omni
2180 4093 2446 4149 desiderio
2494 4094 2771 4161 saeculari,
2806 4102 2864 4149 ut
2908 4093 3114 4150 diceres
3146 4094 3285 4162 Deo,
3315 4094 3577 4167 Multipli-

1994 4187 2127 4239 cabis
2149 4202 2227 4239 me
2246 4187 2297 4238 in
2319 4186 2490 4239 anima
2516 4186 2661 4239 mea?
2679 4186 2865 4241 Adhuc
2889 4185 3112 4256 explana
3134 4188 3259 4258 quid
3279 4188 3574 4246 desideres.

1997 4277 2362 4349 Multiplicabis
2393 4294 2499 4344 me,
2538 4278 2735 4347 inquit,
2764 4281 2816 4333 in
2847 4280 3017 4352 anima
3063 4295 3174 4334 mea
3193 4322 3205 4346 ,
3231 4280 3431 4336 virtute.
3462 4284 3571 4337 Ex-

1991 4383 2233 4438 pressom
2289 4378 2507 4434 votum,
2549 4382 2860 4438 expressum
2912 4370 3271 4437 desiderium,
3316 4372 3385 4427 ab
3427 4376 3573 4429 omni

1990 4460 2303 4516 confusione
2331 4462 2724 4516 circumcisum.
2745 4464 2800 4518 Si
2820 4463 3020 4519 diceret
3043 4506 3057 4530 ,
3083 4462 3447 4535 Multiplicabis
3470 4484 3570 4533 me;

1992 4563 2196 4609 terrena
2226 4555 2404 4609 nescio
2429 4570 2547 4625 qua:
2574 4556 2834 4626 cogitares
2860 4575 2871 4609 :
2905 4556 3137 4624 addidit,
3167 4558 3409 4612 inanima
3436 4575 3564 4612 mea.

1990 4645 2222 4712 Rursus,
2255 4661 2321 4701 ne
2352 4646 2405 4699 iu
2435 4647 2611 4701 anima
2640 4648 2761 4700 vitia
2789 4647 3051 4717 cogitares
3072 4690 3086 4712 ,
3114 4647 3337 4712 addidit,
3362 4647 3563 4700 virtute.

1987 4736 2122 4791 Nihil
2149 4746 2229 4791 est
2258 4736 2398 4805 quod
2446 4737 2671 4807 amplius
2700 4754 2730 4792 a
2760 4738 2869 4793 Deo
2898 4739 3170 4793 desideres
3192 4778 3209 4805 ,
3242 4737 3285 4792 si
3314 4737 3393 4793 vis
3424 4737 3561 4791 bona

1985 4835 2037 4881 et
2063 4841 2184 4881 vera
2206 4825 2381 4880 fronte
2408 4827 2585 4881 dicere
2605 4868 2619 4893 ,
2649 4827 2760 4882 Cito
2790 4828 2971 4882 exaudi
3002 4843 3098 4880 me.

2054 4920 2106 4973 9.
2139 4917 2287 4991 [vers.
2312 4918 2391 4991 4.]
2417 4919 2868 4989 Conﬁteanturtibi
2888 4959 2902 4984 ,
2938 4918 3183 4981 Domine,
3220 4934 3388 4973 omnes
3420 4937 3559 4990 reges

1969 4988 2236 5063 'terrazilta
2267 4988 2390 5074 ﬁet,
2406 5022 2460 5066 et
2488 4988 2555 5064 ita
2586 5011 2675 5076 ﬁt,
2706 5019 2759 5064 et
2784 5009 3019 5079 quotidie
3042 5009 3135 5073 ﬁt;
3182 5018 3235 5064 et
3262 4988 3559 5066 ostenditur

1980 5119 2084 5157 non
2109 5102 2303 5157 frustra
2330 5103 2557 5168 dictum,
2578 5103 2680 5156 nisi
2708 5103 2826 5171 quia
2856 5110 2972 5157 erat
3000 5102 3251 5156 futurum.
3272 5102 3558 5171 Con/itemi-

1981 5206 2062 5250 tur
2091 5196 2209 5260 tibi,
2234 5195 2482 5261 Domine,
2509 5211 2679 5247 omnes
2720 5210 2859 5264 reges
2904 5203 3069 5249 teme.
3099 5195 3201 5249 Sed
3227 5204 3279 5250 et
3309 5196 3408 5265 ipsi
3433 5212 3553 5252 cum

1980 5289 2069 5343 tibi
2100 5287 2437 5350 conﬁtentur,
2468 5302 2585 5339 cum
2616 5284 2829 5340 laudant
2853 5294 2938 5353 te,
2969 5302 3071 5341 non
3102 5295 3312 5343 terrena
3338 5288 3555 5344 deside-

1977 5381 2081 5434 rint
2111 5395 2139 5433 a
2166 5390 2234 5435 te.
2264 5379 2400 5445 Quid
2430 5379 2571 5433 enim
2604 5392 2757 5448 reges
2801 5387 2953 5433 terrte
2990 5379 3339 5435 desideraturi
3385 5382 3551 5436 sunt?

1976 5472 2162 5526 Nonne
2204 5472 2313 5540 jam
2345 5469 2543 5523 habent
2584 5470 2752 5538 ipsum
2786 5469 3111 5539 imperium?
3137 5469 3398 5539 Quidquid
3433 5486 3549 5523 am-

1976 5564 2111 5630 plius
2134 5559 2519 5625 desideraverit
2544 5560 2705 5615 homo
2728 5561 2777 5615 in
2805 5568 2965 5627 terra,
2986 5576 3153 5632 usque
3180 5561 3243 5615 ad
3268 5562 3546 5630 imperium

1971 5663 2052 5709 est
2092 5651 2413 5708 desiderium
2471 5650 2607 5721 ejus.
2654 5651 2789 5719 Quid
2838 5655 3061 5724 amplius
3112 5652 3328 5722 potest?
3375 5652 3546 5705 Altior

1969 5748 2263 5802 sublimitas
2286 5750 2585 5801 necessaria
2613 5757 2712 5800 est.
2754 5747 2857 5803 Sed
2890 5748 3113 5803 fortasse
3137 5755 3334 5817 quanto
3369 5746 3544 5809 altior,

1968 5946 2011 5994 al
2032 5890 2046 5915 ι
2075 5886 2154 5931 Hic
2172 5891 2241 5932 Fr.
2274 5892 2323 5934 et
2342 5892 2449 5934 Lov.
2488 5884 2681 5945 addunt,
2720 5889 2763 5933 et
2786 5883 2926 5945 furiis
2950 5895 2964 5931 :
2990 5884 3115 5945 quod
3143 5884 3204 5932 ab
3229 5893 3327 5935 Am.
3364 5893 3415 5934 et
3436 5892 3526 5935 uss

2014 5952 2121 5994 )cst.

2014 5952 2121 5995 )cst.
