4084 6454
477 473 616 532 1779

480 600 629 647 tanto
661 579 1026 657 periculosior.
1055 575 1284 641 Ideoque
1325 579 1475 636 rcges
1503 568 1696 632 quanto
1721 565 1843 611 sunt
1864 555 1914 609 in
1943 567 2053 606 ma-

481 683 601 752 jore
628 643 949 734 sublimitate
1005 676 1213 721 terrena
1237 704 1251 727 ,
1282 669 1427 714 tanto
1457 652 1622 723 magis
1651 646 1912 705 humiliari
1951 643 2060 698 Deo

479 736 696 830 debent.
732 762 923 836 thuid
969 756 1252 814 faciunt“!
1284 750 1537 820 Quoniam
1583 743 1851 798 audierunt
1891 736 2060 790 omnia

445 906 447 909 .
481 864 628 918 verba
660 858 760 915 oris
787 855 859 909 tui
878 854 897 908 !
916 852 959 907 Ο
981 847 1227 910 Domine,
1246 842 1413 898 omnia
1438 840 1584 893 verba
1614 834 1714 889 oris
1745 830 1852 885 tui!
1873 825 2062 882 Nescio

479 959 531 1012 in
564 966 665 1024 qua
687 956 845 1020 gente
870 939 1179 998 abscondita
1201 944 1352 990 erant
1372 931 1480 986 Lex
1503 937 1557 982 et
1574 923 1869 995 Prophetas,
1894 919 2062 974 omnia

480 1017 629 1100 verlia
649 1017 752 1096 oris
772 1037 864 1092 tui.
895 1033 999 1090 Sed
1029 1032 1079 1085 in
1107 1035 1262 1100 gente
1300 1022 1604 1080 Judmorum
1633 1017 1746 1072 sola
1773 1021 1922 1069 erant
1951 1028 2061 1066 om-

483 1135 567 1186 nia
588 1131 735 1186 verba
755 1129 856 1183 oris
873 1126 978 1181 tui:
1008 1136 1164 1192 quam
1183 1125 1394 1189 gentem
1417 1111 1640 1168 laudans
1660 1106 1945 1178 Apostolus
1968 1103 2060 1169 ait,

485 1226 622 1290 Quid
651 1237 766 1292 ergo
796 1217 1014 1288 amplius
1040 1221 1111 1267 est
1139 1207 1366 1264 Judazo?
1393 1212 1481 1258 aut
1503 1217 1614 1272 quia
1632 1200 1821 1253 utilitas
1847 1196 2062 1250 circum-

483 1299 731 1371 cisionis?
759 1309 976 1362 Multum
999 1320 1087 1374 per
1109 1315 1302 1356 omnem
1334 1295 1554 1350 modum.
1585 1290 1818 1343 Primum
1839 1285 2059 1354 quidem,

484 1407 603 1475 quia
625 1402 814 1456 credita
838 1407 954 1453 sunt
986 1396 1088 1450 illis
1113 1391 1306 1462 eloquia
1327 1388 1424 1442 Dei
1451 1385 1624 1454 (Rom.
1655 1397 1730 1446 ιιι,
1766 1381 1789 1434 1
1814 1390 1856 1432 ει
1877 1377 1956 1447 2).
1991 1376 2065 1430 Ibi

486 1469 640 1552 erant
663 1493 821 1549 verba
854 1485 1090 1545 Dei.Sed
1122 1484 1188 1540 da
1210 1481 1338 1537 mihi
1366 1479 1512 1534 illum
1538 1474 1752 1531 Gedeon
1783 1469 2064 1542 quemdam

485 1595 725 1644 sanctum
749 1584 916 1638 virum
941 1589 1179 1647 tempore
1199 1573 1440 1628 Judieum
1463 1585 1476 1635 ;
1498 1567 1670 1622 videte
1687 1563 1842 1635 quale
1860 1563 2065 1631 signum

485 1679 673 1752 petivit
722 1693 752 1732 a
801 1673 1063 1729 Domino:
1101 1668 1295 1722 Ponant
1322 1706 1336 1730 ,
1377 1661 1579 1732 inquit,
1611 1659 1766 1712 vellus
1824 1655 1875 1707 in
1913 1669 2068 1715 area;

496 1748 813 1840 compluatur
838 1763 998 1818 vellus
1015 1801 1030 1825 ,
1053 1775 1170 1812 area
1186 1757 1317 1810 sicca
1339 1753 1422 1806 sit.
1452 1750 1519 1805 Et
1549 1748 1740 1802 factum
1770 1753 1850 1800 est
1884 1761 1896 1796 :
1920 1758 2067 1798 com.

499 1834 707 1934 plut-um
750 1864 832 1911 est
856 1853 1022 1908 vellus
1052 1849 1254 1909 solum,
1283 1857 1405 1898 area
1435 1842 1572 1895 sicea
1604 1846 1739 1893 erat.
1778 1835 1936 1890 Petiit
1975 1834 2071 1888 ile-

489 1924 608 2008 ium
646 1951 886 2019 signum:
921 1943 1050 1996 Area
1078 1948 1182 1993 tota
1225 1933 1479 2004 compluta
1501 1930 1600 1995 sit,
1634 1937 1678 1981 et
1722 1925 1886 1980 solum
1916 1924 2072 1978 vellus

491 2016 1027 2098 siccum—inveniatur.
1065 2029 1132 2084 Et
1177 2027 1278 2081 hoc
1313 2023 1508 2077 factum
1539 2027 1619 2074 est
1651 2035 1663 2071 :
1694 2016 1958 2086 compluta
1994 2023 2074 2068 est

493 2149 614 2190 area
635 2174 648 2198 ,
683 2130 827 2186 sicco
858 2123 1054 2182 vellere
1086 2117 1282 2193 (Judic.
1309 2130 1383 2180 vi,
1401 2111 1615 2181 56-40).
1637 2109 1814 2164 Primo
1838 2105 2075 2176 complu-

495 2237 604 2281 tum
633 2223 822 2282 vellus,
857 2219 996 2273 sicca
1037 2227 1196 2277 area;
1221 2217 1404 2280 postea
1442 2204 1707 2274 compluta
1739 2215 1862 2256 area
1886 2242 1899 2266 ,
1932 2199 2074 2254 sicco

492 2319 712 2373 vellere.
742 2311 880 2380 Quid
909 2307 1060 2364 vobis
1086 2304 1296 2360 videtur
1325 2314 1446 2354 area
1469 2340 1482 2362 ,
1511 2294 1742 2351 fratres?
1772 2292 1958 2348 Nonne
1983 2307 2072 2348 or-

498 2414 581 2468 bis
604 2403 908 2466 terrarum?
933 2399 1071 2468 Quid
1103 2394 1314 2453 vellus?
1333 2393 1604 2461 Tanquam
1636 2401 1766 2458 gens
1808 2384 1988 2440 Judcea
2020 2383 2073 2438 in

496 2503 676 2562 medio
706 2500 836 2556 orbe
878 2504 1140 2551 terrarum
1169 2532 1184 2558 ,
1214 2487 1417 2543 habens
1438 2482 1619 2555 gratia:
1641 2483 2032 2534 sacramentum
2058 2519 2071 2541 ,

496 2598 682 2656 nonin
705 2587 1130 2648 manifestatione
1151 2623 1164 2648 ,
1194 2580 1285 2638 sed
1327 2580 1379 2634 in
1405 2576 1546 2632 nube
1568 2573 1794 2640 secreti,
1827 2581 2074 2641 tanquam

494 2693 549 2746 in
598 2687 898 2743 velamento
950 2677 1182 2749 pluviam
1225 2675 1245 2705 '
1302 2671 1356 2726 in
1405 2668 1621 2725 vellere.
1671 2663 1827 2720 Venit
1871 2672 2077 2732 tempus

495 2783 708 2856 quando
751 2776 1080 2836 revelaretur
1113 2768 1286 2840 pluvia
1329 2765 1382 2819 in
1409 2777 1529 2818 area
1557 2778 1570 2826 ;
1602 2757 1934 2814 manifestata
1963 2763 2074 2820 est,

496 2848 604 2932 non
625 2880 831 2943 operta.
863 2867 1084 2922 Factum
1112 2869 1195 2916 est
1215 2873 1341 2928 ergo
1367 2855 1506 2926 quod
1535 2854 1731 2908 dictum
1764 2859 1879 2917 est,
1902 2848 2076 2917 Con/i-

503 2976 699 3024 teantur
727 2962 814 3017 libi
838 3003 848 3026 ,
885 2955 1128 3020 Domine,
1153 2966 1322 3006 omnes
1347 2964 1483 3017 reges
1503 2956 1654 3022 terra:
1677 2962 1694 3008 ;
1722 2943 1958 3013 quoniam
1987 2956 2080 2993 au-

500 3061 702 3116 dierunt
743 3051 910 3108 omnia
951 3046 1098 3101 verba
1138 3043 1238 3097 oris
1279 3039 1372 3094 tui.
1395 3037 1532 3106 Quid
1568 3044 1681 3102 est,
1721 3033 1907 3099 Israel,
1939 3030 2079 3101 quod

500 3140 910 3205 abseondebas?
939 3134 1190 3209 quamdiu
1213 3127 1608 3187 abscondebas?
1639 3127 1960 3194 Expressum
1999 3131 2080 3177 est

501 3240 670 3297 vellus
696 3279 710 3306 ,
739 3243 794 3290 et
819 3232 947 3289 exiit
980 3228 1047 3285 de
1078 3235 1129 3282 te
1158 3223 1353 3295 pluvia.
1391 3220 1548 3276 Solus
1575 3216 1814 3273 Christus
1849 3214 2080 3270 suavitas

500 3330 696 3402 pluviae
728 3345 742 3379 :
774 3326 946 3394 ipsum
996 3319 1167 3375 solum
1221 3329 1324 3370 non
1375 3311 1618 3382 agnoscis
1662 3309 1713 3363 in
1752 3307 2038 3377 Scripturis
2063 3346 2079 3373 ,

501 3431 722 3494 propter
748 3431 905 3488 quem
948 3413 1099 3468 facta:
1134 3416 1259 3464 sunt
1299 3406 1608 3475 Scriptum.
1639 3403 1705 3456 At
1749 3415 1876 3454 vero
1914 3414 2082 3452 omnes

506 3491 647 3585 reges
678 3519 824 3563 terra:
845 3505 1181 3574 conﬁteantur
1213 3499 1327 3564 tibi,
1355 3497 1602 3562 Domine;
1631 3494 1865 3562 quoniam
1910 3491 2084 3544 audie-

509 3612 628 3659 runt
654 3599 822 3655 omnia
842 3595 989 3651 verba
1011 3593 1113 3647 oris
1135 3591 1225 3644 tui.

580 3693 662 3748 10.
699 3687 848 3762 [υενε.
879 3683 959 3757 5.]
999 3681 1066 3736 Et
1117 3687 1316 3734 cantent
1364 3678 1414 3730 in
1458 3674 1549 3729 viis
1576 3674 1818 3738 Domini,
1850 3673 2087 3742 quoniam

507 3797 693 3856 magna
716 3787 786 3835 est
817 3775 979 3849 gloria
1005 3769 1230 3827 Domini.
1253 3764 1478 3823 Cantent
1506 3767 1558 3821 in
1583 3765 1682 3819 viis
1707 3762 1910 3817 Domini
1934 3777 2088 3831 reges

510 3853 688 3934 terra).
735 3872 791 3927 In
833 3868 1025 3940 quibus
1063 3863 1164 3918 viis
1207 3861 1465 3917 cantent?
1494 3858 1569 3913 De
1597 3855 1789 3927 quibus
1819 3869 1976 3923 supra
2005 3853 2086 3906 di-

510 3981 653 4026 ctum
683 3973 799 4033 est,
827 3961 895 4018 In
921 3955 1264 4015 misericordia
1290 3962 1375 4008 tua
1399 3962 1444 4007 et
1464 3950 1668 4005 veritate
1695 3957 1818 4013 tua;
1840 3946 2088 4016 quoniam

511 4062 757 4116 universa:
782 4054 875 4109 viae
893 4049 1100 4107 Domini
1132 4044 1476 4106 misericordia
1515 4051 1562 4096 et
1585 4039 1786 4094 veritas.
1811 4037 1923 4092 Non
1965 4051 2092 4105 ergo

513 4155 620 4208 sint
639 4162 792 4218 reges
819 4153 973 4200 terra:
997 4137 1234 4209 superbi,
1263 4133 1356 4191 sed
1385 4133 1611 4187 humiles
1636 4130 1766 4185 sint.
1795 4128 1942 4183 Tune
1970 4142 2094 4182 ean-

517 4252 631 4300 tent
664 4242 717 4296 in
744 4239 841 4293 viis
865 4232 1100 4298 Domini,
1131 4230 1176 4285 si
1207 4227 1434 4283 humiles
1469 4225 1611 4280 sint:
1645 4229 1858 4286 ament,
1880 4229 1930 4274 et
1966 4234 2094 4273 ean-

519 4335 728 4389 tabunt.
781 4326 1038 4383 Novimus
1079 4323 1312 4376 viatores
1365 4324 1700 4380 cantatores;
1752 4319 1998 4375 cantant,
2045 4320 2099 4364 et

519 4422 801 4497 pervenire
823 4417 1092 4474 festinant.
1114 4413 1250 4484 Sunt
1274 4409 1477 4466 cantica
1503 4407 1640 4462 mala
1672 4414 1918 4474 tanquam
1951 4411 2096 4456 vete-

522 4517 600 4572 ris
631 4510 861 4570 hominis
885 4524 899 4575 ;
933 4506 1026 4562 sed
1055 4503 1322 4558 canticum
1349 4513 1542 4555 novum
1571 4496 1802 4568 pertinet
1828 4493 1894 4547 ad
1923 4492 2099 4548 homi-

523 4621 648 4664 nem
698 4614 915 4659 novum.
945 4593 1233 4652 Ambulent
1271 4604 1398 4661 ergo
1428 4597 1482 4645 et
1524 4600 1676 4658 reges
1727 4594 1884 4641 terrae
1915 4584 1966 4637 in
2004 4582 2103 4637 viis

527 4699 654 4764 tuis,
687 4693 960 4751 ambulent
983 4696 1038 4744 et
1066 4693 1284 4744 cantent
1312 4685 1364 4739 in
1394 4683 1496 4738 viis
1525 4681 1648 4736 tuis.
1677 4679 1814 4749 Quid
1857 4678 2103 4733 cantent?

534 4791 788 4860 Quoniam
809 4800 991 4856 magna
1010 4791 1082 4836 εει
1103 4779 1266 4852 gloria
1281 4776 1523 4833 Domini:
1550 4789 1654 4829 non
1683 4787 1890 4843 regum.

602 4882 690 4936 ll.
722 4878 869 4951 [vers.
902 4872 981 4947 6.]
1023 4870 1155 4926 Vide
1189 4867 1457 4940 quomodo
1493 4878 1645 4934 reges
1693 4863 1857 4917 voluit
1893 4870 2107 4916 cantare

532 4976 586 5030 in
613 4971 733 5039 viis,
765 4967 1040 5023 humiliter
1063 4970 1335 5034 portantes
1365 4958 1643 5015 Dominum
1671 4996 1687 5022 ,
1717 4969 1822 5009 nou
1854 4969 1911 5008 se
1941 4953 2134 5008 extol--

535 5069 709 5123 lentes
734 5062 988 5118 adversus
1010 5058 1312 5112 Dominum.
1339 5051 1470 5108 Nam
1499 5051 1545 5106 si
1569 5064 1628 5106 se
1659 5047 1963 5112 extulerint,
1987 5044 2109 5115 quid

539 5154 813 5226 sequitur?
839 5151 1088 5220 Quoniam
1112 5147 1331 5202 excelsus
1353 5142 1620 5205 Dominus,
1647 5148 1692 5194 et
1716 5137 1928 5192 humilia
1953 5135 2112 5204 respi-

539 5224 632 5300 cit.
656 5244 854 5298 Volunt
897 5254 1024 5310 ergo
1062 5251 1216 5309 reges
1255 5232 1487 5305 respici?
1519 5229 1756 5286 Humiles
1795 5227 1918 5282 sint.
1946 5224 2116 5292 Quid?

544 5337 591 5392 si
617 5350 675 5392 se
703 5333 995 5389 extulerint
1039 5331 1090 5384 in
1139 5327 1478 5398 superbiam,
1516 5324 1684 5378 latere
1728 5320 1892 5391 ipsius
1937 5317 2118 5374 oculos

541 5423 804 5498 possunt?
829 5422 904 5477 Ne
941 5422 1075 5476 forte
1115 5420 1236 5490 quia
1272 5417 1498 5482 audisti,
1528 5413 1739 5468 humilia
1768 5411 2001 5480 respicit,
2033 5422 2123 5463 su-

545 5518 743 5590 perbus
796 5513 926 5569 velis
970 5525 1088 5566 esse
1115 5552 1126 5575 ,
1158 5520 1212 5564 et
1240 5509 1385 5563 dicas
1412 5509 1465 5562 in
1505 5506 1680 5560 anima
1722 5512 1807 5557 tua
1839 5520 1851 5555 :
1885 5499 2122 5555 llumiles

545 5589 761 5679 respicit
796 5606 966 5666 Deus,
995 5615 1079 5656 me
1129 5615 1231 5654 non
1287 5597 1532 5669 respicit;
1563 5595 1749 5650 faciam
1790 5592 1930 5663 quod
1979 5589 2120 5645 volo.

611 5783 847 5853 ﬁsietttss.
870 5789 920 5831 At
947 5789 1051 5831 Lov.
1077 5816 1088 5841 ,
1118 5784 1168 5829 rt
1195 5777 1310 5841 quid
1351 5773 1544 5840 faciant.
1575 5781 1672 5822 Am.
1699 5781 1747 5822 et
1771 5778 1873 5831 Er.,
1918 5774 1973 5821 tt
2012 5766 2126 5834 quid

548 5845 744 5909 faciant.

615 5909 635 5941 ’
656 5905 820 5954 Plures
842 5912 967 5965 Mssa,
996 5906 1166 5970 pluria.

1678 445 1734 500 S.
1772 435 2133 497 AUGUSTINI
2177 433 2475 491 EPISCOPI

3611 425 3744 481 i780

2173 548 2301 612 Quis
2327 546 2469 603 enim
2499 560 2583 600 me
2619 543 2804 599 videt?
2829 541 3094 596 hominem
3121 538 3286 602 latet;
3323 536 3463 591 Deus
3501 550 3606 588 non
3637 536 3743 587 vult

2167 651 2252 691 me
2276 635 2459 690 videre
2481 677 2496 701 ,
2527 635 2646 704 quia
2674 633 2886 688 humilis
2909 625 3012 686 iion
3039 643 3178 694 sum,
3201 627 3292 682 ille
3320 634 3498 684 autem
3528 624 3743 678 humilia

2168 726 2386 796 respicit
2415 743 2426 779 :
2460 723 2599 793 quod
2629 722 2751 779 volo
2775 721 2931 777 facio.
2951 720 2995 774 0
3015 721 3339 787 importune,
3363 714 3621 783 numquid
3649 713 3745 768 hoc

2168 816 2377 871 diceres
2397 856 2411 881 ,
2435 815 2479 869 si
2509 815 2674 870 scires
2700 812 2824 883 quid
2853 824 3033 864 amare
3060 806 3324 863 deberes?
3351 805 3489 859 Ecce
3531 803 3578 857 si
3616 803 3748 857 nolit

2169 918 2221 963 te
2248 905 2427 962 videre
2456 905 2617 970 Deus,
2646 902 2746 957 hoc
2792 902 2967 972 ipsum
3007 914 3112 954 non
3161 898 3343 962 times,
3371 894 3492 965 quia
3539 902 3591 947 te
3643 906 3746 945 non

2172 999 2285 1053 vult
2329 997 2553 1053 videre?
2577 995 2634 1052 Si
2678 994 2880 1050 salutes
2922 991 3152 1061 aliquem
3183 989 3437 1058 majorem
3466 996 3746 1057 patronum

2170 1101 2353 1155 tuum,
2380 1099 2434 1144 et
2479 1089 2712 1142 intentus
2747 1086 2798 1140 in
2842 1083 2983 1138 aliud
3009 1097 3113 1137 non
3155 1091 3206 1135 te
3250 1079 3458 1144 videat,
3484 1075 3749 1146 quomodo

2173 1182 2264 1236 tibi
2295 1181 2470 1234 anima
2500 1178 2685 1233 dolet?
2709 1175 2764 1231 Si
2808 1182 2983 1230 autem
3013 1173 3154 1228 Deus
3185 1180 3237 1227 te
3280 1185 3385 1224 non
3419 1169 3630 1232 videat,
3663 1181 3748 1220 se-

2171 1287 2354 1327 curum
2387 1278 2438 1326 te
2463 1269 2659 1341 putas?
2688 1268 2802 1322 Non
2844 1275 2894 1321 te
2920 1264 3062 1319 videt
3086 1263 3350 1325 Salvator,
3379 1269 3432 1314 et
3476 1257 3617 1313 videt
3655 1257 3747 1310 de-

2172 1362 2439 1433 prcedator
2465 1361 2594 1414 '.Et
2635 1368 2811 1414 tamen
2855 1365 2911 1412 et
2938 1356 3050 1426 ipse
3088 1363 3137 1408 te
3179 1353 3318 1407 Deus
3348 1349 3511 1405 videt.
3538 1348 3653 1402 Non
3701 1357 3750 1401 te

2171 1467 2326 1528 putes
2348 1461 2454 1510 n‘on
2479 1453 2644 1509 videri
2671 1470 2684 1518 ;
2720 1453 2828 1506 imo
2858 1464 2983 1520 roga
3011 1457 3067 1501 ut
3113 1445 3365 1500 merearis
3392 1442 3558 1496 videri
3593 1456 3622 1494 a
3648 1454 3751 1509 quo

2175 1547 2394 1602 videris.
2417 1545 2621 1600 Dictum
2651 1551 2733 1598 est
2762 1542 2903 1597 enim
2937 1555 2952 1593 :
2987 1537 3133 1592 Oculi
3161 1535 3368 1589 Domini
3395 1549 3547 1602 super
3566 1533 3747 1599 justas.

2175 1639 2304 1707 Quia
2358 1651 2462 1692 non
2507 1650 2668 1704 super
2715 1633 2974 1701 injustos,
3000 1628 3198 1683 faciant
3241 1639 3367 1694 ergo
3403 1620 3544 1693 quod
3570 1619 3752 1674 volunt

2175 1731 2353 1802 injusti
2388 1750 2398 1784 :
2435 1729 2582 1784 Oculi
2613 1726 2822 1782 Domini
2851 1739 3004 1793 super
3025 1722 3213 1792 justos.
3248 1718 3514 1786 Sequatur
3541 1712 3747 1767 adhuc:

2176 1825 2243 1878 Et
2267 1839 2414 1877 aures
2437 1825 2544 1892 ejus
2565 1819 2634 1873 ad
2659 1832 2826 1889 preces
2855 1830 3046 1869 eorum.
3067 1809 3251 1880 lnjusti
3280 1823 3408 1878 ergo
3429 1807 3519 1876 qui
3540 1817 3754 1859 securos

2177 1935 2235 1975 se
2264 1917 2553 1990 putabant,
2579 1913 2699 1983 quia
2726 1926 2834 1966 non
2861 1914 3015 1962 erant
3043 1905 3178 1960 oculi
3205 1901 3412 1957 Domini
3435 1913 3597 1968 super
3622 1910 3713 1950 eos
3735 1935 3750 1960 ,

2177 2029 2284 2070 non
2315 2012 2503 2066 timent
2529 2051 2544 2076 ,
2577 2007 2697 2078 quia
2738 2019 2844 2059 non
2891 2009 3016 2057 sunt
3044 2007 3098 2055 et
3138 2011 3296 2051 aures
3330 1994 3444 2064 ejus
3473 1991 3541 2046 ad
3572 2005 3756 2060 preces

2177 2100 2611 2160 eorum?Nonne
2659 2095 2851 2152 melius
2897 2101 2952 2147 et
3003 2089 3141 2145 oculi
3185 2087 3301 2156 ejus
3344 2098 3504 2153 ευμεν
3544 2095 3677 2146 nos,
3703 2086 3758 2134 et

2178 2209 2334 2250 aures
2358 2192 2475 2261 ejus
2501 2189 2566 2244 ad
2589 2202 2775 2258 preces
2805 2181 3054 2240 nostras?
3076 2178 3181 2234 Sed
3212 2191 3330 2231 cum
3361 2174 3492 2228 facis
3513 2187 3577 2226 ea
3602 2183 3760 2237 super

2179 2300 2296 2356 quae
2327 2297 2433 2337 non
2466 2281 2545 2334 vis
2569 2294 2688 2334 esse
2715 2276 2898 2332 oculos
2928 2270 3172 2336 Domini,
3199 2283 3304 2322 non
3337 2263 3560 2320 mereris
3588 2264 3608 2293 '
3641 2275 3762 2330 pre-

2180 2377 2334 2433 cibus
2365 2373 2470 2429 tuis
2497 2382 2550 2426 et
2575 2385 2732 2425 aures
2761 2352 2966 2422 Domini
2991 2381 3004 2428 ;
3035 2371 3088 2419 et
3118 2369 3294 2416 tamen
3325 2357 3467 2412 male
3493 2353 3758 2416 faciendo,

2180 2485 2210 2525 a
2235 2477 2286 2522 te
2312 2481 2418 2521 non
2450 2463 2646 2519 avertis
2673 2460 2859 2515 oculos
2891 2454 3118 2511 Domini.
3143 2449 3280 2518 Quid
3309 2449 3448 2503 enim
3478 2446 3548 2501 ibi
3580 2444 3761 2514 sequi-

2180 2559 2302 2614 tur?
2337 2556 2515 2609 Vultus
2541 2561 2705 2606 autem
2725 2547 2928 2602 Domini
2959 2560 3111 2615 super
3137 2541 3374 2613 facientes
3401 2533 3678 2591 mala.Sed
3698 2532 3764 2587 ad

2180 2647 2349 2720 quid?
2381 2645 2450 2700 Ut
2494 2645 2670 2716 perdat
2711 2641 2773 2695 de
2808 2648 2941 2692 terra
2977 2635 3268 2689 memoriam
3301 2645 3494 2685 eorum.
3517 2627 3680 2681 Vides
3714 2634 3768 2679 te

2181 2719 2554 2796 videri?vidcs
2576 2745 2627 2789 te
2678 2735 2844 2787 latere
2893 2745 2997 2784 non
3047 2724 3404 2798 posse?Cum
3444 2735 3574 2790 ergo
3613 2719 3767 2790 quid-

2182 2832 2306 2902 quid
2359 2828 2549 2885 feceris
2616 2822 2876 2887 videaris,
2931 2831 3096 2890 quare
3141 2815 3245 2871 hoc
3293 2827 3400 2868 non
3450 2811 3581 2866 facis
3627 2809 3767 2864 unde

2184 2923 2398 2992 placere
2425 2913 2883 2982 merearis?Ergo
2912 2918 2965 2966 et
2988 2909 3072 2962 hic
3101 2905 3265 2977 quid?
3299 2902 3553 2970 Quoniam
3582 2917 3768 2970 magna

2185 3023 2254 3068 est
2279 3011 2440 3083 gloria
2467 3005 2709 3070 Domini;
2732 3003 2969 3074 quoniam
2991 2997 3218 3053 excelsus
3243 2995 3512 3062 Dominus,
3537 3001 3584 3046 et
3609 2992 3770 3044 humi-

2189 3108 2256 3160 lia
2278 3102 2498 3173 respicit.
2521 3097 2742 3154 Excelsa
2774 3103 2951 3148 autem
2982 3089 3133 3161 quasi
3163 3103 3267 3142 non
3299 3085 3518 3154 respicit
3551 3101 3563 3136 :
3595 3083 3770 3136 humi-

2185 3200 2254 3253 lia
2296 3195 2436 3251 enim
2477 3190 2710 3260 respicit.
2731 3183 2982 3251 Excelsa,
3005 3179 3171 3252 quid?
3205 3178 3249 3231 Α
3295 3177 3443 3247 longe
3491 3173 3770 3244 cognoscit.

2184 3287 2319 3358 Quid
2346 3284 2448 3341 sibi
2474 3297 2600 3353 ergo
2623 3286 2844 3352 prrestat
2871 3273 3134 3344 superbus
3154 3271 3218 3324 ³⁸3
3247 3269 3317 3325 Ut
3345 3283 3375 3322 a
3406 3268 3564 3339 longe
3590 3265 3778 3321 videa-

2190 3391 2308 3446 tur;
2334 3392 2438 3433 non
2462 3383 2522 3430 ut
2553 3387 2658 3427 non
2685 3369 2946 3425 videatur.
2987 3364 3096 3418 Nec
3121 3370 3274 3432 putes
3304 3368 3355 3414 te
3377 3359 3498 3414 ideo
3521 3372 3776 3413 securum

2187 3487 2306 3529 esse
2333 3468 2553 3544 debere,
2585 3461 2728 3534 quod
2757 3461 2932 3515 minus
2960 3456 3096 3512 bene
3125 3463 3176 3509 te
3201 3450 3344 3507 videt
3365 3449 3410 3518 ⁸,
3438 3449 3531 3520 qui
3557 3463 3586 3502 a
3612 3449 3778 3518 longe

2193 3575 2244 3620 te
2282 3563 2445 3617 videt.
2470 3541 2550 3614 Tu
2598 3555 2740 3612 enim
2783 3551 2923 3623 quod
2975 3564 3004 3604 a
3051 3547 3208 3618 longe
3250 3543 3434 3610 vides,
3473 3557 3581 3599 non
3632 3541 3780 3597 bene

2193 3653 2340 3709 vides
2372 3668 2386 3704 :
2416 3651 2557 3705 Deus
2588 3646 2690 3702 etsi
2717 3659 2747 3699 a
2775 3644 2931 3712 longe
2959 3649 3010 3695 te
3040 3637 3186 3694 videt
3215 3677 3230 3704 ,
3262 3634 3499 3706 perfecte
3522 3641 3576 3688 te
3606 3631 3778 3697 videt,

2194 3754 2249 3800 et
2273 3752 2445 3800 tecum
2477 3754 2584 3795 non
2611 3745 2712 3793 est.
2744 3734 2858 3790 Hoc
2885 3733 2997 3802 agis
3017 3772 3032 3798 ,
3064 3743 3172 3784 non
3219 3736 3274 3782 ut
3316 3725 3495 3780 minus
3536 3721 3783 3793 perfecte

2193 3833 2456 3899 videaris;
2488 3830 2583 3886 sed
2625 3836 2684 3883 ut
2723 3840 2827 3882 non
2868 3824 2941 3879 sis
2982 3835 3102 3877 cum
3148 3818 3240 3874 illo
3269 3831 3298 3871 a
3327 3831 3433 3886 quo
3461 3813 3679 3870 videris.
3711 3812 3787 3866 At

2197 3941 2326 3983 vero
2365 3921 2578 3979 humilis
2617 3916 2744 3990 quid
2786 3915 2887 3970 sibi
2929 3909 3185 3982 priestat?
3216 3906 3386 3976 Pmpe
3430 3911 3503 3960 εει
3528 3901 3786 3956 Dominus

2199 4022 2275 4075 his
2299 4018 2383 4090 qui
2404 4015 2707 4071 obtriverunt
2727 4025 2814 4064 cor
2834 4005 3056 4080 (Psalm.
3085 4015 3269 4066 χχχιιι,
3295 3996 3383 4065 16,
3413 3993 3632 4064 {7,19).
3654 3992 3785 4048 Eri—

2199 4121 2289 4186 gat
2310 4084 2373 4168 se
2399 4123 2527 4179 ergo
2553 4102 2835 4176 superbus,
2866 4106 3120 4170 quantum
3148 4091 3407 4155 voluerit;
3431 4097 3576 4144 certe
3598 4087 3650 4140 in
3672 4084 3787 4140 alto

2200 4177 2406 4260 habitat
2426 4177 2572 4256 Deus
2592 4240 2606 4263 ,
2638 4197 2689 4250 in
2718 4192 2854 4249 coelo
2882 4199 2965 4245 est
2993 4188 3135 4242 Deus
3160 4203 3171 4238 :
3197 4183 3275 4237 vis
3303 4180 3395 4236 tibi
3426 4177 3788 4249 propinquet?

2202 4292 2430 4349 Humilia
2461 4299 2534 4344 te.
2561 4287 2692 4342 Nam
2721 4291 2868 4338 tanto
2897 4295 2926 4334 a
2960 4287 3010 4333 te
3039 4277 3142 4331 erit
3170 4273 3347 4339 altior,
3371 4279 3568 4341 quanto
3597 4278 3651 4322 tu
3675 4268 3791 4322 ela-

2202 4384 2307 4440 tior
2336 4401 2349 4437 :
2379 4379 2594 4437 Excelsa
2621 4383 2788 4429 autem
2811 4389 2844 4426 a
2870 4372 3016 4440 longe
3036 4365 3314 4438 cognoscit.

2276 4474 2366 4531 12.
2397 4471 2549 4544 [υετε.
2576 4465 2657 4538 7.]
2685 4464 2746 4520 Si
2775 4460 3093 4517 ambulavero
3128 4458 3181 4510 in
3210 4455 3372 4508 medio
3404 4452 3748 4507 tribulationis
3773 4491 3786 4513 ,

2207 4542 2477 4637 viviﬁcaliis
2503 4577 2598 4615 me.
2628 4558 2820 4613 Verum
2851 4562 2934 4610 est
2961 4570 2972 4604 :
3003 4552 3057 4606 in
3083 4560 3416 4620 quacumque
3445 4542 3793 4598 tribulatione

2208 4632 2394 4723 fueris,
2421 4652 2676 4711 confitere
2700 4689 2714 4715 ,
2745 4648 2964 4710 invoca;
2995 4642 3184 4698 liberat
3209 4647 3262 4694 te
3281 4679 3296 4706 ,
3326 4635 3556 4690 vivificat
3583 4644 3653 4689 te.
3681 4632 3791 4689 Sed

2209 4762 2384 4808 tamen
2411 4743 2608 4816 aliquid
2633 4741 2718 4795 hic
2743 4737 2998 4794 debemus
3017 4729 3209 4788 melius
3231 4727 3664 4798 intelligere,quo
3679 4723 3791 4792 jam

2212 4841 2522 4900 familiarius
2566 4834 2931 4897 inlitereamus'
2968 4827 3106 4888 Deo,
3132 4821 3478 4890 dicamusque
3523 4817 3637 4883 illi,
3682 4816 3795 4869 Cito

2215 4931 2397 4991 exaudi
2414 4945 2509 4984 me.
2532 4927 2748 4982 Dixerat
2775 4919 2936 4984 enim,
2963 4914 3178 4970 Excelsa
3205 4929 3236 4965 a
3261 4912 3408 4981 longe
3427 4907 3677 4980 cognoscit
3698 4923 3716 4960 :
3745 4917 3796 4959 et

2217 5026 2426 5084 excelsa
2457 5019 2684 5092 superba
2724 5028 2829 5069 non
2865 5016 3062 5066 norunt
3107 5003 3526 5062 tribulationem.
3549 4999 3664 5055 Non
3691 5013 3795 5052 no~

2219 5123 2366 5185 runt,
2392 5089 2630 5184 inquam,
2659 5105 3052 5164 tribulationem
3079 5099 3147 5154 de
3174 5111 3274 5168 qua
3303 5094 3495 5150 dicitur
3523 5091 3628 5146 alio
3650 5089 3796 5150 loco,

2223 5209 2617 5269 Tribulationem
2635 5212 2683 5258 et
2710 5201 2934 5256 dolorem
2956 5193 3142 5260 inveni,
3161 5200 3206 5244 ει
3232 5204 3411 5243 nomen
3433 5183 3636 5239 Domini
3661 5183 3802 5235 invo-

2219 5304 2330 5361 cavi
2356 5301 2374 5372 (
2401 5298 2543 5355 Psal.
2575 5309 2714 5360 cxrv,
2737 5293 2790 5359 5,
2821 5290 2895 5361 4).
2928 5285 3063 5355 Quid
3091 5282 3232 5340 enim
3264 5292 3531 5350 magnum,
3562 5276 3606 5330 si
3634 5273 3802 5328 tribu-

2225 5364 2374 5452 latio‘
2394 5403 2443 5448 te
2471 5386 2740 5446 inveniat?
2767 5383 2823 5439 Si
2850 5377 3045 5450 aliquid
3075 5384 3226 5446 potes
3245 5413 3260 5440 ,
3291 5381 3345 5426 tu
3373 5368 3548 5425 inveni
3580 5364 3801 5421 tribula-

2295 5577 2310 5607 ι
2339 5581 2438 5622 Αιιι.
2458 5581 2569 5621 cum
2583 5567 2725 5616 unico
2747 5569 2874 5620 Mss,
2894 5565 2937 5609 et
2957 5555 3080 5607 videt
3104 5552 3372 5603 damnator.
3397 5554 3491 5605 εικ,
3512 5551 3558 5594 et
3573 5543 3696 5595 videt
3722 5538 3804 5588 de-

2232 5634 2477 5702 prazdator
2500 5637 2544 5680 et
2569 5629 2836 5679 damnator.
3218 5673 3228 5683 ι
3712 5661 3722 5670 ,
3763 5659 3774 5670 ,

2478 5701 2482 5702 ,
2515 5700 2536 5702 _
2615 5691 2624 5700 .
2711 5695 2772 5702 _._
2861 5692 3000 5702 --μη-
3045 5689 3148 5702 mm.
3184 5687 3254 5702 uno
3290 5683 3386 5702 noon
3410 5666 3567 5702 ηηιΙηε
3593 5673 3774 5702 nanum

2295 5666 2836 5753 iEi'f‘ZtiieEiiig'EE',’
2856 5692 3000 5744 super
3041 5689 3148 5742 quia
3184 5673 3254 5724 vis
3288 5683 3386 5722 esse
3410 5666 3567 5720 oculos
3589 5666 3799 5719 ponunt,

2237 5769 2346 5813 tunc
2369 5752 2598 5811 mereris,
2616 5758 2710 5800 etc.
3114 5800 3124 5813 .
3220 5811 3227 5813 _

2605 5789 2721 5860 \Téii.
2745 5816 2790 5858 et
2816 5815 2943 5865 ιον,
2965 5800 3193 5879 superbus
3216 5796 3308 5879 nisi
3330 5789 3470 5843 ut...?
3563 5795 3620 5835 st.

2303 5885 2322 5915 δ
2343 5866 2419 5930 ἓν.
2439 5866 2551 5936 toﬁ.
2579 5884 2693 5923 ven.
2724 5879 2770 5920 et
2793 5877 2880 5919 lm-
2910 5902 2921 5923 ,
2947 5866 3119 5916 videat.
3217 5867 3271 5907 Μ.
