4084 6480
329 440 461 499 1781

325 555 544 610 tionem.
564 552 630 606 Et
650 552 768 622 quis
784 559 887 618 est,
911 552 1103 622 inquis,
1122 552 1210 622 qui
1234 552 1463 608 inveniat
1479 552 1902 608 tribulationem?

323 655 417 702 aut
441 644 561 712 quis
591 644 736 698 illam
767 644 851 699 vel
877 644 1114 714 quaerat?
1139 644 1195 699 In
1217 644 1390 700 medio
1423 644 1778 701 tribulationis
1803 657 1860 698 cs
1883 684 1898 709 ,

322 747 378 794 et
406 735 618 792 nescis?
647 734 767 790 Vita
811 735 909 790 ista
937 749 1098 805 parva
1137 735 1406 798 tribulatio
1435 737 1553 792 est?
1573 735 1630 792 Si
1673 749 1777 791 non
1822 745 1904 792 εει

322 825 623 892 tribulatio,
661 840 767 880 non
794 837 876 880 est
903 826 1296 897 peregrinatio;
1321 827 1366 882 si
1389 836 1564 883 autem
1593 827 1899 899 peregrina-

319 917 396 973 tio
436 925 557 985 est,
591 924 680 971 aut
719 931 908 986 parum
940 917 1162 988 patriam
1203 917 1375 990 diligis
1402 961 1418 986 ,
1455 928 1545 974 aut
1588 919 1702 974 sine
1740 919 1901 974 dubio

320 1012 609 1069 tribularis.
635 1012 764 1081 Quis
789 1014 930 1069 enim
954 1028 1058 1069 non
1091 1013 1388 1080 tribuletur,
1413 1029 1519 1070 non
1545 1028 1607 1070 se
1632 1028 1750 1069 esse
1779 1027 1899 1069 cum

317 1119 384 1159 eo
413 1103 556 1175 quod
599 1103 1038 1161 desiderat?Sed
1081 1105 1222 1161 unde
1269 1105 1360 1161 tibi
1410 1121 1514 1160 non
1545 1105 1755 1161 videtur
1800 1105 1898 1162 ista

316 1194 630 1249 tribulatio?
654 1193 786 1262 Quia
836 1209 940 1250 non
988 1210 1155 1251 amas.
1184 1196 1316 1250 Ama
1365 1196 1584 1252 alteram
1618 1197 1774 1252 vitam
1805 1239 1818 1262 ,
1847 1206 1901 1253 et

316 1285 523 1341 videbis
551 1285 672 1356 quia
703 1286 804 1340 ista
831 1286 936 1341 vita
967 1287 1236 1342 tribulatio
1264 1295 1346 1342 est
1377 1306 1389 1341 :
1418 1302 1750 1358 quacumque
1772 1303 1896 1357 pro-

313 1378 572 1446 speritate
597 1374 792 1447 fulgeat
819 1417 835 1444 ,
866 1376 1188 1447 quibuslibet
1227 1376 1431 1432 deliciis
1465 1376 1698 1432 abundet
1732 1385 1898 1446 atque

311 1467 650 1524 circumﬂuat
680 1469 719 1534 ¹;
747 1468 958 1538 quando
986 1467 1220 1522 nondum
1246 1476 1328 1522 est
1350 1467 1478 1522 illud
1507 1467 1756 1537 gaudium
1782 1467 1898 1523 sine

312 1558 421 1614 ulla
448 1558 740 1614 tentatione
767 1558 1141 1625 certissimum,
1166 1557 1304 1628 quod
1327 1556 1479 1613 nobis
1511 1558 1563 1612 in
1591 1557 1695 1612 ﬁne
1724 1565 1899 1612 servat

311 1650 457 1704 Deus
476 1691 491 1715 ,
525 1649 641 1703 sine
668 1647 832 1702 dubio
861 1647 1131 1702 tribulatio
1159 1656 1260 1703 est.
1293 1646 1432 1716 Ergo
1462 1645 1814 1716 intelligamus
1844 1653 1899 1700 et

311 1741 472 1811 bujus
516 1739 912 1795 tribulationem
937 1779 950 1802 ,
981 1738 1192 1793 fratres.
1222 1738 1281 1793 Si
1308 1738 1625 1792 ambulavera
1651 1739 1703 1791 in
1732 1738 1896 1791 medio

309 1830 670 1898 tribulationis,
700 1829 971 1898 viviﬁcobis
1000 1845 1096 1882 me.
1128 1827 1244 1883 Non
1282 1827 1359 1882 sic
1387 1828 1505 1894 ait',
1538 1837 1787 1898 tanquam
1817 1827 1896 1882 di-

307 1932 476 1991 ceret,
503 1922 560 1978 Si
594 1924 730 1978 forte
757 1922 995 1978 evenerit
1015 1920 1144 1977 mibi
1173 1920 1446 1976 tribulatio
1471 1919 1676 1991 aliqua,
1702 1920 1896 1976 libera-

303 2013 388 2068 bis
427 2013 553 2068 inde
583 2027 690 2069 me.
718 2011 825 2069 Sed
867 2011 1167 2082 quomodo?
1199 2011 1259 2066 Si
1288 2010 1610 2066 ambularem
1640 2011 1693 2065 in
1731 2011 1893 2066 medio

305 2105 666 2172 tribulationis,
698 2104 971 2173 viviﬁcabis
997 2119 1112 2168 me;
1135 2102 1186 2158 id
1214 2111 1316 2170 est,
1347 2102 1504 2156 aliter
1527 2117 1632 2156 non
1660 2101 1896 2156 vivilica-

303 2199 388 2253 bis
433 2212 520 2252 me
544 2239 558 2262 ,
591 2196 693 2251 nisi
740 2196 793 2250 in
841 2194 1019 2250 medio
1048 2193 1401 2249 tribulationis
1437 2191 1798 2248 ambulavero.
1832 2191 1895 2248 Si

301 2288 628 2343 ambulavero
669 2286 724 2340 in
762 2285 926 2340 medio
966 2284 1323 2352 tribulationis,
1368 2283 1639 2352 viviﬁcabis
1670 2300 1767 2337 me.
1804 2282 1894 2337 Va:

299 2380 613 2445 ridentibus;
640 2379 769 2434 beati
795 2379 1017 2450 lugentes
1038 2377 1186 2449 (Luc.
1213 2393 1283 2444 vr,
1314 2377 1379 2431 2|
1406 2419 1420 2443 ,
1453 2377 1548 2448 25)
1580 2396 1592 2432 :
1618 2376 1680 2432 Si
1717 2376 1894 2430 ambu-

304 2473 476 2528 lovero
505 2473 560 2528 in
587 2473 752 2527 medio
777 2471 1129 2536 tribulationis,
1159 2469 1432 2538 viviﬁcabis
1457 2485 1555 2524 me.

375 2565 464 2620 15.
490 2561 658 2635 Super
679 2564 810 2618 iram
828 2563 1141 2618 inimicorum
1164 2576 1386 2615 meorum
1403 2551 1670 2615 extendisti
1688 2576 1892 2614 manum

299 2665 463 2722 tuam,
487 2665 533 2708 et
560 2655 754 2710 saluum
775 2671 853 2708 me
876 2653 993 2724 fecit
1017 2653 1220 2707 dextera
1247 2659 1352 2704 tua.
1380 2651 1614 2707 vaiant
1646 2651 1847 2706 inimici
1871 2668 1885 2716 ;

298 2747 430 2818 quid
451 2756 673 2817 possunt
693 2744 871 2802 facere
895 2743 1136 2799 inimici?
1163 2741 1446 2798 Pecuniam
1471 2741 1677 2809 tollere,
1699 2755 1890 2812 exspo-

300 2838 456 2904 liare,
485 2836 841 2907 proscribere,
867 2835 920 2889 in
949 2834 1194 2890 exsilium
1226 2833 1457 2899 mittere,
1485 2831 1754 2888 doloribus
1782 2841 1883 2888 tor-

297 2927 602 2998 mentisque
621 2925 896 2990 cruciare;
926 2924 992 2980 ad
1025 2932 1352 2994 postremum
1377 2963 1393 2988 ,
1427 2923 1470 2977 si
1497 2924 1743 2994 permissi
1768 2923 1885 2980 fue—

333 3017 429 3080 int,
461 3026 515 3072 et
542 3016 786 3072 occidere
815 3034 828 3070 :
862 3013 1115 3086 numquid
1139 3013 1403 3084 amplius?
1432 3014 1510 3069 Tu
1541 3025 1749 3080 autem,
1783 3015 1887 3070 Do-

296 3109 468 3176 mine,
493 3125 644 3178 super
665 3109 796 3162 iram
816 3107 1134 3161 inimicorum
1158 3122 1381 3160 meorum
1401 3107 1664 3162 extendisti
1683 3123 1886 3163 manum

296 3207 443 3251 tuam
475 3215 493 3252 :
520 3212 682 3269 super
712 3198 762 3252 id
795 3197 938 3268 quod
969 3196 1098 3252 milii
1129 3205 1351 3267 possunt
1379 3196 1554 3253 facere
1578 3197 1799 3266 inimici,
1829 3205 1884 3253 tu

294 3287 587 3344 extendisti
633 3303 846 3343 manum
880 3298 1043 3343 tuam.
1094 3288 1208 3344 Non
1253 3288 1394 3344 enim
1436 3288 1632 3344 inimici
1663 3296 1887 3359 possunt

293 3397 390 3438 me
419 3396 666 3452 separare
707 3395 736 3436 a
767 3389 856 3446 te;
888 3390 942 3436 tu
983 3390 1161 3436 autem
1203 3380 1429 3450 amplius
1467 3380 1700 3436 vindicas
1723 3423 1736 3448 ,
1764 3382 1885 3452 quia

294 3474 480 3533 adhuc
517 3473 700 3530 diﬂ'ers
741 3489 874 3530 me:
908 3474 1077 3545 Super
1121 3475 1248 3527 iram
1296 3472 1617 3528 inimicorum
1660 3490 1884 3529 meorum

292 3567 566 3623 cxtendiin
609 3584 814 3622 manum
845 3576 1000 3621 tuam.
1035 3567 1237 3624 Steviat
1278 3577 1528 3639 quantum
1577 3577 1748 3639 potest
1779 3569 1883 3624 ini-

297 3660 473 3715 Inicus
495 3701 510 3727 ,
544 3675 649 3716 non
679 3675 766 3715 me
790 3666 1004 3730 separat
1034 3675 1064 3713 a
1097 3659 1205 3715 Deo
1233 3677 1246 3715 :
1279 3670 1332 3715 tu
1363 3668 1539 3715 autem
1571 3700 1585 3727 ,
1619 3659 1842 3715 Domine
1865 3700 1880 3724 ,

290 3749 476 3806 adhuc
504 3765 589 3805 me
613 3764 720 3806 non
749 3749 943 3820 recipis
966 3752 986 3781 ’
1007 3791 1022 3817 ,
1051 3749 1224 3805 adhuc
1251 3765 1336 3805 me
1369 3750 1423 3804 in
1461 3750 1884 3820 peregrinatione

290 3840 536 3895 conteris
562 3882 576 3906 ,
603 3839 774 3895 adhuc
813 3840 1064 3911 gaudium
1110 3839 1556 3911 dulcedinemque
1585 3848 1731 3896 tuam
1776 3855 1881 3896 non

295 3931 548 4001 praebes;
579 3932 816 3987 nondum
843 3932 1121 3987 inebriasti
1156 3933 1228 3987 ab
1249 3933 1493 3988 ubertate
1523 3932 1712 3988 domus
1733 3942 1836 3988 tua;
1863 3976 1879 4002 ,

291 4031 357 4077 et
385 4031 620 4078 torrente
642 4022 926 4092 voluptatis
961 4033 1065 4078 tua:
1110 4023 1345 4078 nondum
1395 4023 1607 4092 potasti.
1637 4025 1788 4094 Apud
1831 4033 1884 4080 te

295 4113 446 4169 cnim
468 4123 549 4170 est
575 4113 695 4171 fons
717 4117 858 4183 vitae,
883 4125 938 4172 et
963 4116 1013 4170 in
1039 4117 1240 4171 lumine
1262 4124 1354 4170 tuo
1380 4115 1676 4171 videbimus
1702 4117 1882 4174 lumen

301 4204 490 4273 (Psal.
519 4221 683 4271 xxxv,
707 4205 772 4270 9,
801 4204 911 4278 10).
945 4206 1050 4261 Sed
1078 4220 1204 4262 ecce
1233 4205 1354 4261 dedi
1385 4206 1406 4237 ³
1432 4206 1691 4277 primitias
1730 4207 1884 4277 spiri-

299 4305 389 4350 tus
408 4337 423 4362 ,
453 4305 507 4352 et
533 4296 733 4352 credidi
762 4297 814 4352 in
843 4305 894 4352 te
912 4339 926 4364 ,
955 4307 1010 4352 et
1038 4298 1212 4353 servio
1238 4305 1415 4353 mente
1450 4297 1551 4369 legi
1581 4298 1673 4353 Dei
1708 4297 1881 4369 (Rom.

298 4403 396 4453 vn,
420 4386 532 4456 25);
564 4395 739 4443 tamen
767 4387 820 4442 in
852 4387 1247 4466 nobismetipsis
1271 4388 1444 4445 adhuc
1466 4389 1880 4461 ingemiscimus,

299 4477 642 4546 adoptionem
673 4486 1066 4548 exspectantes,
1094 4479 1514 4551 redemptionem
1538 4482 1778 4553 corporis
1799 4498 1886 4537 no-

302 4569 400 4622 stri
431 4566 536 4636 (Id.
569 4584 664 4624 vui
691 4610 704 4636 ,
736 4568 850 4640 25).
881 4569 1032 4626 Hanc
1055 4570 1215 4624 vitam
1249 4571 1402 4625 nobis
1429 4571 1776 4642 peccantibus
1799 4572 1905 4628 de-"

299 4659 384 4714 dit
412 4659 572 4726 Deus,
604 4661 692 4716 ubi
722 4661 881 4716 etiam
911 4677 1130 4718 necesse
1155 4671 1238 4717 est
1282 4669 1340 4720 ut
1377 4671 1684 4719 conteratur
1715 4664 1882 4718 Adam

301 4753 358 4806 in
388 4751 583 4809 sudore
609 4762 664 4809 et
688 4753 868 4811 labore
893 4754 1070 4810 vultus
1095 4755 1202 4821 sui,
1233 4770 1354 4810 cum
1383 4764 1523 4811 terra
1572 4756 1623 4811 ci
1664 4757 1886 4812 tribulos

302 4852 358 4898 et
385 4843 566 4913 spinas
591 4845 728 4915 parit
748 4845 899 4916 (Gen.
927 4861 1003 4912 tu,
1029 4845 1115 4910 18,
1142 4844 1253 4917 19).
1279 4845 1544 4916 Numquid
1571 4847 1763 4917 aliquis
1789 4847 1886 4901 ini-

302 4933 476 4987 micus
504 4933 622 5002 plus
652 4934 821 5004 potuit
849 4935 1177 5005 procurare?
1205 4935 1374 5006 Super
1405 4937 1532 4990 iram
1569 4937 1888 4992 inimicorum

299 5039 530 5077 meorum
571 5024 831 5078 extendiin
879 5027 1081 5080 manum
1126 5035 1307 5082 luant:
1333 5027 1426 5082 sed
1473 5036 1644 5083 tamen
1683 5043 1789 5084 non
1820 5029 1886 5084 ad

305 5114 753 5182 -esperationem.
798 5114 1049 5187 Sequitur
1092 5117 1232 5173 enim
1268 5117 1371 5171 :Et
1409 5117 1601 5172 saluum
1654 5135 1732 5174 me
1772 5120 1888 5191 fecit

302 5204 514 5258 dextera
537 5213 642 5259 tua.

377 5293 468 5348 14.
509 5293 689 5350 Potest
733 5305 788 5350 et
831 5296 908 5352 sic
937 5297 1189 5368 intelligi,
1219 5314 1367 5368 super
1405 5299 1531 5353 iram
1572 5299 1888 5356 inimicorum

300 5401 536 5443 meorum
552 5387 817 5443 extendisti
840 5404 1041 5444 manum
1069 5398 1206 5444 tuom
1238 5407 1254 5443 :
1285 5391 1643 5448 irascebantur
1667 5391 1884 5462 inimici,

371 5563 392 5631 ξ
416 5563 490 5631 sic
512 5561 734 5631 plerique
764 5570 876 5631 Mss,
896 5566 1008 5631 ωδ.
1038 5579 1172 5629 vero,
1193 5565 1559 5631 circum/torem.

372 5624 394 5655 ³
415 5624 693 5691 Regiusats.
708 5662 722 5686 ,
737 5626 962 5691 respicis.

412 5686 546 5746 Lov.,
570 5686 764 5752 dedisti.
791 5686 852 5752 si
883 5697 979 5752 Am.
1005 5695 1079 5738 Er.
1107 5697 1157 5740 et
1181 5689 1344 5752 plures
1364 5696 1453 5739 M‘ss
1476 5726 1490 5752 ,
1516 5689 1647 5740 dedi.
1675 5691 1889 5742 ttancle-

303 5749 520 5812 ctionem
539 5749 787 5799 conﬁrmat
803 5749 918 5799 illud
941 5764 1102 5812 supra,
1129 5749 1312 5802 inIPsal.
1354 5752 1457 5810 151,
1478 5749 1524 5800 n.
1557 5753 1644 5801 18:
1674 5772 1696 5800 ι
1715 5755 1890 5804 dantes

313 5828 337 5855 ι
358 5811 458 5871 jam
504 5818 603 5860 Deo
627 5812 868 5877 primitias
887 5811 1083 5874 spirit'us
1125 5816 1291 5873 nostri,
1325 5815 1424 5863 hoc
1455 5823 1544 5876 est,
1574 5828 1720 5877 ipsam
1746 5816 1887 5866 iidem

315 5889 338 5916 ι
356 5878 582 5934 tanquam
603 5874 922 5935 primogenita
943 5880 1119 5924 nostra.
1143 5889 1164 5917 ι
1534 5874 1542 5876 '
1590 5874 1602 5877 '
1854 5889 1860 5892 -

1391 441 1781 498 ENARRATIO
1811 442 1876 498 IN
1916 443 2236 502 PSALMUM
2275 445 2579 505 CXXXVII.

3453 463 3592 520 1782

2016 553 2290 612 vindicasti
2317 573 2402 614 me
2420 559 2487 615 de
2513 557 2756 616 inimicis.
2777 558 3020 618 Peccator
3048 565 3222 621 videbit
3249 579 3295 622 et
3321 569 3581 640 irascetur,

2011 644 2237 701 dentibus
2282 649 2385 702 suis
2427 649 2622 719 frondet
2669 661 2714 706 et
2755 653 2963 708 tabescet
2989 652 3155 728 (Psal.
3187 673 3313 727 CXI,
3345 661 3454 732 10).
3485 661 3587 718 Ubi

2010 747 2131 792 sunt
2156 739 2244 808 qui
2270 740 2516 797 dicebant
2548 760 2561 797 :
2593 744 2779 815 Pereat
2805 755 2997 803 nomen
3017 748 3438 809 Christianorum
3472 757 3487 788 ⁸
3519 755 3586 811 de

2010 831 2185 884 terra?
2207 831 2364 888 Certe
2405 842 2495 889 aut
2523 837 2818 894 moriuntur
2839 879 2855 906 ,
2885 848 2976 894 aut
3017 851 3416 902 convertuntur.
3445 846 3587 917 Ergo

2007 921 2178 994 Super
2198 925 2326 979 iram
2349 926 2662 982 inimicorum
2689 931 2950 986 extendisti
2979 949 3182 988 ntanunt
3206 943 3362 1003 tuam,
3394 953 3588 1008 quam-

2007 1014 2096 1069 diu
2121 1015 2386 1073 diceretur
2408 1020 2547 1089 quod
2569 1021 2826 1090 scriptum
2848 1032 2930 1078 est
2959 1041 2970 1076 :
3001 1023 3207 1080 Inimici
3234 1030 3331 1083 mei
3354 1031 3588 1085 dixerunt

2005 1105 2143 1160 mala
2170 1106 2313 1173 mihi,
2334 1109 2536 1177 quando
2561 1111 2796 1165 morietur
2815 1122 2860 1166 et
2878 1114 3050 1181 peribit
3077 1133 3255 1171 nomen
3284 1121 3390 1190 ejus
3413 1119 3581 1192 (Psal.

2006 1209 2072 1249 χι.
2099 1238 2113 1260 ,
2142 1195 2244 1266 6)?
2272 1198 2483 1266 quando
2519 1199 2783 1256 delebitur
2822 1216 3013 1258 nomen
3055 1203 3471 1264 Christianorum
3519 1210 3586 1267 de

2007 1285 2186 1339 terra?
2208 1286 2340 1340 Cum
2373 1287 2554 1343 dicunt
2582 1290 2678 1344 ista
2707 1329 2723 1357 ,
2752 1293 2942 1361 partim
2989 1293 3364 1362 crediderunt,
3393 1300 3582 1368 partim

2005 1377 2308 1444 perierunt,
2341 1379 2494 1448 pauci
2531 1380 2698 1436 timidi
2729 1393 3116 1440 remanserunt.
3141 1385 3348 1452 Quanta
3378 1389 3453 1444 ira
3485 1391 3586 1444 iui-

2004 1467 2260 1522 micorum
2289 1469 2531 1525 saeviebat
2560 1512 2573 1535 ,
2601 1473 2813 1542 quando
2837 1477 3049 1545 sanguis
3076 1486 3367 1550 martyrum
3395 1480 3584 1537 funde-

2002 1555 2499 1626 baturlQuomodo
2543 1576 2601 1616 se
2646 1563 2898 1632 putabant
2942 1581 3132 1623 nomen
3162 1569 3584 1627 Christianorum

2001 1645 2183 1702 delere
2211 1648 2278 1704 de
2307 1657 2445 1704 terra
2473 1653 2485 1705 !
2519 1652 2688 1722 Super
2713 1655 2842 1709 iram
2883 1657 3198 1713 inimicorum
3225 1677 3446 1716 meorum
3493 1680 3583 1718 ex-

2001 1738 2203 1793 tendisti
2228 1756 2430 1795 manum
2462 1749 2597 1795 tuam
2619 1782 2632 1807 ,
2667 1754 2712 1797 et
2739 1745 2932 1799 salvum
2973 1764 3050 1801 me
3095 1749 3211 1816 fecit
3240 1750 3444 1805 dextera
3475 1762 3581 1807 tua.

2001 1826 2140 1882 Ecce
2183 1829 2257 1883 illi
2306 1830 2394 1900 qui
2446 1840 2708 1903 martyres
2763 1837 3216 1906 persequebantur
3245 1881 3259 1906 ,
3298 1844 3582 1898 memorias

2000 1927 2290 1990 martyrum
2344 1921 2644 1992 inquirunt,
2689 1932 2777 1979 aut
2823 1925 2910 1981 ubi
2951 1927 3212 1984 adorent'
3237 1971 3250 1994 ,
3283 1941 3371 1986 aut
3414 1932 3499 1987 ubi
3526 1947 3583 1989 se

2000 2009 2301 2079 inebrient;
2351 2023 2595 2085 quaerunt
2639 2024 2831 2072 tamen.
2883 2018 3051 2088 Super
3091 2021 3222 2076 iram
3266 2023 3582 2079 inimicorum

1999 2119 2221 2158 meorum
2265 2106 2530 2160 extendisti
2578 2122 2784 2160 manum
2833 2117 2970 2162 tuam
3000 2151 3014 2176 ,
3045 2119 3090 2164 et
3119 2111 3313 2166 salvum
3363 2130 3442 2168 me
3469 2115 3584 2183 fecit

1999 2195 2202 2248 dextera
2240 2205 2344 2249 tua.
2395 2195 2697 2253 Secundum
2742 2197 3064 2254 desiderium
3113 2203 3304 2257 soluunt
3345 2219 3423 2258 me
3464 2206 3583 2274 fecit

1998 2285 2201 2339 dextera
2231 2293 2334 2339 tua.
2364 2287 2460 2343 Est
2487 2288 2729 2358 quaedam
2776 2290 2919 2346 salus
2962 2292 3012 2345 in
3060 2292 3316 2361 dextera;
3349 2311 3470 2352 nam
3500 2307 3580 2353 est

1999 2375 2167 2430 altera
2193 2377 2339 2432 salus
2364 2378 2418 2432 in
2449 2379 2660 2434 sinistra
2695 2398 2708 2434 :
2741 2381 2881 2436 salus
2913 2385 3217 2453 temporalis
3247 2392 3302 2441 et
3329 2388 3576 2453 carnalis,

1997 2466 2048 2520 in
2079 2466 2291 2523 sinistra
2327 2477 2439 2534 est;
2468 2470 2611 2525 salus
2640 2479 2834 2525 aeterna
2863 2485 2983 2526 cum
3012 2474 3256 2544 Angelis,
3283 2476 3334 2530 in
3361 2476 3577 2534 dextera

1995 2564 2094 2611 est.
2124 2557 2250 2613 Ideo
2273 2558 2382 2628 jam
2420 2560 2470 2613 in
2501 2560 2612 2630 ipsa
2639 2558 3032 2617 immortalitate
3067 2566 3268 2633 positus
3292 2563 3533 2623 Christus
3557 2609 3572 2632 ,

1995 2646 2189 2702 dicitur
2215 2648 2404 2704 sedere
2430 2649 2499 2703 ad
2525 2648 2796 2706 dexteram
2827 2651 2917 2706 Dei
2946 2651 3132 2724 (Marc.
3168 2670 3252 2709 xvi
3275 2698 3288 2722 ,
3320 2656 3430 2727 19).
3457 2657 3573 2713 Non

1993 2737 2134 2792 enim
2181 2739 2318 2794 Deus
2367 2738 2525 2795 habet
2568 2741 2619 2795 in
2650 2742 2824 2810 seipso
2848 2740 3123 2798 dexteram
3150 2754 3240 2799 aut
3268 2746 3572 2814 sinistram;

1993 2827 2086 2883 sed
2135 2828 2354 2884 dextera
2400 2830 2492 2885 Dei
2537 2830 2730 2886 dicitur
2773 2832 2994 2887 felicitas
3027 2833 3109 2887 illa
3135 2851 3294 2905 ,qute
3327 2838 3574 2907 quoniam

1992 2920 2196 2976 ostendi
2241 2922 2406 2976 oculis
2451 2937 2554 2978 non
2583 2933 2790 2993 potest,
2821 2923 2926 2979 tale
2969 2939 3163 2980 nomen
3206 2927 3426 2997 accepit.
3469 2927 3579 2982 Hac

1990 3013 2207 3068 dextera
2239 3021 2325 3068 tua
2352 3014 2553 3070 salvum
2577 3030 2662 3070 me
2682 3015 2872 3082 fecisti,
2897 3029 3002 3071 non
3029 3017 3317 3073 secundum
3346 3019 3570 3075 salutem

1989 3103 2358 3173 temporalem.
2400 3103 2530 3159 Nam
2575 3103 2814 3174 Crispina
2855 3106 3029 3162 occisa
3059 3119 3170 3172 est;
3202 3109 3294 3163 sed
3320 3110 3576 3180 numquid

1990 3193 2221 3249 deseruit
2247 3194 2386 3249 illaut
2409 3196 2580 3251 Deus?
2595 3195 2710 3250 Non
2733 3196 2872 3250 illam
2901 3195 3022 3252 fecit
3046 3199 3243 3253 salvam
3259 3199 3310 3254 in
3336 3199 3568 3270 sinistra,

1990 3284 2084 3338 sed
2130 3283 2253 3339 fecit
2280 3286 2331 3340 in
2361 3285 2604 3342 dextera.
2633 3285 2916 3342 Macltabazi
2945 3297 3139 3358 quanta
3166 3297 3424 3346 tormenta
3455 3305 3575 3362 per-

1990 3377 2131 3445 pessi
2157 3385 2280 3431 sunt
2303 3376 2372 3447 (ll
2403 3376 2640 3431 Machob.
2668 3378 2760 3445 vn)
2797 3381 2808 3433 !
2841 3377 2974 3433 Tres
3002 3388 3176 3434 autem
3202 3381 3351 3450 pueri
3377 3381 3429 3436 in
3461 3397 3573 3438 me-

1987 3467 2091 3522 diis
2141 3467 2344 3539 ignibus
2385 3467 2774 3524 deambulando
2819 3471 3164 3528 laudavertmt
3210 3473 3376 3530 Deum
3408 3473 3572 3546 (Dan.

1989 3576 2045 3615 Ill
2071 3600 2085 3623 ,
2108 3560 2223 3631 24).
2255 3560 2466 3616 Illorum
2513 3561 2654 3617 salus
2685 3563 2737 3616 in
2767 3564 2982 3619 dextera
3005 3605 3019 3629 ,
3053 3565 3272 3621 iStorum
3309 3567 3467 3622 etiam
3519 3569 3571 3623 in

1989 3651 2220 3706 sinistra.
2254 3651 2550 3722 Aliquando
2570 3669 2697 3723 ergo
2723 3669 2827 3708 non
2850 3655 3015 3709 salvat
3042 3656 3093 3709 in
3121 3655 3332 3711 sinistra
3358 3667 3574 3716 sanctos

1989 3756 2149 3807 suos;
2180 3741 2272 3797 sed
2305 3757 2515 3812 semper
2561 3743 2731 3799 salvat
2774 3745 2824 3797 in
2870 3743 3108 3800 dextera.
3159 3746 3352 3816 lmpios
3393 3757 3571 3802 autem

1987 3832 2298 3901 plerumque
2347 3835 2515 3889 salvat
2555 3836 2604 3887 in
2635 3835 2844 3889 sinistra
2868 3875 2881 3900 ,
2913 3851 3014 3888 non
3041 3837 3206 3892 salvat
3236 3839 3286 3892 in
3330 3839 3568 3894 dextera.

1988 3921 2117 3976 Nam
2145 3921 2220 3976 illi
2248 3924 2336 3993 qui
2369 3924 2824 3993 persequebantur
2851 3925 3168 3994 Crispinam,
3193 3930 3305 3982 sani
3333 3938 3488 3984 erant
3514 3931 3566 3985 in

1987 4025 2212 4082 corpore
2242 4030 2254 4065 :
2284 4013 2371 4067 illa
2399 4013 2572 4068 occisa
2603 4023 2716 4079 est,
2750 4013 2824 4069 illi
2851 4015 3053 4080 vivunt.
3087 4015 3302 4072 Illorum
3329 4019 3470 4076 salus
3513 4022 3566 4076 in

1985 4103 2220 4170 sinistra,
2235 4104 2374 4159 illius
2386 4105 2436 4159 in
2454 4104 2670 4160 dextera
2695 4123 2706 4159 :
2727 4105 2789 4160 Et
2805 4107 2997 4160 solrum
3014 4125 3092 4162 me
3103 4110 3217 4181 [erit
3233 4111 3437 4166 dextera
3458 4121 3562 4170 tuo.

2062 4195 2148 4248 15.
2192 4193 2211 4266 [
2239 4209 2364 4250 vers.
2400 4193 2491 4267 8.]
2531 4194 2766 4261 Domine,
2795 4196 3033 4252 retribues
3078 4216 3167 4269 pro
3193 4217 3289 4255 me.
3322 4203 3434 4274 Ego
3465 4221 3567 4262 non

1989 4286 2244 4351 retribuo;
2271 4294 2326 4340 tu
2352 4287 2612 4342 retribues
2640 4303 2736 4358 pro
2765 4304 2869 4344 me.
2900 4289 3129 4346 vaiant
3158 4295 3374 4364 inimici,
3403 4313 3570 4368 quan-

1991 4385 2097 4432 tum
2125 4377 2268 4442 libet;
2291 4386 2341 4431 tu
2368 4376 2633 4434 relribues
2659 4379 2798 4448 quod
2819 4395 2916 4452 ego
2943 4397 3046 4437 non
3071 4399 3302 4454 possum.
3335 4388 3564 4459 Domine,

1989 4467 2227 4520 retribues
2252 4483 2343 4538 pro
2375 4484 2470 4522 me.
2504 4469 2556 4522 In
2590 4469 2704 4540 ipso
2733 4471 2904 4542 capite
2943 4482 3127 4531 nostro
3155 4478 3427 4535 attendite.
3461 4480 3566 4537 Rc-

1989 4558 2140 4628 liquit
2177 4559 2315 4612 enim
2367 4559 2517 4614 nobis
2562 4562 2863 4631 exemplum
2893 4605 2908 4630 ,
2943 4571 3000 4618 ut
3045 4581 3328 4636 sequamur
3352 4571 3567 4640 vestigia

1989 4649 2121 4718 ejus.
2157 4647 2253 4715 Qui
2282 4659 2538 4718 peccatum
2563 4668 2661 4705 non
2692 4653 2841 4723 fecit,
2870 4671 2958 4708 nec
2984 4656 3215 4712 inventus
3243 4667 3314 4712 est
3338 4659 3486 4713 dolus
3514 4662 3566 4714 in

1991 4755 2074 4793 ore
2099 4741 2206 4810 ejus
2236 4741 2360 4811 :qui
2378 4757 2492 4794 cum
2515 4743 2924 4811 malediceretur,
2954 4761 3052 4801 non
3077 4748 3454 4802 remaledicebat
3482 4751 3564 4805 di-

1990 4844 2136 4895 cens,
2167 4829 2398 4897 Domine,
2429 4832 2666 4887 retribues
2696 4850 2786 4902 pro
2811 4850 2888 4888 me
2913 4850 2928 4888 :
2951 4851 3062 4888 cum
3081 4838 3398 4906 judicaretur
3421 4882 3435 4904 ,
3469 4857 3567 4895 non

1991 4922 2420 4988 comminabatur;
2441 4924 2528 4978 sed
2557 4925 2934 4980 commendabat
2956 4944 3010 4982 se
3036 4928 3113 4982 illi
3139 4930 3530 5000 judicantijuste
3549 4934 3568 4965 ³

1992 5012 2035 5084 (ί
2069 5011 2208 5067 Petr.
2239 5027 2274 5067 tt
2298 5055 2313 5082 ,
2365 5012 2585 5086 21-23).
2629 5015 2766 5082 Quid
2796 5026 2896 5082 est,
2925 5017 3156 5088 Domine,
3189 5020 3448 5089 retribues,
3478 5041 3570 5093 pro

1993 5106 2110 5159 me?
2135 5105 2244 5176 Ego
2268 5146 2282 5173 ,
2312 5105 2516 5177 inquit,
2547 5123 2647 5160 non
2688 5123 2860 5175 (μειενο
2897 5109 3110 5179 gloriam
3155 5126 3349 5176 meam;
3383 5123 3455 5167 est
3484 5117 3568 5184 qui

1993 5207 2182 5268 quwrat
2208 5206 2254 5253 et
2273 5198 2464 5270 judicet
2490 5197 2664 5269 (Joan.
2693 5214 2804 5266 Vill,
2833 5201 2946 5270 50).
2975 5200 3092 5256 Non
3119 5206 3440 5274 vosmetipsos
3465 5209 3572 5262 vin-

1995 5289 2216 5344 dicantes
2240 5331 2255 5358 ,
2284 5289 2566 5344 charissimi
2589 5330 2604 5355 ,
2636 5291 2918 5359 Apostolus
2942 5291 3068 5347 dicit
3100 5311 3112 5346 :
3144 5296 3232 5348 sed
3261 5296 3374 5351 date
3406 5299 3570 5352 locum

1994 5382 2102 5436 irtc.
2128 5381 2382 5449 Scriptum
2413 5387 2484 5434 est
2515 5380 2645 5434 enim
2667 5422 2680 5445 ,
2712 5381 2842 5435 Mihi
2868 5382 3137 5438 vindictam
3162 5427 3174 5449 ,
3221 5396 3266 5441 et
3313 5404 3402 5459 ego
3428 5393 3574 5443 retri-

1995 5473 2161 5535 buam,
2195 5471 2314 5524 dicit
2343 5470 2587 5526 Dominus
2609 5472 2626 5540 (
2646 5472 2790 5526 Ront.
2827 5490 2918 5541 xu,
2947 5476 3057 5546 19).
3093 5476 3307 5533 Domine
3334 5482 3568 5534 retribuet

1996 5579 2086 5632 pro
2112 5577 2208 5615 me.

2059 5694 2074 5724 ¹
2104 5689 2268 5754 Plures
2287 5696 2392 5740 Mss.
2419 5697 2712 5754 constanter,
2738 5695 3068 5750 christianum.

2057 5757 2077 5785 ³
2105 5751 2292 5814 Aliquot
2312 5758 2440 5812 Mss,
2460 5761 2612 5803 orent.

1997 5817 2616 5894 f‘amL-eumJuLnicoAqu
2642 5818 2830 5893 injuste.
2864 5828 2916 5870 At
2949 5821 3057 5870 laid.
3085 5824 3180 5886 alii,
3211 5832 3261 5875 et
3283 5831 3368 5877 Mss
3427 5825 3572 5894 juste,

1993 5878 2128 5939 juxta
2151 5882 2298 5925 Graec.
2326 5874 2527 5928 dikat'bs.
2604 5874 2633 5901 ἰ
2682 5874 2701 5882 ’
2731 5891 2733 5893 ί
