4084 6458
580 429 716 488 1785

650 546 736 599 16.
762 542 859 596 Est
904 539 987 595 hic
1028 539 1161 593 alius
1206 536 1498 591 intellectus
1543 549 1645 585 non
1693 533 2065 601 negligendus,
2099 544 2151 587 et

578 634 714 689 forte
756 632 920 701 magis
961 628 1250 698 eligendus.
1283 627 1497 679 Domine
1524 624 1730 679 Christe
1755 666 1769 690 ,
1798 624 2034 678 retribues
2060 641 2150 694 pro

577 738 675 778 me.
704 723 816 791 Ego
841 720 981 774 enim
998 718 1041 772 si
1064 717 1297 778 reddam,
1322 717 1501 785 rapui;
1532 726 1585 769 tu
1609 715 1747 783 quod
1778 730 1881 768 non
1906 716 2145 784 rapuisti,

577 810 778 866 solvisti
808 828 821 862 :
850 808 1066 862 Domine
1085 847 1100 872 ,
1131 807 1368 861 retribues
1400 823 1488 875 pro
1517 822 1612 858 me.
1646 804 1775 859 Vide
1816 805 1960 859 illum
1992 806 2148 860 retri-

575 902 825 955 huentem
856 913 951 968 pro
978 898 1148 953 nobis.
1176 896 1446 952 Venerunt
1471 898 1558 965 qui
1583 897 1831 950 tributum
1856 897 2146 965 exigerent;

576 992 854 1062 exigebant
874 989 1125 1044 tributum
1145 988 1524 1051 didrachmam,
1551 987 1600 1040 id
1623 997 1702 1041 est
1723 987 1851 1041 duas
1874 986 2150 1042 drachmas

575 1084 630 1136 in
656 1096 762 1135 uno
788 1079 1000 1136 homine
1031 1097 1043 1132 :
1073 1087 1285 1133 ventum
1312 1086 1391 1132 est
1416 1078 1481 1131 ad
1508 1077 1808 1141 Dominum,
1838 1086 1896 1130 ut
1923 1077 2152 1131 solveret

577 1171 864 1235 tributum;
894 1170 1001 1224 imo
1036 1183 1142 1222 non
1172 1167 1236 1221 ad
1268 1168 1436 1236 ipsum
1462 1209 1475 1233 ,
1509 1167 1601 1222 sed
1639 1166 1704 1220 ad
1743 1167 2027 1235 discipulos
2054 1184 2067 1231 ;
2099 1176 2153 1221 et

576 1262 775 1317 dictum
814 1268 895 1315 est
934 1259 1072 1314 illis:
1104 1258 1344 1329 Magister
1370 1267 1523 1311 vester
1552 1273 1649 1311 non
1686 1258 1828 1311 solvit
1874 1257 2153 1310 tributum?

577 1352 656 1406 Illi
699 1351 991 1406 retulerunt
1029 1350 1094 1403 ad
1125 1363 1270 1403 eum.
1301 1348 1367 1401 Et
1394 1348 1481 1403 ille
1513 1366 1526 1402 :
1558 1348 1714 1416 Reges
1757 1359 1900 1401 terra:
1922 1365 1952 1399 a
1978 1348 2152 1417 quibus

578 1443 782 1511 exigunt
828 1440 1101 1493 tributum?
1130 1456 1161 1491 a
1187 1439 1305 1505 ﬁliis
1330 1440 1453 1504 suis,
1484 1455 1549 1491 an
1575 1439 1636 1491 ab
1665 1439 1883 1492 alienis?
1911 1438 2152 1506 Respon-

576 1530 805 1584 derunt:
834 1529 907 1581 Ab
932 1528 1127 1581 alienis.
1155 1526 1288 1596 Ergo
1314 1568 1326 1592 ,
1358 1527 1560 1595 inquit,
1594 1526 1730 1579 liberi
1760 1536 1870 1579 sunt
1900 1526 2013 1590 ﬁlii.
2050 1526 2155 1580 Sed

580 1631 744 1673 tamen
775 1636 835 1672 ne
860 1619 1255 1672 scandalizemus
1284 1634 1384 1683 eos,
1416 1617 1489 1669 ait
1520 1617 1695 1681 Petro,
1730 1618 1873 1681 vade,
1901 1617 2037 1670 mitte
2063 1618 2155 1669 ha-

579 1726 715 1763 mum
741 1711 791 1763 in
818 1726 971 1776 mare,
1002 1719 1046 1761 et
1085 1711 1166 1777 qui
1197 1710 1386 1777 primus
1411 1709 1557 1775 piscis
1582 1708 1894 1774 ascenderit,
1926 1710 2065 1779 aperi
2100 1725 2154 1763 os

579 1805 706 1872 ejus,
732 1810 775 1855 et
800 1802 1014 1855 invenies
1040 1808 1289 1863 staterem;
1322 1800 1370 1852 id
1402 1809 1481 1853 est
1510 1799 1639 1852 duas
1669 1798 2018 1853 didrachmas.
2046 1800 2156 1855 Sta-

581 1904 662 1948 ter
692 1894 953 1963 'ponderis
993 1908 1159 1963 genus
1196 1901 1276 1946 est
1303 1933 1316 1957 ,
1346 1892 1544 1946 habens
1584 1900 1808 1960 quatuor
1853 1892 2151 1947 drachmas.

580 1984 809 2038 Invenies
834 1984 939 2049 ibi;
965 1984 1029 2036 da
1054 1984 1155 2037 illis
1184 2000 1274 2053 pro
1301 2000 1377 2036 me
1400 1990 1445 2036 et
1468 1993 1511 2035 te
1545 1982 1750 2053 (Matth.
1783 1999 1917 2050 xvn,
1946 1983 2152 2054 25-26).

579 2074 830 2140 Domine,
859 2075 1097 2128 retribues
1142 2090 1232 2143 pro
1273 2090 1367 2126 me.
1396 2073 1581 2127 Merito
1627 2074 1885 2129 habemus
1930 2074 2157 2144 primum

580 2164 779 2233 piscem
800 2163 957 2218 hamo
973 2172 1202 2233 captum,
1222 2162 1380 2218 hamo
1400 2162 1840 2232 comprehensum
1865 2164 1903 2229 ¹;
1928 2164 2154 2232 primum

581 2263 883 2326 surgentem
910 2255 977 2310 de
1004 2256 1169 2319 mari,
1202 2254 1607 2323 primogenitum
1638 2269 1667 2307 a
1696 2255 1933 2308 mortuis.
1962 2254 2019 2307 In
2043 2254 2157 2324 ejus

583 2364 676 2403 ore
718 2348 1012 2403 invenimus
1040 2346 1169 2402 duas
1198 2346 1530 2400 didrachmas
1557 2388 1569 2410 ,
1605 2344 1655 2398 id
1685 2354 1765 2399 est
1789 2353 2012 2413 quatuor
2036 2344 2159 2398 dra-

582 2439 764 2493 chmas
796 2454 809 2491 :
836 2439 891 2492 in
936 2439 1048 2507 ejus
1090 2452 1183 2492 ore
1227 2436 1523 2491 invenimus
1574 2443 1800 2504 quatuor
1851 2434 2154 2503 Evangelia.

583 2528 701 2583 lstis
728 2536 951 2598 quatuor
971 2526 1235 2581 drachmis
1261 2526 1325 2579 ab
1351 2525 1625 2580 exactione
1651 2524 1806 2594 hujus
1831 2524 2008 2579 saeculi
2029 2523 2160 2579 libe-

585 2635 781 2686 ramur;
815 2633 907 2689 per
934 2627 1157 2689 quatuor
1182 2617 1463 2687 Evangelia
1490 2616 1755 2672 debitores
1778 2632 1883 2671 non
1913 2631 2157 2672 remane-

586 2711 800 2765 bimus:
833 2710 903 2765 ibi
955 2710 1095 2764 enim
1140 2718 1353 2777 peccata
1402 2716 1579 2762 nostra
1625 2708 1800 2761 omnia
1855 2707 2157 2762 solvuntur.

588 2800 850 2853 Retribuit
886 2813 1012 2867 ergo
1033 2812 1128 2867 pro
1153 2798 1303 2851 nobis
1328 2816 1339 2850 :
1362 2797 1555 2867 gratias
1575 2795 1948 2851 misericordia:
1976 2796 2159 2864 ipsius.

585 2887 725 2944 Nihil
746 2887 989 2952 debebat;
1022 2903 1114 2955 pro
1140 2902 1198 2941 se
1228 2902 1331 2939 non
1360 2886 1607 2949 reddidit,
1628 2886 1719 2939 sed
1747 2900 1840 2955 pro
1864 2886 2015 2940 nobis
2036 2887 2159 2939 red-

588 2980 740 3034 didit.
770 2978 900 3033 Ecce
919 3020 933 3045 ,
958 2978 1159 3047 inquit,
1187 2978 1317 3031 venit
1354 2978 1582 3045 princeps
1610 2975 1781 3028 mundi
1817 2976 1967 3045 hujus
1994 3015 2009 3039 ,
2039 2986 2084 3030 et
2110 2978 2161 3029 in

588 3087 667 3126 me
695 3069 820 3123 nihil
845 3069 1072 3122 inveniet.
1096 3066 1229 3134 Quid
1246 3075 1345 3134 est,
1364 3067 1416 3119 in
1442 3082 1519 3120 me
1540 3065 1665 3118 nihil
1685 3065 1932 3119 inveniet?
1951 3065 2160 3119 Nullum

589 3167 862 3231 peccatum
893 3158 943 3211 in
973 3172 1057 3212 me
1092 3156 1356 3222 inveniet;
1388 3169 1551 3225 quare
1579 3154 1782 3210 occidat
1806 3170 1910 3221 me,
1941 3168 2043 3209 non
2066 3153 2162 3208 ha-

586 3253 692 3307 bet.
728 3251 833 3306 Sed
872 3258 922 3303 ut
963 3251 1122 3303 sciant
1159 3264 1328 3303 omnes
1349 3288 1361 3311 ,
1390 3247 1495 3312 ait,
1522 3248 1639 3316 quia
1666 3246 1965 3299 voluntatem
1992 3246 2163 3301 Patris

588 3343 683 3396 mei
725 3342 855 3411 facio
878 3381 893 3406 ,
920 3341 1108 3411 surgite
1134 3381 1147 3404 ,
1178 3355 1345 3394 eamus
1391 3338 1505 3391 hinc
1534 3337 1709 3407 (Joan.
1758 3352 1877 3403 xw,
1908 3337 1976 3391 50
2002 3378 2015 3403 ,
2046 3337 2159 3405 51).

589 3431 723 3498 Quid
763 3439 874 3495 est,
913 3431 1099 3498 surgite
1123 3469 1137 3493 ,
1169 3444 1336 3482 eamus
1385 3427 1616 3481 hinc?ld
1643 3437 1723 3481 est
1746 3467 1760 3490 ,
1792 3441 1895 3481 non
1928 3428 2163 3482 necessi-

592 3530 726 3587 tate,
755 3519 847 3573 sed
879 3519 1146 3574 voluntate
1186 3518 1371 3588 patior,
1405 3517 1630 3573 reddens
1652 3517 1790 3587 quod
1816 3533 1920 3575 non
1947 3517 2113 3573 debeo
2147 3537 2159 3570 :

590 3609 805 3663 Domine
826 3651 841 3675 ,
873 3609 1109 3662 retribues
1137 3624 1225 3677 pro
1257 3626 1351 3662 me.

662 3703 752 3756 17-
781 3700 995 3755 Domine
1015 3741 1030 3767 ,
1055 3700 1394 3754 misericordia
1424 3709 1511 3754 tua
1536 3701 1590 3754 in
1614 3709 1870 3755 teternum.
1900 3701 2035 3769 Quid
2065 3702 2161 3756 de-

588 3792 852 3847 siderem?
874 3791 987 3845 Non
1014 3789 1153 3849 diem
1194 3789 1465 3845 hominum
1492 3793 1531 3844 ⁸.
1568 3789 1688 3844 Νοη
1727 3790 1948 3845 laboravi
1990 3791 2162 3845 subse-

592 3866 745 3951 quens
769 3891 834 3950 te,
866 3880 1080 3936 Domine
1099 3922 1113 3947 ,
1146 3890 1191 3934 et
1213 3880 1342 3934 diem
1373 3881 1633 3935 hominum
1656 3897 1755 3934 non
1781 3882 2038 3949 concupiui
2060 3898 2080 3948 ;
2111 3890 2165 3934 tu

592 3974 689 4027 scis
718 3972 925 4043 (Jerem.
953 3988 1089 4039 xvtt,
1124 3972 1232 4043 16).
1260 3972 1399 4027 Ecce
1424 3981 1624 4042 martyr
1651 3982 1830 4027 sancta
1854 3972 2094 4043 Crispina
2120 3974 2166 4027 si

591 4062 917 4117 desideraret
955 4061 1093 4116 diem
1124 4061 1394 4117 hominum
1417 4104 1431 4129 ,
1462 4072 1677 4132 negaret
1720 4061 2006 4117 Christum.
2038 4063 2165 4118 Plus

594 4153 678 4205 hit:
705 4152 940 4217 viveret,
974 4152 1066 4207 sed
1110 4152 1161 4205 in
1205 4162 1461 4207 aeternum
1507 4168 1611 4206 non
1639 4154 1856 4209 viveret.
1902 4154 2082 4208 Maluit
2111 4155 2164 4209 in

592 4251 845 4298 internum
872 4244 1063 4298 .vivere
1088 4285 1101 4307 ,
1133 4259 1289 4313 quam
1337 4246 1493 4313 paulo
1539 4244 1764 4313 amplius
1807 4244 2167 4314 temporaliter

597 4335 790 4389 vivere.
820 4335 1055 4403 Denique
1084 4334 1317 4401 Domine,
1350 4335 1687 4389 misericordia
1711 4345 1795 4388 tua
1814 4318 1865 4387 in
1894 4343 2165 4400 teternum;

597 4438 702 4479 non
759 4424 822 4477 ad
888 4434 1093 4493 tempus
1146 4424 1264 4478 volo
1312 4424 1544 4478 liberari.
1595 4424 1942 4479 Misericordia
1980 4432 2065 4478 tua
2113 4425 2167 4478 in

595 4523 873 4579 (sternam,
929 4528 1029 4582 qua
1058 4512 1077 4543 ³
1104 4524 1363 4583 martyres
1412 4514 1643 4568 liberasti
1672 4555 1687 4579 ,
1731 4524 1784 4570 et
1825 4515 1900 4569 sic
1945 4516 2049 4570 cito
2099 4515 2167 4570 de

599 4609 698 4662 hac
723 4607 827 4661 vita
855 4605 1137 4660 abstulisti.
1161 4603 1407 4671 Domine,
1436 4605 1775 4659 misericordia
1804 4614 1889 4660 tua
1930 4607 1983 4660 in
2024 4614 2166 4660 teter-

594 4717 733 4755 nune

669 4791 752 4846 18.
784 4789 951 4859 Opera
990 4804 1226 4842 manuum
1254 4797 1452 4842 tuarum
1480 4804 1540 4842 ne
1581 4788 1841 4859 despicias.
1880 4786 1996 4843 Non
2025 4787 2163 4854 dico,

592 4881 816 4935 Domine
837 4920 851 4946 ,
883 4878 958 4933 Ne
983 4878 1244 4947 deSpicias
1269 4892 1429 4947 opera
1456 4892 1706 4946 manuum
1750 4892 1985 4931 mearum
2011 4894 2025 4940 ;
2058 4891 2166 4931 non

593 4984 680 5024 me
718 4968 859 5038 jacto
902 4967 968 5022 de
1009 4968 1257 5037 Operibus
1294 4967 1417 5021 mei.
1464 4966 1760 5035 Exquisivi,
1809 4965 2020 5034 quidem
2069 4964 2171 5019 Do-

599 5060 790 5112 minum
822 5059 1047 5112 manibus
1077 5058 1196 5110 meis
1238 5065 1376 5110 nocte
1423 5072 1592 5110 coram
1616 5071 1671 5108 eo
1695 5095 1711 5122 ,
1742 5064 1787 5109 et
1814 5072 1913 5109 non
1948 5071 2057 5108 sum
2082 5055 2169 5108 de-

595 5158 765 5217 ceptus
799 5148 976 5219 (Psal.
1016 5165 1173 5204 Lxxv1
1200 5190 1215 5214 ,
1247 5149 1339 5218 5);
1370 5147 1463 5202 sed
1509 5156 1682 5201 tamen
1712 5162 1815 5200 non
1857 5145 2169 5201 commendo

596 5254 754 5308 opera
797 5256 1044 5295 manuum
1082 5254 1316 5296 mearum
1351 5258 1363 5294 :
1399 5238 1557 5293 timeo
1584 5233 1651 5293 ne
1679 5252 1799 5291 cum
1840 5237 2165 5305 inspexeris,

597 5329 837 5384 invenias
868 5331 1014 5397 plura
1034 5337 1247 5399 peccata
1275 5344 1431 5399 quam
1455 5328 1661 5383 merita.
1687 5328 1797 5381 lloc
1825 5326 1992 5380 solum
2019 5341 2167 5395 rogo,

597 5419 700 5473 hoc
743 5417 863 5472 dico
886 5457 901 5484 ,
932 5417 1033 5472 hoc
1076 5418 1361 5487 impetrare
1402 5416 1646 5473 desidero
1677 5434 1688 5469 :
1724 5414 1890 5486 Opera
1932 5431 2169 5468 manuum

598 5524 797 5568 tuarum
812 5527 873 5565 ne
891 5510 1153 5579 despicias.
1171 5508 1315 5580 Opus
1335 5520 1481 5565 tuum
1498 5510 1551 5564 in
1577 5525 1661 5564 me
1676 5508 1814 5576 vide,
1833 5523 1937 5562 non
1962 5522 2136 5562 meum
2153 5522 2168 5574 ;

664 5662 805 5709 ιοιιο
826 5665 956 5716 Mss.
979 5667 1141 5706 amore
1162 5653 1569 5721 comprehensum.
1784 5709 1814 5721 Α.
1897 5709 1929 5721 ..
2032 5708 2044 5721 .
2141 5708 2152 5719 .

661 5708 1070 5814 :christinae'anus
1092 5725 1195 5767 Mss.
1218 5750 1233 5777 ,
1255 5708 1376 5778 ()uid
1400 5714 1668 5767 desiderem
1691 5709 1814 5765 nosti
1837 5709 2003 5765 :diem
2024 5708 2173 5763 homi-

652 5794 713 5827 tm
734 5794 757 5829 ;'

601 5796 682 5875 m’
705 5852 787 5891 Am
834 5849 881 5889 ct
903 5841 1065 5902 [lures
1082 5849 1209 5902 Mss,
1232 5837 1361 5903 quia.

1832 416 1887 477 S.
1929 414 2289 477 AUCUSTIXI
2331 412 2630 474 EPISCOPI

3669 412 3783 474 l78l

2259 547 2379 584 nam
2409 544 2583 583 meum
2614 528 2657 581 si
2689 525 2902 589 videris,
2926 523 3163 586 damnas;
3190 530 3330 575 tuum
3352 524 3394 577 si
3423 522 3629 590 videris,
3656 542 3786 583 coro-

2257 637 2369 675 nas.
2398 620 2527 685 Quia
2571 627 2623 672 et
2651 630 2995 687 quaecumque
3019 623 3139 667 sunt
3168 613 3303 667 bona
3341 628 3498 683 opera
3537 630 3647 670 mea
3671 657 3686 683 ,
3709 618 3787 672 abs

2260 722 2309 765 te
2340 711 2467 764 mihi
2492 719 2614 763 sunt
2632 752 2647 773 ,
2675 718 2728 764 et
2755 708 2873 762 ideo
2904 714 2991 760 tua
3017 706 3184 774 magis
3212 720 3363 773 quam
3396 720 3510 757 mea
3535 716 3667 759 sunt.
3695 710 3787 762 Au-

2255 802 2342 855 dio
2379 801 2572 869 quippe
2612 799 2681 853 ab
2724 797 2973 867 Apostolo
3014 804 3103 849 tuo
3134 811 3145 847 :
3179 794 3351 847 Gratia
3396 795 3521 849 salvi
3548 796 3669 864 [acti
3692 800 3789 851 estis

2256 908 2342 961 per
2372 891 2543 958 ﬁdem,
2571 899 2615 942 et
2645 889 2737 941 hoc
2766 904 2865 940 non
2889 903 2951 940 ea:
2970 886 3104 939 vobis
3123 925 3136 949 ,
3161 884 3249 937 sed
3278 882 3364 936 Dei
3384 884 3569 937 donum
3588 895 3681 951 est;
3706 904 3788 940 non

2256 999 2317 1036 ea:
2342 982 2592 1051 Operibus,
2625 996 2685 1032 ne
2705 982 2831 1049 forte
2859 978 2967 1047 quis
2993 975 3283 1030 extollatur.
3312 972 3482 1043 Ipsius
3501 976 3625 1029 enim
3645 993 3789 1032 sumus

2256 1073 2544 1141 ﬁgmentum
2571 1111 2583 1135 ,
2617 1069 2768 1122 creati
2811 1069 2861 1120 in
2910 1065 3103 1119 Christo
3148 1064 3273 1118 Iesu
3314 1065 3367 1117 in
3412 1065 3630 1133 aperibus
3672 1067 3789 1120 bonis

2260 1161 2472 1233 (Ep/tes.
2514 1177 2569 1226 ll,
2603 1158 2777 1229 8-10).
2826 1158 2983 1227 Ergo,
3013 1157 3123 1210 sive
3146 1156 3197 1209 in
3223 1170 3287 1209 eo
3313 1156 3453 1224 quod
3477 1155 3699 1211 homines
3719 1174 3791 1211 su-

2257 1269 2373 1308 mus
2401 1293 2416 1316 ,
2448 1254 2558 1307 sive
2600 1253 2650 1304 in
2696 1265 2761 1304 co
2791 1248 2931 1318 quod
2957 1264 3020 1302 ex
3048 1254 3224 1301 nostra
3258 1246 3526 1314 impietate
3562 1248 3727 1300 mutati
3748 1258 3790 1301 ct

2251 1343 2520 1413 justiﬁcati
2565 1356 2765 1407 sumus,
2796 1339 3033 1405 Domine,
3064 1354 3217 1407 Opera
3264 1353 3503 1390 manuum
3529 1346 3707 1391 tuarum
3741 1356 3791 1393 ne

2257 1437 2520 1505 despicias.

2576 1658 2652 1717 ΙΝ
2698 1655 3071 1716 PSALMUM
3115 1644 3502 1714 CXXXVIII

2822 1774 3234 1832 ENARRATIO.

2776 1904 2945 1944 SERMO
2976 1905 3042 1942 AD
3072 1903 3293 1941 PLEBEM.

2334 2008 2385 2060 1.
2444 2005 2711 2060 Psalmum
2758 2002 2909 2057 nobis
2958 2001 3169 2054 brevem
3218 2010 3621 2067 paraveratnus,
3661 2011 3790 2065 quem

2262 2097 2694 2152 n'iandavcramus
2731 2093 2929 2148 cantari
2969 2106 2998 2144 a
3040 2090 3299 2153 Lectore;
3351 2087 3445 2141 sed
3490 2087 3553 2141 ad
3597 2086 3792 2153 horam,

2260 2198 2512 2259 quantum
2539 2186 2763 2251 videtur,
2795 2184 3148 2253 perturbatus,
3175 2180 3405 2235 alterum
3438 2195 3527 2248 pro
3550 2179 3700 2233 altero
3722 2180 3787 2233 le-

2261 2284 2352 2351 git.
2388 2280 2665 2334 Maluimus
2707 2291 2803 2331 nos
2841 2277 2892 2329 in
2924 2289 3106 2330 errore
3136 2273 3380 2327 Lectoris
3420 2271 3562 2340 sequi
3590 2271 3793 2325 volunta-

2265 2385 2367 2427 tem
2401 2372 2490 2426 Dei
2519 2413 2532 2435 ,
2562 2384 2716 2439 quam
2748 2377 2978 2421 nostram
3008 2366 3060 2418 in
3088 2374 3269 2418 nostro
3299 2362 3591 2433 proposito.
3620 2360 3669 2416 Si
3693 2376 3796 2429 ergo

2262 2478 2355 2517 vos
2387 2464 2436 2515 in
2476 2462 2591 2530 ejus
2630 2459 2936 2529 prolixitate
2962 2454 3261 2525 aliquandiu
3292 2454 3611 2507 tenuerimus
3633 2492 3647 2517 ,
3674 2451 3795 2505 nobis

2262 2568 2365 2607 non
2388 2529 2654 2620 imputctis
2676 2564 2689 2613 ;
2715 2547 2807 2602 sed
2831 2546 3057 2601 credatis
3078 2545 3242 2599 Deum
3267 2558 3373 2597 nos
3396 2558 3495 2597 non
3520 2529 3797 2595 infructuose

2264 2644 2505 2699 laborare
2544 2640 2797 2697 voluisse.
2827 2637 3011 2707 Neque
3044 2637 3183 2692 enim
3213 2636 3413 2689 frustra
3443 2635 3494 2688 in
3520 2634 3673 2703 primo
3695 2644 3795 2699 pec-

2262 2744 2379 2791 cato
2418 2740 2598 2787 nostro
2637 2744 2846 2801 poenam
2885 2728 3202 2796 accepimus,
3250 2734 3305 2779 ut
3355 2726 3406 2778 in
3442 2724 3622 2777 sudore
3654 2722 3794 2774 vultus

2265 2824 2429 2879 nostri
2457 2836 2647 2893 panem
2678 2818 3053 2874 manducemus
3080 2814 3241 2887 (Gen.
3274 2830 3363 2878 nr,
3398 2812 3521 2882 19).
3548 2811 3738 2867 Tantum
3759 2808 3794 2863 si

2266 2915 2412 2984 panis
2437 2922 2539 2977 est,
2567 2910 2841 2966 attendite.
2869 2908 3026 2963 Panis
3052 2915 3227 2960 autem
3254 2914 3369 2971 est,
3395 2904 3439 2959 si
3462 2903 3680 2959 Christus
3698 2911 3791 2956 est:

2264 3006 2374 3076 Ego
2411 3021 2539 3069 sum,
2590 3003 2795 3072 inquit,
2839 2999 2982 3070 panis
3020 2998 3157 3051 vivus
3206 2997 3291 3066 qui
3340 2998 3407 3049 de
3448 2996 3564 3049 caelo
3605 2991 3796 3047 descendi

2266 3096 2442 3167 (Joan.
2492 3111 2560 3158 vt,
2585 3094 2694 3163 41).
2719 3093 2885 3160 Quem
2907 3088 3296 3145 manifestatum
3318 3087 3576 3143 habemus
3594 3086 3640 3139 in
3656 3085 3796 3138 Evan~

2263 3187 2420 3257 gelio,
2455 3186 2625 3255 ipsum
2655 3196 2953 3253 quaeramus
2976 3179 3103 3234 etin
3130 3176 3441 3246 Prophetis.
3470 3176 3609 3230 Hunc
3630 3174 3692 3228 ibi
3713 3186 3795 3225 non

2266 3279 2443 3334 vident
2476 3292 2633 3347 super
2661 3288 2884 3345 quorum
2915 3287 3007 3328 cor
3036 3272 3207 3326 adhuc
3234 3270 3484 3324 velamen
3512 3268 3710 3338 positum
3730 3273 3795 3319 est

2266 3368 2333 3437 (ll
2362 3368 2477 3422 Cor.
2510 3383 2583 3432 tu,
2616 3365 2727 3435 14),
2761 3363 2901 3418 unde
2928 3361 3132 3416 audivit
3158 3359 3412 3415 Charitas
3438 3365 3600 3413 vestra
3623 3356 3791 3408 hester-

2268 3474 2335 3514 no
2380 3458 2484 3513 dic.
2530 3456 2691 3511 Nobis
2734 3464 2910 3508 autem
2954 3450 3073 3521 quia
3121 3449 3441 3504 sacriﬁcium
3483 3446 3787 3515 vespertinum

2266 3550 2439 3606 crucis
2468 3547 2676 3603 Domini
2707 3543 2964 3600 conscidit
2992 3541 3163 3595 velum
3191 3538 3407 3610 (Matth.
3438 3553 3598 3599 xxvu,
3624 3534 3718 3603 5|),
3744 3539 3791 3584 ut

2268 3649 2481 3713 pateant
2516 3639 2622 3709 jam
2651 3636 2834 3706 templi
2864 3642 3103 3697 secreta;
3142 3631 3397 3701 quamdiu
3424 3629 3566 3684 nobis
3590 3625 3789 3681 Christus

2268 3733 2611 3805 praedicatur,
2639 3730 2742 3785 etsi
2771 3742 2889 3783 cum
2916 3724 3097 3780 labore
3121 3733 3171 3779 et
3199 3722 3415 3788 sudore,
3449 3716 3789 3775 aranducandus

2268 3835 2345 3881 cst
2379 3824 2548 3894 panis.

2238 3966 2241 3969 ,
2336 3914 2390 3968 2.
2433 3912 2688 3983 Loquitur
2728 3906 2903 3967 autem
2931 3909 3184 3964 Dominus
3209 3914 3395 3962 noster
3423 3906 3567 3960 Jesus
3590 3901 3787 3957 Christus

2268 4006 2319 4059 in
2347 4004 2622 4073 Prophetis
2648 4001 2929 4071 aliquando
2954 4015 3017 4055 ex
3050 4011 3275 4068 persona
3306 3996 3493 4066 capitis
3518 3995 3695 4054 nostri,
3718 3987 3788 4056 qui

2267 4106 2349 4151 est
2370 4097 2480 4165 ipse
2503 4095 2744 4150 Christus
2768 4093 3015 4156 salvator,
3039 4090 3230 4146 sedens
3250 4089 3322 4143 ad
3342 4088 3600 4142 dexteram
3620 4079 3784 4165 Patris;

2268 4187 2355 4254 qui
2386 4164 2544 4239 etiam
2572 4192 2786 4254 propter
2810 4197 2906 4236 nos
2931 4189 3082 4234 natus
3104 4178 3167 4233 de
3188 4177 3397 4247 virgine
3416 4216 3430 4241 ,
3457 4185 3507 4230 et
3526 4172 3615 4227 sub
3635 4164 3787 4224 Pontio

2268 4276 2457 4343 Pilato,
2487 4275 2658 4344 qualia
2686 4274 2870 4338 nostis,
2900 4285 3085 4341 passus
3113 4280 3235 4334 est;
3264 4268 3388 4323 fuso
3414 4268 3671 4320 innocente
3691 4271 3787 4311 san-

2267 4369 2423 4438 guine
2449 4408 2462 4431 ,
2494 4366 2633 4435 quod
2662 4374 2744 4419 est
2769 4364 2991 4434 pretium
3022 4370 3257 4415 nostrum
3282 4397 3299 4424 ,
3338 4356 3557 4413 redemit
3581 4354 3789 4408 nocentes

2270 4474 2299 4512 a
2328 4458 2626 4526 captivitate
2652 4496 2666 4521 ,
2699 4456 2749 4507 in
2780 4469 2881 4522 qua
2915 4452 3280 4506 detinebantur
3300 4464 3329 4502 a
3356 4447 3558 4501 diabolo
3579 4484 3591 4506 ,
3622 4442 3787 4526 donans

2271 4523 2423 4602 nobis
2452 4545 2640 4600 delicta
2661 4586 2676 4609 ,
2704 4554 2757 4598 et
2787 4543 2899 4611 ipso
2930 4541 3095 4609 pretio
3126 4546 3307 4592 nostro
3337 4534 3583 4604 sanguine
3608 4542 3689 4581 suo
3711 4523 3785 4576 de-

2272 4638 2385 4692 lens
2413 4633 2818 4703 chirographum
2857 4644 2962 4699 quo
2991 4628 3256 4684 debitores
3282 4625 3583 4681 tenebamur
3606 4614 3783 4687 (Coloss.

2272 4743 2306 4781 tt
2329 4769 2343 4793 ,
2373 4729 2440 4781 15
2463 4767 2476 4791 ,
2500 4726 2565 4778 14
2586 4724 2628 4793 ).
2662 4723 2777 4792 Ipse
2808 4729 2887 4776 est
2914 4728 3087 4774 rector
3114 4727 3167 4772 et
3202 4731 3430 4786 sponsus
3457 4722 3507 4767 et
3530 4708 3789 4793 redemptor

2274 4792 2525 4871 Evclesiae
2551 4856 2563 4881 ,
2591 4822 2747 4881 caput
2768 4819 3024 4865 nostrum.
3053 4808 3119 4862 Et
3144 4807 3321 4876 utique
3349 4806 3393 4860 si
3418 4807 3568 4871 caput
3587 4805 3685 4859 est,
3710 4792 3787 4844 ha-

2273 4908 2363 4962 bet
2389 4921 2598 4975 corpus.
2630 4903 2830 4972 Corpus
2860 4910 3034 4955 autem
3063 4900 3177 4967 ejus
3210 4905 3386 4952 sancta
3420 4889 3633 4948 Ecclesia
3656 4926 3669 4953 ,
3694 4892 3787 4950 qua!

2274 4998 2433 5052 etiam
2474 4994 2667 5063 conjux
2706 4993 2858 5062 ejus;
2891 4992 2976 5045 cui
3003 4988 3133 5043 dicit
3171 4984 3487 5057 Apostolus,
3532 4978 3623 5033 Vos
3653 4980 3789 5026 autem

2274 5089 2391 5141 estis
2417 5102 2594 5156 corpus
2620 5084 2802 5139 Christi
2831 5092 2876 5135 et
2905 5080 3121 5134 ntembra
3151 5080 3168 5148 (
3195 5078 3211 5130 ι
3238 5077 3353 5131 Cor.
3391 5091 3484 5137 xu,
3513 5070 3575 5123 27
3598 5069 3633 5137 ).
3657 5064 3787 5156 Totus

2276 5181 2450 5249 itaque
2474 5152 2714 5231 Christus
2735 5181 2894 5243 caput
2915 5180 2969 5227 et
2991 5185 3201 5240 corpus,
3232 5174 3471 5236 tanquam
3493 5152 3785 5249 integer-vir:

2275 5245 2394 5341 quia
2422 5277 2474 5323 et
2496 5268 2684 5322 femina
2706 5266 2774 5321 de
2798 5267 2908 5319 viro
2936 5263 3070 5317 facta
3092 5272 3192 5328 est,
3220 5270 3273 5315 et
3296 5257 3362 5312 ad
3386 5257 3549 5310 virum
3573 5245 3785 5341 pertinet;

2276 5338 2329 5417 et
2359 5361 2556 5415 dictum
2586 5366 2670 5412 cst
2710 5356 2779 5410 de
2808 5355 2978 5424 primo
3006 5347 3445 5422 conjugi0,Erunt
3482 5344 3575 5397 duo
3598 5340 3645 5392 in
3667 5338 3789 5387 cantu

2275 5468 2375 5506 una
2406 5451 2552 5522 (Gen.
2582 5465 2639 5515 ιι,
2667 5447 2781 5516 24).
2810 5446 2920 5501 Hoc
2947 5454 3120 5499 autem
3148 5441 3215 5496 ad
3240 5438 3540 5511 mysterium
3564 5433 3786 5522 interpre—

2277 5514 2423 5599 tatur.
2441 5541 2726 5612 Apostolus
2744 5514 2855 5593 non
2884 5536 3076 5590 frustra
3103 5548 3220 5589 esse
3247 5532 3443 5587 dictum
3467 5525 3529 5579 de
3556 5520 3648 5575 illis
3665 5514 3782 5612 duu-

2275 5639 2373 5694 bus
2402 5633 2724 5698 hominibus,
2756 5630 2857 5685 nisi
2881 5630 3001 5699 quia
3027 5629 3077 5683 in
3103 5627 3179 5684 eis
3198 5626 3305 5697 jam
3336 5617 3634 5691 ﬁgurabatur
3657 5604 3784 5699 Ehrif

2275 5737 2387 5783 stus
2402 5735 2454 5781 et
2477 5695 2726 5780 Ecclesia.
2743 5721 2872 5775 Nam
2894 5695 2995 5774 hoc
3014 5695 3319 5786 sicexponit
3342 5706 3635 5779 Apostolus:
3656 5695 3792 5749 Erunt

2280 5822 2377 5874 duo
2397 5818 2450 5872 in
2477 5831 2653 5881 carne,
2685 5812 2881 5881 inquit,
2914 5827 3013 5864 una
3047 5826 3065 5865 :
3098 5812 3460 5873 sacramentum
3486 5799 3568 5849 hoc
3593 5794 3793 5853 magnum
