4084 6476
295 444 453 502 1-785

296 569 390 613 est
411 575 429 622 ;
454 571 543 627 ego
568 560 730 607 autem
759 551 869 604 dico
895 590 909 615 ,
939 549 992 602 in
1019 548 1216 604 Christo
1244 556 1289 601 et
1319 547 1546 601 Ecclesia
1569 546 1790 617 (Ephes.
1817 561 1851 599 v
1874 585 1890 611 ,

297 634 380 702 3!
403 658 447 700 et
464 646 573 712 52).
608 642 745 697 Dicit
767 642 923 695 etiam
942 641 1111 708 ipsum
1131 639 1295 693 Adam
1321 636 1545 692 formam
1571 634 1729 689 futuri
1756 654 1767 689 :
1794 633 1894 700 Qui

297 750 407 803 est,
441 736 630 807 inquit,
664 740 827 805 forma
853 734 1010 802 futuri
1035 733 1052 803 (
1074 729 1223 785 Rom.
1249 747 1307 795 v,
1338 729 1464 800 M).
1494 729 1549 784 Si
1576 744 1701 800 ergo
1724 729 1894 794 Adam

297 829 484 882 forma
512 825 668 879 futuri
693 842 707 891 ;
737 823 1002 894 quomodo
1022 823 1088 877 de
1109 824 1271 877 latere
1294 821 1605 877 dormientis
1625 822 1737 875 Eva
1759 820 1893 875 facta

296 930 396 973 est
428 918 579 991 (Cen.
609 933 664 971 ιι.
695 916 785 981 2i,
814 914 927 986 22),
962 915 1037 969 sic
1056 930 1121 969 ex
1140 914 1303 969 latere
1325 913 1534 968 Domini
1555 912 1890 979 dormientis,

297 1009 365 1063 id
398 1018 501 1074 est,
532 1008 584 1060 in
615 1006 860 1076 passione
882 1005 1178 1071 morientis,
1208 1014 1261 1059 et
1288 1005 1339 1058 in
1367 1019 1524 1059 cruce
1550 1018 1801 1074 percusso
1826 1003 1894 1059 de

296 1102 497 1157 lancea
525 1100 702 1171 (Joan.
733 1115 844 1164 xix,
869 1099 981 1168 34),
1012 1106 1357 1152 manaverunt
1383 1097 1749 1162 Sacramenta,
1774 1096 1891 1165 qui-

294 1192 411 1246 bus
447 1191 763 1245 [armaretur
808 1188 1059 1243 Ecclesia.
1091 1187 1222 1242 Nam
1252 1187 1318 1242 de
1357 1186 1528 1241 futura
1554 1186 1740 1241 eadem
1768 1200 1891 1255 pas-

296 1284 465 1337 sione
506 1292 600 1335 sua
647 1280 725 1335 sic
764 1279 891 1334 dicit
931 1279 984 1332 in
1018 1278 1121 1333 alio
1163 1277 1364 1346 psalmo
1395 1296 1407 1331 :
1441 1276 1547 1347 Ego
1576 1277 1815 1341 dormivi,
1847 1286 1892 1330 et

296 1388 543 1428 somnum
571 1371 716 1441 cepi;
742 1379 787 1423 et
816 1370 1095 1435 exsurrexi,
1125 1369 1361 1435 quoniam
1388 1366 1632 1421 Dominus
1659 1368 1893 1437 suscipiet

297 1481 393 1519 me
428 1463 447 1532 (
474 1461 618 1517 Psal.
648 1478 741 1527 ιιι,
773 1460 868 1532 6).
900 1460 1040 1529 Ergo
1078 1459 1327 1514 dormitio
1362 1458 1668 1528 intelligitur
1693 1458 1887 1528 passio.

299 1555 423 1610 Eva
448 1555 516 1609 de
544 1554 707 1609 latere
733 1552 1065 1616 dormientis,
1095 1550 1327 1605 Ecclesia
1349 1549 1417 1605 de
1437 1550 1600 1604 latere
1623 1550 1887 1619 patientis.

300 1648 571 1717 Loquitur
595 1660 723 1716 ergo
752 1645 1005 1700 Dominus
1031 1652 1211 1698 noster
1233 1642 1384 1697 Jesus
1413 1640 1656 1696 Christus
1682 1642 1733 1695 in
1762 1641 1892 1695 Pro-

300 1737 488 1808 phetis
515 1735 797 1807 aliquando
825 1751 891 1790 ex
915 1750 1045 1790 voce
1071 1749 1165 1789 sua
1191 1776 1204 1799 ,
1232 1733 1513 1803 aliquando
1542 1748 1604 1787 ex
1634 1747 1765 1786 voce
1791 1746 1889 1785 no-

306 1838 449 1894 stra,
481 1829 603 1899 quia
633 1844 792 1883 unum
819 1842 876 1882 se
896 1826 1019 1882 facit
1047 1826 1317 1881 nobiscum
1343 1842 1356 1890 ;
1385 1825 1520 1879 sicut
1548 1824 1745 1879 dictum
1773 1834 1849 1878 est
1873 1864 1888 1889 ,

300 1920 482 1975 Erunt
527 1920 626 1973 duo
663 1922 714 1972 in
757 1935 906 1972 carne
933 1934 1052 1971 una.
1081 1916 1235 1972 Unde
1264 1915 1390 1970 dicit
1419 1925 1471 1969 et
1500 1915 1611 1984 ipse
1640 1914 1892 1968 Dominus

302 2013 365 2067 in
393 2011 706 2081 Evangelio,
733 2025 852 2066 cum
878 2010 944 2065 de
968 2008 1212 2079 conjugio
1237 2008 1540 2076 loqueretur
1569 2024 1580 2059 :
1606 2005 1772 2077 Igitur
1778 2006 1893 2075 jam

304 2121 413 2158 non
442 2112 558 2157 sunt
585 2104 704 2167 duo,
735 2102 823 2157 sed
848 2118 949 2155 una
975 2118 1092 2155 caro
1121 2099 1330 2171 (Matth.
1359 2115 1468 2164 xxx,
1497 2098 1574 2167 6).
1603 2097 1716 2153 Una
1743 2112 1887 2163 caro,

304 2197 435 2267 quia
470 2196 539 2250 de
568 2202 749 2249 nostra
780 2194 1097 2248 mortalitate
1121 2208 1334 2247 carnem
1366 2191 1596 2259 suscepit
1622 2207 1640 2243 :
1664 2204 1768 2244 non
1800 2203 1891 2243 au-

306 2301 419 2344 tem
460 2303 563 2342 una
603 2287 883 2361 divinitas;
920 2286 1041 2356 quia
1081 2285 1168 2340 ille
1202 2285 1454 2346 Creator,
1498 2298 1594 2338 nos
1627 2290 1887 2338 creatura.

305 2379 578 2450 Quidquid
600 2379 754 2449 igitur
774 2379 1026 2434 Dominus
1047 2377 1281 2447 loquitur
1300 2393 1362 2430 ex
1387 2391 1608 2446 persona
1632 2383 1892 2446 suscepta:

302 2473 508 2537 carnis,
536 2478 592 2528 et
616 2472 681 2527 ad
708 2471 839 2527 illud
862 2480 1018 2541 caput
1040 2471 1265 2540 pertinet
1289 2470 1427 2539 quod
1446 2470 1553 2540 jam
1572 2468 1813 2525 ascendit
1838 2469 1890 2523 in

302 2565 530 2629 cmlum,
557 2572 612 2619 et
638 2564 703 2618 ad
734 2564 835 2618 ista
861 2562 1097 2618 membra
1121 2578 1237 2632 qua:
1260 2561 1431 2616 adhuc
1457 2561 1507 2615 in
1536 2568 1741 2615 terrena
1764 2575 1888 2629 per-

302 2657 639 2727 egrinatione
669 2656 909 2710 laborant
949 2673 961 2708 :
998 2670 1093 2724 pro
1119 2655 1308 2724 quibus
1334 2654 1694 2708 laborantibus
1716 2668 1887 2708 mem-

301 2749 452 2815 bris,
482 2763 601 2803 cum
631 2762 693 2802 ea
718 2747 908 2803 Saulus
934 2746 1328 2816 insequeretur,
1360 2746 1609 2799 clamavit
1635 2744 1702 2800 de
1729 2744 1886 2809 cmlo,

303 2840 493 2905 Saulc,
526 2840 702 2907 Saule,
729 2838 851 2909 quid
874 2855 953 2892 me
978 2839 1281 2908 persequeris
1303 2836 1439 2909 (Act.
1469 2851 1546 2900 Ix,
1574 2836 1667 2904 4)?
1693 2834 1890 2889 Audia-

300 2946 430 2986 mus
467 2946 595 3000 ergo
636 2930 941 2999 loquentem
983 2928 1260 2983 Dominum
1300 2927 1480 2981 Jesum
1525 2926 1793 2981 Christum
1832 2927 1886 2982 in

299 3020 606 3092 prophetia.
638 3018 841 3074 Cautati
870 3020 1011 3074 enim
1046 3027 1169 3073 sunt
1199 3018 1294 3087 ipsi
1324 3016 1519 3072 Psalmi
1552 3018 1708 3087 longe
1735 3027 1885 3073 ante-

298 3129 468 3184 quam
509 3111 761 3167 Dominus
790 3110 855 3166 de
892 3110 1052 3165 Maria
1090 3118 1396 3165 nasceretur
1418 3152 1432 3175 ,
1461 3125 1566 3165 non
1602 3119 1884 3180 antequam

300 3204 571 3259 Dominus
596 3210 739 3258 esset
765 3219 778 3255 :
809 3216 1021 3272 semper
1059 3202 1199 3257 enim
1238 3199 1456 3255 Creator
1483 3200 1752 3265 omnium;
1785 3201 1885 3254 ali-

301 3294 522 3366 quando
547 3301 723 3349 autem
748 3301 802 3348 et
831 3302 983 3346 natus
1008 3307 1070 3346 ex
1097 3301 1359 3346 creatura.
1389 3291 1721 3345 Divinitatem
1746 3291 1887 3345 illam

302 3386 607 3451 credamus,
636 3392 689 3438 et
716 3392 968 3453 quantum
996 3397 1307 3452 possumus,
1338 3382 1689 3451 intelligamus
1713 3398 1889 3452 mqua-

305 3478 413 3533 lem
458 3478 621 3531 Patri.
655 3476 757 3530 Sed
787 3476 875 3530 illa
903 3476 1151 3530 divinitas
1178 3474 1317 3528 Patri
1348 3474 1566 3543 aequalis
1592 3515 1605 3538 ,
1644 3472 1778 3528 facta
1805 3482 1889 3529 est

306 3570 574 3639 particeps
604 3578 798 3622 nostrae
824 3566 1180 3629 mortalitatis,
1212 3582 1316 3620 non
1347 3565 1411 3619 de
1436 3580 1551 3629 suo,
1583 3566 1675 3619 sed
1702 3565 1767 3620 de
1793 3582 1888 3620 no-

309 3671 455 3725 stro;
486 3669 543 3715 ut
573 3668 622 3713 et
650 3674 747 3713 nos
771 3658 1103 3713 efficeremur
1132 3657 1412 3726 participes
1437 3655 1723 3712 divinitatis
1745 3657 1883 3727 ejus,

310 3766 411 3805 non
442 3752 508 3805 de
539 3759 741 3812 nostro,
771 3750 863 3805 sed
894 3750 961 3805 de
992 3750 1175 3819 ipsius.

377 3843 429 3897 5.
476 3840 622 3912 [vers.
655 3841 729 3910 1.]
769 3839 1004 3906 Domine,
1040 3840 1258 3909 probasti
1288 3855 1381 3903 me,
1417 3848 1463 3893 et
1492 3842 1763 3910 cognovisti
1787 3857 1881 3895 me.

312 3934 458 3988 Dicat
484 3933 585 3987 hoc
611 3933 724 4002 ipse
750 3926 1001 3986 Dominus
1023 3927 1176 3986 Jesus
1206 3929 1467 3995 Christus,
1497 3932 1636 3987 dicat
1662 3941 1715 3986 et
1744 3934 1877 4002 ipse,

311 4026 525 4081 Domine
547 4067 560 4091 ,
593 4026 754 4080 Patri.
798 4025 908 4080 Non
940 4026 1080 4081 enim
1113 4025 1371 4080 Dominus
1398 4026 1514 4094 ejus
1546 4027 1699 4079 Pater
1728 4026 1842 4093 ejus
1866 4066 1880 4090 ,

309 4119 407 4173 nisi
440 4119 567 4187 quia
590 4117 833 4188 dignatus
862 4126 943 4172 est
973 4117 1116 4171 nasci
1146 4115 1435 4170 secundum
1465 4130 1701 4169 carnem.
1730 4115 1886 4169 Pater

308 4220 388 4267 est
426 4210 516 4263 Dei
542 4251 557 4275 ,
586 4208 841 4263 Dominus
870 4208 1120 4263 hominis.
1158 4207 1249 4262 Vis
1278 4221 1437 4261 nosse
1464 4206 1549 4261 cui
1580 4206 1735 4260 Pater
1760 4207 1884 4260 est?

308 4301 539 4371 Equali
564 4300 662 4355 sibi
697 4300 853 4354 Filio.
880 4300 1163 4369 Apostolus
1199 4298 1326 4353 dicit
1350 4315 1363 4352 :
1392 4298 1491 4365 Qui
1515 4316 1627 4352 cum
1648 4300 1699 4352 in
1721 4302 1885 4369 forma

307 4390 406 4445 Dei
433 4400 575 4457 esset,
610 4407 710 4445 non
737 4391 969 4460 rapinam
995 4389 1265 4443 arbitratus
1291 4398 1361 4444 est
1387 4406 1490 4444 esse
1518 4390 1724 4460 azqualis
1752 4388 1880 4443 Deo.

305 4483 441 4537 Huic
470 4483 650 4536 formae
680 4482 837 4536 Pater
865 4489 944 4535 est
972 4481 1109 4535 Deus
1133 4523 1148 4547 ,
1177 4481 1363 4549 aequali
1393 4481 1493 4535 sibi
1521 4481 1732 4546 form:e,
1762 4482 1880 4535 uni-

303 4576 485 4645 genito
499 4574 636 4628 Filio
650 4581 777 4628 nato
797 4573 863 4627 de
882 4573 1173 4627 substantia
1194 4586 1308 4627 sua.
1328 4572 1552 4641 Propter
1568 4588 1665 4626 nos
1683 4582 1880 4639 autem,

306 4672 364 4718 ut
394 4664 737 4719 reliceremur
760 4703 774 4727 ,
817 4671 870 4717 et
908 4662 1241 4717 efficeremur
1282 4662 1562 4732 participes
1597 4662 1884 4719 divinitatis

305 4758 423 4826 ejus
444 4797 458 4820 ,
489 4756 713 4826 reparati
740 4755 805 4810 ad
826 4756 986 4810 vitam
1013 4763 1265 4810 aeternam
1286 4796 1302 4821 ,
1330 4755 1450 4824 quia
1479 4754 1591 4825 ipse
1611 4797 1624 4819 ,
1658 4764 1715 4810 ut
1739 4756 1879 4823 dixi,

305 4851 476 4906 factus
517 4858 599 4905 est
635 4849 899 4919 particeps
929 4848 1265 4903 mortalitatis
1295 4856 1487 4903 nostra:
1510 4866 1524 4915 ;
1551 4849 1675 4919 quid
1702 4850 1768 4905 de
1794 4850 1884 4906 illo

305 4943 379 4997 ait
410 4939 691 5010 Apostolus
723 4940 825 5006 ibi,
854 4940 940 4994 ubi
968 4939 1208 5006 dixerat,
1254 4940 1350 5005 Qui
1375 4956 1489 4992 cum
1515 4941 1567 4992 in
1598 4944 1761 5011 forma
1786 4939 1883 4994 Dei

304 5043 448 5098 esset,
473 5048 571 5086 non
593 5032 823 5101 rapinam
846 5031 1115 5085 arbitratus
1138 5040 1210 5084 est
1229 5046 1331 5084 esse
1352 5029 1559 5100 aequalis
1590 5030 1694 5084 Deo
1712 5032 1737 5084 ?
1778 5031 1885 5086 Sed

302 5126 639 5195 semetipsum,
669 5124 856 5194 inquit,
885 5124 1176 5190 exinanivit,
1207 5126 1418 5193 formam
1444 5124 1569 5177 servi
1593 5125 1882 5193 accipiens;

303 5219 355 5285 in
380 5215 706 5269 similitudine
742 5214 1000 5267 hominum
1040 5218 1235 5284 factus,
1278 5222 1323 5266 et
1356 5213 1529 5267 habitu
1562 5214 1788 5268 inventus
1826 5225 1879 5268 ut

303 5310 452 5362 homo
472 5304 725 5376 (Philipp.
745 5305 875 5372 n,-6,
894 5306 973 5375 7).
994 5305 1120 5359 Erat
1139 5313 1313 5359 autem
1337 5306 1389 5360 in
1408 5304 1570 5360 forma
1597 5305 1684 5359 Dei
1707 5320 1882 5375 mqua-

302 5398 367 5452 lis
406 5397 581 5461 Patri;
620 5405 673 5451 et
711 5398 914 5466 accepit
952 5396 1176 5452 formam
1206 5396 1384 5464 servi,
1413 5412 1513 5467 qua
1540 5397 1714 5452 minor
1739 5405 1881 5452 esset

304 5488 478 5542 Patre.
511 5485 665 5545 Unde
692 5495 972 5557 utrumque
997 5487 1124 5543 dicit
1151 5488 1203 5542 in
1233 5488 1517 5557 Evangelio
1536 5529 1548 5552 ,
1581 5496 1662 5554 et,
1696 5486 1809 5558 Ego
1838 5496 1883 5542 et

304 5571 463 5625 Pater
488 5587 643 5624 unum
667 5586 837 5625 sumus
866 5571 1052 5641 (Joan.
1084 5588 1137 5636 ιι,
1170 5570 1312 5642 50);
1340 5581 1412 5651 et,
1444 5571 1695 5637 Quoniam
1728 5569 1883 5625 Pater

302 5666 571 5735 major.mo
594 5671 663 5717 est
692 5661 799 5733 (Id.
830 5678 942 5728 xxv,
971 5662 1083 5731 28).
1118 5662 1227 5733 Ego
1254 5672 1300 5717 et
1322 5662 1479 5718 Pater
1507 5680 1662 5717 unum
1688 5679 1878 5728 sumus,

302 5756 590 5811 semiudum
612 5755 833 5809 formam
864 5754 951 5807 Dei
980 5771 994 5818 ;
1020 5754 1172 5808 Pater
1192 5756 1355 5825 major
1376 5772 1453 5809 me
1473 5765 1565 5821 est,
1588 5754 1876 5810 secundum

301 5845 521 5900 formam
551 5844 707 5899 servi.
740 5842 889 5913 Ergo.
905 5843 1023 5912 quia
1049 5852 1102 5897 et
1129 5843 1282 5899 Pater
1308 5853 1355 5899 et
1382 5844 1629 5900 Dominus
1652 5852 1749 5909 est,
1776 5842 1872 5895 Pa~

1350 434 1742 491 ENARRATIO
1779 435 1843 490 ΙΝ
1883 433 2205 495 PSALMUM
2244 435 2574 496 CXXXVIII.

3448 445 3581 502 1786

2003 555 2083 601 ter
2106 548 2289 604 formas
2315 551 2430 621 Dei,
2461 541 2717 608 Dominus
2740 551 2923 609 formae
2944 555 3116 621 servi;
3140 554 3280 611 dicat
3299 570 3426 628 ergo
3446 558 3582 628 ipse,

2004 654 2101 694 nec
2131 642 2402 709 miremur,
2431 660 2528 700 nec
2552 646 2991 715 scandalizemur,
3016 650 3137 719 quia
3162 650 3326 706 Filius
3348 651 3441 707 Dei
3466 653 3583 706 uni-

2002 745 2097 785 cus
2124 732 2252 787 dicit
2276 752 2289 788 :
2316 734 2549 805 Domine,
2579 739 2804 808 probasti
2826 756 2923 807 me,
2953 750 3001 794 et
3026 742 3296 812 cognovisti
3316 760 3414 797 me.
3443 743 3581 798 Pro-

2002 822 2131 877 basti
2154 866 2168 890 ,
2200 835 2248 880 et
2288 830 2560 897 cognovisti
2588 847 2605 883 :
2630 847 2733 886 non
2765 832 2885 901 quia
2916 848 3021 888 non
3052 843 3268 889 noverat
3291 876 3306 900 ,
3339 836 3431 890 sed
3458 837 3580 907 quia

2001 922 2183 970 notum
2196 916 2314 972 aliis
2331 917 2547 974 fecerat.
2564 920 2800 976 Probasti
2816 940 2912 990 me,
2932 925 3118 994 inquit,
3135 934 3181 979 et
3195 928 3467 995 cognovisti
3480 945 3576 982 me.

2026 1012 2037 1018 ’
2071 1005 2125 1060 4.
2169 1005 2317 1077 [vers.
2344 1007 2424 1080 2.]
2467 1008 2543 1063 Tu
2572 1013 2841 1082 cognovisti
2869 1015 3133 1068 sessionem
3157 1033 3317 1070 meam
3342 1026 3388 1071 et
3412 1035 3581 1073 resur-

2000 1098 2269 1152 rectionem
2290 1101 2610 1169 meam.Quid
2640 1102 2726 1158 hic
2747 1104 2947 1159 sessio?
2966 1107 3091 1174 quid
3113 1108 3197 1162 hic
3218 1111 3580 1165 resurrectio?

2002 1188 2101 1255 Qui
2132 1190 2299 1259 sedet,
2327 1193 2571 1249 humiliat
2594 1211 2670 1250 se.
2698 1196 2850 1252 Sedit
2878 1213 3003 1267 ergo
3029 1198 3281 1254 Dominus
3306 1201 3357 1256 in
3380 1202 3580 1270 passio-

2002 1298 2090 1350 ne,
2122 1285 2353 1340 surrexit
2384 1286 2435 1341 in
2466 1290 2881 1344 resurrectione.
2913 1288 3011 1352 Tu,
3044 1290 3230 1359 inquit,
3262 1292 3365 1347 hoc
3393 1309 3578 1363 cogno-

2001 1373 2113 1427 visti
2136 1390 2154 1427 :
2180 1374 2231 1429 id
2270 1384 2388 1440 est,
2436 1384 2491 1430 tu
2533 1377 2778 1444 voluisti,
2814 1389 2867 1433 tu
2908 1380 3250 1448 approbasti;
3291 1382 3578 1435 secundum

1999 1465 2319 1520 voluntatem
2349 1474 2492 1521 tuam
2523 1466 2719 1522 factum
2750 1478 2851 1524 est.
2889 1469 2943 1524 Si
2974 1479 3149 1525 autem
3180 1471 3413 1525 volueris
3437 1471 3578 1525 acci-

2000 1570 2127 1624 pere
2155 1571 2337 1612 vocem
2375 1558 2561 1628 capitis
2596 1574 2662 1614 ex
2696 1574 2920 1628 persona
2951 1562 3191 1630 corporis
3215 1604 3230 1629 ,
3261 1561 3499 1616 dicamus
3527 1570 3581 1616 et

2000 1663 2099 1704 nos
2121 1691 2134 1715 ,
2180 1648 2257 1703 Tu
2294 1652 2567 1722 cognovisti
2603 1653 2870 1707 sessionem
2908 1670 3068 1707 meam
3098 1664 3143 1707 et
3172 1656 3579 1709 resurrectionem

2000 1756 2180 1794 meam.
2212 1740 2372 1796 Sedet
2400 1743 2541 1797 enim
2570 1742 2751 1809 homo,
2781 1744 2993 1813 quando
3023 1744 3264 1798 humiliat
3291 1759 3349 1799 se
3381 1745 3432 1798 in
3461 1760 3578 1814 pce-

2000 1829 2253 1893 nitentia;
2285 1831 2452 1900 surgit
2480 1840 2657 1885 autem
2687 1832 2924 1886 remissis
2951 1834 3200 1901 peccatis,
3233 1833 3443 1902 quando
3469 1833 3579 1888 eri-

1998 1919 2139 1989 gitur
2161 1920 2211 1974 in
2234 1934 2381 1990 spem
2400 1922 2523 1975 vita:
2543 1931 2775 1976 ceterum.
2802 1922 3085 1991 Propterea
3103 1930 3157 1978 et
3174 1923 3224 1977 in
3248 1924 3352 1977 alio
3376 1924 3578 1992 psalmo

1999 2009 2191 2065 dicitur
2220 2030 2233 2066 :
2265 2011 2471 2083 Surgite
2510 2025 2837 2083 posteaquam
2879 2013 3073 2068 sedistis
3098 2056 3112 2079 ,
3144 2016 3229 2083 qui
3266 2014 3582 2069 manducetis

2000 2122 2178 2175 panem
2199 2106 2385 2159 doloris
2406 2106 2575 2176 (Psal.
2594 2121 2774 2171 cxxvr,
2790 2104 2865 2177 2).
2890 2106 3084 2161 Panem
3103 2107 3301 2161 doloris
3314 2107 3550 2175 pteniten
3564 2136 3578 2146 -

2001 2206 2081 2252 tes
2110 2197 2450 2263 manducant,
2484 2200 2569 2268 qui
2597 2207 2811 2253 cantant
2838 2198 2891 2252 in
2912 2199 3014 2252 alio
3036 2198 3258 2266 psalmo,
3282 2207 3337 2252 et
3355 2198 3539 2252 dicunt
3564 2215 3575 2249 :

2002 2287 2177 2344 Factte
2200 2297 2313 2344 sunt
2335 2290 2458 2343 mihi
2480 2291 2716 2361 lacrymaz
2737 2306 2859 2345 mea:
2881 2291 3025 2360 panis
3048 2290 3127 2343 die
3155 2306 3212 2343 ac
3239 2299 3379 2343 nocte
3404 2288 3576 2358 (Psal.

2002 2393 2114 2444 XLI,
2146 2378 2226 2449 4).
2270 2379 2404 2446 Quid
2432 2389 2513 2434 est
2550 2396 2696 2450 ergo,
2741 2381 2947 2451 Surgite
2984 2389 3304 2452 posteaquam
3341 2381 3580 2434 sedistis?

1998 2468 2169 2524 Nolite
2193 2470 2433 2537 exaltari,
2470 2471 2569 2525 nisi
2601 2470 2856 2524 humiliati
2886 2471 3109 2525 fueritis.
3136 2471 3284 2526 Multi
3313 2471 3454 2525 enim
3483 2486 3578 2525 vo-

1998 2559 2114 2614 lunt
2142 2574 2378 2630 surgere,
2409 2569 2691 2631 antequam
2720 2561 2989 2626 sederint;
3021 2562 3203 2616 volunt
3222 2576 3281 2616 se
3302 2562 3474 2631 justos
3499 2561 3577 2616 νίς

1998 2652 2131 2720 deri,
2161 2662 2441 2724 antequam
2469 2663 2773 2723 peccatores
2798 2670 2859 2710 se
2882 2670 3002 2711 esse
3027 2655 3257 2710 confessi
3282 2655 3408 2710 sint.
3437 2655 3578 2724 Ergo

1998 2746 2042 2800 si
2070 2761 2135 2801 ex
2170 2760 2395 2815 persona
2422 2747 2607 2815 capitis
2633 2748 2799 2802 nostri
2821 2748 3018 2817 accipis
3041 2788 3054 2812 ,
3086 2748 3164 2802 sic
3189 2747 3425 2816 intellige
3455 2762 3469 2800 :
3498 2744 3578 2799 Tu

1998 2840 2266 2908 cognovisti
2289 2839 2741 2893 sessionem’meam
2762 2851 2806 2894 et
2826 2841 3235 2895 resurrectionem
3255 2856 3435 2906 meam,
3460 2854 3579 2909 pas-

1997 2929 2201 2985 sionem
2230 2945 2400 2985 meam
2423 2939 2476 2986 et
2498 2931 2943 2986 resurrectionem
2970 2946 3161 2987 meam.
3187 2931 3242 2986 Si
3264 2946 3326 2986 ex
3350 2944 3578 3001 persona

1996 3022 2235 3091 corporis
2265 3039 2278 3075 :
2310 3022 2383 3076 Tu
2408 3024 2681 3093 cognovisti
2707 3024 2977 3078 sessionem
3002 3039 3164 3077 meam
3188 3034 3235 3078 et
3261 3024 3578 3079 resurrectio-

1996 3129 2109 3167 nem
2150 3130 2353 3180 meam;
2398 3128 2575 3169 coram
2616 3114 2784 3169 oculis
2825 3115 2927 3170 tuis
2968 3122 3022 3169 et
3059 3123 3272 3184 peccata
3300 3108 3578 3169 confessus

1997 3220 2134 3271 sum,
2166 3213 2219 3259 et
2248 3216 2329 3258 tua
2358 3206 2523 3274 gratia
2548 3205 2869 3275 justilleatus
2898 3220 3035 3260 sum.

2066 3297 2118 3351 5.
2163 3294 2290 3367 [vers
2335 3296 2410 3367 3.]
2450 3296 2751 3351 Intellexisti
2779 3299 3096 3367 cogitationes
3123 3312 3257 3350 meas
3286 3297 3348 3350 de
3376 3297 3574 3365 longin-

1995 3402 2093 3456 quo
2121 3402 2138 3439 :
2163 3388 2387 3440 semitam
2430 3403 2592 3441 meam
2629 3396 2676 3442 et
2713 3387 2919 3441 limitem
2952 3404 3116 3441 nteant
3157 3388 3495 3456 investigasti,
3525 3396 3573 3440 et

1996 3495 2163 3534 omnes
2199 3480 2303 3535 vias
2344 3497 2482 3534 meas
2516 3481 2805 3549 prrevidisti.
2846 3480 2983 3548 Quid
3025 3488 3147 3547 est,
3179 3480 3240 3533 de
3265 3480 3575 3549 longinquo?

1995 3572 2126 3628 Cum
2156 3571 2329 3627 adhuc
2354 3572 2405 3627 in
2428 3574 2851 3644 peregrinatione
2876 3587 3014 3636 sum,
3042 3581 3324 3641 antequam
3344 3571 3409 3625 ad
3432 3572 3575 3626 illam

1996 3666 2218 3738 patriam
2261 3665 2505 3730 veniam,
2538 3674 2591 3719 tu
2630 3664 2921 3735 cognovisti
2961 3662 3334 3733 cogitationem
3374 3676 3573 3715 meam.

1994 3761 2220 3816 Attende
2247 3760 2390 3815 illum
2423 3758 2586 3812 filium
2613 3757 2871 3811 minorem
2895 3772 2909 3819 ;
2936 3756 3054 3824 quia
3085 3755 3197 3823 ipse
3224 3754 3383 3807 etiam
3408 3752 3576 3806 factus

1992 3863 2073 3906 est
2093 3865 2284 3919 corpus
2306 3847 2523 3912 Christi,
2549 3845 2781 3899 Ecclesia
2807 3844 2873 3898 de
2890 3843 3148 3898 Gentibus
3169 3841 3411 3897 veniens.
3436 3841 3575 3895 lerat
3666 3888 3669 3891 ,

1993 3942 2189 4011 quippe
2220 3940 2272 3993 in
2302 3936 2681 4007 longinquum'
2714 3934 2851 3987 lilius
2874 3932 3065 3986 minor.
3095 3932 3236 3986 Duos
3265 3930 3407 3985 enim
3435 3930 3573 3985 filios

1994 4033 2221 4089 habebat
2242 4030 2452 4101 quidam
2478 4024 2858 4097 paterfamilias
2883 4043 2895 4078 :
2920 4024 3089 4093 major
3111 4038 3215 4078 non
3240 4023 3393 4092 longe
3416 4023 3567 4087 ierat,

1993 4125 2084 4180 sed
2116 4126 2168 4178 in
2195 4137 2322 4193 agro
2348 4120 2684 4190 operabatur,
2732 4127 2786 4170 et
2811 4115 3071 4184 significat
3099 4122 3309 4169 sanctos
3349 4113 3403 4167 in
3429 4113 3571 4182 Lege

1991 4215 2245 4270 facientes
2275 4226 2434 4281 opera
2464 4219 2519 4265 et
2558 4216 2817 4279 praecepta
2848 4205 3021 4275 Legis.
3055 4205 3235 4261 Genus
3260 4212 3437 4259 autem
3474 4205 3571 4258 hu-

1993 4320 2206 4361 manum
2237 4303 2376 4374 quod
2406 4301 2732 4358 deflexerat”
2764 4299 2814 4354 in
2861 4298 3120 4353 idolorum
3168 4297 3425 4351 culturam
3449 4337 3463 4360 ,
3514 4295 3568 4349 in

1992 4396 2278 4466 longinquo
2304 4394 2473 4448 fuerat
2503 4391 2914 4462 peregrinatum.
2938 4388 3073 4455 Quid
3098 4396 3201 4441 tam
3232 4388 3388 4457 longe
3410 4385 3477 4441 ab
3504 4400 3570 4441 eo

1991 4487 2081 4558 qui
2110 4486 2234 4541 fecit
2260 4494 2341 4551 te,
2391 4498 2547 4554 quam
2578 4482 2885 4552 ﬁgmentum
2912 4478 3052 4549 quod
3096 4478 3187 4533 tibi
3215 4477 3328 4547 ipse
3355 4477 3568 4531 fecisti?

1992 4576 2265 4637 Profectus
2293 4583 2375 4631 est
2415 4590 2540 4645 ergo
2581 4572 2719 4628 ﬁlius
2758 4573 2931 4626 minor
2962 4571 3013 4623 in
3044 4569 3315 4639 regionem
3363 4566 3569 4635 longin-

1992 4682 2166 4737 quam,
2199 4675 2416 4735 portans
2443 4644 2623 4719 secum
2653 4661 3001 4717 substantiam
3030 4673 3201 4721 suam,
3228 4666 3279 4711 et
3309 4658 3445 4711 sicut
3470 4670 3567 4710 no-
3618 4644 3625 4680 λ

1991 4757 2163 4812 vimus
2192 4757 2245 4810 in
2290 4754 2603 4824 Evangelio,
2654 4752 2931 4822 dissipavit
2970 4764 3085 4804 eam
3129 4749 3307 4801 vivens
3347 4745 3565 4815 prodige

1991 4864 2109 4904 cum
2140 4846 2539 4911 meretricibus;
2571 4852 2625 4899 et
2649 4843 2840 4897 famem
2874 4854 3058 4909 passus
3084 4835 3337 4906 applicuit
3363 4849 3422 4889 se
3447 4836 3565 4888 cui-
3605 4844 3613 4894 _‘

1989 4940 2109 4995 dam
2152 4936 2375 5009 principi
2405 4936 2637 5006 regionis
2672 4934 2840 4997 illius;
2872 4939 2923 4985 et
2952 4930 3039 4983 ille
3077 4942 3198 4983 eum
3227 4925 3402 4996 porcis
3440 4939 3562 4993 pas-

1990 5032 2170 5089 cendis
2196 5029 2501 5101 prmposuit,
2528 5026 2595 5081 de
2621 5038 2843 5094 quorum
2869 5020 3074 5090 siliquis
3101 5018 3121 5050 ³
3147 5016 3393 5088 cupiebat
3420 5024 3564 5071 satu-

1990 5126 2123 5191 rari,
2158 5139 2254 5178 nec
2294 5129 2521 5191 poterat.
2552 5117 2675 5171 Post
2701 5114 2962 5178 laborem,
2992 5120 3046 5165 et
3084 5111 3319 5165 trituram
3342 5150 3357 5175 ,
3388 5117 3441 5163 et
3473 5107 3563 5161 tri-

1991 5215 2334 5279 bulationem,
2362 5220 2413 5266 et
2438 5216 2745 5279 egestatem,
2778 5204 2918 5275 venit
2948 5202 3021 5256 illi
3050 5202 3099 5256 in
3129 5209 3359 5256 mentem
3389 5207 3559 5269 pater,

1990 5316 2043 5362 et
2068 5305 2234 5360 voluit
2269 5303 2477 5365 redire;
2507 5309 2560 5355 et
2585 5298 2662 5352 sic
2687 5297 2795 5350 ait:
2829 5294 3070 5365 Surgam,
3102 5301 3143 5347 et
3174 5292 3252 5345 ibo
3276 5292 3342 5345 ad
3370 5301 3559 5361 patrem

1990 5412 2173 5451 meum.
2206 5393 2447 5464 Surgam,
2474 5390 2638 5452 dixit;
2671 5386 2882 5442 sederat
2901 5386 3062 5441 enim.
3086 5384 3214 5455 Ejus
3234 5399 3358 5454 ergo
3379 5398 3558 5437 vocem

1989 5489 2076 5544 hic
2104 5500 2329 5558 agnosce
2353 5483 2596 5549 dicentis,
2632 5479 2708 5534 Tu
2733 5478 3003 5551 cognovisti
3025 5479 3291 5534 sessionem
3318 5490 3477 5529 meam
3511 5482 3557 5526 ct

2053 5604 2069 5634 ί
2096 5602 2429 5712 ῗιὶιῖιιιοένωῗςη
2455 5602 2567 5649 erat
2589 5598 2761 5663 quippe
2797 5597 2847 5647 in
2885 5595 3171 5660 longinquo:
3198 5600 3248 5643 et
3271 5588 3409 5654 paulo
3431 5593 3558 5652 post,

2053 5677 2080 5712 n
2112 5676 2174 5712 on
2209 5676 2234 5710 e
2311 5677 2340 5711 a
2367 5698 2377 5710 .

1989 5677 2080 5713 non
2099 5668 2234 5725 longe
2256 5668 2377 5712 erat.

2051 5728 2070 5756 ²
2095 5727 2166 5773 sic
2190 5723 2355 5784 plures
2375 5730 2479 5773 Mss.
2508 5723 2616 5772 Edd.
2645 5734 2782 5781 vero,
2810 5720 3094 5784 deﬂuxerat.

2053 5788 2072 5818 ³
2098 5779 2269 5895 Ἧοὶῖιυ.
2309 5794 2359 5836 et
2381 5792 2488 5837 Lov.
2527 5786 2719 5845 addunt,
2746 5779 2789 5834 et
2814 5779 3210 5843 reliquiis:quod
3251 5785 3346 5827 Am.
3382 5789 3424 5829 et
3452 5785 3559 5827 Mss.

2053 5862 2086 5895 in
2144 5860 2169 5895 a
2194 5856 2308 5895 ient.

1994 5862 2086 5897 non
2112 5856 2308 5897 habent.
