4084 6442
504 355 640 409 1787

500 467 905 520 resurrectionem
933 482 1110 518 meam.
1145 464 1266 521 Sedi
1295 466 1345 519 in
1377 474 1629 535 egestate,
1660 467 1867 523 snrrcxi
1895 468 1945 520 in
1972 468 2067 521 de-

502 557 700 613 siderio
741 559 889 627 panis
925 558 1020 611 tui.
1050 557 1352 612 Intellexisti
1372 560 1694 628 cogitationes
1715 576 1848 613 meas
1876 561 1935 614 tle
1961 561 2070 614 lon-

498 649 702 718 ginquo.
734 648 914 719 Longe
940 649 1079 702 enim
1111 664 1254 703 eram
1284 648 1584 718 profectus;
1618 650 1709 704 scd
1741 650 1826 704 ubi
1854 666 1959 705 non
1988 660 2071 707 est

454 722 461 728 ’
498 755 654 809 quem
674 739 1049 793 deserueram?
1071 739 1370 793 Intellexisti
1390 741 1713 809 cogitationes
1730 758 1864 794 meas
1881 742 1945 795 de
1960 742 2070 796 lon-

494 832 696 901 ginqua.
741 828 1023 898 Propterea
1068 829 1145 884 sic
1191 829 1318 885 dicit
1362 829 1615 884 Dominus
1659 830 1710 884 in
1743 830 2064 900 Evangelio,

492 923 612 992 quia
643 923 856 975 occurrit
882 923 958 975 illi
983 933 1123 991 pater
1152 924 1363 977 venienti
1389 923 1537 993 (an.
1562 940 1648 989 xv,
1676 924 1877 996 11-20).
1906 925 2063 994 Vere,

489 1012 610 1081 quia
642 1011 984 1068 intellexerat
1020 1014 1365 1082 cogitationes
1392 1014 1506 1083 ejus
1537 1014 1603 1069 de
1632 1016 1937 1087 longinquo.
1968 1017 2065 1072 Se-

489 1106 663 1157 mitam
692 1122 854 1158 meam
893 1115 937 1159 et
976 1106 1178 1159 limitem
1216 1122 1381 1159 meum
1418 1107 1740 1177 investigasti.
1785 1108 2060 1175 Semitam,

486 1194 677 1264 inquit,
710 1211 911 1248 meam:
942 1212 1120 1265 quam,
1154 1196 1254 1250 nisi
1283 1197 1496 1263 malam,
1529 1212 1685 1266 quam
1717 1197 1804 1253 ille
1830 1197 2064 1253 ambula-

486 1294 655 1350 vcrat,
689 1292 745 1338 ut
772 1292 972 1353 patrem
998 1283 1285 1351 desereret,
1311 1287 1459 1355 quasi
1487 1286 1725 1341 occultus
1748 1302 1864 1342 esse
1884 1296 2065 1357 posset

486 1374 553 1428 ab
578 1376 742 1429 oculis
768 1374 1083 1430 vindicantis
1106 1394 1119 1441 ;
1144 1385 1235 1430 aut
1264 1391 1389 1431 vero
1414 1377 1465 1431 in
1500 1377 1585 1431 illa
1614 1387 1848 1448 egestate
1873 1388 2059 1436 conte-

484 1475 713 1533 reretur,
739 1474 831 1520 aut
858 1481 1048 1536 porcos
1075 1482 1290 1536 pascere
1316 1479 1621 1537 poneretur,
1650 1471 1748 1524 nisi
1775 1480 1926 1540 pater
1952 1472 2061 1526 vel-

482 1556 555 1610 let
584 1557 848 1625 ﬂagellare
878 1557 1220 1627 longinquum
1241 1600 1256 1624 ,
1290 1567 1347 1613 ut
1375 1561 1635 1628 reciperet
1668 1562 2059 1632 propinquum?

481 1645 621 1715 Ergo
665 1655 913 1715 tanquam
961 1647 1322 1716 deprehensus
1367 1648 1651 1718 fugitivus,
1702 1660 1956 1721 sequente
1999 1665 2058 1707 se

478 1736 709 1790 vindicta
754 1736 983 1806 legitima
1029 1738 1158 1803 Dei,
1201 1739 1514 1795 vindicantis
1542 1741 1593 1794 in
1624 1740 1930 1797 affectiones
1956 1757 2054 1797 no-

478 1835 648 1892 stras,
696 1841 1024 1896 quacumque
1071 1828 1287 1881 ierimus
1326 1837 1380 1883 et
1420 1845 1752 1900 quocumque
1790 1832 2055 1901 progressi

478 1916 732 1971 fuerimus
764 1919 813 1981 ¹;
844 1926 1087 1987 tanquam
1122 1932 1249 1989 ergo
1286 1919 1650 1989 deprehensus
1689 1920 1941 1991 fugitivus
1968 1923 2047 1975 lo-

479 2007 693 2076 quitur:
727 2007 969 2062 Sentitam
998 2024 1192 2075 meam,
1225 2019 1270 2063 et
1298 2010 1504 2064 limitem
1534 2028 1696 2065 meum
1725 2012 2047 2081 investigasti.

475 2098 610 2165 Quid
642 2106 754 2163 est,
799 2100 1027 2152 semitam
1056 2100 1390 2167 meam?Qua
1424 2100 1690 2170 profectus
1731 2117 1867 2157 sum.
1917 2101 2051 2168 Quid

475 2197 588 2252 est,
635 2189 842 2242 limitem
888 2192 1092 2243 meum?
1136 2191 1251 2257 Quo
1298 2208 1464 2261 usque
1514 2195 1750 2261 perveni.
1805 2195 2051 2249 Semitam

475 2288 698 2331 meamet
717 2279 923 2333 limitem
940 2289 1102 2333 meum
1120 2282 1446 2352 inuestigasti.
1466 2283 1643 2339 Limes
1662 2300 1808 2339 meus
1831 2286 1920 2341 ille
1937 2287 2053 2341 lon-

472 2371 697 2440 ginquus
716 2385 818 2424 non
841 2371 937 2425 fuit
955 2371 1109 2441 longe
1126 2373 1191 2427 ab
1204 2374 1371 2427 oculis
1394 2376 1494 2428 tuis
1517 2393 1527 2428 :
1553 2376 1771 2430 multum
1793 2381 1975 2443 ieram,
1996 2386 2050 2433 et

472 2468 527 2514 tu
550 2459 618 2513 ibi
642 2476 778 2514 eras.
806 2459 1051 2515 Semitam
1071 2478 1232 2516 nteant
1251 2473 1295 2517 et
1318 2464 1522 2517 limitem
1544 2482 1704 2518 meum
1721 2468 2044 2538 investigasti.

548 2552 599 2605 6.
630 2549 775 2622 [vers.
805 2549 882 2622 4.]
933 2550 1000 2605 Ει
1037 2569 1207 2606 omnes
1257 2555 1363 2608 vias
1412 2572 1547 2610 meas
1596 2557 1885 2626 praevidisti.
1936 2558 2046 2613 Non

471 2641 641 2708 dixit,
670 2640 845 2695 vidisti
871 2659 884 2706 ;
914 2642 1006 2697 sed
1031 2682 1049 2709 ,
1082 2643 1373 2713 prtevidisti.
1425 2644 1714 2714 Antequam
1755 2662 1845 2702 eas
1872 2647 2002 2703 irem
2028 2691 2043 2715 ,

472 2738 750 2799 antequam
773 2745 863 2785 eas
892 2731 1221 2787 ambularem
1250 2776 1263 2798 ,
1318 2734 1605 2804 prtcvidisti
1630 2751 1759 2802 eas;
1822 2746 1875 2792 ct
1922 2753 2044 2807 per-

470 2826 657 2879 misisti
683 2840 770 2879 me
803 2826 853 2879 in
883 2825 1060 2881 labore
1085 2828 1160 2881 ire
1187 2828 1297 2882 vias
1330 2844 1475 2883 meas
1495 2872 1508 2894 ,
1537 2830 1655 2884 utsi
1679 2831 1872 2885 nollem
1902 2831 2045 2887 labo-

471 2929 620 2981 rare,
649 2914 879 2969 redirem
908 2916 959 2968 in
989 2916 1099 2969 vias
1122 2926 1256 2969 tuas.
1317 2918 1568 2984 Quoniam
1598 2936 1695 2973 non
1725 2930 1794 2973 est
1826 2921 1970 2974 dolus
1995 2922 2047 2975 in

474 3006 647 3076 lingua
676 3022 804 3060 mea.
830 3006 1005 3074 Quare
1034 3008 1133 3061 hoc
1176 3008 1347 3063 dixit?
1377 3009 1504 3077 Quia
1547 3027 1672 3067 ecce
1700 3013 1866 3067 fateor
1916 3013 2006 3068 tibi
2030 3031 2043 3079 ;

470 3097 738 3151 ambulavi
791 3098 1031 3152 semitam
1071 3112 1242 3153 meam
1269 3140 1283 3163 ,
1329 3099 1498 3156 factus
1528 3116 1642 3156 sum
1673 3103 1986 3173 longinquus
2014 3119 2043 3157 a

468 3197 555 3251 te;
586 3187 808 3242 discessi
840 3202 865 3239 a
901 3196 949 3242 te
970 3229 983 3253 ,
1017 3203 1136 3242 cum
1160 3203 1266 3259 quo
1296 3189 1426 3243 mihi
1467 3192 1602 3248 bene
1628 3202 1740 3247 erat
1762 3236 1776 3257 ,
1821 3203 1873 3248 et
1902 3194 2041 3249 bono

468 3296 589 3336 meo
618 3281 753 3336 male
776 3281 903 3335 mihi
933 3280 1030 3335 fuit
1056 3282 1171 3336 sine
1202 3291 1272 3337 te.
1303 3283 1433 3337 Nam
1482 3286 1524 3338 si
1555 3286 1680 3339 mihi
1726 3285 1861 3341 bene
1903 3296 2044 3341 esset

469 3373 585 3426 sine
613 3380 662 3427 te
688 3414 701 3438 ,
735 3374 929 3427 nollem
956 3372 1175 3428 forsitan
1204 3374 1380 3429 redire
1408 3376 1473 3430 ad
1507 3386 1575 3431 te.
1604 3378 1743 3447 Ergo
1783 3378 1879 3432 iste
1908 3393 2039 3432 con-

465 3462 622 3516 fitens
650 3470 861 3529 peccata
890 3477 1005 3528 sua,
1029 3462 1211 3517 dicens
1231 3479 1420 3534 corpus
1442 3465 1634 3521 Christi
1661 3467 2000 3535 justilicatum
2025 3511 2037 3535 ,

471 3567 575 3605 non
607 3553 657 3606 in
690 3568 747 3606 se
774 3594 787 3617 ,
820 3552 913 3606 sed
946 3552 996 3605 in
1026 3553 1164 3608 illius
1202 3555 1366 3623 gratia
1387 3595 1401 3622 ,
1435 3556 1597 3623 dixit,
1634 3556 1751 3610 Non
1781 3568 1853 3612 est
1894 3558 2041 3612 dolus

465 3644 515 3696 in
543 3644 713 3713 lingua
738 3659 864 3695 mea.

535 3737 586 3789 7.
605 3734 754 3807 [νει-δ.
785 3734 863 3807 5.]
886 3735 1014 3789 Ecce
1043 3746 1114 3804 tu,
1138 3735 1373 3804 Domine,
1399 3738 1667 3807 cognovisti
1686 3740 1851 3792 omnia
1877 3740 2041 3793 novis-

466 3828 593 3881 sima
640 3836 687 3879 et
725 3828 951 3896 antiqua.
1004 3826 1305 3897 Cognovisti
1336 3827 1619 3881 novissima
1646 3842 1783 3894 mea,
1829 3828 2039 3898 quando

469 3932 657 3986 porcos
709 3918 831 3987 pavi
860 3934 874 3978 ;
929 3918 1218 3987 cognovisti
1261 3919 1476 3988 antiqua
1506 3933 1623 3974 mea
1647 3961 1661 3987 ,
1693 3920 1902 3990 quando
1929 3934 1955 3973 a
1990 3931 2041 3976 te

470 4018 674 4078 partem
701 4008 1010 4064 substantiae
1040 4023 1171 4062 meae
1202 4009 1456 4078 expetivi.
1506 4010 1730 4079 Antiqua
1773 4010 1899 4064 mihi
1929 4009 2042 4065 fue-

465 4111 587 4157 runt
616 4100 829 4156 exordia
858 4102 1114 4155 malorum
1145 4102 1572 4156 novissimorum.
1606 4102 1891 4172 Antiquum
1917 4118 2039 4172 pec-

463 4202 662 4254 catum,
687 4191 897 4261 quando
919 4191 1051 4261 lapsi
1079 4206 1281 4257 sumus;
1302 4192 1589 4247 novissima
1621 4206 1798 4262 poena,
1824 4192 2036 4262 quando

464 4283 517 4335 in
574 4282 727 4334 istam
774 4280 1148 4334 mortalitatem
1212 4280 1529 4335 laboriosam
1583 4280 2037 4350 periculosamque

465 4370 823 4440 pervenimus.
852 4369 1024 4437 Atque
1050 4365 1247 4423 utinam
1281 4369 1431 4423 nobis
1480 4370 1575 4423 ista
1616 4369 1683 4423 sit
1709 4369 1992 4424 novissima
2022 4372 2033 4424 !

464 4463 576 4516 Erit
603 4462 701 4516 ista
732 4458 1057 4523 novissima,
1086 4461 1130 4512 si
1174 4460 1281 4529 jam
1316 4460 1507 4525 jredire
1559 4461 1902 4515 voluerimus.
1942 4460 2040 4515 Est

370 4556 375 4563 ’
463 4554 603 4608 enim
632 4552 732 4606 alia
762 4550 1072 4622 quibusdam
1106 4550 1279 4618 impiis
1304 4551 1587 4606 novissima
1608 4591 1624 4617 ,
1657 4551 1844 4620 quibus
1892 4551 2037 4606 dice-

462 4654 548 4699 tur
580 4662 591 4697 :
626 4643 705 4699 Ite
731 4644 783 4697 in
812 4643 977 4712 ignem
1005 4649 1242 4695 aeternum
1265 4683 1279 4709 ,
1305 4643 1389 4712 qui
1416 4650 1727 4711 prteparatus
1747 4651 1821 4695 est
1840 4641 2039 4695 diabolo

462 4747 507 4791 et
537 4736 726 4808 angelis
753 4736 860 4805 ejus
884 4736 902 4805 (
926 4734 1112 4788 Matth.
1144 4750 1274 4801 xxv,
1305 4735 1364 4788 41
1400 4733 1439 4805 ).
1460 4734 1575 4803 ¹Νοςι
1596 4744 1791 4800 autem,
1824 4734 2025 4791 fratres

466 4830 572 4883 huc
600 4835 766 4898 uSque
787 4827 1119 4882 deseruimus
1148 4828 1313 4881 Deum
1349 4845 1360 4880 :
1391 4842 1555 4897 usque
1599 4827 1666 4881 ad
1715 4827 1873 4897 huius
1916 4836 2037 4883 vitae

462 4920 837 4975 mortalitatem
871 4918 1101 4974 sufficiat
1126 4919 1275 4974 labor
1324 4927 1524 4975 noster.
1556 4918 1915 4975 Recordemur
1945 4934 2037 4990 pa-

468 5028 587 5068 nem
616 5010 789 5068 Patris
837 5012 1038 5079 nostri,
1087 5012 1385 5067 recolamus
1417 5011 1794 5067 beatitudinem
1845 5012 2036 5068 domus

464 5106 630 5174 patris
669 5104 875 5171 nostri;
908 5119 1011 5159 non
1043 5119 1142 5159 nos
1181 5103 1444 5159 delectent
1471 5104 1673 5174 siliqua:
1720 5118 1997 5173 porcorum
2019 5146 2033 5167 ,

462 5196 717 5251 doctrina:
747 5197 1152 5251 daemoniorum.
1188 5195 1316 5251 Ecce
1342 5206 1395 5249 tu
1418 5238 1430 5262 ,
1478 5196 1695 5251 Domine
1716 5238 1730 5264 ,
1759 5199 2034 5269 cognovisti

460 5288 630 5341 omnia
653 5288 919 5345 novissima
948 5298 993 5341 et
1021 5289 1228 5359 antiqua
1258 5306 1270 5342 :
1304 5289 1573 5342 novissinta
1597 5330 1611 5355 ,
1644 5304 1749 5359 quo
1776 5290 1991 5358 perveni
2018 5308 2029 5355 ;

462 5376 700 5450 antiqua,
728 5376 814 5432 ubi
839 5386 889 5431 te
910 5377 1123 5432 offendi.
1155 5377 1233 5431 Tu
1251 5379 1439 5446 [inriin
1465 5395 1560 5445 me,
1589 5388 1631 5432 et
1657 5380 1868 5449 posuisti
1887 5395 2037 5450 super

460 5488 538 5524 me
566 5486 770 5525 manum
793 5477 946 5524 tuam.
975 5468 1192 5523 Finxisti
1220 5485 1296 5523 me
1319 5485 1335 5523 :
1360 5470 1473 5525 ubi?
1488 5469 1541 5524 In
1572 5470 1669 5525 ista
1696 5470 2032 5537 mortalitate;

458 5579 566 5633 )am
596 5564 660 5620 ad
692 5563 935 5629 labores,
987 5561 1051 5617 ad
1079 5578 1211 5631 quos
1265 5577 1449 5617 omnes
1503 5563 1609 5617 nati
1664 5578 1868 5620 sumus.
1923 5565 2033 5619 Non

528 5703 541 5731 ¹
566 5707 619 5809 La
642 5699 754 5748 Edd.
781 5707 904 5762 post,
930 5697 1179 5762 fuerimus,
1201 5698 1414 5759 additur;
1431 5700 1727 5762 agnoscimur
1751 5713 1765 5749 .-
1783 5700 2035 5762 redundat,

538 5778 562 5809 a
602 5768 675 5809 est
692 5774 716 5809 a
734 5768 839 5809 Mss.

467 5770 514 5810 Cl
538 5768 675 5809 8508i.
692 5774 716 5809 ζ]
734 5768 839 5811 MSS.

1738 357 1789 410 S.
1834 355 2196 412 AUGUSTINI
2240 358 2538 417 EPISCOPI

3634 376 3758 432 1783

2184 470 2323 525 enim
2348 473 2624 542 quisquam
2655 475 2910 542 nascitur,
2958 477 3059 534 nisi
3085 493 3241 549 quem
3272 480 3410 536 Deus
3443 481 3659 539 ﬁtixerit
3712 490 3759 540 in

2179 570 2327 616 utero
2354 565 2538 617 matris
2564 580 2671 620 sua:
2694 583 2709 632 ;
2734 575 2826 621 aut
2856 568 2960 622 ulla
2990 580 3348 642 creaturaest
3371 574 3525 643 cujus
3548 591 3654 631 non
3681 590 3762 633 est

2176 650 2264 705 ille
2294 653 2601 721 plasmator.
2627 654 2728 711 Sed
2760 657 2951 725 ﬁnxisti
2980 674 3059 713 me
3095 660 3147 714 in
3196 661 3297 716 isto
3339 663 3520 719 labore
3550 682 3565 719 :
3592 676 3642 719 et
3670 683 3760 735 po.

2174 741 2318 793 suisti
2346 759 2497 811 super
2523 760 2599 797 me
2627 762 2828 799 manum
2855 756 3035 813 tuam;
3062 748 3323 805 vindicem
3370 767 3609 819 manum,
3643 771 3762 825 gra-

2175 836 2383 878 vantem
2413 828 2718 896 superbum.
2743 829 2816 884 Ita
2838 832 2978 886 enim
3008 832 3292 889 salubriter
3313 835 3503 905 dejecit
3533 838 3757 905 elatum,

2174 924 2232 969 ut
2258 917 2423 988 erigat
2450 918 2728 978 humilem.
2772 921 2851 977 Tu
2879 924 3076 992 ﬁnxisti
3105 943 3184 980 me
3205 967 3219 992 ,
3265 938 3311 982 et
3345 931 3559 998 posuisti
3606 949 3760 1004 super

2173 1022 2251 1060 me
2279 1023 2479 1060 ntanum
2508 1018 2667 1064 tuam.

2241 1097 2292 1151 8.
2327 1096 2474 1170 [vers.
2508 1098 2583 1171 6].
2610 1099 2883 1170 Miriﬁcata
2911 1113 2985 1159 est
3010 1106 3220 1160 scientia
3257 1115 3342 1162 tua
3366 1127 3428 1165 ea:
3463 1129 3585 1167 me:
3610 1114 3757 1168 inea-

2171 1186 2303 1251 luit;
2340 1204 2437 1240 non
2486 1198 2659 1257 potero
2700 1191 2767 1243 ad
2812 1191 2978 1248 illaut.
3022 1195 3235 1265 Aliquid
3278 1198 3418 1267 quod
3462 1201 3753 1258 obscurum

2168 1275 2379 1342 quidem
2408 1287 2510 1343 est,
2534 1278 2626 1334 sed
2649 1294 2768 1334 cum
2801 1296 2903 1337 non
2931 1297 3090 1354 parva
3113 1285 3397 1344 dulcedine
3417 1291 3751 1363 intelligitur,

2166 1365 2501 1423 advertentes
2528 1369 2722 1425 audite.
2746 1371 2955 1443 Moyses
2976 1384 3193 1431 sanctus
3224 1379 3314 1433 Dei
3343 1379 3589 1448 famulus,
3624 1399 3750 1439 cum

2166 1470 2270 1524 quo
2298 1456 2613 1527 loquebatur
2642 1460 2782 1516 Deus
2835 1478 2930 1533 per
2956 1466 3182 1534 nubem,
3232 1471 3356 1539 quia
3384 1476 3753 1542 temporaliter

2166 1545 2385 1615 loquens
2404 1548 2585 1618 utique
2615 1565 2711 1620 per
2736 1563 3059 1623 assumptum
3085 1567 3379 1614 creaturam
3430 1562 3754 1632 loquebatur

2163 1649 2316 1691 servo
2339 1652 2469 1704 suo;
2503 1639 2555 1693 id
2585 1648 2695 1707 est,
2728 1656 2833 1697 non
2884 1659 2980 1713 per
3026 1646 3373 1703 substantiam
3412 1666 3560 1707 suam
3586 1697 3603 1722 ,
3650 1656 3746 1711 sed

2163 1741 2259 1795 per
2281 1737 2601 1798 assumptum
2630 1731 2862 1801 aliquam
2889 1737 3221 1804 corporalem
3262 1749 3559 1797 creaturam
3588 1786 3601 1809 ,
3649 1761 3748 1815 per

2162 1831 2317 1886 quam
2348 1835 2506 1875 voces
2536 1820 2638 1875 illa:
2663 1821 2874 1891 fierent,
2900 1834 2955 1879 et
2976 1825 3222 1883 humanis
3241 1838 3401 1901 atque
3429 1835 3744 1891 mortalibus

2160 1909 2375 1965 auribus
2404 1921 2749 1980 personarent
2782 1914 2891 1984 (Sic
2916 1918 3057 1971 enim
3092 1920 3403 1989 loquebatur
3429 1932 3557 1980 tunc
3580 1926 3739 1994 Deus,

2160 2014 2264 2052 non
2295 2000 2560 2069 quomodo
2592 1998 2826 2071 loquitur
2872 2004 2924 2058 in
2955 2006 3253 2063 substantia
3298 2025 3416 2067 sua.
3458 2012 3743 2079 Quomodo

2159 2091 2297 2144 enim
2330 2092 2559 2161 loquitur
2588 2092 2640 2147 in
2671 2094 2961 2151 substantia
2992 2099 3127 2152 sua?
3156 2099 3379 2158 Locutio
3431 2104 3524 2160 Dei
3551 2148 3567 2170 ,
3600 2107 3735 2162 Ver-

2158 2182 2281 2237 bum
2315 2184 2407 2237 Dei
2432 2194 2533 2251 est;
2553 2185 2786 2241 Verbum
2818 2188 2911 2243 Dei
2940 2190 3186 2246 Christus
3207 2203 3289 2248 est
3314 2212 3325 2248 :
3350 2195 3583 2252 Verbum
3609 2200 3733 2255 illud

2157 2286 2261 2326 non
2288 2282 2441 2327 sonat
2493 2282 2547 2329 et
2595 2276 2816 2342 transit,
2854 2277 2947 2332 sed
2974 2294 3186 2349 semper
3233 2283 3737 2357 incommutwiliter

2156 2369 2334 2416 manet
2364 2358 2585 2417 Verbum
2612 2404 2625 2428 ,
2661 2380 2757 2433 per
2785 2368 2924 2435 quod
2975 2367 3113 2423 facta
3159 2381 3283 2426 sunt
3327 2375 3503 2429 omnia
3534 2377 3730 2447 (Joan.

2156 2465 2192 2516 ι,
2225 2450 2315 2520 5).
2346 2450 2442 2506 Cui
2472 2452 2647 2508 Verbo
2677 2454 2871 2510 dicitur
2897 2456 3046 2528 (ipsa
3077 2466 3157 2514 est
3194 2463 3336 2516 enim
3383 2474 3437 2519 et
3465 2465 3734 2535 Sapientia

2155 2538 2270 2609 Dei)
2299 2558 2312 2606 ;
2346 2540 2566 2596 Mutabis
2592 2560 2674 2612 ea,
2703 2554 2750 2598 et
2772 2549 3137 2613 mutabuntur;
3178 2560 3230 2605 tu
3278 2563 3445 2608 autem
3470 2556 3604 2611 idem
3630 2559 3739 2628 ipse

2153 2645 2204 2684 es
2232 2630 2250 2701 (
2275 2629 2416 2685 Psal.
2447 2648 2520 2699 Cl,
2549 2633 2639 2698 27,
2672 2634 2741 2690 28
2774 2636 2791 2706 )
2824 2655 2835 2691 :
2866 2646 2917 2692 et
2946 2638 3052 2694 alio
3084 2640 3201 2696 loco
3227 2642 3294 2697 de
3320 2644 3587 2714 Sapientia
3613 2665 3731 2704 cum

2153 2720 2421 2792 Scriptura
2475 2724 2708 2782 diceret:
2764 2728 2830 2783 In
2874 2732 3041 2800 seipsa
3083 2750 3330 2803 manens,
3362 2739 3476 2806 ait,
3528 2741 3733 2795 innovat

2153 2814 2511 2887 omnia(Sap.
2554 2835 2646 2885 vn,
2696 2820 2825 2892 27).
2857 2822 2944 2877 llla
2975 2840 3105 2896 ergo
3150 2827 3419 2897 Sapientia
3466 2842 3613 2889 stans
3643 2836 3729 2904 (si

2152 2904 2252 2960 dici
2279 2905 2437 2962 debet
2463 2909 2544 2963 vel
2592 2920 2738 2965 stans
2772 2931 2783 2966 :
2813 2913 3004 2970 dicitur
3032 2927 3207 2972 autem
3257 2930 3475 2991 prepter
3527 2924 3730 2979 incom-

2152 2997 2574 3065 mutabilitatem,
2601 3016 2705 3056 non
2732 3013 2947 3073 propter
2977 3006 3431 3081 immobilitatem)
3463 3022 3516 3067 et
3539 3014 3725 3071 eodem

2151 3088 2308 3144 modo
2334 3105 2392 3145 se
2418 3106 2628 3162 semper
2654 3095 2854 3151 habens
2875 3139 2889 3163 ,
2922 3099 3069 3153 nullo
3114 3101 3266 3169 loco,
3300 3104 3447 3159 nullo
3491 3114 3727 3176 tempore

2150 3178 2346 3233 variata
2373 3222 2388 3249 ,
2448 3197 2705 3253 nusquam
2748 3187 2907 3241 aliter
2949 3204 3107 3257 quam
3150 3190 3233 3246 hic
3284 3202 3375 3247 aut
3431 3195 3549 3261 ibi,
3594 3212 3727 3251 nun-

2149 3286 2305 3340 quam
2338 3274 2492 3329 aliter
2517 3290 2674 3344 quam
2712 3293 2852 3332 nunc
2898 3288 2989 3333 aut
3016 3289 3169 3336 antea
3191 3324 3205 3345 ,
3253 3283 3362 3352 ipsa
3392 3294 3475 3339 est
3529 3287 3726 3341 locutio

2151 3363 2266 3418 Dei.
2296 3364 2517 3421 Locutio
2544 3382 2671 3422 vero
2700 3368 2786 3423 illa
2816 3384 2932 3438 quae
2962 3370 3121 3425 fiebat
3147 3373 3210 3426 ad
3244 3374 3457 3444 Moysen
3486 3418 3500 3441 ,
3531 3376 3595 3430 ad
3625 3377 3721 3431 ho-

2148 3453 2343 3508 minem
2396 3456 2552 3510 fiebat
2599 3471 2692 3525 per
2717 3458 2944 3528 syllabas
2968 3500 2982 3525 ,
3019 3475 3114 3528 per
3154 3470 3488 3517 transeuntes
3539 3480 3719 3520 sonos.

2147 3543 2261 3598 Non
2303 3554 2478 3601 autem
2524 3548 2711 3607 tierent
2750 3549 2879 3615 ista,
2928 3551 3027 3605 nisi
3060 3550 3197 3606 Deus
3242 3563 3541 3610 assumeret
3567 3558 3731 3614 talem

2146 3646 2478 3703 creaturam,
2555 3653 2648 3706 per
2707 3654 2864 3708 quam
2934 3639 3232 3710 bujusmodi
3296 3657 3598 3699 sermonem
3670 3656 3724 3700 et

2147 3738 2305 3779 voces
2355 3726 2669 3797 emitteret)
2730 3743 2742 3779 :
2786 3728 2999 3799 Moyses
3038 3739 3250 3787 sanctus
3291 3742 3511 3788 noverat
3568 3737 3720 3789 istam

2146 3814 2468 3871 locutionem
2534 3816 2627 3872 Dei
2697 3820 2981 3889 assumptis
3042 3821 3355 3891 quibusdam
3446 3828 3721 3895 corporeis

2145 3906 2401 3961 creaturis
2448 3907 2599 3973 fieri;
2653 3918 2707 3964 et
2758 3909 3080 3966 desideravit
3119 3921 3172 3968 et
3199 3916 3501 3984 concupivit
3534 3918 3715 3972 videre

2145 3993 2310 4063 ipsam
2342 3997 2573 4065 speciem
2605 3998 2735 4065 Dei,
2792 4007 2846 4053 et
2898 4000 3130 4070 loquenti
3187 4018 3367 4058 secum
3402 4005 3508 4060 Deo
3537 4006 3668 4060 dixit
3702 4024 3716 4058 :

2146 4085 2207 4139 Si
2232 4087 2395 4141 inveni
2424 4089 2641 4157 gratiam
2685 4099 2801 4142 ante
2853 4100 2934 4158 te,
2984 4093 3188 4147 ostende
3211 4095 3335 4148 milii
3383 4098 3715 4171 temetipsum.

2144 4176 2272 4231 Cum
2303 4176 2402 4232 hoc
2430 4177 2771 4233 vehementer
2798 4184 3230 4251 concupisceret,
3259 4194 3311 4238 et
3342 4185 3443 4240 hoc
3467 4188 3715 4255 quadam,

2145 4268 2187 4322 si
2234 4267 2515 4324 dicendum
2540 4279 2653 4337 est,
2708 4270 2875 4325 amica
2934 4272 3321 4341 familiaritate,
3353 4292 3455 4345 qua
3486 4278 3596 4346 ipse
3635 4278 3717 4332 di-

2143 4367 2331 4426 gnatus
2353 4368 2453 4425 est,
2479 4368 2795 4429 extorquere
2817 4362 2977 4416 vellet
2999 4364 3127 4431 Deo,
3157 4374 3213 4419 ut
3230 4366 3433 4421 videret
3461 4360 3575 4437 ejus
3605 4385 3717 4422 ma-

2140 4451 2382 4520 jestatem
2406 4459 2461 4507 et
2484 4450 2700 4518 faciem,
2729 4455 2994 4523 quomodo
3019 4455 3122 4511 dici
3170 4466 3349 4526 potest
3376 4458 3536 4513 facies
3577 4460 3670 4514 Dei
3697 4478 3711 4526 ;

2143 4542 2215 4595 ait
2239 4542 2313 4596 illi
2368 4560 2380 4595 ε
2437 4541 2557 4596 Non
2600 4552 2737 4613 potes
2780 4546 2945 4599 videre
2990 4547 3169 4617 [aciem
3195 4564 3560 4603 meammemo
3583 4552 3717 4604 erzitn

2144 4633 2263 4686 vidit
2286 4633 2463 4702 facient
2498 4650 2660 4688 meam
2679 4676 2694 4701 ,
2723 4646 2768 4688 et
2794 4637 2933 4690 vixit.
2966 4637 3071 4692 Sed
3094 4655 3277 4707 ponam
3303 4648 3349 4693 te
3379 4640 3430 4693 in
3474 4641 3716 4710 spelunca

2145 4732 2329 4792 petrte,
2358 4734 2403 4777 et
2430 4724 2650 4778 transibo
2669 4765 2683 4791 ,
2712 4735 2757 4779 et
2787 4742 2971 4795 ponam
3008 4744 3159 4797 super
3196 4739 3242 4782 te
3276 4746 3483 4783 manum
3511 4746 3667 4783 nteant
3694 4748 3715 4795 ;

2144 4830 2257 4867 cum
2283 4824 2449 4868 autem
2471 4816 2744 4883 transiero,
2793 4819 3095 4887 posterriora
3139 4836 3249 4873 mea
3293 4820 3477 4874 videbis
3524 4821 3542 4891 (
3566 4820 3717 4874 Exod

2145 4923 2327 4973 xxxm,
2357 4907 2549 4977 9-25).
2601 4907 2669 4962 Et
2712 4922 2775 4962 ex
2831 4908 2912 4963 bis
2949 4910 3125 4966 verbis
3171 4922 3349 4965 natum
3380 4920 3463 4967 est
3490 4914 3715 4968 alterum

2142 5000 2365 5068 aenigma
2394 5040 2407 5063 ,
2436 4998 2485 5053 id
2517 5007 2599 5054 est
2622 5000 2845 5053 obscura
2875 5001 3112 5069 quaedam
3146 5001 3307 5071 ﬁgura
3356 5018 3555 5057 rerum.
3591 5003 3717 5056 Cum

2146 5090 2384 5143 transiero
2409 5130 2423 5156 ,
2448 5090 2722 5160 posteriora
2747 5106 2854 5145 mea
2878 5091 3061 5145 videbis
3082 5133 3096 5157 ,
3120 5092 3248 5146 dicit
3269 5093 3407 5147 Deus
3431 5109 3444 5157 ;
3474 5093 3620 5162 quasi
3643 5103 3714 5147 c‘x

2144 5182 2245 5235 alia
2276 5190 2427 5250 parte
2454 5180 2645 5235 habeat
2698 5181 2915 5245 faciem,
2965 5200 3029 5237 ex
3079 5184 3179 5237 alia
3206 5182 3444 5238 dorsum.
3492 5184 3642 5238 Absit
3682 5200 3715 5237 a

2143 5273 2297 5328 nobis
2326 5272 2430 5328 tale
2457 5272 2655 5342 aliquid
2686 5272 2751 5328 de
2776 5274 2860 5327 illa
2890 5274 3159 5343 Maiestate
3186 5275 3402 5329 sentire.
3448 5274 3577 5329 Nam
3624 5276 3714 5345 qui

2144 5365 2244 5419 hoc
2281 5364 2439 5419 sentit
2464 5364 2531 5418 de
2557 5365 2698 5431 Deo,
2749 5364 2872 5434 quid
2927 5366 2974 5421 ei
3029 5365 3241 5434 prodest
3269 5364 3409 5435 quod
3454 5366 3648 5434 templa
3699 5368 3715 5396 ⁸

2144 5458 2323 5511 clausa
2354 5457 2517 5511 sunt?
2542 5455 2740 5511 Idolum
2772 5456 2823 5510 in
2845 5456 3003 5512 corde
3029 5473 3123 5512 suo
3150 5458 3386 5512 fabricat.
3421 5457 3555 5511 Sunt
3588 5472 3718 5526 ergo

2208 5580 2220 5606 ι
2254 5581 2349 5622 Am.
2378 5581 2429 5623 et
2450 5579 2545 5632 Enn,
2569 5571 2742 5637 templa
2771 5573 2871 5622 Dei.
2898 5581 3014 5632 vox,
3047 5573 3150 5633 Dei,
3176 5588 3284 5637 qua:
3303 5588 3397 5623 non
3420 5576 3466 5623 in
3494 5574 3717 5623 omnibus

2144 5645 2247 5685 Mss.
2276 5641 2461 5697 exstat,
2479 5636 2649 5697 merito
2673 5642 2925 5697 expuncta
2951 5644 3026 5684 est
3060 5649 3146 5697 per
3182 5638 3529 5694 Iovanienses,
3564 5642 3616 5682 ut
3651 5648 3717 5684 ne

2144 5700 2234 5747 alia
2255 5710 2397 5758 quam
2422 5695 2653 5758 idolorum
2678 5694 2855 5756 templa
2887 5694 3193 5746 clausa'esse
3231 5697 3561 5757 intelligantur
3578 5731 3592 5754 ,
3629 5709 3713 5758 eo-

2146 5773 2250 5808 rum
2265 5755 2447 5808 SCillcet
2461 5755 2590 5808 cultu
2608 5757 2727 5807 velit
2746 5755 2855 5819 iper
2873 5763 3210 5819 Imperatorum
3222 5759 3375 5821 leges,
3392 5755 3591 5807 abanno
3604 5757 3711 5807 39L
