4084 6442
286 432 426 491 1789

284 552 337 603 itt
366 548 474 602 illis
498 542 673 598 verbis
702 552 887 608 magna
917 536 1184 607 mysteria.
1230 532 1565 601 [.oqnebatur
1592 528 1863 591 Dominus,

284 647 343 692 ut
364 637 475 691 dixi
498 675 511 699 ,
539 648 634 703 per
655 636 949 685 creaturam
969 666 982 690 ,
1015 621 1283 693 quomodo
1328 621 1493 675 vellet
1520 618 1718 673 famulo
1747 631 1861 670 suo.

286 728 561 784 Intellecta
592 733 673 779 est
702 722 807 776 illic
833 732 1059 789 persona
1082 715 1244 785 ipsius
1268 713 1472 768 Domini
1502 720 1555 767 et
1580 708 1869 765 Salvatoris

287 820 459 875 nostri
486 818 612 873 Jesu
656 810 873 868 Christi.
925 808 1023 875 Qui
1069 805 1279 876 quidem
1328 801 1617 858 secundum
1646 799 1867 855 formam

290 912 419 975 Dei,
452 923 555 978 qua
580 904 798 974 aequalis
834 909 916 955 est
958 898 1133 965 Patri,
1160 896 1401 951 similiter
1430 893 1596 949 oculis
1623 890 1870 946 humanis

290 998 574 1054 invisibilis
600 1004 682 1050 est
704 1035 720 1060 ,
744 992 881 1048 sicut
909 998 962 1044 et
988 989 1164 1043 Pater.
1192 985 1247 1041 Si
1276 986 1417 1039 enim
1463 981 1719 1052 sapientia
1764 979 1868 1034 litt-

290 1104 449 1144 mana
477 1084 642 1141 videri
666 1081 837 1137 oculis
886 1094 988 1133 non
1032 1083 1245 1148 potest,
1279 1074 1460 1129 Virtus
1508 1080 1560 1127 et
1603 1070 1869 1139 Sapientia

293 1181 384 1241 Dei
413 1176 580 1233 videri
602 1174 771 1231 oculis
796 1170 1004 1226 carneis
1054 1166 1269 1237 potest?
1325 1163 1429 1219 Sed
1458 1162 1577 1232 quia
1609 1170 1723 1215 erat
1762 1159 1870 1214 Do-

293 1272 469 1326 minus
495 1272 793 1337 opportuno
843 1271 1083 1329 tempore
1108 1264 1337 1325 :earncm
1378 1259 1719 1320 suscepturus
1745 1290 1759 1314 ,
1816 1256 1872 1301 ut

292 1360 462 1415 oculis
486 1357 645 1413 etiam
690 1350 898 1408 carneis
953 1354 1167 1419 propter
1212 1342 1576 1398 salubritatem
1627 1337 1872 1394 curandae

294 1452 434 1505 intus
486 1447 679 1502 mentis
726 1449 1032 1512 appareret,
1066 1434 1275 1506 quando
1326 1434 1394 1487 ita
1446 1444 1702 1500 apparere
1739 1443 1875 1497 OpllS

294 1549 473 1602 esset;
503 1537 605 1590 hoc
654 1531 947 1604 praedicens
1004 1525 1171 1596 Moysi
1226 1522 1447 1592 figurate
1503 1519 1613 1585 ait,
1670 1516 1873 1569 Faciem

294 1646 456 1684 meam
483 1627 647 1681 videre
676 1639 775 1676 non
826 1628 1001 1689 potes;
1053 1614 1329 1685 posteriora
1370 1626 1479 1663 utea
1509 1608 1694 1663 videbis
1718 1647 1733 1674 ,
1779 1606 1871 1661 sed

293 1737 407 1776 cum
433 1717 677 1771 transiero
709 1730 726 1767 :
757 1720 810 1765 ut
841 1717 1015 1764 autem
1064 1702 1170 1759 non
1213 1701 1393 1756 videas
1424 1700 1611 1753 faciem
1657 1711 1830 1751 meam
1857 1736 1869 1760 ,

296 1827 484 1869 manus
514 1822 629 1864 mea
657 1806 754 1861 erit
785 1818 945 1872 super
973 1808 1043 1852 te.
1073 1795 1320 1851 Transire
1346 1791 1471 1863 quid
1497 1789 1593 1843 fuit
1622 1787 1867 1855 Domino,

297 1904 396 1959 nisi
424 1900 564 1973 quod
594 1894 911 1965 evangelista
940 1890 1097 1953 dicit,
1132 1885 1258 1941 Cum
1282 1893 1451 1938 autem
1479 1882 1688 1935 venisset
1727 1880 1872 1946 liora,

295 2004 348 2047 ut
377 1968 613 2046 transiret
662 1985 809 2039 Jesus
855 1982 917 2035 de
970 1980 1062 2032 ltoc
1106 1975 1293 2030 mundo
1339 1972 1406 2026 ad
1451 1971 1653 2025 Patrem
1685 1968 1872 2040 (Joan.

295 2099 429 2149 xm,
464 2076 729 2150 l)?Nam
778 2073 948 2141 ipsum
1007 2066 1284 2122 transitum
1340 2061 1602 2132 significat
1641 2058 1871 2150 Pascha.

289 2175 447 2244 Quod
493 2149 632 2227 enim
680 2164 925 2222 hebraico
970 2159 1133 2216 verbo
1186 2156 1377 2210 dicitur
1429 2151 1670 2217 Pascha,
1716 2149 1877 2204 latine

290 2266 574 2323 Transitus
602 2262 996 2328 interpretatur.
1028 2249 1163 2317 Quid
1192 2257 1271 2303 est
1292 2287 1306 2312 ,
1342 2245 1547 2298 Faciem
1583 2258 1746 2297 meam
1774 2256 1873 2294 non

290 2356 484 2412 videbis
512 2396 529 2421 ,
568 2350 660 2406 sed
692 2346 967 2419 posteriora
990 2357 1101 2396 mea
1124 2336 1347 2393 videbis?
1386 2334 1548 2404 Cujus
1596 2345 1876 2402 personam

291 2443 630 2519 gerebat'ille
656 2439 863 2509 Moyses
886 2477 901 2503 ,
930 2430 1139 2503 quando
1166 2429 1211 2484 ci
1260 2427 1460 2481 dictum
1505 2432 1587 2519 est
1609 2464 1623 2488 ,
1674 2421 1879 2519 Faciem

294 2513 465 2594 ineant
491 2553 592 2591 non
620 2532 827 2596 videbis,
852 2528 945 2583 sed
993 2523 1268 2595 posteriora
1307 2535 1416 2572 mea
1440 2515 1627 2571 videbis
1645 2556 1661 2583 ,
1697 2523 1750 2569 et
1778 2513 1879 2568 hoc

295 2649 413 2687 cum
447 2627 692 2683 transiero
715 2628 813 2677 :ut
856 2626 1034 2674 autem
1076 2629 1180 2668 non
1214 2609 1391 2665 videas
1438 2606 1624 2661 faciem
1670 2618 1874 2668 meam,

297 2739 488 2794 ponam
516 2735 665 2789 super
691 2723 736 2770 te
766 2726 973 2767 manum
1019 2722 1179 2761 meam
1202 2705 1228 2759 7
1255 2701 1465 2757 Faciem
1508 2713 1657 2752 suam
1696 2696 1838 2751 "dixit
1862 2736 1877 2759 ,

298 2792 471 2883 prima
492 2809 623 2866 sua?
649 2815 703 2863 et
726 2802 953 2877 quodam
983 2798 1139 2854 modo
1173 2792 1464 2866 posteriora
1517 2804 1611 2845 sua
1639 2830 1653 2856 ,
1702 2796 1879 2841 trans-

296 2879 437 2960 itum
464 2902 530 2957 de
555 2900 653 2954 hoc
689 2895 889 2952 mundo
918 2889 1177 2962 passionis
1220 2900 1349 2941 sum.
1369 2879 1841 2952 ApparuitJudaeis
1865 2896 1878 2945 ;

299 3010 411 3050 non
460 3007 580 3048 eum
625 2992 1007 3059 cognoverunt.
1057 2981 1254 3035 Eorum
1322 2987 1602 3046 personam
1668 2970 1884 3042 gerebat

300 3086 519 3157 Moyses
539 3123 554 3149 ,
576 3078 789 3151 quando
814 3075 863 3131 ei
892 3071 1185 3133 dicebatur,
1216 3065 1422 3121 Faciem
1471 3080 1633 3117 meam
1662 3078 1761 3115 non
1790 3076 1882 3128 po-

302 3191 378 3233 tes
397 3153 584 3230 videre.
614 3170 765 3227 Unde
790 3174 963 3221 autem
992 3177 1096 3218 non
1127 3159 1371 3213 viderunt
1398 3156 1565 3210 Deum
1614 3153 1665 3208 in
1714 3166 1876 3207 carne

300 3270 535 3341 positum
558 3276 576 3320 ι’
600 3264 731 3333 Quia
760 3266 981 3331 gravata
1010 3265 1123 3311 erat
1147 3267 1308 3322 super
1329 3263 1421 3305 eos
1437 3263 1627 3303 manus
1651 3247 1879 3301 Domini.

304 3337 386 3417 ile
403 3360 503 3415 illis
522 3358 662 3413 enim
685 3354 897 3409 dixerat
914 3347 1090 3408 Isaias,
1116 3343 1142 3397 Ι
1152 3357 1354 3395 ncrassa
1372 3355 1457 3393 cor
1474 3337 1647 3409 populi
1666 3338 1883 3407 hujus,ct

303 3452 481 3507 oculos
502 3451 611 3521 ejus
632 3460 785 3518 grave
801 3441 949 3515 (Isai.
966 3454 1036 3503 v1,
1058 3434 1144 3507 10)
1173 3454 1184 3489 :
1209 3442 1261 3488 et
1286 3447 1469 3487 eorum
1486 3445 1585 3485 vox
1608 3437 1687 3484 est
1710 3428 1883 3521 alio

306 3518 535 3615 psalmo,
560 3536 811 3605 Quoniam
825 3538 1031 3604 gravata
1047 3536 1116 3581 est
1132 3540 1283 3594 super
1301 3539 1376 3577 me
1393 3537 1569 3574 manus
1591 3528 1679 3573 tua
1709 3518 1879 3591 (Psal.

308 3609 458 3699 xxxi,
490 3634 570 3701 ε).
602 3629 668 3685 Ut
695 3640 823 3697 ergo
851 3636 960 3677 non
988 3622 1369 3688 cognoscerent
1400 3621 1524 3665 tunc
1553 3609 1881 3664 divinitatem

306 3724 505 3783 Christi
530 3699 549 3754 ’ί
581 3721 600 3791 (
631 3720 675 3775 si
704 3717 841 3773 enim
871 3709 1275 3783 cognovissent,
1307 3716 1573 3772 nunquam
1597 3699 1881 3754 Dominum

308 3818 495 3891 gloriae
545 3809 933 3869 crucifixissent
988 3802 1030 3874 [l
1062 3800 1179 3856 Cor.
1211 3814 1268 3863 tt,
1320 3794 1394 3866 8]
1426 3808 1587 3891 :“non
1633 3792 1885 3891 crucifixo

311 3880 490 3967 autem
520 3902 742 3960 Domino
764 3940 779 3965 ,
811 3894 1023 3966 sanguis
1050 3891 1188 3945 illius
1214 3902 1318 3941 non
1363 3883 1651 3939 redimeret
1692 3880 1878 3934 orbem

312 4010 572 4057 terrarum
596 3995 635 4065 ),
665 3989 789 4062 quid
816 3987 924 4058 egit
945 3985 1085 4039 Deus
1109 4022 1123 4045 ,
1154 3978 1254 4034 nisi
1281 3974 1420 4047 quod
1449 3974 1523 4027 ait
1552 3969 1847 4065 Apostolus
1868 4009 1883 4065 ,

311 4060 641 4147 altitudinem
671 4060 970 4137 divitiarum
994 4071 1268 4142 sapientice
1291 4078 1345 4123 et
1372 4064 1609 4121 scientia:
1639 4060 1764 4127 Dei,
1799 4060 1887 4114 ubi

313 4184 576 4242 exclamat
607 4197 621 4233 :
656 4176 700 4231 0
726 4171 940 4228 altitudo
970 4166 1256 4221 divitiarum
1287 4158 1547 4227 sapientia:
1585 4164 1632 4212 et
1672 4152 1891 4209 scientia:

314 4276 453 4332 Dei!
477 4286 627 4344 quam
652 4257 1174 4334 incomprehensibilia
1202 4262 1315 4308 sunt
1332 4249 1530 4321 judicia
1556 4248 1664 4317 ejus
1689 4286 1703 4311 ,
1726 4252 1771 4297 et
1789 4244 1889 4344 jn-

313 4334 626 4437 vestigabiles
650 4361 741 4414 via:
761 4355 913 4429 ejus!
942 4351 1066 4420 Quis
1088 4350 1221 4403 enim
1263 4341 1491 4414 cognovit
1534 4353 1732 4393 sensum
1778 4334 1889 4436 D-o-

316 4426 489 4514 mini“?
514 4463 599 4508 aut
627 4452 738 4522 quis
776 4426 1096 4500 consiliarius
1140 4438 1247 4506 ejus
1296 4432 1434 4505 fuit?
1469 4431 1568 4483 Aut
1610 4428 1719 4495 quis
1758 4426 1895 4496 prior

315 4550 457 4606 dedit
485 4546 561 4602 illi
589 4586 603 4610 ,
632 4551 676 4597 et
702 4537 1000 4594 retribuetur
1029 4530 1114 4585 ei?
1147 4526 1397 4595 Quoniam
1447 4538 1509 4575 ea:
1556 4522 1666 4591 ipso
1687 4560 1700 4580 .
1734 4527 1778 4571 et
1809 4533 1897 4610 per

319 4647 527 4714 ipsum,
554 4608 597 4692 et
629 4637 682 4689 in
709 4633 820 4702 ipso
861 4634 978 4683 sunt
1014 4622 1229 4685 omnia;
1271 4617 1369 4689 ipsi
1412 4614 1576 4686 gloria
1619 4612 1673 4712 in
1714 4608 1899 4714 stvcula

320 4700 639 4788 saeculorum.
666 4700 955 4794 Apostolus
981 4716 1082 4770 hoc
1125 4709 1290 4769 dicit;
1324 4707 1445 4777 quia
1489 4702 1729 4794 superius
1751 4700 1900 4794 dixe-

324 4833 409 4880 rat
432 4819 675 4882 ;Ctzcitas
777 4820 917 4883 parte
940 4803 1105 4861 Israel
1126 4807 1260 4873 facta
1284 4806 1353 4853 est
1370 4838 1384 4864 ,
1412 4805 1463 4849 ut
1485 4792 1745 4883 plenitudo
1756 4790 1902 4883 Cen-

326 4881 451 4968 tium
479 4912 685 4964 intraret
706 4945 721 4970 ,
755 4881 801 4956 et
840 4901 911 4953 sic
941 4895 1102 4950 omnis
1122 4890 1287 4945 Israel
1327 4887 1493 4942 salvus
1521 4884 1659 4953 ﬁeret
1686 4882 1705 4951 (
1745 4881 1899 4935 Rom.

327 4998 618 5069 x1,33-56,
662 4994 754 5061 25,
798 4990 867 5045 26
893 4987 935 5060 ).
992 4980 1253 5041 Exczecati
1302 4986 1426 5033 sunt
1471 4989 1599 5045 ergo
1646 4988 1710 5069 ex
1753 4980 1902 5069 parte

328 5064 495 5153 Judaei
519 5133 532 5160 ,
558 5088 748 5145 merito
771 5079 1031 5153 superbia:
1052 5090 1189 5139 suae,
1220 5072 1341 5143 quia
1365 5085 1424 5125 se
1439 5069 1612 5160 justus
1637 5064 1899 5131 dicebant;

327 5196 385 5241 et
408 5158 655 5240 excmcati
684 5174 1058 5233 crueifixerunt
1085 5164 1386 5220 Dominum.
1417 5158 1600 5214 Posuit
1623 5170 1781 5225 super
1812 5169 1903 5209 eos

331 5290 546 5335 manum
572 5284 721 5327 suam
746 5308 759 5334 ,
808 5279 875 5319 ne
924 5260 1165 5315 viderant
1208 5269 1327 5309 eum
1354 5293 1368 5319 ,
1417 5250 1588 5305 donec
1618 5246 1902 5311 transiret,

330 5370 535 5426 scilicet
558 5364 624 5419 de
646 5362 750 5416 hoc
776 5354 972 5413 mundo
997 5350 1063 5406 ad
1094 5349 1325 5403 Patrem.
1360 5341 1645 5397 Videamus
1688 5338 1730 5393 si
1759 5345 1906 5408 post-

333 5475 559 5533 eaquam
610 5452 855 5517 transiit,
907 5445 1149 5501 viderunt
1202 5433 1673 5533 posteriora-ejus:
1705 5431 1909 5485 Resur-

335 5522 479 5611 rexit
506 5549 801 5608 Dominus,
852 5534 1092 5610 apparuit
1133 5528 1409 5597 discipulis
1450 5525 1559 5581 suis
1590 5522 1783 5593 (Joan.
1814 5536 1905 5586 xx,

343 5663 432 5703 XXI
460 5646 480 5717 )
512 5652 566 5699 et
593 5637 840 5697 omnibus
861 5631 945 5701 qui
978 5630 1028 5682 in
1074 5638 1193 5680 eum
1236 5621 1342 5692 jam
1389 5616 1761 5681 crediderant;
1806 5626 1909 5666 non

405 5802 419 5831 ⁸
447 5807 528 5847 lltc
553 5798 599 5844 in
624 5791 733 5840 Edd.
760 5786 961 5841 additur,
978 5774 1160 5844 gravati
1180 5779 1283 5825 sunt
1308 5786 1322 5821 :
1342 5771 1469 5835 quod
1484 5782 1508 5819 a
1525 5766 1778 5831 praecipuis
1797 5772 1901 5813 Mss.

338 5865 493 5913 abest.

1318 413 1709 474 ENARBATIO
1748 414 1811 469 IN
1851 414 2168 471 PSALMUM
2207 417 2535 473 CXXXVIII.

3407 425 3536 479 1790

1972 530 2051 581 eis
2078 544 2107 582 a
2138 529 2329 598 quibus
2356 531 2638 586 crucifixus
2666 539 2781 586 erat
2806 574 2819 599 ,
2848 533 2967 602 quia
2997 548 3156 602 super
3186 533 3306 588 illos
3328 551 3539 589 manum

1973 630 2255 687 posuerat,
2283 620 2451 675 donec
2480 622 2743 676 transiret.
2773 623 3027 679 Ascendit
3050 632 3226 677 autem
3255 625 3305 678 in
3327 625 3540 690 ctelum,
3606 664 3609 669 ι

1973 709 2317 781 quadraginta
2340 711 2527 767 diebus
2549 710 2699 768 faelis
2725 728 2843 767 cum
2871 713 3143 783 discipulis
3162 716 3291 770 suis.
3322 716 3543 786 lmpleto

1974 811 2149 856 autem
2176 801 2263 857 die
2293 804 2628 859 Pentecostes
2653 846 2667 871 ,
2701 806 2844 860 misit
2866 806 2946 861 eis
2975 806 3231 876 Spiritum
3277 821 3537 866 sanctum.

1977 890 2183 960 Repleti
2212 892 2408 961 Spiritu
2456 902 2675 961 saneto,
2736 905 3015 964 coeperunt
3060 900 3295 952 omnium
3347 900 3542 970 linguis

1976 982 2137 1051 loqui,
2158 983 2245 1051 qui
2268 983 2318 1036 in
2342 998 2441 1037 una
2468 985 2575 1038 nati
2597 993 2769 1049 erant,
2786 994 2840 1040 et
2862 1001 3017 1041 unam
3040 988 3205 1041 solam
3229 988 3544 1044 didicerant.

1977 1071 2347 1140 Expaverunt,
2399 1083 2453 1127 et
2505 1074 2893 1128 exhorruerunt
2942 1084 3141 1129 tantum
3197 1077 3545 1144 miraculum,

1977 1160 2138 1214 millia
2164 1175 2346 1214 eorum
2378 1162 2465 1230 qui
2495 1162 2867 1217 crucilixerant
2904 1163 3179 1217 Dominum
3206 1182 3219 1217 :
3248 1169 3548 1236 eompuncti

1978 1248 2138 1304 corde
2164 1249 2230 1303 de
2262 1258 2407 1303 tanto
2462 1251 2749 1318 miraculo,
2798 1254 3125 1321 quaesierunt
3163 1255 3439 1310 consilium
3484 1258 3551 1312 ab

1978 1339 2246 1408 Apostolis
2271 1380 2283 1403 ,
2313 1338 2439 1408 quid
2468 1339 2725 1405 facerent,
2753 1350 3099 1412 posteaquam
3129 1344 3207 1398 eis
3232 1345 3549 1413 prtedicatus

1978 1437 2060 1483 est
2086 1429 2324 1484 Christus
2351 1469 2368 1496 ,
2396 1432 2709 1485 mirantibus
2727 1432 2863 1485 unde
2884 1433 3060 1488 idiota:
3087 1433 3329 1490 homines
3357 1436 3551 1506 linguis

1978 1519 2222 1574 omnibus
2246 1520 2606 1589 loquerentur.
2649 1521 2752 1577 Per
2797 1522 3009 1577 Petrum
3061 1525 3218 1594 igitur
3246 1529 3547 1595 apostolum

1978 1609 2286 1664 annuntiato
2301 1610 2378 1664 eis
2395 1610 2603 1665 Christo
2618 1650 2633 1677 ,
2664 1626 2821 1681 quem
2848 1612 2899 1666 in
2926 1627 3082 1668 cruce
3102 1624 3549 1686 contempserant,

1978 1717 2132 1771 quem
2187 1712 2432 1771 tanquam
2479 1703 2759 1757 mortalem
2807 1703 3075 1759 hominem
3122 1706 3431 1769 irriserant;
3470 1709 3552 1761 cui

1980 1802 2258 1861 propterea
2313 1792 2671 1858 insultabant,
2723 1794 2846 1864 quia
2874 1794 2941 1850 de
2970 1811 3127 1852 cruce
3175 1813 3278 1851 non
3322 1798 3547 1853 descen-

1980 1882 2171 1947 debat,
2202 1898 2321 1938 eum
2350 1870 2529 1954 utique
2559 1884 2730 1954 majus
2760 1886 2929 1941 multo
2961 1887 3117 1942 fuerit
3140 1889 3280 1958 quod
3306 1889 3448 1956 fecit,
3490 1891 3555 1945 de

1980 1976 2225 2045 sepulcro
2252 1990 2529 2046 resurgere
2555 2017 2570 2043 ,
2599 1992 2757 2046 quam
2784 1977 2851 2033 de
2877 1993 3034 2033 cruce
3064 1979 3390 2036 descendere
3422 1999 3432 2033 :
3458 1997 3557 2036 an-

1983 2066 2221 2120 nuntiato
2252 2082 2377 2137 ergo
2403 2066 2503 2121 sibi
2533 2066 2746 2122 Christo
2793 2067 3078 2133 dixerunt,
3110 2070 3246 2134 Quid
3274 2072 3512 2141 faciemus
3538 2074 3560 2126 ?

1982 2157 2061 2211 Illi
2088 2158 2177 2227 qui
2202 2158 2487 2213 Stet-ierunt
2512 2159 2564 2212 in
2592 2158 2873 2213 Dominum
2900 2201 2914 2226 ,
2948 2176 3103 2229 quem
3129 2161 3414 2229 videbant,
3441 2164 3552 2233 jam

1982 2249 2259 2303 consilium
2305 2258 2491 2320 petunt
2533 2250 2757 2318 salutis;
2800 2262 2853 2307 et
2902 2253 3101 2308 dictum
3141 2264 3223 2309 est
3265 2255 3345 2310 eis
3373 2274 3386 2309 :
3419 2256 3562 2327 Agite

1984 2340 2324 2406 paenitentiam
2348 2383 2362 2407 ,
2385 2351 2431 2394 et
2459 2341 2738 2411 baptizetur
2768 2345 3109 2415 unusquisque
3142 2356 3357 2400 vestrum
3386 2348 3438 2401 in
3465 2365 3560 2401 no-

1984 2433 2117 2485 mine
2149 2432 2354 2486 Domini
2384 2434 2542 2488 nostri
2578 2434 2703 2487 Jesu
2740 2434 2957 2499 Christi;
2996 2446 3040 2489 et
3084 2436 3396 2491 dimittentur
3427 2439 3562 2493 vobis

1984 2532 2188 2592 peccata
2228 2533 2389 2577 vestra
2423 2524 2442 2594 (
2470 2524 2580 2576 Act.
2604 2540 2642 2590 t,
2676 2524 2772 2593 ιι).
2814 2525 2952 2580 Ecce
2995 2524 3242 2581 viderunt
3270 2529 3560 2596 posteriora

1985 2615 2121 2685 ejus,
2142 2614 2293 2686 cujus
2318 2615 2505 2670 faciem
2534 2615 2716 2671 videre
2745 2632 2848 2670 non
2879 2626 3185 2687 potuerunt.
3216 2619 3402 2674 Manus
3422 2620 3561 2675 enim

1986 2708 2099 2778 ejus
2130 2716 2246 2761 erat
2271 2721 2432 2776 super
2455 2706 2638 2762 oculos
2660 2722 2868 2773 eorum;
2893 2723 2996 2762 non
3025 2723 3251 2778 semper,
3281 2709 3374 2764 Sed
3395 2710 3566 2765 donec

1988 2800 2255 2854 transiret.
2307 2799 2658 2869 Posteaquam
2718 2800 2953 2868 transiit,
2997 2802 3214 2856 abstulit
3245 2817 3459 2857 manum
3498 2804 3566 2859 ab

1987 2893 2155 2947 oculis
2180 2908 2363 2947 eorum
2393 2892 2599 2946 :ablata
2639 2907 2798 2946 manu
2850 2892 2915 2947 ab
2959 2892 3129 2947 oculis
3182 2893 3294 2947 suis
3320 2934 3334 2959 ,
3382 2892 3569 2948 dicunt

1987 2984 2262 3054 discipulis
2282 3028 2296 3050 ,
2330 2983 2465 3050 Quid
2503 2984 2789 3053 faciemus?
2815 2984 2995 3037 Primo
3024 2983 3149 3038 saevi
3176 3024 3192 3051 ,
3222 2992 3408 3054 postea
3454 2984 3523 3053 pii
3551 3001 3564 3048 ;

1989 3077 2160 3146 primo
2192 3076 2345 3143 irati,
2376 3084 2559 3145 postea
2590 3074 2794 3139 timidi;
2821 3074 2992 3145 primo
3022 3075 3174 3141 duri,
3203 3083 3386 3145 postea
3414 3075 3565 3140 flexi;

1989 3170 2162 3239 primo
2191 3169 2316 3223 caici
2344 3210 2357 3234 ,
2384 3177 2570 3238 postea
2601 3166 2898 3221 illuminati.

2060 3261 2112 3317 9.
2142 3261 2277 3315 Puto
2308 3259 2447 3329 quod
2477 3273 2823 3329 agnoscamus
2852 3267 2903 3313 et
2934 3258 2984 3312 in
3034 3258 3137 3313 hoc
3184 3259 3389 3329 psalmo
3414 3272 3570 3314 voces

1991 3350 2286 3421 hujusmodi
2314 3349 2472 3404 etiam
2502 3348 2745 3404 Gentium
2777 3348 3167 3403 recordantium
3208 3348 3569 3404 infidelitatem

1988 3454 2158 3495 suam.
2204 3438 2459 3495 Conclusit
2506 3439 2639 3492 enim
2690 3438 2826 3492 Deus
2867 3455 3037 3492 omnes
3066 3439 3118 3491 in
3166 3439 3478 3507 inﬁdelitate,
3514 3448 3572 3492 ut

1988 3533 2211 3585 amnium
2234 3530 2564 3600 misereatur(
2594 3528 2743 3582 Rom.
2773 3544 2847 3595 ιι,
2890 3528 2959 3583 52
2989 3527 3029 3598 ).
3058 3528 3135 3582 Tu
3157 3530 3349 3599 ﬁnxiin
3397 3546 3497 3595 me,
3526 3538 3572 3583 et

1990 3624 2199 3693 posuisti
2225 3639 2375 3693 super
2404 3638 2481 3676 me
2509 3637 2713 3675 manum
2742 3630 2900 3677 tuam.
2944 3621 3219 3690 Mirificata
3252 3630 3323 3675 est
3364 3621 3573 3675 scientia

1990 3724 2075 3768 tua
2100 3731 2160 3768 ea:
2190 3731 2267 3767 me
2296 3728 2312 3767 :
2340 3713 2551 3767 invaluit
2577 3730 2596 3779 ;
2624 3728 2723 3766 non
2765 3722 2938 3783 potero
2968 3712 3034 3766 ad
3059 3712 3222 3765 illam.
3252 3712 3423 3766 Veluti
3477 3727 3571 3781 p0-

1990 3804 2139 3858 suisti
2167 3817 2329 3871 super
2372 3817 2456 3857 me
2484 3816 2698 3856 manum
2725 3810 2865 3855 tuam
2903 3819 2917 3854 :
2948 3801 3115 3855 mirus
3135 3800 3263 3855 mihi
3285 3800 3452 3854 factus
3467 3814 3523 3854 es
3556 3817 3570 3862 ;

1992 3908 2098 3948 non
2127 3901 2177 3946 te
2203 3890 2595 3960 comprehendo
2618 3905 2737 3944 eum
2765 3904 2871 3959 quo
2888 3903 3055 3944 eram.
3083 3890 3248 3956 Quam
3274 3888 3443 3942 facilis
3472 3890 3573 3943 mi-

1992 3983 2045 4037 hi
2066 3993 2179 4037 erat
2204 3984 2377 4037 vultus
2398 3981 2585 4051 patris,
2606 3979 2817 4050 quando
2842 3979 2974 4045 dixi,
2998 3978 3079 4032 Da
3099 3980 3223 4032 mihi
3246 3978 3576 4033 substantiam

1992 4091 2175 4141 meam,
2202 4089 2313 4144 quae
2338 4089 2415 4127 me
2442 4072 2702 4142 contingit.
2749 4071 2886 4125 Ecce
2932 4070 3169 4140 profecto
3222 4070 3274 4124 in
3309 4070 3575 4139 regionem

1993 4166 2332 4236 longinquam
2375 4171 2429 4218 et
2471 4163 2609 4218 fame
2657 4161 2883 4217 contrito
2914 4162 2931 4231 (
2965 4160 3091 4214 Luc.
3140 4177 3307 4228 xxxv,
3342 4162 3507 4215 lit-l7
3534 4164 3574 4231 ),

1995 4258 2219 4314 multum
2248 4254 2497 4320 mihiest,
2530 4265 2584 4308 et
2610 4252 2758 4308 labor
2781 4261 2862 4307 est
2890 4261 3013 4307 ante
3068 4266 3153 4307 me
3184 4269 3199 4317 ;
3228 4267 3333 4305 non
3360 4266 3576 4321 possum

1998 4348 2271 4421 percipere
2297 4345 2438 4417 quod
2487 4344 2684 4399 dimisi.
2738 4342 3015 4411 Miriﬁcata
3062 4351 3134 4397 est
3166 4342 3332 4407 enim,
3389 4343 3578 4412 inquit,

1998 4440 2202 4493 scientia
2226 4446 2312 4491 tua
2336 4452 2397 4490 ex
2434 4451 2529 4489 me.
2562 4434 2642 4489 Ex
2690 4442 2907 4504 peccato
2936 4448 3056 4489 meo
3080 4432 3272 4488 factum
3303 4442 3389 4488 est
3404 4434 3583 4487 ulmis

2000 4530 2201 4587 rilicata
2250 4526 2378 4582 mihi
2409 4534 2570 4594 esset,
2625 4534 2679 4580 et
2722 4524 3270 4595 incomprehensibilis
3316 4524 3445 4579 mihi
3470 4524 3586 4577 cxi-

2002 4628 2185 4677 steret.
2234 4617 2367 4675 Nam
2428 4624 2542 4670 erat
2594 4614 2727 4669 mihi
2776 4614 3000 4670 facilitas
3050 4612 3439 4683 contemplandi
3495 4621 3582 4679 te,

2002 4710 2215 4784 quando
2252 4725 2356 4765 non
2407 4707 2657 4781 superbia
2707 4708 3021 4778 reliqueram
3074 4714 3145 4760 te.
3197 4705 3469 4771 Miriﬁcata
3515 4713 3587 4757 est

2005 4803 2212 4858 scientia
2242 4812 2328 4855 tua
2353 4818 2415 4855 ex
2442 4817 2520 4855 me
2546 4798 2793 4853 :invaluit
2820 4815 2839 4863 ;
2869 4813 2968 4851 non
2996 4805 3165 4867 potero
3186 4796 3252 4848 ad
3289 4794 3429 4847 illam
3459 4792 3586 4846 :sed

2006 4894 2276 4959 subaudis,
2309 4910 2370 4948 ex
2409 4909 2506 4947 me.
2556 4889 2677 4945 Non
2724 4898 2895 4959 potero
2940 4887 3009 4940 ad
3037 4887 3179 4940 illam
3224 4901 3284 4939 ex
3314 4900 3410 4938 me.
3453 4883 3587 4937 Cum

2007 5003 2136 5058 ergo
2156 4997 2360 5058 potero,
2382 5000 2487 5039 non
2508 4991 2697 5053 potero
2724 4978 2827 5034 nisi
2856 4993 2921 5033 ex
2951 4986 3023 5032 te.

2081 5082 2165 5135 lO.
2196 5078 2217 5152 [
2243 5095 2368 5133 vers.
2399 5074 2489 5147 7.]
2518 5075 2653 5135 Ecce
2687 5070 2891 5126 invenis
2918 5068 2971 5123 in
3000 5067 3287 5137 longinquo
3315 5064 3589 5135 fugitivum

2011 5185 2115 5226 non
2146 5170 2309 5224 latere
2325 5166 2507 5221 oculos
2532 5164 2649 5233 ejus
2675 5175 2704 5215 a
2735 5174 2839 5230 quo
2872 5158 3024 5229 fugit.
3054 5158 3120 5213 Et
3166 5173 3271 5228 quo
3315 5158 3483 5211 iturus
3511 5167 3594 5212 est

2007 5262 2136 5331 jam,
2166 5260 2320 5330 cujus
2344 5257 2496 5310 limes
2541 5251 2979 5321 estinvestigatus
3005 5250 3026 5303 ?
3060 5247 3242 5304 Videte
3267 5247 3390 5319 quid
3421 5247 3547 5303 dicit
3579 5266 3590 5301 :

2018 5356 2127 5423 Quo
2147 5354 2226 5407 ibo
2251 5348 2497 5419 aSpiritu
2523 5346 2645 5400 tuo?
2673 5344 2901 5415 Spiritus
2941 5342 3083 5398 enim
3134 5342 3342 5397 Domini
3374 5340 3597 5411 replevit

2014 5447 2195 5502 orbem
2224 5452 2481 5498 terrarum
2518 5440 2535 5509 (
2568 5437 2699 5507 Sap.
2724 5453 2762 5502 ι,
2792 5437 2823 5491 7
2853 5437 2871 5505 )
2909 5453 2921 5489 :
2958 5434 3078 5506 quis
3129 5443 3306 5504 potest
3334 5434 3511 5503 fugere
3542 5432 3594 5485 in

2015 5534 2211 5592 mundo
2232 5532 2409 5588 abillo
2448 5529 2666 5601 Spiritu,
2716 5542 2820 5598 quo
2853 5527 3036 5597 plenus
3061 5535 3142 5581 est
3168 5522 3439 5580 mundus?
3481 5520 3592 5585 Quo

2018 5630 2095 5683 ibo
2115 5643 2146 5680 a
2168 5625 2363 5697 Spiritu
2386 5631 2469 5677 tuo
2499 5621 2522 5674 ?
2572 5628 2615 5674 et
2644 5635 2740 5689 quo
2788 5635 2819 5671 (ι
2848 5618 2974 5688 facie
3015 5627 3099 5670 tua
3129 5615 3319 5686 fugiant
3344 5614 3367 5666 Σ)
3402 5611 3597 5666 Locum

2018 5720 2208 5791 quaerit
2271 5730 2376 5788 quo
2417 5715 2577 5785 fugiat
2620 5713 2685 5768 ab
2735 5712 2809 5765 ira
2866 5710 2978 5765 Dei.
3009 5708 3136 5775 Quis
3190 5714 3271 5761 est
3315 5706 3462 5759 locus
3511 5719 3598 5759 re-

2024 5820 2274 5882 cepturus
2339 5806 2611 5879 fugitivum
2658 5803 2796 5859 Dei?
2865 5800 3115 5855 flamines
3175 5800 3261 5869 qui
3311 5796 3598 5866 suscipiunt
