4084 6442
570 425 698 480 1791

566 534 830 606 fugitivos,
880 542 1122 605 Qumrunt
1147 534 1212 587 ab
1255 532 1352 599 eis,
1381 548 1409 585 a
1439 546 1543 601 quo
1585 530 1853 600 fugerint;
1900 530 2134 598 ct'quem

565 642 773 682 servum
814 627 1110 680 invenerint
1158 624 1377 693 alicujus
1419 622 1618 677 domini
1662 622 1837 676 minus
1886 621 2134 690 potentis,

569 726 811 787 tanquam
832 719 947 771 sine
974 717 1080 771 ullo
1124 718 1311 770 timore
1334 715 1646 783 suscipiunt,
1676 715 1914 768 dicentes
1944 714 1994 767 in
2020 728 2138 766 cor-

566 809 630 863 de
658 824 754 863 suo
784 827 795 862 :
826 809 936 863 Non
968 809 1127 862 habet
1175 810 1271 862 iste
1321 808 1475 861 talcm
1507 808 1777 861 dominum
1800 822 1827 859 a
1858 822 1961 875 quo
2010 821 2136 875 pos-

564 900 633 953 sit
679 900 1001 969 investigari.
1030 898 1161 954 Cum
1190 908 1363 953 autem
1416 899 1677 953 audierint
1721 898 1991 952 dominum
2045 912 2137 966 po-

564 1000 781 1054 tentem,
804 1001 894 1045 aut
923 1007 1027 1045 non
1068 992 1377 1060 suscipiunt,
1406 999 1497 1045 aut
1546 1006 1664 1044 cum
1724 1005 1912 1059 magno
1944 992 2135 1044 timore

560 1082 852 1149 suscipiunt
881 1102 894 1136 :
924 1082 1044 1150 quia
1067 1092 1117 1134 et
1148 1080 1303 1133 homo
1335 1089 1521 1150 potens
1552 1081 1655 1133 falli
1684 1090 1873 1147 potest.
1909 1080 2004 1133 Ubi
2026 1095 2132 1133 non

561 1178 643 1223 est
670 1171 852 1225 Deus?
882 1173 999 1240 quis
1027 1170 1157 1223 fallit
1194 1171 1357 1224 Deum
1380 1171 1402 1222 ?
1422 1185 1576 1239 quem
1606 1184 1707 1222 non
1727 1169 1865 1222 videt
1890 1168 2073 1222 Deus?
2103 1184 2131 1221 a

561 1274 666 1327 quo
694 1260 965 1329 fugitivum
994 1276 1144 1314 suum
1176 1274 1278 1313 non
1306 1260 1495 1327 repetit
1544 1260 1681 1312 Deus
1706 1259 1728 1310 ?
1751 1258 1865 1323 Quo
1889 1273 2013 1327 ergo
2040 1259 2134 1312 ibit

562 1348 810 1418 fugitivus
841 1350 938 1403 iste
966 1364 993 1401 a
1031 1349 1163 1402 facie
1194 1350 1281 1402 Dei
1313 1350 1334 1401 ’ἶ
1365 1348 1530 1402 Vertit
1558 1362 1616 1402 se
1654 1348 1751 1402 hac
1779 1357 1935 1417 atque
1990 1348 2127 1413 illac,

561 1440 707 1507 omasi
731 1453 973 1507 qumreus
1000 1440 1168 1492 locum
1192 1439 1324 1507 fugzc
1346 1454 1475 1493 suae.

636 1531 720 1583 11.
751 1528 767 1599 [
796 1546 920 1581 vers.
950 1528 1025 1599 8.]
1075 1530 1133 1583 Si
1181 1530 1465 1593 ascendere,
1519 1531 1704 1597 inquit,
1753 1531 1803 1582 in
1847 1531 2047 1594 caelum,
2078 1538 2131 1581 tu

562 1621 625 1673 ibi
654 1636 705 1672 es
730 1635 746 1681 ;
767 1620 809 1673 si
834 1621 1127 1672 descendere
1168 1620 1217 1671 in
1267 1621 1539 1689 infernum,
1599 1620 1735 1672 ades.
1778 1618 2007 1671 Tandem
2035 1632 2129 1671 co-

561 1713 811 1780 gnovisti,
842 1712 978 1764 male
1008 1711 1237 1779 fugitive,
1266 1711 1409 1762 nullo
1439 1719 1592 1779 pacto
1629 1718 1678 1763 te
1706 1724 1859 1777 posse
1884 1710 1990 1761 fieri
2016 1709 2130 1761 lon-

560 1818 623 1868 ge
648 1802 713 1854 ab
734 1816 818 1866 eo,
844 1817 869 1852 a
893 1816 997 1869 quo
1023 1801 1362 1868 longinquare
1406 1799 1635 1853 voluisti.
1662 1799 1797 1851 Ecce
1828 1799 1911 1851 ille
1939 1799 2130 1868 ubique

560 1901 640 1946 est
672 1910 683 1943 :
718 1901 789 1955 tu,
819 1908 921 1959 quo
953 1892 1115 1943 iturus
1138 1906 1193 1943 es
1220 1892 1241 1943 ?
1272 1889 1475 1944 Invenit
1502 1890 1798 1951 consilium,
1827 1898 1879 1943 et
1928 1889 2025 1943 hoc
2063 1890 2130 1945 ab

562 1985 651 2037 illo
681 1986 769 2053 qui
820 2000 939 2036 eum
990 1983 1097 2050 jam
1136 1997 1385 2037 revocare
1440 1982 2037 2050 diguaturinspiratum.
2069 1981 2129 2035 Si

559 2076 826 2129 ascendere
852 2078 902 2127 in
930 2075 1128 2140 caelum,
1169 2085 1221 2127 tu
1249 2075 1316 2127 ibi
1336 2090 1386 2127 es
1412 2092 1430 2139 ;
1460 2074 1503 2127 si
1542 2074 1840 2127 descendere
1890 2075 1940 2126 in
1968 2074 2126 2143 infer-

558 2165 853 2231 rtttm,udes.
879 2166 934 2218 Si
967 2181 1049 2218 me
1076 2166 1329 2228 extulere,
1361 2172 1413 2219 te
1470 2164 1680 2219 invenio
1718 2178 2074 2232 repressorcm
2110 2182 2123 2229 ;

557 2262 601 2315 si
642 2276 725 2315 me
750 2259 1096 2324 abscondere,
1145 2269 1193 2312 te
1240 2258 1450 2311 invenio
1494 2257 1893 2326 inquisitorem;
1926 2264 1979 2309 et
2020 2270 2124 2309 non

557 2352 916 2421 inquisitorem
948 2359 1169 2415 tantum,
1203 2349 1295 2403 sed
1332 2357 1385 2402 et
1424 2350 1871 2418 investigatorem.
1902 2347 1954 2402 Si
1978 2348 2120 2401 enim

555 2443 861 2512 superbiero
889 2441 955 2495 de
979 2441 1178 2511 justitia
1212 2455 1348 2506 mea,
1370 2448 1423 2493 tu
1469 2440 1537 2493 ibi
1564 2456 1641 2505 es,
1673 2441 1822 2509 cujus
1876 2448 1954 2494 est
2000 2454 2122 2493 vera

548 2536 771 2604 justitia.
802 2536 854 2589 Si
887 2534 1151 2603 peccando
1174 2522 1376 2588 venero
1404 2533 1455 2586 in
1488 2532 1801 2603 profundum
1840 2533 2119 2600 malorum,

552 2636 607 2680 et
657 2626 891 2679 conﬁteri
937 2625 1351 2694 contempsero(
1388 2624 1537 2677 Prov.
1586 2640 1729 2686 xvut,
1763 2623 1857 2694 5),
1914 2623 2118 2689 dicens,

554 2717 675 2781 Quis
697 2732 771 2767 me
798 2716 925 2768 videt
952 2716 1145 2787 (Eccti.
1178 2731 1321 2782 xxut,
1347 2714 1456 2784 9.5)
1486 2714 1507 2767 ?
1534 2716 1583 2767 in
1612 2715 1805 2782 inferne
1842 2715 1980 2769 enim
2011 2716 2121 2784 quis

553 2809 863 2876 conﬁtebitur
910 2809 995 2860 tibi
1025 2809 1043 2877 (
1073 2807 1218 2862 Psal.
1266 2824 1336 2870 vt,
1387 2808 1496 2876 6)?
1535 2808 1692 2861 etiam
1729 2808 1834 2861 illic
1879 2808 2025 2871 ades,
2064 2818 2121 2863 ut

552 2900 803 2953 vindices.
833 2899 946 2966 Quo
973 2915 1096 2969 ergo
1128 2904 1294 2951 iturus
1324 2916 1462 2965 sum,
1493 2908 1547 2951 ut
1576 2914 1601 2950 a
1630 2897 1764 2952 facie
1787 2909 1871 2951 tua
1900 2897 2113 2969 fugiam,

549 2991 599 3061 id
626 3000 726 3054 εει,
753 2991 941 3044 iratum
966 3000 1014 3043 te
1042 3005 1144 3044 non
1166 2991 1388 3044 sentiam
1420 2991 1442 3043 ?

623 3080 704 3133 12.
732 3078 897 3151 [vers.
922 3080 974 3135 9.
1002 3078 1021 3151 ]
1054 3080 1164 3135 lloc
1193 3081 1470 3135 consilium
1495 3080 1695 3137 invenit
1727 3099 1739 3135 :
1768 3083 1855 3137 Sic
1899 3081 2113 3152 fugiam,

549 3171 734 3240 inquit,
753 3186 783 3225 a
812 3170 942 3226 facie
970 3182 1074 3237 tua,
1105 3173 1181 3227 sic
1206 3171 1398 3243 fugiam
1426 3188 1454 3226 a
1475 3172 1672 3242 Spiritu
1705 3182 1825 3238 tuo;
1854 3174 1919 3228 ab
1948 3174 2117 3228 ultore

545 3265 764 3333 Spiritu,
816 3280 845 3319 a
890 3265 1095 3320 vindice
1125 3265 1277 3333 facie,
1316 3268 1393 3320 sic
1442 3267 1655 3337 fugiam.
1706 3264 2116 3332 Quomodo‘ISi

545 3358 780 3427 recipiam
809 3374 994 3425 pennas
1040 3375 1171 3413 nteas
1221 3358 1275 3411 in
1318 3359 1581 3425 directum,
1613 3369 1658 3412 et
1696 3359 1928 3413 habitabo
1952 3360 2001 3412 in
2028 3375 2115 3412 ex-

546 3460 702 3502 trema
730 3450 881 3501 maris
908 3450 923 3479 ¹
958 3467 969 3500 :
1004 3450 1080 3502 sic
1110 3465 1324 3517 possunt
1358 3450 1538 3520 fugere
1588 3467 1617 3504 a
1667 3451 1801 3505 facie
1841 3461 1945 3505 tua.
1976 3452 2031 3506 Si
2061 3451 2113 3505 in

544 3547 780 3593 extrema
824 3538 982 3591 maris
1012 3540 1121 3592 vult
1168 3539 1343 3608 fugere
1373 3555 1398 3590 a
1433 3540 1563 3595 facie
1609 3541 1718 3605 Dei,
1749 3542 1817 3595 ibi
1861 3556 1964 3595 non
2014 3542 2116 3597 erit

544 3628 630 3681 iile
650 3642 678 3680 a
707 3642 811 3696 quo
839 3627 981 3696 fugit.
1020 3627 1086 3681 de
1115 3644 1218 3696 quo
1248 3629 1398 3692 dixit,
1434 3629 1493 3683 Si
1519 3631 1816 3683 descendere
1864 3632 1916 3684 in
1958 3632 2115 3701 infer-

542 3735 679 3783 num,
711 3718 830 3771 ades
858 3720 883 3772 ?
907 3719 1091 3772 Mirum
1122 3720 1164 3773 si
1195 3720 1247 3774 in
1276 3721 1526 3775 extremis
1569 3722 1731 3775 maris
1773 3738 1875 3777 non
1907 3725 2115 3793 est,qui

541 3826 636 3865 nec
666 3810 803 3879 apud
833 3810 1028 3865 inferos
1071 3811 1241 3866 deest.
1287 3812 1391 3867 Sed
1427 3813 1572 3878 novi,
1624 3814 1815 3883 inquit,
1846 3817 2113 3885 quomodo

539 3900 732 3970 fugiam
753 3899 819 3953 ab
849 3901 923 3954 ira
952 3908 1060 3955 tua.
1090 3901 1425 3970 Recipienda:
1468 3911 1592 3955 sunt
1634 3918 1819 3972 penna:
1849 3921 1980 3959 meae
2008 3920 2113 3961 non

541 3994 589 4045 in
620 4006 870 4061 pravum,
913 3992 1004 4047 sed
1055 3994 1104 4047 in
1152 3992 1431 4058 directum,
1481 4003 1537 4048 ut
1588 4010 1686 4049 nec
1734 3996 1784 4049 in
1830 3997 2111 4065 superbam

537 4086 1210 4155 erigarprtcsmnptionem,
1257 4102 1354 4141 nec
1385 4088 1437 4140 iu
1486 4088 1744 4156 perditam
1765 4104 1972 4159 mergar
2015 4090 2111 4145 de-

537 4178 911 4243 sperationem.
937 4178 1077 4244 Quas
1116 4194 1317 4247 pennas
1363 4180 1474 4233 vult
1514 4195 1801 4245 assumere,
1849 4182 1948 4235 nisi
1981 4182 2111 4237 duas

538 4267 669 4329 alas,
687 4267 791 4321 duo
818 4277 1083 4337 prmcepta
1100 4270 1371 4325 charitatis
1397 4272 1419 4323 ?
1449 4271 1504 4325 In
1531 4273 1722 4341 quibus
1747 4272 1949 4327 duobus
1980 4288 2114 4342 pra:-

538 4358 704 4426 eeptis
742 4367 848 4410 tota
902 4358 1007 4412 Lex
1062 4360 1254 4428 pendet
1292 4371 1345 4415 et
1393 4362 1707 4433 PrOpheta:(
1739 4364 1923 4417 Matth.
1974 4380 2108 4429 xxu,

538 4446 662 4517 40).
694 4446 816 4511 Has,
848 4447 1033 4517 inquit,
1064 4452 1193 4514 alas,
1227 4451 1322 4505 has
1352 4468 1551 4522 pennas
1579 4455 1623 4508 si
1647 4456 1894 4524 recipiam
1930 4456 2027 4522 sic,
2058 4465 2114 4511 et

542 4540 789 4597 habitabo
820 4542 871 4596 in
889 4550 1123 4598 extrema
1150 4546 1331 4611 maris,
1361 4562 1576 4616 possum
1602 4547 1783 4617 fugere
1806 4564 1835 4601 a
1862 4549 1994 4605 faeie
2026 4558 2113 4605 tua

538 4632 604 4686 ad
622 4632 807 4689 faciem
836 4643 998 4699 tuam,
1026 4650 1055 4689 a
1082 4634 1215 4689 facie
1242 4636 1359 4690 irati
1387 4636 1451 4689 ad
1480 4636 1666 4692 faciem
1719 4639 1928 4707 placati.
1976 4640 2111 4708 Quid

538 4722 679 4777 enim
713 4732 795 4778 est
832 4734 1127 4779 extremum
1166 4726 1346 4789 maris,
1405 4726 1504 4780 nisi
1543 4726 1661 4782 finis
1712 4729 1937 4783 saeculi?
1986 4730 2113 4786 llluc

529 4816 641 4885 jam
669 4815 904 4870 volemus
929 4831 1023 4887 spe
1052 4827 1103 4872 et
1130 4816 1415 4885 desiderio,
1454 4817 1704 4875 habentes
1745 4820 1854 4875 alas
1890 4822 2113 4891 gemina:

539 4904 813 4961 charitatis
846 4922 992 4961 :non
1030 4908 1100 4961 sit
1147 4908 1302 4962 nobis
1341 4910 1570 4978 requies,
1626 4910 1726 4964 nisi
1778 4911 1829 4964 in
1867 4921 2113 4967 extremo

538 4996 719 5051 maris.
754 4996 885 5051 Nam
914 4998 959 5051 si
1010 4998 1136 5052 alibi
1185 5000 1421 5068 requiem
1476 5001 1820 5065 voluerimus,
1870 5004 1921 5057 in
1967 5019 2115 5059 mare

540 5089 1003 5160 prtecipitabimur.
1051 5092 1297 5148 Volemus
1349 5109 1455 5164 quo
1491 5109 1659 5165 usque
1708 5096 1919 5150 finiatur
1947 5112 2111 5163 mare,

539 5182 924 5252 suspendamus
943 5199 1039 5239 nos
1060 5186 1247 5255 pennis
1267 5187 1490 5255 geminae
1506 5186 1806 5241 dilectionis
1827 5206 1837 5240 :
1859 5188 1922 5243 ad
1947 5190 2113 5243 Deum

540 5270 751 5327 interim
779 5289 873 5343 spe
893 5276 1149 5345 volemus,
1182 5285 1235 5332 et
1273 5278 1417 5333 illum
1445 5278 1600 5334 finem
1632 5282 1794 5336 maris
1839 5297 1931 5351 spe
1973 5282 2114 5337 fideli

541 5364 984 5434 prtemeditemur.

612 5455 696 5509 15.
730 5454 750 5527 [
778 5471 903 5509 vers.
934 5456 1019 5510 10.
1049 5458 1068 5529 ]
1098 5458 1225 5525 Quis
1270 5469 1444 5515 autem
1493 5476 1590 5517 nos
1640 5464 1913 5532 perducat,
1940 5472 2113 5520 atten-

538 5544 693 5600 dite:
728 5546 817 5601 ille
866 5547 977 5616 ipse
1022 5549 1173 5617 cujus
1220 5550 1407 5605 faciem
1460 5553 1575 5607 irati
1621 5555 1863 5611 volumus
1911 5555 2109 5627 fugere.

541 5634 677 5703 Quid
706 5637 845 5692 enim
874 5637 1155 5709 sequitur?
1186 5640 1246 5695 Si
1270 5641 1565 5698 descendere
1594 5646 1644 5697 in
1682 5646 2109 5715 infernum,ades.

542 5768 623 5878 ﬁ;
649 5770 721 5818 sic
742 5775 846 5817 Mss.
869 5772 1008 5833 juxta
1028 5780 1238 5823 Crtccum
1263 5781 1387 5824 Lxx.
1426 5784 1477 5825 At
1510 5777 1617 5825 laid.
1637 5812 1649 5836 ,
1684 5777 1731 5827 in
1762 5782 1988 5832 extremis
2013 5796 2113 5831 nta-

1781 418 1835 473 S.
1878 418 2237 475 AUGUSTINI
2281 416 2575 475 EPISCOPI

3680 422 3807 479 1791

2246 529 2556 598 Sirecipiam
2577 546 2765 599 pennas
2795 546 2928 585 meas
2957 532 3009 585 in
3034 532 3289 585 directum.
3319 530 3596 600 Recipiam,
3616 532 3801 604 inquit:

2243 632 2369 687 ergo
2383 620 2651 674 amiserat.
2672 620 2734 675 Si
2752 622 2989 690 recipiant
3016 637 3206 689 pennas
3226 637 3374 685 meas
3401 623 3453 674 in
3480 622 3727 688 directum,
3756 638 3806 681 et

2244 707 2473 761 habitabo
2492 710 2543 761 in
2570 711 2837 764 novissima
2877 710 3049 765 maris.
3090 709 3291 764 Etenim
3343 710 3466 763 illuc
3509 728 3681 766 manus
3718 724 3804 768 tua

2243 798 2451 851 deducet
2472 816 2568 865 nte,
2601 809 2647 853 et
2667 801 2879 854 adducet
2907 817 2984 853 nte
2999 801 3205 854 dextera
3232 812 3335 853 tua.
3356 800 3469 854 Hoc
3482 800 3804 867 meditemur,

2244 886 2431 943 fratres
2456 890 2786 955 eharissimi;
2822 890 2934 945 htec
2972 890 3041 944 sit
3067 904 3189 959 spes
3220 898 3418 955 nostra,
3453 890 3566 945 base
3593 893 3657 945 sit
3680 908 3805 947 con-

2242 980 2431 1034 solatio
2474 990 2674 1035 nostra.
2715 983 3053 1051 Recipiamus
3106 996 3307 1050 pennas
3351 996 3446 1049 per
3484 978 3840 1049 cbaritatem,'

2241 1084 2372 1139 quas
2419 1072 2693 1125 amisimus
2733 1088 2826 1142 per
2871 1072 3233 1141 cupiditatem.
3272 1070 3544 1141 Cupiditas
3577 1074 3707 1127 enim
3729 1060 3837 1126 vi-V

2240 1175 2387 1214 scum
2410 1162 2546 1216 facta
2602 1173 2683 1217 cst
2726 1178 3017 1232 pennarum
3069 1162 3567 1227 nostrarum;elisit
3605 1179 3695 1217 nos
3740 1166 3806 1219 de

2239 1251 2483 1307 libertate
2503 1254 2642 1307 aeris
2671 1254 2857 1319 nostri,
2908 1254 2960 1307 id
2984 1262 3067 1307 est
3111 1267 3360 1307 aurarum
3388 1253 3593 1307 illarum
3622 1255 3808 1309 libera-

2238 1359 2357 1397 rum
2384 1344 2609 1413 Spiritus
2630 1346 2743 1399 Dei.
2798 1346 2924 1399 Inde
2977 1347 3091 1401 elisi
3141 1346 3467 1415 perdidimus
3508 1362 3716 1415 pennas,
3756 1359 3809 1402 et

2237 1433 2433 1490 fuimus
2457 1438 2847 1505 quodammodo
2890 1438 3133 1507 captivati
3160 1439 3211 1491 in
3260 1438 3479 1507 aucupis
3508 1446 3767 1506 potestate
3798 1458 3811 1492 :

2239 1524 2361 1578 inde
2389 1540 2486 1578 nos
2531 1527 2785 1595 sanguine
2814 1542 2911 1581 suo
2940 1527 3184 1590 redemit,
3213 1541 3371 1596 quem
3399 1526 3622 1596 fugimus
3639 1538 3688 1581 ut
3720 1545 3814 1582 ca-

2238 1631 2502 1684 peremur.
2551 1618 2728 1671 Nutrit
2765 1618 2917 1672 nobis
2958 1632 3158 1687 pennas
3210 1617 3278 1671 de
3331 1619 3603 1686 prazceptis
3654 1619 3807 1681 suis;

2237 1705 2484 1774 erigimus
2510 1721 2599 1761 eas
2622 1707 2731 1775 jam
2763 1707 2875 1760 sine
2919 1708 3082 1761 visco.
3107 1706 3219 1759 Non
3248 1720 3487 1760 amemus
3529 1721 3691 1769 mare,
3718 1709 3806 1761 sed

2236 1795 2472 1849 volemus
2494 1796 2542 1848 in
2575 1805 2809 1851 extrema
2830 1797 3007 1850 maris.
3036 1796 3201 1851 Nemo
3227 1796 3455 1865 trepidet
3482 1811 3497 1861 ;
3539 1796 3629 1851 sed
3654 1812 3809 1850 nemo

2235 1886 2302 1939 de
2350 1888 2535 1955 pennis
2581 1889 2688 1943 suis
2758 1897 3043 1958 prmsumat
3071 1907 3083 1943 ε
3112 1890 3231 1959 quia
3279 1897 3333 1943 et
3384 1891 3809 1958 pennatos‘nisi

2236 1982 2347 2050 ipse
2376 1984 2562 2053 erigat,
2594 1985 2694 2038 nisi
2723 1989 2834 2055 ipse
2864 1986 3110 2053 deducat,
3140 1987 3587 2056 prtecipitabimur
3612 1990 3665 2043 in
3687 2005 3806 2059 pro-

2235 2073 2393 2129 funda
2419 2076 2599 2143 maris,
2620 2077 2795 2131 lassati
2822 2086 2874 2132 et
2904 2077 3123 2147 fatigati,
3153 2079 3301 2147 quasi
3330 2091 3716 2147 praesumentes
3742 2082 3809 2137 de

2234 2167 2432 2222 viribus
2464 2171 2678 2223 nostris.
2735 2169 2877 2237 Opus
2905 2184 3029 2239 ergo
3052 2178 3133 2223 est
3172 2179 3228 2223 ut
3258 2169 3547 2225 habeamus
3585 2187 3807 2241 pennas,

2234 2266 2286 2311 et
2314 2273 2446 2327 opus
2471 2268 2551 2313 est
2582 2270 2634 2313 ut
2660 2259 2773 2327 ipse
2798 2259 3055 2323 deducat;
3088 2259 3297 2329 adjutor
3326 2262 3467 2315 enim
3496 2272 3681 2317 noster
3707 2274 3805 2318 est.

2234 2346 2497 2401 Habemus
2522 2348 2741 2403 liberum
2772 2348 3048 2402 arbitrium
3081 2365 3093 2412 ;
3134 2349 3228 2404 sed
3255 2350 3344 2403 illo
3376 2350 3490 2419 ipso
3519 2350 3694 2406 libero
3722 2366 3808 2406 ar-

2232 2436 2388 2491 bitrio
2412 2448 2661 2507 quantum
2692 2454 2995 2508 possumus,
3047 2441 3147 2494 nisi
3180 2456 3276 2495 nos
3318 2440 3537 2511 adjuvet
3595 2443 3685 2498 ille
3724 2446 3808 2514 qui

2225 2534 2419 2605 jubet?
2450 2536 2647 2590 Etenim
2686 2537 2808 2590 illuc
2834 2554 3010 2591 manus
3036 2546 3121 2591 tua
3148 2537 3357 2591 deducet
3397 2554 3493 2604 me,
3522 2546 3568 2592 et
3597 2539 3809 2593 adducet

2229 2644 2306 2680 me
2331 2630 2534 2683 dextera
2562 2638 2664 2682 tua.

2300 2720 2383 2773 H.
2416 2718 2434 2792 [
2462 2735 2586 2773 vers.
2616 2720 2698 2773 11.
2726 2717 2743 2790 ]
2770 2718 2834 2772 Ει
2861 2719 3660 2790 consideranslonginquitatem
3690 2722 3804 2790 vite,

2224 2812 2349 2881 quid
2393 2811 2493 2867 sibi
2530 2812 2709 2866 dixit?
2749 2811 2961 2877 Etdixi,
3000 2810 3238 2866 Fortasse
3277 2814 3491 2866 tenebrat
3535 2814 3805 2868 conculca-

2225 2900 2345 2953 bunt
2374 2902 2468 2955 me.
2517 2901 2658 2956 Ecce
2706 2903 2846 2956 enim
2870 2902 2979 2971 jam
3023 2902 3221 2958 credidi
3263 2904 3317 2958 in
3369 2903 3674 2971 Christum,
3702 2906 3805 2976 jam

2224 2993 2396 3062 erigor
2420 2993 2622 3048 duabus
2648 2993 2746 3047 alis
2775 2994 2998 3063 gemina:
3026 2995 3318 3061 cbaritatis,
3360 3006 3415 3051 et
3452 2997 3691 3052 abundat
3714 3000 3806 3053 ini-

2222 3083 2394 3153 quitas
2424 3083 2589 3153 hujqu
2611 3084 2787 3139 seaculi
2815 3094 2894 3150 ;et
2927 3085 3176 3154 quoniam
3219 3086 3506 3142 abundavit
3532 3088 3801 3157 iniquitas,

2223 3172 2514 3243 refrigescit
2557 3174 2786 3228 charitas
2845 3176 3150 3229 multorum.
3189 3175 3275 3230 Sic
3321 3175 3455 3231 dixit
3501 3176 3802 3234 Dominus:

2225 3264 2471 3330 Quoniam
2510 3264 2779 3319 abundabit
2814 3266 3083 3336 iniquitas,
3111 3268 3393 3337 refrigescet
3417 3269 3640 3323 Charitas
3676 3273 3804 3325 mul-

2221 3365 2405 3409 torum.
2456 3356 2511 3410 ln
2571 3358 2665 3410 ista
2698 3357 2801 3410 vita
2846 3358 2981 3411 inter
3008 3364 3147 3411 tanta
3198 3357 3465 3425 scandala,
3500 3360 3641 3414 inter
3700 3370 3799 3415 tam

2222 3447 2383 3501 multa
2436 3456 2668 3517 peccata,
2725 3448 2863 3501 inter
2938 3456 3108 3501 tantas
3150 3448 3331 3502 turbas
3369 3450 3798 3518 quotidianarum

2222 3538 2587 3600 tentationum,
2619 3536 3041 3606 quotidianarum
3068 3538 3463 3608 suggestionum
3518 3542 3796 3606 malarum,

2221 3626 2345 3695 quid
2372 3626 2528 3692 facio,
2562 3626 2772 3695 inquit?
2798 3627 3064 3696 qumnodo
3104 3629 3413 3696 perveniam
3464 3629 3532 3683 ad
3562 3640 3798 3685 extrema

2222 3716 2428 3770 maris?
2453 3716 2620 3771 Audio
2648 3718 2952 3772 terribiliter
2981 3734 3008 3771 a
3042 3718 3287 3785 Domino,
3349 3720 3601 3784 Quoniam
3646 3722 3801 3775 abun-

2221 3808 2356 3862 dabit
2382 3809 2635 3877 iniquitas,
2668 3810 2951 3880 refrigescet
2997 3810 3217 3865 Charitas
3264 3813 3539 3866 multorum
3566 3829 3585 3867 :
3611 3814 3799 3869 deinde

2220 3900 2461 3968 subjecit,
2484 3901 2581 3965 Qui
2599 3903 2978 3973 perseveraverit
3007 3918 3159 3972 usque
3202 3904 3253 3956 in
3296 3904 3467 3971 ﬁnem,
3501 3904 3582 3957 hic
3636 3907 3799 3959 salvus

2220 3992 2309 4042 erit
2330 3990 2539 4061 (Matth.
2555 4007 2700 4057 xxiv,
2722 3991 2939 4064 12,15).
2967 3993 3258 4048 Attendens
3284 3995 3665 4065 longitudinem
3685 3998 3790 4064 vice,

2219 4080 2326 4134 dixi
2358 4082 2505 4148 mihi,
2541 4081 2777 4135 Fortasse
2827 4084 3037 4137 teuebra:
3064 4084 3426 4137 conculcabunt
3476 4101 3575 4139 me.
3611 4086 3677 4139 Et
3701 4103 3796 4139 nos

2218 4171 2518 4225 illuminatio
2545 4174 2564 4203 ’
2594 4173 2647 4226 in
2676 4173 2867 4227 deliciis
2912 4174 3049 4227 meis.
3082 4173 3241 4228 Facta
3270 4183 3353 4228 est
3378 4175 3503 4228 mihi
3540 4191 3645 4230 nox
3680 4178 3793 4231 illu-

2219 4264 2480 4319 minatio:
2519 4265 2640 4334 quia
2703 4265 2757 4319 in
2815 4275 2973 4319 nocte
3029 4280 3112 4319 me
3164 4266 3578 4335 desperaverant
3646 4283 3795 4337 posse

2222 4358 2449 4412 transire
2476 4366 2678 4411 tantum
2706 4372 2873 4423 mare,
2924 4366 2977 4411 et
3008 4366 3205 4411 tantam
3257 4358 3394 4411 viam
3445 4374 3724 4427 superare,
3746 4368 3794 4413 et

2222 4450 2400 4502 venire
2439 4448 2503 4501 ad
2530 4458 2823 4503 extremum
2876 4450 3261 4518 perseverando
3308 4464 3473 4518 usque
3525 4451 3575 4503 in
3620 4451 3791 4503 tinem.

2220 4538 2427 4594 Gratias
2458 4540 2531 4594 illi
2560 4540 2648 4609 qui
2676 4556 2762 4594 me
2784 4540 3025 4609 quaesivit
3050 4541 3343 4610 fugitivum,
3381 4543 3468 4610 qui
3501 4551 3647 4610 terga
3681 4556 3825 4607 mea;

2221 4631 2409 4701 ﬂagelli
2462 4630 2609 4700 plaga
2634 4633 2911 4701 percussit,
2945 4632 3031 4701 qui
3074 4648 3157 4685 me
3187 4632 3444 4697 vocando,
3482 4632 3551 4686 ab
3583 4634 3791 4687 interitu

2220 4723 2507 4790 revocavit,
2532 4724 2619 4792 qui
2660 4723 2782 4777 fecit
2828 4722 2956 4776 mihi
3010 4723 3361 4776 illuminatam
3411 4733 3643 4778 noctem.
3685 4723 3791 4777 Nox

2219 4825 2299 4870 est
2326 4815 2465 4869 enim
2494 4814 2744 4885 quamdiu
2775 4815 2873 4867 ista
2904 4814 3010 4868 vita
3045 4815 3234 4883 agitur.
3266 4814 3543 4881 Quomodo
3582 4824 3663 4870 est
3692 4829 3790 4867 nox

2223 4906 2556 4960 illuminata?
2599 4906 2732 4972 Quia
2796 4903 3038 4960 Christus
3106 4905 3380 4960 descendit
3427 4908 3480 4960 in
3564 4916 3788 4962 noctem.

2221 4996 2439 5065 Accepit
2458 4996 2697 5050 Christus
2713 5010 2926 5049 carnem
2956 4995 3021 5050 de
3053 4996 3155 5050 isto
3186 4996 3405 5063 Stceulo,
3435 5006 3488 5051 et
3526 4997 3789 5053 illumina-

2224 5086 2296 5139 vit
2326 5085 2475 5140 nobis
2502 5094 2732 5140 noctem.
2760 5085 3068 5140 Perdiderat
3089 5087 3227 5140 enim
3271 5086 3580 5142 drachmam
3609 5088 3787 5143 mulier

2223 5177 2309 5230 illa
2337 5193 2351 5241 ;
2381 5177 2622 5231 accendit
2660 5177 2927 5231 lucernam
2960 5176 2976 5245 (
3007 5176 3132 5231 Luc.
3153 5193 3243 5242 xv,
3269 5178 3301 5232 8
3331 5178 3371 5249 ).
3401 5178 3668 5249 Sapientia
3702 5180 3785 5234 Dei

2224 5268 2525 5337 perdiderat
2543 5268 2869 5323 drachmam.
2894 5268 3029 5335 Quid
3063 5278 3143 5323 est
3170 5268 3421 5323 drachma
3450 5271 3474 5322 ?
3516 5270 3784 5334 Nummus,

2224 5362 2272 5413 in
2304 5376 2409 5429 quo
2430 5375 2644 5414 nummo
2667 5361 2840 5429 imago
2878 5368 2991 5414 erat
3018 5360 3181 5429 ipsius
3213 5360 3551 5430 imperatoris
3602 5362 3783 5416 nostri.

2224 5452 2412 5505 Factus
2446 5460 2526 5505 est
2545 5452 2684 5504 enim
2712 5450 2872 5504 homo
2918 5450 2983 5504 ad
3012 5451 3291 5521 imaginem
3316 5452 3407 5506 Dei
3429 5451 3583 5523 (Gen.
3611 5468 3645 5516 ι,
3667 5450 3781 5520 27),

2221 5554 2274 5598 et
2298 5544 2544 5614 perierat.
2593 5544 2658 5598 Et
2688 5542 2813 5612 quid
2852 5543 2971 5598 fecit
3031 5544 3221 5598 mulier
3270 5546 3515 5615 sapiens?
3537 5544 3785 5600 Accendit

2230 5786 2238 5795 .
2288 5724 2301 5753 ι
2327 5730 2425 5769 Am.
2455 5726 2508 5832 (lit
2552 5719 2717 5783 plures
2742 5726 2868 5779 Mss,
2894 5722 3085 5781 pennati
3114 5733 3129 5769 :
3156 5733 3366 5773 moxauc
3398 5723 3515 5769 Corb
3557 5726 3657 5777 his,
3691 5715 3780 5769 nisi

2230 5797 2322 5832 inse
2346 5795 2460 5832 reaa
2486 5819 2496 5831 .

2432 5796 2496 5831 (ιι.

2346 5796 2399 5832 re
2432 5795 2496 5832 at.

2223 5795 2445 5897 msfﬂlg.
2478 5846 2763 5899 illuminatio
2793 5864 2912 5902 mea.
2941 5854 3100 5912 Abest,
3121 5868 3242 5915 nim,
3263 5866 3287 5902 a
3314 5859 3417 5901 Mss.
3438 5858 3484 5899 et
3513 5864 3536 5899 a
3562 5860 3685 5903 lxx.
