4084 6440
286 359 445 413 i793

280 470 593 527 lucernam.
644 472 883 530 Lucerna
932 475 997 529 de
1056 475 1166 531 luto
1214 487 1330 543 est,
1364 481 1455 534 sed
1495 480 1652 535 habet
1702 481 1875 536 lucem

276 578 395 632 qua
426 564 724 619 inveniatur
750 565 1022 620 drachma.
1050 567 1283 625 Lucerna
1311 583 1437 638 ergo
1465 571 1755 638 sapientiae,
1785 586 1875 626 ca-

272 664 346 707 ro
373 652 601 719 Christi,
632 654 699 708 de
753 654 864 709 luto
912 654 1044 710 facta
1076 666 1199 721 est;
1238 658 1332 712 sed
1364 658 1535 713 \‘erbo
1572 674 1670 713 suo
1717 661 1874 726 lucet,

274 743 776 814 invenitperditos.
822 746 889 799 Et
929 764 1030 801 nox
1073 748 1374 803 illuminatio
1399 750 1450 803 in
1488 751 1677 804 deliciis
1712 754 1833 806 meis
1859 769 1877 806 :

270 831 433 889 facta
459 844 540 890 est
567 836 695 889 mihi
742 851 844 891 nox
892 838 944 891 in
967 838 1191 891 deliciis.
1237 840 1444 894 Deliciae
1489 850 1688 894 nostra)
1721 842 1876 896 Chri-

269 934 429 980 stus.
462 926 647 981 Videte
669 927 1110 996 quemadmodum
1130 929 1195 982 de
1230 930 1318 983 illo
1347 931 1502 984 modo
1532 931 1870 1000 gaudeamus.

269 1018 571 1075 Clamores
587 1020 674 1076 isti
706 1022 889 1085 vestri,
913 1023 1098 1092 gaudia
1127 1024 1221 1076 ista
1254 1035 1424 1078 vestra
1448 1024 1583 1079 unde
1604 1035 1742 1089 sunt,
1791 1026 1872 1078 ni-

269 1109 321 1162 si
352 1110 427 1165 de
454 1110 703 1166 deliciis?
734 1112 885 1168 Unde
906 1122 1078 1167 autem
1110 1115 1222 1167 ista:
1244 1115 1462 1176 delicias,
1488 1117 1588 1169 nisi
1619 1117 1737 1185 quia
1768 1133 1873 1171 nox

270 1199 586 1255 Illuminata
638 1209 718 1255 est
748 1243 762 1268 ,
829 1203 927 1254 nisi
968 1204 1087 1272 quia
1138 1205 1288 1258 nobis
1322 1205 1564 1259 Christus
1620 1207 1874 1261 Dominus

274 1292 654 1359 praedicatur?
680 1293 808 1359 Quia
836 1294 1078 1362 quaesivit
1120 1309 1211 1348 vos
1258 1304 1535 1362 antequam
1565 1299 1872 1365 qurcrcretis

272 1391 509 1447 eum,et
535 1384 735 1439 invenit
780 1400 871 1437 vos
928 1394 986 1437 ut
1030 1386 1336 1441 inveniretis
1367 1402 1508 1441 eum.
1539 1386 1603 1439 Et
1629 1405 1729 1441 nox
1753 1390 1872 1442 illu-

273 1473 500 1525 minutio
522 1474 573 1525 in
593 1474 781 1526 deliciis
806 1475 944 1527 meis.
964 1478 970 1483 “

358 1564 452 1617 15.
497 1561 663 1635 [vers.
711 1563 843 1635 12.]
893 1564 1143 1631 Quoniam
1194 1568 1404 1619 tenebra:
1436 1583 1535 1621 non
1586 1568 1872 1622 obtenebra-

275 1652 477 1706 buntur
501 1663 621 1706 ate.
655 1653 732 1706 Tu
788 1669 915 1723 ergo
956 1655 1059 1707 noli
1118 1655 1657 1711 tenebraretcnebras
1704 1667 1866 1721 tuas;

275 1755 334 1798 et
373 1746 514 1801 Deus
542 1746 657 1800 illas
684 1762 786 1800 non
816 1748 1076 1813 tenebrat,
1101 1748 1190 1803 sed
1225 1751 1390 1818 magis
1415 1750 1713 1804 illuminat:
1744 1752 1865 1820 quia

278 1838 362 1891 illi
382 1838 581 1891 dictum
604 1846 684 1892 est
723 1839 772 1891 in
797 1839 899 1892 alio
930 1840 1144 1907 psalmo,
1173 1839 1250 1893 Tu
1278 1842 1585 1895 illuntinabis
1614 1842 1867 1895 lucernam

277 1944 470 1994 meam,
504 1926 720 1981 Domine
751 1944 770 1991 ;
806 1929 936 1981 Deus
962 1946 1116 1991 meus,
1149 1930 1453 1984 illuminabis
1485 1932 1706 1985 tenebras
1735 1948 1867 1985 meas

277 2018 296 2083 (
324 2016 619 2084 Psal.xvn,
652 2017 721 2070 29
754 2018 789 2087 ).
827 2018 923 2084 Qui
953 2028 1126 2071 autent
1148 2020 1424 2073 tenebrant
1448 2021 1691 2075 tenebras
1720 2036 1863 2088 suas,

276 2124 417 2178 quas
446 2110 585 2164 Deus
614 2125 717 2164 non
765 2110 1058 2165 tenebrat?
1112 2112 1364 2166 llomines
1418 2114 1560 2179 mali,
1616 2114 1863 2171 homines

278 2200 523 2267 perversi
552 2217 566 2251 :
595 2214 715 2253 cum
753 2212 993 2268 peccant,
1047 2202 1228 2271 utique
1274 2202 1507 2256 tenebrae
1548 2212 1710 2270 sunt;
1739 2205 1862 2260 dum

276 2305 389 2343 non
408 2291 733 2345 conﬁtentur
788 2302 1000 2361 peccata
1048 2309 1166 2361 qum
1207 2293 1463 2359 fecerunt,
1510 2296 1603 2351 sed
1651 2296 1865 2367 insuper

278 2377 594 2443 defendunt,
648 2380 923 2435 tenebrant
968 2382 1212 2437 tenebras
1266 2398 1409 2438 suas.
1479 2386 1617 2456 Ergo
1658 2387 1767 2457 jam
1818 2390 1862 2443 si

278 2470 538 2537 peccasti,
591 2470 643 2523 in
689 2470 922 2525 tenebris
975 2486 1080 2526 es:
1127 2472 1220 2527 sed
1272 2474 1574 2530 confitendo
1620 2478 1862 2532 tenebras

278 2568 421 2622 tuas,
446 2560 738 2615 merebcris
764 2561 1050 2616 illuminari
1073 2563 1318 2618 tenebras
1350 2573 1499 2631 tuas;
1528 2565 1861 2622 defendendo

275 2658 459 2704 autem
516 2650 763 2707 tenebras
784 2659 919 2717 tuas,
971 2653 1266 2708 tenebraris
1321 2654 1567 2710 tenebras
1623 2666 1760 2712 tuas.
1794 2656 1860 2711 Et

275 2741 494 2809 quando
512 2742 703 2801 evades
727 2758 757 2796 a
804 2743 1100 2812 duplicibus
1134 2746 1382 2814 tenebris,
1407 2748 1494 2817 qui
1522 2748 1573 2802 in
1604 2748 1858 2818 simplici-

278 2832 380 2885 bus
409 2833 689 2890 laborabas
717 2835 739 2887 ?
767 2835 917 2890 Unde
958 2846 1132 2891 autem
1164 2837 1416 2891 Dominus
1470 2855 1573 2893 non
1619 2842 1859 2896 tenebrat

278 2922 527 2976 tenebras
557 2934 763 2979 nostras
788 2925 810 2977 ?
838 2926 967 2993 Quia
1022 2942 1126 2981 non
1167 2943 1263 2982 nos
1307 2930 1431 2983 sinit
1488 2930 1741 2999 impunita
1773 2932 1859 2985 ha-

278 3013 404 3066 bere
442 3024 689 3082 peccata:
722 3015 949 3086 ﬂagellat
978 3032 1074 3071 nos
1096 3018 1163 3071 in‘
1188 3019 1302 3073 istis
1332 3019 1616 3084 laboribus,
1663 3031 1855 3077 eleru-

277 3104 639 3170 ditttos.Tot.'t
678 3106 775 3160 ista
813 3108 1021 3161 miseria
1046 3112 1256 3178 generis
1286 3110 1501 3163 humani
1551 3112 1601 3164 in
1643 3129 1741 3180 qua
1762 3129 1858 3181 ge-

278 3194 372 3246 mit
418 3196 668 3262 mundus,
700 3197 974 3262 noveritis,
1006 3197 1218 3264 fratres,
1272 3200 1392 3269 quia
1441 3200 1595 3254 dolor
1636 3203 1854 3257 medici-

276 3285 411 3337 nalis
434 3294 533 3350 cst,
562 3302 663 3337 non
708 3288 971 3341 sententia
1003 3289 1273 3357 poenalis.-
1308 3288 1501 3343 Videtis
1553 3291 1671 3359 quia
1702 3290 1852 3345 dolor

277 3375 489 3443 ubique,
523 3376 715 3445 ubique
763 3386 954 3441 metus,
998 3378 1190 3446 ubique
1219 3380 1527 3446 necessitas,
1559 3381 1748 3450 ubique
1774 3382 1852 3435 la-

277 3466 452 3520 bores.
485 3466 687 3522 Crescit
725 3470 961 3533 avaritia,
995 3469 1087 3523 sed
1116 3470 1166 3522 in
1198 3470 1371 3523 malis.
1403 3471 1459 3525 Si
1491 3471 1555 3525 ad
1588 3471 1687 3525 hoc
1719 3473 1853 3527 Deus

280 3557 361 3610 hic
391 3558 586 3611 talibus
610 3558 830 3627 ﬂagellis
852 3560 986 3612 eruit
1032 3574 1149 3624 nos,
1176 3568 1234 3613 ut
1263 3576 1368 3613 non
1409 3561 1751 3615 tenebrentur
1772 3572 1850 3617 te—

280 3648 456 3703 nebrze
492 3658 687 3704 nostra:
718 3667 730 3715 ;
767 3666 1111 3721 agnoscamus
1154 3666 1252 3705 nos
1312 3654 1411 3706 sub
1453 3668 1607 3722 poena
1662 3653 1850 3723 ﬂagelli

281 3754 414 3803 csse,
434 3747 486 3792 et
516 3739 890 3793 benedicamus
920 3741 1085 3794 Deum
1110 3742 1417 3796 miscentem
1472 3744 1850 3797 amaritudincs

280 3826 541 3881 dulcedini
570 3829 689 3883 vitae
740 3832 1058 3899 temporalis,
1112 3847 1177 3885 ne
1229 3833 1594 3900 temporalium
1638 3834 1851 3889 delicia-

283 3932 391 3969 rum
423 3917 772 3972 dclectatione
816 3920 1016 3985 calcati,
1064 3936 1170 3974 non
1226 3920 1586 3977 desideremus
1632 3923 1849 3980 delicias

279 4017 518 4072 :eternas,
549 4025 643 4063 nec
681 4011 901 4064 velimus
947 4012 1081 4064 finiri
1132 4028 1277 4066 mare
1304 4021 1357 4066 et
1395 4013 1629 4067 habitare
1660 4014 1710 4067 in
1753 4029 1848 4069 no-

283 4097 486 4149 vi~sima
517 4100 673 4152 maris
695 4101 729 4149 ί.
757 4100 983 4153 vaiant
1015 4117 1141 4170 ergo
1166 4101 1355 4155 ﬂuctus
1408 4103 1568 4155 maris
1601 4120 1615 4167 ;
1648 4114 1849 4173 quanto

282 4188 394 4254 plus
425 4189 647 4240 s:cviunt
690 4187 878 4243 ﬂuctus
916 4191 1077 4243 maris
1098 4233 1110 4255 ,
1145 4200 1287 4243 tanto
1315 4207 1371 4245 se
1397 4191 1481 4245 illa
1514 4207 1631 4246 cum
1660 4196 1847 4261 pennis

279 4277 518 4331 columba
565 4282 896 4348 suspendit'.
927 4282 1038 4335 Non
1088 4297 1213 4351 ergo
1244 4284 1481 4336 tenebrat
1530 4284 1672 4337 Deus
1704 4293 1847 4338 tene-

280 4367 397 4421 bras
424 4379 630 4423 nOStras
654 4388 668 4433 ;
694 4376 811 4439 quia
836 4373 1018 4425 miscet
1046 4372 1248 4439 ﬂagella
1296 4374 1523 4440 peccatis
1549 4375 1767 4436 nostris,
1793 4385 1845 4430 et

278 4459 648 4512 amaritudincs
678 4462 850 4528 pravis
870 4461 1232 4514 dulcedinibus
1262 4464 1473 4515 nostris.
1504 4461 1617 4515 Non
1638 4479 1733 4515 nos
1762 4474 1842 4517 te-

279 4550 556 4603 nebremus
580 4551 820 4604 tenebras
868 4536 1075 4604 nostras
1120 4551 1452 4604 defendendo
1505 4562 1718 4618 peccata
1752 4568 1844 4605 no-

276 4649 379 4691 stra
412 4656 426 4704 ;
464 4649 517 4693 et
542 4655 642 4693 nox
676 4640 985 4693 illuminatio
1017 4642 1067 4692 in
1102 4640 1304 4693 deliciis
1340 4640 1556 4693 nostris.
1594 4643 1844 4704 Quoniam

277 4729 484 4782 tenebra:
498 4746 593 4783 non
614 4729 1056 4783 obtenebrabuntur
1069 4746 1098 4781 a
1125 4739 1188 4781 te.

349 4818 433 4872 l6.
473 4818 538 4870 Et
579 4835 680 4872 nox
719 4830 953 4889 tanquam
999 4816 1106 4872 dies
1145 4819 1529 4873 illuminabitur.
1562 4819 1681 4873 Noa:
1724 4831 1836 4875 tan-

276 4923 423 4976 quam
448 4908 591 4961 dies:
616 4910 731 4963 dies
770 4909 922 4963 nobis
962 4909 1283 4977 prosperitas
1312 4910 1488 4963 surculi
1512 4951 1526 4974 ,
1556 4926 1656 4965 nox
1687 4912 1839 4966 nobis

274 4997 562 5052 adversitas
590 4999 768 5054 sseculi
800 5018 812 5052 :
843 5000 935 5054 sed
967 5002 1009 5055 si
1027 5015 1406 5070 cognoscamus
1422 5002 1610 5055 merito
1648 5018 1839 5070 pecca-

276 5103 443 5145 torum
472 5100 774 5145 nostrorum
818 5107 912 5146 nos
938 5091 1281 5146 adversitates
1310 5092 1437 5161 pati,
1467 5101 1519 5145 ct
1548 5092 1717 5146 dulcia
1746 5109 1834 5148 no—

277 5178 357 5233 bis
377 5180 481 5233 sint
506 5178 709 5251 ﬂagella
737 5180 928 5243 Patris,
956 5196 1021 5233 ne
1047 5180 1116 5233 sit
1141 5194 1320 5233 amara
1348 5180 1603 5233 sententia
1622 5180 1833 5249 judicis;

274 5270 351 5325 sic
370 5270 675 5326 habebimus
705 5272 949 5326 tenebras
977 5271 1145 5324 noctis
1172 5269 1349 5338 hujus,
1374 5270 1637 5338 quomodo
1659 5272 1836 5325 lumen

272 5362 438 5416 noctis
468 5361 644 5431 hujus.
685 5362 739 5417 Si
769 5378 873 5416 nox
914 5372 1020 5424 est,
1051 5360 1317 5429 quomodo
1360 5362 1427 5414 ibi
1461 5361 1544 5413 lux
1572 5362 1694 5415 est?
1722 5362 1834 5417 Nox

272 5459 384 5517 est,
412 5454 531 5522 quia
571 5462 779 5508 erratur
826 5453 909 5508 hic
952 5468 981 5506 a
1028 5467 1223 5521 genere
1267 5451 1494 5504 humano
1525 5470 1536 5504 :
1572 5468 1679 5505 nox
1728 5463 1830 5521 est,

335 5577 444 5648 {sic
465 5577 694 5647 meliores
715 5585 821 5625 Mss.
846 5583 901 5624 At
924 5576 1055 5633 Edd.,
1095 5574 1235 5637 [inire
1272 5589 1423 5634 mare,
1463 5581 1508 5625 et
1544 5575 1762 5627 habitare
1782 5578 1831 5627 in

268 5650 514 5688 ηοῑνιδδιηιο
534 5652 698 5689 maris.

332 5700 349 5729 ³
381 5706 515 5747 Cori).
543 5707 868 5766 us.,__tanto_se
889 5693 1046 5766 milia
1066 5707 1181 5743 cum
1198 5695 1359 5766 pennis
1379 5695 1607 5766 columba:
1631 5712 1824 5763 suspen-

267 5758 354 5809 dit.
380 5766 531 5817 Ferte,
558 5761 605 5808 in
628 5760 727 5818 illa,
752 5756 1132 5807 subaudiendum
1157 5763 1231 5804 est
1252 5756 1520 5809 novissima.

1331 367 1720 423 ENARRATIO
1763 370 1824 424 lN
1867 371 2183 429 PSALMUH
2221 376 2540 437 CXXXVIII.

1982 486 2101 553 quia
2150 490 2383 547 nondum
2432 498 2674 555 venimus
2718 503 2781 558 ad
2832 506 2978 564 illum
3032 514 3193 586 diem,
3244 537 3401 593 quem
3447 548 3554 591 non

1983 590 2216 635 coarctat
2253 583 2535 643 hesternos
2560 599 2613 647 et
2641 598 2902 654 crastinus
2932 618 2947 667 ;
2976 607 3069 661 sed
3104 583 3187 666 est
3212 583 3325 672 dies
3363 583 3555 694 peis};

1983 673 2101 694 ...κη
2173 672 2282 694 -ε--
2560 681 2571 692 .
2662 684 2673 694 .

1983 673 2102 782 tuus
2122 709 2137 735 ,
2171 672 2286 727 sine
2311 683 2456 744 ortu,
2486 681 2605 748 quia
2631 684 2746 741 sine
2772 702 2981 746 occasu.
3011 695 3126 752 Nox
3167 713 3248 758 est
3272 672 3550 782 ergb'hi'cv;

1980 759 2072 862 sed
2102 764 2384 831 quamdam
2425 770 2594 827 lucem
2625 790 2773 833 suam
2804 796 2906 837 nox
2949 786 3050 843 ista
3090 790 3274 862 habet,
3307 759 3362 855 ei
3398 759 3550 861 tene:

1978 847 2101 965 bras
2131 868 2276 910 suas.
2309 860 2481 924 Quare
2524 866 2590 918 sit
2626 873 2939 938 generaliter
2978 894 3082 934 nox
3129 847 3357 946 diximus
3386 910 3399 947 :
3428 911 3547 965 qua:

1977 948 2068 1041 est.
2090 940 2173 994 lux
2206 947 2375 1001 noctis
2414 948 2615 1019 hujus?
2653 957 2985 1028 Prosperitas
3010 978 3064 1022 et.
3092 940 3315 1032 felicitas
3356 940 3539 1041 sinit“);

1978 1026 2157 1141 hujus,
2197 1035 2443 1137 gaudium
2477 1046 2786 1113 temporale,
2831 1050 3002 1107 honor
3031 1065 3368 1132 temporalis,

1978 1116 2064 1218 bis
2097 1126 2377 1218 est-noctis
2408 1127 2581 1198 hujus.
2614 1135 2924 1196 Adversitas
2964 1116 3222 1207 autent-et
3242 1116 3545 1218 amarith

1976 1208 2368 1268 tribulationum
2397 1220 2475 1271 vel
2509 1222 2839 1293 ignobilitas,
2874 1241 3119 1305 tanquam
3164 1208 3546 1309 tenebric-sit‘n‘i

1977 1301 2147 1398 noctis
2178 1301 2352 1372 hujus.
2404 1308 2457 1362 ln
2505 1311 2601 1367 hac
2647 1328 2799 1372 nocte
2822 1362 2837 1384 ,
2870 1323 2921 1376 in
2952 1301 3051 1381 hac
3077 1336 3396 1393 mortalitate
3426 1343 3545 1398 vitae

1975 1387 2219 1448 humanm
2267 1395 2460 1454 habent
2507 1404 2748 1461 homines
2795 1411 3001 1479 lucem,
3055 1387 3544 1490 habentltomin‘es

1975 1482 2219 1537 tenebras
2247 1502 2260 1544 ;
2304 1486 2473 1543 lucem
2506 1499 2938 1567 prosperitatem,
2970 1510 3213 1566 tenebras
3250 1517 3543 1578 adversita-

1974 1578 2098 1625 tem.
2140 1575 2243 1630 Sed
2278 1579 2364 1633 ubi
2406 1586 2610 1639 venerit
2639 1588 2881 1648 Christus
2924 1596 3196 1668 Dominus,
3242 1615 3295 1660 ct
3338 1575 3544 1669 habita-

1971 1665 2107 1767 verit
2144 1667 2373 1724 animam
2406 1688 2500 1741 per
2528 1675 2707 1741 ﬁdem,
2739 1691 2789 1734 et
2832 1688 3130 1751 promiserit
3159 1695 3313 1750 aliam
3343 1698 3536 1771 lucem,

1971 1762 2024 1855 et
2064 1756 2398 1826 inspiraverit
2435 1774 2489 1819 et
2526 1767 2801 1826 donaverit
2834 1778 3166 1847 patientiam,
3198 1795 3253 1841 et
3280 1756 3542 1852 monuerii
3594 1836 3603 1855 ι

1971 1842 2236 1901 hominem
2266 1865 2369 1904 non
2392 1853 2638 1911 delectari
2659 1842 2943 1931 prosperis,
2971 1884 3038 1924 ne
3062 1871 3331 1945 frangatur
3356 1842 3542 1939 adver:

1969 1935 2042 1989 sis
2066 1953 2080 2002 ;
2110 1939 2295 2010 incipit
2321 1943 2481 2001 homo
2509 1947 2677 2005 ﬁdelis
2703 1953 3063 2016 indiﬂ‘erenter
3091 1968 3162 2018 uti
3181 1935 3390 2027 inuade
3414 1976 3536 2042 isto,

1970 2041 2067 2081 nec
2096 2031 2277 2136 extolli
2302 2036 2512 2103 quando
2543 2054 2629 2095 res
2656 2057 2924 2113 prosperae
2953 2053 3215 2120 accidunt,
3244 2074 3341 2114 nec
3371 2031 3537 2136 frangi

1967 2121 2180 2187 quando
2205 2139 2292 2179 res
2315 2126 2554 2185 adversm
2575 2143 2717 2200 sunt,
2742 2140 2831 2193 sed
2861 2142 3051 2226 ub'uue
3074 2146 3352 2208 Dominum
3376 2121 3539 2215 ben;-

1965 2210 2176 2281 dicere;
2206 2232 2313 2272 non
2339 2220 2507 2276 solum
2535 2228 2741 2293 quando
2762 2210 3007 2299 abundat,
3031 2238 3123 2293 sed
3146 2242 3302 2298 etiam
3324 2210 3535 2316 quando

1964 2305 2194 2372 amittit;
2244 2324 2348 2365 non
2393 2314 2562 2369 solum
2613 2321 2823 2387 quando
2871 2339 3031 2382 sanus
3075 2341 3188 2395 est,
3236 2305 3532 2397 sed-etiam

1964 2398 2173 2486 quando
2218 2413 2473 2472 :egrotat;
2520 2417 2575 2461 ut
2621 2410 2690 2464 sit
2734 2412 2784 2466 in
2834 2414 2923 2469 illo
2964 2434 3084 2474 vera
3130 2423 3215 2477 illa
3257 2432 3529 2486 cantatio:

1962 2485 2261 2543 Benedicam
2299 2493 2575 2552 Dominum
2616 2501 2667 2554 in
2710 2507 2845 2558 onmi
2886 2517 3146 2577 tempore;
3182 2531 3376 2585 semper
3419 2522 3533 2575 laus

1960 2851 2285 2919 adversitas,
2324 2873 2536 2928 semper
2563 2863 2628 2916 sit
2673 2865 2784 2919 laus
2824 2869 2937 2935 ejus
2977 2870 3029 2924 in
3074 2888 3167 2928 ore
3201 2884 3290 2931 tuo
3318 2896 3332 2930 :
3363 2888 3416 2933 et
3441 2881 3532 2936 [iet

1962 2944 2051 3041 tibi
2078 2948 2217 3014 quod
2247 2952 2405 3004 modo
2430 2953 2625 3008 dictum
2658 2968 2763 3022 est,
2794 2961 2938 3015 Sicut
2969 2968 3180 3022 tenebra:
3208 2973 3317 3041 ejus
3338 3015 3351 3037 ,
3383 2976 3455 3028 sic
3483 2988 3531 3032 et

1961 3032 2128 3087 lumen
2155 3038 2276 3106 ejus.
2323 3039 2439 3094 Non
2470 3059 2553 3098 me
2593 3049 2905 3105 conculcant
2948 3056 3179 3110 tenebrte
3223 3032 3370 3130 ejus,
3403 3068 3524 3133 quia

1960 3139 2061 3177 non
2092 3142 2174 3180 me
2202 3131 2408 3185 extollit
2442 3133 2619 3189 lumen
2651 3138 2783 3205 ejus.

2029 3218 2115 3270 l7.
2159 3219 2293 3275 Ecce
2321 3222 2483 3279 habes
2537 3227 2711 3282 lumen
2756 3231 2918 3298 ipsius
2950 3234 3000 3288 in
3044 3236 3145 3291 Job
3182 3242 3526 3300 :abundabat

1898 3360 1901 3365 ,
1955 3308 2202 3364 omnibus
2241 3312 2419 3366 rebus.
2472 3315 2582 3368 Lux
2629 3320 2799 3373 noctis
2843 3322 2893 3374 in
2946 3324 3087 3380 illius
3129 3328 3324 3386 divitiis
3354 3335 3522 3402 prima

1954 3398 2311 3455 describitur:
2346 3408 2554 3473 quantis
2597 3410 2757 3465 rebus
2799 3423 2852 3467 et
2897 3427 3090 3485 quanta
3132 3423 3282 3491 copia
3326 3398 3525 3481 redun-

1954 3488 2129 3554 dabat,
2161 3492 2248 3547 lux
2273 3504 2387 3548 erat
2415 3499 2584 3553 noctis
2611 3500 2745 3569 ejus.
2780 3503 2986 3561 Putavit
3016 3488 3259 3567 inimicus
3283 3526 3526 3586 propter-

1954 3595 2014 3634 ea
2078 3582 2227 3636 illum
2260 3586 2420 3641 talem
2448 3589 2619 3643 virum
2648 3593 2823 3648 colere
2855 3596 3049 3664 Deum,
3080 3603 3200 3670 quia
3229 3582 3316 3658 illa
3349 3582 3524 3664 omnia

1953 3668 2239 3726 donaverat
2268 3674 2315 3728 ei
2342 3692 2356 3740 ;
2398 3685 2450 3729 et
2477 3680 2665 3746 petivit
2694 3691 2749 3735 ut
2775 3668 3110 3741 aul‘errcntur
3134 3690 3199 3743 ab
3232 3707 3296 3746 eo
3324 3711 3336 3745 :
3372 3694 3523 3750 facta;

1952 3768 2074 3812 sunt
2105 3763 2337 3817 tenebrae
2366 3768 2533 3822 noctis
2570 3769 2711 3824 illius
2739 3787 2855 3839 qua:
2882 3775 3050 3841 primo
3079 3777 3304 3832 habebat
3328 3782 3519 3837 lucem.

1951 3849 2179 3906 Noverat
2210 3860 2386 3907 tamen
2414 3856 2503 3910 ille
2523 3898 2537 3920 ,
2568 3859 2679 3913 sive
2720 3861 2807 3913 lux
2849 3861 2917 3914 ibi
2946 3874 3120 3930 esset,
3152 3867 3262 3922 sive
3293 3872 3522 3928 tenebrze

1952 3941 2094 3996 illam
2122 3953 2330 3998 noctem
2363 3961 2503 4012 esse,
2536 3949 2585 4001 in
2618 3965 2719 4016 qua
2752 3955 3175 4021 peregrinaretur
3199 3973 3228 4011 a
3257 3959 3363 4013 Deo
3392 3977 3519 4027 suo;

1951 4040 2003 4084 et
2034 4031 2258 4086 habebat
2290 4033 2596 4089 interiorem
2631 4038 2797 4093 lucem
2829 4040 2996 4107 ipsum
3028 4043 3190 4098 Deum
3222 4061 3395 4113 suum,
3429 4066 3523 4119 per

1950 4140 2104 4192 quam
2154 4125 2324 4179 lucem
2378 4127 2680 4183 interiorem
2734 4133 3093 4191 indiﬂ‘ercnter
3144 4138 3364 4198 haberet
3409 4146 3520 4200 sive

1950 4215 2195 4269 tenebras
2224 4218 2392 4272 noctis
2421 4219 2580 4285 illius,
2610 4222 2722 4275 sive
2747 4223 2938 4278 lucem.
2972 4227 3253 4296 Propterea
3279 4274 3293 4297 ,
3317 4235 3435 4301 quia
3465 4237 3518 4290 in

1949 4305 2064 4359 luce
2091 4308 2261 4360 noctis
2290 4309 2448 4372 illius,
2476 4310 2527 4363 id
2556 4322 2636 4364 est
2665 4314 2713 4367 in
2742 4331 2917 4369 rerum
2944 4319 3283 4389 abundantia,
3310 4328 3520 4383 colebat

1949 4394 2112 4448 Deum
2136 4438 2149 4460 ,
2182 4397 2371 4452 ablatis
2400 4400 2471 4452 illi
2502 4403 2745 4458 omnibus
2775 4406 2933 4459 rebus
2953 4449 2965 4468 ,
3000 4420 3339 4482 posteaquam
3371 4416 3520 4473 facta:

1947 4498 2068 4538 sunt
2098 4489 2326 4544 tenebrte
2366 4492 2538 4558 illius,
2572 4495 2693 4563 quid
2739 4497 2873 4551 dixit
2917 4501 3043 4555 ille?
3087 4502 3332 4561 Dominus
3362 4510 3517 4575 dedit,

1947 4574 2194 4630 Dominus
2215 4580 2453 4645 abstulit;
2481 4584 2609 4636 sicut
2632 4585 2849 4641 Domino
2876 4591 3084 4658 placuit,
3110 4595 3180 4646 ita
3200 4596 3389 4663 factum
3416 4612 3517 4653 est:

1945 4667 2009 4717 sit
2048 4684 2225 4723 nomen
2280 4671 2483 4726 Domini
2526 4675 2833 4731 benedictum
2867 4681 2983 4749 (Job
3012 4684 3079 4752 t).
3113 4684 3166 4736 ln
3208 4697 3359 4741 nocte
3400 4704 3514 4742 sum

1944 4756 2171 4824 quadam
2200 4760 2320 4813 vitae
2354 4762 2512 4830 hujus
2543 4783 2554 4818 :
2590 4766 2842 4823 Dominus
2869 4786 3017 4824 meus
3038 4813 3051 4834 ,
3084 4773 3283 4841 inquit,
3316 4776 3515 4832 habitat

1944 4861 2037 4900 cor
2061 4863 2235 4903 meum
2264 4867 2277 4912 ;
2326 4851 2642 4908 illuminavit
2672 4858 2799 4911 mihi
2830 4860 3028 4914 solatiis
3070 4862 3381 4929 quibusdam
3414 4882 3513 4920 no-

1943 4943 2079 4989 ctem
2104 4938 2277 5003 istam,
2300 4943 2511 5009 quando
2535 4943 2680 4998 dedit
2708 4948 2887 5015 copias
2912 4964 3086 5002 rerum
3114 4955 3510 5020 temporalium:

1942 5027 2202 5081 subtraxit
2248 5030 2415 5099 ipsam
2447 5034 2615 5089 lucem
2656 5038 3027 5104 temporalem,
3072 5049 3125 5094 et
3167 5045 3316 5109 quasi
3360 5056 3509 5102 tene—

1941 5118 2088 5172 brata
2133 5129 2214 5175 est
2261 5137 2383 5176 nox.
2434 5124 2537 5178 Sed
2581 5125 2699 5192 quia
2745 5126 2871 5178 sicut
2915 5128 3126 5182 tenebra:
3162 5132 3305 5199 ejus,
3348 5137 3419 5189 sic
3463 5150 3511 5191 et

1941 5208 2105 5262 lumen
2144 5212 2252 5280 ejus
2280 5229 2297 5263 :
2319 5212 2566 5266 Dominus
2610 5214 2776 5279 dedit,
2810 5212 3073 5271 Dominus
3099 5220 3343 5286 abstulit;
3386 5227 3513 5280 sicut

1939 5297 2159 5353 Domino
2206 5303 2429 5369 placuit,
2476 5304 2545 5355 ita
2587 5308 2773 5373 factum
2816 5316 2887 5358 est
2926 5324 2943 5359 :
2980 5310 3041 5361 sit
3072 5327 3267 5366 nantem
3305 5314 3512 5371 Domini

1938 5388 2266 5443 benedictum.
2311 5391 2426 5443 Non
2457 5406 2573 5444 sum
2613 5393 2776 5447 tristis
2806 5393 2859 5448 in
2888 5408 3039 5452 nocte
3066 5398 3163 5454 hac
3185 5443 3199 5466 ,
3231 5404 3352 5471 quia
3383 5406 3509 5459 sicut

1938 5480 2149 5533 tenebrae
2178 5481 2304 5548 ejus,
2332 5482 2403 5533 sic
2432 5491 2477 5533 et
2518 5481 2684 5535 lurnen
2712 5486 2837 5554 ejus.
2876 5486 3162 5558 Utrumque
3202 5494 3410 5553 transit,
3454 5506 3509 5548 ut

1936 5572 2024 5639 qui
2056 5571 2286 5639 gaudent
2315 5581 2561 5640 tanquam
2590 5588 2695 5627 non
2722 5577 3013 5643 gaudentes
3034 5580 3157 5644 sint,
3187 5590 3239 5634 et
3266 5583 3351 5649 qui
3378 5582 3507 5636 ﬂent

1936 5669 2180 5729 tanquam
2212 5677 2317 5716 non
2347 5663 2529 5717 ﬂentes
2560 5665 2665 5716 sint
2692 5669 2706 5731 (
2734 5663 2753 5717 Ι
2780 5665 2893 5719 Cor.
2926 5683 3016 5733 vn,
3047 5668 3153 5738 ’50)
3179 5686 3191 5731 ;
3224 5670 3343 5738 quia
3377 5671 3504 5725 sicut

1934 5751 2144 5805 teucbm’
2170 5753 2295 5822 ejus,
2322 5754 2391 5805 sic
2420 5765 2464 5808 et
2493 5756 2655 5806 lumen
2684 5757 2809 5824 ejus.
