4084 6462
662 410 799 466 1795

732 522 819 577 18.
862 515 1030 590 [υεγδ.
1068 508 1185 580 13.]
1229 503 1478 573 Quoniam
1520 508 1572 552 tu
1612 493 1873 567 possedisti
1912 508 2050 544 renes
2077 504 2231 551 meos,

661 580 893 669 Domine.
940 604 1054 661 Non
1088 601 1202 655 sine
1242 609 1424 659 causa,
1469 590 1617 645 Sicut
1656 584 1868 640 tenebrat
1906 582 2038 651 ejus,
2084 580 2153 633 sic
2195 586 2241 631 et

663 707 827 758 lumen
847 700 976 769 ejus.
1009 694 1154 747 lntus
1181 697 1261 745 est
1286 695 1601 757 possessor:
1626 692 1732 732 non
1761 674 1932 730 solum
1958 686 2050 726 cor
2076 675 2239 732 tenet,

661 760 946 849 scd‘etiam
973 796 1168 847 renes;
1216 792 1323 833 non
1352 775 1523 830 solum
1550 767 1895 840 cogitationes
1913 804 1928 829 ,
1960 760 2055 817 sed
2084 760 2243 815 etiam

662 878 1060 936 delectationes.
1094 872 1212 940 Ipse
1238 880 1366 936 ergo
1396 860 1633 933 possidet
1670 855 1810 913 unde
1838 868 1923 908 me
1957 851 2247 906 delectaret

664 969 865 1040 aliquid
896 966 1028 1021 lucis
1071 964 1123 1017 in
1168 968 1361 1022 nocte;
1395 956 1508 1025 ipse
1536 960 1681 1006 tenet
1717 961 1873 1003 renes
1912 957 2062 999 meos
2095 959 2108 994 :
2140 954 2244 994 non

665 1061 789 1115 novi
818 1055 1074 1113 delectari
1102 1050 1203 1106 nisi
1230 1049 1298 1104 de
1326 1047 1443 1101 luce
1474 1042 1727 1098 interiore
1753 1034 2027 1107 sapientiae
2058 1030 2243 1101 ipsius.

664 1152 803 1219 Quid
834 1148 1011 1219 ergo?
1058 1159 1163 1200 non
1203 1137 1485 1196 delectaris
1534 1134 1601 1188 de
1646 1127 2001 1201 prosperitate
2043 1137 2244 1186 rerum,
2282 1135 2288 1141 ·

664 1210 733 1301 de
760 1210 1017 1299 felicitate
1050 1246 1368 1304 temporum,
1399 1228 1467 1282 de
1496 1222 1806 1284 honoribus,
1837 1217 1904 1272 de
1933 1214 2151 1277 divitiis,
2182 1210 2249 1266 de

668 1333 900 1391 familia?
931 1331 1045 1384 Non
1073 1326 1327 1386 delector,
1355 1317 1541 1387 inquit.
1571 1310 1782 1381 Quare?
1810 1309 1942 1376 Quia
1968 1307 2093 1360 sicut
2117 1313 2251 1356 teuc-

668 1429 771 1481 bra:
793 1428 921 1495 ejus,
947 1424 1016 1475 sic
1036 1429 1083 1473 et
1109 1420 1277 1471 lumen
1298 1414 1424 1482 ejus.
1452 1407 1605 1464 Unde
1632 1404 1725 1459 tibi
1747 1405 1845 1457 ista
1873 1396 2247 1459 indiderentia,

670 1526 726 1570 ut
769 1484 918 1569 sicut
951 1509 1184 1565 tenebrae
1224 1502 1373 1572 ejus,
1419 1499 1495 1553 sic
1540 1496 1611 1551 sit
1655 1494 1748 1548 tibi
1789 1500 1843 1546 et
1886 1491 2063 1543 lumen
2094 1484 2251 1555 ejus?

670 1604 850 1661 unde?
904 1599 1157 1667 Quoniam
1204 1605 1258 1648 tu
1303 1588 1568 1663 possedisti
1609 1600 1755 1639 rencs
1797 1596 1967 1644 meos,
1996 1577 2251 1640 Domine;

669 1694 929 1765 suscepisti
959 1706 1036 1744 me
1060 1704 1122 1744 ea:
1142 1694 1279 1740 utero
1302 1682 1476 1735 matris
1503 1693 1642 1733 mete.
1672 1676 1807 1730 Dum
1829 1686 2005 1728 essem
2027 1671 2078 1723 in
2102 1678 2255 1723 utero

672 1760 858 1843 matris
905 1796 1073 1847 meae,
1126 1792 1231 1831 non
1281 1770 1643 1827 indifferenter
1695 1764 1956 1820 habebam
2009 1760 2256 1816 tenebras

673 1879 818 1933 illius
861 1873 1033 1928 noctis
1072 1877 1126 1923 et
1170 1867 1342 1919 lucem
1390 1861 1531 1916 illius
1576 1856 1769 1913 noctis.
1816 1852 2028 1908 Etenim
2077 1859 2257 1905 uterus

674 1968 860 2025 matris
886 1978 1050 2029 mea),
1080 1954 1412 2015 consuetudo
1441 1949 1671 2008 civitatis
1697 1960 1831 2002 mere
1870 1944 1990 1999 fuit.
2021 1942 2151 2009 Quae
2177 1948 2259 1995 est

674 2060 763 2114 illa
800 2054 1028 2112 civitas?
1074 2051 1203 2118 Quae
1246 2058 1345 2101 nos
1387 2041 1560 2113 primo
1606 2038 1789 2109 genuit
1835 2036 1889 2090 in
1931 2033 2256 2103 captivitate.

674 2149 927 2204 Novimus
948 2139 1295 2213 Babyloniam
1324 2134 1467 2189 illam
1492 2131 1558 2187 de
1584 2143 1687 2200 qua
1708 2128 1962 2183 hesterno
1983 2124 2069 2178 die
2094 2121 2258 2176 locuti

679 2251 898 2302 sumus,
932 2232 1074 2289 unde
1118 2227 1528 2300 proficiscuntur
1574 2232 1762 2274 omnes
1805 2216 1896 2286 qui
1942 2213 2168 2269 credunt
2206 2219 2262 2265 et

677 2328 945 2399 suspirant
969 2324 1045 2379 illi
1070 2322 1197 2386 luci,
1221 2314 1513 2374 Jerusalem
1535 2308 1741 2367 caelesti
1762 2310 1800 2359 ⁸.
1829 2306 1943 2376 Ego
1963 2319 2090 2375 ergo
2110 2302 2223 2358 dixi
2244 2318 2257 2356 :

681 2421 761 2475 Ex
791 2428 944 2474 utero
970 2412 1154 2470 matris
1183 2424 1313 2465 meae
1342 2413 1623 2473 susceptus
1651 2416 1769 2456 sum
1795 2415 1823 2453 a
1847 2397 2110 2461 Domino;
2140 2395 2263 2450 inde

680 2510 811 2566 mihi
838 2508 1073 2563 tenebrzn
1102 2502 1273 2558 noetis
1302 2498 1458 2567 hujus
1486 2503 1540 2551 et
1567 2494 1656 2550 lux
1695 2491 1853 2561 hujus
1890 2488 2062 2544 noctis
2102 2486 2259 2541 indif-

681 2604 911 2658 ferentes
937 2597 1088 2652 factae
1129 2601 1269 2649 sunt.
1320 2589 1421 2657 Qui
1464 2593 1643 2642 autem
1677 2590 1760 2639 est
1802 2582 1858 2635 in
1897 2588 2049 2635 utero
2076 2577 2264 2632 matris

682 2693 827 2747 illius
856 2687 1157 2759 Babyloniae
1178 2727 1191 2748 ,
1226 2681 1421 2753 gaudet
1450 2676 1719 2749 prosperis
1748 2672 1958 2739 saeculi,
2005 2668 2265 2739 frangitur

686 2758 1096 2836 adversitatibus
1119 2773 1298 2830 saeculi
1324 2788 1337 2836 ;
1372 2784 1478 2825 non
1505 2767 1653 2823 novit
1680 2763 1912 2835 gaudere
1941 2762 2041 2816 nisi
2067 2758 2265 2829 aliquid

685 2882 1009 2941 prosperum
1039 2864 1247 2919 eveniat
1276 2858 1564 2915 secundum
1595 2867 1823 2923 tempus,
1846 2867 1946 2907 nec
1973 2851 2118 2906 novit
2140 2864 2267 2904 con-

692 2958 891 3015 tristari
920 2956 1019 3010 nisi
1047 2951 1245 3023 aliquid
1270 2950 1549 3004 adversum
1575 2946 1790 3000 eveniat
1818 2942 2107 2998 secundum
2136 2949 2269 2995 tem-

687 3063 806 3121 pus.
854 3048 971 3102 iam
1019 3044 1104 3099 cxi
1149 3042 1215 3096 de
1264 3050 1413 3095 utero
1458 3035 1783 3106 Babyloniae,
1832 3034 2008 3103 incipe
2052 3040 2269 3087 cantare

688 3142 948 3212 hymnum
976 3136 1199 3191 Domino
1229 3152 1241 3187 :
1269 3129 1544 3203 egredere,
1570 3136 1624 3182 et
1650 3139 1868 3181 nascere
1892 3142 1906 3191 ;
1938 3124 2193 3193 suscipiet
2221 3131 2271 3178 te

689 3236 937 3290 Deus'ex
984 3239 1139 3284 utero
1184 3224 1369 3281 matris
1416 3231 1561 3285 tuae.
1588 3218 1719 3286 Quis
1763 3217 1948 3273 Deus?
1998 3215 2137 3270 Deus
2184 3214 2272 3268 ille

689 3324 915 3397 apostoli
938 3322 1120 3386 Pauli,
1152 3318 1241 3388 qui
1269 3315 1400 3370 dixit
1430 3331 1442 3366 :
1469 3312 1595 3367 Cum
1618 3319 1785 3363 autem
1816 3307 2007 3378 placuit
2027 3306 2158 3370 Deo,
2186 3304 2274 3373 qui

690 3434 770 3471 me
807 3414 1080 3486 segregavit
1121 3411 1183 3463 de
1224 3418 1364 3463 utero
1393 3405 1568 3459 matris
1598 3418 1720 3456 mete
1740 3443 1755 3469 ,
1786 3401 2007 3455 revelare
2036 3400 2056 3429 ²
2081 3397 2273 3451 Filium

692 3523 844 3562 suum
868 3506 921 3557 in
946 3519 1024 3556 me
1049 3500 1242 3571 (Galat.
1277 3515 1325 3563 ι,
1362 3497 1426 3551 15
1445 3537 1459 3561 ,
1486 3493 1611 3564 16).
1643 3493 1773 3559 Qua:
1796 3491 1937 3546 enim
1964 3497 2080 3544 erat
2105 3498 2275 3543 mater

693 3598 845 3668 ejus?
873 3595 1169 3665 Synagoga.
1201 3592 1267 3644 Et
1300 3589 1367 3643 ibi
1404 3586 1529 3657 quid
1560 3584 1848 3648 didicerat,
1878 3583 1979 3635 nisi
2004 3581 2145 3651 quod
2176 3580 2274 3634 ha-

700 3689 900 3744 bebant
945 3693 1003 3739 et
1051 3682 1347 3738 didicerant
1387 3676 1488 3747 ipsi
1533 3673 1702 3730 Judaei
1739 3680 1796 3728 et
1844 3671 1958 3741 ipse
2002 3669 2276 3739 populus?

693 3780 899 3835 Nomen
925 3776 979 3831 in
1008 3766 1110 3828 illis
1134 3777 1464 3826 remanserat
1488 3764 1660 3820 laudis
1687 3763 1779 3819 Dei
1809 3779 1824 3827 ;
1860 3760 1995 3816 facta
2020 3766 2196 3814 autem
2222 3758 2277 3813 in

694 3874 772 3928 eis
803 3885 909 3925 non
935 3864 1340 3921 inveniebantur
1366 3878 1377 3912 :
1410 3865 1563 3914 erant
1592 3857 1645 3910 in
1688 3854 1766 3909 eis
1788 3853 1949 3908 verba
1977 3850 2093 3917 Dei,
2124 3848 2276 3919 quasi

694 3966 820 4021 folia
849 3964 901 4017 in
934 3961 1122 4015 arbore
1142 3999 1157 4023 ,
1189 3966 1241 4011 et
1266 3954 1467 4009 fructus
1509 3962 1790 4019 nusquam.
1820 3944 2003 4000 Talem
2033 3942 2278 3998 arborem

696 4055 804 4121 fici,
836 4054 974 4108 sicut
1002 4048 1192 4114 nostis,
1224 4058 1346 4100 cum
1373 4041 1629 4097 Dominus
1655 4036 1968 4102 invenisset,
1995 4032 2277 4088 maledicto

695 4144 934 4202 arefecit.
968 4139 1174 4195 Invenit
1203 4136 1343 4191 enim
1377 4135 1430 4188 in
1460 4147 1524 4186 ea
1551 4130 1695 4193 folia,
1729 4136 1784 4182 et
1808 4124 2035 4179 fructum
2065 4137 2170 4177 non
2202 4124 2280 4176 in-

698 4237 844 4293 venit
875 4252 888 4288 :
920 4230 1202 4303 quamdam
1232 4225 1384 4280 nobis
1415 4223 1660 4277 arborem
1691 4216 1970 4287 figurabat.
2009 4213 2141 4268 Nam
2172 4211 2282 4267 fru-

700 4337 878 4381 ctuum
906 4302 1120 4377 illorum
1150 4327 1361 4385 tempus
1388 4311 1622 4367 nondum
1652 4315 1767 4364 erat
1795 4305 2011 4375 (Matth.
2042 4320 2149 4368 xxi,
2183 4302 2279 4366 i9;

702 4426 747 4470 et
775 4414 940 4467 Marc.
967 4428 1041 4476 χι,
1067 4410 1153 4472 1⁸5,
1178 4405 1278 4475 id)
1305 4422 1318 4458 :
1347 4402 1489 4473 quod
1514 4412 1701 4456 omnes
1728 4395 1973 4451 homines
2002 4400 2278 4456 noverant,

703 4504 890 4561 artifex
937 4500 1061 4556 coeli
1107 4506 1161 4553 et
1214 4505 1371 4550 terra:
1417 4507 1522 4547 non
1576 4488 1838 4545 noverat?
1884 4487 2023 4555 Ergo
2068 4485 2153 4538 ille
2196 4483 2285 4552 qui

705 4594 924 4651 Paulum
952 4587 1248 4660 segregavit
1277 4583 1343 4639 ab
1376 4590 1528 4636 utero
1568 4577 1753 4633 matris
1783 4590 1922 4642 suae,
1966 4574 2078 4643 ipse
2108 4581 2159 4627 et
2189 4584 2286 4626 nos

705 4683 1004 4757 segregarit
1040 4679 1107 4733 ab
1134 4686 1288 4732 utero
1319 4672 1503 4727 matris
1533 4678 1750 4724 nostrae.
1784 4666 1945 4736 Cujus
1971 4664 2156 4719 matris
2188 4678 2284 4716 no-

706 4756 873 4834 strae?
920 4774 1063 4829 lllius
1090 4766 1416 4840 Babylonius.
1448 4762 1691 4831 Suscepti
1732 4774 1859 4830 ergo
1888 4774 1953 4815 ex
1995 4764 2145 4812 utero
2174 4756 2283 4823 illo,

704 4875 813 4944 jam
840 4868 1155 4937 incipiamus
1182 4861 1381 4916 habere
1407 4857 1563 4911 aliam
1589 4868 1759 4924 spem.
1786 4852 2051 4916 Promisit,
2076 4849 2287 4915 fratres,

710 4940 875 5035 quare
918 4953 1268 5029 gaudeatis“;
1316 4950 1520 5005 fructus
1564 4945 1722 5001 facite
1759 4942 1914 5014 positi
1957 4942 2008 4995 in
2039 4940 2142 4995 alia
2173 4953 2286 5009 spe.

710 5033 830 5110 iam
877 5064 982 5105 non
1026 5046 1268 5102 novimus
1309 5041 1507 5096 malum
1553 5037 1653 5093 nisi
1694 5034 1966 5091 offendere
2005 5033 2195 5096 Deum,
2239 5038 2293 5084 et

712 5158 817 5199 non
848 5137 1065 5210 perduci
1104 5135 1172 5190 ad
1210 5133 1297 5188 illa
1337 5145 1455 5200 quae
1485 5126 1765 5199 promisit;
1798 5138 1897 5180 nec
1927 5122 2170 5177 novimus
2197 5120 2293 5175 bo-

714 5248 841 5289 num
871 5230 973 5285 nisi
1011 5222 1304 5298 promereri
1349 5222 1540 5287 Deum,
1586 5227 1640 5273 et
1681 5214 1897 5287 perduci
1935 5212 2002 5266 ad
2046 5212 2135 5267 illa
2176 5225 2293 5279 quas

714 5321 995 5397 promittit.
1026 5316 1163 5387 Quid
1188 5316 1274 5369 illa
1300 5314 1439 5369 bona
1463 5309 1646 5366 mundi
1668 5309 1845 5379 hujus,
1868 5313 1921 5361 et
1941 5303 2080 5358 mala
2108 5301 2292 5356 mundi

780 5460 795 5489 ι
832 5454 1019 5515 Aliquot
1041 5458 1170 5509 Mss.,
1207 5444 1427 5498 caelestis.
1461 5449 1515 5493 Et
1545 5456 1656 5493 mox
1682 5442 1857 5505 Regius
1881 5445 1982 5498 Ms,
2020 5444 2116 5499 Ego
2160 5446 2291 5498 ergo,

717 5517 864 5576 dixit,
887 5527 951 5564 ea:
974 5518 1125 5569 utero,
1152 5516 1246 5559 etc.

778 5554 947 5625 Tim:
976 5554 1503 5632 ἓῗδῖέεῖξῇνίεάίεανε.
1546 5562 1787 5627 tauloque
1834 5569 1943 5624 post
1987 5567 2092 5609 Mss.
2128 5554 2295 5619 plures

715 5643 961 5694 omittunt,
984 5642 1029 5684 et
1054 5632 1343 5694 didicerant.

782 5681 1196 5758 irritataquam,
1234 5692 1343 5752 jam
1366 5686 1621 5758 incipinuts
1643 5681 1981 5758 haberenaliam
2003 5691 2151 5743 spem.
2179 5686 2295 5758 Pro-

718 5763 797 5820 sit,
827 5743 1050 5815 ﬁnitas;
1087 5743 1254 5817 quare"
1273 5743 1510 5817 gaudetis.
1554 5755 1607 5795 Et
1645 5743 1861 5796 nonnulli
1914 5747 2290 5804 prosequuntur,

723 5826 957 5873 fructuose
981 5819 1123 5877 agite.

1798 382 1855 436 S.
1898 376 2261 434 AUGUSTINl
2304 377 2601 432 EPlSCOl’l

3746 383 3845 437 H96

2351 488 2543 557 hujus?
2572 486 2936 541 fndiﬂercnter
2968 487 3251 540 habeamus
3276 504 3287 551 ;
3319 487 3437 555 quia
3462 487 3564 556 jan:
3591 494 3782 562 suscepti
3801 498 3849 549 ab

2349 589 2499 633 utero
2529 579 2667 633 illius
2702 578 2884 631 matris
2924 586 3121 631 nostrae
3166 576 3519 632 indifferenter
3544 594 3602 633 ea
3630 582 3848 641 habemes.

2348 668 2593 736 dicimus,
2638 668 2783 723 Sicut
2824 667 3037 721 tenebrae
3074 668 3214 737 ejus,
3247 669 3319 721 sic
3358 679 3402 721 et
3446 670 3604 724 lumen
3627 673 3737 741 eius.
3774 676 3848 732 Nec

2351 759 2571 814 felicitas
2599 758 2777 814 saeculi
2807 773 2906 812 nos
2936 758 3057 813 facit
3088 760 3292 825 beatos,
3327 774 3424 813 nec
3449 760 3713 819 adversitas
3736 768 3853 823 misc-

2350 863 2460 904 ros.
2492 849 2637 918 Opus
2665 857 2747 904 est
2783 849 3045 918 justitiam
3092 858 3272 903 tenere
3292 891 3307 913 ,
3337 849 3490 903 fidem
3518 850 3740 922 diligere,
3765 870 3854 926 spe-

2351 955 2470 995 rare
2500 941 2550 995 in
2580 941 2743 995 Deum
2767 980 2783 1008 ,
2812 940 3032 1010 diligere
3059 940 3222 994 Deum
3241 941 3497 1009 ,,tiiligere
3520 950 3572 997 et
3602 945 3855 1011 proximum.

2354 1034 2479 1090 Post
2512 1035 2644 1088 istos
2673 1033 2885 1089 labores
2913 1033 3222 1088 habebimus
3262 1032 3573 1089 indefessam
3602 1036 3766 1103 lucem,
3791 1040 3857 1092 hn-

2356 1124 2597 1180 bcbimus
2641 1124 2783 1179 diem
2826 1124 2940 1179 sine
2980 1138 3214 1178 occasu:
3251 1124 3440 1177 transit
3474 1124 3703 1196 quidquid
3737 1131 3858 1183 cstin

2359 1217 2456 1271 ista
2486 1224 2641 1270 nocte
2669 1214 2900 1270 lucidum
2930 1224 2983 1269 et
3014 1214 3375 1269 tenebrosum.
3408 1213 3641 1278 Quoniam
3665 1226 3710 1270 tu
3732 1236 3859 1288 posse-

2358 1308 2477 1361 disti
2505 1324 2645 1361 renes
2675 1324 2840 1373 meos,
2874 1305 3127 1368 Domine;
3156 1307 3418 1374 suscepisti
3448 1323 3522 1360 me
3556 1324 3613 1361 ea:
3646 1318 3761 1363 utero
3784 1328 3861 1364 ma-

2360 1411 2449 1452 ll’is
2480 1415 2620 1451 mete.

2432 1488 2516 1543 19.
2557 1487 2719 1559 [θεῖε.
2750 1486 2862 1558 14.]
2893 1486 3176 1557 Conﬁtebor
3199 1488 3310 1556 tibi,
3342 1487 3562 1551 Domine,
3585 1492 3865 1559 quoniavtter-

2360 1586 2569 1639 ribiliter
2607 1584 2904 1652 miriﬁcatus
2941 1600 3013 1637 es.
3062 1582 3378 1638 Terribiliter
3418 1585 3690 1652 miriﬁcatus
3722 1603 3865 1642 enea

2364 1677 2480 1745 ipso
2508 1674 2650 1745 quod
2680 1682 2730 1730 te
2762 1675 3017 1729 miramur
3036 1716 3050 1741 ,
3080 1683 3133 1729 tu
3160 1673 3413 1729 terribilis
3439 1689 3531 1739 es;
3562 1690 3667 1730 cum
3693 1688 3866 1733 tremore

2363 1766 2674 1837 gaudemus.
2722 1766 2994 1819 'l‘imcmus
3033 1764 3174 1820 enim
3205 1780 3275 1819 ne
3303 1764 3371 1819 de
3411 1765 3559 1820 donis
3587 1767 3675 1820 tuis
3701 1784 3777 1822 nos
3798 1784 3866 1822 cx-

2367 1857 2615 1912 tollentes
2661 1871 2759 1925 per
2801 1855 3105 1925 superbiam
3132 1897 3146 1922 ,
3189 1870 3495 1909 mereamur
3521 1856 3734 1912 amittere
3766 1859 3867 1927 quod

2370 1948 2668 2002 humilitate
2700 1946 3055 2016 percepimus.
3087 1945 3375 2013 Conﬁtebor
3413 1947 3526 2012 tibi,
3555 1946 3753 2014 Domine,
3777 1966 3867 2018 quo-

2367 2040 2505 2093 niam
2534 2039 2818 2092 terribiliter
2847 2039 3149 2106 miri/icatus
3177 2054 3230 2091 es
3258 2054 3276 2089 :
3305 2038 3551 2091 mirabilia
3576 2055 3708 2108 opera
3729 2050 3817 2106 tua,
3838 2050 3867 2093 et

2368 2133 2539 2186 anima
2566 2148 2675 2186 mea
2710 2132 2958 2201 cognoscit
3005 2131 3165 2184 valde.
3197 2129 3315 2185 Jam
3343 2133 3601 2201 cognoscit
3622 2132 3765 2187 anima
3786 2148 3866 2187 mea

2369 2222 2523 2278 valde
2549 2240 2562 2289 ;
2595 2222 2846 2292 quoniam
2875 2222 3153 2291 suscepisti
3183 2236 3272 2275 me
3299 2236 3365 2275 ex
3397 2230 3543 2276 utero
3566 2223 3725 2278 matris
3746 2237 3867 2276 mete:

2371 2324 2527 2371 antea
2559 2329 2688 2369 vero
2717 2314 2993 2369 mirificata
3024 2323 3104 2369 est
3144 2315 3371 2370 scientia
3417 2322 3501 2369 tua
3543 2332 3603 2370 ex
3636 2330 3735 2381 me;
3762 2317 3867 2369 inta-

2372 2407 2565 2471 luerat,
2596 2420 2694 2460 nec
2720 2413 2958 2475 poteram
2980 2405 3046 2460 ad
3073 2404 3245 2461 illam.
3277 2406 3418 2476 Ergo
3443 2421 3503 2460 ex
3526 2420 3603 2460 me
3626 2406 3866 2471 invaluerat,

2373 2514 2471 2553 nec
2496 2506 2735 2569 poteram
2762 2497 2827 2551 ad
2856 2498 3020 2551 illam.
3050 2497 3209 2553 Unde
3235 2497 3395 2553 modo
3419 2498 3585 2552 anima
3605 2513 3705 2553 mea
3728 2513 3870 2569 cogat»

2374 2595 2475 2648 scit
2496 2592 2651 2649 valde
2671 2634 2685 2659 ,
2716 2592 2817 2647 nisi
2845 2593 2965 2662 quia
2994 2606 3095 2648 nox
3128 2592 3450 2649 illuminatio
3488 2592 3537 2646 in
3576 2591 3750 2646 deliciis
3778 2590 3870 2648 meis

2374 2686 2499 2741 est?
2544 2684 2644 2738 nisi
2687 2683 2811 2753 quia
2840 2683 2984 2738 venit
3023 2682 3153 2737 mihi
3192 2683 3364 2752 gratia
3405 2692 3524 2748 tua,
3550 2692 3601 2738 et
3631 2682 3869 2737 illuminavit

2375 2774 2622 2830 tenebras
2653 2774 2842 2829 meas?
2884 2774 2986 2828 nisi
3012 2774 3133 2843 quia
3167 2782 3225 2827 tu
3258 2774 3532 2843 possedisti
3570 2787 3703 2828 renes
3732 2774 3869 2826 meost

2376 2868 2476 2922 nisi
2508 2868 2630 2937 quia
2660 2876 2715 2921 tu
2746 2866 3027 2935 suscepisti
3055 2880 3141 2921 me
3168 2881 3239 2921 ex
3270 2872 3421 2921 utero
3450 2867 3622 2920 matris
3643 2864 3785 2919 meae?

2447 2956 2537 3012 20.
2581 2954 2887 3028 [vers.15.]
2928 2954 2982 3008 Ν
2986 2972 3049 3009 οη
3077 2966 3148 3010 est
3175 2956 3523 3011 absconditum
3556 2973 3604 3009 os
3627 2971 3760 3009 meum
3782 2970 3805 3005 a
3825 2964 3870 3015 te,

2377 3050 2512 3119 quod
2541 3048 2701 3117 fecisti
2728 3048 2781 3101 in
2810 3048 3123 3102 abscondito.
3154 3048 3231 3103 Os
3262 3060 3415 3103 suum
3446 3048 3565 3103 dicit
3590 3067 3603 3101 :
3627 3047 3743 3117 quod
3763 3044 3871 3113 vulgo

2378 3140 2572 3194 dicitur
2599 3154 2799 3205 ossum,
2848 3140 3009 3195 latine
3045 3154 3106 3195 os
3146 3138 3365 3195 dicitur.
3396 3140 3503 3195 Hoc
3528 3140 3574 3194 in
3597 3152 3743 3209 grzeco
3766 3138 3871 3189 invo-

2379 3231 2521 3285 nitur
2548 3230 2646 3302 (a).
2679 3229 2808 3285 Nam
2855 3245 3133 3301 possemus
3170 3230 3266 3286 hic
3307 3241 3489 3302 putare
3524 3246 3578 3285 os
3613 3245 3737 3294 esse,
3761 3227 3872 3280 abeo

2381 3324 2523 3394 quod
2552 3332 2677 3377 sunt
2701 3337 2830 3388 ora;
2874 3338 2981 3377 non
3010 3336 3071 3377 os
3110 3332 3364 3399 correpte
3389 3324 3439 3399 ‘A,
3477 3324 3540 3378 ab
3567 3330 3631 3376 eo’
3650 3320 3762 3390 quod
3787 3326 3873 3372 sunt

2381 3430 2525 3471 ossa.
2554 3412 2676 3468 Non
2701 3423 2771 3468 est
2799 3430 2924 3483 ergo
2951 3394 3539 3483 abscondi‘tunifinquit,
3564 3430 3613 3467 os
3635 3426 3763 3464 meum
3785 3425 3808 3459 a
3826 3417 3871 3470 te,

2383 3506 2518 3576 quod
2544 3505 2704 3575 fecisti
2729 3504 2782 3556 in
2811 3504 3126 3557 abscondito.
3168 3503 3358 3559 Habeo
3385 3505 3437 3558 in
3465 3501 3733 3557 abscondito
3753 3496 3873 3568 quod-

2384 3597 2506 3651 dam
2533 3610 2737 3650 ossum.
2779 3593 2871 3651 Sic
2913 3596 3055 3649 enim
3094 3595 3277 3664 potius
3324 3595 3623 3665 loquamur:
3652 3591 3801 3646 melius
3818 3597 3873 3640 est

2386 3687 2778 3758 reprehendant
2810 3702 2909 3741 nos
2951 3687 3310 3756 grammatici,
3341 3703 3493 3756 quam
3533 3702 3625 3740 non
3654 3680 3874 3748 intelligant

2386 3782 2585 3852 populi.
2615 3781 2754 3850 Ergo
2775 3789 2877 3847 est,
2905 3779 3093 3850 inquit,
3123 3780 3395 3848 quoddam
3416 3794 3583 3834 ossum
3608 3791 3755 3830 meum
3775 3774 3874 3825 intus

2388 3873 2441 3927 in
2466 3871 2810 3937 abscondito;
2844 3879 2898 3924 tu
2924 3869 3097 3925 fecisti
3128 3870 3279 3925 intus
3302 3885 3477 3925 ossum
3504 3868 3621 3922 mihi
3650 3867 3691 3920 in
3711 3864 3874 3916 abscon-

2386 3964 2521 4031 dito,
2568 3973 2620 4018 et
2665 3976 2773 4017 non
2818 3970 2901 4017 est
2946 3960 3320 4016 absconditum
3361 3976 3390 4014 a
3431 3968 3501 4015 te.
3552 3957 3602 4011 In
3638 3949 3873 4010 abscondito

2389 4057 2532 4112 enim
2576 4054 2786 4119 fecisti;
2826 4053 2918 4109 sed
2950 4054 3206 4123 numquid
3249 4064 3304 4109 et
3348 4053 3441 4108 tibi
3469 4053 3562 4106 hoc
3593 4039 3873 4103 abscondisti?

2392 4148 2504 4202 Hoc
2530 4161 2709 4203 ossum
2735 4160 2911 4201 meum
2942 4144 3140 4199 factum
3168 4161 3197 4198 a
3234 4156 3286 4200 te
3316 4146 3369 4199 in
3393 4141 3673 4199 abscondito
3697 4135 3874 4191 homines

2393 4254 2499 4293 non
2528 4238 2739 4302 vident,
2772 4236 3019 4291 homines
3049 4251 3157 4292 non
3189 4243 3490 4301 noverunt;
3522 4243 3571 4288 tu
3593 4240 3736 4286 autem
3761 4221 3872 4281 nosti,

2392 4331 2481 4401 qui
2510 4330 2696 4385 fecisti.
2742 4329 2893 4395 Quod
2934 4344 3062 4399 ergo
3097 4343 3158 4384 os
3184 4329 3349 4395 dicit,
3387 4328 3567 4383 fratres
3584 4326 3604 4377 ’ἰ
3644 4322 3875 4389 Qumramus

2395 4421 2521 4475 illud
2548 4437 2561 4486 ;
2606 4420 2657 4474 in
2687 4418 3004 4474 abscondito
3032 4428 3135 4474 est.
3179 4419 3287 4475 Sed
3326 4420 3445 4489 quia
3480 4412 3717 4473 christiani
3748 4409 3785 4461 in
3807 4419 3875 4458 nos

2395 4513 2537 4566 mine
2572 4511 2780 4566 Domini
2806 4510 3111 4565 Christianis
3158 4511 3458 4581 loquimur,
3484 4505 3628 4562 modo
3654 4497 3877 4558 invenimus

2396 4603 2538 4675 quod
2568 4603 2638 4657 sit
2663 4617 2845 4657 ossum
2871 4601 3199 4671 lmjusmodi.
3232 4601 3479 4655 Firmitas
3500 4595 3709 4668 qumdam
3735 4598 3796 4644 est
3818 4586 3875 4638 in-

2397 4696 2560 4749 terior
2584 4711 2598 4760 ;
2635 4693 2757 4762 quia
2785 4693 2837 4746 in
2874 4692 3083 4747 ossibus
3114 4692 3339 4745 firmitas
3364 4702 3417 4744 et
3445 4686 3673 4743 fortitudo
3697 4674 3878 4743 intelligi-

2398 4797 2503 4841 tur.
2537 4784 2633 4839 Est
2662 4797 2790 4854 ergo
2832 4782 3073 4852 qumdam
3112 4782 3305 4835 animm
3348 4779 3563 4834 interior
3592 4760 3877 4828 firmitas.ubi

2399 4893 2503 4933 non
2545 4853 2801 4946 frangitur
2826 4876 2866 4927 ’.
2904 4873 3166 4941 Quaelibet
3206 4880 3463 4927 tormenta
3484 4910 3497 4935 ,
3527 4864 3736 4938 qumlibet
3758 4853 3877 4911 tribu-

2398 4969 2644 5032 lationcs,
2670 4944 2928 5035 quaelibet
2966 4965 3119 5032 hujus
3147 4963 3329 5017 saeculi
3362 4958 3683 5015 adversitates
3709 4944 3877 5009 undiqlle

2400 5058 2654 5122 smviant;
2684 5054 2813 5110 illud
2838 5053 2977 5124 quod
3006 5054 3145 5108 Deus
3176 5053 3227 5107 in
3255 5049 3558 5106 abscondito
3582 5042 3687 5099 fecit
3706 5038 3877 5092 firmum.

2401 5151 2454 5204 in
2484 5147 2639 5203 nobis
2664 5146 2833 5215 frangi
2855 5120 2960 5199 non
2984 5153 3178 5214 potest,
3204 5161 3239 5216 ῄ
3250 5157 3316 5211 an
3340 5141 3493 5196 cedit.
3517 5139 3556 5192 Α
3575 5130 3761 5190 Domino
3778 5120 3877 5177 enim

2401 5240 2538 5296 facta
2568 5248 2650 5295 est
2692 5236 2937 5307 quaedam
2969 5236 3190 5309 firmitas
3219 5232 3484 5304 patientia:
3512 5233 3712 5285 nostros.
3737 5216 3789 5270 ἀί)
3808 5222 3878 5279 (11³³

2403 5332 2595 5387 dicitur
2634 5330 2687 5384 in
2726 5329 2833 5385 alio
2872 5329 3115 5399 psalmo:
3151 5308 3494 5381 Verumtamen
3532 5320 3626 5373 Dco
3658 5306 3876 5379 subjicietur

2438 5530 2482 5637 (ei
2511 5527 2581 5575 sic
2612 5532 2719 5574 Mss.
2747 5531 2802 5574 Al
2824 5531 2921 5572 Am.
2950 5532 3001 5574 et
3022 5526 3115 5584 Et,
3138 5536 3191 5574 os
3213 5526 3453 5583 corrupte.
3477 5524 3574 5565 Iov.
3608 5517 3739 5561 assunt
3757 5511 3878 5551 corm-

2404 5601 2488 5681 pw’
2509 5649 2579 5695 sic
2608 5655 2702 5695 tm.
2732 5655 2784 5696 ct
2806 5654 2910 5697 Mss.
2939 5656 2993 5698 Αῑ
3031 5653 3102 5695 Er.
3128 5654 3179 5697 et
3210 5654 3344 5704 Lov.,
3384 5637 3568 5691 interior
3591 5633 3664 5691 vis,
3688 5624 3753 5677 ubi
3770 5615 3878 5685 Ῑῖηηί·

2402 5717 2472 5761 tas
2496 5722 2587 5758 non
2609 5708 2867 5772 frangitur.

2469 5795 2540 5857 (ιι)
2566 5792 2755 5845 Ostcun.
