4084 6486
262 430 394 485 i797

259 548 431 599 anima
461 558 570 595 utea
595 557 613 604 ;
642 540 883 611 quoniam
910 541 970 593 ub
999 542 1105 610 ipso
1134 541 1378 610 patientia
1405 556 1517 593 mea
1538 538 1709 610 (Psal.
1736 554 1841 605 LXI,

259 636 351 705 6).
396 635 462 688 Et
507 631 725 687 attende
758 631 1056 700 apostolum
1090 630 1352 713 Paulum,’
1376 629 1659 685 habentem
1704 630 1846 684 intus

259 726 363 781 hoc
391 738 558 794 genus
603 721 912 776 ﬁrmitatis:
948 720 1110 786 Quasi
1152 722 1349 787 tristes,
1392 720 1602 790 inquit;
1649 736 1843 790 semper

258 827 427 870 autent
453 814 726 886 gaudentes
769 811 848 884 (II
870 811 987 866 Cor.
1014 826 1064 866 v1
1087 852 1101 878 ,
1131 810 1255 882 10).
1291 809 1445 866 Unde
1469 815 1612 882 quasi
1639 809 1845 864 tristes?

258 905 610 962 Contumeliis
634 944 648 969 ,
682 903 981 973 opprobriis
1006 944 1020 970 ,
1064 901 1554 972 persecutionibus,
1599 900 1844 972 ﬁagellis,

260 999 453 1070 plagis,
483 995 917 1066 lapidationibus,
948 994 1272 1059 carceribus,
1306 993 1531 1048 catenis.
1574 992 1705 1059 Quis
1739 1006 1845 1046 non

259 1104 354 1145 eos
414 1089 640 1143 miseros
689 1095 815 1141 tunc
871 1084 1247 1140 existimaret?
1293 1083 1402 1138 Nec
1448 1083 1525 1137 illi
1570 1083 1675 1152 ipsi
1719 1097 1844 1153 per-

228 1170 538 1255 isecutores
584 1179 833 1235 saevirent
885 1180 935 1232 in
982 1191 1111 1244 eos,
1160 1176 1262 1231 nisi
1305 1184 1553 1246 putarent
1599 1188 1694 1229 eos
1741 1174 1845 1229 mi-

260 1288 412 1330 seros
460 1273 575 1328 ﬁeri
625 1269 1088 1341 persecutionibus
1138 1268 1268 1323 suis.
1324 1266 1404 1321 Illi
1452 1266 1595 1322 enim
1642 1279 1735 1320 eos
1780 1280 1846 1320 ex

260 1382 355 1422 sua
396 1364 703 1419 inﬁrmitate
745 1361 1100 1431 conjiciehant
1128 1401 1142 1427 ,
1182 1360 1271 1430 qui
1311 1375 1418 1415 non
1458 1358 1722 1414 habebant
1762 1372 1848 1413 os-

259 1472 380 1514 sttm
426 1454 794 1510 absconditum
840 1453 1109 1507 interius:
1143 1452 1218 1506 illi
1253 1467 1381 1507 vero
1422 1452 1511 1521 qui
1557 1450 1841 1514 habebant,

262 1548 576 1604 hominibus
604 1547 733 1602 foris
763 1546 940 1601 tristes
969 1544 1315 1609 videbantur,
1346 1544 1489 1599 intus
1516 1551 1691 1598 autem
1718 1558 1846 1614 gau-

260 1639 464 1694 debant
492 1637 639 1698 Deo;
685 1635 769 1690 cui
801 1650 905 1690 non
935 1643 1051 1690 erat
1079 1634 1447 1690 absconditum
1487 1649 1668 1689 ossum
1700 1635 1843 1703 ipso-

260 1745 409 1795 rum,
440 1728 581 1799 quod
619 1728 816 1782 fecerat
855 1728 907 1781 in
949 1726 1280 1781 abscondito.
1322 1727 1507 1796 Aperit
1534 1734 1709 1781 autem
1746 1727 1846 1782 hoc

259 1835 445 1876 ossum
486 1821 540 1874 in
583 1817 896 1873 abscondito
944 1816 1139 1873 factum
1170 1832 1199 1871 a
1231 1818 1340 1873 Deo
1386 1817 1526 1872 idem
1575 1818 1846 1887 apostolus

260 1914 479 1978 Paulus,
527 1910 609 1965 his
647 1910 824 1964 verbis
854 1926 866 1962 :
902 1908 1020 1963 Non
1063 1910 1228 1963 solum
1274 1917 1471 1973 autem,
1519 1908 1717 1979 inquit,
1760 1909 1846 1964 sed

260 2007 414 2058 etiam
434 2002 711 2072 gloriamur
737 2001 788 2054 in
816 2000 1239 2054 tribulationibus.
1269 2002 1464 2055 Parum
1489 2008 1571 2055 est
1591 2001 1712 2071 quia
1738 2016 1845 2056 non

263 2109 319 2148 es
350 2092 551 2158 tristis,
580 2091 676 2146 sed
702 2099 758 2147 et
781 2091 1071 2161 gloriaris?
1111 2090 1351 2146 Sufﬁciat
1380 2090 1474 2145 tibi
1505 2091 1707 2145 tristem
1738 2106 1845 2147 non

262 2200 403 2241 esse.
456 2185 649 2239 Parum
696 2193 805 2252 est,
857 2184 1047 2254 inquit,
1092 2182 1411 2240 Christianis
1457 2201 1472 2237 :
1516 2186 1618 2240 tale
1664 2199 1845 2240 ossum

261 2277 393 2331 mihi
427 2275 551 2332 fecit
594 2275 646 2330 in
677 2274 989 2330 abscondito
1016 2315 1030 2340 ,
1077 2285 1135 2329 ut
1164 2288 1350 2344 parum
1395 2275 1465 2329 sit
1505 2289 1610 2330 non
1650 2273 1843 2345 frangi,

262 2367 365 2421 nisi
394 2366 555 2422 etiam
580 2364 795 2435 glorier.
824 2364 978 2420 Unde
1007 2365 1290 2435 gloriaris?
1319 2363 1387 2417 In
1416 2365 1842 2433 tribulationibus,

263 2464 477 2515 scientes
500 2457 619 2527 quia
649 2456 904 2510 tribulatio
935 2457 1230 2527 patientiam
1261 2465 1516 2526 aperatur.
1548 2456 1679 2512 Vide
1716 2472 1848 2527 quo-

265 2549 429 2605 modo
454 2550 679 2605 formata
703 2548 774 2604 sit
796 2549 884 2602 illa
908 2547 1129 2602 ﬁrmitas
1152 2549 1291 2603 intus
1318 2550 1370 2603 in
1396 2549 1557 2605 corde
1581 2567 1594 2599 :
1621 2550 1847 2605 Scientes

258 2639 507 2707 quoniam
531 2637 787 2691 tribulatio
828 2637 1122 2708 patientiam
1161 2648 1431 2707 operatur,
1460 2640 1699 2707 patientia
1729 2656 1847 2709 pro-

260 2732 549 2796 bationem,
582 2729 807 2799 probatio
841 2744 1016 2799 spem;
1060 2746 1174 2799 spes
1202 2740 1369 2784 autem
1398 2747 1499 2785 non
1539 2730 1846 2801 confundit:

254 2822 505 2891 quoniam
534 2819 754 2874 charitas
796 2817 893 2872 Dei
939 2818 1129 2886 diffusa
1171 2829 1242 2874 est
1287 2821 1341 2874 in
1384 2820 1620 2874 cordibus
1663 2820 1848 2874 nostris

258 2929 364 2983 per
378 2912 631 2982 Spiritum
646 2920 895 2977 sanctum,
915 2911 1000 2980 qui
1024 2912 1170 2965 datus
1192 2921 1261 2966 est
1281 2911 1606 2982 nobis(Rom.
1631 2928 1687 2979 ν,
1701 2910 1843 2981 5-5).

256 3006 355 3061 Sic
382 3004 665 3058 formatum
688 3011 849 3071 atque
870 3004 1137 3056 ﬁrmatum
1158 3010 1241 3057 est
1266 3016 1445 3057 ossum
1469 3002 1597 3057 illud
1623 3003 1847 3057 abscon-

256 3094 457 3161 ditum,
486 3101 544 3148 ut
570 3092 725 3147 faciat
753 3106 850 3147 nos
876 3092 1035 3147 etiam
1065 3092 1283 3162 gloriari
1314 3093 1367 3147 in
1398 3093 1843 3149 tribulationibus.

256 3187 373 3241 Sed
403 3186 641 3240 videmur
687 3183 990 3240 hominibus
1038 3185 1253 3252 miseri,
1304 3185 1428 3255 quia
1475 3184 1845 3243 absconditum

256 3285 352 3331 est
375 3276 451 3330 eis
491 3274 631 3344 quod
659 3274 918 3330 habemus
948 3275 1291 3330 intrinsecus.
1322 3274 1443 3329 Non
1470 3284 1543 3329 est
1582 3275 1847 3330 abscondi-

257 3379 375 3422 tum
400 3385 457 3422 os
482 3384 643 3421 meum
674 3385 705 3420 a
736 3378 781 3421 te
802 3409 816 3433 ,
850 3367 986 3434 quod
1021 3368 1183 3436 fecisti
1210 3368 1263 3421 in
1291 3366 1583 3422 abscondito
1612 3383 1630 3420 :
1662 3377 1707 3421 et
1732 3368 1847 3421 sub-

254 3460 449 3513 sltntia
489 3475 620 3522 mea,
666 3459 717 3511 in
754 3457 1075 3527 inferioribus
1106 3467 1273 3512 terraz.
1322 3457 1467 3513 Ecce
1501 3458 1551 3512 in
1582 3472 1741 3513 carne
1766 3467 1849 3513 est

252 3544 555 3604 subsiantia
598 3564 745 3613 mea,
775 3549 829 3602 in
861 3548 1204 3604 inferioribus
1243 3557 1399 3605 terrae
1435 3559 1518 3605 est
1553 3550 1845 3606 substantia

254 3655 424 3705 mea;
458 3650 510 3695 ct
550 3641 719 3696 habeo
748 3650 920 3697 tamen
962 3657 1143 3697 assum
1181 3642 1531 3708 intrinsecus,
1563 3642 1703 3712 quod
1731 3643 1842 3698 for-

253 3734 451 3797 masti,
481 3732 623 3802 quod
651 3733 807 3787 faciat
848 3748 934 3788 me
960 3748 1064 3787 non
1096 3733 1289 3789 cedere
1316 3734 1566 3789 omnibus
1594 3747 1845 3804 persecu-

258 3822 543 3877 tionibus‘
588 3822 850 3878 inferioris
896 3823 1052 3893 hujus
1098 3824 1366 3893 regionis,
1414 3825 1503 3879 ubi
1549 3834 1630 3880 est
1672 3825 1845 3881 adhuc

252 3915 555 3971 substantia
589 3929 725 3970 mea.
769 3913 905 3981 Quid
934 3915 1076 3969 cnim
1120 3930 1371 3984 magnum
1396 3922 1478 3969 est
1505 3915 1550 3968 si
1582 3914 1735 3969 fortis
1761 3926 1844 3969 est

254 4009 527 4078 angelus?
553 4007 798 4078 Magnum
826 4016 908 4062 est
934 4007 977 4061 si
1009 4006 1161 4061 fortis
1190 4015 1272 4061 est
1297 4020 1442 4061 caro.
1477 4006 1541 4059 Et
1567 4005 1710 4060 unde
1737 4005 1844 4060 for-

253 4102 335 4155 tis
357 4116 479 4154 caro
501 4142 513 4164 ,
548 4100 686 4154 unde
730 4080 865 4154 forte
896 4113 987 4153 vas
1015 4098 1175 4153 ﬁctile
1194 4140 1207 4162 ,
1263 4097 1363 4151 nisi
1390 4098 1511 4166 quia
1543 4096 1737 4151 factum
1764 4106 1846 4152 est

255 4192 335 4245 ibi
361 4207 539 4245 essum
580 4192 630 4245 in
669 4189 981 4246 abscondito
1002 4191 1025 4244 Ἰ
1067 4189 1132 4243 Et
1170 4188 1446 4243 substantia
1472 4204 1582 4242 mea
1622 4188 1673 4241 in
1713 4189 1845 4259 infe-

273 4283 476 4334 'ioribus
515 4292 678 4335 terrae.

332 4372 418 4425 21.
451 4370 731 4443 [υενδηίϐλ
762 4370 898 4439 Quid
919 4370 985 4425 de
1001 4370 1105 4424 illis
1121 4370 1206 4440 qui
1230 4371 1403 4425 minus
1422 4369 1559 4425 ﬁrmi
1576 4370 1735 4424 sunt?
1752 4370 1845 4424 Lo-

268 4463 438 4531 [uitur
457 4463 621 4528 enim,
647 4472 706 4517 ut
721 4463 829 4532 jam
854 4461 1243 4529 commendavi,
1268 4461 1530 4518 Christus.
1553 4460 1657 4518 Sed
1678 4462 1842 4517 multa

257 4554 399 4609 :licta
420 4563 541 4608 sunt
558 4568 620 4608 ex
641 4567 865 4623 persona
882 4553 1149 4623 corporis;
1170 4553 1292 4607 audi
1309 4563 1362 4608 et
1378 4568 1444 4608 ex
1466 4567 1687 4623 persona
1709 4554 1845 4623 capi-

254 4647 331 4700 tis
350 4662 363 4698 :
382 4654 436 4700 et
457 4660 561 4700 non
586 4646 733 4715 quasi
756 4645 1049 4715 distinguit,
1072 4654 1129 4699 ut
1148 4645 1364 4700 inducat
1402 4646 1546 4714 ipsas
1568 4660 1841 4715 personas,

254 4735 419 4793 modo
436 4745 613 4805 caput,
636 4736 794 4791 modo
814 4750 1025 4806 corpus.
1053 4735 1109 4791 Si
1126 4736 1266 4790 enim
1288 4736 1581 4806 distinguit,
1604 4737 1755 4807 quasi
1775 4737 1846 4791 di.

246 4826 422 4890 vidit;
446 4841 549 4881 non
571 4835 725 4881 erunt
740 4826 845 4881 duo
863 4827 913 4880 in
936 4840 1094 4881 carne
1112 4841 1233 4880 una.
1258 4826 1313 4882 Si
1334 4836 1508 4881 autem
1531 4827 1635 4881 duo
1651 4838 1775 4882 sunt
1791 4828 1843 4883 in

243 4930 419 4970 carne
439 4931 541 4969 una
573 4915 799 4985 (Ephes.
824 4933 877 4982 v,
900 4917 987 4979 31,
1014 4916 1119 4986 52)
1146 4934 1160 4982 ;
1191 4916 1297 4971 noli
1326 4917 1506 4971 mirari
1532 4917 1575 4971 si
1598 4916 1703 4972 duo
1723 4928 1847 4973 sunt

246 5009 315 5061 in
342 5021 469 5082 voce
500 5023 621 5062 una.
654 5008 875 5075 Quando
906 5009 1163 5063 Dominus
1192 5009 1375 5064 noSter
1402 5008 1560 5064 Jesus
1600 5008 1845 5068 Christus

244 5112 447 5169 passus
476 5108 589 5164 cst,
634 5100 878 5169 discipuli
920 5100 1155 5155 nondum
1203 5099 1471 5155 habebant
1505 5099 1633 5155 illud
1662 5114 1842 5156 ossum

248 5189 514 5255 interius;
545 5190 778 5245 nondum
802 5191 904 5246 illis
925 5199 1041 5246 crat
1062 5191 1328 5245 ﬁrmatum
1352 5191 1518 5247 robur
1538 5192 1803 5261 patientia:
1828 5210 1839 5246 :

248 5289 317 5335 et
343 5281 575 5336 latebant
602 5298 699 5349 se,
750 5284 1057 5339 nesciebant
1088 5284 1228 5340 vires
1271 5299 1431 5350 suas;
1478 5294 1534 5341 et
1575 5300 1736 5341 ausus
1763 5295 1846 5341 est

248 5371 447 5425 Petrus
472 5373 785 5441 promittere
806 5375 1118 5429 societatem
1143 5375 1330 5429 mortis
1352 5391 1472 5429 cum
1496 5376 1704 5430 Domini
1728 5391 1842 5446 pas-

234 5465 427 5528 .sione,
452 5472 506 5519 et
527 5480 631 5519 non
659 5480 718 5520 se
742 5474 960 5520 noverat
982 5475 1240 5537 mgrotus;
1270 5467 1507 5522 medicus
1538 5477 1717 5523 autem
1750 5483 1844 5523 no-

234 5563 404 5628 ‘verat
420 5564 698 5623 aegrotum.
721 5555 855 5622 Quid
876 5565 1050 5612 autem
1074 5556 1265 5613 factum
1289 5558 1406 5613 est?
1431 5558 1635 5625 Tecum,
1654 5559 1840 5629 inquit,

250 5662 413 5714 usque
454 5646 521 5697 ad
558 5656 790 5700 mortem.
837 5647 993 5699 Amen
1034 5647 1146 5701 dico
1193 5647 1314 5710 tibi;
1362 5650 1650 5719 priusquam
1679 5650 1843 5718 gallus

248 5748 457 5803 cantet,
493 5746 564 5791 ter
591 5755 667 5791 me
692 5739 894 5808 negabis
923 5737 941 5809 (
965 5738 1146 5791 Matth.
1182 5756 1301 5793 xxvr
1327 5784 1340 5807 ,
1370 5742 1437 5796 54
1463 5784 1476 5809 ,
1510 5742 1609 5808 35;
1645 5751 1689 5795 et
1719 5741 1840 5795 Luc.

320 5854 334 5881 ε
364 5860 448 5899 am
484 5857 534 5900 et
559 5849 740 5912 aliquot
764 5858 886 5910 Mss,
909 5848 1304 5912 persecutoribus.

1316 425 1709 482 ENARRA'I‘IO
1751 426 1813 480 IN
1853 427 2175 485 PSALS‘IUM
2217 432 2545 489 CXXXVIII.

3402 442 3549 501 I793

1955 556 2068 594 χχιι
2089 582 2103 607 ,
2134 544 2221 607 55,
2256 544 2381 613 34).
2418 546 2712 615 Responsio
2757 547 2945 603 medici
2978 548 3151 605 verior
3175 551 3389 607 inventa
3418 566 3500 611 est
3524 599 3539 623 ,

1953 644 2111 699 quam
2141 634 2324 702 aegroti
2355 636 2719 704 praesumptio.
2751 636 2824 692 De
2855 636 2937 692 his
2965 654 3091 708 ergo
3120 640 3286 708 dicit,
3322 642 3442 698 Non
3472 656 3545 700 est

1952 721 2299 776 absconditum
2327 740 2381 778 os
2408 742 2571 779 meum
2597 743 2629 779 a
2658 735 2722 794 te,
2752 728 2887 798 quod
2932 731 3093 800 fecisti
3118 732 3172 786 in
3201 733 3493 791 abscondito
3524 753 3544 792 :

1951 809 2004 864 in
2028 811 2219 881 quibus
2244 822 2327 868 est
2354 814 2523 884 ipsum
2552 830 2613 871 os
2640 816 2905 872 ﬁrmatum
2928 819 3267 891 intrinsecus,
3291 832 3346 878 et
3372 828 3543 881 maxi«

1954 916 2039 956 me
2068 902 2231 957 robur
2258 905 2520 973 passionis
2550 906 2602 961 in
2652 906 2767 978 ipso
2795 909 3018 966 Domino
3048 920 3232 967 nostro
3269 924 3325 969 et
3353 914 3540 972 Salva-

1953 1000 2068 1047 tore
2093 991 2219 1048 Jesu
2246 993 2482 1064 Christo,
2514 996 2603 1064 qui
2629 1013 2749 1052 cum
2779 1000 2978 1065 voluit,
3008 1001 3179 1069 sedit;
3206 1018 3325 1059 cum
3352 1007 3539 1076 voluit,

1951 1086 2214 1153 surrexit;
2244 1101 2367 1141 cum
2397 1088 2597 1157 voluit,
2633 1090 2917 1158 dormivit;
2951 1108 3071 1148 cum
3098 1096 3295 1161 voluit,
3322 1100 3555 1170 evigila:

1955 1174 2067 1239 vit;
2101 1176 2244 1244 quia,
2274 1174 2582 1233 Potestatem
2606 1221 2620 1244 ,
2653 1180 2857 1250 inquit,
2890 1182 3044 1236 habeo
3075 1186 3296 1253 ponendi
3320 1189 3542 1251 animam

1950 1281 2134 1332 meum,
2167 1276 2214 1321 et
2244 1277 2537 1337 potestate»:
2565 1270 2721 1325 habeo
2749 1273 2929 1326 iterum
2954 1276 3186 1329 sumendi
3213 1293 3324 1332 eam
3349 1278 3368 1349 (
3383 1279 3537 1335 Joan.

1951 1370 2004 1419 x,
2037 1353 2160 1427 18).
2189 1356 2325 1424 Quid
2350 1358 2416 1417 de
2443 1359 2547 1414 illis
2576 1362 2630 1414 in
2671 1361 2863 1431 quibus
2890 1378 2997 1417 non
3026 1374 3138 1420 erat
3167 1365 3423 1424 fortitudo
3453 1370 3542 1428 illa

1952 1444 2175 1500 formata
2216 1456 2377 1517 atque
2404 1448 2655 1505 ﬁrmata?
2687 1452 2811 1521 quid
2842 1453 2909 1508 de
2938 1454 3041 1509 illis
3068 1456 3228 1510 dicit?
3258 1457 3390 1513 Vide
3418 1461 3545 1530 quid

1950 1536 2093 1591 dicat
2116 1536 2259 1592 Patri
2285 1539 2397 1594 Deo
2424 1557 2437 1594 :
2460 1540 2821 1613 Imperfectum
2848 1561 3012 1599 meum
3040 1546 3271 1601 viderunt
3294 1549 3425 1604 oculi
3449 1553 3541 1605 tui.

1949 1626 2315 1699 Imperfectum
2341 1646 2527 1698 meum,
2561 1632 2774 1688 Petrum
2806 1651 2982 1690 meum
3012 1638 3350 1707 pollicentem
3373 1650 3427 1697 et
3452 1658 3544 1700 ne-

1948 1726 2183 1788 gantem,
2208 1731 2623 1788 praesumentem
2646 1733 2698 1779 et
2722 1724 3057 1781 deﬁcientem
3074 1743 3089 1781 :
3104 1730 3348 1785 viderunt
3369 1740 3543 1789 tamen

1950 1823 2072 1864 eum
2090 1811 2229 1865 oculi
2249 1812 2345 1866 tui.
2364 1811 2497 1868 Nam
2514 1814 2656 1884 quod
2674 1830 2796 1870 eum
2816 1826 2869 1871 et
2888 1818 2999 1888 ipse
3022 1819 3274 1877 Dominus
3290 1825 3541 1893 respexit,

1950 1898 2088 1953 sicut
2117 1899 2373 1969 scriptum
2399 1912 2483 1958 est
2504 1902 2558 1958 in
2589 1904 2901 1976 Evangelio,
2925 1908 3033 1977 jam
3061 1918 3181 1979 post
3212 1913 3423 1969 tertiam
3448 1930 3545 1970 nc-

1948 1992 2216 2060 gationem
2247 1997 2603 2051 commonitus
2643 1998 2769 2067 quid
2813 1999 2863 2053 ei
2909 2001 3218 2069 praedixerit
3248 2004 3504 2062 Dominus
3528 2048 3542 2072 ,

1906 2104 1914 2109 -
1949 2082 2069 2135 exiit
2097 2087 2236 2153 foras
2258 2125 2273 2152 ,
2304 2094 2351 2138 et
2379 2086 2516 2153 flevit
2546 2102 2717 2140 amare
2748 2086 2898 2158 (Luc.
2931 2104 3068 2157 xxn,
3102 2091 3192 2159 6i,
3221 2092 3319 2162 62)
3345 2110 3360 2149 :
3392 2094 3547 2152 ﬂetus

1950 2172 2039 2227 ille
2060 2173 2126 2228 de
2148 2178 2483 2243 respectione
2506 2177 2598 2230 Dei
2628 2176 2727 2231 fuit
2752 2194 2766 2241 ;
2799 2179 2944 2248 quia,
2973 2178 3337 2252 Imperfectum
3357 2201 3542 2250 meum,

1952 2264 2156 2334 inquit,
2194 2266 2422 2321 viderunt
2451 2270 2585 2322 oculi
2614 2269 2705 2323 tui.
2754 2270 2888 2325 Nam
2920 2272 3011 2327 ille
3042 2274 3381 2344 imperfectus
3412 2281 3540 2333 titu-

1950 2355 2083 2409 bans
2112 2357 2161 2410 in
2196 2356 2410 2412 Domini
2436 2360 2687 2429 passione
2713 2403 2726 2424 ,
2759 2362 2943 2430 procul
2973 2363 3136 2419 dubio
3167 2367 3364 2435 periret
3406 2386 3419 2422 :
3453 2371 3545 2426 sed

1950 2447 2201 2503 viderunt
2247 2464 2368 2504 eum
2415 2452 2555 2506 oculi
2605 2454 2710 2517 tui;
2748 2468 2854 2509 non
2899 2455 3070 2510 solum
3119 2457 3328 2527 ipsum,
3362 2460 3455 2519 sed
3494 2472 3547 2517 et

1951 2553 2138 2594 omnes
2164 2541 2253 2611 qui
2284 2541 2579 2610 imperfecti
2611 2543 2845 2612 fuerunt,
2879 2545 3050 2602 donec
3082 2548 3279 2604 Christi
3307 2567 3546 2608 resurre-

1951 2629 2132 2685 ctione
2175 2631 2534 2688 ﬁnnarentur.
2564 2634 2824 2704 Apparuit
2853 2637 2996 2691 enim
3025 2640 3194 2696 oculis
3223 2656 3405 2697 eorum
3439 2660 3546 2701 non

1952 2723 2153 2791 perisse
2178 2722 2231 2776 in
2268 2723 2493 2779 Domino
2523 2727 2665 2796 quod
2693 2736 2959 2783 mortuum
2988 2740 3137 2797 erat;
3165 2741 3219 2787 et
3247 2732 3441 2790 factum
3464 2746 3547 2793 est

1952 2825 2014 2865 os
2036 2812 2164 2867 illud
2193 2814 2247 2867 in
2271 2815 2580 2870 abscondito
2604 2832 2810 2884 eorum,
2837 2829 2892 2873 ut
2918 2836 3017 2875 nec
3045 2823 3145 2890 ipsi
3167 2824 3275 2891 iam
3300 2826 3547 2883 timerent

1952 2902 2108 2956 mori.
2143 2901 2503 2975 Imperfectum
2530 2923 2691 2961 meum
2717 2908 2950 2963 viderunt
2980 2913 3114 2965 oculi
3142 2915 3247 2978 tui;
3276 2924 3320 2969 et
3340 2916 3391 2970 in
3417 2918 3544 2973 libro

1953 2999 2038 3044 tuo
2058 3007 2228 3047 omnes
2252 2994 2574 3049 scribentur:
2608 3012 2712 3051 non
2758 2999 2931 3052 solum
2963 3000 3221 3069 perfecti,
3258 3004 3350 3059 scd
3379 3006 3540 3061 etiam

1951 3082 2269 3151 imperfecti.
2293 3083 2408 3139 Non
2433 3086 2655 3141 timeant
2675 3088 2990 3157 imperfecti,
3018 3099 3218 3145 tantum
3239 3094 3539 3161 proﬁciant.

1951 3174 2062 3230 Nec
2088 3178 2207 3247 quia
2239 3177 2368 3245 dixi,
2397 3178 2512 3233 Non
2546 3180 2799 3246 timeant,
2833 3182 3014 3236 ament
3046 3184 3498 3253 imperfectionem
3526 3231 3541 3253 ,

1952 3280 2004 3323 et
2030 3270 2100 3324 ibi
2128 3281 2444 3327 remaneant
2471 3272 2558 3326 ubi
2587 3273 2789 3328 inventi
2815 3282 2956 3328 sunt.
2987 3275 3212 3330 Tantum
3241 3280 3540 3347 proﬁciant,

1957 3371 2214 3429 quantum
2241 3362 2292 3416 in
2320 3363 2449 3431 ipsis
2475 3372 2575 3418 est.
2608 3364 2853 3431 Quotidie
2879 3364 3094 3432 addant,
3125 3369 3361 3437 quotidie
3388 3386 3543 3426 accc-

1952 3452 2080 3506 dant
2120 3471 2132 3506 :
2179 3461 2355 3508 tamen
2401 3470 2428 3509 a
2478 3469 2701 3524 corpore
2742 3456 2953 3510 Domini
3004 3472 3109 3512 non
3155 3461 3443 3529 recedant;
3487 3475 3543 3519 ut

1952 3543 2003 3597 in
2027 3559 2132 3598 uno
2156 3558 2403 3613 corpore,
2427 3556 2480 3599 et
2501 3546 2553 3599 in
2578 3544 2661 3600 his
2684 3547 2938 3601 membris
2962 3551 3315 3620 compaginati
3340 3555 3544 3622 possint

1952 3635 2145 3690 mereri
2174 3635 2241 3691 de
2267 3650 2324 3691 se
2350 3636 2546 3691 dictam
2586 3652 2706 3693 esse
2732 3653 2918 3694 vocem
2957 3640 3114 3695 istam
3136 3686 3149 3709 ,
3182 3642 3542 3714 Imperfectum

1952 3744 2114 3782 meum
2142 3729 2370 3782 viderunt
2414 3732 2545 3784 oculi
2588 3731 2700 3796 tui;
2748 3742 2793 3784 et
2822 3733 2876 3784 in
2920 3733 3047 3787 libro
3090 3745 3174 3787 tuo
3206 3753 3375 3789 omnes
3416 3738 3541 3791 scri-

1952 3817 2147 3869 bentur.

2019 3907 2114 3960 22.
2148 3907 2252 3961 Per
2278 3909 2408 3960 diem
2439 3908 2676 3961 errabunt
2700 3950 2713 3974 ,
2742 3918 2786 3962 et
2812 3925 2955 3963 nemo
2979 3911 3031 3963 in
3058 3912 3146 3965 eis.
3176 3913 3299 3968 Dies
3330 3915 3414 3969 hic
3441 3917 3537 3971 ad-

1951 4000 2055 4053 huc
2081 4008 2197 4053 erat
2227 3999 2481 4053 Dominus
2511 4008 2693 4053 noster
2722 4000 2878 4055 Jesus
2908 4001 3147 4058 Christus
3179 4020 3191 4054 :
3222 4006 3361 4062 unde
3389 4007 3539 4062 dice-

1951 4092 2059 4155 bat,
2092 4090 2378 4156 Ambulate,
2409 4091 2529 4143 dum
2555 4092 2688 4144 diem
2718 4092 2905 4146 habetis
2935 4091 3111 4163 (Joan.
3146 4111 3237 4160 xu,
3270 4098 3339 4152 35
3358 4098 3398 4168 ).
3431 4099 3536 4154 Sed

1950 4197 2039 4251 per
2068 4181 2201 4233 diem
2226 4181 2462 4233 errabant
2487 4180 2780 4250 imperfecti
2809 4181 2991 4250 ipsius.
3022 4184 3343 4242 Putaverunt
3369 4191 3536 4258 ctipsi

1952 4274 2230 4328 Dominum
2262 4281 2502 4327 nostrum
2534 4272 2716 4329 Jesum
2747 4274 3014 4329 Christum
3043 4280 3411 4336 tantummodo
3438 4281 3535 4336 ho-

1948 4367 2147 4422 minem
2180 4380 2299 4422 esse
2325 4383 2337 4432 ;
2371 4381 2474 4421 non
2503 4365 2701 4422 habere
2727 4368 2779 4421 in
2808 4383 2866 4424 se
2890 4370 3153 4425 occultam
3181 4372 3533 4442 divinitatem,

1950 4476 2055 4514 non
2081 4474 2200 4514 esse
2226 4460 2433 4514 occulte
2460 4459 2629 4514 Deum
2653 4502 2667 4526 ,
2698 4460 2791 4515 sed
2818 4460 2919 4516 hoc
2945 4462 3118 4517 solum
3144 4479 3263 4520 esse
3291 4469 3431 4536 quod
3456 4470 3535 4522 vi-

1949 4549 2208 4604 debatur:
2238 4549 2337 4603 hoc
2358 4558 2412 4603 et
2432 4550 2530 4618 ipsi
2562 4558 2897 4619 putaverunt.
2928 4552 3058 4608 Nam
3084 4562 3138 4609 et
3163 4556 3276 4625 ipse
3304 4559 3526 4614 Petrus:

1952 4641 2041 4713 (de
2062 4641 2152 4696 illo
2173 4642 2313 4695 enim
2334 4642 2664 4711 potissimum
2692 4642 2975 4714 loquimur,
3001 4647 3052 4700 in
3075 4663 3177 4717 quo
3201 4650 3354 4704 nobis
3374 4653 3532 4705 etiam

1950 4746 2054 4785 non
2096 4731 2388 4800 desperatze
2436 4732 2756 4788 inﬁrmitatis
2802 4738 2817 4766 ¹
2860 4737 3157 4805 exemplum
3205 4740 3530 4807 pr0positum

1949 4822 2053 4891 est)
2086 4838 2101 4874 :
2130 4821 2338 4876 dixerat
2369 4822 2591 4877 Domino
2617 4823 2756 4879 idem
2788 4825 2996 4889 Petrus,
3016 4842 3136 4880 cum
3155 4828 3533 4899 interrogasset

1950 4915 2074 4985 quid
2113 4915 2256 4969 illum
2289 4915 2526 4971 dicerent
2565 4916 2807 4972 homines
2840 4899 2975 4970 :‘Tu
3015 4935 3066 4972 es
3094 4918 3322 4973 Chiistus
3364 4920 3531 4977 Filius

1950 5008 2046 5062 Dei
2074 5009 2187 5062 vivi.
2220 5009 2285 5063 Et
2330 5008 2536 5063 dixerat
2584 5010 2631 5064 ei
2662 5010 2919 5064 Dominus
2952 5027 2964 5064 :
2996 5009 3183 5065 Beatus
3221 5029 3305 5078 cs,
3350 5014 3530 5070 Simon

1948 5096 2175 5167 Barjona
2196 5139 2211 5163 ,
2252 5100 2371 5168 quia
2405 5115 2505 5152 non
2549 5098 2637 5151 tibi
2676 5099 2905 5153 reuelauit
2934 5116 3052 5154 caro
3092 5112 3137 5155 et
3167 5106 3373 5172 sanguis
3398 5148 3411 5173 ,
3443 5110 3532 5161 sed

1950 5185 2106 5241 Pater
2130 5202 2270 5241 meus
2293 5188 2379 5256 qui
2407 5189 2459 5241 in
2490 5188 2625 5241 ctelis
2654 5196 2744 5241 e'st.
2778 5189 2987 5255 Quare?
3014 5190 3147 5257 Quia
3172 5193 3383 5250 dixerat
3407 5211 3529 5253 eum

1950 5277 2141 5331 Filium
2168 5278 2282 5332 Dei.
2308 5278 2381 5332 lbi
2411 5277 2567 5346 paulo
2591 5287 2746 5347 post,
2781 5278 2967 5333 eodem
3004 5280 3142 5349 loco,
3169 5284 3220 5337 in
3253 5284 3365 5354 ipsa
3397 5302 3529 5342 con-

1951 5368 2184 5423 textione
2208 5367 2489 5423 verborum
2515 5410 2529 5433 ,
2561 5369 2723 5436 coepit
2761 5370 3019 5425 Dominus
3058 5372 3127 5428 de
3163 5378 3407 5443 passione
3438 5396 3530 5433 sna

1949 5460 2120 5515 futura
2150 5460 2347 5516 dicere.
2396 5461 2489 5516 Ille
2512 5472 2687 5517 antem
2720 5464 2907 5518 Petrus
2932 5506 2944 5528 .
2977 5467 3065 5535 qui
3090 5468 3198 5538 jam
3227 5472 3372 5526 illum
3401 5489 3531 5528 con-

1949 5549 2120 5604 fessus
2162 5549 2334 5604 fuerat
2373 5551 2564 5605 Filium
2608 5553 2740 5614 Dei.
2778 5554 2951 5609 timuit
2994 5572 3059 5612 ne
3097 5559 3233 5613 sicut
3264 5560 3402 5615 ﬁlius
3433 5563 3529 5617 lio-

1952 5641 2108 5717 minis
2138 5650 2456 5696 moreretur.
2488 5643 2611 5696 Erat
2644 5643 2807 5697 Filius
2850 5645 2941 5699 Dei
2969 5688 2982 5711 ,
3014 5658 3128 5702 erat
3158 5657 3210 5703 et
3242 5648 3381 5704 ﬁlius
3426 5650 3523 5704 ho-

1954 5793 2123 5901 W'islta
2146 5791 2360 5853 quinque
2387 5800 2491 5843 Mss.
2522 5793 2604 5843 Αιίἱ
2629 5808 2746 5844 vero
2770 5810 2877 5845 cum
2906 5797 3040 5858 Edd.,
3078 5798 3345 5863 desperata!
3374 5798 3530 5860 ﬁrmi-
