4084 6468
626 399 761 456 1799

623 518 783 572 minis
813 532 824 567 :
856 512 1020 567 Filius
1049 509 1161 573 Dei,
1188 508 1237 560 in
1269 504 1437 558 forma
1468 501 1582 564 Dei,
1611 496 1828 567 :rqualis
1862 493 2034 557 Patri;
2068 490 2205 544 lilius

624 607 879 673 hominis,
900 606 951 658 in
984 602 1150 656 forma
1178 596 1318 653 servi
1348 591 1604 667 (Philipp.
1636 606 1692 655 ll,
1723 588 1776 651 6,
1800 588 1880 655 7),
1909 599 2011 655 qua
2034 582 2208 673 minor

626 700 692 754 sit
730 671 883 752 Patre
912 693 1102 761 (Joan.
1136 705 1259 755 xw,
1290 684 1417 758 28).
1450 684 1720 738 Venturus
1763 684 1879 732 erat
1905 675 1970 729 ad
2002 671 2207 744 passio-

626 808 745 846 nem
777 790 958 857 utique
984 800 1050 840 ex
1076 782 1244 836 forma
1276 778 1412 834 servi
1442 794 1456 842 ;
1488 774 1612 845 quid
1643 770 1816 827 timuit
1846 770 2032 823 Petrus
2059 778 2127 819 ne
2154 763 2207 816 in

628 884 793 936 forma
816 877 954 934 servi
980 876 1179 946 periret
1207 873 1370 937 forma
1398 868 1509 932 Dei,
1539 876 1591 921 et
1622 880 1725 919 non
1754 862 1927 931 potius
1954 870 2209 927 praesum-

626 976 729 1045 psit
759 973 880 1043 quia
911 986 975 1025 ex
1004 968 1170 1023 forma
1204 965 1294 1018 Dei
1337 960 1684 1017 revivisceret
1713 956 1880 1009 forma
1911 949 2093 1006 servi?
2123 947 2211 1001 Ait

628 1039 701 1121 illi
736 1084 749 1121 :
777 1039 919 1118 ilbsit
947 1079 978 1116 a
1008 1070 1073 1127 te,
1106 1058 1359 1120 Domine;
1391 1055 1639 1125 propitius
1665 1048 1751 1102 tibi
1779 1056 1903 1101 esto.
1933 1045 1998 1098 Et
2023 1039 2211 1096 Domi-

628 1173 750 1226 nus,
776 1157 863 1226 qui
890 1156 1036 1209 illum
1067 1152 1277 1205 beatum
1308 1148 1513 1201 dixerat
1540 1144 1591 1196 in
1622 1142 1707 1196 illa
1735 1152 1865 1192 voce
1893 1154 1906 1189 :
1944 1133 2084 1188 Vade
2104 1138 2212 1202 post

631 1266 708 1303 me
731 1291 746 1315 ,
776 1258 983 1301 satanas
1008 1286 1021 1310 ,
1054 1241 1219 1310 inquit
1247 1256 1261 1303 ;
1291 1254 1447 1307 neque
1475 1235 1605 1289 enim
1633 1231 1768 1301 sapis
1793 1243 1905 1297 qutc
1933 1226 2028 1279 Dei
2055 1231 2172 1277 sunt
2197 1262 2210 1284 ,

628 1341 717 1397 sed
735 1312 857 1409 qua:
883 1344 999 1390 sunt
1038 1333 1295 1386 hominum
1339 1327 1551 1399 (Matth.
1577 1339 1666 1378 xvr
1691 1362 1705 1385 ,
1739 1316 1960 1399 1.3—25).
1993 1312 2213 1369 Jamdu-

632 1436 759 1490 dum
786 1432 905 1502 quia
928 1429 1154 1491 dixerat,
1184 1424 1258 1477 Tu
1286 1440 1339 1477 es
1371 1419 1601 1475 Christus
1645 1416 1809 1469 Filius
1840 1412 1935 1469 Dei
1960 1410 2093 1471 vivi;
2122 1423 2217 1461 au-

634 1524 783 1587 divit,
812 1521 929 1575 Non
960 1518 1046 1572 tibi
1069 1515 1301 1570 reuelauit
1321 1527 1438 1565 caro
1469 1519 1513 1563 et
1542 1508 1765 1577 sanguis,
1791 1504 1878 1559 sed
1907 1502 2064 1555 Pater
2079 1515 2216 1552 meus

634 1618 720 1689 qui
746 1617 797 1668 in
826 1614 961 1667 caelis
983 1621 1054 1665 est
1076 1626 1093 1662 :
1116 1608 1235 1662 ideo
1259 1615 1405 1675 petra
1430 1605 1470 1667 ¹,
1493 1602 1611 1656 ideo
1635 1601 1840 1654 beatus.
1864 1595 2019 1651 Modo
2040 1602 2215 1648 autem

634 1685 756 1778 quia
784 1722 889 1761 non
920 1720 984 1758 ex
1009 1700 1183 1756 Patris
1206 1695 1552 1760 revelatione,
1586 1690 1679 1745 sed
1708 1706 1773 1744 ex
1800 1688 1972 1743 carnis
1998 1685 2219 1740 inﬁrmi-

633 1777 743 1854 tate
779 1794 1148 1865 responderat,
1181 1799 1393 1843 satanas
1423 1783 1716 1854 appellatus
1743 1790 1857 1843 est;
1895 1778 2015 1833 Non
2041 1777 2177 1847 sapis
2202 1818 2215 1842 ,

636 1891 844 1960 inquit,
876 1902 987 1956 quae
1014 1885 1108 1938 Dei
1135 1891 1283 1948 sunt,
1314 1878 1399 1934 sed
1436 1892 1550 1949 quas
1592 1883 1705 1930 sunt
1735 1872 2010 1926 hominum.
2039 1869 2108 1923 Et
2136 1869 2220 1923 hic

639 1989 756 2037 erat
780 1978 1046 2039 Christus,
1078 1974 1267 2027 fratres
1294 1971 1464 2024 :inter
1494 1968 1612 2021 illos
1639 1965 2023 2026 ambulaverat,
2048 1962 2221 2016 ventis

637 2072 991 2139 imperaverat
1015 2064 1133 2136 (Id.
1166 2079 1260 2116 vtu
1284 2103 1297 2125 ,
1322 2059 1426 2128 26)
1454 2100 1469 2125 ,
1501 2066 1623 2113 ante
1650 2055 1832 2110 oculos
1864 2055 2097 2123 ipsorum
2124 2052 2224 2107 ﬂu-

636 2172 755 2217 ctus
783 2159 1079 2215 calcaverat
1109 2153 1228 2222 (Id.
1276 2168 1365 2206 xw
1390 2193 1403 2217 ,
1433 2148 1538 2218 25)
1564 2191 1578 2213 ,
1609 2155 1733 2202 ante
1774 2146 1957 2201 oculos
1988 2145 2222 2213 ipsorum

636 2249 1046 2324 quatriduanum
1066 2254 1329 2300 mortuum
1353 2242 1697 2297 suscitaverat
1721 2237 1897 2311 (Joan.
1918 2253 1991 2303 XI,
2007 2234 2219 2306 39-44),

637 2352 762 2397 ante
786 2340 970 2395 oculos
997 2338 1230 2407 ipsorum
1258 2341 1401 2387 tanta
1435 2329 1685 2385 miracula
1712 2328 1938 2391 fecerat;
1972 2337 2025 2382 et
2050 2336 2223 2381 tamen

637 2432 1035 2502 trcpidaverunt
1062 2428 1114 2481 in
1141 2426 1389 2496 passione
1415 2422 1530 2491 ejus
1553 2462 1567 2486 ,
1602 2420 1749 2491 quasi
1776 2419 2079 2473 amisissent
2102 2433 2223 2471 eum

638 2525 706 2580 de
745 2538 850 2593 quo
895 2520 1092 2575 frustra
1133 2522 1604 2588 praesumpserant.
1653 2510 1760 2566 Sed
1806 2527 1893 2581 per
1922 2510 2055 2563 diem
2093 2525 2232 2562 erra-

640 2618 801 2671 bunt’
824 2624 869 2669 et
896 2628 1037 2667 nemo
1057 2611 1110 2665 in
1139 2610 1226 2664 eis.
1254 2608 1422 2663 Nemo
1446 2619 1682 2676 prorsus,
1707 2617 1805 2658 nec
1832 2602 1946 2672 ipse
1971 2602 2059 2672 qui
2081 2601 2227 2656 dixe-

638 2716 738 2773 rat,
768 2705 949 2760 Tecum
974 2718 1128 2772 usque
1148 2700 1214 2753 ad
1236 2708 1463 2753 mortem.
1490 2695 1705 2750 Dixerat
1724 2694 1863 2749 enim
1882 2693 1985 2747 illis
2010 2709 2023 2746 :
2056 2691 2228 2747 Venit:t

642 2792 787 2862 hora,
810 2806 862 2849 ut
886 2812 962 2849 me
982 2791 1275 2863 relinquatis
1299 2791 1479 2852 solum,
1507 2798 1551 2841 et
1573 2797 1649 2841 eat
1672 2786 2009 2855 unusquisque
2028 2785 2079 2838 in
2099 2787 2229 2837 viam

642 2904 785 2942 suam
812 2902 829 2938 :
857 2886 943 2939 sed
970 2900 1067 2937 non
1098 2898 1208 2935 sum
1247 2881 1384 2934 solus
1411 2920 1424 2943 ,
1452 2879 1568 2947 quia
1597 2893 1788 2930 mecum
1816 2884 1888 2929 est
1917 2875 2072 2928 Pater
2102 2872 2225 2944 (Id.

646 2994 753 3041 xvi,
787 2974 912 3046 52).
941 2973 1074 3028 Cum
1118 2971 1206 3025 illo
1238 2980 1351 3025 erat
1382 2970 1555 3031 Pater,
1586 2977 1639 3021 ct
1671 2969 1784 3035 ipse
1806 2979 1925 3019 cum
1956 2965 2144 3029 Patre;
2177 2974 2231 3019 et

644 3071 697 3125 in
732 3070 821 3125 illo
848 3068 1024 3130 Pater,
1055 3074 1108 3119 et
1137 3064 1248 3132 ipse
1279 3063 1328 3115 in
1357 3061 1545 3123 Patre;
1577 3069 1627 3113 et
1654 3059 1767 3128 ipse
1804 3068 1857 3111 et
1883 3057 2038 3110 Pater
2066 3072 2230 3111 unum

644 3164 762 3234 (Id.
798 3179 828 3217 x
852 3205 866 3231 ,
897 3162 966 3216 50
991 3202 1005 3225 ,
1050 3160 1116 3214 58
1138 3158 1195 3228 );
1231 3166 1281 3211 et
1323 3155 1402 3210 illi
1434 3155 1721 3208 timuerunt
1760 3165 1881 3205 cum
1909 3159 2226 3204 moreretur.

643 3257 835 3325 Quare,
875 3252 974 3307 nisi
1001 3251 1121 3320 quia
1148 3264 1243 3319 per
1271 3248 1408 3303 diem
1438 3252 1768 3304 erraverunt,
1799 3251 1852 3296 ct
1878 3256 2036 3296 nemo
2058 3240 2153 3295 fuit
2176 3242 2228 3296 in

643 3346 761 3402 eis?
786 3344 887 3400 Per
916 3344 1046 3396 diem
1072 3342 1307 3395 crrabunt
1332 3379 1345 3401 ,
1374 3346 1419 3391 et
1449 3352 1591 3390 nemo
1616 3335 1667 3388 in
1692 3335 1781 3387 eis.

714 3439 805 3492 25.
849 3436 1010 3508 [vers
1062 3431 1183 3503 17.]
1224 3431 1327 3486 Sed
1373 3427 1497 3497 quid
1526 3437 1606 3481 est
1628 3468 1641 3491 ,
1674 3427 1908 3480 errabunt
1937 3441 2023 3494 per
2053 3422 2232 3478 diem?

558 3556 561 3559 ·
645 3530 909 3600 Numquid
937 3527 1218 3599 peribunl?
1246 3524 1312 3578 Ει
1339 3523 1425 3577 ubi
1451 3531 1552 3585 est,
1579 3519 1934 3588 Imperfectum
1962 3534 2126 3570 meum
2155 3518 2232 3569 vi-

647 3626 826 3679 derunt
852 3622 984 3675 oculi
1009 3620 1113 3685 tui,
1142 3627 1188 3670 et
1218 3618 1269 3669 in
1296 3614 1421 3667 libro
1449 3623 1531 3665 tuo
1557 3628 1725 3664 omnes
1751 3608 2065 3662 scribentur?
2092 3607 2233 3676 Ergo

647 3714 860 3786 quando
888 3727 982 3782 per
1007 3711 1147 3765 diem
1194 3704 1540 3763 erraverunt?
1568 3702 1696 3757 Cum
1737 3700 1823 3754 hic
1869 3699 2098 3768 positum
2133 3697 2233 3751 Do-

648 3808 849 3862 minum
875 3818 985 3858 non
1012 3800 1408 3856 intellexerunt.
1439 3792 1504 3849 Et
1529 3793 1653 3864 quid
1682 3791 1961 3862 sequitur?
1990 3789 2120 3843 Mihi
2142 3806 2234 3842 au-

649 3911 747 3954 tem
772 3897 917 3951 valde
945 3893 1263 3961 honoriﬁcatt
1290 3898 1405 3943 sunt
1431 3888 1579 3940 amici
1605 3886 1677 3939 tui
1696 3926 1710 3950 ,
1753 3883 1906 3937 Deus.
1940 3881 2102 3937 Iidem
2135 3880 2233 3950 ipsi

648 3993 739 4061 qui
762 4004 857 4060 per
874 3988 1017 4043 diem
1037 3988 1369 4047 erraverunt,
1400 3988 1453 4035 et
1479 3993 1636 4033 nemo
1654 3976 1753 4030 fuit
1779 3976 1831 4029 in
1858 3975 1953 4040 eis,
1973 3974 2127 4028 amici
2158 3973 2231 4027 tui

651 4082 779 4137 facti
806 4088 948 4144 sunt,
972 4085 1028 4132 et
1049 4075 1202 4130 valde
1227 4073 1356 4128 mihi
1387 4069 1719 4125 honorificati
1748 4076 1889 4122 sunt.
1914 4066 2134 4120 Factum
2155 4074 2236 4120 est

652 4176 706 4229 in
734 4176 812 4227 eis
839 4186 899 4225 os
926 4168 1053 4224 illud
1084 4175 1199 4237 post
1228 4162 1670 4219 resurrectionem
1701 4159 1908 4214 Domini
1934 4158 1986 4212 in
2011 4157 2236 4212 abscon-

654 4265 788 4326 dito,
812 4271 864 4316 et
890 4275 986 4329 pro
1007 4260 1122 4327 ejus
1148 4257 1360 4310 nomine
1389 4252 1529 4322 passi
1558 4260 1702 4315 sunt,
1731 4252 1782 4304 in
1810 4249 1961 4319 cujus
1986 4248 2237 4319 passione

656 4353 1073 4422 trepidaverunt.
1139 4348 1269 4401 Mihi
1322 4355 1486 4399 autem
1550 4344 1695 4398 valde
1757 4341 2072 4409 honori/icati
2123 4349 2237 4394 sunt

656 4444 806 4498 amici
835 4443 943 4507 tui,
976 4440 1148 4502 Deus;
1175 4438 1318 4491 valde
1361 4436 1629 4505 confortali
1667 4444 1781 4487 sunt
1812 4432 2123 4503 principatus
2150 4448 2236 4484 eo-

657 4553 791 4591 rum.
814 4532 961 4589 Facti
982 4530 1245 4599 Apostoli,
1270 4528 1392 4581 facti
1417 4527 1577 4580 duces
1601 4525 1877 4592 Eeclesim,
1904 4524 2023 4578 lacti
2047 4524 2259 4579 arietes

658 4626 915 4681 ducentes
941 4634 1129 4693 greges
1147 4660 1162 4685 ,
1193 4617 1339 4672 valde
1365 4615 1632 4686 confortati
1672 4624 1784 4667 sunt
1812 4614 2123 4685 principatus
2151 4630 2236 4668 eo-

657 4734 792 4773 rum.

729 4809 819 4863 24.
864 4806 1023 4879 [vers
1065 4802 1193 4875 48.]
1241 4800 1583 4855 Dinumerabo
1620 4813 1726 4864 eos,
1766 4804 1811 4850 et
1849 4812 2000 4867 super
2034 4811 2241 4849 arenam

660 4900 1150 4971 multiplicabuntur.
1181 4895 1282 4949 Per
1308 4893 1427 4947 illos
1459 4890 1549 4961 qui
1579 4905 1674 4961 per
1714 4888 1855 4944 diem
1894 4897 2238 4956 erraverunt,

661 5002 716 5048 et
744 5005 902 5047 nemo
922 4997 1038 5044 erat
1061 4988 1113 5042 in
1136 4987 1234 5049 eis,
1261 4999 1387 5039 ecce
1409 4991 1531 5036 nata
1548 4990 1630 5036 est
1647 4988 1790 5034 tanta
1809 4981 1907 5033 ista
1936 4977 2238 5044 multitudo,

661 5097 781 5152 qua:
806 5082 913 5150 jam
944 5079 1081 5133 sicut
1107 5089 1267 5131 arena
1294 5072 1563 5127 numerari
1598 5085 1702 5125 non
1740 5077 1949 5138 potest,
1978 5068 2078 5122 nisi
2111 5069 2239 5123 Deo.

662 5172 805 5226 Dixit
834 5171 974 5224 enim
994 5210 1008 5232 ,
1043 5166 1211 5235 Super
1237 5180 1442 5218 arenam
1466 5160 1953 5228 multiplicabuntur;
1982 5167 2035 5213 et
2066 5167 2240 5212 tamen

664 5262 891 5325 dixerat,
920 5254 1260 5312 Dinumerabo
1284 5271 1386 5309 eos.
1413 5252 1489 5305 llli
1516 5251 1614 5321 ipsi
1640 5249 1930 5315 numerati,
1959 5265 2109 5318 super
2133 5264 2244 5301 are-

665 5366 784 5406 nam
811 5348 1299 5418 multiplicabuntur.
1329 5346 1391 5400 Ei
1420 5345 1614 5414 quippe
1641 5357 1801 5397 arena
1836 5354 2110 5395 numerata
2140 5350 2241 5403 est,

664 5443 751 5499 cui
779 5440 1038 5496 numerati
1061 5446 1182 5492 sunt
1202 5437 1378 5505 capilli
1406 5436 1596 5504 capitis
1617 5431 1786 5487 nostri
1809 5430 2022 5500 (Matth.
2046 5446 2101 5494 x,
2131 5428 2242 5499 50).

665 5529 1009 5587 Dinumerabo
1034 5544 1136 5592 eos,
1170 5536 1215 5579 et
1243 5542 1393 5594 super
1416 5540 1621 5577 arenam
1652 5520 2138 5591 multiplicabuntur.

736 5625 826 5680 25.
875 5620 1154 5676 Exsurrexi
1173 5659 1187 5683 ,
1227 5627 1270 5671 et
1313 5617 1479 5669 adhuc
1512 5631 1625 5669 sunt
1658 5624 1838 5668 tecum.
1873 5610 2173 5678 Exsurreari,
2202 5620 2247 5663 et

731 5757 745 5787 ¹
784 5754 952 5802 Plures
976 5761 1078 5800 Mss.
1100 5764 1194 5799 non
1217 5750 1417 5804 habent,
1434 5745 1545 5795 ideo
1566 5751 1718 5808 petra.

730 5819 749 5847 ι
768 5818 839 5864 sic
864 5815 1084 5876 plerique
1102 5820 1207 5865 Mss.
1234 5810 1346 5859 Edd.
1374 5821 1510 5868 vero,
1534 5806 1777 5856 errabant.

1854 382 1908 437 S.
1950 370 2315 433 AUGUSTINI
2357 367 2655 424 EPISCOPI

2314 483 2478 536 adhuc
2505 498 2614 535 sunt
2642 490 2821 547 tecum,
2853 479 2977 549 quid
3004 480 3126 534 est?
3154 478 3265 535 Jam
3296 496 3485 551 passus
3510 501 3614 540 sum
3633 531 3647 555 ,
3675 490 3827 561 ῐηαυίι,

2314 574 2553 644 sepultus
2585 589 2702 628 sum
2728 590 2741 637 ;
2774 587 2899 627 ecce
2920 573 3148 637 surrexi,
3171 582 3224 628 et
3250 573 3419 630 adhuc
3446 592 3526 633 me
3549 595 3644 634 non
3673 584 3829 640 intelli-

2313 676 2443 737 gunt
2483 681 2685 721 secum.
2716 665 2892 719 Adhuc
2917 676 3077 719 tecum
3100 682 3208 719 sum
3233 706 3246 729 ,
3271 667 3319 721 id
3345 676 3459 735 est,
3499 672 3707 727 nondum
3736 692 3829 733 cum

2315 758 2476 827 ipsis;
2506 759 2628 828 quia
2674 757 2910 812 nondum
2953 768 3263 827 agnoscunt.
3305 759 3394 815 Sic
3431 763 3564 817 enim
3601 764 3761 835 legitur
3793 772 3831 826 in

2316 849 2637 919 Evangelia,
2686 852 2806 918 quia
2842 859 2963 919 post
3004 852 3446 905 resurrectionem
3478 854 3664 909 Domini
3701 868 3832 915 nostri

2316 940 2441 994 Jesu
2467 940 2662 994 Christi
2686 982 2699 1003 ,
2728 942 2826 995 sibi
2856 950 3197 1011 apparentem
3227 958 3330 998 non
3358 948 3597 1003 continuo
3620 964 3835 1021 cognove-

2317 1040 2440 1084 runt
2463 1030 2671 1102 (Matth.
2708 1047 2873 1085 xxvm
2898 1074 2910 1096 ,
2946 1031 3055 1103 17).
3096 1033 3187 1087 Est
3214 1042 3269 1089 et
3292 1034 3428 1090 alius
3461 1051 3652 1105 sensus,
3675 1041 3833 1097 Exsur-

2317 1123 2424 1175 rexi
2449 1163 2462 1187 ,
2495 1133 2539 1176 et
2576 1124 2742 1176 adhuc
2766 1141 2877 1177 sum
2905 1134 3065 1178 tecum
3094 1142 3112 1178 :
3142 1136 3197 1180 ut
3233 1126 3336 1183 hoc
3364 1138 3563 1199 tempus
3588 1133 3835 1203 signiﬁcare

2318 1211 2572 1277 voluerit,
2615 1228 2721 1281 quo
2755 1214 2929 1269 adhuc
2972 1216 3024 1269 in
3054 1218 3263 1271 occulto
3285 1226 3370 1273 est
3395 1219 3462 1273 ad
3486 1220 3729 1279 dexteram
3761 1227 3835 1282 Pa-

2321 1302 2436 1367 tris,
2468 1313 2746 1372 antequam
2780 1306 3044 1360 reveletur
3069 1307 3122 1360 in
3147 1308 3393 1365 claritate
3421 1327 3519 1382 qua
3543 1322 3759 1372 venturus
3774 1329 3836 1374 est

2319 1390 2383 1445 ad
2405 1392 2749 1461 judicandum
2779 1396 2845 1449 de
2873 1398 3004 1451 vivis
3028 1407 3081 1452 et
3108 1402 3350 1454 mortuis.

2391 1484 2480 1539 26.
2512 1484 2676 1557 [vers
2704 1488 2790 1552 l9,
2822 1488 2935 1560 20.]
2972 1490 3037 1544 Et
3058 1491 3249 1546 deinde
3271 1492 3400 1565 dicit
3425 1496 3544 1563 quid
3574 1498 3743 1556 interea
3768 1518 3836 1572 per

2323 1585 2491 1632 totum
2524 1577 2623 1633 hoc
2649 1588 2876 1649 tempus,
2904 1582 3029 1636 dum
3057 1583 3165 1651 jam
3196 1588 3485 1641 resurrexit
3503 1599 3549 1643 et
3577 1592 3727 1648 adhuc
3745 1610 3834 1650 cum

2322 1666 2479 1767 Patre
2504 1677 2586 1723 cst
2604 1710 2617 1734 ,
2644 1671 2873 1739 patiatur
2897 1672 2981 1725 hic
3002 1687 3096 1740 per
3110 1676 3538 1733 commixtionem
3561 1692 3834 1750 peccatorum

2322 1762 2376 1811 in
2403 1773 2628 1827 corpore
2659 1776 2755 1815 suo
2776 1802 2789 1824 ,
2822 1762 2959 1829 quod
2992 1773 3074 1816 est
3102 1763 3343 1820 Ecclesia
3362 1807 3377 1831 ,
3409 1777 3463 1823 et
3490 1786 3577 1839 per
3598 1777 3836 1842 separatio-

2324 1869 2446 1908 nem
2481 1854 2868 1909 haereticorum.
2900 1858 3150 1927 Sequitur
3175 1862 3319 1914 enim
3351 1872 3404 1917 et
3425 1862 3582 1918 dicit:
3613 1866 3665 1921 Si
3689 1870 3838 1923 occide-

2323 1945 2416 2009 ris,
2440 1942 2599 2011 Deus,
2634 1956 2911 2014 peccatores
2934 1963 2952 2010 ;
2993 1947 3099 2000 Viri
3125 1952 3449 2020 sanguinum,
3474 1953 3695 2009 destinate
3717 1974 3741 2009 a
3764 1976 3835 2021 me,

2325 2038 2559 2107 quoniam
2588 2037 2721 2091 dices
2749 2040 2799 2091 in
2830 2041 3148 2110 cogitatione,
3175 2041 3436 2112 Accipient
3463 2045 3513 2098 in
3546 2048 3732 2101 vanitate
3750 2050 3840 2101 ciri-

2328 2136 2451 2180 tates
2495 2144 2612 2181 suas
2637 2167 2649 2181 .
2688 2128 2907 2184 Videtur
2949 2132 3024 2184 sic
3060 2134 3307 2186 connecti
3337 2133 3467 2188 ordo
3492 2136 3768 2191 verborum:
3795 2138 3838 2194 Si

2327 2219 2587 2285 occideris,
2614 2219 2769 2287 Deus,
2794 2230 3096 2289 peccatores,
3114 2225 3363 2293 accipient
3383 2226 3433 2279 in
3454 2226 3653 2281 uanitate
3667 2230 3840 2284 ciuitates

2328 2327 2465 2365 suas.
2498 2311 2552 2366 Si
2580 2312 2722 2366 enim
2750 2313 2957 2368 occisos
2994 2314 3103 2368 vult
3145 2316 3412 2386 intelligi,
3441 2333 3554 2373 cum
3591 2336 3674 2389 per
3697 2336 3838 2391 supcr-

2329 2400 2469 2457 biam
2492 2418 2594 2473 qua
2624 2405 3017 2471 intumescunt,
3046 2406 3300 2461 amittunt
3328 2410 3543 2478 gratiam
3568 2426 3657 2481 qua
3685 2413 3838 2467 vivunt.

2331 2492 2556 2563 Spiritus
2582 2496 2713 2548 enim
2744 2505 2943 2549 sanctus
2968 2497 3253 2567 disciplinae
3294 2498 3492 2570 effugiet
3510 2503 3690 2569 ﬁctum,
3712 2514 3749 2557 et
3769 2522 3839 2556 (ηις

2331 2589 2453 2658 feret
2479 2604 2531 2640 se
2560 2604 2589 2639 a
2614 2589 2997 2658 cogitationibus
3031 2606 3144 2660 qute
3184 2602 3303 2645 sunt
3329 2594 3435 2649 sine
3458 2594 3725 2666 intellectu(
3742 2596 3839 2665 Sep.

2331 2678 2386 2743 1,
2421 2677 2500 2747 5).
2532 2677 2620 2732 Sic
2652 2679 2966 2734 occiduntur
3004 2690 3352 2750 peccatores,
3380 2686 3498 2753 quia
3525 2686 3751 2740 obscurati
3784 2689 3843 2739 in-

2332 2770 2617 2839 telligentia
2643 2772 2942 2827 alienantur
2960 2789 2987 2827 a
3005 2775 3108 2826 vita
3134 2773 3224 2827 Dei
3242 2775 3258 2804 ¹
3292 2774 3501 2845 (Ep/tes.
3524 2777 3844 2846 tv,18).Amit-

2333 2871 2448 2916 tunt
2474 2863 2615 2917 enim
2643 2864 3031 2921 confessionem
3064 2876 3287 2936 pr0pter
3311 2868 3583 2924 elationem
3611 2879 3769 2935 :atquc
3791 2871 3841 2922 ita

2333 2955 2385 3009 in
2416 2956 2493 3010 cis
2536 2957 2722 3011 occisis
2763 2956 2819 3010 fit
2856 2958 2994 3027 quod
3039 2959 3298 3029 scriptum
3326 2970 3425 3025 est,
3461 2963 3498 3014 Α
3536 2972 3730 3024 mortuo,
3755 2972 3840 3012 tan-

2332 3064 2481 3117 quam
2510 3050 2595 3116 qui
2621 3065 2717 3101 non
2740 3050 2802 3102 sit
2821 3091 2835 3113 ,
2876 3052 3002 3119 perit
3030 3052 3285 3120 confessio
3311 3054 3329 3125 (
3359 3053 3511 3109 Eccli.
3541 3071 3657 3122 xvu,
3681 3054 3769 3123 26).
3794 3054 3841 3107 Et

2333 3139 2411 3193 sic
2439 3139 2702 3209 accipiunt
2727 3141 2778 3193 in
2804 3143 3020 3195 uanitate
3052 3143 3278 3198 ciuitates
3308 3163 3445 3213 suas,
3478 3147 3525 3200 id
3551 3155 3642 3211 est,
3670 3145 3841 3215 populos

2334 3244 2458 3284 suos
2484 3245 2648 3285 vanos
2668 3273 2682 3297 ,
2714 3246 2899 3286 eorum
2928 3235 3211 3290 vanitatem
3255 3246 3548 3301 sectantes;
3578 3253 3678 3292 cum
3716 3234 3839 3289 inflati

2329 3318 2547 3388 justitiae
2582 3323 2794 3376 nomine
2840 3325 3161 3392 persuadent
3189 3335 3247 3380 ut
3288 3328 3521 3397 disrupta
3548 3328 3727 3381 unitatis
3758 3326 3843 3379 vin-

2333 3412 2475 3473 culo,
2506 3428 2598 3469 eos
2627 3423 2872 3484 tanquam
2897 3417 3148 3484 justiores
3179 3421 3311 3474 caeci
3341 3430 3391 3475 et
3431 3420 3639 3489 imperiti
3665 3433 3842 3488 sequan-

2336 3512 2439 3558 tur.
2472 3506 2539 3558 Et
2577 3508 2695 3575 quia
2750 3510 3059 3579 plerumque
3105 3510 3225 3564 hinc
3269 3514 3480 3567 inveniu
3504 3522 3537 3566 it
3572 3504 3839 3567 occasionem

2336 3596 2616 3664 separandi
2642 3612 2701 3650 se
2728 3598 2796 3652 ab
2823 3600 3021 3653 unitate
3046 3600 3269 3666 Christi,
3304 3602 3427 3657 dum
3454 3604 3609 3658 malos
3628 3610 3839 3664 accusant,

2335 3701 2454 3740 cum
2485 3689 2675 3756 quibus
2715 3704 2772 3745 se
2812 3694 3236 3747 communionem
3288 3697 3427 3750 nolle
3472 3697 3650 3751 habere
3688 3695 3843 3751 confin-

2336 3788 2467 3849 gunt
2495 3796 2509 3845 ;
2541 3789 2594 3834 et
2621 3782 2741 3850 quia
2793 3783 2908 3837 fieri
2957 3793 3158 3852 potest,
3196 3796 3255 3840 ut
3304 3804 3408 3842 non
3434 3796 3618 3842 tantum
3646 3786 3844 3842 infament

2338 3874 2650 3929 innocentes
2674 3915 2688 3940 ,
2717 3890 2850 3943 quos
2873 3885 3120 3945 tanquam
3150 3879 3325 3935 malos
3352 3897 3409 3936 se
3444 3880 3606 3950 fugere
3630 3880 3842 3939 simulant,

2338 3967 2432 4022 sed
2462 3968 2621 4022 etiam
2663 3983 2786 4022 vera
2824 3969 2889 4022 de
2923 3971 3234 4038 quibusdam
3267 3974 3418 4028 malis
3444 3974 3524 4028 sui
3550 3973 3766 4028 similibus
3787 3970 3845 4023 di-

2338 4067 2479 4123 cant,
2511 4059 2648 4114 inler
2676 4074 2807 4128 quos
2835 4060 3063 4114 triticum
3091 4063 3290 4119 Christi
3319 4075 3523 4120 servato
3548 4065 3730 4118 unitatis
3759 4062 3844 4113 vin-

2339 4150 2459 4204 culo
2485 4151 2649 4220 gemit
2678 4168 2690 4203 :
2724 4160 2999 4219 propterea
3031 4154 3383 4224 interposuit,
3430 4156 3530 4210 lt'iri
3567 4154 3843 4225 sanguinmn,

2341 4240 2585 4294 declinate
2610 4258 2640 4293 a
2678 4258 2774 4306 mc,
2802 4243 3039 4312 quoniam
3075 4246 3209 4300 dices
3241 4247 3297 4301 in
3331 4249 3626 4318 cogitatione,
3656 4243 3844 4309 ordinent

2340 4335 2393 4386 in
2428 4335 2645 4387 uanitate
2676 4335 2896 4389 civitates
2925 4353 3082 4402 suas;
3111 4337 3158 4390 id
3188 4346 3292 4402 est,
3324 4339 3441 4393 ideo
3466 4338 3692 4392 seducent
3718 4336 3757 4385 in
3777 4344 3840 4382 see

2341 4425 2667 4495 parationem
2698 4428 2961 4496 prepriam
3004 4430 3226 4497 populos
3264 4445 3423 4496 suos,
3453 4430 3661 4482 vanitate
3682 4422 3841 4495 propria

2341 4517 2761 4586 corrumpendos
2783 4559 2796 4582 ,
2828 4519 2943 4588 quia
2974 4527 3030 4572 tu
3069 4520 3119 4572 in
3157 4521 3455 4589 cogitatione
3479 4520 3619 4583 dices,
3648 4514 3733 4568 Viri
3752 4526 3842 4563 san-

2342 4606 2573 4677 guinum,
2601 4607 2848 4661 declinate
2870 4625 2900 4660 a
2928 4624 3043 4663 me:
3086 4619 3141 4662 ut
3178 4610 3383 4666 scilicet
3429 4610 3604 4663 merito
3641 4599 3843 4673 superbia!

2342 4706 2650 4767 peccatores
2680 4699 2733 4752 in
2762 4700 2946 4769 Spiritu
2973 4701 3133 4754 occisi
3161 4742 3174 4764 ,
3207 4712 3483 4770 propterea
3505 4699 3716 4753 civitates
3733 4705 3842 4751 suas,

2344 4792 2447 4847 hoc
2474 4802 2552 4848 est
2587 4794 2807 4861 populos
2834 4806 2979 4859 suos,
3007 4793 3057 4845 in
3080 4808 3271 4847 vanum
3300 4793 3570 4862 accipiant,
3600 4789 3685 4842 hoc
3708 4793 3787 4847 est,
3807 4783 3843 4830 in

2344 4885 2543 4940 erroris
2568 4886 2851 4938 vanitatem
2894 4883 3189 4953 separando
3215 4884 3518 4947 traducant,
3557 4890 3604 4936 et
3631 4875 3754 4949 quasi
3784 4871 3845 4924 ol—

2346 4978 2479 5032 fensi
2495 4978 2870 5032 commixtione
2896 4978 3185 5045 palearum,
3210 4977 3443 5046 disrupta
3465 4975 3647 5029 unitate
3667 4968 3845 5024 triticum

2346 5072 2624 5133 deserant;
2657 5071 2776 5138 quia
2817 5071 2985 5138 ipsum
3024 5069 3250 5122 triticum
3274 5111 3286 5131 ,
3316 5067 3365 5121 id
3397 5075 3477 5121 est
3511 5066 3658 5119 bonos
3678 5056 3844 5111 lideIeS.

2346 5170 2527 5217 monet
2559 5170 2616 5213 ut
2647 5169 2769 5213 ante
2810 5159 3202 5213 ventilationem
3225 5200 3238 5222 ,
3273 5172 3389 5227 quae
3428 5153 3683 5210 novissima
3713 5147 3846 5199 futura

2348 5262 2428 5308 est
2452 5292 2466 5318 ,
2510 5266 2615 5305 non
2644 5260 2826 5319 aperte
2869 5264 2926 5303 se
2965 5264 2994 5301 a
3036 5250 3187 5302 malis
3225 5254 3491 5317 segreget,
3534 5258 3597 5297 ne
3630 5237 3769 5293 adhuc
3790 5228 3848 5282 eis

2349 5343 2666 5398 commixtos
2693 5343 2905 5397 deserat
2935 5343 3134 5405 bonos;
3167 5340 3257 5395 sed
3289 5355 3383 5408 per
3413 5339 3590 5393 bonam
3618 5336 3848 5386 conversa-

2351 5436 2546 5490 tionem
2582 5442 2638 5488 et
2674 5431 3170 5487 dissimulitudinem
3200 5431 3317 5484 vitae
3351 5419 3705 5498 quodammodo
3731 5411 3849 5467 tacite

2352 5526 2457 5579 illis
2476 5525 2672 5587 dicat’,
2705 5522 2812 5575 Viri
2841 5523 3160 5592 sanguinum,
3193 5520 3433 5573 declinata
3458 5534 3487 5568 a
3515 5530 3600 5566 me.
3630 5511 3722 5563 lloc
3739 5500 3846 5557 enim

2419 5618 2432 5648 ί
2460 5618 2531 5665 sic
2554 5624 2651 5662 Am.
2679 5621 2857 5670 egltlss.
2884 5622 2937 5662 At
2961 5620 3032 5660 Fr.
3060 5620 3111 5661 et
3133 5620 3259 5670 Lov.,
3283 5624 3313 5659 α
3337 5609 3410 5659 ria
3432 5606 3535 5670 Dei.
3567 5664 3577 5670 _
3737 5654 3745 5664 ,

2417 5680 2435 5707 ²
2461 5661 2596 5733 Eiid,
2618 5661 2757 5725 taciti:
2789 5661 2881 5725 illis
2904 5661 3035 5724 dicat
3059 5688 3227 5737 corpus
3248 5661 3438 5737 '(hrisli,
3486 5664 3577 5736 Viri
3603 5661 3844 5737 salillfll’l’flf

2359 5748 2451 5787 etc.
2492 5746 2543 5787 Al.
2567 5713 2671 5785 ὦδε.
2710 5752 2803 5785 non
2839 5737 3037 5793 habent,
3072 5710 3240 5798 cortinis
3253 5710 3438 5782 elisisti
3462 5742 3476 5777 .°
3507 5728 3629 5787 Cujus
3652 5710 3737 5767 li'i'co
3761 5710 3846 5761 sub.

2363 5802 2571 5858 auditur,
2598 5798 2825 5848 t'iticunt.
