4084 6438
381 469 513 526 180!

372 591 454 648 eis
477 601 611 644 voce
634 587 728 642 Det
754 584 901 651 dicit,
943 597 1065 654 quae
1101 595 1204 636 vox
1233 581 1286 634 in
1313 576 1632 648 cogitatione
1674 582 1776 638 est,
1823 571 1961 626 sicut

374 697 497 738 eam
527 682 667 736 Deus
695 678 824 733 dicit
847 676 900 731 in
927 674 1246 745 cogitatione
1271 671 1440 726 sancti
1486 667 1666 740 populi
1711 665 1813 720 sui.
1847 663 1960 718 Viri

371 785 556 832 autem
584 771 897 841 sanguinum
924 767 1012 838 qui
1041 773 1186 832 sunt,
1215 764 1314 820 nisi
1353 762 1442 832 qui
1481 760 1708 817 oderunt
1736 759 1956 821 fratres;

369 870 516 925 sicut
540 866 776 922 Joannes
801 860 969 917 dicit:
1001 859 1101 925 Qui
1139 859 1244 913 odit
1283 861 1490 928 fratrem
1512 869 1679 918 suum,
1711 850 1962 905 homicida

371 969 453 1015 est
481 958 526 1029 (Ι
551 956 707 1010 Joan.
729 969 806 1021 ιιι,
830 951 958 1022 ι5)ι
986 950 1099 1005 Hoc
1131 965 1260 1021 ergo
1285 963 1390 1003 non
1420 946 1773 1016 intelligentes
1798 941 1960 1000 occisi

370 1059 711 1121 peceatores,
739 1044 1006 1117 quomodo
1041 1043 1182 1101 dicat
1214 1043 1355 1098 Dens
1383 1040 1537 1096 malis
1561 1040 1612 1093 in
1643 1037 1962 1108 cogitatione

372 1143 666 1204 bonorum,
706 1137 810 1193 Viri
850 1137 1172 1208 sanguinum,
1222 1134 1466 1190 destinate
1504 1148 1536 1185 a
1575 1147 1672 1194 me,
1712 1135 1963 1184 accusant

375 1250 436 1289 ut
453 1234 538 1290 eis
553 1229 980 1287 communionem
1001 1228 1260 1282 malorum
1277 1242 1292 1291 ;
1311 1233 1365 1280 et
1379 1239 1437 1279 se
1455 1239 1548 1295 per
1563 1222 1656 1278 has
1671 1221 1963 1277 calumnias

373 1323 705 1399 separando,
730 1321 996 1394 accipiunt
1014 1321 1066 1374 in
1083 1320 1300 1375 vanitate
1316 1319 1534 1372 civitates
1552 1333 1691 1370 suas.
1711 1314 1834 1370 lizec
1855 1328 1960 1385 vox

375 1435 504 1491 quae
521 1416 681 1472 modo
697 1417 748 1471 in
770 1413 1086 1486 cogitatione
1101 1414 1360 1468 honorum
1381 1409 1574 1464 dicitur
1592 1407 1762 1470 malis,
1779 1413 1964 1476 aperta

374 1512 487 1567 «erit
513 1512 566 1566 in
593 1509 680 1565 illa
699 1508 807 1574 die,
831 1506 1043 1578 quando
1063 1505 1142 1560 eis
1163 1502 1354 1559 dicitur
1377 1516 1406 1555 a
1428 1501 1598 1570 capite
1620 1498 1735 1568 ipso
1757 1507 1960 1552 nostro:

385 1603 666 1673 Nunquam
685 1600 797 1655 novi
819 1615 935 1665 vos;
975 1597 1211 1652 discedite
1228 1612 1260 1650 a
1279 1611 1375 1658 me,
1399 1609 1567 1649 omnes
1585 1591 1669 1662 qui
1689 1590 1964 1662 operamini

383 1697 695 1766 iniquitatem
724 1693 933 1766 (Matth.
959 1708 1054 1759 VII,
1082 1690 1195 1760 25).

458 1789 551 1844 27.
591 1787 753 1862 [vers.
791 1785 920 1859 21.]
958 1785 1108 1840 Nunc
1146 1791 1321 1838 autem
1362 1779 1487 1836 dicit
1515 1792 1710 1848 corpus
1749 1775 1964 1842 Christi,

383 1882 534 1954 quod
561 1891 642 1936 est
660 1879 891 1936 Ecclesia
917 1895 930 1931 :
960 1875 1094 1945 Quid
1122 1885 1204 1931 est
1247 1873 1387 1945 quod
1428 1871 1555 1927 mihi
1583 1869 1968 1925 calumniantur

390 1975 630 2047 superbi,
662 1972 811 2044 quasi
856 1986 942 2026 me
987 1969 1255 2025 maculent
1296 1967 1466 2022 aliena
1497 1971 1731 2035 peccata,
1763 1972 1814 2017 et
1841 1977 1966 2032 pro-

391 2075 575 2137 pterea
622 2061 917 2134 separando
959 2075 1038 2126 se,
1084 2059 1347 2129 accipiant
1387 2057 1442 2110 in
1487 2056 1707 2110 vanitate
1747 2055 1966 2108 civitates

392 2158 552 2213 suas?
579 2155 762 2210 Nonne
789 2170 872 2209 eos
897 2153 983 2220 qui
1023 2152 1230 2207 oderant
1255 2160 1320 2213 te,
1351 2148 1580 2212 Domine,
1615 2147 1732 2201 odio
1776 2144 1968 2199 habui?

394 2247 588 2319 thuid
617 2262 646 2301 a
673 2262 760 2302 me
783 2245 992 2316 pejores
1021 2243 1240 2312 exigunt
1264 2241 1421 2296 etiam
1446 2238 1775 2308 corporalem
1801 2251 1830 2291 a
1856 2251 1968 2290 ma-

393 2342 457 2396 lis
483 2337 890 2409 separationem,
932 2343 992 2391 ut
1032 2343 1156 2389 ante
1202 2340 1408 2403 tempus
1451 2328 1640 2385 messis
1667 2329 1824 2384 simul
1847 2342 1968 2383 cum

391 2431 608 2488 tisatiiis
650 2429 952 2486 eradicetur
995 2435 1048 2482 et
1090 2425 1322 2480 triticum
1371 2422 1500 2493 (Id.
1550 2437 1663 2488 xui,
1717 2418 1852 2489 50);
1912 2426 1970 2474 ut

387 2533 518 2578 ante
551 2531 756 2591 tempus
782 2517 1137 2574 ventilationis
1180 2514 1398 2586 perdam
1443 2513 1812 2570 sustinentiam
1840 2511 1970 2565 tole-

391 2614 544 2670 randi
587 2612 788 2682 paleam
835 2609 946 2681 (Id.
991 2624 1068 2675 ιιι,
1115 2606 1239 2676 η),
1278 2615 1337 2660 ιιι
1364 2613 1647 2674 antequam
1675 2603 1850 2658 omnia
1878 2616 1969 2672 ge—

389 2723 518 2764 nera
543 2706 767 2778 piscium
791 2705 855 2768 ad
888 2704 1045 2760 linem
1074 2701 1252 2759 saeculi
1281 2711 1526 2768 tanquam
1555 2697 1620 2753 ad
1648 2697 1792 2753 littus
1817 2709 1971 2765 sepa-

388 2800 559 2855 randa
591 2797 915 2868 perveniant,
959 2795 1092 2851 retia
1119 2794 1264 2864 pacis
1289 2791 1609 2860 unitatisque
1637 2788 1969 2858 disrumpam

387 2892 504 2961 (Id.
548 2906 659 2956 nu,
705 2887 836 2960 47)?
878 2885 1141 2956 Numquid
1172 2883 1433 2939 malorum
1475 2893 1599 2937 sunt
1627 2880 1969 2936 Sacramenta

384 2999 509 3053 qua:
537 2981 776 3051 accipio?
815 2977 1071 3048 numquid
1098 2991 1283 3031 eorum
1310 2975 1431 3028 vitae
1458 2973 1712 3042 factisque
1735 2985 1968 3028 consen-

386 3076 572 3132 tiende
618 3072 988 3130 communico?
1033 3069 1220 3128 Nonne
1267 3086 1350 3127 eos
1392 3072 1477 3142 qui
1518 3067 1728 3125 oderant
1763 3076 1826 3135 te,
1859 3063 1970 3122 Do-

386 3168 540 3232 mine,
589 3165 706 3221 odio
750 3163 932 3230 habui;
966 3173 1013 3219 et
1054 3180 1207 3231 super
1246 3163 1460 3216 inimicis
1498 3162 1594 3216 tuis
1623 3160 1971 3216 tabescebam?

384 3275 567 3317 nonne
611 3275 731 3314 cum
779 3257 924 3314 zelus
969 3258 1158 3312 domus
1205 3264 1307 3311 tua:
1351 3255 1655 3314 comederet
1681 3269 1766 3310 me
1799 3251 1970 3324 (Psaf.

388 3367 575 3418 vatn,
627 3351 770 3422 10),
819 3349 1060 3405 videbam
1111 3349 1438 3414 insensatos,
1491 3357 1546 3403 et
1594 3346 1971 3402 tabescebam?

389 3459 569 3498 nonne
616 3451 669 3497 et
709 3441 921 3496 taedium
950 3440 1218 3496 detinebat
1258 3454 1343 3494 me
1371 3454 1400 3493 a
1430 3437 1793 3508 peccatoribus
1821 3438 1976 3493 dere-

388 3533 751 3605 linquentibus
779 3533 946 3603 legem
974 3542 1115 3585 tuam
1144 3529 1313 3601 (PsaI.
1342 3513 1524 3595 cxvm,
1549 3529 1673 3596 159,
1699 3530 1821 3598 158,
1843 3530 1974 3600 55)?

385 3625 492 3692 Qui
519 3625 661 3680 enim
700 3633 824 3679 sunt
867 3623 1062 3678 inimici
1097 3623 1196 3688 tui,
1227 3622 1326 3677 nisi
1366 3623 1454 3693 qui
1479 3623 1585 3676 vita
1615 3637 1708 3676 sua
1739 3622 1975 3678 indicant

387 3735 552 3790 quam
598 3717 808 3772 oderint
849 3717 1015 3786 legem
1048 3715 1226 3770 tuam?
1251 3715 1359 3771 Hos
1387 3731 1516 3787 ergo
1554 3730 1672 3770 cum
1715 3716 1972 3784 odissem,

389 3827 490 3867 cur
519 3809 648 3866 mihi
676 3809 1064 3865 calumniantur
1085 3807 1174 3877 qui
1204 3807 1468 3876 accipiunt
1510 3807 1563 3860 in
1603 3808 1819 3862 vanitate
1855 3807 1976 3861 civi-

396 3913 522 3958 tates
557 3919 695 3968 suas,
727 3901 867 3972 quod
898 3900 1025 3956 mihi
1069 3899 1315 3970 imputari
1362 3900 1568 3970 possint
1608 3914 1792 3953 eorum
1840 3914 1972 3970 pec-

395 4006 533 4062 cata,
567 4010 700 4066 quos
724 3995 961 4056 oderam,
1007 4002 1060 4048 et
1099 4007 1260 4062 super
1287 3992 1476 4062 quibus
1519 3990 1636 4045 zelo
1663 3991 1852 4045 domus
1881 3991 1976 4045 Dei

399 4086 771 4143 tabescebam?
811 4085 914 4141 Sed
960 4084 1048 4139 ubi
1090 4095 1190 4149 est,
1243 4082 1445 4152 Diligite
1488 4082 1717 4135 inimicos
1745 4081 1976 4135 vestros?

399 4187 480 4240 An
528 4183 648 4254 quia
693 4191 881 4236 vestros
924 4179 1094 4246 dixit,
1129 4193 1232 4233 non
1267 4178 1392 4232 Dei?
1435 4175 1753 4246 Benefacite,
1785 4173 1976 4245 inquit,

399 4279 469 4333 eis
493 4277 579 4347 qui
607 4276 814 4330 oderunt
841 4291 926 4328 vos
948 4289 966 4326 :
997 4287 1102 4327 non
1142 4272 1235 4336 ait,
1267 4272 1356 4340 qui
1385 4269 1612 4324 oderunt
1638 4268 1826 4324 Deum.
1857 4267 1979 4322 Ideo

401 4369 499 4424 iste
526 4376 738 4422 secutus
762 4365 894 4420 dixit
913 4366 952 4429 ι,
983 4363 1168 4417 Nonne
1192 4361 1274 4416 eos
1301 4362 1387 4430 qui
1410 4362 1622 4415 oderunt
1650 4370 1715 4427 te,
1745 4358 1979 4424 Domine,

401 4460 516 4514 odio
541 4458 728 4511 habui?
754 4471 856 4510 non
882 4455 1039 4520 dixit,
1067 4454 1154 4524 qui
1180 4454 1409 4508 oderunt
1453 4468 1559 4507 me.
1601 4451 1668 4505 Et
1696 4469 1846 4521 super
1869 4451 1972 4505 ini-

402 4553 540 4606 micis
564 4551 661 4604 tuis
687 4548 1034 4604 tabescebam:
1063 4547 1159 4601 tuis
1200 4546 1361 4609 dixit;
1410 4560 1536 4612 non,
1567 4545 1719 4599 meis.
1751 4543 1853 4599 Sed
1885 4543 1980 4612 qui

401 4659 499 4698 nos
515 4646 792 4712 propterea
809 4638 1055 4704 oderunt,
1079 4645 1135 4692 et
1150 4645 1427 4706 propterea
1451 4634 1644 4689 inimici
1665 4634 1815 4688 nobis
1832 4641 1978 4697 sunt,

402 4733 521 4805 quia
552 4733 660 4788 Deo
688 4732 970 4796 servimus,
1001 4728 1125 4799 quid
1163 4727 1304 4781 aliud
1351 4741 1506 4798 quam
1557 4739 1677 4779 eum
1730 4724 1978 4791 oderunt,

402 4835 456 4881 et
483 4826 599 4894 ejus
643 4823 839 4878 inimici
884 4821 1045 4876 sunt?
1083 4819 1345 4888 Numquid
1393 4831 1519 4888 ergo
1566 4815 1699 4871 tales
1741 4815 1985 4870 iniuicos

403 4926 616 4972 nostros
659 4915 877 4984 diligere
923 4927 1028 4966 non
1072 4910 1401 4965 debemus”?
1450 4909 1556 4963 Aut
1611 4923 1714 4962 non
1770 4914 1986 4976 propter

409 5011 572 5065 Deum
602 5005 1024 5079 persecutionem
1052 5003 1343 5073 patiuntur,
1366 5000 1555 5071 quibus
1581 4999 1804 5055 dicitur:
1832 4998 1988 5052 Orate

407 5118 498 5172 pro
539 5097 942 5170 persequentibus
966 5111 1050 5150 vos
1076 5093 1287 5164 (Matth.
1316 5109 1370 5159 v,
1411 5090 1540 5161 44)?
1586 5091 1724 5161 Ergo
1767 5090 1983 5144 attende

405 5191 545 5262 quod
576 5191 833 5259 sequitur.

451 5270 564 5337 '28.
607 5279 758 5354 [vers.
783 5277 898 5351 22.]
940 5276 1170 5348 Perfecto
1197 5275 1314 5330 odio
1341 5275 1544 5328 oderam
1568 5274 1700 5354 illos.
1725 5273 1858 5341 Quid
1882 5283 1983 5339 est,

412 5347 629 5445 perfecto
656 5373 807 5426 odio?
843 5347 1070 5426 eam
1110 5369 1161 5423 in
1191 5369 1270 5424 eis
1300 5367 1600 5437 iniquitates
1625 5347 1830 5432 eorum,
1861 5367 1987 5421 dili-

408 5467 595 5536 gebam
623 5464 977 5519 conditionem
1007 5470 1166 5515 tuam.
1197 5458 1310 5514 Hoc
1328 5466 1411 5514 est
1439 5457 1670 5528 perfecto
1695 5458 1816 5511 odio
1840 5457 1987 5512 odis-

410 5575 488 5622 se,
512 5567 570 5612 ut
594 5572 691 5612 nec
715 5564 926 5625 prapter
947 5553 1070 5608 vitia
1095 5553 1337 5607 homines
1362 5550 1560 5614 oderis.
1586 5565 1682 5605 nec
1713 5549 1836 5605 vitia
1863 5566 1988 5620 pro-

410 5659 529 5719 pter
561 5647 801 5702 homines
825 5645 1030 5715 diligas.
1070 5643 1201 5697 Nam
1244 5658 1368 5698 ecce
1406 5641 1525 5696 vide
1551 5640 1676 5711 quid
1702 5641 1949 5712 adjungat
1972 5681 1988 5707 ,

414 5742 618 5796 Inimici
644 5741 763 5810 [acti
789 5749 907 5795 sunt
933 5738 1074 5792 mihi.
1102 5737 1214 5792 Non
1238 5737 1346 5808 j'am
1376 5745 1578 5792 tantum
1611 5735 1723 5802 Dei,
1752 5735 1846 5791 sed
1867 5749 1991 5789 suos

478 5879 490 5908 ¹
532 5882 625 5934 Er.,
648 5889 863 5925 securus.
889 5883 946 5924 Μ.

477 5939 497 5972 ³
531 5933 722 5988 διςίΑιιει.
751 5945 822 5985 F.r.
851 5945 901 5987 et
924 5935 1088 5998 plures
1111 5941 1212 5983 Mss.
1241 5941 1308 5981 At.
1334 5941 1460 5996 Lov.,
1486 5946 1566 5986 nos
1592 5933 1831 5984 debemus.

699 6023 920 6083 Saacr.
970 6025 1247 6082 AUGUST.
1295 6017 1400 6078 ιν.

1399 452 1794 510 ENARRATIO
1832 450 1897 506 1N
1938 444 2260 506 PSALMUM
2299 443 2626 498 CXXXVII.

1926 6043 2016 6062 qua.

3499 453 3520 508 l
3533 453 3639 509 802

2063 565 2309 620 inimicos
2350 564 2600 619 ostendit.
2644 565 2922 633 Quomodo
2951 581 3077 638 ergo
3110 568 3162 622 in
3193 569 3270 624 eis
3297 569 3555 640 implebit.
3584 584 3642 628 et

2062 658 2202 729 quod
2231 658 2344 728 ipse
2371 657 2522 724 dixit,
2553 657 2739 713 Nonne
2760 674 2843 712 eos
2870 659 2956 729 qui
2977 660 3185 713 oderant
3215 670 3280 724 te,
3308 662 3426 715 odio
3462 663 3637 730 habui,

2064 749 2285 820 etquod
2314 749 2566 804 Dominus
2597 750 2866 819 prmcepit,
2897 750 3104 821 Difigite
3147 752 3373 806 inimicos
3407 763 3594 808 vestros
3615 755 3643 808 .’

2064 840 2342 908 Quomodo
2371 839 2608 910 implebit
2631 841 2751 908 hoc,
2780 842 2879 896 nisi
2905 841 2995 898 illo
3022 843 3256 912 perfecto
3276 844 3433 909 odio;
3461 855 3517 898 ut
3539 845 3642 900 hoc

2065 931 2117 987 in
2144 931 2223 988 eis
2245 930 2583 1000 oderitquod
2610 931 2774 1001 iniqui
2813 941 2955 998 sunt,
2987 932 3090 989 hoc
3130 934 3314 1005 diligat
3359 936 3501 1005 quod
3545 936 3641 991 ho-

2063 1023 2236 1079 mines
2265 1024 2420 1079 sunt?
2444 1022 2578 1078 Nam
2598 1033 2652 1078 et
2678 1032 2916 1094 tempore
2938 1024 3144 1081 Veteris
3169 1026 3515 1090 Testamenti,
3535 1045 3641 1098 quo

2063 1116 2357 1172 visibilibus
2398 1116 2670 1187 suppliciis
2727 1117 2955 1172 carnalis
2999 1117 3225 1187 populus
3275 1121 3640 1188 coercebatur,

2067 1209 2226 1266 homo
2247 1210 2312 1265 ad
2333 1209 2535 1266 Novum
2557 1210 2959 1266 Testamentum
2988 1226 3081 1281 per
3101 1211 3503 1282 intelligentiam
3521 1232 3644 1286 per-

2067 1303 2261 1368 tinens,
2285 1301 2510 1357 famulus
2531 1301 2624 1356 Dei
2646 1301 2873 1373 Moyses,
2896 1303 3163 1373 quomodo
3197 1304 3382 1359 oderat
3417 1321 3642 1374 peccan-

2067 1399 2166 1459 tes,
2194 1409 2313 1448 cum
2345 1407 2440 1462 pro
2467 1392 2544 1448 eis
2569 1392 2787 1446 orabat?
2811 1401 2864 1448 et
2888 1393 3153 1462 quomodo
3173 1410 3278 1448 non
3295 1394 3498 1461 oderat,
3522 1411 3643 1451 cum

2065 1501 2158 1543 eos
2179 1485 2468 1550 occidebat,
2497 1485 2595 1538 nisi
2619 1485 2740 1554 quia
2768 1484 3000 1554 perfecto
3021 1485 3144 1540 odio
3183 1485 3372 1541 oderat
3406 1503 3498 1542 eos
3517 1489 3539 1542 ιν
3567 1488 3645 1544 Ea

2067 1593 2295 1648 namque
2321 1577 2647 1647 perfectione
2677 1576 2754 1631 sic
2781 1577 2966 1631 oderat
3004 1577 3332 1647 iniquitatem
3363 1596 3517 1649 quam
3551 1595 3645 1650 pu-

2067 1669 2263 1731 niebat,
2294 1675 2350 1722 ut
2374 1666 2618 1736 diligeret
2644 1666 3024 1722 humanitatem
3047 1682 3142 1737 pro
3167 1683 3268 1738 qua
3295 1671 3499 1722 orabat.

2135 1759 2227 1815 29.
2269 1758 2416 1831 (vers.
2449 1758 2564 1831 25.]
2602 1757 2736 1813 Cum
2768 1773 2895 1828 ergo
2923 1773 3116 1829 corpus
3141 1759 3337 1815 Christi
3363 1761 3431 1815 ab
3470 1762 3644 1831 impiis

2067 1858 2122 1906 et
2160 1848 2356 1920 iniquis
2393 1849 2554 1905 etiam
2593 1849 2940 1919 corporaliter
2991 1849 3044 1904 in
3095 1849 3202 1904 ﬁne
3252 1852 3643 1920 separandum,

2069 1958 2210 1997 nunc
2241 1942 2378 1996 inter
2405 1955 2499 1996 eos
2526 1940 2736 1995 interim
2765 1950 2972 2010 gemat;
3003 1950 3056 1995 et
3084 1956 3204 1996 cum
3236 1941 3308 1996 illi
3336 1943 3494 1996 occisi
3521 1959 3646 2012 pec-

2069 2042 2277 2089 catores
2304 2041 2555 2103 tanquam
2585 2030 2654 2086 de
2683 2031 2945 2086 malorum
2974 2032 3348 2088 communione
3375 2033 3526 2088 bonis
3554 2051 3647 2089 ca-

2069 2125 2397 2190 lumniando,
2421 2135 2474 2180 et
2491 2140 2550 2181 se
2567 2125 2716 2195 quasi
2740 2139 2834 2194 per
2849 2125 3183 2180 occasionem
3206 2125 3462 2180 malorum
3481 2129 3648 2197 magis

2069 2232 2100 2272 a
2122 2217 2274 2272 bonis
2294 2227 2348 2272 et
2362 2216 2735 2271 innocentibus
2753 2215 3067 2285 separando,
3104 2221 3183 2270 sic
3203 2216 3460 2287 accipiant
3479 2217 3530 2272 in
3554 2233 3649 2271 va-

2071 2313 2234 2368 nitate
2258 2312 2499 2367 civitates
2524 2325 2669 2376 suas,
2695 2319 2752 2364 ut
2779 2310 2932 2364 multi
2961 2309 3084 2364 mali
3110 2310 3285 2365 adhuc
3313 2319 3532 2378 restent,
3558 2313 3650 2382 qui

2071 2418 2255 2459 eorum
2287 2401 2673 2472 separationem
2705 2416 2809 2455 non
2847 2410 3154 2470 sequantur,
3197 2400 3290 2456 sed
3320 2416 3350 2455 a
3379 2402 3532 2456 bonis
3563 2415 3651 2455 us-

2070 2512 2174 2568 que
2220 2497 2271 2551 in
2316 2497 2475 2550 ﬁnem
2522 2494 2802 2561 tolerandi,
2845 2495 2896 2549 iu
2935 2495 3122 2549 eadem
3165 2495 3512 2564 permixtione
3557 2511 3647 2548 rc-

2073 2594 2360 2642 Inaneaut:
2393 2586 2520 2656 quid
2550 2585 2690 2640 inter
2732 2585 2846 2640 hazc
2891 2585 2999 2655 agit
3040 2599 3233 2654 corpus
3275 2583 3492 2652 Christi,
3539 2583 3652 2638 sive

2071 2686 2375 2742 centenum,
2420 2678 2532 2732 sive
2576 2692 2918 2747 sexagenum,
2968 2676 3082 2732 sive
3122 2676 3380 2731 tricenum
3424 2675 3654 2732 fructum

2072 2769 2300 2825 all‘erens
2319 2784 2440 2823 cum
2472 2769 2748 2824 tolerantia
2796 2767 3006 2839 (Matth.
3038 2782 3149 2832 xui,
3176 2767 3275 2832 25;
3303 2775 3350 2820 et
3377 2766 3504 2820 Luc.
3536 2782 3653 2835 vin,

2074 2861 2208 2932 15)?
2248 2859 2386 2927 Quid
2414 2860 2519 2932 agit
2567 2860 2808 2930 proxima
2844 2858 3040 2914 Christi
3085 2859 3136 2911 in
3187 2857 3362 2912 medio
3404 2859 3654 2926 ﬁliarum,

2072 2952 2210 3008 sicut
2229 2952 2396 3006 lilium
2422 2951 2473 3006 in
2505 2949 2680 3006 medio
2707 2950 2979 3020 spinarum
3007 2947 3177 3019 (Cant.
3202 2963 3258 3014 ιι,
3279 2947 3369 3018 2)?
3389 2949 3516 3016 Qua:
3531 2956 3659 3004 sunt

2075 3062 2234 3103 voces
2258 3046 2412 3115 ejus?
2431 3058 2550 3115 qua:
2585 3040 2944 3098 conscientia?
2973 3055 3092 3111 qua:
3127 3041 3330 3110 species
3369 3039 3486 3094 ﬁlia:
3516 3041 3658 3110 regis

2074 3139 2399 3199 intrinsecus
2442 3135 2613 3207 (Psal.
2646 3149 2794 3200 xuv,
2829 3131 2956 3200 li)?
2985 3132 3122 3194 Ecce
3149 3129 3270 3192 audi
3308 3129 3433 3208 quid
3473 3129 3653 3187 dicat:

2075 3233 2248 3289 Proba
2268 3247 2364 3301 me,
2386 3226 2546 3300 Deus,
2574 3237 2622 3286 et
2646 3226 2768 3286 scito
2793 3240 2878 3285 cor
2905 3246 3088 3283 nteant.
3109 3228 3188 3282 Tu
3213 3229 3371 3294 Deus,
3397 3239 3448 3282 tu
3471 3220 3654 3298 proba,

2077 3338 2133 3384 tu
2157 3328 2324 3393 scito;
2354 3342 2459 3382 non
2490 3325 2667 3391 homo,
2703 3341 2806 3380 non
2835 3323 3137 3390 hmreticus,
3166 3324 3253 3392 qui
3294 3337 3390 3377 nec
3433 3323 3660 3393 probare

2077 3421 2243 3487 novit,
2274 3434 2374 3475 nec
2419 3420 2559 3474 scire
2606 3427 2782 3489 potest
2819 3432 2912 3472 cor
2954 3432 3152 3482 meum,
3185 3416 3275 3471 ubi
3303 3426 3356 3471 tu
3385 3416 3576 3486 probas
3604 3423 3660 3472 et

2077 3512 2186 3568 scis
2213 3512 2336 3583 quia
2366 3527 2470 3567 non
2501 3511 2832 3566 consentiam
2877 3509 3029 3563 factis
3056 3508 3339 3575 malorum,
3386 3517 3440 3563 et
3470 3508 3540 3562 illi
3573 3524 3662 3564 me

2078 3613 2264 3675 putant
2308 3603 2652 3660 contaminari
2681 3617 2839 3674 posse
2869 3601 3100 3671 peccatis
3140 3601 3365 3656 aliorum
3402 3618 3414 3654 :
3449 3610 3504 3655 ut
3531 3600 3660 3656 dum

2078 3712 2177 3768 ego
2202 3698 2255 3752 in
2283 3696 2565 3768 longinqua
2618 3694 3042 3765 peregrinatione
3075 3708 3191 3745 mea
3237 3691 3372 3746 facio
3420 3690 3557 3759 quod
3607 3693 3660 3746 in

2078 3789 2185 3844 alio
2209 3789 2412 3858 psalmo
2435 3803 2611 3857 gemo,
2647 3786 2698 3839 id
2728 3796 2830 3851 est,
2859 3800 2979 3838 cum
3011 3785 3072 3836 iis
3100 3783 3190 3853 qui
3220 3783 3444 3836 oderant
3473 3797 3658 3851 pacem

2079 3897 2198 3936 sum
2219 3882 2233 3910 ¹
2266 3879 2516 3949 paciﬁcus
2544 3877 2717 3945 (Psal.
2741 3892 2885 3937 cxtx,
2917 3876 2989 3943 7),
3033 3874 3203 3927 donec
3244 3874 3546 3943 perveniam
3593 3873 3662 3928 ad

2081 3971 2225 4025 illam
2252 3971 2506 4024 visionem
2553 3968 2717 4037 pacis,
2762 3965 2902 4035 quod
2939 3964 3315 4032 interpretatur
3342 3961 3660 4030 Jerusalem,

2081 4078 2198 4134 qua:
2227 4072 2307 4117 est
2333 4070 2502 4116 mater
2529 4060 2766 4114 omnium
2812 4065 3088 4122 nostrum,
3139 4055 3325 4108 civitas
3365 4064 3562 4108 aeterna
3608 4054 3662 4110 iu

2082 4154 2267 4218 caelis;
2294 4153 2389 4223 ipsi
2416 4150 2665 4221 litigando
2689 4159 2744 4204 et
2767 4147 3136 4202 calumniando
3159 4162 3320 4215 seque
3344 4146 3660 4214 separando,

2082 4245 2361 4314 accipiant,
2393 4259 2494 4297 non
2526 4242 2677 4312 plane
2707 4241 2758 4294 iu
2785 4239 3100 4302 mtcrnitale,
3130 4237 3225 4292 sed
3263 4239 3314 4291 in
3345 4238 3558 4292 vanitate
3585 4239 3662 4292 ci-

2083 4338 2258 4392 vitates
2287 4351 2423 4388 suas.
2461 4332 2630 4386 Proba
2663 4348 2788 4402 ergo
2819 4346 2915 4394 nte,
2945 4329 3099 4395 Deus,
3133 4339 3178 4384 et
3202 4330 3326 4384 scito
3350 4347 3436 4384 cor
3462 4348 3666 4395 meum;

2083 4439 2308 4484 scrutare
2329 4443 2424 4491 me,
2449 4437 2493 4478 et
2518 4440 2757 4492 cognosce
2775 4424 2976 4477 semitas
3000 4439 3154 4477 meas.
3190 4422 3379 4494 thuid
3407 4422 3545 4479 hoc?
3574 4424 3666 4480 At-

2089 4521 2246 4577 tende
2269 4518 2391 4588 quid
2421 4517 2682 4587 sequitur.

2157 4614 2245 4668 '50.
2290 4611 2435 4684 [vers.
2459 4608 2574 4681 °21L]
2616 4607 2680 4662 Et
2703 4609 2832 4675 vide,
2857 4607 3044 4679 inquit,
3069 4609 3112 4660 si
3133 4609 3211 4660 via
3232 4606 3507 4677 iniquitatis
3530 4606 3592 4660 sit
3613 4606 3668 4659 in

2090 4721 2188 4770 me,
2213 4713 2256 4756 et
2280 4702 2442 4757 deduc
2465 4718 2540 4755 me
2560 4703 2610 4754 in
2633 4701 2709 4754 via
2731 4711 2938 4754 aeterna.
2972 4699 3229 4764 Scrutare,
3255 4697 3443 4766 inquit,
3462 4699 3667 4751 semitas

2089 4812 2245 4860 meas,
2271 4795 2322 4848 id
2350 4804 2429 4848 est
2457 4793 2678 4848 consilia
2705 4802 2759 4847 et
2788 4791 3132 4860 cogitationes
3180 4803 3325 4842 meas
3351 4804 3362 4840 :
3395 4799 3442 4841 et
3483 4787 3596 4841 vide
3623 4790 3670 4842 si

2090 4887 2169 4939 via
2212 4884 2486 4954 iniquitatis
2515 4884 2578 4937 sit
2622 4884 2676 4935 in
2705 4897 2802 4945 me,
2845 4881 2956 4933 sive
2997 4876 3260 4944 iaciendo,
3303 4877 3414 4932 sive
3443 4891 3670 4932 consen-

2090 4975 2298 5040 tieudo;
2349 4985 2395 5028 et
2438 4974 2599 5028 deduc
2643 4989 2720 5025 me
2754 4972 2808 5024 in
2833 4970 2912 5024 via
2939 4977 3149 5022 wterna.
3176 4966 3311 5035 Quid
3350 4967 3490 5021 aliud
3518 4966 3668 5032 dicit,

2090 5084 2270 5139 quam,
2292 5067 2462 5122 deduc
2483 5081 2566 5120 me
2592 5066 2640 5118 in
2659 5061 2904 5116 Christo?
2921 5060 3049 5128 Quis
3065 5063 3148 5114 est
3170 5059 3310 5114 enim
3340 5059 3420 5112 via
3442 5069 3664 5122 mterna,

2091 5161 2195 5216 nisi
2214 5161 2301 5231 qui
2331 5168 2413 5215 est
2448 5158 2552 5212 vita
2589 5155 2822 5210 aeterna?
2845 5153 3096 5210 Aiternus
3116 5152 3257 5208 enim
3278 5151 3466 5222 estqui
3493 5151 3626 5206 dixit
3656 5171 3669 5204 :

2095 5252 2206 5324 Ego
2237 5268 2346 5306 smn
2371 5250 2470 5315 via,
2501 5249 2679 5302 veritas
2707 5254 2751 5300 et
2777 5245 2875 5298 vita
2905 5243 3082 5314 (Joan.
3113 5258 3227 5307 xlv,
3251 5242 3329 5311 6).
3355 5242 3409 5296 Si
3431 5258 3557 5314 ergo
3575 5242 3671 5297 ali-

2091 5345 2217 5417 quid
2243 5343 2506 5399 inveneris
2529 5342 2579 5395 in
2617 5338 2698 5394 via
2736 5353 2851 5393 mea
2888 5335 3027 5407 quod
3053 5335 3516 5407 displiceatoculis
3543 5334 3668 5394 tuis,

2095 5438 2344 5509 quoniam
2376 5440 2456 5489 via
2489 5449 2605 5489 mea
2637 5432 2876 5488 mortalis
2906 5440 3026 5496 est;
3077 5439 3130 5484 tu
3179 5429 3341 5483 deduc
3390 5445 3467 5481 me
3509 5427 3560 5478 in
3595 5426 3673 5478 ria

2093 5541 2299 5593 wterna,
2333 5528 2419 5582 ubi
2464 5526 2608 5580 nulla
2639 5535 2721 5580 cst
2765 5524 3042 5594 iniquitas:
3078 5522 3197 5592 quia
3240 5522 3330 5575 etsi
3358 5521 3467 5588 quis
3498 5534 3675 5588 pecca-

2094 5625 2236 5684 verit.
2266 5623 2564 5675 advocatum
2592 5617 2830 5672 habemus
2859 5615 2998 5686 apud
3037 5614 3265 5676 Patrem,
3311 5611 3484 5664 Iesum
3529 5609 3676 5663 Citri-

2094 5726 2225 5770 slum
2231 5717 2446 5784 justum.
2468 5711 2489 5764 1
2498 5728 2582 5781 pse
2595 5720 2663 5764 est
2682 5709 2903 5763 exoratio
2922 5723 3010 5776 pro
3028 5704 3240 5775 peccatis
3256 5704 3435 5755 nostris
3458 5701 3496 5769 (1
3512 5698 3665 5755 Ιιιαιι.

2164 5933 2176 5962 ¹
2216 5937 2285 5980 Er.
2315 5929 2455 5992 Lugd.
2486 5935 2600 5977 \‘cn.
2629 5933 2754 5986 Lov.,
2781 5936 2931 5975 erant.
2959 5930 3012 5968 Μ.

2934 6004 3546 6084 {Cinquante-sept.)

3721 930 3735 1033 Ξ
