4084 6446
501 381 643 437 1805

502 511 574 560 ιι,
608 494 627 547 l
656 491 711 566 );
745 492 861 562 ipse
902 496 986 547 est
1019 487 1101 543 via
1128 487 1143 518 ί
1178 491 1375 540 mterna
1416 481 1531 536 sine
1568 484 1829 550 peccato;
1860 475 1973 544 ipse
2003 480 2087 528 est

502 589 610 640 vita
641 595 838 640 (eterna
868 582 984 636 sine
1010 577 1289 647 supplicio.

576 680 635 734 5|
650 712 665 729 .
692 677 872 745 Magna
894 677 1222 725 sacramenta
1242 665 1489 733 ,fratres.
1515 661 1790 731 Quomodo
1812 660 2089 725 nobiscum

506 772 738 841 loquitur
778 766 1005 836 Spiritus
1058 762 1191 818 Dei?
1239 758 1510 832 quomodo
1554 758 1713 813 nobis
1742 756 1866 811 facit
1895 756 1947 811 in
1990 754 2091 809 hac

506 873 661 918 nocte
700 856 954 914 delicias?
978 855 1115 922 Quid
1144 862 1225 909 est
1246 853 1357 907 hoc
1376 894 1390 916 ,
1414 866 1672 922 rogamus
1708 863 1803 903 vos
1824 890 1837 915 ,
1862 847 2092 903 fratres?

502 955 643 1009 Διηάιε
674 952 910 1007 dulciora
932 991 946 1013 ,
995 964 1098 1019 quo
1127 946 1433 1002 obscuriora
1458 944 1524 998 ’ἲ
1562 942 1783 998 Conﬁcit
1811 942 1962 997 nobis
1990 956 2091 1010 po-

506 1049 703 1100 tionem
748 1043 816 1098 ad
862 1056 1099 1096 amorem
1130 1054 1284 1095 suum
1315 1079 1330 1101 ,
1358 1036 1675 1107 quibusdam
1719 1035 1891 1090 modis
1920 1033 2090 1089 miris.

504 1134 748 1190 Mil-ineat
778 1135 890 1204 ipsa
916 1133 1053 1188 dicta
1080 1146 1197 1195 sua,
1221 1138 1279 1184 ut
1298 1144 1420 1184 cum
1441 1143 1501 1184 ea
1522 1127 1824 1183 diceremus
1848 1141 1965 1196 quae
1982 1125 2092 1195 jam

505 1229 776 1283 noveratis
800 1268 813 1292 ,
847 1236 1025 1281 tamen
1053 1225 1173 1294 quia
1208 1238 1276 1277 ex
1312 1222 1417 1276 illis
1460 1221 1590 1275 locis
1619 1220 1941 1275 eruebantur
1975 1233 2093 1289 qua:

506 1324 731 1377 obscura
758 1319 1084 1380 videbantur,
1111 1326 1357 1384 tanquam
1377 1328 1510 1368 nova
1530 1312 1680 1366 fieret
1704 1310 1816 1379 ipsa
1837 1309 2088 1381 cognitio.

506 1411 771 1480 Numquid
805 1426 907 1463 non
940 1408 1229 1472 noveratis,
1252 1404 1466 1471 fratres,
1498 1403 1620 1474 quia
1650 1401 1701 1456 in
1728 1402 1966 1457 Ecclesia
1997 1400 2093 1455 Dei

509 1502 771 1557 tolerandi
802 1509 924 1553 sunt
952 1499 1095 1563 mali,
1125 1506 1173 1552 et
1207 1496 1494 1552 schismata
1534 1510 1639 1549 non
1670 1502 1792 1548 sunt
1815 1491 2093 1547 facienda?

507 1592 772 1662 Numquid
802 1607 905 1644 non
943 1591 1052 1659 jam
1079 1588 1327 1643 scicbatis
1353 1587 1474 1656 quia
1518 1587 1655 1640 intra
1686 1584 1772 1638 illa
1816 1584 1947 1639 retia
1976 1598 2095 1653 quae

509 1686 724 1752 capiunt
746 1684 913 1737 bonos
939 1690 993 1736 et
1010 1681 1176 1733 malos
1195 1678 1384 1748 pisces,
1407 1674 1798 1746 perdurandum
1826 1684 1907 1729 est
1930 1688 2096 1743 usque

509 1778 576 1831 ad
609 1777 774 1839 littus,
808 1789 903 1828 nec
930 1773 1061 1827 retia
1086 1769 1380 1839 rumpenda
1410 1767 1707 1837 sunt;quia
1734 1767 1786 1820 in
1814 1766 1990 1820 littore
2011 1780 2097 1819 se-

510 1870 837 1940 parahuntur
861 1866 985 1921 boni
1017 1864 1082 1918 ad
1110 1878 1233 1917 vasa
1255 1903 1269 1929 ,
1302 1870 1356 1917 et
1402 1862 1524 1916 mali
1556 1860 1935 1930 projicientur?
1979 1858 2095 1913 Jam

511 1963 611 2017 ista
658 1960 952 2023 noveratis;
989 1973 1174 2012 versus
1204 1965 1380 2010 autem
1422 1955 1551 2009 istos
1588 1953 1775 2024 psalmi
1809 1951 1966 2020 hujus
1992 1966 2095 2006 non

512 2053 891 2121 intelligebatis
923 2067 935 2104 :
966 2050 1265 2119 expositum
1295 2045 1540 2117 estquod
1570 2060 1676 2100 non
1700 2042 2093 2113 intelligebatis,

511 2154 567 2200 ct
592 2146 897 2199 innovatum
929 2150 1011 2198 est
1038 2140 1181 2212 quod
1212 2140 1500 2195 noveratis.

517 2267 2081 2294 _________________________.

853 2354 934 2415 IN
976 2352 1356 2415 PSALMUM
1401 2348 1737 2412 CXXXIX

1099 2470 1512 2529 ENARRATIO.

1044 2604 1216 2645 SERIO
1242 2606 1310 2644 AD
1340 2604 1561 2644 ριεθειι.

585 2712 637 2765 1.
678 2710 960 2765 Jusserunt
982 2705 1182 2760 domini
1208 2704 1396 2758 fratres
1425 2699 1520 2775 (η),
1542 2711 1593 2757 et
1613 2702 1663 2755 in
1693 2698 1820 2769 ipsis
1848 2698 2100 2753 Dominus

511 2805 769 2865 omnium,
799 2809 856 2853 ut
885 2800 1041 2853 istum
1073 2797 1335 2867 psalmum
1358 2795 1574 2849 afferam
1602 2793 1667 2849 ad
1689 2808 1784 2848 vos
1805 2792 2101 2861 intelligen-

512 2895 639 2950 dum
666 2934 682 2961 ,
711 2900 962 2963 quantum
1006 2890 1261 2943 Dominus
1290 2888 1470 2942 donat.
1504 2887 1731 2957 Adjnvet
1773 2884 2101 2940 orationibus

512 2984 737 3049 vestris,
770 2991 825 3037 ut
867 2996 927 3036 ea
964 2980 1135 3034 dicam
1165 2993 1283 3049 quin
1322 2984 1531 3047 oportet
1576 2992 1659 3031 me
1689 2976 1899 3041 dicere,
1927 2982 1981 3029 et
2008 2987 2101 3028 vos

513 3076 728 3141 audire;
764 3074 836 3129 uti
880 3072 1126 3127 omnibus
1164 3070 1316 3124 nobis
1360 3069 1503 3123 utilis
1547 3068 1614 3123 sit
1665 3052 1843 3123 sermo
1869 3066 2097 3121 divinus.

499 3169 631 3226 'Non
676 3169 816 3224 enim
865 3166 1109 3221 omnibus
1141 3164 1285 3219 utilis
1311 3174 1429 3229 est;
1462 3163 1584 3233 quia
1616 3178 1721 3217 non
1752 3171 1835 3218 est
1863 3161 2099 3215 omnium

510 3263 646 3319 ﬁdes
677 3262 695 3335 (
721 3261 761 3317 ll
792 3259 967 3314 Thess.
1000 3274 1077 3325 tu,
1106 3258 1141 3312 2
1166 3257 1204 3326 ).
1234 3255 1390 3311 Fides
1416 3264 1591 3309 autem
1619 3254 1695 3309 sic
1721 3263 1802 3310 est
1823 3255 1875 3307 in
1901 3254 2097 3320 anima,

510 3365 571 3409 ut
592 3353 740 3409 radix
762 3352 897 3407 bona
926 3366 1045 3420 qua:
1076 3347 1307 3417 pluviam
1336 3347 1387 3401 in
1417 3346 1642 3402 fructum
1666 3344 1814 3399 ducit
1841 3362 1853 3398 :
1882 3342 2100 3415 perﬁdia

493 3461 662 3518 vero,
694 3454 746 3500 et
773 3460 925 3499 error
950 3441 1275 3506 diabolicus,
1316 3448 1370 3493 et
1410 3438 1706 3508 cupiditas,
1757 3438 1895 3493 mala
1950 3436 2100 3491 radix

512 3537 751 3592 omnium
779 3534 1040 3588 malorum
1083 3531 1130 3599 (1
1156 3529 1512 3599 Tim.vt,10),
1542 3530 1681 3583 sicut
1723 3527 1874 3582 radix
1919 3527 2101 3597 spina-

511 3642 633 3683 rum
658 3668 673 3693 ,
704 3626 859 3681 etiam
881 3622 1090 3678 dulcem
1117 3621 1348 3691 pluviam
1374 3617 1441 3672 ad
1476 3617 1790 3688 punctiones
1817 3618 2097 3672 convertit.

585 3719 640 3773 9..
682 3716 819 3785 Quid
849 3715 1008 3769 habet
1037 3713 1274 3784 psalmus
1298 3710 1419 3776 iste,
1443 3709 1609 3765 credo
1633 3725 1754 3765 cum
1773 3716 2097 3775 cantaretnr,

511 3810 807 3866 advertisse
857 3821 984 3871 vos;
1013 3804 1261 3876 quoniam
1313 3802 1659 3873 conqueritur
1700 3810 1755 3857 et
1803 3802 2004 3872 gemit,
2043 3810 2101 3857 et

510 3918 727 3975 precem
763 3902 869 3956 Deo
905 3898 1109 3966 fundit,
1141 3899 1278 3953 inter
1307 3896 1475 3952 malos
1518 3897 1859 3951 constitutum
1908 3910 2099 3967 corpus

503 3981 711 4052 Christi
746 4010 759 4047 :
790 3994 906 4063 ejus
935 3992 1075 4048 enim
1108 4006 1209 4045 vox
1256 3998 1337 4045 est
1379 3988 1433 4043 in
1475 3988 1618 4044 omni
1660 3988 1750 4042 tali
1783 3987 2094 4058 prophetia,

490 4070 764 4156 tanquam
792 4083 934 4137 illius
956 4081 1149 4151 in0pis,
1179 4078 1231 4135 id
1253 4088 1333 4135 est
1362 4078 1589 4149 egentis,
1622 4076 1855 4132 nondum
1884 4077 2093 4141 satiati,

512 4176 799 4232 esurientis
843 4181 896 4229 et
946 4172 1174 4227 sitientis
1201 4170 1459 4241 justitiam
1513 4173 1530 4240 (
1570 4168 1753 4224 Matth.
1785 4184 1837 4233 v,
1867 4169 1985 4239 6),
2014 4171 2098 4224 cui

508 4268 757 4338 quaedam
786 4266 1035 4321 saturitas
1062 4263 1323 4335 promissa
1355 4262 1406 4316 in
1436 4261 1542 4316 ﬁne
1590 4269 1852 4317 servatur.
1882 4260 2097 4316 Interim

514 4360 603 4415 hic
630 4372 769 4412 nunc
808 4356 951 4409 sitiat
973 4364 1025 4410 et
1050 4354 1280 4420 esuriat,
1309 4361 1483 4424 gemat
1507 4362 1561 4407 et
1598 4353 1773 4424 pulset
1795 4360 1850 4407 et
1871 4359 2095 4423 quaerat.

515 4447 968 4519 Percgrinationis
1013 4445 1275 4500 illecebris
1326 4459 1428 4497 non
1459 4444 1785 4511 delectetur,
1814 4460 1919 4498 non
1951 4452 2100 4513 putet

516 4542 744 4614 patriam
774 4538 1047 4603 saeculum,
1072 4535 1211 4590 unde
1234 4544 1290 4588 ut
1312 4534 1564 4589 liberetur
1583 4534 1826 4589 Christus
1848 4534 2094 4589 advenit:

516 4637 639 4707 quia
653 4634 896 4690 Christus
911 4638 1069 4699 caput
1095 4636 1330 4682 nostrum
1354 4641 1472 4681 esse
1497 4626 1683 4691 voluit,
1716 4634 1874 4696 caput
1898 4626 2101 4681 scilicet

515 4727 793 4799 cujusdam
822 4723 1080 4794 corporis.
1112 4719 1226 4775 Non
1274 4719 1415 4774 enim
1442 4728 1616 4790 potest
1642 4719 1745 4773 dici
1786 4729 1942 4791 caput
1972 4761 1985 4784 ,
2008 4719 2096 4775 ubi

515 4836 710 4891 corpus
756 4817 963 4873 nullum
989 4821 1069 4869 est
1099 4812 1183 4867 cui
1229 4811 1298 4865 sit
1322 4820 1496 4881 caput.
1546 4810 1811 4875 Proinde,
1854 4810 1900 4865 si
1942 4820 2100 4880 caput

514 4914 794 4977 Christus;
821 4917 875 4964 et
896 4907 1121 4977 alicujus
1145 4904 1386 4974 corporis
1410 4912 1568 4973 caput
1587 4912 1668 4958 est
1687 4902 1948 4958 Christus.
1968 4903 2097 4958 Cor-

512 5020 621 5077 pus
636 5005 775 5059 illius
792 5000 978 5070 capitis
1000 5006 1179 5053 sancta
1194 4994 1431 5051 Ecclesia
1448 5003 1549 5063 est,
1571 4994 1626 5048 in
1644 4993 1795 5065 cujus
1813 5008 1909 5049 nos
1929 5010 2097 5050 mem-

438 5090 449 5164 ξ
513 5097 628 5152 bris
652 5109 870 5161 sumus,
915 5093 959 5147 si
985 5099 1143 5162 caput
1187 5100 1424 5144 nostrum
1471 5087 1756 5160 diligimus.
1805 5088 2097 5145 Audiamus

440 5176 459 5229 ἶ
515 5200 645 5255 ergo
669 5200 828 5240 voces
853 5184 1091 5253 corporis
1111 5179 1305 5236 Christi
1333 5222 1347 5247 ,
1378 5180 1479 5235 hoc
1507 5189 1589 5235 est
1614 5192 1774 5234 voces
1799 5186 2029 5247 nostras,
2052 5181 2096 5235 si

516 5292 703 5333 sumus
724 5276 775 5329 in
797 5274 992 5329 Christi
1013 5287 1267 5342 corpore;
1293 5271 1413 5341 quia
1432 5271 1669 5343 quisquis
1691 5271 1758 5326 ibi
1781 5285 1885 5326 non
1912 5270 2091 5339 fuerit,

513 5371 568 5426 in
592 5370 669 5424 eis
687 5368 787 5422 erit
809 5367 947 5420 inter
965 5381 1099 5435 quos
1121 5365 1454 5435 illudeorpus
1470 5365 1651 5435 gemit.
1672 5364 1902 5420 Proinde
1927 5373 2018 5419 aut
2043 5366 2093 5421 in

511 5461 604 5518 illo
621 5473 847 5531 corpore
862 5458 988 5522 eris,
1021 5465 1074 5510 ut
1097 5471 1277 5527 gemas
1294 5457 1433 5511 inter
1449 5456 1647 5521 malos;
1678 5465 1767 5511 aut
1788 5472 1891 5511 non
1915 5457 2021 5511 eris
2043 5458 2093 5512 in

578 5595 595 5625 ί
622 5596 694 5645 sic
715 5600 821 5646 uss.
849 5592 962 5642 Edd.
984 5602 1118 5650 vero,
1147 5588 1256 5640 vita.

574 5659 600 5718 ’ν
620 5663 693 5718 Er.
719 5655 866 5718 Lugd.
899 5662 1020 5703 ven.
1050 5649 1112 5718 et
1132 5660 1241 5702 ιον.
1274 5649 1535 5712 sielegunt
1564 5652 1695 5700 hunc
1725 5650 1883 5701 locum
1926 5667 1937 5701 :
1977 5652 2094 5703 Inde

510 5717 752 5778 dulciora,
778 5714 872 5779 quo
892 5714 1186 5767 obscuriora.
1212 5720 1269 5763 Il.

579 5774 753 5840 (aptis
776 5774 838 5829 ex
880 5780 1042 5829 verbis
1079 5780 1253 5827 merito
1300 5774 1525 5835 conjicias
1559 5788 1835 5825 sermonem
1875 5777 2090 5827 baleiitum

510 5838 661 5895 fniSSe
685 5843 731 5890 in
754 5841 911 5905 aliquo
931 5843 1261 5903 episcoporum
1287 5849 1534 5887 consessu.

1746 363 1801 418 S.
1833 359 2197 417 Al’GUSTlNl
2236 358 2536 416 EPISCOPI

3649 366 3779 423 £81.41

2198 473 2289 529 illo
2308 490 2555 545 corpore,
2578 485 2631 532 et
2657 476 2708 533 in
2733 478 2811 533 eis
2828 477 2933 533 eris
2962 479 3101 535 inter
3129 493 3260 551 quos
3286 479 3455 537 malos
3483 482 3645 553 gemit
3672 478 3782 538 cer-

2197 582 2316 638 pus,
2348 568 2488 639 quod
2512 571 2673 641 gemit
2700 571 2841 627 inter
2869 572 3040 629 malos
3070 590 3082 626 :
3114 583 3211 630 aut
3232 576 3531 639 membrum
3553 576 3749 633 Christi
3766 621 3782 645 ,

2196 666 2289 714 aut
2311 658 2481 714 hostis
2504 662 2744 731 corporis
2769 662 2988 719 Christi.
3018 663 3127 720 Nec
3170 665 3257 721 isti
3280 666 3483 731 inimici
3510 678 3565 724 et
3592 669 3783 727 adver-

2196 751 2323 809 sarii
2348 753 2587 821 corporis
2613 753 2810 811 Christi
2838 770 2944 811 uno
2974 756 3134 815 modo
3156 757 3549 830 intelliguntur,
3573 773 3662 819 aut
3684 781 3787 825 uno

2195 843 2357 899 modo
2383 854 2563 914 agunt.
2598 845 2906 916 Versipellis
2942 859 3026 905 est
3066 851 3209 907 enim
3254 851 3345 922 qui
3377 854 3427 910 in
3457 855 3535 911 eis
3558 869 3786 928 regnat,

2198 945 2252 992 ct
2277 937 2366 1007 qui
2396 936 2475 993 eis
2509 937 2672 993 utitur
2693 947 2942 1010 tanquam
2971 942 3112 999 vasis
3138 944 3274 999 suis.
3314 943 3587 1004 Cancrum
3628 954 3783 1009 multi

2197 1028 2264 1085 ab
2294 1029 2384 1084 illo
2423 1029 2734 1097 liberantur,
2765 1040 2820 1087 et
2849 1032 2901 1088 in
2939 1048 3135 1105 corpus
3158 1035 3355 1093 Christi
3394 1048 3708 1109 transeunt;
3740 1056 3791 1101 et

2198 1119 2287 1188 qui
2308 1121 2436 1189 sint,
2470 1131 2523 1176 et
2545 1134 2674 1192 quot
2698 1126 2712 1155 ί
2736 1122 2901 1180 futuri
2930 1126 3056 1190 sint,
3085 1128 3234 1183 novit
3259 1127 3459 1200 illequi
3486 1132 3606 1189 illos
3637 1136 3792 1193 rede-

2197 1210 2295 1265 mit
2317 1213 2575 1282 sanguine
2600 1229 2700 1270 suo
2727 1215 3045 1276 nescientes.
3079 1216 3214 1273 Sunt
3238 1228 3415 1276 autem
3442 1223 3656 1291 quidam
3679 1240 3793 1295 per-

2198 1304 2491 1359 severaturi
2531 1304 2581 1359 in
2614 1306 2812 1361 malitia
2833 1323 2926 1363 sua
2951 1350 2963 1373 ,
2987 1308 3051 1367 ad
3069 1307 3277 1367 .Christi
3304 1326 3500 1383 corpus
3526 1330 3635 1371 non
3670 1334 3791 1389 per-

2199 1395 2463 1462 tinentes;
2494 1406 2547 1453 et
2573 1398 2670 1467 ipsi
2702 1400 2813 1456 noti
2842 1401 2889 1455 ei
2919 1400 3119 1471 utique,
3149 1403 3237 1459 cui
3261 1405 3393 1463 nihil
3418 1406 3663 1477 ignotum
3691 1420 3787 1467 est.

2198 1486 2417 1543 Interim
2462 1488 2537 1543 illi
2574 1490 2662 1559 qui
2685 1490 2795 1559 jam
2825 1493 3181 1563 compaginati
3216 1505 3490 1565 suntcum
3535 1502 3793 1560 membris

2198 1578 2315 1648 ejus
2339 1620 2353 1642 ,
2389 1579 2620 1637 nondum
2652 1580 2909 1640 habentes
2958 1587 3404 1649 resurrectionem
3432 1590 3666 1649 loturam
3701 1634 3719 1659 ,
3745 1596 3793 1653 in

2199 1686 2302 1741 qua
2332 1672 2470 1741 perit
2498 1674 2671 1729 omnis
2694 1677 2941 1746 gemitus,
2971 1688 3026 1735 et
3050 1680 3166 1745 laus
3192 1682 3453 1750 succedit,
3480 1685 3533 1741 in
3554 1702 3796 1757 quaom-

2200 1763 2285 1829 nis
2326 1764 2595 1821 tribulatio
2637 1768 2916 1835 morietur,
2936 1779 3000 1829 et
3044 1772 3148 1827 erit
3172 1772 3290 1835 sine
3332 1775 3436 1835 [ine
3462 1779 3791 1847 exsultatio;

2201 1854 2438 1910 nondum
2470 1871 2597 1926 ergo
2626 1856 2884 1915 habentes
2914 1860 3017 1917 hoc
3042 1861 3095 1916 in
3116 1877 3195 1931 re,
3226 1864 3320 1920 sed
3342 1874 3518 1923 tamen
3553 1879 3796 1930 tenentes

2200 1944 2253 1999 in
2281 1959 2397 2014 spe,
2419 1956 2643 2017 gemunt
2669 1964 2732 2003 ex
2755 1949 3023 2006 desiderio
3046 1953 3301 2023 quodam,
3324 1965 3379 2021 et
3396 1968 3553 2013 orant
3578 1975 3638 2016 se
3668 1962 3795 2019 libe-

2201 2036 2310 2090 rari
2327 2036 2394 2092 ab
2409 2039 2709 2095 hominibus
2722 2042 2896 2109 malis,
2912 2042 3194 2114 interquos
3216 2062 3437 2104 necesse
3453 2058 3535 2105 est
3553 2053 3739 2109 vivere
3750 2066 3800 2110 et

2200 2128 2357 2193 bonis
2381 2145 2521 2189 :non
2547 2132 2689 2186 enim
2712 2135 2980 2204 separatio
3016 2136 3128 2205 jam
3158 2139 3483 2210 cuiquetuta
3513 2154 3619 2199 est.
3658 2145 3799 2204 illius

2202 2221 2345 2277 enim
2364 2222 2465 2276 erit
2484 2224 2777 2293 separatio,
2792 2224 2882 2295 qui
2899 2240 3006 2281 non
3024 2228 3169 2285 novit
3197 2244 3400 2287 errare.
3422 2233 3560 2302 Quid
3579 2246 3687 2304 est,
3716 2240 3798 2309 qui

2200 2328 2311 2371 non
2338 2314 2486 2379 novit
2505 2317 2722 2371 errare?
2741 2316 2809 2372 Ut
2825 2332 2926 2375 nec
2943 2319 3139 2375 malum
3163 2321 3391 2390 trajiciat
3415 2324 3484 2383 ad
3496 2325 3796 2396 dexteram,

2202 2421 2304 2461 nec
2327 2407 2521 2463 bonum
2545 2408 2611 2464 ad
2634 2409 3045 2469 sinistram.Nos
3068 2422 3244 2469 autem
3268 2416 3321 2470 in
3343 2416 3441 2474 bac
3457 2419 3567 2479 vita
3584 2420 3799 2481 difﬁcile

2206 2507 2286 2555 est
2305 2508 2474 2555 utnos
2494 2500 2639 2569 ipsos
2659 2503 2996 2572 noverimus;
3021 2514 3218 2576 quanto
3240 2508 3416 2565 minus
3441 2510 3712 2570 debemus
3738 2514 3800 2570 de

2203 2606 2470 2661 quoquam
2504 2608 2898 2663 prteproperam
2926 2595 3063 2655 ferre
3089 2601 3447 2656 sententiam?
3467 2603 3602 2671 Quia
3627 2606 3675 2661 si
3708 2606 3800 2661 hoc

2203 2684 2290 2740 die
2311 2686 2508 2741 malum
2532 2686 2798 2755 novimus,
2820 2703 2940 2744 cras
2955 2690 3127 2759 qualis
3148 2690 3354 2748 futurus
3367 2695 3437 2751 sit
3453 2696 3794 2765 ignoramus;

2203 2787 2258 2834 et
2288 2778 2421 2835 furtc
2448 2795 2605 2850 quem
2636 2780 2979 2843 vehementer
2999 2783 3209 2841 odimus
3240 2828 3256 2853 ,
3290 2786 3455 2843 frater
3486 2800 3676 2846 noster
3692 2802 3790 2858 est,

2202 2879 2258 2925 et
2288 2872 2575 2927 nescimus.
2606 2872 2791 2928 Securi
2818 2888 2945 2945 ergo
2972 2875 3181 2932 odimus
3208 2878 3258 2932 in
3294 2880 3449 2936 malis
3494 2882 3757 2939 malitiam
3781 2928 3794 2949 ,

2204 2972 2259 3017 et
2286 2962 2554 3033 diligimus
2597 2976 2897 3022 creaturam
2924 2984 2937 3031 ;
2976 2977 3031 3023 ut
3059 2970 3200 3039 quod
3229 2971 3298 3026 ibi
3329 2972 3451 3029 fecit
3479 2974 3621 3031 Deus
3649 2991 3797 3032 amco

2202 3070 2344 3118 mus,
2375 3054 2514 3123 quod
2545 3055 2613 3110 ibi
2638 3055 2763 3111 fecit
2789 3058 2901 3127 ipse
2926 3058 3085 3119 homo
3104 3101 3119 3125 ,
3149 3062 3434 3123 oderimus.
3470 3065 3623 3122 Fecit
3654 3069 3795 3125 enim

2204 3145 2345 3201 Deus
2377 3145 2546 3215 ipsum
2579 3146 2880 3214 hominem;
2908 3148 3034 3206 fecit
3060 3160 3237 3211 autem
3284 3154 3446 3210 homo
3494 3168 3791 3225 peccatum.

2206 3239 2372 3309 Dilige
2403 3239 2543 3309 quod
2573 3239 2700 3296 fecit
2751 3242 2891 3299 Deus
2916 3286 2932 3310 ,
2958 3243 3138 3300 oderis
3165 3245 3306 3316 quod
3334 3248 3457 3302 fecit
3480 3247 3647 3304 homo
3677 3269 3691 3305 :
3724 3252 3795 3306 sic

2204 3332 2361 3397 _enim
2390 3334 2725 3403 persequeris
2750 3334 2892 3405 quod
2924 3336 3047 3397 fecit
3078 3337 3257 3405 homo,
3286 3348 3343 3394 ut
3369 3341 3628 3399 liberetur
3654 3343 3793 3414 quod

2203 3422 2331 3479 fecit
2361 3425 2517 3479 Deus.

2276 3516 2328 3571 5.
2367 3514 2533 3588 [υενδ.
2568 3516 2658 3591 1.]
2685 3516 2751 3571 In
2782 3518 2955 3587 ﬁnem,
2984 3518 3229 3576 ,Psalmus
3258 3522 3356 3592 ipsi
3388 3523 3571 3579 David.
3605 3525 3790 3583 Finem

2204 3621 2309 3661 non
2342 3606 2584 3662 intendas
2622 3607 2763 3662 aliud
2811 3624 2967 3679 quam
3014 3610 3107 3665 tibi
3134 3612 3201 3667 ab
3229 3614 3485 3682 Apostolo
3526 3620 3793 3687 prtestitu-

2196 3707 2315 3773 tum
2346 3708 2428 3752 est
2456 3716 2467 3751 :
2501 3699 2648 3754 Finis
2673 3701 2806 3754 enim
2836 3700 2987 3772 Legis
3013 3703 3265 3771 Chrisms,
3291 3706 3361 3760 ad
3376 3709 3633 3778 justitiam
3658 3716 3792 3769 omni

2203 3790 2425 3853 credenti
2452 3790 2641 3862 (Rom.
2675 3795 2789 3858 χιό
2812 3793 2856 3864 ).
2885 3794 3028 3866 Ergo
3071 3812 3191 3853 cum
3231 3799 3383 3855 audis
3415 3802 3686 3861 Psalmum
3718 3806 3791 3861 di-

2203 3898 2346 3948 cere,
2375 3883 2443 3938 1η
2468 3885 2640 3953 ﬁnem,
2668 3886 2828 3942 corda
2856 3899 3237 3949 convertantur
3256 3893 3325 3948 ad
3341 3892 3632 3953 Christum.
3653 3900 3790 3955 Tan-

2203 3991 2361 4045 quam
2392 3977 2533 4033 enim
2566 3993 2742 4047 praeco
2772 3979 2970 4036 Psalmi
3018 3992 3101 4039 est
3149 3985 3331 4041 titulus
3358 3988 3553 4045 Psalmi
3584 4032 3599 4057 ,
3628 3993 3787 4048 veluti

2202 4067 2408 4134 dicens,
2440 4068 2580 4126 Ecce
2610 4071 2865 4137 veniet’;
2897 4074 3022 4130 inde
3050 4075 3290 4133 dicturus
3310 4095 3449 4146 sum,
3481 4081 3549 4136 de
3573 4083 3788 4140 Christo

2196 4172 2531 4229 conlaturus.
2583 4164 2715 4219 Nam
2767 4174 2855 4233 et,
2890 4167 2988 4237 ipsi
3011 4167 3182 4224 David
3206 4212 3222 4238 ,
3264 4188 3368 4227 non
3407 4173 3645 4245 intelligo
3689 4178 3785 4235 nisi

2192 4256 2378 4326 ipsum
2400 4258 2487 4327 qui
2516 4256 2686 4313 factus
2714 4266 2795 4312 est
2823 4273 2889 4314 ex
2918 4261 3122 4316 semine
3156 4261 3323 4318 David
3353 4267 3644 4323 secundum
3670 4284 3786 4324 car-

2192 4366 2326 4419 {nem
2345 4350 2460 4419 (1d.
2481 4366 2518 4416 ι,
2540 4349 2615 4422 5).
2639 4350 2858 4406 Interim
2883 4362 3101 4423 prepter
3116 4368 3286 4424 genus
3303 4359 3548 4427 congruit
3572 4376 3781 4415 nomen.

2203 4442 2387 4499 Genus
2405 4444 2617 4500 carnale
2633 4459 2663 4498 a
2683 4444 2868 4509 David;
2884 4460 3051 4515 genus
3068 4447 3343 4516 spirituale
3357 4452 3683 4520 supraDavid
3702 4472 3715 4506 :
3734 4464 3784 4509 et

2204 4550 2309 4591 non
2353 4535 2524 4590 solum
2554 4545 2679 4591 ante
2714 4537 2877 4591 David
2900 4579 2915 4602 ,
2941 4538 3032 4593 sed
3060 4547 3185 4593 ante
3204 4540 3509 4607 Abraham;
3543 4561 3641 4601 nec
3668 4556 3783 4601 ante

2204 4628 2476 4684 Abraham
2501 4638 2725 4693 tantum,
2744 4629 2839 4685 sed
2867 4639 2992 4687 ante
3016 4632 3216 4699 Adam;
3236 4649 3333 4689 nec
3352 4638 3657 4693 anteAdam
3674 4649 3781 4693 tan-

2203 4728 2336 4786 tttm,
2363 4720 2455 4775 sed
2476 4728 2599 4775 ante
2624 4720 2819 4776 caelum
2848 4731 2903 4776 et
2924 4731 3140 4791 terram,
3162 4734 3286 4781 ante
3321 4740 3511 4782 omnes
3535 4731 3778 4800 Angelos,

2202 4819 2326 4867 ante
2346 4825 2533 4867 omnes
2553 4811 2852 4868 Potestates
2871 4822 2925 4868 et
2944 4813 3198 4881 Virtutes,
3222 4827 3347 4871 ante
3364 4820 3542 4873 omnia
3565 4821 3778 4875 visibilia

2200 4913 2259 4961 et
2303 4904 2606 4959 invisibilia.
2631 4904 2841 4971 Quare?
2861 4906 2993 4973 Quia
3014 4916 3072 4961 ut
3095 4907 3208 4964 haec
3238 4921 3438 4975 essent,
3471 4916 3644 4969 omnia
3688 4930 3778 4983 per

2202 4997 2378 5068 ipsum
2402 4996 2537 5053 facta
2561 5006 2705 5064 sunt,
2736 5006 2790 5054 et
2816 4998 2932 5056 sine
2959 4999 3074 5070 ipso
3101 5000 3297 5057 factum
3324 5015 3406 5059 est
3434 5005 3567 5062 nihil
3599 5007 3773 5077 (Jotm.

2201 5106 2220 5145 ι
2240 5132 2252 5153 ,
2285 5091 2365 5161 '5).
2396 5090 2538 5161 Ergo
2568 5090 2688 5159 quia
2722 5105 2785 5145 ex
2813 5090 3017 5146 semine
3043 5092 3363 5159 David,non
3395 5098 3677 5152 secundum
3707 5098 3776 5149 (Ιί-

2201 5182 2497 5245 vinitatem,
2523 5196 2622 5250 qua
2649 5180 2869 5235 Creator
2889 5190 2971 5237 est
2992 5182 3157 5252 ipsius
3181 5184 3362 5250 David,
3383 5186 3475 5240 scd
3493 5188 3771 5258 secundum

2201 5288 2451 5337 carnem;
2477 5272 2642 5327 David
2668 5271 2915 5343 dignatus
2943 5282 3026 5329 est
3074 5276 3250 5330 vocari
3297 5279 3346 5331 in
3385 5281 3685 5348 prophetia:
3723 5281 3769 5331 in

2201 5365 2373 5435 ipsum
2403 5366 2561 5419 linem
2593 5363 2808 5419 intende
2837 5404 2850 5427 ,
2884 5364 3004 5434 quia
3040 5365 3138 5433 ipsi
3164 5364 3335 5420 David
3366 5368 3606 5424 Psalmus
3632 5370 3763 5423 cani-

2203 5467 2287 5512 tur
2312 5473 2325 5522 ;
2355 5465 2409 5511 et
2431 5457 2669 5526 corporis
2692 5456 2807 5526 ejus
2837 5472 3021 5512 vocem
3050 5457 3172 5512 audi
3199 5500 3215 5524 ,
3244 5471 3295 5513 et
3325 5475 3442 5514 (ιειο
3470 5462 3521 5516 in
3562 5476 3769 5530 cnt‘pme

2198 5549 2334 5620 ejus.
2366 5547 2481 5603 Vox
2508 5563 2665 5618 quam
2704 5547 2896 5603 audisti
2925 5558 3012 5603 tua
3039 5547 3131 5603 fiat
3154 5589 3168 5615 ,
3200 5561 3254 5603 et
3284 5567 3377 5605 ora
3401 5592 3416 5616 ,
3449 5563 3501 5607 et
3538 5552 3675 5619 dicqt
3697 5547 3766 5603 od

2199 5641 2459 5712 sequitur.

2266 5780 2281 5811 ε
2307 5777 2439 5830 Fdd..
2468 5777 2585 5839 quid
2614 5789 2625 5825 :
2656 5784 2709 5827 At
2733 5784 2833 5827 Mss.
2865 5774 2962 5834 alii,
2987 5777 3112 5839 quod
3149 5788 3163 5825 :
3194 5778 3300 5831 alii,
3329 5784 3458 5839 quot.

2268 5846 2287 5871 ²
2313 5841 2383 5888 sic
2405 5855 2417 5901 ι
2437 5840 2621 5902 lerique
2643 5847 2743 5889 MSS.
2776 5841 2865 5889 ΗΜ
2891 5854 3007 5889 vero
3028 5854 3037 5887 ξ
3060 5848 3177 5890 lica?
3202 5840 3321 5899 t't‘m',
3342 5846 3384 5890 (τι
3403 5840 3528 5897 inde,
3558 5846 3638 5887 οἷς.
