4084 6446
305 396 470 484 ,ιερε

395 510 449 564 ι.
491 504 656 578 [vers.
688 504 778 579 2.]
819 505 1000 562 Exime
1024 523 1130 573 me,
1164 505 1406 572 Domine,
1458 502 1520 556 ab
1562 502 1761 556 homine
1796 516 1909 552 ma—

324 602 462 672 ligno
485 617 504 653 :
531 615 637 654 non
667 599 734 653 ab
763 614 865 654 uno
891 640 905 664 ,
935 598 1028 653 sed
1057 599 1125 653 ab
1168 598 1283 668 ipso
1311 603 1533 668 genere”;
1583 611 1684 650 nec
1709 611 1738 649 a
1772 593 1915 647 vasis

322 703 532 747 tantum
552 733 565 757 ,
593 693 686 746 sed
719 688 786 744 ab
817 690 930 759 ipso
956 689 1214 760 principe,
1246 687 1296 742 id
1325 696 1425 752 est,
1454 686 1522 741 ab
1539 687 1654 758 ipso
1679 683 1914 739 diabolo.

319 785 499 854 Quare
528 784 672 838 enim
699 782 760 836 ab
783 782 984 836 homine
1005 823 1021 848 ,
1053 781 1096 834 si
1124 796 1153 834 a
1196 778 1447 836 diabolo?
1478 779 1607 847 Quia
1637 788 1689 833 et
1719 779 1830 848 ipse
1861 776 1914 864 in

319 876 489 948 ﬁgura
521 877 689 931 homo
716 875 890 931 dictus
917 882 997 929 est
1028 891 1040 926 :
1080 871 1226 928 Venit
1256 872 1487 927 inimicus
1528 872 1676 925 homo
1698 913 1712 938 ,
1741 880 1786 924 et
1822 887 1914 924 su-

318 969 679 1041 perseminavit
731 968 968 1032 zizania,‘
1008 973 1063 1020 et
1112 980 1232 1020 cum
1261 964 1520 1019 dixissent
1544 961 1684 1018 servi
1723 962 1787 1016 ad
1821 978 1918 1030 pa-

319 1059 716 1126 tremfamilias,
740 1056 927 1112 Nonne
947 1057 1130 1112 bonum
1156 1072 1322 1111 semen
1343 1054 1637 1122 seminasti?
1661 1052 1806 1109 Unde
1826 1071 1919 1124 ap-

318 1161 601 1223 paruerunt
649 1149 891 1205 zizania?
921 1149 1258 1221 Responsum
1291 1158 1373 1204 est
1413 1167 1425 1202 :
1471 1146 1721 1202 Inimicus
1769 1147 1918 1201 homo

319 1243 416 1298 hoc
442 1243 564 1314 fecit
593 1241 819 1314 (Matth.
848 1257 960 1310 xm,
990 1241 1062 1297 25
1082 1284 1096 1309 ,
1135 1241 1226 1307 27,
1257 1239 1385 1315 28).
1413 1241 1496 1295 Ab
1537 1241 1637 1296 isto
1666 1255 1795 1311 ergo
1821 1240 1920 1295 ho-

317 1339 466 1394 mine
497 1338 731 1407 maligno
758 1351 872 1400 ora,
906 1345 1163 1407 quantum
1191 1344 1364 1406 potes,
1398 1343 1454 1389 ut
1481 1333 1758 1390 libereris:
1786 1334 1919 1402 Quia

318 1449 422 1487 non
450 1440 523 1485 est
553 1430 648 1485 tibi
677 1430 966 1484 colluctatio
995 1429 1236 1485 adversus
1266 1446 1470 1483 carnem
1511 1439 1558 1483 et
1583 1429 1918 1500 sanguinem;

318 1523 410 1578 sed
436 1523 678 1576 adversus
704 1522 956 1592 principes
987 1531 1032 1577 et
1061 1530 1328 1593 potestates
1349 1564 1364 1588 ,
1407 1532 1452 1575 et
1478 1532 1693 1575 rectores
1743 1511 1919 1574 mundi

321 1616 644 1670 tenebrarum
695 1614 874 1668 harum
904 1613 922 1678 (
946 1611 1133 1684 Epiros.
1187 1630 1238 1668 vt
1264 1656 1278 1681 ,
1309 1613 1415 1685 12)
1444 1655 1457 1678 ,
1488 1613 1540 1668 id
1569 1621 1650 1669 est
1678 1621 1918 1668 rectores

320 1707 872 1780 peccatorum.,Quod
902 1708 1114 1777 quidem
1139 1715 1192 1761 et
1220 1723 1318 1762 nos
1359 1705 1587 1773 luimus;
1615 1721 1737 1761 nam
1763 1705 1916 1761 audi-

323 1800 504 1855 vimus
542 1799 700 1853 modo
734 1814 918 1854 vocem
949 1802 986 1852 Α
999 1799 1188 1868 postoli
1225 1817 1237 1853 :
1268 1796 1462 1852 Fuistis
1487 1797 1759 1868 aliquando
1785 1805 1921 1850 tene-

323 1892 462 1958 brae;
494 1907 627 1945 nunc
651 1899 818 1945 autem
850 1890 940 1944 tua:
960 1890 1010 1943 in
1042 1889 1262 1943 Domino
1289 1887 1416 1960 (Id.
1445 1904 1496 1955 v,
1520 1887 1615 1958 8).
1647 1887 1763 1943 Jam
1791 1903 1919 1958 ergo

323 1983 414 2039 lux
442 1983 590 2048 facti,
622 1997 726 2036 non
757 1983 810 2037 in
842 1981 994 2036 nobis
1014 2025 1029 2047 ,
1069 1981 1162 2036 sed
1195 1980 1246 2036 in
1279 1980 1537 2048 Domino,
1569 1997 1782 2036 oremus
1811 1997 1919 2035 non

308 2083 532 2130 ‘tantum
573 2083 759 2128 contra
809 2073 1093 2141 tenebras,
1123 2071 1174 2126 id
1219 2082 1301 2128 est
1341 2083 1526 2128 contra
1565 2084 1872 2143 peccatores
1901 2117 1916 2142 ,

323 2184 460 2241 quos
484 2167 657 2223 adhuc
677 2167 920 2222 diabolus
941 2166 1208 2237 possidet;
1235 2165 1328 2222 sed
1357 2167 1514 2222 etiam
1537 2176 1721 2222 contra
1745 2168 1916 2238 ipsum

323 2262 620 2335 principem
649 2278 835 2317 eorum
854 2261 1144 2327 diabolum,
1177 2262 1265 2332 qui
1288 2263 1602 2332 operatnrin
1623 2262 1744 2317 (iliis
1776 2261 1918 2317 dilli-

324 2355 523 2412 dentiae
549 2353 710 2427 (Eph.
743 2370 797 2422 ιι,
820 2353 900 2424 2).
921 2355 1082 2408 Aviro
1109 2355 1297 2423 injusto
1324 2371 1441 2409 erue
1464 2372 1560 2409 me.
1580 2354 1693 2409 Hoc
1722 2364 1822 2420 est,
1857 2357 1920 2410 ab

310 2447 530 2514 ,homine
557 2447 816 2518 maligno;
843 2445 980 2516 quod
1012 2453 1093 2500 est
1122 2488 1135 2511 ,
1165 2463 1196 2499 a
1226 2447 1332 2500 viro
1382 2446 1589 2518 injusto.
1636 2446 1918 2517 Malignum

313 2541 471 2597 enim
515 2539 636 2595 ideo
683 2538 859 2605 dixit,
901 2539 1023 2610 quia
1071 2539 1321 2610 injustam
1364 2558 1376 2593 :
1410 2555 1477 2595 ne
1515 2539 1651 2594 forte
1689 2540 1920 2609 aliquem

327 2633 589 2704 injustam
632 2631 829 2688 bonum
859 2647 978 2687 esse
1010 2625 1180 2702 putes.
1211 2631 1346 2688 Sunt
1387 2633 1528 2688 enim
1560 2634 1707 2688 multi
1740 2633 1921 2703 injusti

328 2725 482 2798 quasi
507 2739 614 2780 non
647 2733 929 2789 nocentes;
964 2739 1070 2777 non
1111 2734 1232 2778 sunt
1257 2725 1404 2790 saevi,
1436 2740 1538 2778 non
1570 2733 1694 2778 sunt
1721 2725 1918 2793 asperi,

310 2817 436 2871 'non
487 2825 611 2870 sunt
659 2825 1042 2884 persequentes
1090 2825 1143 2870 et
1186 2830 1463 2884 pressurus
1509 2815 1813 2872 hominibus
1846 2817 1923 2871 fa-

328 2908 533 2964 cientes
583 2907 720 2964 :sed
755 2917 929 2963 tamen
975 2907 1099 2962 inde
1144 2907 1320 2977 injusti
1347 2950 1362 2974 ,
1407 2909 1526 2978 quia
1558 2910 1662 2963 alio
1691 2909 1922 2980 quodam

325 2999 490 3063 modo
541 2999 840 3066 luxuriosi,
873 2999 1065 3054 ebriosi
1096 3042 1110 3066 ,
1145 3001 1501 3070 voluptatibus
1545 3002 1730 3058 dediti.
1782 3003 1924 3071 Qno~

307 3075 491 3160 imodo
519 3093 649 3148 nulli
677 3096 938 3162 nocetqui
984 3094 1086 3149 sibi
1125 3111 1228 3149 non
1253 3096 1450 3164 parcit?
1497 3095 1760 3152 lnnocens
1780 3098 1922 3152 enim

328 3179 420 3240 ille
451 3192 534 3240 est
559 3185 650 3255 qui
682 3200 786 3240 non
813 3194 998 3250 nocet;
1026 3202 1129 3239 non
1152 3196 1328 3241 autem
1355 3187 1443 3257 qui
1465 3187 1567 3243 sibi
1594 3198 1773 3244 nocet.
1804 3189 1923 3245 Tibi

310 3281 508 3350 fantem
541 3275 810 3347 quomodo
837 3286 1012 3347 potest
1054 3293 1160 3332 non
1209 3293 1403 3334 nocere
1445 3281 1536 3350 qui
1581 3281 1680 3336 sibi
1728 3283 1924 3337 nocet?

309 3349 438 3424 "Sed
466 3368 760 3439 respondes
789 3388 801 3423 :
832 3369 886 3424 lu
919 3384 1025 3440 quo
1053 3370 1178 3424 mihi
1202 3372 1532 3428 nocet‘tNon
1559 3375 1702 3428 enim
1735 3365 1925 3432 invasit

311 3461 444 3516 rem
472 3475 666 3527 meam,
701 3470 791 3516 aut
819 3462 1070 3532 appetivit
1091 3464 1315 3518 salutem
1349 3479 1520 3519 meam
1558 3482 1570 3518 :
1599 3467 1803 3521 luxuria
1825 3483 1920 3524 sua

312 3551 586 3624 pascitur,
609 3553 718 3607 suis
738 3554 1096 3624 voluptatibus
1111 3555 1432 3622 delectatur;
1452 3559 1544 3612 sed
1563 3559 1606 3614 si
1625 3560 1923 3631 inquinatas

315 3642 493 3714 .habet
543 3645 841 3714 voluptates
867 3689 878 3710 ,
914 3647 1029 3717 ipse
1077 3649 1414 3718 inquinatur;
1445 3651 1572 3706 mihi
1603 3653 1727 3723 quid
1757 3656 1924 3723 perti-

321 3734 452 3801 net,
511 3736 596 3790 cui
644 3737 902 3792 molestus
954 3755 1057 3792 non
1111 3741 1224 3794 est?
1253 3739 1422 3796 Nocet
1465 3743 1555 3797 tibi
1608 3745 1794 3800 saltem
1841 3749 1924 3803 vel

331 3827 585 3896 exemplo
611 3870 626 3893 ,
655 3829 776 3899 quia
805 3829 930 3883 vivit
961 3839 1130 3885 tecum
1159 3873 1171 3898 ,
1205 3842 1259 3887 et
1286 3833 1353 3887 ad
1399 3835 1540 3904 quod
1571 3837 1680 3907 agit
1718 3838 1921 3893 invitat.

330 3918 522 3976 Nonne
549 3935 668 3974 cum
700 3935 819 3975 eum
849 3921 996 3977 vides
1035 3921 1169 3978 forte
1208 3924 1258 3978 in
1301 3924 1406 3978 illis
1433 3926 1682 3981 sordibus
1707 3943 1927 4000 prospe-

334 4011 484 4078 rari,
522 4008 736 4066 duceris
768 4012 948 4066 talium
980 4012 1336 4084 delectatione
1358 4015 1658 4071 factorum?
1683 4019 1798 4072 Etsi
1822 4037 1924 4075 non

317 4103 630 4170 ‘consentis,
662 4105 849 4160 saltem
880 4106 1124 4161 invenisti
1158 4105 1298 4176 quod
1324 4124 1614 4180 expugnas.
1648 4110 1928 4179 Quomodo

335 4209 468 4267 ergo
496 4195 586 4252 tibi
614 4212 720 4251 non
765 4198 1010 4263 nocebat,
1043 4199 1132 4270 qui
1161 4199 1370 4255 laboras
1396 4202 1607 4258 vincere
1637 4205 1778 4274 quod
1807 4204 1932 4261 fecit

315 4273 393 4342 lin
445 4287 609 4342 corde
638 4289 769 4344 tuo?
820 4289 1078 4362 Malignns
1107 4300 1188 4346 est
1217 4307 1342 4362 ergo
1371 4293 1545 4348 omnis
1576 4273 1803 4366 injustas
1835 4341 1848 4363 ,
1878 4287 1933 4356 et

337 4394 565 4435 necesse
595 4387 676 4435 est
702 4379 890 4436 noxius
911 4383 997 4447 sit,
1028 4383 1138 4438 sive
1165 4384 1234 4439 sit
1258 4385 1503 4451 blandus,
1529 4388 1642 4443 sive
1665 4389 1732 4443 sit
1759 4389 1927 4446 ferox.

331 4471 595 4545 Quisquis
645 4473 697 4528 in
742 4475 887 4530 illum
933 4476 1260 4545 incurrerit,
1291 4480 1530 4550 quisquis
1578 4481 1780 4553 laqueis
1817 4484 1934 4553 ejus

316 4565 503 4622 'fuerit
531 4575 738 4637 captus,
770 4567 1004 4622 inveniet
1032 4585 1189 4640 quam
1217 4571 1286 4624 sit
1308 4572 1522 4626 noxium
1545 4575 1684 4644 quod
1716 4576 1933 4644 putabat

339 4659 485 4715 lene.
512 4658 744 4727 Etenim,
776 4658 987 4728 fratres,
1013 4671 1065 4716 et
1091 4663 1257 4732 spina:
1285 4679 1389 4719 non
1419 4677 1658 4736 pungunt
1702 4668 1754 4722 in
1796 4669 1937 4725 radi-

343 4751 518 4807 cibus.
556 4749 700 4808 Erue
731 4753 910 4823 spinas
935 4753 1000 4809 de
1031 4762 1172 4810 terra
1196 4797 1212 4825 ,
1254 4764 1524 4813 contrecta
1556 4761 1763 4817 radices
1792 4763 1934 4833 ipsa-

341 4859 486 4910 rum,
506 4853 558 4899 et
575 4843 694 4900 vide
709 4843 756 4898 si
785 4846 950 4900 sentis
972 4845 1210 4901 dolorem
1237 4865 1250 4901 :
1280 4858 1453 4903 tamen
1479 4850 1605 4906 illud
1628 4853 1770 4907 unde
1791 4853 1939 4910 dolo-

343 4950 462 4991 rem
487 4936 655 4992 sentis
689 4936 740 4990 in
770 4937 1079 5008 superﬁcie,
1113 4941 1180 4995 de
1206 4940 1293 4994 illa
1325 4942 1502 4999 radice
1528 4947 1806 5014 processit.
1838 4949 1939 5004 Ita-

346 5043 450 5098 que
469 5043 575 5084 non
599 5027 752 5084 vobis
778 5030 1023 5100 placeant
1049 5031 1294 5088 homines
1318 5036 1468 5105 quasi
1491 5036 1640 5094 lenes
1660 5047 1713 5094 et
1734 5039 1935 5107 blandi,

323 5112 617 5175 ’amatores
646 5128 822 5176 tamen
856 5121 1146 5177 carnalium
1170 5125 1521 5194 voluptatum,
1552 5138 1605 5184 et
1632 5131 1935 5201 inquinata-

347 5227 467 5269 rum
495 5213 841 5284 cupiditatum
869 5224 1158 5272 sectatores
1182 5234 1196 5282 ;
1229 5233 1333 5272 non
1358 5219 1508 5275 vobis
1537 5221 1796 5290 placeant.
1827 5225 1942 5282 Etsi

348 5303 526 5360 adhuc
562 5304 809 5360 videntur
847 5306 1015 5374 leues,
1063 5308 1270 5363 radices
1299 5312 1572 5379 spinarum
1618 5321 1760 5368 sunt.
1809 5315 1940 5374 Nam

333 5393 545 5452 talibus
575 5396 727 5452 lactis
752 5414 847 5469 per
872 5399 1130 5454 luxuriam
1163 5401 1477 5474 plerumque
1503 5404 1780 5462 eﬂ‘undunt
1799 5410 1942 5479 quod

351 5487 621 5546 habebant
652 5507 665 5545 :
692 5500 746 5545 et
774 5491 1042 5562 quomodo
1063 5503 1306 5564 quaerunt
1333 5495 1557 5566 implere
1582 5499 1722 5570 quod
1745 5501 1946 5559 etl'ude-

351 5581 522 5636 runt?
546 5572 810 5654 Numquid
841 5585 950 5656 jam
981 5596 1203 5658 parcunt
1227 5590 1428 5661 rapinis
1453 5600 1506 5647 et
1539 5595 1946 5666 cogitationibus

334 5661 623 5741 fraudum,
657 5677 802 5732 omni
828 5679 1014 5749 generi
1037 5682 1386 5752 malignitatis
1415 5661 1800 5756 exquirendae?
1829 5689 1944 5746 Jam

353 5765 506 5828 vides
531 5767 730 5824 malum
776 5768 1068 5840 hominem,
1111 5789 1266 5843 quem
1295 5776 1517 5845 putabas
1560 5789 1714 5834 antea
1748 5780 1941 5836 lenem.

331 5857 582 5926 Quando
626 5860 776 5918 illum
820 5863 1033 5920 videbas
1081 5865 1351 5936 inebriari,
1401 5868 1570 5926 bonus
1595 5880 1709 5926 erat
1742 5891 1753 5926 :
1789 5874 1947 5929 modo

1369 387 1764 448 ENARRATIO
1788 384 1858 440 IN
1883 384 2209 474 IPSALMUM
2249 385 2540 450 CXXXIX.

3467 385 3608 462 ,18οβ

2017 498 2126 569 jam
2152 498 2320 554 furem
2341 500 2512 566 vides,
2543 500 2802 557 latronem
2822 501 2976 560 times
2999 518 3028 569 ;.
3045 512 3423 574 processerunt
3441 505 3611 583 spina:

2023 591 2090 648 de
2117 594 2218 647 illis
2240 594 2524 651 radicibus.
2554 595 2776 662 Quando
2800 597 3066 653 sentiebas
3087 592 3234 654 lenes
3261 598 3467 654 radices
3505 600 3616 671 spi-

2023 699 2234 753 narum,
2264 693 2387 742 tnnc
2413 687 2458 740 si
2489 702 2674 758 posses
2705 687 3042 758 inccnderes,
3071 697 3127 744 et
3165 704 3274 745 non
3302 699 3446 747 esset
3469 677 3614 749 unde
3679 691 3684 693 ’

2024 773 2263 854 prodiret
2310 777 2451 846 quod
2503 788 2552 832 te
2595 778 2755 833 modo
2795 788 3073 852 pungeret.
3123 779 3375 854 Proinde,
3419 782 3616 844 fratres

2021 851 2151 934 mei,
2179 882 2373 938 corpus
2401 868 2619 937 Christi,
2666 870 2750 924 vel
2796 851 3033 926 membra
3081 869 3301 939 Christi,
3345 851 3614 944 gementia

2025 960 2165 1014 inter
2208 959 2339 1015 tales
2369 960 2573 1026 malos;
2601 976 2961 1034 quoscumque
2999 963 3306 1019 inveneritis
3348 965 3614 1035 proclives

2024 1049 2150 1104 ferri
2181 1051 2232 1105 in
2264 1051 2431 1105 malas
2458 1051 2701 1108 libidines
2731 1062 2783 1108 et
2813 1053 2864 1108 in
2909 1055 3237 1125 perniciosas
3267 1058 3567 1127 voluptates
3592 1101 3606 1124 ,

2025 1149 2151 1197 tunc
2181 1142 2576 1214 reprehendite,
2608 1152 2660 1199 et
2693 1153 2814 1200 tunc
2843 1145 3116 1216 castigate,
3164 1155 3290 1202 tunc
3333 1150 3488 1204 urite.
3524 1149 3613 1205 ln—

2024 1235 2282 1290 condatur
2323 1236 2494 1303 radix,
2522 1247 2576 1292 et
2616 1253 2723 1292 non
2766 1248 2848 1294 est
2885 1239 3027 1295 unde
3074 1241 3227 1313 spina
3256 1243 3526 1312 procedat.
3558 1245 3614 1300 Si

2013 1336 2198 1388 autem
2231 1344 2335 1383 non
2368 1330 2668 1399 potueritis,
2698 1332 2831 1386 certi
2863 1340 3035 1396 estote
3058 1333 3199 1404 quod
3231 1350 3325 1390 eos
3353 1336 3616 1393 habebitis

2024 1419 2289 1477 inimicos.
2336 1421 2536 1479 Tacere
2577 1434 2823 1494 possunt,
2851 1426 3122 1482 occultare
3162 1427 3463 1484 inimicitias
3492 1447 3618 1491 snas

2025 1522 2265 1582 possunt,
2295 1529 2474 1569 amare
2500 1531 2596 1570 vos
2623 1532 2727 1570 non
2755 1525 2998 1587 possunt.
3032 1518 3135 1574 Sed
3159 1521 3409 1590 quoniam
3434 1517 3616 1580 amare

2023 1621 2118 1660 vos
2163 1623 2266 1660 non
2299 1616 2542 1678 possunt,
2583 1618 2637 1664 et
2665 1625 2883 1665 necesse
2912 1620 2991 1665 est
3038 1621 3096 1666 ut
3133 1613 3223 1683 qni
3264 1613 3494 1669 oderunt
3519 1632 3616 1672 vos

2025 1697 2162 1752 mala
2189 1699 2337 1753 vobis
2358 1710 2635 1770 qurerant;
2665 1718 2769 1756 non
2799 1713 2948 1757 vacet
2978 1705 3154 1775 lingua
3175 1714 3230 1760 et
3259 1722 3352 1762 cor
3376 1719 3614 1765 vestrum

2023 1786 2203 1844 dicere
2235 1789 2363 1858 Deo,
2401 1790 2579 1846 Exime
2618 1810 2714 1859 me,
2748 1793 2985 1860 Domine,
3018 1796 3078 1848 ab
3123 1797 3322 1853 nomine
3349 1799 3573 1870 maligno
3596 1816 3617 1855 :

2023 1898 2056 1934 a
2084 1881 2187 1934 viro
2216 1881 2406 1952 injusto
2433 1883 2590 1939 libera
2612 1901 2708 1941 me.

2096 1972 2148 2028 5.
2180 1970 2346 2047 [vers.
2379 1973 2474 2048 5.]
2527 1975 2628 2044 Qui
2672 1977 3013 2048 coyitaverunt
3055 1979 3330 2051 injustitias
3359 1983 3411 2036 in
3439 1985 3615 2042 corde.

2025 2064 2160 2134 Quid
2197 2066 2362 2135 enim,
2393 2068 2514 2138 quia
2544 2085 2651 2123 non
2695 2070 2892 2125 audent
2948 2071 3190 2142 proferre
3235 2073 3286 2128 in
3333 2074 3532 2146 lingua,
3564 2087 3621 2133 et

2026 2167 2239 2211 servant
2264 2157 2314 2211 in
2336 2158 2539 2214 corde?
2567 2159 2794 2231 Propter
2814 2176 2907 2216 eos
2930 2163 3069 2217 enim
3092 2161 3245 2229 dixit,
3269 2166 3357 2235 qni
3388 2166 3620 2236 plerum-

2017 2262 2129 2324 que
2154 2248 2205 2301 in
2233 2249 2385 2303 labiis
2413 2249 2548 2305 bona
2589 2251 2895 2322 loquuntur.
2927 2251 3092 2309 Audis
3116 2270 3302 2311 vocem
3324 2257 3451 2328 justi
3478 2276 3492 2325 ;
3522 2260 3619 2315 sed

2027 2354 2134 2394 non
2165 2350 2246 2395 est
2284 2358 2377 2397 cor
2420 2343 2569 2412 justi.
2599 2343 2730 2398 Nam
2770 2344 2895 2415 quid
2940 2345 3138 2414 proluit
3165 2347 3267 2403 hoc
3311 2349 3528 2419 addere,
3561 2361 3621 2408 ut

2026 2430 2249 2498 diceret,
2283 2433 2384 2501 Qui
2418 2436 2758 2507 cogitaverunt
2795 2438 3069 2509 injustitias
3110 2439 3164 2493 in
3201 2440 3392 2496 corde?
3434 2443 3516 2497 Al)
3541 2443 3620 2500 eis

2028 2539 2114 2579 me
2142 2523 2345 2591 libera;
2378 2525 2448 2581 ibi
2484 2527 2552 2582 sit
2583 2529 2947 2596 potentissima
2980 2545 3166 2586 manus
3207 2540 3292 2586 tua
3323 2531 3391 2588 ad
3420 2548 3618 2590 eruen-

2027 2615 2153 2669 dum
2186 2632 2290 2670 me.
2321 2616 2496 2671 Facile
2517 2629 2600 2673 est
2624 2618 2765 2673 enim
2794 2619 3034 2676 devitarc
3057 2632 3270 2692 apertas
3291 2623 3615 2699 inimicitias;

2027 2705 2184 2762 facile
2197 2718 2279 2762 est
2298 2710 2464 2762 averti
2481 2709 2549 2764 ab
2570 2710 2784 2766 inimico
2807 2722 3049 2783 prompto
3065 2722 3117 2769 et
3137 2714 3438 2783 manifesto,
3465 2719 3618 2789 cujus

2029 2800 2281 2871 iniquitas
2319 2802 2428 2872 jam
2457 2803 2615 2858 etiam
2645 2804 2697 2859 in
2742 2805 2893 2861 labiis
2936 2815 3019 2862 est
3046 2824 3058 2859 :
3093 2808 3183 2863 ille
3210 2818 3288 2863 est
3318 2811 3576 2868 molestus
3601 2855 3617 2880 ,

2029 2891 2119 2946 ille
2145 2902 2225 2946 est
2256 2894 2515 2959 occultus,
2549 2895 2638 2950 ille
2677 2895 2892 2951 dil'lieile
2937 2897 3222 2967 devitatnr,
3264 2902 3353 2970 qni
3381 2901 3434 2957 in
3466 2903 3622 2960 labiis

2014 2983 2166 3038 'bona
2194 2994 2387 3054 portat,
2419 2995 2474 3042 et
2500 2987 2552 3041 in
2578 2987 2740 3044 corde
2769 2988 3002 3043 occultat
3025 2991 3163 3045 mala
3193 3007 3205 3044 :
3237 2990 3338 3058 Qui
3365 2989 3619 3064 cogitave-

2028 3088 2148 3132 runt
2174 3080 2447 3152 injustitias
2488 3081 2542 3134 in
2581 3082 2750 3136 corde.
2787 3081 2914 3136 Tota
2951 3081 3032 3136 die
3073 3083 3439 3139 constituebant
3467 3086 3620 3141 bella.

2030 3171 2168 3239 Quid
2196 3181 2293 3236 est,
2323 3172 2452 3226 bella
2472 3173 2498 3226 Ζ)
2521 3174 2716 3228 Contra
2746 3190 2864 3244 quae
2889 3189 3181 3245 pugnarent
3223 3185 3329 3230 tota
3362 3177 3449 3232 die
3492 3177 3624 3234 mihi

2017 3262 2444 3319 constituebant.
2474 3264 2600 3320 Inde
2625 3265 2765 3320 enim
2793 3265 2894 3321 hoc
2925 3268 3160 3322 nascitur
3184 3267 3251 3323 de
3277 3268 3469 3324 talibus
3497 3284 3622 3325 cor-

2018 3353 2206 3423 dibus,
2236 3357 2488 3426 quidquid
2520 3367 2602 3413 est
2643 3368 2827 3413 contra
2876 3359 3018 3428 quod
3051 3368 3248 3430 pugnat
3275 3359 3618 3417 Christianus.

2030 3450 2085 3506 Si
2116 3450 2326 3517 seditio,
2353 3451 2397 3506 si
2427 3451 2679 3517 sehisma,
2709 3454 2753 3508 si
2777 3453 3020 3519 hzeresis,
3064 3455 3106 3510 si
3134 3444 3489 3513 contradictio.
3513 3465 3624 3513 tur-'

2030 3542 2271 3610 bnlenta,
2310 3560 2416 3599 non
2459 3546 2557 3600 hoc
2585 3548 2816 3617 ertnnpit
2845 3548 2946 3602 nisi
2990 3548 3057 3603 de
3087 3548 3192 3603 illis
3217 3550 3625 3620 cogitationibus

2021 3653 2150 3705 qua:
2180 3637 2493 3708 tegebantur
2526 3656 2538 3692 :
2571 3648 2623 3692 et
2647 3639 2860 3708 quando
2893 3639 3029 3694 labia
3061 3641 3199 3696 bona
3229 3641 3583 3712 loquebantur
3606 3684 3623 3709 ,

2033 3738 2136 3782 tota
2166 3728 2249 3782 die
2291 3728 2653 3783 constituebant
2681 3729 2834 3783 bt‘lla.
2881 3729 3071 3785 Pacata
3103 3731 3255 3786 audis
3285 3733 3484 3796 verba;
3529 3734 3626 3788 sed

2032 3819 2156 3874 belli
2187 3820 2494 3874 constitutio
2519 3834 2547 3871 a
2576 3819 2824 3874 cordibus
2863 3836 2969 3873 non
3013 3820 3258 3875 discedit.
3290 3821 3440 3890 Quod
3472 3822 3621 3877 enim

2035 3909 2232 3964 dictum
2264 3919 2360 3974 est,
2395 3919 2498 3963 tota
2536 3910 2637 3974 die,
2672 3909 2799 3964 Sine
2829 3910 3223 3966 intermissione
3253 3912 3536 3983 signilieat,
3570 3915 3624 3972 id

2036 4011 2136 4062 est,
2171 4011 2279 4055 toto
2311 4010 2569 4071 tempore.

2108 4094 2160 4150 6.
2192 4093 2341 4166 [vers.
2369 4094 2448 4168 4.]
2478 4095 2730 4150 Acuerunt
2755 4096 2953 4170 linguas
2973 4115 3091 4153 snas
3115 4101 3242 4154 sicut
3266 4109 3543 4172 serpentes.
3568 4103 3626 4164 Si

2038 4185 2213 4240 adhuc
2259 4187 2454 4255 quaeris
2500 4185 2814 4255 hominem,
2869 4188 3049 4260 aspice
3094 4190 3518 4247 similitudinem.
3567 4194 3625 4250 ln

2021 4269 2288 4348 serpente
2331 4278 2559 4332 maxime
2585 4279 2778 4333 astutia
2807 4288 2890 4334 est
2933 4290 2987 4336 et
3013 4280 3169 4337 dolus
3194 4283 3460 4352 nocendi;
3505 4301 3631 4356 pro.

2039 4379 2222 4441 pterea
2265 4370 2424 4424 etiam
2468 4370 2651 4440 serpit.
2698 4369 2816 4426 Non
2845 4372 2986 4427 enim
3030 4373 3112 4429 vel
3158 4375 3320 4445 pedes
3365 4375 3543 4444 habet,
3573 4388 3632 4434 ut

2040 4461 2155 4532 ejus
2186 4461 2402 4531 vestigia
2429 4477 2548 4518 eum
2581 4462 2724 4518 venit
2749 4464 3049 4521 audiantur.
3079 4466 3137 4522 In
3165 4467 3280 4539 ejus
3310 4468 3499 4526 itinere
3518 4471 3632 4527 vel-

2044 4561 2099 4607 ut
2143 4552 2278 4608 lenis
2303 4561 2386 4607 est
2417 4562 2631 4618 tractus,
2665 4553 2758 4610 sed
2805 4571 2908 4610 non
2940 4565 3023 4612 est
3054 4568 3252 4614 rectus.
3286 4559 3361 4613 Ita
3393 4576 3520 4630 ergo
3546 4578 3634 4618 re-

2043 4653 2176 4715 punt
2217 4653 2271 4698 et
2315 4652 2538 4714 serpunt
2578 4645 2645 4701 ad
2691 4647 3009 4713 nocendum,
3061 4648 3318 4704 habentes
3366 4651 3630 4708 occultum

2044 4753 2307 4794 venenum
2353 4748 2406 4793 et
2448 4739 2548 4794 sub
2597 4739 2703 4796 leni
2745 4751 3012 4798 contactu.
3057 4741 3128 4797 Et
3178 4742 3298 4797 ideo
3346 4745 3628 4814 sequitur:

2052 4829 2313 4885 Venenum
2336 4834 2571 4903 aspidum
2596 4833 2685 4888 sub
2707 4833 2854 4890 labiis
2882 4851 3074 4890 eorum.
3109 4835 3248 4892 Ecce
3271 4845 3355 4892 est
3384 4838 3509 4894 illud
3533 4841 3633 4896 sub

2046 4923 2236 4992 labiis;
2269 4934 2326 4980 ut
2354 4925 2494 4981 aliud
2526 4926 2624 4982 sub
2650 4927 2824 4994 labiis,
2847 4928 2988 4983 aliud
3016 4928 3067 4984 in
3090 4929 3246 4984 labiis
3266 4930 3631 4991 advertamus.

2045 5014 2190 5082 Quos
2216 5017 2375 5071 etiam
2402 5026 2583 5087 aperte
2607 5017 2910 5073 manifestat
2934 5018 3038 5074 alio
3071 5019 3206 5087 loco,
3236 5021 3325 5077 ubi
3351 5022 3502 5092 dicit,
3535 5025 3636 5094 Qui

2048 5109 2321 5180 loquuntur
2345 5126 2518 5180 pacem
2542 5127 2655 5164 cum
2679 5111 2912 5181 proximo
2936 5128 3063 5180 suo;
3090 5114 3228 5170 mala
3253 5127 3421 5175 autem
3445 5119 3500 5175 in
3522 5138 3636 5180 cor-

2048 5201 2193 5257 dibus
2217 5203 2321 5256 snis
2350 5200 2519 5274 (Psal.
2549 5217 2719 5270 xxv",
2748 5203 2828 5274 5).

2121 5295 2174 5350 7.
2210 5295 2358 5370 [vers
2392 5295 2472 5369 5.]
2499 5295 2750 5352 Conserva
2777 5315 2876 5366 me,
2904 5299 3143 5370 Domine,
3175 5305 3240 5360 de
3277 5323 3432 5362 manu
3455 5324 3636 5378 pecca-

2026 5387 2216 5454 toris,-
2256 5390 2317 5444 ab
2347 5391 2632 5447 nominibus
2659 5392 2859 5464 injustis
2901 5412 3022 5452 erue
3063 5413 3161 5453 me.
3213 5398 3317 5470 Ipsi
3347 5410 3492 5468 sunt,
3525 5403 3634 5457 noti

2052 5491 2177 5538 sunt
2206 5482 2220 5513 ¹
2256 5499 2268 5535 :
2302 5498 2408 5538 non
2435 5482 2524 5540 hic
2547 5479 2680 5556 opus
2700 5495 2784 5542 est
2803 5486 3120 5560 intelligere,
3145 5490 3238 5547 sed
3259 5507 3450 5562 agere;
3480 5508 3638 5556 orare
3696 5473 3713 5497 Υ

2053 5589 2185 5645 opus
2212 5583 2316 5642 est,
2364 5591 2469 5632 non
2498 5593 2738 5649 quzerere
2763 5579 2857 5652 qui
2902 5581 3027 5638 sint.
3058 5581 3163 5657 Sed
3197 5584 3472 5656 quomodo
3502 5601 3636 5655 ores

2119 5694 2134 5725 ι
2155 5700 2261 5762 _Am.
2289 5700 2341 5762 et
2364 5700 2492 5762 Mss;
2523 5705 2631 5758 Ipsa
2648 5701 2772 5762 sunt.
2791 5701 2908 5762 nota
2937 5703 3062 5762 sinit.
3083 5701 3395 5762 .ncspteiebat
3409 5702 3548 5756 ιτα-ιε
3569 5710 3637 5759 ad

2054 5753 2170 5805 illud
2195 5757 2322 5821 quod
2346 5753 2567 5820 proxime
2587 5763 2701 5810 ante
2723 5753 2848 5809 dixit
2872 5760 3028 5809 :Mala
3059 5753 3219 5811 autem
3241 5761 3292 5813 in
3312 5753 3544 5820 cordibus
3559 5753 3636 5821 ei;

2045 5831 2182 5932 ripa.
2202 5820 2348 5872 tidem
2365 5822 2510 5872 etiam
2535 5821 2802 5886 libripaulo
2825 5823 3264 5885 post'hahentmon
3285 5839 3505 5892 querere
3517 5820 3637 5902 quid

2057 5896 2098 5932 ει
2125 5919 2134 5930 .

2057 5896 2134 5934 su.
3531 5896 3540 5902 ⁷
3593 5933 3598 5938 .
