4084 6456
467 422 608 488 11107

462 545 723 603 adversus
766 541 1071 617 huiusmodi
1120 542 1383 606 homines,
1427 539 1599 609 aperit
1646 537 1736 593 libi
1768 537 1819 592 in
1861 550 2057 591 conse-

467 639 674 709 quenti.
705 636 851 693 Multi
894 635 1035 691 enim
1080 633 1337 689 adversus
1376 632 1548 687 malos
1592 629 1836 700 imperite
1879 633 2055 681 orant.

472 730 577 800 Qui
616 730 987 802 cogitaverunt,
1032 725 1239 795 inquit,
1280 724 1614 794 supplantare
1654 736 1853 793 gressus
1901 733 2057 772 meos.

466 822 657 880 Adhuc
682 828 853 890 potest
880 816 1167 874 carnaliter
1208 815 1399 885 accipi.
1432 812 1605 869 Habet
1631 812 1854 882 quisque
1882 808 2061 864 inimi-

471 930 594 969 cum
620 931 633 977 ;
664 913 716 967 in
746 912 960 983 negotio
986 910 1184 982 cogitat
1223 910 1271 965 ci
1302 906 1539 963 fraudem
1564 905 1760 971 facere,
1800 911 1857 959 et
1884 901 1931 956 ci
1963 916 2061 955 au-

467 1006 616 1062 ferre
664 1003 967 1075 pecuniam,
999 1003 1090 1073 qui
1136 1010 1381 1058 versatur
1405 1000 1457 1055 in
1487 997 1759 1054 communi
1803 994 2013 1065 negotio
2047 1010 2060 1048 :

467 1097 634 1154 habet
678 1099 900 1169 quisque
946 1097 1218 1153 inimicum
1258 1095 1513 1162 vicinum,
1540 1102 1596 1149 et
1622 1084 1821 1163 cogitat
1864 1088 2063 1145 malum

466 1192 714 1263 ingerere
737 1190 915 1246 domui
940 1190 1077 1259 ejus,
1106 1187 1305 1259 aliquid
1327 1187 1395 1242 de
1424 1200 1483 1242 re
1514 1185 1680 1255 ipsius
1702 1182 1985 1246 minuere‘,
2005 1186 2067 1234 et

467 1288 655 1356 utique
700 1284 823 1340 dolo
867 1283 1084 1352 cogitat,
1126 1280 1313 1337 fraude
1359 1279 1574 1350 cogitat,
1621 1271 2066 1331 machinamentis

470 1377 669 1433 diaboli
714 1377 828 1431 lucc
857 1377 967 1445 ipsa
999 1374 1161 1444 gestit
1196 1372 1456 1443 implere;
1491 1383 1650 1424 nemo
1689 1366 1914 1423 dubitat.
1960 1362 2066 1421 Sed

414 1480 430 1503 -‘
471 1481 651 1526 tamen
680 1484 783 1523 non
814 1474 1028 1538 pr0ptcr
1056 1466 1154 1521 ista
1184 1464 1268 1521 isti
1297 1461 1517 1520 cavendi
1545 1469 1689 1526 sunt,
1718 1457 1812 1513 sed
1847 1472 1912 1511 ne
1938 1455 2069 1511 insi-

473 1561 670 1617 diando
694 1560 785 1615 tibi
815 1558 1078 1615 adducant
1105 1566 1157 1612 te
1183 1556 1249 1611 ad
1279 1570 1337 1611 sc
1364 1572 1378 1621 ;
1408 1553 1459 1609 id
1486 1561 1588 1619 est,
1612 1568 1643 1607 a
1664 1564 1889 1620 corpore
1913 1547 2070 1604 Chri—

468 1656 540 1711 sti
568 1662 815 1724 separent
844 1662 916 1718 te,
948 1661 1002 1706 ct
1032 1650 1227 1705 faciant
1251 1648 1320 1704 de
1346 1662 1571 1718 corpore
1596 1660 1715 1701 suo.
1748 1642 1898 1699 Sicut
1924 1642 2066 1697 enim

471 1744 738 1801 bonorum
770 1752 928 1813 caput
950 1741 1199 1797 Christus
1226 1748 1329 1804 est,
1358 1739 1434 1794 sic
1460 1737 1674 1793 illorum
1701 1745 1861 1805 caput
1887 1732 2071 1788 diabo-

474 1834 582 1891 lus.
610 1835 709 1901 Qui
734 1835 1099 1903 cogitaverunt,
1123 1830 1313 1901 inquit,
1334 1828 1665 1900 supplantare
1683 1841 1883 1897 gressus
1911 1838 2066 1877 meos.

471 1924 610 1995 Quid
662 1932 764 1988 est,
815 1925 1147 1994 supplantare
1190 1937 1390 1993 gressus
1436 1919 1615 1973 meos?
1655 1916 1772 1972 Non
1819 1915 1969 1987 quasi
2012 1922 2071 1968 ut

471 2030 623 2074 erres
649 2017 701 2071 in
744 2016 958 2086 negotio
981 2013 1122 2085 quod
1149 2028 1271 2069 cum
1315 2012 1409 2067 illo
1438 2010 1624 2074 habes,
1667 2018 1723 2066 et
1761 2007 1989 2077 decipiat
2017 2013 2069 2061 te

471 2110 532 2165 in
561 2123 718 2163 causa
741 2122 862 2178 quae
884 2106 978 2161 tibi
1006 2104 1307 2161 communis
1325 2112 1408 2158 est
1434 2103 1488 2157 in
1517 2102 1632 2157 foro
1651 2116 1771 2157 cum
1798 2099 1907 2155 illo.
1932 2097 2070 2168 Sup-

474 2203 731 2276 plaulavit
753 2216 967 2273 gressus
1000 2209 1141 2267 tuos,
1188 2198 1232 2253 si
1261 2206 1312 2252 te
1338 2195 1639 2267 impedierit
1669 2194 1720 2247 in
1751 2194 1833 2247 via
1865 2191 1982 2257 Dei,
2011 2199 2070 2247 ut

471 2298 605 2354 illud
645 2296 784 2369 quod
813 2303 1015 2351 rectum
1061 2290 1396 2357 intendebas,
1428 2288 1642 2354 titubet,
1684 2294 1775 2341 aut
1801 2284 2010 2340 labatur
2037 2298 2069 2337 a

472 2393 583 2457 via,
603 2399 692 2445 aut
708 2388 863 2445 cadat
879 2387 930 2442 in
946 2387 1054 2453 via,
1072 2394 1163 2440 aut
1177 2384 1391 2440 recedat
1409 2382 1475 2439 de
1494 2381 1598 2446 via,
1620 2384 1997 2435 autremaueat
2016 2376 2068 2430 in

472 2484 582 2551 via,
624 2490 715 2537 aut
738 2491 881 2537 retro
910 2487 1206 2535 revertatur
1232 2475 1372 2531 unde
1398 2482 1637 2531 venerat.
1666 2468 1933 2541 Quidquid
1975 2466 2070 2524 tibi

474 2575 582 2629 tale
626 2573 825 2640 fecerit,
847 2568 1209 2642 supplantavit
1232 2578 1305 2635 te,
1328 2566 1544 2637 decepit
1566 2575 1635 2620 te.
1658 2561 1856 2620 Contra
1886 2559 2071 2630 hujus-

470 2664 620 2722 )uodi
650 2663 864 2719 insidias
890 2679 1001 2728 ora,
1034 2677 1101 2716 ne
1122 2658 1314 2731 perdas
1334 2656 1553 2714 cmleste
1573 2653 1975 2727 patrimonium,
2001 2666 2071 2707 ne

473 2758 691 2812 amittas
731 2756 998 2811 Christum
1041 2751 1416 2815 eohacredcm,
1460 2750 1583 2820 quia
1634 2748 1869 2803 victurus
1912 2760 1973 2800 es
2015 2744 2069 2799 in

472 2857 732 2903 aeternum
760 2862 880 2901 cum
908 2861 974 2901 eo
996 2845 1083 2917 qui
1116 2853 1166 2900 te
1194 2843 1317 2899 fecit
1346 2840 1634 2896 haeredem.
1670 2838 1784 2894 Non
1812 2836 1955 2893 enim
1987 2845 2069 2891 ta-

472 2939 543 2995 lis
576 2926 635 2994 te
677 2938 802 2994 fecit
829 2936 1119 3001 bmrcdem,
1152 2935 1239 2991 cui
1268 2942 1481 2990 mortuo
1518 2929 1795 2997 succedas,
1822 2928 1917 2985 sed
1947 2943 2070 2985 cum

475 3044 584 3102 quo
614 3030 666 3085 in
697 3036 956 3084 aeternum
986 3027 1154 3082 vivas.

549 3121 601 3177 8.
634 3119 783 3194 [vers.
815 3117 895 3192 6.]
918 3117 1298 3173 Absconderunt
1328 3113 1531 3184 superbi
1560 3110 1898 3183 muscipulam
1925 3109 2069 3164 mihi.

476 3213 669 3270 Totum
717 3225 911 3282 corpus
937 3209 1135 3266 diaboli
1178 3207 1461 3280 explicavit
1503 3205 1758 3272 breviter,
1805 3218 1925 3259 cum
1953 3202 2069 3271 ait,

475 3305 697 3377 superbi.
731 3303 856 3358 lndc
884 3310 966 3357 est
990 3300 1135 3373 quod
1165 3310 1219 3356 et
1238 3299 1413 3371 justus
1438 3298 1756 3369 plerumque
1781 3309 1841 3351 se
1866 3292 2069 3358 dicunt,

477 3412 600 3452 cum
628 3396 734 3450 sint
760 3395 946 3465 iniqui.
977 3392 1103 3450 inde
1132 3402 1214 3450 est
1250 3390 1392 3463 quod
1423 3389 1554 3446 nihil
1580 3389 1685 3445 illis
1716 3398 1822 3444 tam
1854 3387 2072 3442 noxium

476 3496 584 3555 est,
612 3502 769 3558 quam
810 3485 1055 3540 confiteri
1098 3493 1332 3555 peccata.
1368 3483 1469 3552 Ipsi
1520 3489 1646 3537 sunt
1672 3480 1763 3551 qui
1812 3494 1933 3535 cum
1965 3478 2076 3533 sint

477 3577 597 3634 falsi
623 3575 773 3647 justi,
798 3584 1021 3631 necesse
1046 3583 1130 3629 est
1154 3582 1213 3628 ut
1238 3572 1509 3627 invideant
1532 3570 1673 3626 veris
1696 3569 1875 3640 justis.
1902 3567 2070 3624 Nemo

479 3672 623 3727 enim
656 3669 855 3725 invidet
898 3667 1049 3723 alteri
1082 3668 1133 3722 in
1178 3681 1246 3723 eo
1267 3665 1407 3737 quod
1438 3681 1542 3720 non
1570 3664 1683 3718 vult
1728 3663 1807 3719 vel
1838 3676 1959 3718 esse
1988 3652 2074 3717 vel

477 3762 668 3819 videri.
702 3762 849 3816 Alius
870 3759 960 3815 tibi
989 3759 1208 3823 invidet,
1234 3757 1357 3828 quia
1382 3757 1533 3812 dives
1557 3772 1653 3820 es;
1680 3763 1772 3810 aut
1791 3754 1941 3810 dives
1962 3754 2075 3808 vult

479 3870 602 3910 esse
634 3863 689 3908 ut
718 3853 810 3909 tibi
839 3851 1091 3919 invideat,
1119 3858 1211 3905 aut
1240 3849 1410 3920 putari
1438 3848 1551 3903 vult
1589 3847 1737 3903 dives
1772 3865 1784 3901 :
1815 3845 1950 3901 alius
1979 3845 2075 3902 tibi

479 3947 704 4012 invidet,
749 3944 871 4017 quia
900 3944 1075 4000 clarus
1100 3958 1161 3998 es
1183 3952 1236 3999 et
1275 3941 1469 3998 nobilis
1493 3958 1507 4006 ;
1550 3950 1641 3996 aut
1670 3938 1773 3995 hoc
1801 3953 1921 3995 esse
1946 3938 2075 3994 all'e-

480 4048 608 4104 ctat,
638 4045 729 4092 aut
762 4037 865 4093 hoc
911 4050 970 4092 se
998 4035 1169 4106 putari
1198 4034 1363 4105 cupit.
1397 4032 1465 4087 Et
1506 4032 1585 4087 sic
1626 4031 1805 4086 omnia
1847 4046 1966 4102 qua:
1991 4030 2075 4085 vi-

481 4132 680 4188 dentur
704 4130 843 4185 bona
866 4129 917 4183 in
947 4129 1048 4184 hoc
1067 4127 1263 4183 saeculo
1288 4135 1344 4182 et
1366 4134 1616 4196 putantur
1640 4140 1654 4190 ;
1688 4123 1829 4195 quod
1850 4124 2076 4195 quisque

482 4223 599 4277 vult
627 4222 840 4287 habere,
875 4229 931 4276 et
978 4220 1031 4275 iu
1074 4236 1181 4290 quo
1212 4218 1326 4274 vult
1350 4218 1637 4282 excellere,
1681 4216 1767 4272 vel
1814 4216 1967 4287 cujus
1996 4216 2075 4272 rei

482 4316 682 4372 famam
712 4322 908 4385 captat,
953 4314 1005 4368 in
1034 4328 1100 4367 eo
1127 4312 1220 4367 tibi
1248 4310 1465 4368 invidet.
1497 4310 1587 4366 lsti
1616 4318 1795 4365 autem
1838 4309 1929 4380 qui
1956 4308 2076 4365 falsi

481 4406 612 4477 justi
641 4416 784 4471 sunt,
812 4403 979 4460 videri
1008 4404 1190 4458 volunt
1225 4403 1377 4473 justi,
1406 4418 1525 4458 cum
1554 4417 1661 4457 non
1706 4400 1853 4466 sint;
1897 4409 1953 4455 et
1981 4414 2078 4456 ne-

485 4514 641 4555 cesse
665 4507 747 4553 est
790 4505 845 4551 ut
874 4511 1030 4567 quem
1074 4494 1305 4550 viderint
1332 4509 1514 4549 verum
1539 4494 1768 4565 justum,
1805 4491 2079 4547 invideant

483 4591 585 4658 illi,
625 4599 681 4645 et
724 4588 827 4644 hoc
870 4604 990 4643 cum
1035 4588 1127 4642 illo
1167 4596 1345 4658 agant,
1379 4586 1647 4657 quomodo
1682 4584 1894 4641 amittat
1934 4584 2078 4640 unde

486 4683 766 4754 gloriatur.
814 4680 940 4736 Inde
982 4680 1201 4737 veniunt
1241 4694 1432 4735 omnes
1471 4678 1808 4738 seductiones
1848 4686 1905 4735 et
1946 4691 2076 4749 sup-

486 4776 861 4845 plautationes.
896 4773 1008 4828 lloc
1050 4773 1194 4843 prior
1222 4772 1336 4842 ipse
1363 4771 1609 4835 diabolus
1636 4772 1821 4841 voluit,
1849 4772 1937 4842 qui
1980 4786 2076 4826 ca-

486 4868 625 4923 dens
644 4866 806 4922 stanti
828 4865 1029 4921 homini
1056 4864 1241 4919 invidit
1264 4881 1276 4917 :
1301 4872 1352 4919 et
1378 4864 1499 4934 quia
1521 4863 1633 4932 ipse
1656 4863 1836 4918 amisit
1855 4878 2078 4933 regnum

486 4959 771 5021 caelorum,
803 4956 1071 5012 hominem
1100 4956 1222 5010 illuc
1252 4955 1531 5026 pervenire
1560 4954 1728 5009 uoluit
1773 4952 1923 5024 (Gen.
1954 4955 2035 5026 ιιι)
2060 4996 2076 5022 ,

487 5062 543 5105 ct
573 5065 678 5105 non
706 5049 853 5113 vult;
884 5058 937 5104 et
960 5047 1013 5103 id
1055 5047 1163 5119 agit
1191 5061 1353 5113 nunc,
1383 5054 1440 5099 ιιι
1478 5045 1639 5099 1ιοηιο
1666 5044 1792 5100 illuc
1822 5060 1929 5099 non
1961 5061 2080 5115 pcr-

488 5141 692 5207 veuiat,
715 5139 858 5195 unde
883 5140 996 5210 ipse
1015 5139 1252 5208 dcjcctus
1274 5146 1375 5193 est.
1407 5136 1541 5205 Quia
1563 5150 1691 5207 ergo
1712 5135 1976 5206 superbus
1998 5144 2083 5193 est

490 5233 629 5303 ipse,
678 5241 733 5285 et
775 5231 896 5286 ideo
926 5230 1135 5286 invidus
1182 5229 1306 5301 quia
1351 5228 1638 5300 superbus,
1685 5242 1844 5283 omne
1884 5243 2079 5301 corpus

492 5324 663 5399 ipsius
676 5322 860 5377 talium
873 5337 1067 5392 corpus
1088 5330 1191 5379 est.
1214 5316 1323 5378 Sed
1346 5335 1444 5377 nos
1465 5335 1679 5377 oremus
1700 5329 1885 5376 contra
1906 5321 2075 5389 illum,

490 5419 585 5493 qui
611 5414 808 5486 corrigi
829 5429 933 5469 non
958 5422 1153 5485 potest,
1184 5424 1240 5470 et
1258 5429 1357 5486 pro
1387 5414 1516 5484 ipsis
1536 5413 1626 5484 qui
1648 5422 1891 5485 possunt,
1915 5422 1971 5467 ut
1990 5412 2078 5468 di-

487 5529 673 5571 camus
689 5507 894 5566 homiui
914 5506 1111 5578 iujusto
1136 5524 1149 5561 :
1170 5506 1348 5573 Quare
1365 5506 1747 5576 invidesjusto,
1760 5522 1794 5562 ο
1812 5508 1971 5562 homo
1992 5506 2076 5561 itt-

483 5608 663 5681 juste?
678 5604 812 5673 Quia
829 5602 908 5659 vis
924 5600 1090 5657 videri
1102 5600 1309 5671 justus?
1323 5600 1442 5657 Cito
1461 5599 1542 5657 fac
1558 5600 1699 5673 quod
1714 5600 1903 5657 melius
1918 5608 2080 5666 cst,et

488 5702 695 5758 facilius
707 5700 814 5756 eris
829 5696 971 5770 quod
992 5695 1073 5751 vis
1091 5693 1279 5753 videri.
1296 5693 1425 5749 Esto
1438 5694 1614 5765 justus
1633 5696 1648 5726 ί
1673 5712 1685 5749 :
1701 5695 1772 5750 ita
1789 5694 1978 5766 diliges
1992 5694 2078 5751 cui

554 5837 570 5869 ι
596 5837 669 5886 Sic
690 5834 873 5903 aliquot
893 5842 997 5885 Mss.
1024 5829 1391 5903 At__tsdd._:_.9uod
1413 5831 1485 5903 eis
1507 5831 1662 5885 uideri
1685 5837 1783 5885 esto
1805 5832 1963 5896 rebus,
1990 5832 2074 5897 ita,

489 5906 586 5960 etc.
614 5895 792 5962 Regius
808 5903 909 5949 Ms:
937 5902 1047 5950 Esto
1070 5896 1153 5962 ita,
1182 5895 1349 5962 dilige,
1376 5900 1472 5948 etc.

1878 6035 1979 6054 '.A”--
2000 6026 2062 6044 ο--ιι

1724 416 1780 474 S.
1821 409 2190 472 AUGUSTINI
2226 409 2531 469 EPISCOPI

3633 416 3771 476 I808

2176 528 2489 595 invidebas;
2522 527 2644 600 quia
2669 528 2811 600 quod
2854 529 3000 585 illum
3031 528 3181 585 doles
3210 542 3351 597 esse,
3385 529 3496 587 eris
3525 538 3583 588 et
3608 540 3686 599 tu,
3715 543 3777 591 et

2167 621 2371 677 amabis
2397 621 2451 675 in
2490 635 2556 677 eo
2587 630 2659 688 te,
2690 631 2745 677 et
2773 622 2947 694 ipsum
2977 622 3030 677 in
3063 628 3137 677 te.
3179 620 3392 677 Etenim
3421 623 3468 678 si
3499 622 3775 682 invideres

2167 711 2339 780 diviti,
2372 728 2479 769 non
2505 722 2650 770 esset
2692 715 2745 769 in
2777 722 3041 784 potestate
3070 720 3159 768 tua
3206 719 3266 769 ut
3291 712 3440 770 dives
3486 730 3681 781 esses;
3727 717 3777 772 si

2168 802 2435 860 invideres
2464 803 2691 861 honesto
2718 805 2876 861 alicui
2902 805 3137 862 senatori
3166 804 3356 872 nobili,
3402 820 3510 861 non
3541 816 3690 863 esset
3720 809 3778 863 in

2169 905 2432 968 potestate
2462 907 2551 952 tua
2581 906 2641 952 ut
2664 897 2858 953 nobilis
2879 907 2933 953 tu
2958 912 3105 954 esses
3126 905 3182 953 et
3206 895 3403 964 clarus;
3428 897 3474 953 si
3497 898 3777 955 invideres

2173 989 2415 1060 pulchro,
2444 1006 2715 1061 nunquam
2742 999 2794 1047 te
2823 990 3107 1061 pulchrum
3148 989 3395 1058 faceres;
3428 991 3472 1046 si
3498 991 3779 1048 invideres

2172 1082 2294 1138 forti
2326 1093 2380 1140 et
2400 1084 2596 1152 valido,
2640 1100 2910 1155 nunquam
2942 1084 3037 1140 tibi
3080 1084 3224 1141 vires
3252 1083 3411 1141 dares
3444 1103 3458 1140 :
3486 1085 3533 1141 si
3565 1085 3781 1143 invides

2167 1176 2335 1248 justo,
2365 1193 2452 1234 res
2482 1179 2534 1235 in
2563 1180 2837 1235 voluntate
2857 1188 2978 1247 est;
3012 1188 3129 1236 esto
3154 1180 3297 1252 quod
3316 1180 3469 1238 doles
3495 1197 3620 1239 esse
3642 1182 3783 1239 alte-

2173 1284 2309 1325 rum.
2338 1270 2455 1325 Non
2496 1272 2638 1326 enim
2669 1282 2947 1343 empturus
2986 1286 3046 1327 es
3070 1272 3213 1343 quod
3240 1282 3298 1327 tu
3330 1288 3436 1329 non
3465 1289 3524 1330 es
3548 1284 3602 1330 et
3634 1276 3788 1331 alius

2173 1369 2257 1417 est
2280 1378 2294 1427 ;
2320 1362 2487 1433 gratis
2512 1371 2742 1429 constat,
2788 1363 2894 1418 cito
2923 1370 3135 1419 constat
3163 1381 3177 1418 :
3211 1363 3330 1420 Pax
3355 1364 3409 1419 in
3439 1374 3574 1420 terra
3602 1366 3786 1422 homi-

2174 1453 2317 1508 nibus
2343 1455 2486 1508 bonaa
2525 1454 2799 1509 voluntatis
2826 1453 2978 1525 (Luc.
3006 1470 3066 1522 ιι,
3100 1453 3214 1526 14).
3834 1440 3843 1466 ⁵

2244 1545 2297 1602 9.
2344 1544 2423 1600 llli
2467 1554 2646 1602 autem
2699 1546 2900 1616 superbi
2957 1547 3328 1602 absconderant
3380 1547 3724 1620 ntuscipulam
3767 1565 3790 1604 :

2174 1638 2499 1709 quaesierunt
2526 1640 2866 1711 supplantare
2894 1655 3111 1710 gressus
3138 1656 3288 1697 meos
3313 1642 3353 1696 ί.
3384 1642 3452 1698 Et
3470 1642 3598 1714 quid
3630 1642 3789 1700 fece-

2174 1732 2343 1787 runt?
2370 1730 2437 1786 Et
2480 1742 2633 1788 restes
2659 1733 2993 1788 extenderunt
3032 1735 3348 1805 muscipulas
3392 1737 3601 1807 pedibus
3631 1738 3789 1793 meis.

2174 1824 2318 1893 Quas
2341 1826 2556 1880 restes?
2581 1824 2778 1881 Notum
2800 1838 2883 1882 est
2912 1826 3015 1883 hoc
3042 1827 3263 1883 verbum
3296 1828 3349 1885 in
3374 1828 3692 1901 Scripturis,
3719 1839 3791 1886 et

2175 1915 2476 1972 invenimus
2517 1917 2640 1972 alibi
2668 1917 2796 1989 quid
2836 1918 3141 1989 signiﬁcent
3167 1929 3361 1977 restes.
3392 1921 3654 1979 Dominus
3678 1924 3792 1979 lla-

2174 2008 2367 2079 gellum
2389 2008 2457 2064 de
2478 2009 2742 2065 resticulis
2766 2009 2913 2077 fecit,
2947 2010 3090 2067 unde
3115 2012 3323 2083 expulit
3346 2027 3440 2069 eos
3460 2013 3527 2070 de
3553 2015 3793 2086 templo,

2175 2099 2264 2169 qui
2295 2099 2366 2154 ibi
2397 2100 2535 2156 male
2580 2100 2931 2157 versabantur
2961 2102 3142 2171 (Joan.
3174 2119 3233 2169 ιι,
3258 2102 3347 2173 15)
3373 2120 3388 2170 ;
3420 2113 3474 2160 et
3499 2104 3797 2176 significa.

2175 2194 2252 2249 vit
2277 2193 2430 2249 nobis
2472 2193 2742 2265 quomodo
2786 2195 3147 2267 intelligamus
3179 2206 3352 2253 restes
3386 2214 3398 2249 :
3427 2196 3574 2267 quia,
3606 2196 3797 2252 Crini-

2175 2286 2303 2341 culis
2320 2296 2638 2359 peccatorum
2649 2304 2854 2343 suorum
2870 2289 3208 2360 unusquisque
3217 2288 3579 2361 constringitur
3590 2288 3796 2359 (Prov.

2175 2392 2230 2444 v,
2259 2376 2377 2448 22),
2425 2377 2554 2435 dicit
2599 2380 2701 2435 alia
2743 2380 3016 2451 Scriptura
3041 2397 3057 2448 ;
3085 2388 3141 2437 et
3163 2388 3350 2451 aperte
3378 2380 3561 2447 lsaias,
3603 2379 3701 2437 Vw
3728 2382 3798 2439 iis

2176 2473 2259 2541 qui
2285 2472 2491 2527 trahunt
2534 2481 2740 2545 peccata
2765 2474 2891 2529 sicut
2930 2484 3109 2529 restem
3138 2474 3342 2545 longam
3371 2473 3521 2547 (Isai.
3555 2491 3615 2541 v,
3653 2475 3794 2546 18)!

2175 2561 2351 2630 Quare
2394 2571 2572 2619 autem
2620 2563 2815 2620 dicitur
2873 2565 3077 2621 restis?
3125 2564 3259 2633 Quia
3306 2565 3481 2621 omnis
3529 2574 3797 2636 peccator

2177 2669 2529 2724 perseverans
2573 2656 2626 2711 in
2674 2656 2908 2727 peccatis
2955 2655 3089 2724 suis,
3131 2655 3282 2712 addit
3329 2666 3546 2728 peccata
3592 2673 3799 2728 pecca-

2178 2746 2283 2810 tis;
2331 2754 2385 2802 et
2413 2761 2534 2802 cum
2566 2746 2788 2802 deberet
2813 2748 3154 2803 accusatione
3188 2748 3393 2819 peccati
3430 2748 3512 2804 sui
3538 2750 3795 2821 corrigi,

2177 2838 2489 2894 defensione
2550 2838 2789 2908 duplicat
2850 2838 2991 2910 quod
3044 2837 3384 2896 confessione
3447 2850 3638 2911 posset
3690 2856 3794 2897 au-

2177 2928 2328 2995 ferri,
2365 2937 2421 2985 et
2460 2930 2770 3001 plerumque
2808 2930 2927 2986 aliis
2965 2930 3199 3001 peccatis
3239 2929 3352 2984 vult
3393 2930 3633 2987 munitus
3665 2945 3796 2988 esse

2179 3030 2399 3092 preptcr
2442 3021 2529 3076 illa
2576 3036 2695 3092 quae
2738 3021 3027 3078 commisit.
3060 3022 3213 3078 Fecit
3254 3021 3600 3088 adulterium,
3632 3032 3695 3078 et
3725 3038 3796 3079 ne

2179 3110 2471 3179 occidatur,
2510 3121 2664 3183 parat
2710 3111 3097 3179 homicidium;
3126 3111 3273 3168 addit
3318 3121 3540 3184 peccato
3590 3128 3795 3184 peccao

2180 3213 2316 3260 tum.
2379 3205 2610 3261 Rursum
2655 3206 2700 3261 si
2743 3207 2793 3261 ei
2835 3206 3119 3277 contigerit
3163 3205 3341 3263 facere
3386 3205 3791 3277 homicidium,

2176 3298 2287 3368 jam
2317 3296 2407 3368 qui
2437 3313 2599 3352 unum
2642 3298 2846 3353 crimen
2875 3297 3115 3365 timebat,
3145 3297 3253 3357 duo
3283 3298 3436 3354 timet
3467 3314 3481 3351 :
3511 3307 3570 3354 et
3594 3298 3793 3370 utique

2181 3404 2303 3445 cum
2331 3389 2507 3445 videat
2530 3404 2589 3445 se
2615 3389 2764 3460 plura
2788 3389 2998 3459 timere,
3025 3405 3185 3462 quam
3209 3399 3368 3447 antea
3398 3390 3644 3457 timebat,
3674 3407 3790 3450 non

2180 3483 2379 3554 cogitat
2402 3482 2643 3538 minuere
2663 3481 2806 3552 quod
2827 3482 2972 3548 fecit,
2999 3482 3094 3538 sed
3118 3482 3318 3539 addere
3364 3482 3508 3554 quod
3538 3482 3793 3542 nondum

2181 3573 2343 3641 fecit;
2380 3575 2569 3646 quaerit
2611 3572 2748 3631 forte
2790 3583 2845 3631 et
2888 3574 3227 3633 maleficium.
3258 3574 3384 3632 Tria
3426 3590 3553 3631 ecce
3594 3575 3787 3634 habet.

2182 3663 2311 3721 lude
2333 3665 2441 3735 jam
2465 3666 2583 3736 quis
2601 3665 2837 3737 cogitet?
2865 3665 2985 3736 quis
3007 3667 3155 3721 finiat
3173 3676 3369 3723 restem
3394 3668 3782 3737 peccatorum?

2182 3757 2248 3813 Et
2275 3755 2476 3827 optime
2500 3757 2693 3813 dicitur
2736 3757 2894 3813 restis
2926 3776 2939 3812 :
2971 3766 3026 3813 ut
3054 3758 3200 3814 enim
3232 3767 3546 3829 torqueatur
3575 3761 3740 3816 restis
3763 3802 3782 3829 ,

2182 3847 2432 3914 additur;
2463 3856 2516 3904 et
2543 3862 2648 3902 non
2675 3847 2944 3913 adduntur
2966 3855 3112 3903 recta
3140 3847 3247 3913 fila,
3281 3849 3376 3904 sed
3407 3858 3565 3904 torta.
3598 3849 3785 3907 Pravi-

2183 3948 2265 3996 tas
2307 3940 2408 3995 sibi
2449 3955 2688 3996 connexa
2731 3939 2947 3996 ducitur
2976 3939 3030 3995 in
3073 3940 3310 4012 longum.
3360 3950 3553 3997 etnon
3582 3943 3784 4015 cogitat

2182 4033 2477 4106 praecidere
2501 4032 2643 4106 quod
2673 4033 2813 4089 male
2843 4033 3012 4089 texuit
3036 4050 3050 4100 ;
3083 4032 3177 4089 sed
3203 4032 3423 4100 addere,
3456 4034 3779 4105 producere,

2183 4124 2237 4182 in
2268 4126 2480 4196 longum
2508 4125 2828 4196 protendere
2853 4143 2866 4179 :
2892 4134 2950 4181 ut
2992 4125 3187 4182 habeat
3212 4125 3266 4180 in
3306 4126 3411 4183 line
3438 4125 3579 4183 unde
3604 4127 3682 4182 illi
3708 4126 3778 4184 li-

2182 4226 2376 4290 gentur
2414 4234 2603 4275 manus
2645 4228 2701 4274 et
2742 4216 2927 4290 pedes,
2972 4226 3028 4275 et
3072 4217 3382 4289 projiciatur
3428 4219 3481 4275 in
3526 4219 3777 4277 tenebras

2183 4312 2476 4369 exteriores
2503 4312 2717 4383 (Matth.
2757 4328 2884 4379 χχιι,
2920 4312 3031 4385 15).
3063 4313 3190 4368 llaec
3230 4323 3406 4369 autem
3434 4324 3651 4385 peccata
3681 4329 3775 4372 sua

2184 4403 2410 4460 tendunt
2430 4403 2609 4474 justis,
2652 4404 2868 4474 quando
2897 4404 2975 4460 eis
3019 4402 3250 4461 suadent
3282 4405 3457 4463 facere
3485 4406 3626 4463 mala
3655 4421 3774 4478 quae

2186 4495 2286 4567 ipsi
2309 4495 2525 4551 faciunt.
2552 4495 2677 4552 ldeo
2700 4496 2855 4564 dixit,
2897 4496 3074 4552 Restes
3108 4496 3439 4553 extenderunt
3467 4499 3776 4570 muscipula:

2188 4590 2396 4660 pedibus
2411 4589 2573 4657 meis;
2602 4589 2652 4645 id
2681 4598 2783 4655 est,
2815 4589 2882 4646 de
2911 4590 3142 4661 peccatis
3166 4591 3276 4647 suis
3306 4606 3393 4647 me
3416 4590 3647 4662 dejicere
3676 4608 3773 4649 vo-

2186 4681 2419 4737 luerunt.
2454 4681 2521 4737 Et
2544 4681 2631 4738 ubi
2662 4681 2803 4738 hoc?
2827 4680 2990 4737 Juxta
3018 4682 3221 4738 semitas
3245 4683 3548 4738 scandalum
3592 4700 3770 4756 posue-

2187 4785 2306 4830 runt
2335 4777 2458 4830 mihi
2487 4792 2505 4830 :
2534 4793 2637 4835 non
2664 4776 2717 4832 in
2750 4776 2977 4845 semitis,
3011 4776 3102 4833 sed
3122 4777 3280 4847 juxta
3305 4778 3531 4833 semitas.
3559 4778 3771 4835 Semita:

2188 4878 2312 4937 tuas,
2362 4880 2627 4941 praecepta
2658 4870 2750 4926 Dei
2782 4879 2924 4925 sunt.
2969 4869 3046 4925 llli
3076 4870 3326 4927 scandala
3362 4870 3516 4942 juxta
3558 4874 3771 4928 semitas

2187 4971 2516 5035 posuerunt;
2545 4972 2623 5030 tu,
2650 4963 2757 5018 noli
2802 4961 3052 5019 recedere
3077 4977 3106 5016 a
3132 4963 3357 5030 semitis,
3381 4974 3437 5019 et
3466 4980 3575 5021 non
3607 4966 3772 5022 irrues

2188 5057 2244 5113 in
2267 5056 2537 5113 scandala.
2563 5056 2672 5113 Nec
2696 5057 2820 5111 volo
2839 5055 2986 5112 dicas
3015 5072 3031 5110 :
3064 5057 3131 5112 Et
3153 5056 3465 5127 prohiberet
3492 5060 3614 5117 illos
3639 5060 3768 5116 Deus

2188 5165 2388 5220 ponere
2414 5148 2541 5203 mihi
2572 5149 2817 5205 scandala
2842 5148 2990 5219 juxta
3019 5148 3258 5214 semitas,
3286 5157 3341 5205 et
3366 5165 3472 5206 non
3501 5152 3575 5207 ibi
3606 5168 3768 5223 pone-

2187 5248 2326 5296 rent.
2372 5239 2482 5296 lmo
2508 5240 2749 5311 permisit
2789 5241 2928 5295 Deus
2956 5256 3154 5311 ponere
3183 5241 3432 5297 scandala
3475 5243 3595 5298 illos
3627 5245 3765 5315 juxta

2186 5335 2421 5399 semitas,
2467 5343 2522 5390 et
2558 5342 2613 5389 tu
2656 5350 2760 5389 non
2804 5334 3027 5390 recedas
3055 5350 3083 5389 a
3112 5335 3335 5391 semitis.
3366 5334 3534 5392 Juxta
3575 5339 3768 5393 senatus

2186 5426 2430 5481 scandala
2456 5436 2728 5500 posuerunt
2754 5426 2897 5481 mihi.

2259 5522 2346 5578 10.
2379 5521 2530 5595 [υετδ.
2563 5519 2640 5595 7.]
2670 5521 2736 5575 Et
2759 5519 2883 5591 quid
2910 5520 3115 5576 restat?
3144 5520 3285 5591 quod
3312 5522 3608 5579 remedium
3639 5524 3769 5579 inter

2186 5623 2333 5671 tanta
2364 5615 2501 5670 mala
2526 5655 2541 5681 ,
2570 5614 2621 5669 in
2654 5614 2766 5669 istis
2793 5613 3172 5670 tentationibus
3195 5656 3209 5679 ,
3244 5614 3295 5669 in
3340 5616 3456 5670 istis
3482 5617 3768 5687 periculis?

2185 5709 2310 5765 Dixi
2346 5708 2565 5763 Domino
2588 5748 2603 5775 ,
2634 5707 2770 5763 Deus
2796 5724 2933 5763 meus
2960 5725 3011 5763 es
3038 5717 3109 5761 tu.
3141 5707 3219 5763 llli
3259 5707 3503 5764 homines
3528 5720 3651 5766 sunt
3675 5753 3689 5774 ,
3716 5719 3768 5768 et

2184 5818 2292 5860 non
2319 5800 2422 5857 mei
2447 5817 2461 5866 ;
2497 5810 2549 5855 tu
2575 5808 2631 5855 et
2659 5800 2819 5865 Deus,
2844 5809 2896 5854 et
2923 5815 3074 5855 meus
3103 5816 3182 5856 es.
3215 5799 3340 5854 Dixi
3366 5799 3606 5871 Domino,
3634 5802 3767 5859 Deus

2252 5920 2267 5952 ι
2294 5925 2398 5969 MSS.
2424 5916 2516 5969 hoc
2537 5914 2659 5977 loco,
2677 5927 2867 5980 gressus
2891 5920 3059 5967 rectos.
3086 5920 3180 5979 Eia,
3213 5926 3403 5979 gressus
3434 5926 3564 5966 meos
3595 5918 3761 5968 rectos.
