4084 6454
391 372 418 432 Ι
426 372 532 433 809

392 506 531 545 meus
545 503 596 543 es
613 494 687 543 tu.
708 486 896 560 Magna
913 500 1013 543 vos
1031 486 1285 544 orationis
1302 503 1315 553 ;
1338 495 1516 543 movet
1530 486 1798 543 ﬁduciam.
1832 485 1986 543 Num-

397 581 523 654 quid
553 580 771 636 illorum
801 594 908 635 non
933 587 1017 634 est
1046 578 1220 634 Deus?
1240 577 1400 649 Cujus
1426 578 1567 634 enim
1594 594 1699 635 non
1725 587 1806 634 est
1824 578 1983 645 Deus,

394 673 485 745 qui
509 680 592 728 est
617 684 777 728 verus
795 670 970 728 Deus?
985 669 1091 728 Sed
1114 677 1291 728 tamen
1320 669 1533 741 pr0prie
1563 684 1747 726 eorum
1775 679 1875 737 cst,
1896 669 1989 742 qui

391 779 459 821 eo
483 764 751 831 fruuntur,
768 762 859 836 qui
876 763 925 821 ei
950 763 1210 831 serviunt,
1229 763 1318 834 qui
1341 761 1570 820 libenter
1583 764 1681 820 sub
1709 764 1825 834 ipso
1840 773 1984 820 sunt.

391 856 525 916 Nam
555 867 610 914 et
634 856 763 913 mali
792 855 1036 928 quamvis
1062 854 1234 921 inviti,
1258 857 1359 912 sub
1387 856 1503 928 ipso
1528 866 1671 912 sunt.
1704 856 1781 913 Illi
1806 859 1988 930 appel-

393 950 505 1007 lant
537 949 724 1015 Deum,
755 962 787 1004 a
816 962 923 1019 quo
945 956 1306 1014 coronentur;
1338 949 1440 1004 sub
1470 946 1563 1003 illo
1588 947 1663 1003 illi
1695 946 1920 1020 fugiunt,
1955 964 1989 1005 a

393 1058 501 1116 quo
524 1042 865 1100 damnentur.
896 1040 967 1097 Et
992 1040 1204 1112 iniquus
1229 1041 1320 1113 qui
1365 1056 1471 1096 non
1496 1040 1611 1095 vult
1652 1040 1848 1097 habere
1874 1040 1985 1097 Do-

394 1136 598 1193 minum
628 1134 795 1191 Deum
822 1148 975 1190 suum
1000 1174 1015 1201 ,
1048 1147 1155 1205 quo
1192 1132 1354 1204 fugiet
1381 1132 1549 1191 Deum
1573 1132 1856 1188 omnium?
1879 1132 1987 1188 Bo-

394 1243 521 1288 num
549 1236 633 1285 est
656 1227 733 1283 illi
754 1241 883 1298 ergo
908 1234 965 1282 ut
987 1233 1331 1282 convertatur
1354 1223 1421 1281 ad
1440 1225 1606 1280 Deum
1631 1224 1891 1289 omnium,
1911 1223 1988 1279 fa-

392 1323 606 1394 ciatque
621 1322 770 1379 illum
796 1321 1148 1378 conversione
1174 1334 1359 1386 suum;
1379 1326 1434 1376 et
1459 1318 1661 1390 positus
1686 1318 1826 1374 inter
1854 1318 1989 1373 tales

395 1425 706 1489 peceatores
728 1457 745 1484 ,
774 1415 1086 1472 seductores
1108 1456 1124 1481 ,
1147 1412 1456 1485 hypocritas
1480 1454 1495 1479 ,
1523 1413 1783 1483 superbos
1806 1453 1821 1478 ,
1845 1411 1989 1468 dicat

394 1510 459 1565 ad
480 1510 669 1576 Deum,
686 1522 845 1579 quem
863 1507 947 1563 sui
963 1506 1313 1564 conversione
1336 1504 1437 1560 sibi
1464 1503 1590 1560 fecit
1608 1504 1774 1560 Deum
1792 1518 1947 1559 suum
1969 1521 1984 1559 ε

394 1600 518 1657 Dixi
548 1598 770 1655 Domino
791 1642 806 1667 ,
838 1598 977 1655 Deus
1004 1614 1141 1654 meus
1168 1614 1221 1653 es
1250 1607 1325 1653 tu.
1354 1596 1569 1668 Percipe
1603 1596 1809 1651 auribus
1832 1638 1848 1664 ,
1877 1594 1989 1651 Do-

395 1696 531 1749 mine.
553 1735 567 1760 ,
599 1708 768 1747 vocem
796 1691 1161 1763 depruationis
1184 1705 1326 1745 ntere.
1356 1688 1594 1760 Simplex
1622 1687 1835 1758 quidem
1862 1703 1988 1744 sen-

396 1785 562 1843 tentia
593 1794 693 1849 est,
718 1793 775 1840 et
802 1782 973 1840 facilis
998 1780 1066 1838 ad
1092 1780 1490 1854 intelligendum
1527 1800 1539 1837 :
1570 1779 1664 1836 sed
1692 1788 1873 1837 tamen
1896 1779 1992 1836 de-

397 1877 559 1935 lectat
584 1876 720 1932 forte
744 1874 978 1945 cogitare
1007 1888 1172 1945 quare
1196 1887 1302 1928 non
1332 1872 1568 1938 dixerit,
1602 1871 1825 1943 Percipe
1848 1870 1993 1927 auri-

396 1968 498 2028 bus
523 1968 953 2041 deprecationem
979 1982 1186 2030 meam;
1209 1965 1304 2023 sed
1320 1966 1465 2022 velut
1489 1964 1787 2022 evidentius
1813 1963 1992 2035 expri-

396 2078 552 2121 mens
571 2062 819 2117 aﬂ'ectum
839 2061 1002 2116 animi
1024 2059 1127 2127 sui,
1146 2060 1240 2126 ait,
1260 2075 1431 2114 vocem
1460 2059 1825 2131 deprecationis
1844 2074 1988 2125 mete,

395 2155 562 2212 vitam
580 2152 972 2225 deprecationis
997 2167 1152 2220 mere,
1170 2152 1401 2208 animam
1427 2151 1817 2222 deprecationis
1834 2167 1990 2218 meae,

398 2263 506 2304 non
528 2245 670 2318 quod
700 2255 857 2301 sonat
880 2245 933 2301 in
954 2244 1132 2300 verbis
1158 2245 1313 2309 meis,
1338 2242 1435 2300 sed
1455 2242 1596 2298 unde
1621 2242 1803 2298 vivunt
1831 2243 1993 2299 verba

396 2353 541 2395 mea.
560 2337 754 2394 Caeteri
782 2336 924 2393 enim
955 2337 1206 2407 strepitus
1234 2335 1350 2391 sine
1378 2335 1576 2403 anima,
1595 2335 1711 2390 soni
1740 2334 1844 2391 dici
1870 2349 1995 2406 pos-

397 2440 547 2497 sunt,
564 2446 726 2487 voces
752 2445 857 2486 non
876 2438 1128 2500 possunt:
1149 2443 1250 2485 vos
1278 2428 1492 2500 proprie
1515 2429 1870 2485 animatorum
1887 2438 1991 2498 est,

396 2525 643 2581 vivorum
668 2531 770 2580 est.
790 2522 959 2590 Quam
987 2522 1137 2577 multi
1157 2531 1338 2577 autem
1358 2521 1711 2592 deprecantur
1729 2523 1920 2591 Deum,
1938 2532 1995 2581 et

398 2631 511 2672 non
541 2614 778 2671 sentiunt
794 2614 985 2681 Deum,
1003 2627 1103 2669 nec
1131 2613 1267 2669 bene
1287 2613 1521 2683 cogitant
1545 2613 1612 2669 de
1630 2614 1774 2669 Deo?
1790 2614 1993 2671 Sonum

398 2706 794 2778 deprecationis
810 2704 1006 2761 habere
1022 2714 1264 2775 possunt,
1285 2719 1469 2761 vocem
1486 2720 1589 2760 non
1609 2714 1851 2775 possunt;
1870 2708 1994 2777 quia

399 2800 510 2856 vita
541 2800 613 2855 ibi
640 2814 744 2856 non
773 2808 872 2856 est.
905 2799 1071 2870 Hujus
1096 2799 1184 2869 qui
1216 2797 1463 2863 vivebat,
1492 2798 1612 2869 quia
1643 2798 1807 2854 Deum
1837 2813 1993 2855 suum

402 2891 754 2963 intelligebat,
778 2900 832 2947 et
858 2907 887 2946 a
917 2906 1023 2963 quo
1052 2890 1367 2945 liberaretur
1396 2888 1628 2956 videbat,
1660 2897 1715 2944 et
1742 2905 1769 2943 a
1801 2890 1993 2958 quibus

405 2983 731 3043 liberaretur
745 2982 1026 3053 sentiebat,
1052 2982 1164 3053 ipsa
1187 2991 1301 3038 erat
1327 2996 1424 3037 vos
1448 2980 1841 3053 deprecationis
1853 2982 1991 3050 ejus.

476 3078 535 3133 ll
552 3119 567 3134 .
600 3074 749 3150 [vers.
783 3074 861 3148 8.]
894 3075 1063 3146 Ipsam
1085 3072 1465 3130 commendans
1486 3072 1703 3129 auribus
1721 3071 1813 3129 Dei
1829 3072 1992 3143 dicat,

403 3169 644 3236 Domine,
681 3169 909 3224 Domine.
941 3168 984 3223 T
988 3184 1020 3223 ιι
1050 3166 1284 3232 Domine,
1316 3164 1552 3231 Domine,
1586 3163 1638 3220 id
1679 3174 1782 3233 est,
1814 3174 1871 3221 tu
1899 3180 1994 3221 ve-

404 3264 617 3320 rissime
632 3263 880 3329 Domine,
899 3276 1005 3318 non
1024 3262 1207 3333 quales
1228 3258 1427 3315 domini
1455 3257 1722 3327 homines,
1740 3272 1845 3313 non
1865 3273 1997 3330 qua-

406 3357 488 3414 les
514 3356 715 3413 dcmini
745 3356 833 3427 qui
878 3362 1063 3410 emunt
1104 3352 1372 3419 sacccllo;
1417 3351 1508 3407 sed
1538 3351 1709 3423 qualis
1739 3351 1997 3407 Dominus

405 3450 498 3520 qui
519 3449 649 3505 emit
668 3447 943 3518 sanguine.
964 3445 1199 3511 Domine,
1221 3444 1453 3512 Domine,
1471 3445 1629 3498 virtus
1646 3444 1822 3498 salutis
1836 3460 1960 3499 meae
1977 3460 1996 3499 :

407 3543 460 3600 id
488 3552 607 3609 est,
636 3542 724 3613 qui
754 3541 849 3596 das
873 3541 1013 3597 vires
1037 3538 1194 3595 saluti
1235 3552 1389 3594 mete.
1420 3536 1560 3606 Quid
1586 3536 1687 3593 sibi
1715 3537 1863 3604 vult,
1891 3537 1996 3592 vir-

408 3645 488 3691 tus
511 3635 692 3690 salutis
720 3634 887 3689 metu?
910 3631 1347 3704 Conquerebatur
1370 3630 1439 3687 de
1482 3628 1745 3687 seandalis
1772 3638 1827 3685 et
1864 3630 1996 3685 insi-

407 3728 509 3784 diis
537 3714 915 3798 peccatorum,
947 3724 1015 3781 de
1038 3723 1554 3780 circumlatrantibus
1583 3732 1637 3778 et
1664 3722 1999 3779 circuminsi-

407 3821 677 3878 diantibus
700 3819 946 3891 malignis
972 3817 1277 3873 hominibus
1302 3816 1444 3871 vasis
1469 3814 1690 3881 diaboli,
1719 3815 1786 3870 de
1812 3828 1999 3885 super-

408 3913 491 3970 bis
515 3911 871 3968 invidentibus
894 3909 1071 3981 justis,
1101 3910 1239 3964 inter
1266 3908 1449 3979 quales
1479 3920 1700 3962 necesse
1724 3914 1809 3961 est
1836 3906 1998 3963 vitam

408 4004 629 4072 ducere,
646 4016 767 4059 cum
796 4002 881 4058 hic
897 4001 1124 4057 vivimus
1144 4000 1196 4055 in
1223 3997 1650 4070 peregrinatione
1675 4005 1856 4052 nostra
1873 3995 1995 4053 hac.

409 4096 557 4152 Talia
584 4110 713 4151 vero
736 4093 983 4150 scandala
1026 4091 1348 4149 abundantia
1374 4089 1551 4145 futura
1576 4088 1830 4146 Dominus
1854 4104 1998 4161 prae-

409 4188 565 4255 dixit,
593 4196 645 4244 et
673 4188 748 4244 ait
780 4200 795 4243 :
828 4187 1112 4242 Abundabit
1140 4186 1395 4258 iniquitas,
1426 4194 1472 4238 et
1502 4183 1739 4255 quoniam
1767 4183 2000 4238 abunda-

412 4280 479 4336 bit
505 4281 764 4353 iniquitas,
798 4280 1083 4353 refrigescet
1110 4278 1332 4333 charilas
1356 4276 1647 4332 multorum.
1677 4274 1782 4332 Sed
1812 4275 2001 4347 adjun-

410 4374 488 4430 xit
511 4373 692 4429 statim
719 4371 963 4428 solatium
989 4388 1003 4425 :
1029 4370 1130 4437 Qui
1159 4370 1541 4440 perseveraverit
1566 4384 1720 4439 usque
1744 4370 1798 4424 in
1822 4369 1999 4439 finem,

411 4465 495 4521 hic
524 4466 693 4519 salvus
721 4464 814 4519 erit
844 4462 1056 4534 (Matth.
1088 4476 1228 4543 xxtv,
1264 4461 1351 4527 12,
1383 4461 1496 4533 15).
1529 4460 1768 4517 Atlendit
1797 4460 1917 4525 iste,
1948 4467 2003 4516 et

412 4559 626 4626 timuit;
655 4567 710 4615 et
752 4556 1073 4614 abundantia
1117 4555 1453 4627 iniquitatum
1498 4555 1740 4611 turbatus
1770 4554 2005 4624 respexit

410 4666 563 4723 spem
597 4667 610 4704 :
643 4650 765 4721 quia
790 4649 877 4720 qui
900 4647 1283 4720 perseveraverit
1310 4663 1465 4717 usque
1489 4647 1541 4700 in
1565 4646 1719 4716 ﬁnem
1743 4687 1759 4714 ,
1789 4645 1871 4699 hic
1894 4644 2003 4700 sal-

411 4761 503 4800 vus
528 4744 639 4798 erit.
659 4740 913 4799 Extendit
929 4756 989 4798 se
1005 4754 1369 4812 perseverare,
1386 4740 1585 4795 etvidit
1610 4738 1822 4810 longam
1840 4737 2001 4803 viam;

410 4845 468 4893 et
485 4835 604 4906 quia
632 4848 976 4904 perseverare
1001 4847 1253 4904 magnum
1270 4840 1350 4887 est
1364 4840 1418 4887 ct
1443 4829 1683 4898 difficile,
1703 4830 1876 4901 ipsum
1893 4843 2007 4885 ora-

412 4927 489 4982 vit
517 4926 582 4981 ad
602 4925 981 4997 perfectionem
1003 4923 1409 4995 perseverantia:
1435 4936 1546 4977 sua:
1564 4922 1603 4988 ί,
1624 4937 1653 4977 a
1672 4936 1778 4993 quo
1802 4920 1874 4977 illi
1893 4921 2007 4992 jus-

412 5034 533 5076 sum
561 5029 643 5075 est
669 5028 729 5074 ut
756 5024 1141 5090 perseveraret.
1157 5016 1314 5072 Certe
1343 5016 1520 5071 salvus
1548 5030 1664 5082 ero,
1683 5014 1727 5069 si
1756 5027 2007 5085 perseve-

415 5127 606 5169 ravero
634 5128 801 5183 usque
826 5112 879 5167 in
908 5112 1099 5177 linem;
1131 5108 1222 5166 sed
1250 5108 1639 5180 perseverantia
1664 5106 1730 5162 ad
1758 5106 2005 5161 virtutem

416 5206 667 5274 pertinet,
688 5213 745 5260 ut
771 5217 980 5259 merear
1004 5202 1228 5259 salutem
1250 5219 1262 5254 :
1284 5209 1337 5255 tu
1365 5213 1424 5255 es
1444 5198 1610 5255 virtus
1634 5197 1821 5254 salutis
1848 5211 2005 5265 mem,

415 5306 476 5356 tu
504 5313 589 5354 me
611 5297 739 5354 facis
766 5310 1129 5369 perseverare,
1150 5303 1205 5350 ut
1222 5294 1526 5364 perveniam
1552 5291 1620 5348 ad
1646 5293 1893 5348 salutem.
1910 5290 2010 5346 Do-

416 5388 553 5443 mine
574 5431 589 5455 ,
623 5389 838 5444 Domine
859 5431 875 5457 ,
904 5397 1059 5443 virtus
1086 5386 1263 5441 salutis
1288 5400 1427 5439 mete.
1454 5384 1519 5440 Et
1544 5383 1685 5439 unde
1708 5398 1867 5454 spero
1887 5384 2010 5455 quia

419 5492 478 5538 tu
502 5498 561 5539 es
577 5483 742 5538 virtus
767 5482 953 5538 salutis
974 5480 1141 5537 mete?
1161 5479 1479 5535 Obumbrasti
1502 5495 1653 5551 super
1666 5487 1819 5550 caput
1845 5495 2011 5534 meum

417 5578 473 5631 in
497 5577 579 5632 die
603 5576 738 5631 belli.
758 5575 898 5632 Ecce
915 5575 1075 5631 modo
1103 5573 1275 5630 adhuc
1296 5587 1508 5644 pugno:
1530 5586 1704 5644 pugno
1732 5570 1859 5627 foris
1882 5585 2011 5627 con-

419 5676 503 5723 tra
530 5666 685 5724 fictos
712 5666 883 5722 bonos
907 5708 923 5735 ,
955 5680 1131 5737 pugno
1159 5665 1301 5721 intus
1344 5672 1529 5720 contra
1552 5662 2012 5735 concupiscentias

417 5774 597 5827 meas;
617 5760 866 5832 quoniam
892 5759 1034 5814 uideo
1063 5758 1219 5813 aliam
1245 5759 1401 5829 legem
1430 5759 1483 5813 in
1512 5758 1745 5814 membris
1774 5756 1914 5827 meis,
1933 5772 2013 5812 re-

482 5875 504 5911 ⁸
528 5873 697 5931 Plures
719 5882 845 5941 Mss,
868 5874 934 5927 ad
956 5872 1358 5943 perseverantiam
1375 5885 1528 5925 suam.

1438 360 1831 428 ENARRATIO
1870 369 1935 427 IN
1974 367 2295 427 PSALblUM
2333 364 2619 427 CXXXIX.

3547 376 3691 436 1810

2105 496 2409 557 pugnantem
2434 489 2531 560 legi
2550 485 2727 543 mentis
2753 500 2894 555 meat,
2913 485 2959 542 e'l
2979 487 3231 559 captivum
3255 502 3336 544 me
3362 489 3702 549 durentemi"

2101 581 2208 652 lege
2237 582 2447 650 peccati,
2471 596 2584 651 quis
2608 591 2680 634 est
2705 580 2757 634 in
2785 580 3015 635 membris
3040 580 3178 636 meis.
3214 580 3373 636 Miser
3398 599 3488 653 ego
3516 584 3689 649 homo,

2094 670 2208 739 quis
2235 686 2314 725 me
2340 669 2564 724 liberabit
2601 670 2664 724 de
2690 687 2900 741 corpore
2924 672 3096 726 mortis
3125 672 3322 743 hujus?
3349 671 3527 729 Gratia
3552 674 3688 743 Dei,

2097 779 2188 833 per
2210 762 2388 818 Iesum
2415 762 2671 819 Christum
2698 762 2970 819 Dominum
2993 772 3218 820 nostrum
3244 766 3425 838 (Rom.
3454 783 3525 825 vn
3550 812 3566 837 ,
3592 768 3694 827 ‘35-

2100 852 2216 927 25).
2247 852 2410 926 Igitur
2437 854 2683 911 laborans
2711 854 2764 910 in
2790 854 2893 911 hoc
2919 855 3083 924 bello,
3113 857 3347 929 respexit
3370 858 3437 914 ad
3466 861 3694 929 gratiam

2102 944 2228 1012 Dei;
2247 954 2301 1000 et
2314 945 2435 1016 quia
2457 944 2567 1016 jam
2583 954 2820 1017 coeperat
2845 955 3072 1003 :estuare
3089 956 3139 1004 et
3158 963 3419 1015 arescere,
3442 959 3694 1022 tanquam

2098 1036 2341 1091 umbram
2374 1036 2595 1102 invenit,
2624 1036 2725 1092 sub
2753 1053 2856 1109 qua
2885 1039 3088 1095 viveret
3119 1057 3132 1093 :
3169 1039 3517 1098 Obrnmbrasti
3542 1059 3697 1113 super

2099 1136 2251 1197 caput
2274 1145 2441 1182 meum
2469 1129 2521 1182 in
2549 1127 2633 1184 die
2660 1128 2777 1184 belli
2798 1144 2816 1195 ;
2848 1127 2899 1185 id
2926 1138 3030 1198 est,
3058 1130 3111 1186 in
3139 1140 3296 1202 testu,
3329 1147 3398 1189 ne
3423 1133 3690 1205 faligarer,

2097 1234 2165 1274 ne
2185 1234 2483 1276 arescerem
2492 1260 2506 1274 .

2171 1311 2261 1368 ιε.
2294 1312 2441 1385 [vers.
2476 1312 2554 1387 9.]
2587 1313 2670 1369 Ne
2696 1314 2869 1369 tradas
2896 1331 2992 1382 me,
3013 1313 3252 1384 Domine,
3270 1316 3563 1373 adesiderio
3584 1336 3696 1374 meo

2097 1407 2365 1476 peccatori.
2386 1405 2525 1462 Ecce
2550 1421 2656 1476 quo
2681 1405 2809 1462 mihi
2840 1406 3035 1462 valebit
3054 1407 3421 1464 umbraeulum
3452 1418 3617 1475 tuum,
3638 1421 3698 1467 ut

2097 1504 2285 1552 aestum
2312 1511 2417 1553 non
2447 1496 2617 1567 patiar
2646 1512 2675 1552 a
2707 1497 2933 1567 meipso.
2954 1496 3165 1569 thuid
3192 1497 3324 1553 mibi
3353 1510 3601 1569 peccator
3618 1499 3696 1555 fa-

2096 1598 2244 1643 ceret
2270 1587 2359 1643 ille
2383 1630 2399 1655 ,
2444 1588 2832 1659 quantumlibet
2857 1587 3112 1644 smviret?
3140 1588 3438 1645 Saevierunt
3467 1592 3608 1646 enim
3640 1593 3696 1649 in

2098 1687 2360 1751 martyres
2388 1678 2593 1749 iniqui;
2627 1688 2903 1735 traxerunt
2929 1694 3024 1735 eos
3048 1720 3064 1747 ,
3109 1682 3312 1736 catenis
3356 1682 3691 1753 ligaverunt,

2097 1770 2400 1826 carceribus
2431 1770 2779 1838 incluserunt,
2810 1770 2985 1841 gladio
3013 1770 3270 1827 ferierunt
3292 1814 3308 1840 ,
3348 1773 3533 1829 bestiis
3558 1776 3694 1831 sub-

2098 1871 2352 1918 rexerunt
2373 1864 2390 1895 ¹
2419 1903 2436 1928 ,
2481 1862 2690 1933 ignibus
2740 1874 3189 1935 consumpserunt
3218 1880 3230 1917 :
3265 1864 3383 1921 hate
3410 1867 3585 1921 omnia
3612 1866 3695 1923 fe-

2098 1964 2287 2012 cerunt
2312 1972 2325 2022 ;
2355 1954 2448 2010 sed
2478 1970 2582 2011 non
2609 1970 2704 2012 eos
2730 1956 2947 2013 tradidit
2974 1956 3117 2012 Deus
3138 1958 3512 2028 peccatoribus
3536 2002 3549 2025 ,
3573 1962 3696 2031 quia

2100 2065 2205 2104 non
2233 2059 2357 2104 sunt
2378 2048 2553 2105 traditi
2584 2064 2614 2104 a
2645 2048 2912 2106 desiderio
2938 2065 3057 2106 suo.
3077 2050 3208 2107 Illud
3236 2067 3363 2123 ergo
3387 2069 3502 2117 ora,
3522 2071 3696 2125 quan-

2099 2149 2210 2197 tum
2241 2151 2409 2214 potes,
2433 2153 2489 2198 ut
2517 2160 2545 2199 a
2576 2142 2845 2199 desiderio
2875 2152 2966 2199 tuo
2996 2159 3101 2199 non
3134 2153 3186 2200 te
3214 2145 3546 2203 tradatDeus
3573 2165 3698 2219 pce-

2098 2233 2287 2289 catori.
2306 2233 2387 2288 Tu
2413 2234 2554 2290 enim
2571 2233 2839 2290 desiderio
2866 2243 2958 2289 tuo
2987 2235 3162 2290 locum
3181 2235 3395 2291 diabolo
3422 2237 3540 2295 das.
3558 2239 3697 2297 Ecce

2100 2327 2242 2381 enim
2270 2325 2513 2381 diabolus
2540 2327 2817 2395 proposuit
2844 2326 3070 2393 lucrum,
3101 2334 3156 2382 et
3185 2326 3425 2383 invitavit
3454 2327 3520 2383 ad
3547 2330 3694 2385 frau-

2100 2416 2223 2472 dem
2255 2433 2269 2469 :
2302 2416 2507 2472 lucrum
2531 2416 2729 2472 habere
2751 2432 2856 2471 non
2886 2425 3058 2488 potes,
3084 2418 3183 2472 nisi
3213 2418 3449 2473 fraudem
3479 2419 3693 2478 feceris.

2099 2508 2204 2566 Sed
2230 2510 2435 2565 lucrum
2457 2523 2578 2565 esca
2596 2518 2697 2574 est,
2718 2508 2861 2564 fraus
2883 2509 3124 2580 laqueus.
3142 2508 3231 2565 Sic
3256 2510 3474 2567 attende
3488 2526 3693 2583 escam,

2102 2612 2160 2658 ut
2177 2603 2356 2660 videas
2373 2612 2427 2658 et
2455 2602 2701 2674 laqueum
2725 2621 2736 2657 :
2756 2604 2877 2674 quia
2905 2603 3111 2659 lucrum
3142 2617 3249 2659 non
3278 2614 3428 2674 potes
3448 2605 3693 2678 adipisci,

2101 2693 2201 2750 nisi
2230 2693 2465 2749 fraudem
2496 2695 2715 2758 feceris;
2739 2693 2974 2750 fraudem
3001 2703 3181 2750 autem
3208 2696 3251 2749 si
3282 2694 3697 2767 feceris,capie-

2102 2787 2193 2841 ris.
2227 2786 2341 2842 Non
2371 2787 2494 2842 ideo
2519 2786 2660 2853 dico,
2684 2788 2931 2857 capieris,
2958 2789 3082 2857 quia
3111 2788 3399 2843 invenieris
3419 2804 3431 2841 :
3451 2787 3697 2859 aliquan-

2100 2876 2171 2934 do
2194 2879 2335 2935 enim
2364 2893 2468 2934 non
2500 2878 2808 2944 invenieris,
2827 2877 2921 2933 sed
2945 2878 3012 2934 ab
3039 2878 3371 2946 hominibus;
3390 2880 3643 2951 numquid
3662 2896 3698 2937 a

2102 2972 2284 3028 Dco'?
2304 2972 2566 3043 Capieris,
2590 2980 2645 3028 et
2669 2972 2918 3038 traheris,
2946 2981 2999 3027 et
3024 2972 3305 3027 occideris.
3337 2972 3524 3028 Omnis
3551 2975 3699 3030 enim

2102 3065 2190 3137 qui
2222 3064 2343 3119 talia
2376 3063 2521 3131 facit,
2552 3062 2767 3134 perimit
2794 3063 3050 3133 seipsum.
3082 3062 3157 3117 lbi
3188 3071 3271 3118 est
3299 3078 3428 3134 ergo
3454 3078 3597 3130 esca,
3620 3063 3699 3121 ibi

2102 3166 2185 3213 est
2211 3166 2266 3212 et
2289 3156 2545 3227 laqueus;
2579 3154 2727 3210 frena
2753 3153 3100 3221 desiderium,
3129 3162 3184 3210 et
3212 3168 3318 3210 non
3345 3153 3506 3209 cades
3532 3154 3583 3209 in
3612 3153 3697 3208 la-

2102 3262 2297 3318 queum
2331 3264 2343 3300 :
2379 3247 2423 3302 si
2466 3255 2644 3301 autem
2674 3245 2863 3303 vicerit
2892 3255 2942 3300 te
2970 3244 3298 3300 desiderium
3328 3259 3500 3310 escze,
3535 3244 3700 3302 mittit

2104 3338 2196 3393 tibi
2225 3338 2418 3393 collum
2447 3339 2497 3392 in
2516 3338 2786 3408 laqueum,
2806 3344 2861 3392 et
2876 3336 3047 3406 capiet
3078 3346 3129 3391 te
3150 3351 3347 3407 auceps
3373 3336 3695 3393 animarum.

2104 3429 2189 3484 Ne
2216 3430 2388 3483 tradas
2415 3446 2491 3483 me
2510 3445 2541 3482 a
2562 3428 2808 3483 desiderio
2829 3445 2936 3483 meo
2963 3429 3233 3499 peccatori.
3264 3428 3391 3483 Inde
3419 3428 3698 3484 inumbra-

2104 3529 2191 3577 tur
2214 3521 2266 3576 in
2295 3519 2383 3575 die
2408 3519 2550 3575 belli.
2580 3519 2908 3576 Desiderium
2940 3520 3084 3575 enim
3111 3528 3274 3575 aestus
3302 3520 3454 3588 facit;
3476 3520 3700 3575 umbra-

2103 3614 2281 3670 culum
2308 3624 2487 3669 autem
2515 3613 2723 3669 Domini
2761 3622 3021 3685 temperat
3046 3613 3367 3670 desiderium
3391 3655 3406 3679 ,
3436 3623 3495 3670 ut
3520 3615 3697 3685 possi-

2104 3720 2221 3761 mus
2264 3704 2537 3761 refrenare
2563 3720 2668 3777 quo
2696 3704 3035 3775 rapiebamur
3054 3747 3069 3770 ,
3101 3714 3157 3759 ut
3196 3721 3301 3760 non
3330 3705 3401 3760 ita
3428 3714 3697 3761 exaestue-

2104 3811 2222 3851 mus
2245 3838 2260 3864 ,
2290 3806 2348 3852 ut
2371 3795 2438 3851 ad
2464 3796 2707 3866 laqueum
2732 3796 3107 3866 perducamur.
3137 3795 3489 3866 Cogitaverunt
3511 3798 3698 3851 adver-

2103 3905 2215 3943 sum
2244 3904 2361 3953 me;
2390 3904 2452 3941 ne
2475 3887 2791 3957 derelinquas
2815 3903 2894 3940 me
2917 3929 2931 3953 ,
2963 3903 3024 3940 ne
3044 3891 3173 3957 forte
3196 3889 3494 3942 exaltenlur.
3521 3887 3699 3947 llabcs

2104 3980 2208 4035 alio
2252 3980 2372 4035 loco
2404 3994 2419 4032 :
2456 3978 2556 4045 Qui
2581 3995 2660 4032 me
2686 3986 2916 4049 premunt
2943 3978 3261 4033 exsuflabunt
3299 3978 3344 4032 si
3368 3987 3529 4033 motus
3552 3980 3700 4050 [uera

2107 4068 2276 4143 (Psal.
2311 4085 2403 4134 χιι,
2433 4066 2509 4141 5).
2542 4068 2699 4124 Tales
2726 4076 2852 4124 sunt
2875 4076 2930 4124 et
2959 4068 3065 4134 isti,
3094 4069 3214 4139 quia
3241 4069 3362 4125 talis
3390 4079 3471 4124 est
3500 4079 3553 4125 et
3582 4071 3701 4141 ipse

2105 4161 2369 4217 diabolus.
2398 4158 2622 4229 Quando
2646 4160 2917 4216 seduxerit
2944 4160 3238 4227 hominem,
3267 4159 3479 4232 gaudet,
3508 4161 3701 4218 trium-

2107 4253 2235 4325 phat
2262 4252 2328 4309 de
2354 4253 2444 4309 illo
2469 4269 2484 4320 ;
2516 4252 2778 4309 exaltatur
2804 4252 2918 4324 ipse
2941 4294 2957 4318 ,
2989 4252 3109 4323 quia
3141 4252 3229 4308 ille
3259 4252 3562 4309 humiliatus
3592 4263 3697 4311 est.

2106 4346 2282 4416 Quare
2310 4355 2487 4403 autem
2517 4346 2607 4402 ille
2632 4345 2941 4402 humiliatus
2965 4346 3090 4402 est?
3115 4346 3247 4413 Quia
3277 4347 3412 4403 male
3437 4348 3702 4407 cxaltatus

2108 4437 2242 4495 fuit:
2268 4447 2324 4496 et
2352 4439 2441 4495 ille
2466 4439 2554 4510 qui
2580 4438 2648 4495 de
2679 4437 2768 4494 illo
2796 4438 3104 4511 triumphat,
3131 4437 3512 4495 humiliabitur.
3540 4438 3703 4496 Tales

2109 4541 2233 4588 sunt
2275 4532 2416 4587 enim
2462 4544 2651 4587 omnes
2696 4530 2787 4603 qui
2828 4531 3063 4602 gaudent
3105 4530 3173 4587 de
3220 4531 3400 4597 malo;
3453 4530 3705 4588 videntur

2109 4625 2211 4682 sibi
2254 4626 2321 4681 ad
2364 4635 2574 4696 tempus
2614 4624 2871 4696 gloriari,
2920 4624 3236 4696 superbire,
3277 4625 3544 4680 cervicem
3590 4626 3703 4681 eri-

2108 4732 2255 4787 gere.
2301 4715 2415 4771 Non
2468 4730 2565 4771 vos
2605 4715 2835 4772 delectet
2878 4715 3132 4771 exaltatie
3170 4716 3192 4746 ³
3238 4730 3464 4781 eorum;
3514 4729 3698 4775 escam

2112 4808 2309 4864 habent
2336 4809 2386 4863 in
2430 4808 2669 4864 faucibus
2697 4817 2750 4863 et
2780 4807 2994 4862 hamum
3030 4824 3044 4862 :
3079 4806 3151 4861 ibi
3192 4814 3274 4861 est
3301 4819 3407 4877 quo
3432 4804 3708 4865 delectan-

2112 4908 2217 4966 tur,
2242 4899 2311 4955 ibi
2337 4908 2420 4955 est
2446 4913 2551 4971 quo
2578 4900 2878 4955 trahuntur.
2916 4897 2999 4952 Ne
3026 4896 3341 4967 derelinquas
3367 4914 3464 4966 me,
3488 4915 3551 4953 ne
3575 4904 3709 4972 forte

2112 4994 2393 5049 exaltentur
2421 5012 2437 5049 :
2476 4992 2525 5049 id
2554 5000 2655 5059 est,
2680 5006 2783 5046 non
2809 4990 2874 5045 de
2905 5006 2990 5045 me
3020 4989 3365 5060 triumphent,
3391 5007 3495 5046 non
3523 4991 3588 5048 de
3620 5009 3709 5053 me

2113 5084 2395 5155 gaudeant.

2187 5176 2275 5231 15.
2310 5174 2458 5248 [vers.
2494 5173 2606 5246 10.]
2638 5173 2799 5244 Caput
2818 5173 3055 5227 circuitus
3084 5188 3273 5239 eorum,
3294 5173 3435 5228 labor
3460 5174 3710 5231 labiornm

2115 5269 2337 5340 ipsorum
2367 5276 2495 5337 teget
2530 5280 2632 5319 eos.
2662 5264 2743 5319 Me
2766 5307 2781 5331 ,
2811 5264 3016 5335 inquit,
3052 5264 3235 5319 umbra
3263 5266 3465 5321 alarum
3498 5277 3707 5322 tuarum

2118 5369 2259 5431 teget
2290 5376 2304 5414 :
2336 5359 2662 5415 obumbrasti
2690 5358 2829 5413 enim
2860 5358 2987 5413 mihi
3019 5359 3070 5414 in
3113 5358 3198 5414 die
3227 5360 3373 5416 belli.
3406 5361 3552 5430 Ipsos
3580 5360 3710 5430 quid

2118 5451 2299 5522 teget?
2325 5449 2487 5523 Caput
2514 5451 2749 5506 circuitus
2775 5467 2945 5505 eorum
2977 5469 2995 5506 :
3027 5452 3139 5523 ipsa
3170 5462 3253 5508 est
3279 5454 3543 5523 superbia.
3566 5451 3709 5520 Quid

2116 5554 2236 5613 est,
2263 5546 2499 5600 circuitus
2520 5545 2791 5617 ipsorum?
2820 5543 2889 5601 Ut
2914 5545 3240 5601 circumeant
3261 5587 3278 5615 ,
3309 5554 3363 5601 et
3387 5558 3493 5600 non
3522 5550 3705 5614 stent;

2182 5682 2199 5714 ι
2224 5686 2299 5730 Er.
2326 5680 2470 5743 Lugd.
2498 5686 2686 5743 ven.et
2705 5686 2815 5743 bov.
2842 5677 3147 5743 subjecertmt
3184 5685 3239 5728 Μ.

2158 5746 2200 5816 ᾗ
2225 5744 2297 5815 sic
2321 5739 2428 5816 uss.
2455 5750 2509 5793 Af.
2545 5742 2680 5803 add,
2710 5742 2795 5793 sed
2822 5739 2883 5792 ab
2916 5739 3198 5804 hominibus,
3221 5753 3253 5792 a
3294 5746 3396 5793 Deo
3428 5745 3589 5793 autem
3626 5754 3706 5793 ca-

2117 5804 2284 5872 pieris,
2298 5813 2406 5856 etc..

2186 5870 2207 5902 ³
2230 5862 2313 5919 Am
2336 5874 2387 5920 et
2414 5866 2581 5933 plures
2605 5875 2731 5931 stas,
2753 5862 3025 5920 exsultatio.
3680 5890 3717 5934 ,δ
