  <div class='ocr_page' id='page_1' title='image "/cluster/home/n/w/nwhite01/storage/ocr_20150623/37/uva.x000827106/403.png"; bbox 0 0 4084 6506; ppageno 0'>
   <div class='ocr_carea' id='block_1_1' title="bbox 440 426 572 485">
    <p class='ocr_par' dir='ltr' id='par_1_1' title="bbox 440 426 572 485">
     <span class='ocr_line' id='line_1_1' title="bbox 440 426 572 485; baseline -0.008 0"><span class='ocrx_word' id='word_1_1' title='bbox 440 426 572 485; x_wconf 77' lang='grc'><strong>1811</strong></span> 
     </span>
    </p>
   </div>
   <div class='ocr_carea' id='block_1_2' title="bbox 437 530 2017 618">
    <p class='ocr_par' dir='ltr' id='par_1_2' title="bbox 437 530 2017 618">
     <span class='ocr_line' id='line_1_2' title="bbox 437 530 2017 618; baseline -0.013 -16"><span class='ocrx_word' id='word_1_2' title='bbox 437 547 492 602; x_wconf 90' lang='lat' dir='ltr'><strong>in</strong></span> <span class='ocrx_word' id='word_1_3' title='bbox 516 559 701 618; x_wconf 81' lang='lat' dir='ltr'><strong>gyrum</strong></span> <span class='ocrx_word' id='word_1_4' title='bbox 732 551 853 599; x_wconf 87' lang='lat' dir='ltr'><strong>eant</strong></span> <span class='ocrx_word' id='word_1_5' title='bbox 882 540 1100 606; x_wconf 88' lang='lat' dir='ltr'><strong>erroris,</strong></span> <span class='ocrx_word' id='word_1_6' title='bbox 1123 535 1208 592; x_wconf 85' lang='lat' dir='ltr'><strong>ubi</strong></span> <span class='ocrx_word' id='word_1_7' title='bbox 1236 537 1334 591; x_wconf 89' lang='lat' dir='ltr'><strong>iter</strong></span> <span class='ocrx_word' id='word_1_8' title='bbox 1360 542 1440 590; x_wconf 89' lang='lat' dir='ltr'><strong>est</strong></span> <span class='ocrx_word' id='word_1_9' title='bbox 1468 530 1731 587; x_wconf 86' lang='lat' dir='ltr'><strong>siue-ﬁne.</strong></span> <span class='ocrx_word' id='word_1_10' title='bbox 1757 530 1853 599; x_wconf 86' lang='lat' dir='ltr'><strong>Qui</strong></span> <span class='ocrx_word' id='word_1_11' title='bbox 1876 530 2017 583; x_wconf 90' lang='lat' dir='ltr'><strong>enim</strong></span> 
     </span>
    </p>
   </div>
   <div class='ocr_carea' id='block_1_3' title="bbox 402 623 2067 710">
    <p class='ocr_par' dir='ltr' id='par_1_3' title="bbox 402 623 2067 710">
     <span class='ocr_line' id='line_1_3' title="bbox 402 623 2067 710; baseline -0.012 -16"><span class='ocrx_word' id='word_1_12' title='bbox 402 650 405 657; x_wconf 94' lang='lat'>&#39;</span> <span class='ocrx_word' id='word_1_13' title='bbox 437 638 491 694; x_wconf 89' lang='lat' dir='ltr'><strong>in</strong></span> <span class='ocrx_word' id='word_1_14' title='bbox 522 638 735 710; x_wconf 86' lang='lat' dir='ltr'><strong>longum</strong></span> <span class='ocrx_word' id='word_1_15' title='bbox 765 637 824 703; x_wconf 93' lang='lat' dir='ltr'><strong>it,</strong></span> <span class='ocrx_word' id='word_1_16' title='bbox 848 632 1089 689; x_wconf 85' lang='lat' dir='ltr'><strong>alicunde</strong></span> <span class='ocrx_word' id='word_1_17' title='bbox 1115 629 1317 700; x_wconf 91' lang='lat' dir='ltr'><strong>incipit,</strong></span> <span class='ocrx_word' id='word_1_18' title='bbox 1341 626 1532 681; x_wconf 83' lang='lat' dir='ltr'><strong>alicubi</strong></span> <span class='ocrx_word' id='word_1_19' title='bbox 1565 623 1675 678; x_wconf 83' lang='lat' dir='ltr'><strong>linit</strong></span> <span class='ocrx_word' id='word_1_20' title='bbox 1700 641 1711 676; x_wconf 92' lang='lat'>:</span> <span class='ocrx_word' id='word_1_21' title='bbox 1737 623 1822 693; x_wconf 91' lang='lat' dir='ltr'><strong>qui</strong></span> <span class='ocrx_word' id='word_1_22' title='bbox 1852 623 1903 675; x_wconf 91' lang='lat' dir='ltr'><strong>in</strong></span> <span class='ocrx_word' id='word_1_23' title='bbox 1925 636 2022 693; x_wconf 87' lang='lat' dir='ltr'><strong>gy-</strong></span> <span class='ocrx_word' id='word_1_24' title='bbox 2064 656 2067 709; x_wconf 29' lang='grc' dir='ltr'>ξ</span> 
     </span>
    </p>
   </div>
   <div class='ocr_carea' id='block_1_4' title="bbox 436 713 2073 829">
    <p class='ocr_par' dir='ltr' id='par_1_4' title="bbox 436 713 2073 829">
     <span class='ocr_line' id='line_1_4' title="bbox 436 713 2073 829; baseline -0.013 -42"><span class='ocrx_word' id='word_1_25' title='bbox 436 746 556 786; x_wconf 88' lang='lat' dir='ltr'><strong>rum</strong></span> <span class='ocrx_word' id='word_1_26' title='bbox 584 730 624 786; x_wconf 80' lang='grc' dir='ltr'><strong>ξι</strong></span> <span class='ocrx_word' id='word_1_27' title='bbox 646 772 662 797; x_wconf 83' lang='grc'><strong><em>,</em></strong></span> <span class='ocrx_word' id='word_1_28' title='bbox 693 732 951 798; x_wconf 80' lang='lat' dir='ltr'><strong>nusquam</strong></span> <span class='ocrx_word' id='word_1_29' title='bbox 983 723 1114 779; x_wconf 84' lang='lat' dir='ltr'><strong>ﬁnit.</strong></span> <span class='ocrx_word' id='word_1_30' title='bbox 1145 723 1262 794; x_wconf 82' lang='lat' dir='ltr'><strong>Ipse</strong></span> <span class='ocrx_word' id='word_1_31' title='bbox 1293 729 1374 775; x_wconf 91' lang='lat' dir='ltr'><strong>est</strong></span> <span class='ocrx_word' id='word_1_32' title='bbox 1397 718 1547 773; x_wconf 85' lang='lat' dir='ltr'><strong>labor</strong></span> <span class='ocrx_word' id='word_1_33' title='bbox 1572 716 1852 829; x_wconf 70' lang='lat' dir='ltr'><strong>impiqrum</strong></span> <span class='ocrx_word' id='word_1_34' title='bbox 1881 755 1895 779; x_wconf 89' lang='lat'><strong>,</strong></span> <span class='ocrx_word' id='word_1_35' title='bbox 1930 713 2019 781; x_wconf 89' lang='lat' dir='ltr'><strong>qui</strong></span> 
     </span>
    </p>
   </div>
   <div class='ocr_carea' id='block_1_5' title="bbox 435 808 2077 887">
    <p class='ocr_par' dir='ltr' id='par_1_5' title="bbox 435 808 2077 887">
     <span class='ocr_line' id='line_1_5' title="bbox 435 808 2077 887; baseline -0.012 -10"><span class='ocrx_word' id='word_1_36' title='bbox 435 822 831 879; x_wconf 75' lang='lat' dir='ltr'><strong>demonstratur</strong></span> <span class='ocrx_word' id='word_1_37' title='bbox 872 820 925 874; x_wconf 94' lang='lat' dir='ltr'><strong>in</strong></span> <span class='ocrx_word' id='word_1_38' title='bbox 954 816 1059 873; x_wconf 88' lang='lat' dir='ltr'><strong>alio</strong></span> <span class='ocrx_word' id='word_1_39' title='bbox 1090 815 1291 887; x_wconf 85' lang='lat' dir='ltr'><strong>psalmo</strong></span> <span class='ocrx_word' id='word_1_40' title='bbox 1338 810 1634 870; x_wconf 76' lang='lat' dir='ltr'><strong>evidentius</strong></span> <span class='ocrx_word' id='word_1_41' title='bbox 1669 830 1680 864; x_wconf 86' lang='lat'><strong>:</strong></span> <span class='ocrx_word' id='word_1_42' title='bbox 1713 808 1780 863; x_wconf 87' lang='lat' dir='ltr'><strong>In</strong></span> <span class='ocrx_word' id='word_1_43' title='bbox 1810 809 2021 861; x_wconf 79' lang='lat' dir='ltr'><strong>circuitu</strong></span> <span class='ocrx_word' id='word_1_44' title='bbox 2070 808 2077 887; x_wconf 54' lang='grc' dir='ltr'>ξ</span> 
     </span>
    </p>
   </div>
   <div class='ocr_carea' id='block_1_6' title="bbox 434 890 2078 987">
    <p class='ocr_par' dir='ltr' id='par_1_6' title="bbox 434 890 2078 987">
     <span class='ocr_line' id='line_1_6' title="bbox 434 890 2078 987; baseline -0.013 -17"><span class='ocrx_word' id='word_1_45' title='bbox 434 915 578 987; x_wconf 80' lang='lat' dir='ltr'><strong>impii</strong></span> <span class='ocrx_word' id='word_1_46' title='bbox 606 912 864 969; x_wconf 79' lang='lat' dir='ltr'><strong>ambulant</strong></span> <span class='ocrx_word' id='word_1_47' title='bbox 891 909 1057 985; x_wconf 85' lang='lat' dir='ltr'><strong>(Psal.</strong></span> <span class='ocrx_word' id='word_1_48' title='bbox 1090 927 1141 964; x_wconf 76' lang='grc' dir='ltr'><strong>ιιι</strong></span> <span class='ocrx_word' id='word_1_49' title='bbox 1165 950 1180 975; x_wconf 93' lang='grc'><em>,</em></span> <span class='ocrx_word' id='word_1_50' title='bbox 1211 907 1288 982; x_wconf 84' lang='grc'><strong>9).</strong></span> <span class='ocrx_word' id='word_1_51' title='bbox 1317 905 1422 963; x_wconf 85' lang='lat' dir='ltr'><strong>Sed</strong></span> <span class='ocrx_word' id='word_1_52' title='bbox 1447 905 1697 961; x_wconf 77' lang='lat' dir='ltr'><strong>circuitus</strong></span> <span class='ocrx_word' id='word_1_53' title='bbox 1724 918 1908 958; x_wconf 83' lang='lat' dir='ltr'><strong>eorum</strong></span> <span class='ocrx_word' id='word_1_54' title='bbox 1932 915 2019 954; x_wconf 89' lang='lat' dir='ltr'><strong>ca-</strong></span> <span class='ocrx_word' id='word_1_55' title='bbox 2074 890 2078 949; x_wconf 60' lang='grc' dir='ltr'>ἲ</span> 
     </span>
    </p>
   </div>
   <div class='ocr_carea' id='block_1_7' title="bbox 433 994 2020 1078">
    <p class='ocr_par' dir='ltr' id='par_1_7' title="bbox 433 994 2020 1078">
     <span class='ocr_line' id='line_1_7' title="bbox 433 994 2020 1078; baseline -0.012 -16"><span class='ocrx_word' id='word_1_56' title='bbox 433 1018 527 1078; x_wconf 90' lang='lat' dir='ltr'><strong>put</strong></span> <span class='ocrx_word' id='word_1_57' title='bbox 551 1050 566 1075; x_wconf 92' lang='lat'><strong>,</strong></span> <span class='ocrx_word' id='word_1_58' title='bbox 595 1005 842 1077; x_wconf 84' lang='lat' dir='ltr'><strong>superbia</strong></span> <span class='ocrx_word' id='word_1_59' title='bbox 871 1012 953 1060; x_wconf 89' lang='lat' dir='ltr'><strong>est</strong></span> <span class='ocrx_word' id='word_1_60' title='bbox 978 1020 991 1069; x_wconf 91' lang='lat'><strong>;</strong></span> <span class='ocrx_word' id='word_1_61' title='bbox 1021 1002 1144 1074; x_wconf 86' lang='lat' dir='ltr'><strong>quia</strong></span> <span class='ocrx_word' id='word_1_62' title='bbox 1171 1000 1378 1056; x_wconf 88' lang='lat' dir='ltr'><strong>initium</strong></span> <span class='ocrx_word' id='word_1_63' title='bbox 1405 997 1577 1053; x_wconf 90' lang='lat' dir='ltr'><strong>omnis</strong></span> <span class='ocrx_word' id='word_1_64' title='bbox 1605 994 1804 1065; x_wconf 82' lang='lat' dir='ltr'><strong>peccati</strong></span> <span class='ocrx_word' id='word_1_65' title='bbox 1835 1008 2020 1061; x_wconf 89' lang='lat' dir='ltr'><strong>super-</strong></span> 
     </span>
    </p>
   </div>
   <div class='ocr_carea' id='block_1_8' title="bbox 433 1083 2019 1169">
    <p class='ocr_par' dir='ltr' id='par_1_8' title="bbox 433 1083 2019 1169">
     <span class='ocr_line' id='line_1_8' title="bbox 433 1083 2019 1169; baseline -0.011 -16"><span class='ocrx_word' id='word_1_66' title='bbox 433 1100 517 1154; x_wconf 85' lang='lat' dir='ltr'><strong>bia</strong></span> <span class='ocrx_word' id='word_1_67' title='bbox 543 1096 731 1169; x_wconf 84' lang='lat' dir='ltr'><strong>(Eccli.</strong></span> <span class='ocrx_word' id='word_1_68' title='bbox 764 1114 795 1152; x_wconf 76' lang='grc' dir='ltr'><strong>ιι</strong></span> <span class='ocrx_word' id='word_1_69' title='bbox 820 1139 834 1164; x_wconf 89' lang='grc'><em>,</em></span> <span class='ocrx_word' id='word_1_70' title='bbox 866 1096 978 1165; x_wconf 81' lang='grc'><strong>15).</strong></span> <span class='ocrx_word' id='word_1_71' title='bbox 1009 1092 1163 1151; x_wconf 86' lang='lat' dir='ltr'><strong>Unde</strong></span> <span class='ocrx_word' id='word_1_72' title='bbox 1204 1101 1378 1147; x_wconf 79' lang='lat' dir='ltr'><strong>autem</strong></span> <span class='ocrx_word' id='word_1_73' title='bbox 1407 1088 1651 1161; x_wconf 82' lang='lat' dir='ltr'><strong>superbia</strong></span> <span class='ocrx_word' id='word_1_74' title='bbox 1685 1085 1825 1139; x_wconf 86' lang='lat' dir='ltr'><strong>labor</strong></span> <span class='ocrx_word' id='word_1_75' title='bbox 1853 1083 2019 1137; x_wconf 81' lang='lat' dir='ltr'><strong>labio-</strong></span> 
     </span>
    </p>
   </div>
   <div class='ocr_carea' id='block_1_9' title="bbox 431 1174 2017 1259">
    <p class='ocr_par' dir='ltr' id='par_1_9' title="bbox 431 1174 2017 1259">
     <span class='ocr_line' id='line_1_9' title="bbox 431 1174 2017 1259; baseline -0.009 -16"><span class='ocrx_word' id='word_1_76' title='bbox 431 1206 545 1242; x_wconf 86' lang='lat' dir='ltr'><strong>rum</strong></span> <span class='ocrx_word' id='word_1_77' title='bbox 571 1188 797 1259; x_wconf 88' lang='lat' dir='ltr'><strong>ipsorum</strong></span> <span class='ocrx_word' id='word_1_78' title='bbox 819 1186 844 1240; x_wconf 68' lang='grc' dir='ltr'><strong>ἱ)</strong></span> <span class='ocrx_word' id='word_1_79' title='bbox 870 1184 1056 1241; x_wconf 91' lang='lat' dir='ltr'><strong>Omnis</strong></span> <span class='ocrx_word' id='word_1_80' title='bbox 1085 1184 1224 1239; x_wconf 90' lang='lat' dir='ltr'><strong>enim</strong></span> <span class='ocrx_word' id='word_1_81' title='bbox 1252 1181 1511 1252; x_wconf 87' lang='lat' dir='ltr'><strong>superbus</strong></span> <span class='ocrx_word' id='word_1_82' title='bbox 1538 1180 1688 1234; x_wconf 87' lang='lat' dir='ltr'><strong>ﬁctus</strong></span> <span class='ocrx_word' id='word_1_83' title='bbox 1713 1186 1813 1242; x_wconf 86' lang='lat' dir='ltr'><strong>est,</strong></span> <span class='ocrx_word' id='word_1_84' title='bbox 1845 1174 2017 1229; x_wconf 90' lang='lat' dir='ltr'><strong>omnis</strong></span> 
     </span>
    </p>
   </div>
   <div class='ocr_carea' id='block_1_10' title="bbox 433 1269 2012 1342">
    <p class='ocr_par' dir='ltr' id='par_1_10' title="bbox 433 1269 2012 1342">
     <span class='ocr_line' id='line_1_10' title="bbox 433 1269 2012 1342; baseline -0.007 -9"><span class='ocrx_word' id='word_1_85' title='bbox 433 1280 590 1335; x_wconf 89' lang='lat' dir='ltr'><strong>ﬁctus</strong></span> <span class='ocrx_word' id='word_1_86' title='bbox 614 1278 861 1335; x_wconf 86' lang='lat' dir='ltr'><strong>mendax.</strong></span> <span class='ocrx_word' id='word_1_87' title='bbox 890 1277 1157 1333; x_wconf 86' lang='lat' dir='ltr'><strong>Laborant</strong></span> <span class='ocrx_word' id='word_1_88' title='bbox 1191 1275 1434 1329; x_wconf 82' lang='lat' dir='ltr'><strong>homines</strong></span> <span class='ocrx_word' id='word_1_89' title='bbox 1457 1272 1600 1342; x_wconf 82' lang='lat' dir='ltr'><strong>loqui</strong></span> <span class='ocrx_word' id='word_1_90' title='bbox 1631 1269 1962 1325; x_wconf 88' lang='lat' dir='ltr'><strong>mendacium</strong></span> <span class='ocrx_word' id='word_1_91' title='bbox 1999 1286 2012 1323; x_wconf 91' lang='lat'><strong>:</strong></span> 
     </span>
    </p>
   </div>
   <div class='ocr_carea' id='block_1_11' title="bbox 432 1362 2015 1436">
    <p class='ocr_par' dir='ltr' id='par_1_11' title="bbox 432 1362 2015 1436">
     <span class='ocr_line' id='line_1_11' title="bbox 432 1362 2015 1436; baseline -0.006 -11"><span class='ocrx_word' id='word_1_92' title='bbox 432 1386 556 1425; x_wconf 87' lang='lat' dir='ltr'><strong>nam</strong></span> <span class='ocrx_word' id='word_1_93' title='bbox 587 1370 863 1426; x_wconf 84' lang='lat' dir='ltr'><strong>veritatem</strong></span> <span class='ocrx_word' id='word_1_94' title='bbox 907 1375 1016 1424; x_wconf 89' lang='lat' dir='ltr'><strong>tota</strong></span> <span class='ocrx_word' id='word_1_95' title='bbox 1044 1367 1296 1423; x_wconf 76' lang='lat' dir='ltr'><strong>facilitate</strong></span> <span class='ocrx_word' id='word_1_96' title='bbox 1327 1366 1689 1436; x_wconf 81' lang='lat' dir='ltr'><strong>loquerentur.</strong></span> <span class='ocrx_word' id='word_1_97' title='bbox 1736 1363 1827 1418; x_wconf 88' lang='lat' dir='ltr'><strong>lllc</strong></span> <span class='ocrx_word' id='word_1_98' title='bbox 1871 1362 2015 1416; x_wconf 91' lang='lat' dir='ltr'><strong>enim</strong></span> 
     </span>
    </p>
   </div>
   <div class='ocr_carea' id='block_1_12' title="bbox 433 1454 2013 1533">
    <p class='ocr_par' dir='ltr' id='par_1_12' title="bbox 433 1454 2013 1533">
     <span class='ocr_line' id='line_1_12' title="bbox 433 1454 2013 1533; baseline -0.006 -16"><span class='ocrx_word' id='word_1_99' title='bbox 433 1461 641 1518; x_wconf 83' lang='lat' dir='ltr'><strong>laborat</strong></span> <span class='ocrx_word' id='word_1_100' title='bbox 669 1462 757 1533; x_wconf 87' lang='lat' dir='ltr'><strong>qui</strong></span> <span class='ocrx_word' id='word_1_101' title='bbox 784 1462 933 1531; x_wconf 85' lang='lat' dir='ltr'><strong>ﬁngit</strong></span> <span class='ocrx_word' id='word_1_102' title='bbox 958 1460 1096 1531; x_wconf 89' lang='lat' dir='ltr'><strong>quod</strong></span> <span class='ocrx_word' id='word_1_103' title='bbox 1123 1458 1268 1514; x_wconf 88' lang='lat' dir='ltr'><strong>dicit.</strong></span> <span class='ocrx_word' id='word_1_104' title='bbox 1295 1457 1426 1513; x_wconf 87' lang='lat' dir='ltr'><strong>Nam</strong></span> <span class='ocrx_word' id='word_1_105' title='bbox 1467 1457 1557 1528; x_wconf 87' lang='lat' dir='ltr'><strong>qui</strong></span> <span class='ocrx_word' id='word_1_106' title='bbox 1584 1472 1764 1511; x_wconf 90' lang='lat' dir='ltr'><strong>verum</strong></span> <span class='ocrx_word' id='word_1_107' title='bbox 1790 1455 1899 1509; x_wconf 89' lang='lat' dir='ltr'><strong>vult</strong></span> <span class='ocrx_word' id='word_1_108' title='bbox 1930 1454 2013 1509; x_wconf 87' lang='lat' dir='ltr'><strong>di-</strong></span> 
     </span>
    </p>
   </div>
   <div class='ocr_carea' id='block_1_13' title="bbox 432 1547 2013 1621">
    <p class='ocr_par' dir='ltr' id='par_1_13' title="bbox 432 1547 2013 1621">
     <span class='ocr_line' id='line_1_13' title="bbox 432 1547 2013 1621; baseline -0.006 -12"><span class='ocrx_word' id='word_1_109' title='bbox 432 1564 554 1609; x_wconf 86' lang='lat' dir='ltr'><strong>cere</strong></span> <span class='ocrx_word' id='word_1_110' title='bbox 578 1594 592 1618; x_wconf 92' lang='lat'><strong>,</strong></span> <span class='ocrx_word' id='word_1_111' title='bbox 621 1568 725 1607; x_wconf 93' lang='lat' dir='ltr'><strong>non</strong></span> <span class='ocrx_word' id='word_1_112' title='bbox 770 1551 973 1606; x_wconf 86' lang='lat' dir='ltr'><strong>laborat</strong></span> <span class='ocrx_word' id='word_1_113' title='bbox 1005 1569 1017 1605; x_wconf 91' lang='lat'><strong>:</strong></span> <span class='ocrx_word' id='word_1_114' title='bbox 1052 1551 1163 1621; x_wconf 85' lang='lat' dir='ltr'><strong>ipsa</strong></span> <span class='ocrx_word' id='word_1_115' title='bbox 1190 1550 1329 1605; x_wconf 90' lang='lat' dir='ltr'><strong>enim</strong></span> <span class='ocrx_word' id='word_1_116' title='bbox 1358 1550 1552 1604; x_wconf 87' lang='lat' dir='ltr'><strong>veritas</strong></span> <span class='ocrx_word' id='word_1_117' title='bbox 1578 1548 1693 1603; x_wconf 86' lang='lat' dir='ltr'><strong>sine</strong></span> <span class='ocrx_word' id='word_1_118' title='bbox 1723 1547 1902 1601; x_wconf 89' lang='lat' dir='ltr'><strong>labore</strong></span> <span class='ocrx_word' id='word_1_119' title='bbox 1931 1547 2013 1600; x_wconf 78' lang='lat' dir='ltr'><strong>lo-</strong></span> 
     </span>
    </p>
   </div>
   <div class='ocr_carea' id='block_1_14' title="bbox 431 1638 2015 1723">
    <p class='ocr_par' dir='ltr' id='par_1_14' title="bbox 431 1638 2015 1723">
     <span class='ocr_line' id='line_1_14' title="bbox 431 1638 2015 1723; baseline -0.003 -24"><span class='ocrx_word' id='word_1_120' title='bbox 431 1646 629 1723; x_wconf 84' lang='lat' dir='ltr'><strong>quitur.</strong></span> <span class='ocrx_word' id='word_1_121' title='bbox 678 1644 751 1700; x_wconf 88' lang='lat' dir='ltr'><strong>De</strong></span> <span class='ocrx_word' id='word_1_122' title='bbox 777 1643 992 1699; x_wconf 88' lang='lat' dir='ltr'><strong>homine</strong></span> <span class='ocrx_word' id='word_1_123' title='bbox 1017 1657 1143 1713; x_wconf 87' lang='lat' dir='ltr'><strong>ergo</strong></span> <span class='ocrx_word' id='word_1_124' title='bbox 1170 1642 1271 1697; x_wconf 93' lang='lat' dir='ltr'><strong>hoc</strong></span> <span class='ocrx_word' id='word_1_125' title='bbox 1295 1641 1427 1695; x_wconf 80' lang='lat' dir='ltr'><strong>dixit</strong></span> <span class='ocrx_word' id='word_1_126' title='bbox 1464 1641 1574 1695; x_wconf 91' lang='lat' dir='ltr'><strong>Deo</strong></span> <span class='ocrx_word' id='word_1_127' title='bbox 1607 1657 1620 1693; x_wconf 92' lang='lat'>:</span> <span class='ocrx_word' id='word_1_128' title='bbox 1654 1638 1735 1694; x_wconf 87' lang='lat' dir='ltr'><strong>Mc</strong></span> <span class='ocrx_word' id='word_1_129' title='bbox 1776 1647 2015 1709; x_wconf 81' lang='lat' dir='ltr'><strong>proteget</strong></span> 
     </span>
    </p>
   </div>
   <div class='ocr_carea' id='block_1_15' title="bbox 430 1732 2009 1807">
    <p class='ocr_par' dir='ltr' id='par_1_15' title="bbox 430 1732 2009 1807">
     <span class='ocr_line' id='line_1_15' title="bbox 430 1732 2009 1807; baseline -0.003 -16"><span class='ocrx_word' id='word_1_130' title='bbox 430 1736 796 1803; x_wconf 84' lang='lat' dir='ltr'><strong>umbraculum</strong></span> <span class='ocrx_word' id='word_1_131' title='bbox 828 1744 1004 1803; x_wconf 88' lang='lat' dir='ltr'><strong>tuum;</strong></span> <span class='ocrx_word' id='word_1_132' title='bbox 1035 1735 1179 1807; x_wconf 91' lang='lat' dir='ltr'><strong>ipsos</strong></span> <span class='ocrx_word' id='word_1_133' title='bbox 1207 1743 1345 1806; x_wconf 81' lang='lat' dir='ltr'><strong>teget</strong></span> <span class='ocrx_word' id='word_1_134' title='bbox 1370 1732 1702 1789; x_wconf 84' lang='lat' dir='ltr'><strong>mendacium</strong></span> <span class='ocrx_word' id='word_1_135' title='bbox 1731 1734 1970 1804; x_wconf 90' lang='lat' dir='ltr'><strong>ipsorum</strong></span> <span class='ocrx_word' id='word_1_136' title='bbox 1997 1750 2009 1786; x_wconf 89' lang='lat'><strong>:</strong></span> 
     </span>
    </p>
   </div>
   <div class='ocr_carea' id='block_1_16' title="bbox 424 1826 2013 1899">
    <p class='ocr_par' dir='ltr' id='par_1_16' title="bbox 424 1826 2013 1899">
     <span class='ocr_line' id='line_1_16' title="bbox 424 1826 2013 1899; baseline -0.001 -16"><span class='ocrx_word' id='word_1_137' title='bbox 424 1828 523 1893; x_wconf 85' lang='lat' dir='ltr'><strong>sed</strong></span> <span class='ocrx_word' id='word_1_138' title='bbox 551 1829 722 1899; x_wconf 91' lang='lat' dir='ltr'><strong>ipsum</strong></span> <span class='ocrx_word' id='word_1_139' title='bbox 752 1827 1085 1885; x_wconf 87' lang='lat' dir='ltr'><strong>mendacium</strong></span> <span class='ocrx_word' id='word_1_140' title='bbox 1131 1827 1366 1898; x_wconf 89' lang='lat' dir='ltr'><strong>ipsorum</strong></span> <span class='ocrx_word' id='word_1_141' title='bbox 1393 1869 1407 1893; x_wconf 90' lang='lat'><strong>,</strong></span> <span class='ocrx_word' id='word_1_142' title='bbox 1441 1826 1591 1882; x_wconf 90' lang='lat' dir='ltr'><strong>labor</strong></span> <span class='ocrx_word' id='word_1_143' title='bbox 1632 1835 1723 1895; x_wconf 32' lang='lat' dir='ltr'><strong>est,</strong></span> <span class='ocrx_word' id='word_1_144' title='bbox 1752 1826 2013 1881; x_wconf 90' lang='lat' dir='ltr'><strong>labiorum</strong></span> 
     </span>
    </p>
   </div>
   <div class='ocr_carea' id='block_1_17' title="bbox 428 1918 2008 1992">
    <p class='ocr_par' dir='ltr' id='par_1_17' title="bbox 428 1918 2008 1992">
     <span class='ocr_line' id='line_1_17' title="bbox 428 1918 2008 1992; baseline -0.001 -17"><span class='ocrx_word' id='word_1_145' title='bbox 428 1922 686 1992; x_wconf 87' lang='lat' dir='ltr'><strong>ipsorum.</strong></span> <span class='ocrx_word' id='word_1_146' title='bbox 715 1918 845 1975; x_wconf 86' lang='lat' dir='ltr'><strong>Ecce</strong></span> <span class='ocrx_word' id='word_1_147' title='bbox 871 1920 1135 1992; x_wconf 87' lang='lat' dir='ltr'><strong>parturivit</strong></span> <span class='ocrx_word' id='word_1_148' title='bbox 1159 1919 1479 1989; x_wconf 88' lang='lat' dir='ltr'><strong>injustitiam,</strong></span> <span class='ocrx_word' id='word_1_149' title='bbox 1509 1920 1734 1991; x_wconf 79' lang='lat' dir='ltr'><strong>concepit</strong></span> <span class='ocrx_word' id='word_1_150' title='bbox 1764 1919 2008 1984; x_wconf 87' lang='lat' dir='ltr'><strong>dolorem,</strong></span> 
     </span>
    </p>
   </div>
   <div class='ocr_carea' id='block_1_18' title="bbox 426 2007 2010 2083">
    <p class='ocr_par' dir='ltr' id='par_1_18' title="bbox 426 2007 2010 2083">
     <span class='ocr_line' id='line_1_18' title="bbox 426 2007 2010 2083; baseline -0.001 -18"><span class='ocrx_word' id='word_1_151' title='bbox 426 2021 476 2065; x_wconf 87' lang='lat' dir='ltr'><strong>et</strong></span> <span class='ocrx_word' id='word_1_152' title='bbox 504 2012 694 2083; x_wconf 81' lang='lat' dir='ltr'><strong>peperit</strong></span> <span class='ocrx_word' id='word_1_153' title='bbox 734 2012 1043 2083; x_wconf 81' lang='lat' dir='ltr'><strong>iniquitatem</strong></span> <span class='ocrx_word' id='word_1_154' title='bbox 1073 2008 1246 2080; x_wconf 81' lang='lat' dir='ltr'><strong>(Psal.</strong></span> <span class='ocrx_word' id='word_1_155' title='bbox 1278 2025 1349 2065; x_wconf 85' lang='lat' dir='ltr'><strong>vn</strong></span> <span class='ocrx_word' id='word_1_156' title='bbox 1375 2049 1390 2076; x_wconf 94' lang='lat'><strong>,</strong></span> <span class='ocrx_word' id='word_1_157' title='bbox 1422 2007 1536 2080; x_wconf 81' lang='grc'><strong>15).</strong></span> <span class='ocrx_word' id='word_1_158' title='bbox 1580 2008 1638 2063; x_wconf 90' lang='lat' dir='ltr'><strong>ln</strong></span> <span class='ocrx_word' id='word_1_159' title='bbox 1680 2009 1825 2064; x_wconf 90' lang='lat' dir='ltr'><strong>omni</strong></span> <span class='ocrx_word' id='word_1_160' title='bbox 1868 2009 2010 2063; x_wconf 90' lang='lat' dir='ltr'><strong>enim</strong></span> 
     </span>
    </p>
   </div>
   <div class='ocr_carea' id='block_1_19' title="bbox 426 2099 2008 2173">
    <p class='ocr_par' dir='ltr' id='par_1_19' title="bbox 426 2099 2008 2173">
     <span class='ocr_line' id='line_1_19' title="bbox 426 2099 2008 2173; baseline -0.001 -17"><span class='ocrx_word' id='word_1_161' title='bbox 426 2116 591 2173; x_wconf 92' lang='lat' dir='ltr'><strong>opere</strong></span> <span class='ocrx_word' id='word_1_162' title='bbox 616 2102 755 2157; x_wconf 90' lang='lat' dir='ltr'><strong>malo</strong></span> <span class='ocrx_word' id='word_1_163' title='bbox 781 2102 929 2158; x_wconf 89' lang='lat' dir='ltr'><strong>labor</strong></span> <span class='ocrx_word' id='word_1_164' title='bbox 944 2109 1046 2166; x_wconf 86' lang='lat' dir='ltr'><strong>est,</strong></span> <span class='ocrx_word' id='word_1_165' title='bbox 1067 2111 1118 2158; x_wconf 91' lang='lat' dir='ltr'><strong>et</strong></span> <span class='ocrx_word' id='word_1_166' title='bbox 1144 2116 1302 2157; x_wconf 91' lang='lat' dir='ltr'><strong>omne</strong></span> <span class='ocrx_word' id='word_1_167' title='bbox 1319 2116 1453 2171; x_wconf 92' lang='lat' dir='ltr'><strong>opus</strong></span> <span class='ocrx_word' id='word_1_168' title='bbox 1477 2099 1675 2155; x_wconf 90' lang='lat' dir='ltr'><strong>malum</strong></span> <span class='ocrx_word' id='word_1_169' title='bbox 1700 2100 2008 2171; x_wconf 86' lang='lat' dir='ltr'><strong>cogitatum,</strong></span> 
     </span>
    </p>
   </div>
   <div class='ocr_carea' id='block_1_20' title="bbox 425 2193 2011 2258">
    <p class='ocr_par' dir='ltr' id='par_1_20' title="bbox 425 2193 2011 2258">
     <span class='ocr_line' id='line_1_20' title="bbox 425 2193 2011 2258; baseline -0.001 -8"><span class='ocrx_word' id='word_1_170' title='bbox 425 2195 759 2252; x_wconf 91' lang='lat' dir='ltr'><strong>mendacium</strong></span> <span class='ocrx_word' id='word_1_171' title='bbox 785 2195 975 2252; x_wconf 92' lang='lat' dir='ltr'><strong>ducem</strong></span> <span class='ocrx_word' id='word_1_172' title='bbox 1008 2194 1184 2250; x_wconf 91' lang='lat' dir='ltr'><strong>habet.</strong></span> <span class='ocrx_word' id='word_1_173' title='bbox 1216 2193 1329 2250; x_wconf 88' lang='lat' dir='ltr'><strong>Non</strong></span> <span class='ocrx_word' id='word_1_174' title='bbox 1361 2194 1503 2250; x_wconf 88' lang='lat' dir='ltr'><strong>enim</strong></span> <span class='ocrx_word' id='word_1_175' title='bbox 1529 2204 1613 2249; x_wconf 90' lang='lat' dir='ltr'><strong>est</strong></span> <span class='ocrx_word' id='word_1_176' title='bbox 1640 2195 1835 2249; x_wconf 90' lang='lat' dir='ltr'><strong>veritas</strong></span> <span class='ocrx_word' id='word_1_177' title='bbox 1858 2236 1873 2258; x_wconf 93' lang='lat'><strong>,</strong></span> <span class='ocrx_word' id='word_1_178' title='bbox 1907 2194 2011 2250; x_wconf 92' lang='lat' dir='ltr'><strong>nisi</strong></span> 
     </span>
    </p>
   </div>
   <div class='ocr_carea' id='block_1_21' title="bbox 424 2286 2008 2358">
    <p class='ocr_par' dir='ltr' id='par_1_21' title="bbox 424 2286 2008 2358">
     <span class='ocr_line' id='line_1_21' title="bbox 424 2286 2008 2358; baseline 0.001 -17"><span class='ocrx_word' id='word_1_179' title='bbox 424 2286 479 2341; x_wconf 53' lang='lat' dir='ltr'><strong>in</strong></span> <span class='ocrx_word' id='word_1_180' title='bbox 508 2302 669 2356; x_wconf 85' lang='lat' dir='ltr'><strong>opere</strong></span> <span class='ocrx_word' id='word_1_181' title='bbox 698 2288 858 2343; x_wconf 92' lang='lat' dir='ltr'><strong>bono.</strong></span> <span class='ocrx_word' id='word_1_182' title='bbox 887 2287 955 2342; x_wconf 88' lang='lat' dir='ltr'><strong>Et</strong></span> <span class='ocrx_word' id='word_1_183' title='bbox 982 2295 1260 2358; x_wconf 89' lang='lat' dir='ltr'><strong>propterea</strong></span> <span class='ocrx_word' id='word_1_184' title='bbox 1287 2287 1408 2358; x_wconf 90' lang='lat' dir='ltr'><strong>quia</strong></span> <span class='ocrx_word' id='word_1_185' title='bbox 1435 2301 1622 2343; x_wconf 89' lang='lat' dir='ltr'><strong>omnes</strong></span> <span class='ocrx_word' id='word_1_186' title='bbox 1666 2286 1914 2343; x_wconf 85' lang='lat' dir='ltr'><strong>laborant</strong></span> <span class='ocrx_word' id='word_1_187' title='bbox 1956 2288 2008 2343; x_wconf 90' lang='lat' dir='ltr'><strong>in</strong></span> 
     </span>
    </p>
   </div>
   <div class='ocr_carea' id='block_1_22' title="bbox 422 2381 2008 2455">
    <p class='ocr_par' dir='ltr' id='par_1_22' title="bbox 422 2381 2008 2455">
     <span class='ocr_line' id='line_1_22' title="bbox 422 2381 2008 2455; baseline 0.002 -19"><span class='ocrx_word' id='word_1_188' title='bbox 422 2382 725 2449; x_wconf 90' lang='lat' dir='ltr'><strong>mendacio,</strong></span> <span class='ocrx_word' id='word_1_189' title='bbox 759 2381 965 2438; x_wconf 81' lang='lat' dir='ltr'><strong>Veritas</strong></span> <span class='ocrx_word' id='word_1_190' title='bbox 991 2382 1117 2455; x_wconf 91' lang='lat' dir='ltr'><strong>quid</strong></span> <span class='ocrx_word' id='word_1_191' title='bbox 1147 2383 1436 2439; x_wconf 88' lang='lat' dir='ltr'><strong>clamavit?</strong></span> <span class='ocrx_word' id='word_1_192' title='bbox 1470 2382 1644 2439; x_wconf 83' lang='lat' dir='ltr'><strong>Venite</strong></span> <span class='ocrx_word' id='word_1_193' title='bbox 1672 2384 1739 2438; x_wconf 89' lang='lat' dir='ltr'><strong>ad</strong></span> <span class='ocrx_word' id='word_1_194' title='bbox 1767 2402 1866 2452; x_wconf 88' lang='lat' dir='ltr'><strong>me,</strong></span> <span class='ocrx_word' id='word_1_195' title='bbox 1896 2401 2008 2439; x_wconf 91' lang='lat' dir='ltr'><strong>om-</strong></span> 
     </span>
    </p>
   </div>
   <div class='ocr_carea' id='block_1_23' title="bbox 421 2472 2010 2546">
    <p class='ocr_par' dir='ltr' id='par_1_23' title="bbox 421 2472 2010 2546">
     <span class='ocr_line' id='line_1_23' title="bbox 421 2472 2010 2546; baseline 0.004 -22"><span class='ocrx_word' id='word_1_196' title='bbox 421 2486 510 2525; x_wconf 79' lang='lat' dir='ltr'><strong>nes</strong></span> <span class='ocrx_word' id='word_1_197' title='bbox 551 2472 637 2539; x_wconf 87' lang='lat' dir='ltr'><strong>qui</strong></span> <span class='ocrx_word' id='word_1_198' title='bbox 679 2472 915 2527; x_wconf 84' lang='lat' dir='ltr'><strong>laboratis</strong></span> <span class='ocrx_word' id='word_1_199' title='bbox 961 2482 1010 2529; x_wconf 88' lang='lat' dir='ltr'><strong>et</strong></span> <span class='ocrx_word' id='word_1_200' title='bbox 1056 2474 1249 2528; x_wconf 86' lang='lat' dir='ltr'><strong>onerati</strong></span> <span class='ocrx_word' id='word_1_201' title='bbox 1274 2475 1390 2528; x_wconf 90' lang='lat' dir='ltr'><strong>estis</strong></span> <span class='ocrx_word' id='word_1_202' title='bbox 1414 2514 1429 2541; x_wconf 92' lang='lat'><strong>,</strong></span> <span class='ocrx_word' id='word_1_203' title='bbox 1462 2483 1509 2528; x_wconf 86' lang='lat' dir='ltr'><strong>et</strong></span> <span class='ocrx_word' id='word_1_204' title='bbox 1537 2491 1628 2546; x_wconf 86' lang='lat' dir='ltr'><strong>ego</strong></span> <span class='ocrx_word' id='word_1_205' title='bbox 1670 2476 1895 2544; x_wconf 78' lang='lat' dir='ltr'><strong>reﬁciam</strong></span> <span class='ocrx_word' id='word_1_206' title='bbox 1923 2493 2010 2531; x_wconf 87' lang='lat' dir='ltr'><strong>vos</strong></span> 
     </span>
    </p>
   </div>
   <div class='ocr_carea' id='block_1_24' title="bbox 422 2561 2009 2637">
    <p class='ocr_par' dir='ltr' id='par_1_24' title="bbox 422 2561 2009 2637">
     <span class='ocr_line' id='line_1_24' title="bbox 422 2561 2009 2637; baseline 0.004 -22"><span class='ocrx_word' id='word_1_207' title='bbox 422 2561 635 2632; x_wconf 81' lang='lat' dir='ltr'><strong>(Matth.</strong></span> <span class='ocrx_word' id='word_1_208' title='bbox 683 2581 735 2619; x_wconf 73' lang='grc' dir='ltr'><strong>χι</strong></span> <span class='ocrx_word' id='word_1_209' title='bbox 760 2606 774 2631; x_wconf 91' lang='grc'><em>,</em></span> <span class='ocrx_word' id='word_1_210' title='bbox 805 2564 922 2637; x_wconf 75' lang='grc'><strong>28).</strong></span> <span class='ocrx_word' id='word_1_211' title='bbox 968 2566 1085 2637; x_wconf 89' lang='lat' dir='ltr'><strong>Ipsa</strong></span> <span class='ocrx_word' id='word_1_212' title='bbox 1114 2575 1198 2622; x_wconf 88' lang='lat' dir='ltr'><strong>est</strong></span> <span class='ocrx_word' id='word_1_213' title='bbox 1222 2581 1322 2622; x_wconf 81' lang='lat' dir='ltr'><strong>vox</strong></span> <span class='ocrx_word' id='word_1_214' title='bbox 1350 2566 1585 2622; x_wconf 89' lang='lat' dir='ltr'><strong>clamans</strong></span> <span class='ocrx_word' id='word_1_215' title='bbox 1610 2566 1677 2622; x_wconf 85' lang='lat' dir='ltr'><strong>ad</strong></span> <span class='ocrx_word' id='word_1_216' title='bbox 1706 2568 2009 2623; x_wconf 88' lang='lat' dir='ltr'><strong>laborantes</strong></span> 
     </span>
    </p>
   </div>
   <div class='ocr_carea' id='block_1_25' title="bbox 419 2655 2010 2732">
    <p class='ocr_par' dir='ltr' id='par_1_25' title="bbox 419 2655 2010 2732">
     <span class='ocr_line' id='line_1_25' title="bbox 419 2655 2010 2732; baseline 0.003 -23"><span class='ocrx_word' id='word_1_217' title='bbox 419 2656 476 2710; x_wconf 80' lang='lat' dir='ltr'><strong>in</strong></span> <span class='ocrx_word' id='word_1_218' title='bbox 505 2655 610 2711; x_wconf 88' lang='lat' dir='ltr'><strong>alio</strong></span> <span class='ocrx_word' id='word_1_219' title='bbox 638 2658 840 2728; x_wconf 88' lang='lat' dir='ltr'><strong>psalmo</strong></span> <span class='ocrx_word' id='word_1_220' title='bbox 873 2676 885 2710; x_wconf 90' lang='lat'><strong>:</strong></span> <span class='ocrx_word' id='word_1_221' title='bbox 921 2656 1045 2714; x_wconf 84' lang='lat' dir='ltr'><strong>Filii</strong></span> <span class='ocrx_word' id='word_1_222' title='bbox 1087 2659 1344 2715; x_wconf 84' lang='lat' dir='ltr'><strong>hominum</strong></span> <span class='ocrx_word' id='word_1_223' title='bbox 1368 2676 1622 2731; x_wconf 83' lang='lat' dir='ltr'><strong>usquequo</strong></span> <span class='ocrx_word' id='word_1_224' title='bbox 1648 2661 1789 2732; x_wconf 80' lang='lat' dir='ltr'><strong>gravi</strong></span> <span class='ocrx_word' id='word_1_225' title='bbox 1817 2660 1966 2714; x_wconf 87' lang='lat' dir='ltr'><strong>corde</strong></span> <span class='ocrx_word' id='word_1_226' title='bbox 1984 2661 2010 2714; x_wconf 85' lang='lat'><strong><em>?</em></strong></span> 
     </span>
    </p>
   </div>
   <div class='ocr_carea' id='block_1_26' title="bbox 419 2748 2064 2827">
    <p class='ocr_par' dir='ltr' id='par_1_26' title="bbox 419 2748 2064 2827">
     <span class='ocr_line' id='line_1_26' title="bbox 419 2748 2064 2827; baseline 0.002 -27"><span class='ocrx_word' id='word_1_227' title='bbox 419 2748 600 2817; x_wconf 81' lang='lat' dir='ltr'><strong>utquid</strong></span> <span class='ocrx_word' id='word_1_228' title='bbox 629 2749 837 2821; x_wconf 76' lang='lat' dir='ltr'><strong>diligitis</strong></span> <span class='ocrx_word' id='word_1_229' title='bbox 860 2750 1147 2820; x_wconf 82' lang='lat' dir='ltr'><strong>vanitatem,</strong></span> <span class='ocrx_word' id='word_1_230' title='bbox 1175 2761 1221 2806; x_wconf 91' lang='lat' dir='ltr'><strong>ct</strong></span> <span class='ocrx_word' id='word_1_231' title='bbox 1244 2752 1465 2823; x_wconf 62' lang='lat' dir='ltr'><strong>quaeritis</strong></span> <span class='ocrx_word' id='word_1_232' title='bbox 1492 2750 1805 2806; x_wconf 78' lang='lat' dir='ltr'><strong>mendacium</strong></span> <span class='ocrx_word' id='word_1_233' title='bbox 1835 2749 2005 2822; x_wconf 87' lang='lat' dir='ltr'><strong>(Psal.</strong></span> <span class='ocrx_word' id='word_1_234' title='bbox 2060 2823 2064 2827; x_wconf 24' lang='lat'>&#39;</span> 
     </span>
    </p>
   </div>
   <div class='ocr_carea' id='block_1_27' title="bbox 421 2838 2005 2911">
    <p class='ocr_par' dir='ltr' id='par_1_27' title="bbox 421 2838 2005 2911">
     <span class='ocr_line' id='line_1_27' title="bbox 421 2838 2005 2911; baseline 0.001 -17"><span class='ocrx_word' id='word_1_235' title='bbox 421 2853 477 2894; x_wconf 75' lang='grc' dir='ltr'><strong>ιν</strong></span> <span class='ocrx_word' id='word_1_236' title='bbox 499 2882 513 2905; x_wconf 91' lang='grc'><em>,</em></span> <span class='ocrx_word' id='word_1_237' title='bbox 547 2838 615 2910; x_wconf 79' lang='lat'><strong>&#39;5)</strong></span> <span class='ocrx_word' id='word_1_238' title='bbox 639 2840 663 2893; x_wconf 88' lang='lat'><strong>?</strong></span> <span class='ocrx_word' id='word_1_239' title='bbox 691 2844 887 2911; x_wconf 83' lang='lat' dir='ltr'><strong>Aperte</strong></span> <span class='ocrx_word' id='word_1_240' title='bbox 912 2843 1032 2897; x_wconf 91' lang='lat' dir='ltr'><strong>audi</strong></span> <span class='ocrx_word' id='word_1_241' title='bbox 1063 2844 1167 2897; x_wconf 91' lang='lat' dir='ltr'><strong>alio</strong></span> <span class='ocrx_word' id='word_1_242' title='bbox 1193 2844 1311 2899; x_wconf 86' lang='lat' dir='ltr'><strong>loco</strong></span> <span class='ocrx_word' id='word_1_243' title='bbox 1338 2843 1574 2900; x_wconf 84' lang='lat' dir='ltr'><strong>laborem</strong></span> <span class='ocrx_word' id='word_1_244' title='bbox 1602 2844 1654 2898; x_wconf 91' lang='lat' dir='ltr'><strong>in</strong></span> <span class='ocrx_word' id='word_1_245' title='bbox 1684 2843 1959 2898; x_wconf 89' lang='lat' dir='ltr'><strong>mendacio</strong></span> <span class='ocrx_word' id='word_1_246' title='bbox 1990 2861 2005 2896; x_wconf 89' lang='lat'><strong>:</strong></span> 
     </span>
    </p>
   </div>
   <div class='ocr_carea' id='block_1_28' title="bbox 422 2925 2010 3005">
    <p class='ocr_par' dir='ltr' id='par_1_28' title="bbox 422 2925 2010 3005">
     <span class='ocr_line' id='line_1_28' title="bbox 422 2925 2010 3005; baseline 0.002 -22"><span class='ocrx_word' id='word_1_247' title='bbox 422 2925 715 2984; x_wconf 81' lang='lat' dir='ltr'><strong>Docuerunt</strong></span> <span class='ocrx_word' id='word_1_248' title='bbox 745 2932 942 3003; x_wconf 84' lang='lat' dir='ltr'><strong>linguas</strong></span> <span class='ocrx_word' id='word_1_249' title='bbox 958 2949 1078 2987; x_wconf 87' lang='lat' dir='ltr'><strong>suas</strong></span> <span class='ocrx_word' id='word_1_250' title='bbox 1103 2935 1237 3005; x_wconf 84' lang='lat' dir='ltr'><strong>loqui</strong></span> <span class='ocrx_word' id='word_1_251' title='bbox 1262 2935 1610 2998; x_wconf 88' lang='lat' dir='ltr'><strong>mendacium;</strong></span> <span class='ocrx_word' id='word_1_252' title='bbox 1628 2943 1679 2987; x_wconf 91' lang='lat' dir='ltr'><strong>ut</strong></span> <span class='ocrx_word' id='word_1_253' title='bbox 1702 2934 1870 3003; x_wconf 90' lang='lat' dir='ltr'><strong>inique</strong></span> <span class='ocrx_word' id='word_1_254' title='bbox 1893 2950 2010 3004; x_wconf 81' lang='lat' dir='ltr'><strong>age—</strong></span> 
     </span>
    </p>
   </div>
   <div class='ocr_carea' id='block_1_29' title="bbox 421 3022 2005 3099">
    <p class='ocr_par' dir='ltr' id='par_1_29' title="bbox 421 3022 2005 3099">
     <span class='ocr_line' id='line_1_29' title="bbox 421 3022 2005 3099; baseline 0.001 -22"><span class='ocrx_word' id='word_1_255' title='bbox 421 3031 532 3077; x_wconf 79' lang='lat' dir='ltr'><strong>rent</strong></span> <span class='ocrx_word' id='word_1_256' title='bbox 560 3022 907 3078; x_wconf 88' lang='lat' dir='ltr'><strong>laboraverunt</strong></span> <span class='ocrx_word' id='word_1_257' title='bbox 937 3022 1146 3096; x_wconf 84' lang='lat' dir='ltr'><strong>(Jerem.</strong></span> <span class='ocrx_word' id='word_1_258' title='bbox 1175 3041 1249 3093; x_wconf 71' lang='grc' dir='ltr'><strong>ιιι,</strong></span> <span class='ocrx_word' id='word_1_259' title='bbox 1270 3026 1347 3088; x_wconf 87' lang='lat'><strong>5).</strong></span> <span class='ocrx_word' id='word_1_260' title='bbox 1366 3026 1530 3099; x_wconf 83' lang='lat' dir='ltr'><strong>Caput</strong></span> <span class='ocrx_word' id='word_1_261' title='bbox 1554 3027 1789 3082; x_wconf 85' lang='lat' dir='ltr'><strong>circuitus</strong></span> <span class='ocrx_word' id='word_1_262' title='bbox 1812 3042 2005 3095; x_wconf 89' lang='lat' dir='ltr'><strong>eorum,</strong></span> 
     </span>
    </p>
   </div>
   <div class='ocr_carea' id='block_1_30' title="bbox 420 3114 2057 3190">
    <p class='ocr_par' dir='ltr' id='par_1_30' title="bbox 420 3114 2057 3190">
     <span class='ocr_line' id='line_1_30' title="bbox 420 3114 2057 3190; baseline -0.006 -20"><span class='ocrx_word' id='word_1_263' title='bbox 420 3114 565 3182; x_wconf 77' lang='lat' dir='ltr'><strong>labor</strong></span> <span class='ocrx_word' id='word_1_264' title='bbox 583 3114 833 3171; x_wconf 88' lang='lat' dir='ltr'><strong>labiorum</strong></span> <span class='ocrx_word' id='word_1_265' title='bbox 852 3118 1078 3189; x_wconf 79' lang='lat' dir='ltr'><strong>ipsorum</strong></span> <span class='ocrx_word' id='word_1_266' title='bbox 1099 3129 1225 3190; x_wconf 79' lang='lat' dir='ltr'><strong>teget</strong></span> <span class='ocrx_word' id='word_1_267' title='bbox 1244 3136 1348 3175; x_wconf 86' lang='lat' dir='ltr'><strong>eos.</strong></span> <span class='ocrx_word' id='word_1_268' title='bbox 2038 3126 2057 3169; x_wconf 50' lang='grc' dir='ltr'><strong>ί</strong></span> 
     </span>
    </p>
   </div>
   <div class='ocr_carea' id='block_1_31' title="bbox 494 3206 2009 3286">
    <p class='ocr_par' dir='ltr' id='par_1_31' title="bbox 494 3206 2009 3286">
     <span class='ocr_line' id='line_1_31' title="bbox 494 3206 2009 3286; baseline 0.006 -23"><span class='ocrx_word' id='word_1_269' title='bbox 494 3207 582 3263; x_wconf 73' lang='grc'><strong>14.</strong></span> <span class='ocrx_word' id='word_1_270' title='bbox 614 3206 765 3280; x_wconf 88' lang='lat' dir='ltr'><strong>[vers.</strong></span> <span class='ocrx_word' id='word_1_271' title='bbox 800 3208 911 3283; x_wconf 82' lang='lat' dir='ltr'><strong>ll.]</strong></span> <span class='ocrx_word' id='word_1_272' title='bbox 942 3209 1183 3267; x_wconf 87' lang='lat' dir='ltr'><strong>Decident</strong></span> <span class='ocrx_word' id='word_1_273' title='bbox 1223 3230 1378 3284; x_wconf 90' lang='lat' dir='ltr'><strong>supra</strong></span> <span class='ocrx_word' id='word_1_274' title='bbox 1404 3229 1489 3268; x_wconf 89' lang='lat' dir='ltr'><strong>eos</strong></span> <span class='ocrx_word' id='word_1_275' title='bbox 1516 3214 1754 3270; x_wconf 89' lang='lat' dir='ltr'><strong>carbones</strong></span> <span class='ocrx_word' id='word_1_276' title='bbox 1780 3215 1912 3286; x_wconf 89' lang='lat' dir='ltr'><strong>ignis</strong></span> <span class='ocrx_word' id='word_1_277' title='bbox 1956 3215 2009 3272; x_wconf 84' lang='lat' dir='ltr'><strong>iu</strong></span> 
     </span>
    </p>
   </div>
   <div class='ocr_carea' id='block_1_32' title="bbox 422 3299 2011 3373">
    <p class='ocr_par' dir='ltr' id='par_1_32' title="bbox 422 3299 2011 3373">
     <span class='ocr_line' id='line_1_32' title="bbox 422 3299 2011 3373; baseline 0.008 -25"><span class='ocrx_word' id='word_1_278' title='bbox 422 3304 557 3353; x_wconf 85' lang='lat' dir='ltr'><strong>terra</strong></span> <span class='ocrx_word' id='word_1_279' title='bbox 579 3340 594 3365; x_wconf 93' lang='lat'><strong>,</strong></span> <span class='ocrx_word' id='word_1_280' title='bbox 624 3306 669 3352; x_wconf 89' lang='lat' dir='ltr'><strong>et</strong></span> <span class='ocrx_word' id='word_1_281' title='bbox 697 3299 899 3371; x_wconf 87' lang='lat' dir='ltr'><strong>dejicies</strong></span> <span class='ocrx_word' id='word_1_282' title='bbox 924 3317 1026 3356; x_wconf 88' lang='lat' dir='ltr'><strong>eos.</strong></span> <span class='ocrx_word' id='word_1_283' title='bbox 1054 3301 1187 3370; x_wconf 89' lang='lat' dir='ltr'><strong>Quid</strong></span> <span class='ocrx_word' id='word_1_284' title='bbox 1218 3311 1299 3357; x_wconf 91' lang='lat' dir='ltr'><strong>est</strong></span> <span class='ocrx_word' id='word_1_285' title='bbox 1323 3343 1337 3367; x_wconf 96' lang='lat'><strong>,</strong></span> <span class='ocrx_word' id='word_1_286' title='bbox 1364 3303 1418 3357; x_wconf 90' lang='lat' dir='ltr'><strong>in</strong></span> <span class='ocrx_word' id='word_1_287' title='bbox 1461 3303 1640 3358; x_wconf 84' lang='lat' dir='ltr'><strong>terra?</strong></span> <span class='ocrx_word' id='word_1_288' title='bbox 1668 3304 1763 3359; x_wconf 80' lang='lat' dir='ltr'><strong>Hic</strong></span> <span class='ocrx_word' id='word_1_289' title='bbox 1788 3345 1802 3373; x_wconf 93' lang='lat'><strong>,</strong></span> <span class='ocrx_word' id='word_1_290' title='bbox 1835 3304 2011 3361; x_wconf 89' lang='lat' dir='ltr'><strong>adhuc</strong></span> 
     </span>
    </p>
   </div>
   <div class='ocr_carea' id='block_1_33' title="bbox 420 3387 2009 3468">
    <p class='ocr_par' dir='ltr' id='par_1_33' title="bbox 420 3387 2009 3468">
     <span class='ocr_line' id='line_1_33' title="bbox 420 3387 2009 3468; baseline 0.006 -27"><span class='ocrx_word' id='word_1_291' title='bbox 420 3387 476 3441; x_wconf 87' lang='lat' dir='ltr'><strong>ln</strong></span> <span class='ocrx_word' id='word_1_292' title='bbox 503 3387 601 3444; x_wconf 89' lang='lat' dir='ltr'><strong>hac</strong></span> <span class='ocrx_word' id='word_1_293' title='bbox 626 3390 731 3445; x_wconf 86' lang='lat' dir='ltr'><strong>vita</strong></span> <span class='ocrx_word' id='word_1_294' title='bbox 758 3407 773 3457; x_wconf 89' lang='lat'><strong>;</strong></span> <span class='ocrx_word' id='word_1_295' title='bbox 808 3392 893 3447; x_wconf 88' lang='lat' dir='ltr'><strong>hic</strong></span> <span class='ocrx_word' id='word_1_296' title='bbox 915 3409 1070 3463; x_wconf 88' lang='lat' dir='ltr'><strong>supra</strong></span> <span class='ocrx_word' id='word_1_297' title='bbox 1098 3393 1213 3448; x_wconf 88' lang='lat' dir='ltr'><strong>illos</strong></span> <span class='ocrx_word' id='word_1_298' title='bbox 1243 3392 1470 3448; x_wconf 86' lang='lat' dir='ltr'><strong>decident</strong></span> <span class='ocrx_word' id='word_1_299' title='bbox 1496 3395 1735 3450; x_wconf 74' lang='lat' dir='ltr'><strong>carbones</strong></span> <span class='ocrx_word' id='word_1_300' title='bbox 1762 3396 1895 3468; x_wconf 81' lang='lat' dir='ltr'><strong>ignis</strong></span> <span class='ocrx_word' id='word_1_301' title='bbox 1920 3437 1934 3463; x_wconf 93' lang='lat'><strong>,</strong></span> <span class='ocrx_word' id='word_1_302' title='bbox 1963 3405 2009 3451; x_wconf 90' lang='lat' dir='ltr'><strong>et</strong></span> 
     </span>
    </p>
   </div>
   <div class='ocr_carea' id='block_1_34' title="bbox 421 3480 2010 3556">
    <p class='ocr_par' dir='ltr' id='par_1_34' title="bbox 421 3480 2010 3556">
     <span class='ocr_line' id='line_1_34' title="bbox 421 3480 2010 3556; baseline 0.005 -22"><span class='ocrx_word' id='word_1_303' title='bbox 421 3481 625 3553; x_wconf 87' lang='lat' dir='ltr'><strong>dejicies</strong></span> <span class='ocrx_word' id='word_1_304' title='bbox 640 3497 744 3535; x_wconf 90' lang='lat' dir='ltr'><strong>eos.</strong></span> <span class='ocrx_word' id='word_1_305' title='bbox 761 3480 861 3549; x_wconf 85' lang='lat' dir='ltr'><strong>Qui</strong></span> <span class='ocrx_word' id='word_1_306' title='bbox 885 3492 1006 3537; x_wconf 91' lang='lat' dir='ltr'><strong>sunt</strong></span> <span class='ocrx_word' id='word_1_307' title='bbox 1021 3485 1258 3540; x_wconf 87' lang='lat' dir='ltr'><strong>carbones</strong></span> <span class='ocrx_word' id='word_1_308' title='bbox 1281 3485 1448 3556; x_wconf 87' lang='lat' dir='ltr'><strong>ignis?</strong></span> <span class='ocrx_word' id='word_1_309' title='bbox 1464 3486 1716 3543; x_wconf 88' lang='lat' dir='ltr'><strong>Novimus</strong></span> <span class='ocrx_word' id='word_1_310' title='bbox 1745 3487 1874 3542; x_wconf 91' lang='lat' dir='ltr'><strong>istos</strong></span> <span class='ocrx_word' id='word_1_311' title='bbox 1891 3502 2010 3542; x_wconf 87' lang='lat' dir='ltr'><strong>car-</strong></span> 
     </span>
    </p>
   </div>
   <div class='ocr_carea' id='block_1_35' title="bbox 417 3570 2010 3649">
    <p class='ocr_par' dir='ltr' id='par_1_35' title="bbox 417 3570 2010 3649">
     <span class='ocr_line' id='line_1_35' title="bbox 417 3570 2010 3649; baseline 0.003 -19"><span class='ocrx_word' id='word_1_312' title='bbox 417 3570 607 3630; x_wconf 81' lang='lat' dir='ltr'><strong>bones.</strong></span> <span class='ocrx_word' id='word_1_313' title='bbox 636 3572 718 3628; x_wconf 86' lang='lat' dir='ltr'><strong>An</strong></span> <span class='ocrx_word' id='word_1_314' title='bbox 745 3572 834 3627; x_wconf 89' lang='lat' dir='ltr'><strong>alii</strong></span> <span class='ocrx_word' id='word_1_315' title='bbox 878 3585 1001 3629; x_wconf 89' lang='lat' dir='ltr'><strong>sunt</strong></span> <span class='ocrx_word' id='word_1_316' title='bbox 1031 3576 1114 3630; x_wconf 90' lang='lat' dir='ltr'><strong>isti</strong></span> <span class='ocrx_word' id='word_1_317' title='bbox 1140 3616 1154 3643; x_wconf 91' lang='lat'><strong>,</strong></span> <span class='ocrx_word' id='word_1_318' title='bbox 1186 3585 1239 3632; x_wconf 92' lang='lat' dir='ltr'><strong>et</strong></span> <span class='ocrx_word' id='word_1_319' title='bbox 1264 3576 1355 3632; x_wconf 91' lang='lat' dir='ltr'><strong>alii</strong></span> <span class='ocrx_word' id='word_1_320' title='bbox 1384 3578 1461 3632; x_wconf 88' lang='lat' dir='ltr'><strong>illi</strong></span> <span class='ocrx_word' id='word_1_321' title='bbox 1507 3578 1572 3633; x_wconf 90' lang='lat' dir='ltr'><strong>de</strong></span> <span class='ocrx_word' id='word_1_322' title='bbox 1599 3580 1789 3649; x_wconf 89' lang='lat' dir='ltr'><strong>quibus</strong></span> <span class='ocrx_word' id='word_1_323' title='bbox 1816 3580 2010 3635; x_wconf 86' lang='lat' dir='ltr'><strong>dicturi</strong></span> 
     </span>
    </p>
   </div>
   <div class='ocr_carea' id='block_1_36' title="bbox 419 3664 2009 3740">
    <p class='ocr_par' dir='ltr' id='par_1_36' title="bbox 419 3664 2009 3740">
     <span class='ocr_line' id='line_1_36' title="bbox 419 3664 2009 3740; baseline 0.002 -17"><span class='ocrx_word' id='word_1_324' title='bbox 419 3666 648 3723; x_wconf 84' lang='lat' dir='ltr'><strong>sumus?</strong></span> <span class='ocrx_word' id='word_1_325' title='bbox 677 3664 810 3723; x_wconf 81' lang='lat' dir='ltr'><strong>istos</strong></span> <span class='ocrx_word' id='word_1_326' title='bbox 835 3666 981 3723; x_wconf 90' lang='lat' dir='ltr'><strong>enim</strong></span> <span class='ocrx_word' id='word_1_327' title='bbox 1004 3666 1159 3724; x_wconf 89' lang='lat' dir='ltr'><strong>video</strong></span> <span class='ocrx_word' id='word_1_328' title='bbox 1183 3669 1249 3725; x_wconf 92' lang='lat' dir='ltr'><strong>ad</strong></span> <span class='ocrx_word' id='word_1_329' title='bbox 1276 3684 1487 3740; x_wconf 85' lang='lat' dir='ltr'><strong>poenam</strong></span> <span class='ocrx_word' id='word_1_330' title='bbox 1515 3670 1730 3737; x_wconf 89' lang='lat' dir='ltr'><strong>valere;</strong></span> <span class='ocrx_word' id='word_1_331' title='bbox 1765 3672 1883 3726; x_wconf 91' lang='lat' dir='ltr'><strong>illos</strong></span> <span class='ocrx_word' id='word_1_332' title='bbox 1911 3687 2009 3726; x_wconf 88' lang='lat' dir='ltr'><strong>au-</strong></span> 
     </span>
    </p>
   </div>
   <div class='ocr_carea' id='block_1_37' title="bbox 418 3758 2009 3829">
    <p class='ocr_par' dir='ltr' id='par_1_37' title="bbox 418 3758 2009 3829">
     <span class='ocr_line' id='line_1_37' title="bbox 418 3758 2009 3829; baseline 0.004 -17"><span class='ocrx_word' id='word_1_333' title='bbox 418 3758 529 3813; x_wconf 78' lang='lat' dir='ltr'><strong>tem</strong></span> <span class='ocrx_word' id='word_1_334' title='bbox 557 3772 690 3829; x_wconf 88' lang='lat' dir='ltr'><strong>quos</strong></span> <span class='ocrx_word' id='word_1_335' title='bbox 715 3767 1230 3823; x_wconf 84' lang='lat' dir='ltr'><strong>commemoraturus</strong></span> <span class='ocrx_word' id='word_1_336' title='bbox 1256 3776 1398 3829; x_wconf 91' lang='lat' dir='ltr'><strong>sum,</strong></span> <span class='ocrx_word' id='word_1_337' title='bbox 1428 3761 1494 3818; x_wconf 90' lang='lat' dir='ltr'><strong>ad</strong></span> <span class='ocrx_word' id='word_1_338' title='bbox 1523 3762 1769 3818; x_wconf 87' lang='lat' dir='ltr'><strong>salutem.</strong></span> <span class='ocrx_word' id='word_1_339' title='bbox 1800 3763 2009 3819; x_wconf 89' lang='lat' dir='ltr'><strong>Dictum</strong></span> 
     </span>
    </p>
   </div>
   <div class='ocr_carea' id='block_1_38' title="bbox 418 3848 2008 3924">
    <p class='ocr_par' dir='ltr' id='par_1_38' title="bbox 418 3848 2008 3924">
     <span class='ocr_line' id='line_1_38' title="bbox 418 3848 2008 3924; baseline 0.004 -21"><span class='ocrx_word' id='word_1_340' title='bbox 418 3854 505 3903; x_wconf 84' lang='lat' dir='ltr'><strong>est</strong></span> <span class='ocrx_word' id='word_1_341' title='bbox 528 3849 669 3904; x_wconf 91' lang='lat' dir='ltr'><strong>enim</strong></span> <span class='ocrx_word' id='word_1_342' title='bbox 697 3848 764 3905; x_wconf 88' lang='lat' dir='ltr'><strong>de</strong></span> <span class='ocrx_word' id='word_1_343' title='bbox 788 3849 1102 3922; x_wconf 88' lang='lat' dir='ltr'><strong>quibusdam</strong></span> <span class='ocrx_word' id='word_1_344' title='bbox 1132 3852 1452 3909; x_wconf 86' lang='lat' dir='ltr'><strong>carbonibus</strong></span> <span class='ocrx_word' id='word_1_345' title='bbox 1476 3895 1491 3921; x_wconf 91' lang='lat'><strong>,</strong></span> <span class='ocrx_word' id='word_1_346' title='bbox 1520 3868 1641 3909; x_wconf 91' lang='lat' dir='ltr'><strong>cum</strong></span> <span class='ocrx_word' id='word_1_347' title='bbox 1667 3852 1827 3910; x_wconf 91' lang='lat' dir='ltr'><strong>homo</strong></span> <span class='ocrx_word' id='word_1_348' title='bbox 1858 3864 2008 3924; x_wconf 88' lang='lat' dir='ltr'><strong>pete-</strong></span> 
     </span>
    </p>
   </div>
   <div class='ocr_carea' id='block_1_39' title="bbox 418 3942 2014 4017">
    <p class='ocr_par' dir='ltr' id='par_1_39' title="bbox 418 3942 2014 4017">
     <span class='ocr_line' id='line_1_39' title="bbox 418 3942 2014 4017; baseline 0 -17"><span class='ocrx_word' id='word_1_349' title='bbox 418 3950 505 4000; x_wconf 77' lang='lat' dir='ltr'><strong>ret</strong></span> <span class='ocrx_word' id='word_1_350' title='bbox 527 3942 808 4001; x_wconf 85' lang='lat' dir='ltr'><strong>adversum</strong></span> <span class='ocrx_word' id='word_1_351' title='bbox 831 3944 1064 4017; x_wconf 80' lang='lat' dir='ltr'><strong>linguam</strong></span> <span class='ocrx_word' id='word_1_352' title='bbox 1089 3944 1365 4002; x_wconf 86' lang='lat' dir='ltr'><strong>subdolam</strong></span> <span class='ocrx_word' id='word_1_353' title='bbox 1390 3945 1680 4001; x_wconf 82' lang='lat' dir='ltr'><strong>auxilium:</strong></span> <span class='ocrx_word' id='word_1_354' title='bbox 1706 3945 1840 4013; x_wconf 84' lang='lat' dir='ltr'><strong>Quid</strong></span> <span class='ocrx_word' id='word_1_355' title='bbox 1866 3946 2014 4000; x_wconf 83' lang='lat' dir='ltr'><strong>detur</strong></span> 
     </span>
    </p>
   </div>
   <div class='ocr_carea' id='block_1_40' title="bbox 420 4034 2011 4109">
    <p class='ocr_par' dir='ltr' id='par_1_40' title="bbox 420 4034 2011 4109">
     <span class='ocr_line' id='line_1_40' title="bbox 420 4034 2011 4109; baseline 0.001 -20"><span class='ocrx_word' id='word_1_356' title='bbox 420 4034 529 4100; x_wconf 77' lang='lat' dir='ltr'><strong>tibi,</strong></span> <span class='ocrx_word' id='word_1_357' title='bbox 561 4044 648 4089; x_wconf 85' lang='lat' dir='ltr'><strong>aut</strong></span> <span class='ocrx_word' id='word_1_358' title='bbox 670 4035 790 4107; x_wconf 86' lang='lat' dir='ltr'><strong>quid</strong></span> <span class='ocrx_word' id='word_1_359' title='bbox 819 4034 1088 4107; x_wconf 85' lang='lat' dir='ltr'><strong>adjicietur</strong></span> <span class='ocrx_word' id='word_1_360' title='bbox 1114 4037 1200 4091; x_wconf 87' lang='lat' dir='ltr'><strong>tibi</strong></span> <span class='ocrx_word' id='word_1_361' title='bbox 1227 4037 1295 4091; x_wconf 90' lang='lat' dir='ltr'><strong>ad</strong></span> <span class='ocrx_word' id='word_1_362' title='bbox 1319 4038 1545 4109; x_wconf 87' lang='lat' dir='ltr'><strong>linguam</strong></span> <span class='ocrx_word' id='word_1_363' title='bbox 1566 4036 1876 4091; x_wconf 84' lang='lat' dir='ltr'><strong>subdolam?</strong></span> <span class='ocrx_word' id='word_1_364' title='bbox 1906 4035 2011 4093; x_wconf 80' lang='lat' dir='ltr'><strong>Sa-</strong></span> 
     </span>
    </p>
   </div>
   <div class='ocr_carea' id='block_1_41' title="bbox 424 4126 2009 4201">
    <p class='ocr_par' dir='ltr' id='par_1_41' title="bbox 424 4126 2009 4201">
     <span class='ocr_line' id='line_1_41' title="bbox 424 4126 2009 4201; baseline 0.005 -23"><span class='ocrx_word' id='word_1_365' title='bbox 424 4126 563 4197; x_wconf 68' lang='lat' dir='ltr'><strong>gitti:</strong></span> <span class='ocrx_word' id='word_1_366' title='bbox 590 4126 804 4197; x_wconf 86' lang='lat' dir='ltr'><strong>potentis</strong></span> <span class='ocrx_word' id='word_1_367' title='bbox 827 4139 992 4183; x_wconf 74' lang='lat' dir='ltr'><strong>acutae</strong></span> <span class='ocrx_word' id='word_1_368' title='bbox 1012 4170 1027 4196; x_wconf 92' lang='lat'><strong>,</strong></span> <span class='ocrx_word' id='word_1_369' title='bbox 1059 4144 1174 4183; x_wconf 90' lang='lat' dir='ltr'><strong>cum</strong></span> <span class='ocrx_word' id='word_1_370' title='bbox 1208 4128 1501 4184; x_wconf 84' lang='lat' dir='ltr'><strong>carbonibus</strong></span> <span class='ocrx_word' id='word_1_371' title='bbox 1528 4130 1809 4185; x_wconf 83' lang='lat' dir='ltr'><strong>vastatoriis</strong></span> <span class='ocrx_word' id='word_1_372' title='bbox 1836 4128 2009 4201; x_wconf 87' lang='lat' dir='ltr'><strong>(Psal.</strong></span> 
     </span>
    </p>
   </div>
   <div class='ocr_carea' id='block_1_42' title="bbox 422 4218 2014 4293">
    <p class='ocr_par' dir='ltr' id='par_1_42' title="bbox 422 4218 2014 4293">
     <span class='ocr_line' id='line_1_42' title="bbox 422 4218 2014 4293; baseline 0.003 -19"><span class='ocrx_word' id='word_1_373' title='bbox 422 4232 544 4274; x_wconf 83' lang='lat' dir='ltr'><strong>cxtx</strong></span> <span class='ocrx_word' id='word_1_374' title='bbox 571 4258 585 4284; x_wconf 92' lang='lat'><strong>,</strong></span> <span class='ocrx_word' id='word_1_375' title='bbox 617 4220 651 4274; x_wconf 81' lang='grc'><strong>5</strong></span> <span class='ocrx_word' id='word_1_376' title='bbox 674 4262 690 4287; x_wconf 88' lang='grc'><em>,</em></span> <span class='ocrx_word' id='word_1_377' title='bbox 721 4218 775 4292; x_wconf 70' lang='grc'><strong>4)</strong></span> <span class='ocrx_word' id='word_1_378' title='bbox 810 4239 823 4275; x_wconf 88' lang='lat'><strong>:</strong></span> <span class='ocrx_word' id='word_1_379' title='bbox 855 4220 906 4277; x_wconf 92' lang='lat' dir='ltr'><strong>id</strong></span> <span class='ocrx_word' id='word_1_380' title='bbox 932 4230 1054 4290; x_wconf 90' lang='lat' dir='ltr'><strong>est,</strong></span> <span class='ocrx_word' id='word_1_381' title='bbox 1085 4221 1246 4278; x_wconf 88' lang='lat' dir='ltr'><strong>verba</strong></span> <span class='ocrx_word' id='word_1_382' title='bbox 1272 4222 1365 4277; x_wconf 91' lang='lat' dir='ltr'><strong>Dei</strong></span> <span class='ocrx_word' id='word_1_383' title='bbox 1394 4238 1486 4279; x_wconf 90' lang='lat' dir='ltr'><strong>cor</strong></span> <span class='ocrx_word' id='word_1_384' title='bbox 1528 4221 1887 4293; x_wconf 85' lang='lat' dir='ltr'><strong>transﬁgentia</strong></span> <span class='ocrx_word' id='word_1_385' title='bbox 1913 4263 1930 4290; x_wconf 95' lang='lat'><strong>,</strong></span> <span class='ocrx_word' id='word_1_386' title='bbox 1959 4232 2014 4279; x_wconf 88' lang='lat' dir='ltr'><strong>et</strong></span> 
     </span>
    </p>
   </div>
   <div class='ocr_carea' id='block_1_43' title="bbox 426 4314 2018 4386">
    <p class='ocr_par' dir='ltr' id='par_1_43' title="bbox 426 4314 2018 4386">
     <span class='ocr_line' id='line_1_43' title="bbox 426 4314 2018 4386; baseline 0.003 -21"><span class='ocrx_word' id='word_1_387' title='bbox 426 4318 745 4367; x_wconf 78' lang='lat' dir='ltr'><strong>vetustatem</strong></span> <span class='ocrx_word' id='word_1_388' title='bbox 797 4314 1150 4383; x_wconf 88' lang='lat' dir='ltr'><strong>perimentia,</strong></span> <span class='ocrx_word' id='word_1_389' title='bbox 1204 4329 1548 4386; x_wconf 88' lang='lat' dir='ltr'><strong>amoremque</strong></span> <span class='ocrx_word' id='word_1_390' title='bbox 1597 4314 1904 4386; x_wconf 77' lang='lat' dir='ltr'><strong>gignentia;</strong></span> <span class='ocrx_word' id='word_1_391' title='bbox 1961 4324 2018 4370; x_wconf 79' lang='lat' dir='ltr'><strong>et</strong></span> 
     </span>
    </p>
   </div>
   <div class='ocr_carea' id='block_1_44' title="bbox 427 4402 2019 4477">
    <p class='ocr_par' dir='ltr' id='par_1_44' title="bbox 427 4402 2019 4477">
     <span class='ocr_line' id='line_1_44' title="bbox 427 4402 2019 4477; baseline 0.003 -19"><span class='ocrx_word' id='word_1_392' title='bbox 427 4402 669 4472; x_wconf 83' lang='lat' dir='ltr'><strong>exempla</strong></span> <span class='ocrx_word' id='word_1_393' title='bbox 696 4402 969 4459; x_wconf 90' lang='lat' dir='ltr'><strong>hominum</strong></span> <span class='ocrx_word' id='word_1_394' title='bbox 994 4408 1085 4477; x_wconf 90' lang='lat' dir='ltr'><strong>qui</strong></span> <span class='ocrx_word' id='word_1_395' title='bbox 1110 4408 1304 4463; x_wconf 89' lang='lat' dir='ltr'><strong>mortui</strong></span> <span class='ocrx_word' id='word_1_396' title='bbox 1330 4417 1476 4463; x_wconf 88' lang='lat' dir='ltr'><strong>erant</strong></span> <span class='ocrx_word' id='word_1_397' title='bbox 1505 4417 1560 4463; x_wconf 86' lang='lat' dir='ltr'><strong>et</strong></span> <span class='ocrx_word' id='word_1_398' title='bbox 1584 4408 1931 4475; x_wconf 85' lang='lat' dir='ltr'><strong>revixerunt,</strong></span> <span class='ocrx_word' id='word_1_399' title='bbox 1962 4416 2019 4464; x_wconf 82' lang='lat' dir='ltr'><strong>et</strong></span> 
     </span>
    </p>
   </div>
   <div class='ocr_carea' id='block_1_45' title="bbox 425 4494 2023 4566">
    <p class='ocr_par' dir='ltr' id='par_1_45' title="bbox 425 4494 2023 4566">
     <span class='ocr_line' id='line_1_45' title="bbox 425 4494 2023 4566; baseline 0.005 -17"><span class='ocrx_word' id='word_1_400' title='bbox 425 4494 565 4564; x_wconf 84' lang='lat' dir='ltr'><strong>nigri</strong></span> <span class='ocrx_word' id='word_1_401' title='bbox 611 4502 794 4562; x_wconf 89' lang='lat' dir='ltr'><strong>erant,</strong></span> <span class='ocrx_word' id='word_1_402' title='bbox 824 4504 879 4550; x_wconf 94' lang='lat' dir='ltr'><strong>et</strong></span> <span class='ocrx_word' id='word_1_403' title='bbox 905 4494 1162 4566; x_wconf 88' lang='lat' dir='ltr'><strong>fulgentes</strong></span> <span class='ocrx_word' id='word_1_404' title='bbox 1192 4496 1362 4553; x_wconf 77' lang='lat' dir='ltr'><strong>eﬁ‘ecti</strong></span> <span class='ocrx_word' id='word_1_405' title='bbox 1390 4508 1531 4554; x_wconf 86' lang='lat' dir='ltr'><strong>sunt.</strong></span> <span class='ocrx_word' id='word_1_406' title='bbox 1582 4499 1849 4556; x_wconf 88' lang='lat' dir='ltr'><strong>Carbones</strong></span> <span class='ocrx_word' id='word_1_407' title='bbox 1874 4500 2023 4557; x_wconf 29' lang='lat' dir='ltr'><strong>enim.</strong></span> 
     </span>
    </p>
   </div>
   <div class='ocr_carea' id='block_1_46' title="bbox 426 4583 2018 4652">
    <p class='ocr_par' dir='ltr' id='par_1_46' title="bbox 426 4583 2018 4652">
     <span class='ocr_line' id='line_1_46' title="bbox 426 4583 2018 4652; baseline 0.004 -14"><span class='ocrx_word' id='word_1_408' title='bbox 426 4583 668 4640; x_wconf 61' lang='lat' dir='ltr'><strong>tenebras</strong></span> <span class='ocrx_word' id='word_1_409' title='bbox 708 4591 871 4652; x_wconf 86' lang='lat' dir='ltr'><strong>sunt;</strong></span> <span class='ocrx_word' id='word_1_410' title='bbox 903 4585 1052 4641; x_wconf 88' lang='lat' dir='ltr'><strong>color</strong></span> <span class='ocrx_word' id='word_1_411' title='bbox 1077 4587 1291 4643; x_wconf 89' lang='lat' dir='ltr'><strong>iudicat.</strong></span> <span class='ocrx_word' id='word_1_412' title='bbox 1320 4587 1425 4644; x_wconf 88' lang='lat' dir='ltr'><strong>Sed</strong></span> <span class='ocrx_word' id='word_1_413' title='bbox 1454 4605 1573 4644; x_wconf 92' lang='lat' dir='ltr'><strong>cum</strong></span> <span class='ocrx_word' id='word_1_414' title='bbox 1602 4590 1666 4645; x_wconf 89' lang='lat' dir='ltr'><strong>ad</strong></span> <span class='ocrx_word' id='word_1_415' title='bbox 1698 4605 1791 4647; x_wconf 90' lang='lat' dir='ltr'><strong>eos</strong></span> <span class='ocrx_word' id='word_1_416' title='bbox 1834 4605 2018 4645; x_wconf 90' lang='lat' dir='ltr'><strong>acces-</strong></span> 
     </span>
    </p>
   </div>
   <div class='ocr_carea' id='block_1_47' title="bbox 432 4674 2019 4746">
    <p class='ocr_par' dir='ltr' id='par_1_47' title="bbox 432 4674 2019 4746">
     <span class='ocr_line' id='line_1_47' title="bbox 432 4674 2019 4746; baseline 0.004 -16"><span class='ocrx_word' id='word_1_417' title='bbox 432 4676 564 4731; x_wconf 85' lang='lat' dir='ltr'><strong>serit</strong></span> <span class='ocrx_word' id='word_1_418' title='bbox 589 4674 801 4732; x_wconf 85' lang='lat' dir='ltr'><strong>ﬁamma</strong></span> <span class='ocrx_word' id='word_1_419' title='bbox 827 4676 1121 4744; x_wconf 89' lang='lat' dir='ltr'><strong>charitatis,</strong></span> <span class='ocrx_word' id='word_1_420' title='bbox 1151 4687 1205 4734; x_wconf 88' lang='lat' dir='ltr'><strong>et</strong></span> <span class='ocrx_word' id='word_1_421' title='bbox 1234 4694 1298 4735; x_wconf 83' lang='lat' dir='ltr'><strong>ex</strong></span> <span class='ocrx_word' id='word_1_422' title='bbox 1328 4680 1551 4735; x_wconf 88' lang='lat' dir='ltr'><strong>mortuis</strong></span> <span class='ocrx_word' id='word_1_423' title='bbox 1579 4682 1888 4746; x_wconf 73' lang='lat' dir='ltr'><strong>revixerint,</strong></span> <span class='ocrx_word' id='word_1_424' title='bbox 1920 4697 2019 4737; x_wconf 86' lang='lat' dir='ltr'><strong>au-</strong></span> 
     </span>
    </p>
   </div>
   <div class='ocr_carea' id='block_1_48' title="bbox 435 4764 2017 4840">
    <p class='ocr_par' dir='ltr' id='par_1_48' title="bbox 435 4764 2017 4840">
     <span class='ocr_line' id='line_1_48' title="bbox 435 4764 2017 4840; baseline 0.005 -21"><span class='ocrx_word' id='word_1_425' title='bbox 435 4764 586 4821; x_wconf 78' lang='lat' dir='ltr'><strong>diant</strong></span> <span class='ocrx_word' id='word_1_426' title='bbox 626 4766 695 4824; x_wconf 90' lang='lat' dir='ltr'><strong>ab</strong></span> <span class='ocrx_word' id='word_1_427' title='bbox 720 4767 979 4839; x_wconf 87' lang='lat' dir='ltr'><strong>Apostolo</strong></span> <span class='ocrx_word' id='word_1_428' title='bbox 1010 4785 1025 4822; x_wconf 85' lang='lat'><strong>:</strong></span> <span class='ocrx_word' id='word_1_429' title='bbox 1059 4768 1253 4825; x_wconf 81' lang='lat' dir='ltr'><strong>Fuistis</strong></span> <span class='ocrx_word' id='word_1_430' title='bbox 1289 4769 1422 4823; x_wconf 88' lang='lat' dir='ltr'><strong>enim</strong></span> <span class='ocrx_word' id='word_1_431' title='bbox 1459 4769 1730 4838; x_wconf 83' lang='lat' dir='ltr'><strong>aliquando</strong></span> <span class='ocrx_word' id='word_1_432' title='bbox 1768 4772 1979 4827; x_wconf 72' lang='lat' dir='ltr'><strong>tenebrw</strong></span> <span class='ocrx_word' id='word_1_433' title='bbox 2001 4814 2017 4840; x_wconf 94' lang='lat'><strong>,</strong></span> 
     </span>
    </p>
   </div>
   <div class='ocr_carea' id='block_1_49' title="bbox 435 4860 2025 4935">
    <p class='ocr_par' dir='ltr' id='par_1_49' title="bbox 435 4860 2025 4935">
     <span class='ocr_line' id='line_1_49' title="bbox 435 4860 2025 4935; baseline 0.006 -22"><span class='ocrx_word' id='word_1_434' title='bbox 435 4875 570 4913; x_wconf 83' lang='lat' dir='ltr'><strong>nunc</strong></span> <span class='ocrx_word' id='word_1_435' title='bbox 596 4869 763 4916; x_wconf 85' lang='lat' dir='ltr'><strong>autem</strong></span> <span class='ocrx_word' id='word_1_436' title='bbox 782 4861 873 4917; x_wconf 83' lang='lat' dir='ltr'><strong>tua:</strong></span> <span class='ocrx_word' id='word_1_437' title='bbox 895 4862 947 4916; x_wconf 86' lang='lat' dir='ltr'><strong>in</strong></span> <span class='ocrx_word' id='word_1_438' title='bbox 977 4860 1191 4917; x_wconf 88' lang='lat' dir='ltr'><strong>Domino</strong></span> <span class='ocrx_word' id='word_1_439' title='bbox 1219 4861 1434 4935; x_wconf 84' lang='lat' dir='ltr'><strong>(Ep/tes.</strong></span> <span class='ocrx_word' id='word_1_440' title='bbox 1457 4879 1508 4929; x_wconf 92' lang='lat' dir='ltr'><strong>v,</strong></span> <span class='ocrx_word' id='word_1_441' title='bbox 1531 4861 1612 4934; x_wconf 91' lang='grc'><strong>8).</strong></span> <span class='ocrx_word' id='word_1_442' title='bbox 1634 4863 1735 4932; x_wconf 86' lang='lat' dir='ltr'><strong>Ipsi</strong></span> <span class='ocrx_word' id='word_1_443' title='bbox 1763 4874 1886 4919; x_wconf 86' lang='lat' dir='ltr'><strong>sunt</strong></span> <span class='ocrx_word' id='word_1_444' title='bbox 1905 4880 2025 4922; x_wconf 87' lang='lat' dir='ltr'><strong>car-</strong></span> 
     </span>
    </p>
   </div>
   <div class='ocr_carea' id='block_1_50' title="bbox 434 4942 2021 5029">
    <p class='ocr_par' dir='ltr' id='par_1_50' title="bbox 434 4942 2021 5029">
     <span class='ocr_line' id='line_1_50' title="bbox 434 4942 2021 5029; baseline 0.003 -18"><span class='ocrx_word' id='word_1_445' title='bbox 434 4942 625 5025; x_wconf 85' lang='lat' dir='ltr'><strong>bones,</strong></span> <span class='ocrx_word' id='word_1_446' title='bbox 659 4956 873 5027; x_wconf 84' lang='lat' dir='ltr'><strong>fratres,</strong></span> <span class='ocrx_word' id='word_1_447' title='bbox 904 4971 1038 5029; x_wconf 89' lang='lat' dir='ltr'><strong>quos</strong></span> <span class='ocrx_word' id='word_1_448' title='bbox 1067 4959 1356 5023; x_wconf 89' lang='lat' dir='ltr'><strong>intuemur,</strong></span> <span class='ocrx_word' id='word_1_449' title='bbox 1388 4957 1599 5029; x_wconf 88' lang='lat' dir='ltr'><strong>quando</strong></span> <span class='ocrx_word' id='word_1_450' title='bbox 1627 4959 1871 5015; x_wconf 91' lang='lat' dir='ltr'><strong>volumus</strong></span> <span class='ocrx_word' id='word_1_451' title='bbox 1898 4974 2021 5015; x_wconf 85' lang='lat' dir='ltr'><strong>mu-</strong></span> 
     </span>
    </p>
   </div>
   <div class='ocr_carea' id='block_1_51' title="bbox 434 5049 2023 5122">
    <p class='ocr_par' dir='ltr' id='par_1_51' title="bbox 434 5049 2023 5122">
     <span class='ocr_line' id='line_1_51' title="bbox 434 5049 2023 5122; baseline 0.001 -18"><span class='ocrx_word' id='word_1_452' title='bbox 434 5058 551 5106; x_wconf 89' lang='lat' dir='ltr'><strong>tare</strong></span> <span class='ocrx_word' id='word_1_453' title='bbox 577 5051 736 5105; x_wconf 90' lang='lat' dir='ltr'><strong>vitam</strong></span> <span class='ocrx_word' id='word_1_454' title='bbox 767 5049 1006 5105; x_wconf 82' lang='lat' dir='ltr'><strong>transﬁxi</strong></span> <span class='ocrx_word' id='word_1_455' title='bbox 1037 5051 1223 5122; x_wconf 87' lang='lat' dir='ltr'><strong>sagitta</strong></span> <span class='ocrx_word' id='word_1_456' title='bbox 1252 5050 1367 5117; x_wconf 90' lang='lat' dir='ltr'><strong>Dei,</strong></span> <span class='ocrx_word' id='word_1_457' title='bbox 1387 5059 1441 5105; x_wconf 91' lang='lat' dir='ltr'><strong>et</strong></span> <span class='ocrx_word' id='word_1_458' title='bbox 1467 5050 1761 5121; x_wconf 88' lang='lat' dir='ltr'><strong>impediunt</strong></span> <span class='ocrx_word' id='word_1_459' title='bbox 1784 5065 1882 5106; x_wconf 91' lang='lat' dir='ltr'><strong>nos</strong></span> <span class='ocrx_word' id='word_1_460' title='bbox 1911 5066 2023 5107; x_wconf 84' lang='lat' dir='ltr'><strong>ma-</strong></span> 
     </span>
    </p>
   </div>
   <div class='ocr_carea' id='block_1_52' title="bbox 430 5142 2019 5216">
    <p class='ocr_par' dir='ltr' id='par_1_52' title="bbox 430 5142 2019 5216">
     <span class='ocr_line' id='line_1_52' title="bbox 430 5142 2019 5216; baseline 0 -17"><span class='ocrx_word' id='word_1_461' title='bbox 430 5142 502 5199; x_wconf 79' lang='lat' dir='ltr'><strong>lte</strong></span> <span class='ocrx_word' id='word_1_462' title='bbox 525 5143 717 5215; x_wconf 72' lang='lat' dir='ltr'><strong>linguae</strong></span> <span class='ocrx_word' id='word_1_463' title='bbox 745 5144 1019 5200; x_wconf 91' lang='lat' dir='ltr'><strong>hominum</strong></span> <span class='ocrx_word' id='word_1_464' title='bbox 1046 5187 1062 5214; x_wconf 93' lang='lat'><strong>,</strong></span> <span class='ocrx_word' id='word_1_465' title='bbox 1093 5145 1161 5201; x_wconf 91' lang='lat' dir='ltr'><strong>de</strong></span> <span class='ocrx_word' id='word_1_466' title='bbox 1185 5145 1432 5216; x_wconf 91' lang='lat' dir='ltr'><strong>qualibus</strong></span> <span class='ocrx_word' id='word_1_467' title='bbox 1459 5144 1546 5200; x_wconf 89' lang='lat' dir='ltr'><strong>hic</strong></span> <span class='ocrx_word' id='word_1_468' title='bbox 1570 5144 1731 5200; x_wconf 91' lang='lat' dir='ltr'><strong>modo</strong></span> <span class='ocrx_word' id='word_1_469' title='bbox 1754 5145 2019 5216; x_wconf 90' lang='lat' dir='ltr'><strong>quereba-</strong></span> 
     </span>
    </p>
   </div>
   <div class='ocr_carea' id='block_1_53' title="bbox 431 5236 2022 5309">
    <p class='ocr_par' dir='ltr' id='par_1_53' title="bbox 431 5236 2022 5309">
     <span class='ocr_line' id='line_1_53' title="bbox 431 5236 2022 5309; baseline 0.002 -18"><span class='ocrx_word' id='word_1_470' title='bbox 431 5244 557 5303; x_wconf 84' lang='lat' dir='ltr'><strong>tur;</strong></span> <span class='ocrx_word' id='word_1_471' title='bbox 589 5244 643 5291; x_wconf 87' lang='lat' dir='ltr'><strong>et</strong></span> <span class='ocrx_word' id='word_1_472' title='bbox 667 5236 851 5293; x_wconf 91' lang='lat' dir='ltr'><strong>volunt</strong></span> <span class='ocrx_word' id='word_1_473' title='bbox 875 5237 1130 5293; x_wconf 79' lang='lat' dir='ltr'><strong>seducere</strong></span> <span class='ocrx_word' id='word_1_474' title='bbox 1158 5255 1189 5294; x_wconf 90' lang='lat' dir='ltr'><strong>a</strong></span> <span class='ocrx_word' id='word_1_475' title='bbox 1218 5240 1302 5294; x_wconf 88' lang='lat' dir='ltr'><strong>via</strong></span> <span class='ocrx_word' id='word_1_476' title='bbox 1327 5238 1566 5294; x_wconf 88' lang='lat' dir='ltr'><strong>veritatis</strong></span> <span class='ocrx_word' id='word_1_477' title='bbox 1590 5280 1604 5303; x_wconf 90' lang='lat'><strong>,</strong></span> <span class='ocrx_word' id='word_1_478' title='bbox 1633 5238 1911 5309; x_wconf 90' lang='lat' dir='ltr'><strong>potiusque</strong></span> <span class='ocrx_word' id='word_1_479' title='bbox 1935 5238 2022 5294; x_wconf 87' lang='lat' dir='ltr'><strong>in-</strong></span> 
     </span>
    </p>
   </div>
   <div class='ocr_carea' id='block_1_54' title="bbox 432 5329 2019 5402">
    <p class='ocr_par' dir='ltr' id='par_1_54' title="bbox 432 5329 2019 5402">
     <span class='ocr_line' id='line_1_54' title="bbox 432 5329 2019 5402; baseline -0.001 -15"><span class='ocrx_word' id='word_1_480' title='bbox 432 5331 632 5387; x_wconf 90' lang='lat' dir='ltr'><strong>ducere</strong></span> <span class='ocrx_word' id='word_1_481' title='bbox 655 5329 724 5385; x_wconf 89' lang='lat' dir='ltr'><strong>ad</strong></span> <span class='ocrx_word' id='word_1_482' title='bbox 766 5345 974 5387; x_wconf 88' lang='lat' dir='ltr'><strong>errores</strong></span> <span class='ocrx_word' id='word_1_483' title='bbox 1000 5346 1126 5387; x_wconf 92' lang='lat' dir='ltr'><strong>suos</strong></span> <span class='ocrx_word' id='word_1_484' title='bbox 1151 5373 1167 5396; x_wconf 92' lang='lat'><strong>,</strong></span> <span class='ocrx_word' id='word_1_485' title='bbox 1208 5339 1261 5387; x_wconf 92' lang='lat' dir='ltr'><strong>et</strong></span> <span class='ocrx_word' id='word_1_486' title='bbox 1289 5331 1467 5387; x_wconf 89' lang='lat' dir='ltr'><strong>dicere</strong></span> <span class='ocrx_word' id='word_1_487' title='bbox 1494 5331 1648 5387; x_wconf 90' lang='lat' dir='ltr'><strong>nobis</strong></span> <span class='ocrx_word' id='word_1_488' title='bbox 1675 5332 1797 5402; x_wconf 89' lang='lat' dir='ltr'><strong>quia</strong></span> <span class='ocrx_word' id='word_1_489' title='bbox 1823 5331 1866 5387; x_wconf 93' lang='lat' dir='ltr'><strong>si</strong></span> <span class='ocrx_word' id='word_1_490' title='bbox 1893 5346 2019 5401; x_wconf 90' lang='lat' dir='ltr'><strong>pro-</strong></span> 
     </span>
    </p>
   </div>
   <div class='ocr_carea' id='block_1_55' title="bbox 428 5420 2021 5490">
    <p class='ocr_par' dir='ltr' id='par_1_55' title="bbox 428 5420 2021 5490">
     <span class='ocr_line' id='line_1_55' title="bbox 428 5420 2021 5490; baseline -0.001 -11"><span class='ocrx_word' id='word_1_491' title='bbox 428 5421 558 5479; x_wconf 79' lang='lat' dir='ltr'><strong>fessi</strong></span> <span class='ocrx_word' id='word_1_492' title='bbox 590 5421 847 5478; x_wconf 81' lang='lat' dir='ltr'><strong>fuerimus</strong></span> <span class='ocrx_word' id='word_1_493' title='bbox 871 5462 887 5488; x_wconf 94' lang='lat'><strong>,</strong></span> <span class='ocrx_word' id='word_1_494' title='bbox 920 5436 1021 5475; x_wconf 89' lang='lat' dir='ltr'><strong>non</strong></span> <span class='ocrx_word' id='word_1_495' title='bbox 1052 5420 1407 5490; x_wconf 86' lang='lat' dir='ltr'><strong>implehimus.</strong></span> <span class='ocrx_word' id='word_1_496' title='bbox 1449 5422 1787 5477; x_wconf 86' lang='lat' dir='ltr'><strong>Attendimus</strong></span> <span class='ocrx_word' id='word_1_497' title='bbox 1828 5422 2021 5477; x_wconf 85' lang='lat' dir='ltr'><strong>carbo-</strong></span> 
     </span>
    </p>
   </div>
   <div class='ocr_carea' id='block_1_56' title="bbox 432 5511 2016 5582">
    <p class='ocr_par' dir='ltr' id='par_1_56' title="bbox 432 5511 2016 5582">
     <span class='ocr_line' id='line_1_56' title="bbox 432 5511 2016 5582; baseline -0.001 -12"><span class='ocrx_word' id='word_1_498' title='bbox 432 5529 530 5570; x_wconf 87' lang='lat' dir='ltr'><strong>nes</strong></span> <span class='ocrx_word' id='word_1_499' title='bbox 558 5514 701 5571; x_wconf 90' lang='lat' dir='ltr'><strong>illos.</strong></span> <span class='ocrx_word' id='word_1_500' title='bbox 728 5511 832 5581; x_wconf 90' lang='lat' dir='ltr'><strong>Qui</strong></span> <span class='ocrx_word' id='word_1_501' title='bbox 872 5520 988 5569; x_wconf 89' lang='lat' dir='ltr'><strong>erat</strong></span> <span class='ocrx_word' id='word_1_502' title='bbox 1015 5511 1130 5568; x_wconf 89' lang='lat' dir='ltr'><strong>heri</strong></span> <span class='ocrx_word' id='word_1_503' title='bbox 1160 5512 1401 5569; x_wconf 89' lang='lat' dir='ltr'><strong>ebriosus</strong></span> <span class='ocrx_word' id='word_1_504' title='bbox 1426 5555 1441 5582; x_wconf 95' lang='lat'><strong>,</strong></span> <span class='ocrx_word' id='word_1_505' title='bbox 1475 5512 1635 5569; x_wconf 89' lang='lat' dir='ltr'><strong>hodie</strong></span> <span class='ocrx_word' id='word_1_506' title='bbox 1664 5514 1871 5569; x_wconf 89' lang='lat' dir='ltr'><strong>sobrius</strong></span> <span class='ocrx_word' id='word_1_507' title='bbox 1897 5521 2016 5580; x_wconf 90' lang='lat' dir='ltr'><strong>est;</strong></span> 
     </span>
    </p>
   </div>
   <div class='ocr_carea' id='block_1_57' title="bbox 427 5602 2019 5690">
    <p class='ocr_par' dir='ltr' id='par_1_57' title="bbox 427 5602 2019 5690">
     <span class='ocr_line' id='line_1_57' title="bbox 427 5602 2019 5690; baseline 0 -30"><span class='ocrx_word' id='word_1_508' title='bbox 427 5607 521 5678; x_wconf 88' lang='lat' dir='ltr'><strong>qui</strong></span> <span class='ocrx_word' id='word_1_509' title='bbox 547 5616 662 5690; x_wconf 69' lang='lat' dir='ltr'><strong>qrat</strong></span> <span class='ocrx_word' id='word_1_510' title='bbox 686 5605 803 5662; x_wconf 87' lang='lat' dir='ltr'><strong>heri</strong></span> <span class='ocrx_word' id='word_1_511' title='bbox 830 5604 1039 5661; x_wconf 89' lang='lat' dir='ltr'><strong>adulter</strong></span> <span class='ocrx_word' id='word_1_512' title='bbox 1062 5646 1077 5671; x_wconf 90' lang='lat'><strong>,</strong></span> <span class='ocrx_word' id='word_1_513' title='bbox 1108 5602 1265 5659; x_wconf 86' lang='lat' dir='ltr'><strong>hodie</strong></span> <span class='ocrx_word' id='word_1_514' title='bbox 1291 5614 1469 5660; x_wconf 90' lang='lat' dir='ltr'><strong>castus</strong></span> <span class='ocrx_word' id='word_1_515' title='bbox 1498 5614 1619 5669; x_wconf 88' lang='lat' dir='ltr'><strong>est;</strong></span> <span class='ocrx_word' id='word_1_516' title='bbox 1648 5604 1736 5674; x_wconf 87' lang='lat' dir='ltr'><strong>qui</strong></span> <span class='ocrx_word' id='word_1_517' title='bbox 1763 5613 1877 5659; x_wconf 91' lang='lat' dir='ltr'><strong>erat</strong></span> <span class='ocrx_word' id='word_1_518' title='bbox 1902 5604 2019 5661; x_wconf 90' lang='lat' dir='ltr'><strong>heri</strong></span> 
     </span>
    </p>
   </div>
   <div class='ocr_carea' id='block_1_58' title="bbox 431 5694 2015 5769">
    <p class='ocr_par' dir='ltr' id='par_1_58' title="bbox 431 5694 2015 5769">
     <span class='ocr_line' id='line_1_58' title="bbox 431 5694 2015 5769; baseline -0.002 -15"><span class='ocrx_word' id='word_1_519' title='bbox 431 5708 636 5769; x_wconf 86' lang='lat' dir='ltr'><strong>raptor,</strong></span> <span class='ocrx_word' id='word_1_520' title='bbox 657 5697 815 5754; x_wconf 89' lang='lat' dir='ltr'><strong>hodie</strong></span> <span class='ocrx_word' id='word_1_521' title='bbox 840 5696 1090 5767; x_wconf 77' lang='lat' dir='ltr'><strong>largitor:</strong></span> <span class='ocrx_word' id='word_1_522' title='bbox 1110 5708 1297 5751; x_wconf 89' lang='lat' dir='ltr'><strong>omnes</strong></span> <span class='ocrx_word' id='word_1_523' title='bbox 1322 5694 1407 5750; x_wconf 89' lang='lat' dir='ltr'><strong>isti</strong></span> <span class='ocrx_word' id='word_1_524' title='bbox 1431 5695 1690 5750; x_wconf 81' lang='lat' dir='ltr'><strong>carbones</strong></span> <span class='ocrx_word' id='word_1_525' title='bbox 1718 5694 1852 5766; x_wconf 84' lang='lat' dir='ltr'><strong>ignis</strong></span> <span class='ocrx_word' id='word_1_526' title='bbox 1873 5704 2015 5751; x_wconf 85' lang='lat' dir='ltr'><strong>sunt.</strong></span> 
     </span>
    </p>
   </div>
   <div class='ocr_carea' id='block_1_59' title="bbox 430 5790 2017 5865">
    <p class='ocr_par' dir='ltr' id='par_1_59' title="bbox 430 5790 2017 5865">
     <span class='ocr_line' id='line_1_59' title="bbox 430 5790 2017 5865; baseline -0.003 -14"><span class='ocrx_word' id='word_1_527' title='bbox 430 5794 710 5851; x_wconf 84' lang='lat' dir='ltr'><strong>Accedunt</strong></span> <span class='ocrx_word' id='word_1_528' title='bbox 743 5795 984 5865; x_wconf 87' lang='lat' dir='ltr'><strong>exempla</strong></span> <span class='ocrx_word' id='word_1_529' title='bbox 1028 5792 1318 5850; x_wconf 88' lang='lat' dir='ltr'><strong>carbonum</strong></span> <span class='ocrx_word' id='word_1_530' title='bbox 1366 5790 1432 5847; x_wconf 92' lang='lat' dir='ltr'><strong>ad</strong></span> <span class='ocrx_word' id='word_1_531' title='bbox 1468 5790 1659 5846; x_wconf 86' lang='lat' dir='ltr'><strong>vulnus</strong></span> <span class='ocrx_word' id='word_1_532' title='bbox 1705 5790 2017 5860; x_wconf 87' lang='lat' dir='ltr'><strong>sagittarum</strong></span> 
     </span>
    </p>
   </div>
   <div class='ocr_carea' id='block_1_60' title="bbox 430 5884 2014 5958">
    <p class='ocr_par' dir='ltr' id='par_1_60' title="bbox 430 5884 2014 5958">
     <span class='ocr_line' id='line_1_60' title="bbox 430 5884 2014 5958; baseline 0.001 -16"><span class='ocrx_word' id='word_1_533' title='bbox 430 5888 568 5958; x_wconf 79' lang='lat' dir='ltr'><strong>(non</strong></span> <span class='ocrx_word' id='word_1_534' title='bbox 595 5887 735 5944; x_wconf 87' lang='lat' dir='ltr'><strong>enim</strong></span> <span class='ocrx_word' id='word_1_535' title='bbox 783 5888 999 5945; x_wconf 84' lang='lat' dir='ltr'><strong>timeam</strong></span> <span class='ocrx_word' id='word_1_536' title='bbox 1039 5887 1220 5945; x_wconf 86' lang='lat' dir='ltr'><strong>dicere</strong></span> <span class='ocrx_word' id='word_1_537' title='bbox 1258 5886 1445 5944; x_wconf 86' lang='lat' dir='ltr'><strong>vulnus</strong></span> <span class='ocrx_word' id='word_1_538' title='bbox 1470 5926 1485 5955; x_wconf 86' lang='lat'><strong>,</strong></span> <span class='ocrx_word' id='word_1_539' title='bbox 1518 5900 1640 5943; x_wconf 90' lang='lat' dir='ltr'><strong>cum</strong></span> <span class='ocrx_word' id='word_1_540' title='bbox 1681 5884 1876 5940; x_wconf 87' lang='lat' dir='ltr'><strong>clamet</strong></span> <span class='ocrx_word' id='word_1_541' title='bbox 1900 5884 2014 5955; x_wconf 86' lang='lat' dir='ltr'><strong>ipsa</strong></span> 
     </span>
    </p>
   </div>
   <div class='ocr_carea' id='block_1_61' title="bbox 1675 402 2472 468">
    <p class='ocr_par' dir='ltr' id='par_1_61' title="bbox 1675 402 2472 468">
     <span class='ocr_line' id='line_1_61' title="bbox 1675 402 2472 468; baseline -0.008 0"><span class='ocrx_word' id='word_1_542' title='bbox 1675 411 1729 468; x_wconf 91' lang='lat' dir='ltr'><strong>S.</strong></span> <span class='ocrx_word' id='word_1_543' title='bbox 1771 402 2134 467; x_wconf 80' lang='lat' dir='ltr'><strong>AUGUSTINI</strong></span> <span class='ocrx_word' id='word_1_544' title='bbox 2173 403 2472 465; x_wconf 82' lang='lat' dir='ltr'><strong>EPISCOPI</strong></span> 
     </span>
    </p>
   </div>
   <div class='ocr_carea' id='block_1_62' title="bbox 3578 405 3734 464">
    <p class='ocr_par' dir='ltr' id='par_1_62' title="bbox 3578 405 3734 464">
     <span class='ocr_line' id='line_1_62' title="bbox 3578 405 3734 464; baseline 0.013 -2"><span class='ocrx_word' id='word_1_545' title='bbox 3578 405 3734 464; x_wconf 70' lang='grc'><strong>1811</strong></span> 
     </span>
    </p>
   </div>
   <div class='ocr_carea' id='block_1_63' title="bbox 2132 522 3730 599">
    <p class='ocr_par' dir='ltr' id='par_1_63' title="bbox 2132 522 3730 599">
     <span class='ocr_line' id='line_1_63' title="bbox 2132 522 3730 599; baseline -0.004 -14"><span class='ocrx_word' id='word_1_546' title='bbox 2132 546 2324 599; x_wconf 90' lang='lat' dir='ltr'><strong>sponsa</strong></span> <span class='ocrx_word' id='word_1_547' title='bbox 2360 549 2371 587; x_wconf 78' lang='grc' dir='ltr'>ε</span> <span class='ocrx_word' id='word_1_548' title='bbox 2417 528 2689 584; x_wconf 86' lang='lat' dir='ltr'><strong>Vulnerata</strong></span> <span class='ocrx_word' id='word_1_549' title='bbox 2717 528 2961 583; x_wconf 81' lang='lat' dir='ltr'><strong>citaritate</strong></span> <span class='ocrx_word' id='word_1_550' title='bbox 2984 542 3074 599; x_wconf 90' lang='lat' dir='ltr'><strong>ego</strong></span> <span class='ocrx_word' id='word_1_551' title='bbox 3100 542 3209 582; x_wconf 87' lang='lat' dir='ltr'><strong>sum</strong></span> <span class='ocrx_word' id='word_1_552' title='bbox 3239 522 3407 599; x_wconf 88' lang='lat' dir='ltr'><strong>[Cant.</strong></span> <span class='ocrx_word' id='word_1_553' title='bbox 3439 537 3497 591; x_wconf 87' lang='lat' dir='ltr'><strong>tt,</strong></span> <span class='ocrx_word' id='word_1_554' title='bbox 3528 524 3584 587; x_wconf 86' lang='grc'><strong>5,</strong></span> <span class='ocrx_word' id='word_1_555' title='bbox 3617 540 3730 578; x_wconf 86' lang='lat' dir='ltr'><strong>sec.</strong></span> 
     </span>
    </p>
   </div>
   <div class='ocr_carea' id='block_1_64' title="bbox 2129 617 3731 696">
    <p class='ocr_par' dir='ltr' id='par_1_64' title="bbox 2129 617 3731 696">
     <span class='ocr_line' id='line_1_64' title="bbox 2129 617 3731 696; baseline -0.006 -16"><span class='ocrx_word' id='word_1_556' title='bbox 2129 624 2341 696; x_wconf 79' lang='lat' dir='ltr'><strong>LXX]),</strong></span> <span class='ocrx_word' id='word_1_557' title='bbox 2363 636 2415 681; x_wconf 92' lang='lat' dir='ltr'><strong>ct</strong></span> <span class='ocrx_word' id='word_1_558' title='bbox 2437 624 2494 679; x_wconf 87' lang='lat' dir='ltr'><strong>ﬁt</strong></span> <span class='ocrx_word' id='word_1_559' title='bbox 2518 624 2588 680; x_wconf 91' lang='lat' dir='ltr'><strong>ibi</strong></span> <span class='ocrx_word' id='word_1_560' title='bbox 2618 624 2842 680; x_wconf 89' lang='lat' dir='ltr'><strong>vastatio</strong></span> <span class='ocrx_word' id='word_1_561' title='bbox 2869 622 3004 686; x_wconf 87' lang='lat' dir='ltr'><strong>feni;</strong></span> <span class='ocrx_word' id='word_1_562' title='bbox 3033 629 3246 690; x_wconf 85' lang='lat' dir='ltr'><strong>prapter</strong></span> <span class='ocrx_word' id='word_1_563' title='bbox 3276 617 3419 689; x_wconf 92' lang='lat' dir='ltr'><strong>quod</strong></span> <span class='ocrx_word' id='word_1_564' title='bbox 3449 617 3731 673; x_wconf 75' lang='lat' dir='ltr'><strong>etdicun-</strong></span> 
     </span>
    </p>
   </div>
   <div class='ocr_carea' id='block_1_65' title="bbox 2129 708 3733 778">
    <p class='ocr_par' dir='ltr' id='par_1_65' title="bbox 2129 708 3733 778">
     <span class='ocr_line' id='line_1_65' title="bbox 2129 708 3733 778; baseline -0.006 -5"><span class='ocrx_word' id='word_1_565' title='bbox 2129 727 2215 773; x_wconf 87' lang='lat' dir='ltr'><strong>tur</strong></span> <span class='ocrx_word' id='word_1_566' title='bbox 2240 719 2499 772; x_wconf 89' lang='lat' dir='ltr'><strong>carbones</strong></span> <span class='ocrx_word' id='word_1_567' title='bbox 2541 716 2831 771; x_wconf 79' lang='lat' dir='ltr'><strong>vastatorii.</strong></span> <span class='ocrx_word' id='word_1_568' title='bbox 2864 713 3112 769; x_wconf 78' lang='lat' dir='ltr'><strong>Vastatur</strong></span> <span class='ocrx_word' id='word_1_569' title='bbox 3142 712 3319 767; x_wconf 84' lang='lat' dir='ltr'><strong>fenum</strong></span> <span class='ocrx_word' id='word_1_570' title='bbox 3344 752 3359 774; x_wconf 91' lang='lat'><strong>,</strong></span> <span class='ocrx_word' id='word_1_571' title='bbox 3391 708 3487 764; x_wconf 86' lang='lat' dir='ltr'><strong>sed</strong></span> <span class='ocrx_word' id='word_1_572' title='bbox 3518 723 3733 778; x_wconf 79' lang='lat' dir='ltr'><strong>purga-</strong></span> 
     </span>
    </p>
   </div>
   <div class='ocr_carea' id='block_1_66' title="bbox 2130 800 3732 875">
    <p class='ocr_par' dir='ltr' id='par_1_66' title="bbox 2130 800 3732 875">
     <span class='ocr_line' id='line_1_66' title="bbox 2130 800 3732 875; baseline -0.007 -10"><span class='ocrx_word' id='word_1_573' title='bbox 2130 819 2214 865; x_wconf 94' lang='lat' dir='ltr'><strong>tur</strong></span> <span class='ocrx_word' id='word_1_574' title='bbox 2237 825 2423 864; x_wconf 89' lang='lat' dir='ltr'><strong>aurum</strong></span> <span class='ocrx_word' id='word_1_575' title='bbox 2452 827 2465 875; x_wconf 88' lang='lat'><strong>;</strong></span> <span class='ocrx_word' id='word_1_576' title='bbox 2495 819 2547 864; x_wconf 88' lang='lat' dir='ltr'><strong>et</strong></span> <span class='ocrx_word' id='word_1_577' title='bbox 2572 816 2739 863; x_wconf 88' lang='lat' dir='ltr'><strong>mutat</strong></span> <span class='ocrx_word' id='word_1_578' title='bbox 2781 807 2943 862; x_wconf 91' lang='lat' dir='ltr'><strong>homo</strong></span> <span class='ocrx_word' id='word_1_579' title='bbox 2970 821 3034 860; x_wconf 81' lang='lat' dir='ltr'><strong>ex</strong></span> <span class='ocrx_word' id='word_1_580' title='bbox 3066 812 3238 859; x_wconf 89' lang='lat' dir='ltr'><strong>morte</strong></span> <span class='ocrx_word' id='word_1_581' title='bbox 3261 802 3424 855; x_wconf 86' lang='lat' dir='ltr'><strong>vitam</strong></span> <span class='ocrx_word' id='word_1_582' title='bbox 3452 844 3467 867; x_wconf 90' lang='lat'><strong>,</strong></span> <span class='ocrx_word' id='word_1_583' title='bbox 3496 810 3550 856; x_wconf 90' lang='lat' dir='ltr'><strong>et</strong></span> <span class='ocrx_word' id='word_1_584' title='bbox 3580 800 3732 855; x_wconf 83' lang='lat' dir='ltr'><strong>inci-</strong></span> 
     </span>
    </p>
   </div>
   <div class='ocr_carea' id='block_1_67' title="bbox 2127 893 3733 974">
    <p class='ocr_par' dir='ltr' id='par_1_67' title="bbox 2127 893 3733 974">
     <span class='ocr_line' id='line_1_67' title="bbox 2127 893 3733 974; baseline -0.006 -17"><span class='ocrx_word' id='word_1_585' title='bbox 2127 903 2204 974; x_wconf 90' lang='lat' dir='ltr'><strong>pit</strong></span> <span class='ocrx_word' id='word_1_586' title='bbox 2229 918 2347 959; x_wconf 91' lang='lat' dir='ltr'><strong>esse</strong></span> <span class='ocrx_word' id='word_1_587' title='bbox 2371 902 2530 958; x_wconf 89' lang='lat' dir='ltr'><strong>etiam</strong></span> <span class='ocrx_word' id='word_1_588' title='bbox 2562 901 2676 971; x_wconf 91' lang='lat' dir='ltr'><strong>ipse</strong></span> <span class='ocrx_word' id='word_1_589' title='bbox 2711 901 2870 956; x_wconf 89' lang='lat' dir='ltr'><strong>carbo</strong></span> <span class='ocrx_word' id='word_1_590' title='bbox 2902 897 3129 970; x_wconf 82' lang='lat' dir='ltr'><strong>ﬂagrans</strong></span> <span class='ocrx_word' id='word_1_591' title='bbox 3164 913 3176 949; x_wconf 95' lang='lat'>:</span> <span class='ocrx_word' id='word_1_592' title='bbox 3208 895 3381 967; x_wconf 87' lang='lat' dir='ltr'><strong>qualis</strong></span> <span class='ocrx_word' id='word_1_593' title='bbox 3411 893 3575 949; x_wconf 87' lang='lat' dir='ltr'><strong>carbo</strong></span> <span class='ocrx_word' id='word_1_594' title='bbox 3603 900 3733 947; x_wconf 76' lang='lat' dir='ltr'><strong>erat</strong></span> 
     </span>
    </p>
   </div>
   <div class='ocr_carea' id='block_1_68' title="bbox 2128 984 3733 1063">
    <p class='ocr_par' dir='ltr' id='par_1_68' title="bbox 2128 984 3733 1063">
     <span class='ocr_line' id='line_1_68' title="bbox 2128 984 3733 1063; baseline -0.007 -14"><span class='ocrx_word' id='word_1_595' title='bbox 2128 994 2435 1063; x_wconf 86' lang='lat' dir='ltr'><strong>Apostolus,</strong></span> <span class='ocrx_word' id='word_1_596' title='bbox 2464 993 2551 1063; x_wconf 89' lang='lat' dir='ltr'><strong>qui</strong></span> <span class='ocrx_word' id='word_1_597' title='bbox 2582 992 2727 1063; x_wconf 87' lang='lat' dir='ltr'><strong>prius</strong></span> <span class='ocrx_word' id='word_1_598' title='bbox 2752 990 2851 1045; x_wconf 86' lang='lat' dir='ltr'><strong>fuit</strong></span> <span class='ocrx_word' id='word_1_599' title='bbox 2880 996 3189 1061; x_wconf 85' lang='lat' dir='ltr'><strong>persecutor</strong></span> <span class='ocrx_word' id='word_1_600' title='bbox 3218 994 3272 1040; x_wconf 91' lang='lat' dir='ltr'><strong>et</strong></span> <span class='ocrx_word' id='word_1_601' title='bbox 3290 984 3643 1054; x_wconf 81' lang='lat' dir='ltr'><strong>blaSphemus</strong></span> <span class='ocrx_word' id='word_1_602' title='bbox 3674 992 3733 1038; x_wconf 86' lang='lat' dir='ltr'><strong>et</strong></span> 
     </span>
    </p>
   </div>
   <div class='ocr_carea' id='block_1_69' title="bbox 2126 1077 3735 1157">
    <p class='ocr_par' dir='ltr' id='par_1_69' title="bbox 2126 1077 3735 1157">
     <span class='ocr_line' id='line_1_69' title="bbox 2126 1077 3735 1157; baseline -0.007 -16"><span class='ocrx_word' id='word_1_603' title='bbox 2126 1086 2411 1157; x_wconf 72' lang='lat' dir='ltr'><strong>iniuriosus</strong></span> <span class='ocrx_word' id='word_1_604' title='bbox 2434 1128 2449 1152; x_wconf 90' lang='lat'><strong>,</strong></span> <span class='ocrx_word' id='word_1_605' title='bbox 2491 1086 2639 1155; x_wconf 83' lang='lat' dir='ltr'><strong>niger</strong></span> <span class='ocrx_word' id='word_1_606' title='bbox 2666 1094 2719 1140; x_wconf 92' lang='lat' dir='ltr'><strong>et</strong></span> <span class='ocrx_word' id='word_1_607' title='bbox 2760 1084 3089 1147; x_wconf 83' lang='lat' dir='ltr'><strong>exstinctus;</strong></span> <span class='ocrx_word' id='word_1_608' title='bbox 3119 1077 3542 1135; x_wconf 85' lang='lat' dir='ltr'><strong>misericordiam</strong></span> <span class='ocrx_word' id='word_1_609' title='bbox 3591 1090 3735 1132; x_wconf 90' lang='lat' dir='ltr'><strong>vero</strong></span> 
     </span>
    </p>
   </div>
   <div class='ocr_carea' id='block_1_70' title="bbox 2124 1170 3733 1249">
    <p class='ocr_par' dir='ltr' id='par_1_70' title="bbox 2124 1170 3733 1249">
     <span class='ocr_line' id='line_1_70' title="bbox 2124 1170 3733 1249; baseline -0.006 -16"><span class='ocrx_word' id='word_1_610' title='bbox 2124 1188 2442 1235; x_wconf 88' lang='lat' dir='ltr'><strong>consecutus</strong></span> <span class='ocrx_word' id='word_1_611' title='bbox 2473 1178 2517 1249; x_wconf 91' lang='grc'><strong>(1</strong></span> <span class='ocrx_word' id='word_1_612' title='bbox 2550 1178 2680 1233; x_wconf 87' lang='lat' dir='ltr'><strong>Tim.</strong></span> <span class='ocrx_word' id='word_1_613' title='bbox 2708 1194 2746 1245; x_wconf 87' lang='grc' dir='ltr'><strong>ι,</strong></span> <span class='ocrx_word' id='word_1_614' title='bbox 2781 1178 2895 1247; x_wconf 82' lang='grc'><strong>15),</strong></span> <span class='ocrx_word' id='word_1_615' title='bbox 2924 1189 3179 1232; x_wconf 90' lang='lat' dir='ltr'><strong>accensus</strong></span> <span class='ocrx_word' id='word_1_616' title='bbox 3205 1180 3287 1229; x_wconf 88' lang='lat' dir='ltr'><strong>est</strong></span> <span class='ocrx_word' id='word_1_617' title='bbox 3311 1171 3380 1228; x_wconf 90' lang='lat' dir='ltr'><strong>de</strong></span> <span class='ocrx_word' id='word_1_618' title='bbox 3408 1170 3551 1227; x_wconf 71' lang='lat' dir='ltr'><strong>coelo</strong></span> <span class='ocrx_word' id='word_1_619' title='bbox 3578 1187 3591 1223; x_wconf 94' lang='lat'><strong>:</strong></span> <span class='ocrx_word' id='word_1_620' title='bbox 3619 1184 3733 1224; x_wconf 77' lang='lat' dir='ltr'><strong>vox</strong></span> 
     </span>
    </p>
   </div>
   <div class='ocr_carea' id='block_1_71' title="bbox 2124 1264 3735 1342">
    <p class='ocr_par' dir='ltr' id='par_1_71' title="bbox 2124 1264 3735 1342">
     <span class='ocr_line' id='line_1_71' title="bbox 2124 1264 3735 1342; baseline -0.007 -12"><span class='ocrx_word' id='word_1_621' title='bbox 2124 1273 2322 1330; x_wconf 90' lang='lat' dir='ltr'><strong>Christi</strong></span> <span class='ocrx_word' id='word_1_622' title='bbox 2347 1274 2588 1329; x_wconf 89' lang='lat' dir='ltr'><strong>accendit</strong></span> <span class='ocrx_word' id='word_1_623' title='bbox 2614 1274 2791 1337; x_wconf 88' lang='lat' dir='ltr'><strong>illum;</strong></span> <span class='ocrx_word' id='word_1_624' title='bbox 2812 1272 2969 1342; x_wconf 87' lang='lat' dir='ltr'><strong>periit</strong></span> <span class='ocrx_word' id='word_1_625' title='bbox 2994 1272 3045 1324; x_wconf 92' lang='lat' dir='ltr'><strong>in</strong></span> <span class='ocrx_word' id='word_1_626' title='bbox 3067 1284 3133 1326; x_wconf 90' lang='lat' dir='ltr'><strong>eo</strong></span> <span class='ocrx_word' id='word_1_627' title='bbox 3159 1276 3271 1324; x_wconf 89' lang='lat' dir='ltr'><strong>tota</strong></span> <span class='ocrx_word' id='word_1_628' title='bbox 3295 1264 3591 1338; x_wconf 88' lang='lat' dir='ltr'><strong>nigritudo,</strong></span> <span class='ocrx_word' id='word_1_629' title='bbox 3612 1279 3735 1319; x_wconf 71' lang='grc' dir='ltr'><strong>οω-</strong></span> 
     </span>
    </p>
   </div>
   <div class='ocr_carea' id='block_1_72' title="bbox 2125 1358 3730 1436">
    <p class='ocr_par' dir='ltr' id='par_1_72' title="bbox 2125 1358 3730 1436">
     <span class='ocr_line' id='line_1_72' title="bbox 2125 1358 3730 1436; baseline -0.004 -16"><span class='ocrx_word' id='word_1_630' title='bbox 2125 1366 2202 1436; x_wconf 88' lang='lat' dir='ltr'><strong>pit</strong></span> <span class='ocrx_word' id='word_1_631' title='bbox 2226 1366 2436 1421; x_wconf 85' lang='lat' dir='ltr'><strong>fervens</strong></span> <span class='ocrx_word' id='word_1_632' title='bbox 2465 1366 2651 1436; x_wconf 90' lang='lat' dir='ltr'><strong>spiritu</strong></span> <span class='ocrx_word' id='word_1_633' title='bbox 2678 1381 2784 1435; x_wconf 90' lang='lat' dir='ltr'><strong>quo</strong></span> <span class='ocrx_word' id='word_1_634' title='bbox 2810 1362 3221 1429; x_wconf 85' lang='lat' dir='ltr'><strong>accendebatur,</strong></span> <span class='ocrx_word' id='word_1_635' title='bbox 3251 1359 3575 1416; x_wconf 87' lang='lat' dir='ltr'><strong>accendere.</strong></span> <span class='ocrx_word' id='word_1_636' title='bbox 3613 1358 3730 1414; x_wconf 87' lang='lat' dir='ltr'><strong>Ta-</strong></span> 
     </span>
    </p>
   </div>
   <div class='ocr_carea' id='block_1_73' title="bbox 2125 1448 3733 1529">
    <p class='ocr_par' dir='ltr' id='par_1_73' title="bbox 2125 1448 3733 1529">
     <span class='ocr_line' id='line_1_73' title="bbox 2125 1448 3733 1529; baseline -0.004 -17"><span class='ocrx_word' id='word_1_637' title='bbox 2125 1458 2203 1514; x_wconf 90' lang='lat' dir='ltr'><strong>les</strong></span> <span class='ocrx_word' id='word_1_638' title='bbox 2233 1475 2357 1529; x_wconf 90' lang='lat' dir='ltr'><strong>crgo</strong></span> <span class='ocrx_word' id='word_1_639' title='bbox 2385 1468 2438 1515; x_wconf 91' lang='lat' dir='ltr'><strong>ct</strong></span> <span class='ocrx_word' id='word_1_640' title='bbox 2465 1458 2549 1513; x_wconf 92' lang='lat' dir='ltr'><strong>hic</strong></span> <span class='ocrx_word' id='word_1_641' title='bbox 2581 1457 2897 1513; x_wconf 89' lang='lat' dir='ltr'><strong>intellecturi</strong></span> <span class='ocrx_word' id='word_1_642' title='bbox 2927 1471 3110 1511; x_wconf 85' lang='lat' dir='ltr'><strong>smnus</strong></span> <span class='ocrx_word' id='word_1_643' title='bbox 3137 1452 3397 1508; x_wconf 89' lang='lat' dir='ltr'><strong>carbones</strong></span> <span class='ocrx_word' id='word_1_644' title='bbox 3430 1450 3602 1521; x_wconf 86' lang='lat' dir='ltr'><strong>ignis,</strong></span> <span class='ocrx_word' id='word_1_645' title='bbox 3634 1448 3733 1519; x_wconf 87' lang='lat' dir='ltr'><strong>qui</strong></span> 
     </span>
    </p>
   </div>
   <div class='ocr_carea' id='block_1_74' title="bbox 2123 1542 3729 1621">
    <p class='ocr_par' dir='ltr' id='par_1_74' title="bbox 2123 1542 3729 1621">
     <span class='ocr_line' id='line_1_74' title="bbox 2123 1542 3729 1621; baseline -0.004 -16"><span class='ocrx_word' id='word_1_646' title='bbox 2123 1550 2319 1606; x_wconf 87' lang='lat' dir='ltr'><strong>cadunt</strong></span> <span class='ocrx_word' id='word_1_647' title='bbox 2359 1567 2519 1621; x_wconf 91' lang='lat' dir='ltr'><strong>super</strong></span> <span class='ocrx_word' id='word_1_648' title='bbox 2548 1551 2679 1605; x_wconf 89' lang='lat' dir='ltr'><strong>istos</strong></span> <span class='ocrx_word' id='word_1_649' title='bbox 2721 1550 2891 1605; x_wconf 86' lang='lat' dir='ltr'><strong>malos</strong></span> <span class='ocrx_word' id='word_1_650' title='bbox 2912 1589 2928 1615; x_wconf 92' lang='lat'><strong>,</strong></span> <span class='ocrx_word' id='word_1_651' title='bbox 2958 1556 3012 1603; x_wconf 90' lang='lat' dir='ltr'><strong>et</strong></span> <span class='ocrx_word' id='word_1_652' title='bbox 3051 1546 3304 1616; x_wconf 88' lang='lat' dir='ltr'><strong>dejiciunt</strong></span> <span class='ocrx_word' id='word_1_653' title='bbox 3351 1544 3517 1599; x_wconf 85' lang='lat' dir='ltr'><strong>illos?</strong></span> <span class='ocrx_word' id='word_1_654' title='bbox 3550 1542 3729 1598; x_wconf 84' lang='lat' dir='ltr'><strong>Plane</strong></span> 
     </span>
    </p>
   </div>
   <div class='ocr_carea' id='block_1_75' title="bbox 2122 1634 3728 1713">
    <p class='ocr_par' dir='ltr' id='par_1_75' title="bbox 2122 1634 3728 1713">
     <span class='ocr_line' id='line_1_75' title="bbox 2122 1634 3728 1713; baseline -0.006 -14"><span class='ocrx_word' id='word_1_655' title='bbox 2122 1660 2228 1699; x_wconf 91' lang='lat' dir='ltr'><strong>non</strong></span> <span class='ocrx_word' id='word_1_656' title='bbox 2257 1642 2599 1713; x_wconf 87' lang='lat' dir='ltr'><strong>prohibemur</strong></span> <span class='ocrx_word' id='word_1_657' title='bbox 2627 1642 2768 1697; x_wconf 88' lang='lat' dir='ltr'><strong>hunc</strong></span> <span class='ocrx_word' id='word_1_658' title='bbox 2797 1641 2995 1696; x_wconf 88' lang='lat' dir='ltr'><strong>habere</strong></span> <span class='ocrx_word' id='word_1_659' title='bbox 3021 1639 3373 1694; x_wconf 84' lang='lat' dir='ltr'><strong>intellectum.</strong></span> <span class='ocrx_word' id='word_1_660' title='bbox 3418 1634 3602 1691; x_wconf 79' lang='lat' dir='ltr'><strong>Video</strong></span> <span class='ocrx_word' id='word_1_661' title='bbox 3638 1635 3728 1689; x_wconf 90' lang='lat' dir='ltr'><strong>hic</strong></span> 
     </span>
    </p>
   </div>
   <div class='ocr_carea' id='block_1_76' title="bbox 2122 1726 3728 1803">
    <p class='ocr_par' dir='ltr' id='par_1_76' title="bbox 2122 1726 3728 1803">
     <span class='ocr_line' id='line_1_76' title="bbox 2122 1726 3728 1803; baseline -0.007 -13"><span class='ocrx_word' id='word_1_662' title='bbox 2122 1736 2276 1790; x_wconf 86' lang='lat' dir='ltr'><strong>nobis</strong></span> <span class='ocrx_word' id='word_1_663' title='bbox 2300 1736 2600 1791; x_wconf 85' lang='lat' dir='ltr'><strong>elueescere</strong></span> <span class='ocrx_word' id='word_1_664' title='bbox 2627 1750 2730 1789; x_wconf 92' lang='lat' dir='ltr'><strong>non</strong></span> <span class='ocrx_word' id='word_1_665' title='bbox 2758 1731 3160 1803; x_wconf 87' lang='lat' dir='ltr'><strong>improbabilem</strong></span> <span class='ocrx_word' id='word_1_666' title='bbox 3189 1736 3243 1785; x_wconf 88' lang='lat' dir='ltr'><strong>et</strong></span> <span class='ocrx_word' id='word_1_667' title='bbox 3266 1726 3728 1798; x_wconf 85' lang='lat' dir='ltr'><strong>irreprehensihi-</strong></span> 
     </span>
    </p>
   </div>
   <div class='ocr_carea' id='block_1_77' title="bbox 2121 1818 3729 1896">
    <p class='ocr_par' dir='ltr' id='par_1_77' title="bbox 2121 1818 3729 1896">
     <span class='ocr_line' id='line_1_77' title="bbox 2121 1818 3729 1896; baseline -0.006 -16"><span class='ocrx_word' id='word_1_668' title='bbox 2121 1826 2226 1881; x_wconf 90' lang='lat' dir='ltr'><strong>lem</strong></span> <span class='ocrx_word' id='word_1_669' title='bbox 2257 1827 2571 1882; x_wconf 88' lang='lat' dir='ltr'><strong>sententiam</strong></span> <span class='ocrx_word' id='word_1_670' title='bbox 2599 1843 2612 1881; x_wconf 90' lang='lat'><strong>:</strong></span> <span class='ocrx_word' id='word_1_671' title='bbox 2637 1825 2871 1896; x_wconf 88' lang='lat' dir='ltr'><strong>intelligo</strong></span> <span class='ocrx_word' id='word_1_672' title='bbox 2898 1824 3016 1879; x_wconf 91' lang='lat' dir='ltr'><strong>illos</strong></span> <span class='ocrx_word' id='word_1_673' title='bbox 3042 1821 3302 1879; x_wconf 84' lang='lat' dir='ltr'><strong>carbones</strong></span> <span class='ocrx_word' id='word_1_674' title='bbox 3326 1818 3526 1875; x_wconf 88' lang='lat' dir='ltr'><strong>cadere</strong></span> <span class='ocrx_word' id='word_1_675' title='bbox 3557 1832 3729 1887; x_wconf 88' lang='lat' dir='ltr'><strong>super</strong></span> 
     </span>
    </p>
   </div>
   <div class='ocr_carea' id='block_1_78' title="bbox 2120 1913 3725 1989">
    <p class='ocr_par' dir='ltr' id='par_1_78' title="bbox 2120 1913 3725 1989">
     <span class='ocr_line' id='line_1_78' title="bbox 2120 1913 3725 1989; baseline -0.007 -15"><span class='ocrx_word' id='word_1_676' title='bbox 2120 1920 2253 1975; x_wconf 88' lang='lat' dir='ltr'><strong>istos</strong></span> <span class='ocrx_word' id='word_1_677' title='bbox 2277 1964 2291 1986; x_wconf 88' lang='lat'><strong>,</strong></span> <span class='ocrx_word' id='word_1_678' title='bbox 2340 1929 2395 1973; x_wconf 91' lang='lat' dir='ltr'><strong>ut</strong></span> <span class='ocrx_word' id='word_1_679' title='bbox 2421 1919 2754 1989; x_wconf 83' lang='lat' dir='ltr'><strong>dcjieiantur.</strong></span> <span class='ocrx_word' id='word_1_680' title='bbox 2804 1916 2860 1971; x_wconf 86' lang='lat' dir='ltr'><strong>In</strong></span> <span class='ocrx_word' id='word_1_681' title='bbox 2890 1916 3023 1970; x_wconf 88' lang='lat' dir='ltr'><strong>alios</strong></span> <span class='ocrx_word' id='word_1_682' title='bbox 3052 1915 3197 1970; x_wconf 87' lang='lat' dir='ltr'><strong>enim</strong></span> <span class='ocrx_word' id='word_1_683' title='bbox 3226 1913 3484 1977; x_wconf 88' lang='lat' dir='ltr'><strong>veniunt,</strong></span> <span class='ocrx_word' id='word_1_684' title='bbox 3537 1920 3603 1964; x_wconf 87' lang='lat' dir='ltr'><strong>ut</strong></span> <span class='ocrx_word' id='word_1_685' title='bbox 3630 1925 3725 1964; x_wconf 80' lang='lat' dir='ltr'><strong>ac-</strong></span> 
     </span>
    </p>
   </div>
   <div class='ocr_carea' id='block_1_79' title="bbox 2120 2002 3728 2079">
    <p class='ocr_par' dir='ltr' id='par_1_79' title="bbox 2120 2002 3728 2079">
     <span class='ocr_line' id='line_1_79' title="bbox 2120 2002 3728 2079; baseline -0.006 -12"><span class='ocrx_word' id='word_1_686' title='bbox 2120 2012 2414 2067; x_wconf 80' lang='lat' dir='ltr'><strong>condantur</strong></span> <span class='ocrx_word' id='word_1_687' title='bbox 2438 2030 2451 2077; x_wconf 92' lang='lat'><strong>;</strong></span> <span class='ocrx_word' id='word_1_688' title='bbox 2485 2013 2536 2067; x_wconf 90' lang='lat' dir='ltr'><strong>in</strong></span> <span class='ocrx_word' id='word_1_689' title='bbox 2563 2012 2695 2066; x_wconf 81' lang='lat' dir='ltr'><strong>alios</strong></span> <span class='ocrx_word' id='word_1_690' title='bbox 2721 2052 2735 2076; x_wconf 95' lang='lat'><strong>,</strong></span> <span class='ocrx_word' id='word_1_691' title='bbox 2762 2019 2819 2064; x_wconf 92' lang='lat' dir='ltr'><strong>ut</strong></span> <span class='ocrx_word' id='word_1_692' title='bbox 2842 2010 3158 2079; x_wconf 82' lang='lat' dir='ltr'><strong>dejiciautur</strong></span> <span class='ocrx_word' id='word_1_693' title='bbox 3191 2025 3203 2061; x_wconf 92' lang='lat'><strong>:</strong></span> <span class='ocrx_word' id='word_1_694' title='bbox 3238 2007 3350 2076; x_wconf 91' lang='lat' dir='ltr'><strong>ipse</strong></span> <span class='ocrx_word' id='word_1_695' title='bbox 3376 2006 3521 2061; x_wconf 89' lang='lat' dir='ltr'><strong>enim</strong></span> <span class='ocrx_word' id='word_1_696' title='bbox 3552 2002 3728 2060; x_wconf 87' lang='lat' dir='ltr'><strong>carbo</strong></span> 
     </span>
    </p>
   </div>
   <div class='ocr_carea' id='block_1_80' title="bbox 2120 2094 3727 2171">
    <p class='ocr_par' dir='ltr' id='par_1_80' title="bbox 2120 2094 3727 2171">
     <span class='ocr_line' id='line_1_80' title="bbox 2120 2094 3727 2171; baseline -0.006 -13"><span class='ocrx_word' id='word_1_697' title='bbox 2120 2103 2347 2171; x_wconf 86' lang='lat' dir='ltr'><strong>dicebat,</strong></span> <span class='ocrx_word' id='word_1_698' title='bbox 2372 2102 2684 2171; x_wconf 86' lang='lat' dir='ltr'><strong>Quibusdam</strong></span> <span class='ocrx_word' id='word_1_699' title='bbox 2709 2117 2879 2157; x_wconf 86' lang='lat' dir='ltr'><strong>sumus</strong></span> <span class='ocrx_word' id='word_1_700' title='bbox 2910 2100 3035 2154; x_wconf 88' lang='lat' dir='ltr'><strong>odor</strong></span> <span class='ocrx_word' id='word_1_701' title='bbox 3064 2099 3237 2153; x_wconf 87' lang='lat' dir='ltr'><strong>mortis</strong></span> <span class='ocrx_word' id='word_1_702' title='bbox 3264 2098 3315 2151; x_wconf 88' lang='lat' dir='ltr'><strong>in</strong></span> <span class='ocrx_word' id='word_1_703' title='bbox 3341 2106 3586 2161; x_wconf 85' lang='lat' dir='ltr'><strong>mortem,</strong></span> <span class='ocrx_word' id='word_1_704' title='bbox 3612 2094 3727 2164; x_wconf 82' lang='lat' dir='ltr'><strong>qui-</strong></span> 
     </span>
    </p>
   </div>
   <div class='ocr_carea' id='block_1_81' title="bbox 2121 2185 3725 2262">
    <p class='ocr_par' dir='ltr' id='par_1_81' title="bbox 2121 2185 3725 2262">
     <span class='ocr_line' id='line_1_81' title="bbox 2121 2185 3725 2262; baseline -0.006 -12"><span class='ocrx_word' id='word_1_705' title='bbox 2121 2196 2329 2251; x_wconf 83' lang='lat' dir='ltr'><strong>busdam</strong></span> <span class='ocrx_word' id='word_1_706' title='bbox 2357 2214 2528 2251; x_wconf 88' lang='lat' dir='ltr'><strong>sumus</strong></span> <span class='ocrx_word' id='word_1_707' title='bbox 2554 2195 2679 2249; x_wconf 87' lang='lat' dir='ltr'><strong>odor</strong></span> <span class='ocrx_word' id='word_1_708' title='bbox 2706 2196 2819 2249; x_wconf 72' lang='lat' dir='ltr'><strong>vita:</strong></span> <span class='ocrx_word' id='word_1_709' title='bbox 2846 2196 2897 2247; x_wconf 89' lang='lat' dir='ltr'><strong>in</strong></span> <span class='ocrx_word' id='word_1_710' title='bbox 2923 2194 3074 2246; x_wconf 89' lang='lat' dir='ltr'><strong>vitam</strong></span> <span class='ocrx_word' id='word_1_711' title='bbox 3119 2190 3184 2262; x_wconf 91' lang='lat' dir='ltr'><strong>(ll</strong></span> <span class='ocrx_word' id='word_1_712' title='bbox 3209 2189 3327 2246; x_wconf 91' lang='lat' dir='ltr'><strong>Cor.</strong></span> <span class='ocrx_word' id='word_1_713' title='bbox 3356 2206 3391 2244; x_wconf 87' lang='grc' dir='ltr'><strong>ιι</strong></span> <span class='ocrx_word' id='word_1_714' title='bbox 3416 2230 3433 2256; x_wconf 84' lang='grc'><strong><em>,</em></strong></span> <span class='ocrx_word' id='word_1_715' title='bbox 3466 2189 3591 2259; x_wconf 68' lang='grc'><strong>115).</strong></span> <span class='ocrx_word' id='word_1_716' title='bbox 3626 2185 3725 2241; x_wconf 77' lang='lat' dir='ltr'><strong>Yi-</strong></span> 
     </span>
    </p>
   </div>
   <div class='ocr_carea' id='block_1_82' title="bbox 2119 2280 3722 2357">
    <p class='ocr_par' dir='ltr' id='par_1_82' title="bbox 2119 2280 3722 2357">
     <span class='ocr_line' id='line_1_82' title="bbox 2119 2280 3722 2357; baseline -0.005 -14"><span class='ocrx_word' id='word_1_717' title='bbox 2119 2288 2247 2343; x_wconf 87' lang='lat' dir='ltr'><strong>dent</strong></span> <span class='ocrx_word' id='word_1_718' title='bbox 2271 2288 2411 2343; x_wconf 88' lang='lat' dir='ltr'><strong>enim</strong></span> <span class='ocrx_word' id='word_1_719' title='bbox 2438 2289 2611 2357; x_wconf 88' lang='lat' dir='ltr'><strong>justos</strong></span> <span class='ocrx_word' id='word_1_720' title='bbox 2642 2287 2975 2341; x_wconf 86' lang='lat' dir='ltr'><strong>ﬁammantcs</strong></span> <span class='ocrx_word' id='word_1_721' title='bbox 3005 2284 3213 2355; x_wconf 90' lang='lat' dir='ltr'><strong>spiritu,</strong></span> <span class='ocrx_word' id='word_1_722' title='bbox 3246 2281 3545 2337; x_wconf 88' lang='lat' dir='ltr'><strong>candentes</strong></span> <span class='ocrx_word' id='word_1_723' title='bbox 3580 2280 3722 2344; x_wconf 85' lang='lat' dir='ltr'><strong>luce,</strong></span> 
     </span>
    </p>
   </div>
   <div class='ocr_carea' id='block_1_83' title="bbox 2118 2370 3724 2445">
    <p class='ocr_par' dir='ltr' id='par_1_83' title="bbox 2118 2370 3724 2445">
     <span class='ocr_line' id='line_1_83' title="bbox 2118 2370 3724 2445; baseline -0.005 -12"><span class='ocrx_word' id='word_1_724' title='bbox 2118 2391 2173 2433; x_wconf 87' lang='lat' dir='ltr'><strong>ct</strong></span> <span class='ocrx_word' id='word_1_725' title='bbox 2214 2380 2292 2435; x_wconf 89' lang='lat' dir='ltr'><strong>eis</strong></span> <span class='ocrx_word' id='word_1_726' title='bbox 2318 2378 2600 2433; x_wconf 84' lang='lat' dir='ltr'><strong>invidendo</strong></span> <span class='ocrx_word' id='word_1_727' title='bbox 2629 2378 2866 2444; x_wconf 90' lang='lat' dir='ltr'><strong>cadunt;</strong></span> <span class='ocrx_word' id='word_1_728' title='bbox 2902 2376 3001 2430; x_wconf 90' lang='lat' dir='ltr'><strong>hoc</strong></span> <span class='ocrx_word' id='word_1_729' title='bbox 3036 2384 3117 2431; x_wconf 90' lang='lat' dir='ltr'><strong>est</strong></span> <span class='ocrx_word' id='word_1_730' title='bbox 3156 2372 3295 2445; x_wconf 85' lang='lat' dir='ltr'><strong>quod</strong></span> <span class='ocrx_word' id='word_1_731' title='bbox 3323 2370 3724 2442; x_wconf 88' lang='lat' dir='ltr'><strong>supervenient</strong></span> 
     </span>
    </p>
   </div>
   <div class='ocr_carea' id='block_1_84' title="bbox 2118 2462 3721 2541">
    <p class='ocr_par' dir='ltr' id='par_1_84' title="bbox 2118 2462 3721 2541">
     <span class='ocr_line' id='line_1_84' title="bbox 2118 2462 3721 2541; baseline -0.005 -16"><span class='ocrx_word' id='word_1_732' title='bbox 2118 2470 2223 2526; x_wconf 89' lang='lat' dir='ltr'><strong>illis</strong></span> <span class='ocrx_word' id='word_1_733' title='bbox 2249 2471 2505 2526; x_wconf 89' lang='lat' dir='ltr'><strong>carbones</strong></span> <span class='ocrx_word' id='word_1_734' title='bbox 2537 2471 2672 2541; x_wconf 85' lang='lat' dir='ltr'><strong>ignis</strong></span> <span class='ocrx_word' id='word_1_735' title='bbox 2704 2471 2753 2524; x_wconf 91' lang='lat' dir='ltr'><strong>in</strong></span> <span class='ocrx_word' id='word_1_736' title='bbox 2789 2478 2950 2533; x_wconf 87' lang='lat' dir='ltr'><strong>terra,</strong></span> <span class='ocrx_word' id='word_1_737' title='bbox 2982 2476 3035 2523; x_wconf 92' lang='lat' dir='ltr'><strong>et</strong></span> <span class='ocrx_word' id='word_1_738' title='bbox 3065 2465 3401 2536; x_wconf 87' lang='lat' dir='ltr'><strong>dejicicntur.</strong></span> <span class='ocrx_word' id='word_1_739' title='bbox 3434 2462 3585 2530; x_wconf 86' lang='lat' dir='ltr'><strong>Quid</strong></span> <span class='ocrx_word' id='word_1_740' title='bbox 3616 2472 3721 2529; x_wconf 89' lang='lat' dir='ltr'><strong>est,</strong></span> 
     </span>
    </p>
   </div>
   <div class='ocr_carea' id='block_1_85' title="bbox 2117 2556 3724 2627">
    <p class='ocr_par' dir='ltr' id='par_1_85' title="bbox 2117 2556 3724 2627">
     <span class='ocr_line' id='line_1_85' title="bbox 2117 2556 3724 2627; baseline -0.003 -11"><span class='ocrx_word' id='word_1_741' title='bbox 2117 2564 2171 2617; x_wconf 89' lang='lat' dir='ltr'><strong>in</strong></span> <span class='ocrx_word' id='word_1_742' title='bbox 2199 2563 2369 2616; x_wconf 89' lang='lat' dir='ltr'><strong>terra?</strong></span> <span class='ocrx_word' id='word_1_743' title='bbox 2389 2562 2573 2617; x_wconf 84' lang='lat' dir='ltr'><strong>Adhuc</strong></span> <span class='ocrx_word' id='word_1_744' title='bbox 2599 2562 2685 2617; x_wconf 91' lang='lat' dir='ltr'><strong>hic</strong></span> <span class='ocrx_word' id='word_1_745' title='bbox 2710 2570 2833 2616; x_wconf 89' lang='lat' dir='ltr'><strong>sunt</strong></span> <span class='ocrx_word' id='word_1_746' title='bbox 2859 2562 2910 2617; x_wconf 90' lang='lat' dir='ltr'><strong>in</strong></span> <span class='ocrx_word' id='word_1_747' title='bbox 2940 2559 3038 2615; x_wconf 90' lang='lat' dir='ltr'><strong>hac</strong></span> <span class='ocrx_word' id='word_1_748' title='bbox 3067 2560 3201 2623; x_wconf 87' lang='lat' dir='ltr'><strong>vita;</strong></span> <span class='ocrx_word' id='word_1_749' title='bbox 3226 2566 3447 2627; x_wconf 80' lang='lat' dir='ltr'><strong>excepta</strong></span> <span class='ocrx_word' id='word_1_750' title='bbox 3478 2556 3578 2611; x_wconf 86' lang='lat' dir='ltr'><strong>illa</strong></span> <span class='ocrx_word' id='word_1_751' title='bbox 3610 2571 3724 2627; x_wconf 75' lang='lat' dir='ltr'><strong>pte-</strong></span> 
     </span>
    </p>
   </div>
   <div class='ocr_carea' id='block_1_86' title="bbox 2120 2647 3718 2726">
    <p class='ocr_par' dir='ltr' id='par_1_86' title="bbox 2120 2647 3718 2726">
     <span class='ocr_line' id='line_1_86' title="bbox 2120 2647 3718 2726; baseline -0.007 -16"><span class='ocrx_word' id='word_1_752' title='bbox 2120 2671 2186 2710; x_wconf 88' lang='lat' dir='ltr'><strong>na</strong></span> <span class='ocrx_word' id='word_1_753' title='bbox 2216 2671 2333 2726; x_wconf 77' lang='lat' dir='ltr'><strong>quae</strong></span> <span class='ocrx_word' id='word_1_754' title='bbox 2360 2664 2600 2710; x_wconf 89' lang='lat' dir='ltr'><strong>servatur</strong></span> <span class='ocrx_word' id='word_1_755' title='bbox 2631 2653 2806 2724; x_wconf 91' lang='lat' dir='ltr'><strong>impiis</strong></span> <span class='ocrx_word' id='word_1_756' title='bbox 2832 2696 2847 2720; x_wconf 91' lang='lat'><strong>,</strong></span> <span class='ocrx_word' id='word_1_757' title='bbox 2876 2652 3135 2707; x_wconf 87' lang='lat' dir='ltr'><strong>carbones</strong></span> <span class='ocrx_word' id='word_1_758' title='bbox 3164 2650 3248 2704; x_wconf 90' lang='lat' dir='ltr'><strong>isti</strong></span> <span class='ocrx_word' id='word_1_759' title='bbox 3278 2648 3400 2703; x_wconf 91' lang='lat' dir='ltr'><strong>illos</strong></span> <span class='ocrx_word' id='word_1_760' title='bbox 3424 2647 3718 2717; x_wconf 85' lang='lat' dir='ltr'><strong>dejiciunt,</strong></span> 
     </span>
    </p>
   </div>
   <div class='ocr_carea' id='block_1_87' title="bbox 2118 2740 3723 2819">
    <p class='ocr_par' dir='ltr' id='par_1_87' title="bbox 2118 2740 3723 2819">
     <span class='ocr_line' id='line_1_87' title="bbox 2118 2740 3723 2819; baseline -0.007 -16"><span class='ocrx_word' id='word_1_761' title='bbox 2118 2756 2400 2819; x_wconf 85' lang='lat' dir='ltr'><strong>antequam</strong></span> <span class='ocrx_word' id='word_1_762' title='bbox 2422 2746 2597 2802; x_wconf 82' lang='lat' dir='ltr'><strong>veniat</strong></span> <span class='ocrx_word' id='word_1_763' title='bbox 2618 2746 2751 2817; x_wconf 86' lang='lat' dir='ltr'><strong>ignis</strong></span> <span class='ocrx_word' id='word_1_764' title='bbox 2765 2753 3027 2800; x_wconf 64' lang='lat' dir='ltr'><strong>aeternus:</strong></span> <span class='ocrx_word' id='word_1_765' title='bbox 3050 2740 3290 2799; x_wconf 86' lang='lat' dir='ltr'><strong>Decident</strong></span> <span class='ocrx_word' id='word_1_766' title='bbox 3316 2756 3471 2811; x_wconf 81' lang='lat' dir='ltr'><strong>super</strong></span> <span class='ocrx_word' id='word_1_767' title='bbox 3497 2756 3592 2793; x_wconf 88' lang='lat' dir='ltr'><strong>eos</strong></span> <span class='ocrx_word' id='word_1_768' title='bbox 3610 2755 3723 2792; x_wconf 84' lang='lat' dir='ltr'><strong>car-</strong></span> 
     </span>
    </p>
   </div>
   <div class='ocr_carea' id='block_1_88' title="bbox 2118 2828 3722 2909">
    <p class='ocr_par' dir='ltr' id='par_1_88' title="bbox 2118 2828 3722 2909">
     <span class='ocr_line' id='line_1_88' title="bbox 2118 2828 3722 2909; baseline -0.007 -17"><span class='ocrx_word' id='word_1_769' title='bbox 2118 2840 2269 2893; x_wconf 88' lang='lat' dir='ltr'><strong>bones</strong></span> <span class='ocrx_word' id='word_1_770' title='bbox 2286 2840 2416 2909; x_wconf 84' lang='lat' dir='ltr'><strong>ignis</strong></span> <span class='ocrx_word' id='word_1_771' title='bbox 2444 2839 2494 2891; x_wconf 88' lang='lat' dir='ltr'><strong>in</strong></span> <span class='ocrx_word' id='word_1_772' title='bbox 2520 2848 2673 2903; x_wconf 86' lang='lat' dir='ltr'><strong>terra,</strong></span> <span class='ocrx_word' id='word_1_773' title='bbox 2693 2846 2737 2889; x_wconf 91' lang='lat' dir='ltr'><strong>et</strong></span> <span class='ocrx_word' id='word_1_774' title='bbox 2763 2836 2992 2906; x_wconf 85' lang='lat' dir='ltr'><strong>dejicient</strong></span> <span class='ocrx_word' id='word_1_775' title='bbox 3017 2850 3119 2889; x_wconf 89' lang='lat' dir='ltr'><strong>eos.</strong></span> <span class='ocrx_word' id='word_1_776' title='bbox 3141 2832 3208 2886; x_wconf 86' lang='lat' dir='ltr'><strong>In</strong></span> <span class='ocrx_word' id='word_1_777' title='bbox 3232 2831 3448 2886; x_wconf 85' lang='lat' dir='ltr'><strong>miseriis</strong></span> <span class='ocrx_word' id='word_1_778' title='bbox 3476 2847 3587 2884; x_wconf 84' lang='lat' dir='ltr'><strong>non</strong></span> <span class='ocrx_word' id='word_1_779' title='bbox 3604 2828 3722 2885; x_wconf 79' lang='lat' dir='ltr'><strong>sub-</strong></span> 
     </span>
    </p>
   </div>
   <div class='ocr_carea' id='block_1_89' title="bbox 2116 2922 3720 2993">
    <p class='ocr_par' dir='ltr' id='par_1_89' title="bbox 2116 2922 3720 2993">
     <span class='ocr_line' id='line_1_89' title="bbox 2116 2922 3720 2993; baseline -0.006 -8"><span class='ocrx_word' id='word_1_780' title='bbox 2116 2937 2312 2986; x_wconf 86' lang='lat' dir='ltr'><strong>sistent.</strong></span> <span class='ocrx_word' id='word_1_781' title='bbox 2340 2930 2495 2985; x_wconf 73' lang='lat' dir='ltr'><strong>Venit</strong></span> <span class='ocrx_word' id='word_1_782' title='bbox 2520 2930 2621 2983; x_wconf 91' lang='lat' dir='ltr'><strong>illis</strong></span> <span class='ocrx_word' id='word_1_783' title='bbox 2646 2928 2858 2983; x_wconf 89' lang='lat' dir='ltr'><strong>miseria</strong></span> <span class='ocrx_word' id='word_1_784' title='bbox 2890 2936 2942 2981; x_wconf 90' lang='lat' dir='ltr'><strong>et</strong></span> <span class='ocrx_word' id='word_1_785' title='bbox 2967 2942 3074 2981; x_wconf 87' lang='lat' dir='ltr'><strong>non</strong></span> <span class='ocrx_word' id='word_1_786' title='bbox 3102 2925 3329 2981; x_wconf 87' lang='lat' dir='ltr'><strong>tolerant</strong></span> <span class='ocrx_word' id='word_1_787' title='bbox 3362 2938 3377 2977; x_wconf 87' lang='lat'><strong>:</strong></span> <span class='ocrx_word' id='word_1_788' title='bbox 3405 2922 3597 2993; x_wconf 83' lang='lat' dir='ltr'><strong>justus</strong></span> <span class='ocrx_word' id='word_1_789' title='bbox 3620 2936 3720 2975; x_wconf 86' lang='lat' dir='ltr'><strong>au-</strong></span> 
     </span>
    </p>
   </div>
   <div class='ocr_carea' id='block_1_90' title="bbox 2119 3010 3721 3092">
    <p class='ocr_par' dir='ltr' id='par_1_90' title="bbox 2119 3010 3721 3092">
     <span class='ocr_line' id='line_1_90' title="bbox 2119 3010 3721 3092; baseline -0.007 -14"><span class='ocrx_word' id='word_1_790' title='bbox 2119 3010 2226 3080; x_wconf 87' lang='lat' dir='ltr'><strong>tem</strong></span> <span class='ocrx_word' id='word_1_791' title='bbox 2256 3021 2532 3087; x_wconf 88' lang='lat' dir='ltr'><strong>subsistit;</strong></span> <span class='ocrx_word' id='word_1_792' title='bbox 2565 3020 2833 3092; x_wconf 87' lang='lat' dir='ltr'><strong>quomodo</strong></span> <span class='ocrx_word' id='word_1_793' title='bbox 2864 3019 2951 3074; x_wconf 89' lang='lat' dir='ltr'><strong>ille</strong></span> <span class='ocrx_word' id='word_1_794' title='bbox 2974 3017 3249 3081; x_wconf 85' lang='lat' dir='ltr'><strong>subsistit,</strong></span> <span class='ocrx_word' id='word_1_795' title='bbox 3281 3015 3370 3087; x_wconf 87' lang='lat' dir='ltr'><strong>qui</strong></span> <span class='ocrx_word' id='word_1_796' title='bbox 3400 3014 3579 3081; x_wconf 88' lang='lat' dir='ltr'><strong>dicit,</strong></span> <span class='ocrx_word' id='word_1_797' title='bbox 3616 3012 3721 3069; x_wconf 90' lang='lat' dir='ltr'><strong>Sed</strong></span> 
     </span>
    </p>
   </div>
   <div class='ocr_carea' id='block_1_91' title="bbox 2117 3111 3721 3190">
    <p class='ocr_par' dir='ltr' id='par_1_91' title="bbox 2117 3111 3721 3190">
     <span class='ocr_line' id='line_1_91' title="bbox 2117 3111 3721 3190; baseline -0.005 -18"><span class='ocrx_word' id='word_1_798' title='bbox 2117 3119 2268 3172; x_wconf 86' lang='lat' dir='ltr'><strong>etiam</strong></span> <span class='ocrx_word' id='word_1_799' title='bbox 2295 3119 2572 3190; x_wconf 88' lang='lat' dir='ltr'><strong>gloriamur</strong></span> <span class='ocrx_word' id='word_1_800' title='bbox 2596 3119 2648 3172; x_wconf 89' lang='lat' dir='ltr'><strong>in</strong></span> <span class='ocrx_word' id='word_1_801' title='bbox 2672 3116 3097 3181; x_wconf 82' lang='lat' dir='ltr'><strong>tribulationibus,</strong></span> <span class='ocrx_word' id='word_1_802' title='bbox 3127 3114 3335 3169; x_wconf 80' lang='lat' dir='ltr'><strong>scientes</strong></span> <span class='ocrx_word' id='word_1_803' title='bbox 3356 3113 3610 3183; x_wconf 85' lang='lat' dir='ltr'><strong>quoniam</strong></span> <span class='ocrx_word' id='word_1_804' title='bbox 3632 3111 3721 3165; x_wconf 87' lang='lat' dir='ltr'><strong>tri-</strong></span> 
     </span>
    </p>
   </div>
   <div class='ocr_carea' id='block_1_92' title="bbox 2118 3206 3717 3282">
    <p class='ocr_par' dir='ltr' id='par_1_92' title="bbox 2118 3206 3717 3282">
     <span class='ocr_line' id='line_1_92' title="bbox 2118 3206 3717 3282; baseline -0.005 -17"><span class='ocrx_word' id='word_1_805' title='bbox 2118 3210 2306 3265; x_wconf 87' lang='lat' dir='ltr'><strong>bulatio</strong></span> <span class='ocrx_word' id='word_1_806' title='bbox 2332 3212 2623 3282; x_wconf 87' lang='lat' dir='ltr'><strong>patientiam</strong></span> <span class='ocrx_word' id='word_1_807' title='bbox 2653 3219 2909 3281; x_wconf 84' lang='lat' dir='ltr'><strong>aperatur,</strong></span> <span class='ocrx_word' id='word_1_808' title='bbox 2934 3208 3175 3279; x_wconf 86' lang='lat' dir='ltr'><strong>patientia</strong></span> <span class='ocrx_word' id='word_1_809' title='bbox 3203 3206 3574 3278; x_wconf 87' lang='lat' dir='ltr'><strong>probationem,</strong></span> <span class='ocrx_word' id='word_1_810' title='bbox 3600 3220 3717 3273; x_wconf 84' lang='lat' dir='ltr'><strong>pro-</strong></span> 
     </span>
    </p>
   </div>
   <div class='ocr_carea' id='block_1_93' title="bbox 2117 3295 3716 3372">
    <p class='ocr_par' dir='ltr' id='par_1_93' title="bbox 2117 3295 3716 3372">
     <span class='ocr_line' id='line_1_93' title="bbox 2117 3295 3716 3372; baseline -0.005 -17"><span class='ocrx_word' id='word_1_811' title='bbox 2117 3302 2252 3357; x_wconf 87' lang='lat' dir='ltr'><strong>batio</strong></span> <span class='ocrx_word' id='word_1_812' title='bbox 2278 3319 2416 3372; x_wconf 86' lang='lat' dir='ltr'><strong>spem</strong></span> <span class='ocrx_word' id='word_1_813' title='bbox 2439 3321 2458 3367; x_wconf 89' lang='lat'><strong>;</strong></span> <span class='ocrx_word' id='word_1_814' title='bbox 2486 3319 2599 3371; x_wconf 88' lang='lat' dir='ltr'><strong>spes</strong></span> <span class='ocrx_word' id='word_1_815' title='bbox 2627 3314 2793 3355; x_wconf 87' lang='lat' dir='ltr'><strong>autem</strong></span> <span class='ocrx_word' id='word_1_816' title='bbox 2818 3318 2917 3355; x_wconf 90' lang='lat' dir='ltr'><strong>non</strong></span> <span class='ocrx_word' id='word_1_817' title='bbox 2945 3297 3207 3369; x_wconf 79' lang='lat' dir='ltr'><strong>confundit</strong></span> <span class='ocrx_word' id='word_1_818' title='bbox 3229 3314 3247 3350; x_wconf 79' lang='lat'><strong>.&#39;</strong></span> <span class='ocrx_word' id='word_1_819' title='bbox 3268 3298 3511 3367; x_wconf 84' lang='lat' dir='ltr'><strong>quoniam</strong></span> <span class='ocrx_word' id='word_1_820' title='bbox 3536 3295 3716 3349; x_wconf 86' lang='lat' dir='ltr'><strong>chari-</strong></span> 
     </span>
    </p>
   </div>
   <div class='ocr_carea' id='block_1_94' title="bbox 2119 3391 3714 3462">
    <p class='ocr_par' dir='ltr' id='par_1_94' title="bbox 2119 3391 3714 3462">
     <span class='ocr_line' id='line_1_94' title="bbox 2119 3391 3714 3462; baseline -0.005 -12"><span class='ocrx_word' id='word_1_821' title='bbox 2119 3406 2196 3450; x_wconf 88' lang='lat' dir='ltr'><strong>tas</strong></span> <span class='ocrx_word' id='word_1_822' title='bbox 2221 3396 2315 3450; x_wconf 89' lang='lat' dir='ltr'><strong>Dei</strong></span> <span class='ocrx_word' id='word_1_823' title='bbox 2341 3395 2530 3462; x_wconf 73' lang='lat' dir='ltr'><strong>di/Iusa</strong></span> <span class='ocrx_word' id='word_1_824' title='bbox 2558 3404 2628 3450; x_wconf 87' lang='lat' dir='ltr'><strong>est</strong></span> <span class='ocrx_word' id='word_1_825' title='bbox 2651 3396 2702 3450; x_wconf 90' lang='lat' dir='ltr'><strong>in</strong></span> <span class='ocrx_word' id='word_1_826' title='bbox 2728 3395 2961 3450; x_wconf 84' lang='lat' dir='ltr'><strong>cordibus</strong></span> <span class='ocrx_word' id='word_1_827' title='bbox 2988 3394 3168 3449; x_wconf 83' lang='lat' dir='ltr'><strong>nostris</strong></span> <span class='ocrx_word' id='word_1_828' title='bbox 3194 3409 3281 3462; x_wconf 88' lang='lat' dir='ltr'><strong>per</strong></span> <span class='ocrx_word' id='word_1_829' title='bbox 3308 3391 3569 3461; x_wconf 86' lang='lat' dir='ltr'><strong>Spiritum</strong></span> <span class='ocrx_word' id='word_1_830' title='bbox 3592 3407 3714 3445; x_wconf 87' lang='lat' dir='ltr'><strong>san-</strong></span> 
     </span>
    </p>
   </div>
   <div class='ocr_carea' id='block_1_95' title="bbox 2117 3484 3717 3561">
    <p class='ocr_par' dir='ltr' id='par_1_95' title="bbox 2117 3484 3717 3561">
     <span class='ocr_line' id='line_1_95' title="bbox 2117 3484 3717 3561; baseline -0.004 -18"><span class='ocrx_word' id='word_1_831' title='bbox 2117 3500 2274 3555; x_wconf 88' lang='lat' dir='ltr'><strong>ctum,</strong></span> <span class='ocrx_word' id='word_1_832' title='bbox 2299 3491 2382 3557; x_wconf 88' lang='lat' dir='ltr'><strong>qui</strong></span> <span class='ocrx_word' id='word_1_833' title='bbox 2410 3490 2560 3544; x_wconf 87' lang='lat' dir='ltr'><strong>datus</strong></span> <span class='ocrx_word' id='word_1_834' title='bbox 2587 3500 2659 3544; x_wconf 90' lang='lat' dir='ltr'><strong>est</strong></span> <span class='ocrx_word' id='word_1_835' title='bbox 2685 3488 2826 3542; x_wconf 89' lang='lat' dir='ltr'><strong>nobis</strong></span> <span class='ocrx_word' id='word_1_836' title='bbox 2857 3485 3031 3561; x_wconf 82' lang='lat' dir='ltr'><strong>(Rom.</strong></span> <span class='ocrx_word' id='word_1_837' title='bbox 3058 3503 3111 3552; x_wconf 86' lang='lat' dir='ltr'><strong>v,</strong></span> <span class='ocrx_word' id='word_1_838' title='bbox 3134 3484 3269 3555; x_wconf 77' lang='lat'><strong>3-5).</strong></span> <span class='ocrx_word' id='word_1_839' title='bbox 3305 3486 3373 3537; x_wconf 80' lang='lat' dir='ltr'><strong>At</strong></span> <span class='ocrx_word' id='word_1_840' title='bbox 3400 3498 3531 3538; x_wconf 87' lang='lat' dir='ltr'><strong>vero</strong></span> <span class='ocrx_word' id='word_1_841' title='bbox 3554 3496 3717 3551; x_wconf 84' lang='lat' dir='ltr'><strong>super</strong></span> 
     </span>
    </p>
   </div>
   <div class='ocr_carea' id='block_1_96' title="bbox 2117 3577 3716 3652">
    <p class='ocr_par' dir='ltr' id='par_1_96' title="bbox 2117 3577 3716 3652">
     <span class='ocr_line' id='line_1_96' title="bbox 2117 3577 3716 3652; baseline -0.004 -14"><span class='ocrx_word' id='word_1_842' title='bbox 2117 3583 2241 3639; x_wconf 89' lang='lat' dir='ltr'><strong>illos</strong></span> <span class='ocrx_word' id='word_1_843' title='bbox 2266 3598 2386 3638; x_wconf 92' lang='lat' dir='ltr'><strong>cum</strong></span> <span class='ocrx_word' id='word_1_844' title='bbox 2432 3582 2687 3638; x_wconf 88' lang='lat' dir='ltr'><strong>ceciderit</strong></span> <span class='ocrx_word' id='word_1_845' title='bbox 2714 3582 2888 3652; x_wconf 88' lang='lat' dir='ltr'><strong>aliqua</strong></span> <span class='ocrx_word' id='word_1_846' title='bbox 2920 3595 3163 3651; x_wconf 88' lang='lat' dir='ltr'><strong>pressura</strong></span> <span class='ocrx_word' id='word_1_847' title='bbox 3189 3621 3206 3645; x_wconf 90' lang='lat'><strong>,</strong></span> <span class='ocrx_word' id='word_1_848' title='bbox 3231 3579 3405 3648; x_wconf 89' lang='lat' dir='ltr'><strong>aliqua</strong></span> <span class='ocrx_word' id='word_1_849' title='bbox 3450 3577 3677 3632; x_wconf 86' lang='lat' dir='ltr'><strong>miseria</strong></span> <span class='ocrx_word' id='word_1_850' title='bbox 3700 3617 3716 3642; x_wconf 85' lang='lat'><strong>,</strong></span> 
     </span>
    </p>
   </div>
   <div class='ocr_carea' id='block_1_97' title="bbox 2118 3670 3718 3741">
    <p class='ocr_par' dir='ltr' id='par_1_97' title="bbox 2118 3670 3718 3741">
     <span class='ocr_line' id='line_1_97' title="bbox 2118 3670 3718 3741; baseline -0.004 -12"><span class='ocrx_word' id='word_1_851' title='bbox 2118 3690 2226 3729; x_wconf 89' lang='lat' dir='ltr'><strong>non</strong></span> <span class='ocrx_word' id='word_1_852' title='bbox 2259 3674 2582 3739; x_wconf 88' lang='lat' dir='ltr'><strong>Subsistunt;</strong></span> <span class='ocrx_word' id='word_1_853' title='bbox 2607 3675 2823 3729; x_wconf 85' lang='lat' dir='ltr'><strong>eadunt.</strong></span> <span class='ocrx_word' id='word_1_854' title='bbox 2853 3672 3073 3741; x_wconf 89' lang='lat' dir='ltr'><strong>Quando</strong></span> <span class='ocrx_word' id='word_1_855' title='bbox 3103 3672 3243 3726; x_wconf 87' lang='lat' dir='ltr'><strong>enim</strong></span> <span class='ocrx_word' id='word_1_856' title='bbox 3276 3672 3407 3725; x_wconf 89' lang='lat' dir='ltr'><strong>tales</strong></span> <span class='ocrx_word' id='word_1_857' title='bbox 3437 3670 3718 3740; x_wconf 84' lang='lat' dir='ltr'><strong>patiuntur</strong></span> 
     </span>
    </p>
   </div>
   <div class='ocr_carea' id='block_1_98' title="bbox 2119 3762 3720 3836">
    <p class='ocr_par' dir='ltr' id='par_1_98' title="bbox 2119 3762 3720 3836">
     <span class='ocr_line' id='line_1_98' title="bbox 2119 3762 3720 3836; baseline -0.002 -16"><span class='ocrx_word' id='word_1_858' title='bbox 2119 3766 2425 3835; x_wconf 82' lang='lat' dir='ltr'><strong>hujusmodi</strong></span> <span class='ocrx_word' id='word_1_859' title='bbox 2459 3781 2735 3836; x_wconf 88' lang='lat' dir='ltr'><strong>pressuras</strong></span> <span class='ocrx_word' id='word_1_860' title='bbox 2760 3808 2774 3832; x_wconf 93' lang='lat'><strong>,</strong></span> <span class='ocrx_word' id='word_1_861' title='bbox 2820 3781 2924 3820; x_wconf 92' lang='lat' dir='ltr'><strong>non</strong></span> <span class='ocrx_word' id='word_1_862' title='bbox 2950 3765 3127 3820; x_wconf 82' lang='lat' dir='ltr'><strong>valent</strong></span> <span class='ocrx_word' id='word_1_863' title='bbox 3159 3763 3385 3819; x_wconf 86' lang='lat' dir='ltr'><strong>tolerare</strong></span> <span class='ocrx_word' id='word_1_864' title='bbox 3409 3806 3424 3829; x_wconf 95' lang='lat'><strong>,</strong></span> <span class='ocrx_word' id='word_1_865' title='bbox 3454 3762 3720 3819; x_wconf 86' lang='lat' dir='ltr'><strong>decidunt</strong></span> 
     </span>
    </p>
   </div>
   <div class='ocr_carea' id='block_1_99' title="bbox 2119 3854 3719 3935">
    <p class='ocr_par' dir='ltr' id='par_1_99' title="bbox 2119 3854 3719 3935">
     <span class='ocr_line' id='line_1_99' title="bbox 2119 3854 3719 3935; baseline -0.002 -24"><span class='ocrx_word' id='word_1_866' title='bbox 2119 3856 2175 3935; x_wconf 89' lang='lat' dir='ltr'><strong>in</strong></span> <span class='ocrx_word' id='word_1_867' title='bbox 2206 3857 2507 3927; x_wconf 86' lang='lat' dir='ltr'><strong>iniquitates</strong></span> <span class='ocrx_word' id='word_1_868' title='bbox 2535 3858 2698 3914; x_wconf 86' lang='lat' dir='ltr'><strong>malas</strong></span> <span class='ocrx_word' id='word_1_869' title='bbox 2724 3873 2737 3923; x_wconf 88' lang='lat'><strong>;</strong></span> <span class='ocrx_word' id='word_1_870' title='bbox 2769 3858 2889 3927; x_wconf 90' lang='lat' dir='ltr'><strong>quia</strong></span> <span class='ocrx_word' id='word_1_871' title='bbox 2932 3855 3210 3912; x_wconf 88' lang='lat' dir='ltr'><strong>traduntur</strong></span> <span class='ocrx_word' id='word_1_872' title='bbox 3238 3872 3265 3909; x_wconf 88' lang='lat' dir='ltr'><strong>a</strong></span> <span class='ocrx_word' id='word_1_873' title='bbox 3296 3854 3574 3911; x_wconf 89' lang='lat' dir='ltr'><strong>desiderio</strong></span> <span class='ocrx_word' id='word_1_874' title='bbox 3622 3867 3719 3909; x_wconf 89' lang='lat' dir='ltr'><strong>suo</strong></span> 
     </span>
    </p>
   </div>
   <div class='ocr_carea' id='block_1_100' title="bbox 2119 3950 2407 4019">
    <p class='ocr_par' dir='ltr' id='par_1_100' title="bbox 2119 3950 2407 4019">
     <span class='ocr_line' id='line_1_100' title="bbox 2119 3950 2407 4019; baseline -0.007 -15"><span class='ocrx_word' id='word_1_875' title='bbox 2119 3950 2407 4019; x_wconf 80' lang='lat' dir='ltr'><strong>peccaturi.</strong></span> 
     </span>
    </p>
   </div>
   <div class='ocr_carea' id='block_1_101' title="bbox 2196 4040 3718 4114">
    <p class='ocr_par' dir='ltr' id='par_1_101' title="bbox 2196 4040 3718 4114">
     <span class='ocr_line' id='line_1_101' title="bbox 2196 4040 3718 4114; baseline -0.001 -18"><span class='ocrx_word' id='word_1_876' title='bbox 2196 4042 2282 4096; x_wconf 79' lang='grc'><strong>15.</strong></span> <span class='ocrx_word' id='word_1_877' title='bbox 2327 4040 2490 4113; x_wconf 62' lang='lat' dir='ltr'><strong>[vers</strong></span> <span class='ocrx_word' id='word_1_878' title='bbox 2533 4040 2661 4114; x_wconf 70' lang='lat'><strong>12.]</strong></span> <span class='ocrx_word' id='word_1_879' title='bbox 2715 4041 2799 4095; x_wconf 85' lang='lat' dir='ltr'><strong>Vir</strong></span> <span class='ocrx_word' id='word_1_880' title='bbox 2842 4040 3101 4112; x_wconf 85' lang='lat' dir='ltr'><strong>linguosus</strong></span> <span class='ocrx_word' id='word_1_881' title='bbox 3142 4057 3243 4094; x_wconf 90' lang='lat' dir='ltr'><strong>non</strong></span> <span class='ocrx_word' id='word_1_882' title='bbox 3277 4040 3523 4111; x_wconf 87' lang='lat' dir='ltr'><strong>dirigetur</strong></span> <span class='ocrx_word' id='word_1_883' title='bbox 3564 4056 3718 4112; x_wconf 81' lang='lat' dir='ltr'><strong>super</strong></span> 
     </span>
    </p>
   </div>
   <div class='ocr_carea' id='block_1_102' title="bbox 2123 4131 3717 4201">
    <p class='ocr_par' dir='ltr' id='par_1_102' title="bbox 2123 4131 3717 4201">
     <span class='ocr_line' id='line_1_102' title="bbox 2123 4131 3717 4201; baseline -0.003 -12"><span class='ocrx_word' id='word_1_884' title='bbox 2123 4144 2327 4189; x_wconf 87' lang='lat' dir='ltr'><strong>terram.</strong></span> <span class='ocrx_word' id='word_1_885' title='bbox 2360 4133 2452 4187; x_wconf 84' lang='lat' dir='ltr'><strong>Vir</strong></span> <span class='ocrx_word' id='word_1_886' title='bbox 2481 4134 2752 4201; x_wconf 88' lang='lat' dir='ltr'><strong>linguosus</strong></span> <span class='ocrx_word' id='word_1_887' title='bbox 2784 4142 2928 4188; x_wconf 88' lang='lat' dir='ltr'><strong>amat</strong></span> <span class='ocrx_word' id='word_1_888' title='bbox 2967 4132 3259 4188; x_wconf 86' lang='lat' dir='ltr'><strong>mendacia.</strong></span> <span class='ocrx_word' id='word_1_889' title='bbox 3291 4131 3427 4199; x_wconf 87' lang='lat' dir='ltr'><strong>Quid</strong></span> <span class='ocrx_word' id='word_1_890' title='bbox 3458 4132 3615 4187; x_wconf 89' lang='lat' dir='ltr'><strong>enim</strong></span> <span class='ocrx_word' id='word_1_891' title='bbox 3646 4131 3717 4187; x_wconf 91' lang='lat' dir='ltr'><strong>illi</strong></span> 
     </span>
    </p>
   </div>
   <div class='ocr_carea' id='block_1_103' title="bbox 2123 4222 3718 4296">
    <p class='ocr_par' dir='ltr' id='par_1_103' title="bbox 2123 4222 3718 4296">
     <span class='ocr_line' id='line_1_103' title="bbox 2123 4222 3718 4296; baseline -0.004 -14"><span class='ocrx_word' id='word_1_892' title='bbox 2123 4236 2209 4282; x_wconf 89' lang='lat' dir='ltr'><strong>est</strong></span> <span class='ocrx_word' id='word_1_893' title='bbox 2235 4228 2479 4296; x_wconf 88' lang='lat' dir='ltr'><strong>voluptas</strong></span> <span class='ocrx_word' id='word_1_894' title='bbox 2501 4269 2515 4292; x_wconf 93' lang='lat'><strong>,</strong></span> <span class='ocrx_word' id='word_1_895' title='bbox 2547 4228 2645 4281; x_wconf 92' lang='lat' dir='ltr'><strong>nisi</strong></span> <span class='ocrx_word' id='word_1_896' title='bbox 2674 4225 2862 4295; x_wconf 88' lang='lat' dir='ltr'><strong>loqui?</strong></span> <span class='ocrx_word' id='word_1_897' title='bbox 2892 4225 3003 4279; x_wconf 86' lang='lat' dir='ltr'><strong>Non</strong></span> <span class='ocrx_word' id='word_1_898' title='bbox 3035 4225 3176 4280; x_wconf 88' lang='lat' dir='ltr'><strong>enim</strong></span> <span class='ocrx_word' id='word_1_899' title='bbox 3202 4223 3427 4278; x_wconf 90' lang='lat' dir='ltr'><strong>attendit</strong></span> <span class='ocrx_word' id='word_1_900' title='bbox 3464 4222 3600 4293; x_wconf 91' lang='lat' dir='ltr'><strong>quid</strong></span> <span class='ocrx_word' id='word_1_901' title='bbox 3644 4222 3718 4276; x_wconf 82' lang='lat' dir='ltr'><strong>lo-</strong></span> 
     </span>
    </p>
   </div>
   <div class='ocr_carea' id='block_1_104' title="bbox 2124 4315 3720 4388">
    <p class='ocr_par' dir='ltr' id='par_1_104' title="bbox 2124 4315 3720 4388">
     <span class='ocr_line' id='line_1_104' title="bbox 2124 4315 3720 4388; baseline -0.003 -16"><span class='ocrx_word' id='word_1_902' title='bbox 2124 4328 2316 4388; x_wconf 89' lang='lat' dir='ltr'><strong>quatur</strong></span> <span class='ocrx_word' id='word_1_903' title='bbox 2339 4359 2354 4384; x_wconf 95' lang='lat'><strong>,</strong></span> <span class='ocrx_word' id='word_1_904' title='bbox 2385 4317 2510 4372; x_wconf 91' lang='lat' dir='ltr'><strong>dum</strong></span> <span class='ocrx_word' id='word_1_905' title='bbox 2544 4318 2788 4388; x_wconf 90' lang='lat' dir='ltr'><strong>loquatur</strong></span> <span class='ocrx_word' id='word_1_906' title='bbox 2815 4318 2853 4370; x_wconf 75' lang='grc' dir='ltr'><strong>ί.</strong></span> <span class='ocrx_word' id='word_1_907' title='bbox 2886 4317 3201 4386; x_wconf 79' lang='lat' dir='ltr'><strong>Nonpotest</strong></span> <span class='ocrx_word' id='word_1_908' title='bbox 3230 4316 3341 4370; x_wconf 80' lang='lat' dir='ltr'><strong>fieri</strong></span> <span class='ocrx_word' id='word_1_909' title='bbox 3369 4326 3425 4370; x_wconf 92' lang='lat' dir='ltr'><strong>ut</strong></span> <span class='ocrx_word' id='word_1_910' title='bbox 3454 4315 3556 4370; x_wconf 82' lang='lat' dir='ltr'><strong>iste</strong></span> <span class='ocrx_word' id='word_1_911' title='bbox 3590 4315 3720 4370; x_wconf 84' lang='lat' dir='ltr'><strong>diri-</strong></span> 
     </span>
    </p>
   </div>
   <div class='ocr_carea' id='block_1_105' title="bbox 2124 4410 3717 4482">
    <p class='ocr_par' dir='ltr' id='par_1_105' title="bbox 2124 4410 3717 4482">
     <span class='ocr_line' id='line_1_105' title="bbox 2124 4410 3717 4482; baseline -0.003 -16"><span class='ocrx_word' id='word_1_912' title='bbox 2124 4420 2296 4482; x_wconf 87' lang='lat' dir='ltr'><strong>gatur.</strong></span> <span class='ocrx_word' id='word_1_913' title='bbox 2326 4411 2509 4478; x_wconf 89' lang='lat' dir='ltr'><strong>Qualis</strong></span> <span class='ocrx_word' id='word_1_914' title='bbox 2535 4426 2662 4482; x_wconf 83' lang='lat' dir='ltr'><strong>ergo</strong></span> <span class='ocrx_word' id='word_1_915' title='bbox 2695 4425 2815 4466; x_wconf 89' lang='lat' dir='ltr'><strong>esse</strong></span> <span class='ocrx_word' id='word_1_916' title='bbox 2851 4410 3010 4466; x_wconf 86' lang='lat' dir='ltr'><strong>debet</strong></span> <span class='ocrx_word' id='word_1_917' title='bbox 3053 4425 3241 4465; x_wconf 86' lang='lat' dir='ltr'><strong>servus</strong></span> <span class='ocrx_word' id='word_1_918' title='bbox 3281 4410 3413 4476; x_wconf 89' lang='lat' dir='ltr'><strong>Dei,</strong></span> <span class='ocrx_word' id='word_1_919' title='bbox 3453 4422 3717 4465; x_wconf 89' lang='lat' dir='ltr'><strong>accensus</strong></span> 
     </span>
    </p>
   </div>
   <div class='ocr_carea' id='block_1_106' title="bbox 2125 4500 3715 4573">
    <p class='ocr_par' dir='ltr' id='par_1_106' title="bbox 2125 4500 3715 4573">
     <span class='ocr_line' id='line_1_106' title="bbox 2125 4500 3715 4573; baseline -0.003 -15"><span class='ocrx_word' id='word_1_920' title='bbox 2125 4503 2235 4558; x_wconf 91' lang='lat' dir='ltr'><strong>illis</strong></span> <span class='ocrx_word' id='word_1_921' title='bbox 2290 4502 2646 4569; x_wconf 84' lang='lat' dir='ltr'><strong>carbonibus,</strong></span> <span class='ocrx_word' id='word_1_922' title='bbox 2698 4511 2752 4557; x_wconf 91' lang='lat' dir='ltr'><strong>et</strong></span> <span class='ocrx_word' id='word_1_923' title='bbox 2794 4503 2907 4573; x_wconf 87' lang='lat' dir='ltr'><strong>ipse</strong></span> <span class='ocrx_word' id='word_1_924' title='bbox 2953 4503 3115 4558; x_wconf 91' lang='lat' dir='ltr'><strong>carbo</strong></span> <span class='ocrx_word' id='word_1_925' title='bbox 3160 4503 3407 4557; x_wconf 88' lang='lat' dir='ltr'><strong>salutaris</strong></span> <span class='ocrx_word' id='word_1_926' title='bbox 3449 4500 3715 4561; x_wconf 73' lang='lat' dir='ltr'><strong>allectus?</strong></span> 
     </span>
    </p>
   </div>
   <div class='ocr_carea' id='block_1_107' title="bbox 2125 4593 3711 4668">
    <p class='ocr_par' dir='ltr' id='par_1_107' title="bbox 2125 4593 3711 4668">
     <span class='ocr_line' id='line_1_107' title="bbox 2125 4593 3711 4668; baseline -0.001 -18"><span class='ocrx_word' id='word_1_927' title='bbox 2125 4597 2298 4668; x_wconf 88' lang='lat' dir='ltr'><strong>qualis</strong></span> <span class='ocrx_word' id='word_1_928' title='bbox 2320 4611 2437 4651; x_wconf 88' lang='lat' dir='ltr'><strong>esse</strong></span> <span class='ocrx_word' id='word_1_929' title='bbox 2458 4595 2653 4651; x_wconf 86' lang='lat' dir='ltr'><strong>debet?</strong></span> <span class='ocrx_word' id='word_1_930' title='bbox 2676 4593 2742 4650; x_wconf 88' lang='lat' dir='ltr'><strong>Ut</strong></span> <span class='ocrx_word' id='word_1_931' title='bbox 2762 4595 2929 4665; x_wconf 83' lang='lat' dir='ltr'><strong>magis</strong></span> <span class='ocrx_word' id='word_1_932' title='bbox 2949 4604 3094 4666; x_wconf 81' lang='lat' dir='ltr'><strong>aptet</strong></span> <span class='ocrx_word' id='word_1_933' title='bbox 3118 4594 3302 4650; x_wconf 82' lang='lat' dir='ltr'><strong>audire</strong></span> <span class='ocrx_word' id='word_1_934' title='bbox 3327 4610 3486 4665; x_wconf 83' lang='lat' dir='ltr'><strong>quam</strong></span> <span class='ocrx_word' id='word_1_935' title='bbox 3508 4594 3711 4661; x_wconf 88' lang='lat' dir='ltr'><strong>dicere,</strong></span> 
     </span>
    </p>
   </div>
   <div class='ocr_carea' id='block_1_108' title="bbox 2126 4686 3714 4758">
    <p class='ocr_par' dir='ltr' id='par_1_108' title="bbox 2126 4686 3714 4758">
     <span class='ocr_line' id='line_1_108' title="bbox 2126 4686 3714 4758; baseline -0.004 -14"><span class='ocrx_word' id='word_1_936' title='bbox 2126 4690 2264 4745; x_wconf 85' lang='lat' dir='ltr'><strong>sicut</strong></span> <span class='ocrx_word' id='word_1_937' title='bbox 2292 4687 2544 4758; x_wconf 88' lang='lat' dir='ltr'><strong>scriptum</strong></span> <span class='ocrx_word' id='word_1_938' title='bbox 2575 4697 2656 4744; x_wconf 92' lang='lat' dir='ltr'><strong>est</strong></span> <span class='ocrx_word' id='word_1_939' title='bbox 2678 4729 2693 4756; x_wconf 93' lang='lat'><strong>,</strong></span> <span class='ocrx_word' id='word_1_940' title='bbox 2738 4687 2819 4743; x_wconf 89' lang='lat' dir='ltr'><strong>Sit</strong></span> <span class='ocrx_word' id='word_1_941' title='bbox 2860 4698 3028 4741; x_wconf 90' lang='lat' dir='ltr'><strong>autem</strong></span> <span class='ocrx_word' id='word_1_942' title='bbox 3062 4687 3225 4742; x_wconf 88' lang='lat' dir='ltr'><strong>omnis</strong></span> <span class='ocrx_word' id='word_1_943' title='bbox 3273 4687 3421 4741; x_wconf 84' lang='lat' dir='ltr'><strong>homo</strong></span> <span class='ocrx_word' id='word_1_944' title='bbox 3464 4688 3616 4742; x_wconf 74' lang='lat' dir='ltr'><strong>velox</strong></span> <span class='ocrx_word' id='word_1_945' title='bbox 3651 4686 3714 4740; x_wconf 88' lang='lat' dir='ltr'><strong>ad</strong></span> 
     </span>
    </p>
   </div>
   <div class='ocr_carea' id='block_1_109' title="bbox 2127 4778 3710 4851">
    <p class='ocr_par' dir='ltr' id='par_1_109' title="bbox 2127 4778 3710 4851">
     <span class='ocr_line' id='line_1_109' title="bbox 2127 4778 3710 4851; baseline -0.002 -16"><span class='ocrx_word' id='word_1_946' title='bbox 2127 4780 2435 4849; x_wconf 82' lang='lat' dir='ltr'><strong>audiendum</strong></span> <span class='ocrx_word' id='word_1_947' title='bbox 2458 4823 2473 4849; x_wconf 89' lang='lat'><strong>,</strong></span> <span class='ocrx_word' id='word_1_948' title='bbox 2504 4781 2678 4835; x_wconf 89' lang='lat' dir='ltr'><strong>tardus</strong></span> <span class='ocrx_word' id='word_1_949' title='bbox 2707 4781 2775 4834; x_wconf 89' lang='lat' dir='ltr'><strong>ad</strong></span> <span class='ocrx_word' id='word_1_950' title='bbox 2797 4780 3100 4850; x_wconf 89' lang='lat' dir='ltr'><strong>loquendum</strong></span> <span class='ocrx_word' id='word_1_951' title='bbox 3122 4779 3141 4851; x_wconf 94' lang='lat'><strong>(</strong></span> <span class='ocrx_word' id='word_1_952' title='bbox 3162 4778 3341 4834; x_wconf 84' lang='lat' dir='ltr'><strong>Jacobi</strong></span> <span class='ocrx_word' id='word_1_953' title='bbox 3367 4795 3383 4833; x_wconf 92' lang='grc' dir='ltr'><strong>ι</strong></span> <span class='ocrx_word' id='word_1_954' title='bbox 3406 4820 3423 4846; x_wconf 83' lang='grc'>,</span> <span class='ocrx_word' id='word_1_955' title='bbox 3453 4778 3562 4849; x_wconf 83' lang='grc'><strong>19)</strong></span> <span class='ocrx_word' id='word_1_956' title='bbox 3589 4797 3603 4833; x_wconf 89' lang='lat'><strong>:</strong></span> <span class='ocrx_word' id='word_1_957' title='bbox 3627 4786 3710 4843; x_wconf 89' lang='lat' dir='ltr'><strong>et,</strong></span> 
     </span>
    </p>
   </div>
   <div class='ocr_carea' id='block_1_110' title="bbox 2128 4871 3713 4945">
    <p class='ocr_par' dir='ltr' id='par_1_110' title="bbox 2128 4871 3713 4945">
     <span class='ocr_line' id='line_1_110' title="bbox 2128 4871 3713 4945; baseline -0.006 -12"><span class='ocrx_word' id='word_1_958' title='bbox 2128 4876 2178 4933; x_wconf 84' lang='lat' dir='ltr'><strong>si</strong></span> <span class='ocrx_word' id='word_1_959' title='bbox 2206 4874 2319 4931; x_wconf 88' lang='lat' dir='ltr'><strong>ﬁeri</strong></span> <span class='ocrx_word' id='word_1_960' title='bbox 2351 4884 2559 4945; x_wconf 88' lang='lat' dir='ltr'><strong>potest,</strong></span> <span class='ocrx_word' id='word_1_961' title='bbox 2588 4874 2689 4929; x_wconf 90' lang='lat' dir='ltr'><strong>hoc</strong></span> <span class='ocrx_word' id='word_1_962' title='bbox 2713 4875 2889 4944; x_wconf 88' lang='lat' dir='ltr'><strong>cupiat</strong></span> <span class='ocrx_word' id='word_1_963' title='bbox 2912 4915 2925 4940; x_wconf 93' lang='lat'><strong>,</strong></span> <span class='ocrx_word' id='word_1_964' title='bbox 2958 4888 3063 4928; x_wconf 91' lang='lat' dir='ltr'><strong>non</strong></span> <span class='ocrx_word' id='word_1_965' title='bbox 3103 4871 3298 4929; x_wconf 87' lang='lat' dir='ltr'><strong>habere</strong></span> <span class='ocrx_word' id='word_1_966' title='bbox 3339 4872 3713 4927; x_wconf 87' lang='lat' dir='ltr'><strong>necessitatem</strong></span> 
     </span>
    </p>
   </div>
   <div class='ocr_carea' id='block_1_111' title="bbox 2130 4964 3711 5040">
    <p class='ocr_par' dir='ltr' id='par_1_111' title="bbox 2130 4964 3711 5040">
     <span class='ocr_line' id='line_1_111' title="bbox 2130 4964 3711 5040; baseline -0.005 -16"><span class='ocrx_word' id='word_1_967' title='bbox 2130 4969 2421 5040; x_wconf 88' lang='lat' dir='ltr'><strong>loquendi,</strong></span> <span class='ocrx_word' id='word_1_968' title='bbox 2453 4977 2507 5025; x_wconf 89' lang='lat' dir='ltr'><strong>et</strong></span> <span class='ocrx_word' id='word_1_969' title='bbox 2530 4968 2739 5025; x_wconf 91' lang='lat' dir='ltr'><strong>dicendi</strong></span> <span class='ocrx_word' id='word_1_970' title='bbox 2765 4971 2807 5036; x_wconf 79' lang='lat'><strong>’,</strong></span> <span class='ocrx_word' id='word_1_971' title='bbox 2840 4974 2894 5023; x_wconf 88' lang='lat' dir='ltr'><strong>et</strong></span> <span class='ocrx_word' id='word_1_972' title='bbox 2930 4966 3175 5023; x_wconf 90' lang='lat' dir='ltr'><strong>docendi.</strong></span> <span class='ocrx_word' id='word_1_973' title='bbox 3225 4966 3365 5022; x_wconf 87' lang='lat' dir='ltr'><strong>Ecce</strong></span> <span class='ocrx_word' id='word_1_974' title='bbox 3412 4966 3557 5021; x_wconf 89' lang='lat' dir='ltr'><strong>enim</strong></span> <span class='ocrx_word' id='word_1_975' title='bbox 3599 4964 3711 5019; x_wconf 90' lang='lat' dir='ltr'><strong>dico</strong></span> 
     </span>
    </p>
   </div>
   <div class='ocr_carea' id='block_1_112' title="bbox 2130 5054 3713 5129">
    <p class='ocr_par' dir='ltr' id='par_1_112' title="bbox 2130 5054 3713 5129">
     <span class='ocr_line' id='line_1_112' title="bbox 2130 5054 3713 5129; baseline -0.004 -12"><span class='ocrx_word' id='word_1_976' title='bbox 2130 5061 2389 5117; x_wconf 89' lang='lat' dir='ltr'><strong>Charitati</strong></span> <span class='ocrx_word' id='word_1_977' title='bbox 2418 5069 2609 5115; x_wconf 66' lang='lat' dir='ltr'><strong>vestrm</strong></span> <span class='ocrx_word' id='word_1_978' title='bbox 2638 5079 2650 5114; x_wconf 90' lang='lat'><strong>:</strong></span> <span class='ocrx_word' id='word_1_979' title='bbox 2677 5059 2864 5114; x_wconf 87' lang='lat' dir='ltr'><strong>fratres</strong></span> <span class='ocrx_word' id='word_1_980' title='bbox 2889 5058 2992 5114; x_wconf 88' lang='lat' dir='ltr'><strong>mei</strong></span> <span class='ocrx_word' id='word_1_981' title='bbox 3021 5101 3035 5126; x_wconf 98' lang='lat'><strong>,</strong></span> <span class='ocrx_word' id='word_1_982' title='bbox 3058 5058 3323 5129; x_wconf 74' lang='lat' dir='ltr'><strong>loquimur</strong></span> <span class='ocrx_word' id='word_1_983' title='bbox 3344 5072 3443 5112; x_wconf 89' lang='lat' dir='ltr'><strong>nos</strong></span> <span class='ocrx_word' id='word_1_984' title='bbox 3464 5057 3627 5113; x_wconf 88' lang='lat' dir='ltr'><strong>modo</strong></span> <span class='ocrx_word' id='word_1_985' title='bbox 3650 5054 3713 5111; x_wconf 87' lang='lat' dir='ltr'><strong>ad</strong></span> 
     </span>
    </p>
   </div>
   <div class='ocr_carea' id='block_1_113' title="bbox 2130 5150 3710 5223">
    <p class='ocr_par' dir='ltr' id='par_1_113' title="bbox 2130 5150 3710 5223">
     <span class='ocr_line' id='line_1_113' title="bbox 2130 5150 3710 5223; baseline -0.001 -18"><span class='ocrx_word' id='word_1_986' title='bbox 2130 5167 2228 5207; x_wconf 88' lang='lat' dir='ltr'><strong>vos</strong></span> <span class='ocrx_word' id='word_1_987' title='bbox 2248 5194 2263 5219; x_wconf 90' lang='lat'><strong>,</strong></span> <span class='ocrx_word' id='word_1_988' title='bbox 2296 5163 2353 5206; x_wconf 90' lang='lat' dir='ltr'><strong>ut</strong></span> <span class='ocrx_word' id='word_1_989' title='bbox 2380 5152 2575 5223; x_wconf 89' lang='lat' dir='ltr'><strong>aliquid</strong></span> <span class='ocrx_word' id='word_1_990' title='bbox 2605 5152 2891 5208; x_wconf 85' lang='lat' dir='ltr'><strong>doceamus</strong></span> <span class='ocrx_word' id='word_1_991' title='bbox 2920 5167 3014 5206; x_wconf 89' lang='lat' dir='ltr'><strong>vos</strong></span> <span class='ocrx_word' id='word_1_992' title='bbox 3048 5169 3061 5206; x_wconf 88' lang='lat'><strong>:</strong></span> <span class='ocrx_word' id='word_1_993' title='bbox 3097 5160 3293 5222; x_wconf 88' lang='lat' dir='ltr'><strong>quanto</strong></span> <span class='ocrx_word' id='word_1_994' title='bbox 3324 5150 3516 5205; x_wconf 91' lang='lat' dir='ltr'><strong>melius</strong></span> <span class='ocrx_word' id='word_1_995' title='bbox 3541 5192 3555 5215; x_wconf 91' lang='lat'><strong>,</strong></span> <span class='ocrx_word' id='word_1_996' title='bbox 3599 5164 3710 5203; x_wconf 89' lang='lat' dir='ltr'><strong>om-</strong></span> 
     </span>
    </p>
   </div>
   <div class='ocr_carea' id='block_1_114' title="bbox 2132 5241 3711 5310">
    <p class='ocr_par' dir='ltr' id='par_1_114' title="bbox 2132 5241 3711 5310">
     <span class='ocr_line' id='line_1_114' title="bbox 2132 5241 3711 5310; baseline -0.004 -13"><span class='ocrx_word' id='word_1_997' title='bbox 2132 5258 2230 5298; x_wconf 88' lang='lat' dir='ltr'><strong>nes</strong></span> <span class='ocrx_word' id='word_1_998' title='bbox 2256 5242 2513 5297; x_wconf 88' lang='lat' dir='ltr'><strong>sciremus</strong></span> <span class='ocrx_word' id='word_1_999' title='bbox 2539 5284 2555 5310; x_wconf 93' lang='lat'><strong>,</strong></span> <span class='ocrx_word' id='word_1_1000' title='bbox 2584 5251 2637 5297; x_wconf 88' lang='lat' dir='ltr'><strong>et</strong></span> <span class='ocrx_word' id='word_1_1001' title='bbox 2659 5258 2815 5297; x_wconf 91' lang='lat' dir='ltr'><strong>nemo</strong></span> <span class='ocrx_word' id='word_1_1002' title='bbox 2839 5243 3054 5298; x_wconf 88' lang='lat' dir='ltr'><strong>doceret</strong></span> <span class='ocrx_word' id='word_1_1003' title='bbox 3078 5241 3302 5296; x_wconf 90' lang='lat' dir='ltr'><strong>alterum</strong></span> <span class='ocrx_word' id='word_1_1004' title='bbox 3326 5258 3342 5308; x_wconf 91' lang='lat'><strong>;</strong></span> <span class='ocrx_word' id='word_1_1005' title='bbox 3366 5248 3425 5295; x_wconf 91' lang='lat' dir='ltr'><strong>ut</strong></span> <span class='ocrx_word' id='word_1_1006' title='bbox 3451 5255 3557 5295; x_wconf 92' lang='lat' dir='ltr'><strong>non</strong></span> <span class='ocrx_word' id='word_1_1007' title='bbox 3578 5244 3711 5295; x_wconf 89' lang='lat' dir='ltr'><strong>esset</strong></span> 
     </span>
    </p>
   </div>
   <div class='ocr_carea' id='block_1_115' title="bbox 2132 5333 3709 5405">
    <p class='ocr_par' dir='ltr' id='par_1_115' title="bbox 2132 5333 3709 5405">
     <span class='ocr_line' id='line_1_115' title="bbox 2132 5333 3709 5405; baseline -0.003 -15"><span class='ocrx_word' id='word_1_1008' title='bbox 2132 5334 2268 5391; x_wconf 90' lang='lat' dir='ltr'><strong>alius</strong></span> <span class='ocrx_word' id='word_1_1009' title='bbox 2297 5334 2518 5405; x_wconf 90' lang='lat' dir='ltr'><strong>loquens</strong></span> <span class='ocrx_word' id='word_1_1010' title='bbox 2542 5377 2557 5401; x_wconf 90' lang='lat'><strong>,</strong></span> <span class='ocrx_word' id='word_1_1011' title='bbox 2598 5334 2732 5390; x_wconf 89' lang='lat' dir='ltr'><strong>alius</strong></span> <span class='ocrx_word' id='word_1_1012' title='bbox 2772 5335 2993 5389; x_wconf 91' lang='lat' dir='ltr'><strong>audiens</strong></span> <span class='ocrx_word' id='word_1_1013' title='bbox 3017 5376 3030 5399; x_wconf 96' lang='lat'><strong>,</strong></span> <span class='ocrx_word' id='word_1_1014' title='bbox 3078 5334 3171 5390; x_wconf 88' lang='lat' dir='ltr'><strong>sed</strong></span> <span class='ocrx_word' id='word_1_1015' title='bbox 3216 5350 3403 5391; x_wconf 87' lang='lat' dir='ltr'><strong>omnes</strong></span> <span class='ocrx_word' id='word_1_1016' title='bbox 3439 5333 3709 5388; x_wconf 86' lang='lat' dir='ltr'><strong>audientes</strong></span> 
     </span>
    </p>
   </div>
   <div class='ocr_carea' id='block_1_116' title="bbox 2132 5423 3708 5491">
    <p class='ocr_par' dir='ltr' id='par_1_116' title="bbox 2132 5423 3708 5491">
     <span class='ocr_line' id='line_1_116' title="bbox 2132 5423 3708 5491; baseline -0.003 -12"><span class='ocrx_word' id='word_1_1017' title='bbox 2132 5442 2296 5480; x_wconf 91' lang='lat' dir='ltr'><strong>unum</strong></span> <span class='ocrx_word' id='word_1_1018' title='bbox 2326 5425 2471 5479; x_wconf 88' lang='lat' dir='ltr'><strong>illum</strong></span> <span class='ocrx_word' id='word_1_1019' title='bbox 2499 5424 2585 5479; x_wconf 91' lang='lat' dir='ltr'><strong>cui</strong></span> <span class='ocrx_word' id='word_1_1020' title='bbox 2614 5425 2805 5479; x_wconf 89' lang='lat' dir='ltr'><strong>dicitur</strong></span> <span class='ocrx_word' id='word_1_1021' title='bbox 2827 5467 2841 5491; x_wconf 90' lang='lat'><strong>,</strong></span> <span class='ocrx_word' id='word_1_1022' title='bbox 2875 5426 3082 5479; x_wconf 85' lang='lat' dir='ltr'><strong>Auditui</strong></span> <span class='ocrx_word' id='word_1_1023' title='bbox 3112 5441 3217 5477; x_wconf 87' lang='lat' dir='ltr'><strong>meo</strong></span> <span class='ocrx_word' id='word_1_1024' title='bbox 3247 5423 3391 5478; x_wconf 85' lang='lat' dir='ltr'><strong>dabis</strong></span> <span class='ocrx_word' id='word_1_1025' title='bbox 3423 5423 3708 5479; x_wconf 76' lang='lat' dir='ltr'><strong>exsultatio-</strong></span> 
     </span>
    </p>
   </div>
   <div class='ocr_carea' id='block_1_117' title="bbox 2133 5500 3704 5585">
    <p class='ocr_par' dir='ltr' id='par_1_117' title="bbox 2133 5500 3704 5585">
     <span class='ocr_line' id='line_1_117' title="bbox 2133 5500 3704 5585; baseline -0.004 -15"><span class='ocrx_word' id='word_1_1026' title='bbox 2133 5500 2244 5571; x_wconf 85' lang='lat' dir='ltr'><strong>nem</strong></span> <span class='ocrx_word' id='word_1_1027' title='bbox 2273 5524 2318 5570; x_wconf 87' lang='lat' dir='ltr'><strong>et</strong></span> <span class='ocrx_word' id='word_1_1028' title='bbox 2348 5516 2571 5570; x_wconf 73' lang='lat' dir='ltr'><strong>laztitiam</strong></span> <span class='ocrx_word' id='word_1_1029' title='bbox 2595 5516 2613 5585; x_wconf 94' lang='lat'>(</span> <span class='ocrx_word' id='word_1_1030' title='bbox 2638 5514 2781 5569; x_wconf 88' lang='lat' dir='ltr'><strong>Psal.</strong></span> <span class='ocrx_word' id='word_1_1031' title='bbox 2816 5532 2846 5570; x_wconf 75' lang='grc' dir='ltr'><strong>ι.</strong></span> <span class='ocrx_word' id='word_1_1032' title='bbox 2871 5556 2884 5579; x_wconf 84' lang='grc'><em>,</em></span> <span class='ocrx_word' id='word_1_1033' title='bbox 2911 5514 2976 5569; x_wconf 87' lang='grc'><strong>10</strong></span> <span class='ocrx_word' id='word_1_1034' title='bbox 3000 5513 3224 5585; x_wconf 85' lang='lat' dir='ltr'><strong>)?Unde</strong></span> <span class='ocrx_word' id='word_1_1035' title='bbox 3247 5524 3300 5568; x_wconf 86' lang='lat' dir='ltr'><strong>et</strong></span> <span class='ocrx_word' id='word_1_1036' title='bbox 3328 5514 3419 5568; x_wconf 89' lang='lat' dir='ltr'><strong>ille</strong></span> <span class='ocrx_word' id='word_1_1037' title='bbox 3443 5514 3667 5569; x_wconf 81' lang='lat' dir='ltr'><strong>Joannes</strong></span> <span class='ocrx_word' id='word_1_1038' title='bbox 3687 5550 3704 5576; x_wconf 89' lang='lat'><strong>,</strong></span> 
     </span>
    </p>
   </div>
   <div class='ocr_carea' id='block_1_118' title="bbox 2134 5603 3704 5680">
    <p class='ocr_par' dir='ltr' id='par_1_118' title="bbox 2134 5603 3704 5680">
     <span class='ocr_line' id='line_1_118' title="bbox 2134 5603 3704 5680; baseline -0.008 -14"><span class='ocrx_word' id='word_1_1039' title='bbox 2134 5627 2240 5666; x_wconf 89' lang='lat' dir='ltr'><strong>non</strong></span> <span class='ocrx_word' id='word_1_1040' title='bbox 2273 5619 2376 5664; x_wconf 87' lang='lat' dir='ltr'><strong>tam</strong></span> <span class='ocrx_word' id='word_1_1041' title='bbox 2408 5608 2669 5680; x_wconf 87' lang='lat' dir='ltr'><strong>gaudebat</strong></span> <span class='ocrx_word' id='word_1_1042' title='bbox 2699 5609 2817 5677; x_wconf 90' lang='lat' dir='ltr'><strong>quia</strong></span> <span class='ocrx_word' id='word_1_1043' title='bbox 2848 5606 3167 5677; x_wconf 74' lang='lat' dir='ltr'><strong>prmdicabat</strong></span> <span class='ocrx_word' id='word_1_1044' title='bbox 3193 5648 3207 5669; x_wconf 87' lang='lat'><strong>,</strong></span> <span class='ocrx_word' id='word_1_1045' title='bbox 3234 5614 3285 5660; x_wconf 88' lang='lat' dir='ltr'><strong>et</strong></span> <span class='ocrx_word' id='word_1_1046' title='bbox 3312 5606 3437 5675; x_wconf 90' lang='lat' dir='ltr'><strong>quia</strong></span> <span class='ocrx_word' id='word_1_1047' title='bbox 3464 5603 3704 5675; x_wconf 83' lang='lat' dir='ltr'><strong>loqueba-</strong></span> 
     </span>
    </p>
   </div>
   <div class='ocr_carea' id='block_1_119' title="bbox 2135 5695 3702 5773">
    <p class='ocr_par' dir='ltr' id='par_1_119' title="bbox 2135 5695 3702 5773">
     <span class='ocr_line' id='line_1_119' title="bbox 2135 5695 3702 5773; baseline -0.006 -16"><span class='ocrx_word' id='word_1_1048' title='bbox 2135 5713 2254 5769; x_wconf 92' lang='lat' dir='ltr'><strong>tur;</strong></span> <span class='ocrx_word' id='word_1_1049' title='bbox 2285 5700 2378 5757; x_wconf 89' lang='lat' dir='ltr'><strong>sed</strong></span> <span class='ocrx_word' id='word_1_1050' title='bbox 2409 5703 2669 5773; x_wconf 84' lang='lat' dir='ltr'><strong>gaudebat</strong></span> <span class='ocrx_word' id='word_1_1051' title='bbox 2695 5701 2819 5771; x_wconf 88' lang='lat' dir='ltr'><strong>quia</strong></span> <span class='ocrx_word' id='word_1_1052' title='bbox 2849 5699 3095 5755; x_wconf 85' lang='lat' dir='ltr'><strong>audiebat</strong></span> <span class='ocrx_word' id='word_1_1053' title='bbox 3124 5717 3135 5753; x_wconf 91' lang='lat'><strong>:</strong></span> <span class='ocrx_word' id='word_1_1054' title='bbox 3165 5700 3238 5754; x_wconf 89' lang='lat' dir='ltr'><strong>ait</strong></span> <span class='ocrx_word' id='word_1_1055' title='bbox 3272 5700 3417 5754; x_wconf 88' lang='lat' dir='ltr'><strong>enim</strong></span> <span class='ocrx_word' id='word_1_1056' title='bbox 3443 5738 3459 5768; x_wconf 89' lang='lat'><strong>,</strong></span> <span class='ocrx_word' id='word_1_1057' title='bbox 3507 5695 3702 5752; x_wconf 81' lang='lat' dir='ltr'><strong>Amicus</strong></span> 
     </span>
    </p>
   </div>
   <div class='ocr_carea' id='block_1_120' title="bbox 2143 5811 3168 5880">
    <p class='ocr_par' dir='ltr' id='par_1_120' title="bbox 2143 5811 3168 5880">
     <span class='ocr_line' id='line_1_120' title="bbox 2143 5811 3168 5880; baseline -0.003 -14"><span class='ocrx_word' id='word_1_1058' title='bbox 2143 5855 2167 5866; x_wconf 89' lang='lat'><strong>-</strong></span> <span class='ocrx_word' id='word_1_1059' title='bbox 2199 5824 2215 5853; x_wconf 79' lang='grc' dir='ltr'>ί</span> <span class='ocrx_word' id='word_1_1060' title='bbox 2240 5822 2312 5869; x_wconf 80' lang='lat' dir='ltr'><strong>sic</strong></span> <span class='ocrx_word' id='word_1_1061' title='bbox 2333 5818 2514 5880; x_wconf 89' lang='lat' dir='ltr'><strong>aliquot</strong></span> <span class='ocrx_word' id='word_1_1062' title='bbox 2530 5824 2637 5865; x_wconf 84' lang='lat' dir='ltr'><strong>Mss.</strong></span> <span class='ocrx_word' id='word_1_1063' title='bbox 2660 5815 2767 5880; x_wconf 53' lang='lat' dir='ltr'><strong>Edd,</strong></span> <span class='ocrx_word' id='word_1_1064' title='bbox 2792 5828 2925 5880; x_wconf 76' lang='lat' dir='ltr'><strong>vero,</strong></span> <span class='ocrx_word' id='word_1_1065' title='bbox 2947 5811 3168 5878; x_wconf 80' lang='lat' dir='ltr'><strong>loquitur.</strong></span> 
     </span>
    </p>
   </div>
   <div class='ocr_carea' id='block_1_121' title="bbox 2203 5876 2921 5941">
    <p class='ocr_par' dir='ltr' id='par_1_121' title="bbox 2203 5876 2921 5941">
     <span class='ocr_line' id='line_1_121' title="bbox 2203 5876 2921 5941; baseline -0.008 -9"><span class='ocrx_word' id='word_1_1066' title='bbox 2203 5887 2223 5917; x_wconf 78' lang='grc'>³</span> <span class='ocrx_word' id='word_1_1067' title='bbox 2246 5882 2359 5932; x_wconf 83' lang='lat' dir='ltr'><strong>Edd.</strong></span> <span class='ocrx_word' id='word_1_1068' title='bbox 2380 5876 2622 5941; x_wconf 79' lang='lat' dir='ltr'><strong>omittunt,</strong></span> <span class='ocrx_word' id='word_1_1069' title='bbox 2648 5884 2691 5928; x_wconf 86' lang='lat' dir='ltr'><strong>et</strong></span> <span class='ocrx_word' id='word_1_1070' title='bbox 2709 5876 2921 5928; x_wconf 71' lang='lat' dir='ltr'><strong>dicendi.</strong></span> 
     </span>
    </p>
   </div>
   <div class='ocr_carea' id='block_1_122' title="bbox 2094 6067 2161 6080">
    <p class='ocr_par' dir='ltr' id='par_1_122' title="bbox 2094 6067 2161 6080">
     <span class='ocr_line' id='line_1_122' title="bbox 2094 6067 2161 6080; baseline 0 -3"><span class='ocrx_word' id='word_1_1071' title='bbox 2094 6067 2161 6080; x_wconf 57' lang='lat' dir='ltr'><strong>uv-</strong></span> 
     </span>
    </p>
   </div>
  </div>
