4084 6450
300 389 444 467 ms

300 515 475 592 autem
500 521 676 594 sponsi
700 529 798 593 stat
820 564 834 590 ,
865 530 911 576 et
940 521 1083 578 audit
1109 538 1219 597 eum
1237 564 1250 589 ,
1275 533 1319 578 et
1346 525 1532 595 gaudio
1557 524 1738 595 gaudet
1768 541 1889 595 pro-

301 622 418 682 pter
441 629 608 685 vocem
644 613 817 684 sponsi
861 612 1055 688 (Joan.
1101 631 1197 683 ιιι,
1227 614 1356 688 29).
1397 616 1578 688 Itaque
1602 659 1618 684 ,
1661 614 1850 672 fratres
1875 659 1889 683 ,

296 696 415 760 cito
444 705 668 762 dixerim
698 705 949 763 Charitati
981 717 1170 764 vestra:
1195 752 1209 777 ,
1252 709 1336 766 ubi
1379 710 1742 781 unusquisque
1773 725 1894 781 pro-

295 794 396 851 ῐιει
423 812 481 853 εε
511 814 523 851 :
558 813 662 852 non
693 801 748 853 ut
779 815 883 854 non
913 799 1158 871 loquatur
1183 803 1222 868 ί,
1256 801 1350 858 sed
1373 811 1433 857 ut
1462 801 1528 858 de
1554 803 1643 858 illo
1672 803 1896 858 locutio-

296 887 412 942 nis”
442 885 674 959 Ofﬁcium
719 891 939 961 exigat;
992 893 1240 962 gaudium
1291 906 1467 950 autem
1521 893 1896 950 taciturnitatis

295 973 503 1038 habeat
529 983 580 1037 in
609 984 876 1040 voluntate
901 1026 914 1050 ,
944 999 1128 1042 vocem
1156 987 1412 1043 doctrinae
1461 989 1511 1042 in
1554 987 1891 1044 necessitate.

296 1070 532 1142 Quando
562 1075 703 1129 enim
736 1090 868 1148 opus
889 1084 969 1131 est
987 1093 1117 1133 voce
1138 1077 1434 1135 doctrinae?
1455 1078 1676 1148 Quando
1697 1079 1896 1150 pateris

296 1163 650 1234 imperitum,
683 1166 894 1237 quando
924 1169 1122 1238 pateris
1164 1169 1454 1226 indoctum.
1489 1169 1545 1227 Si
1587 1183 1800 1241 semper
1844 1177 1895 1226 te

293 1255 538 1312 delectat
564 1256 760 1314 docere
783 1300 798 1327 ,
842 1273 1052 1332 semper
1079 1264 1156 1316 vis
1185 1262 1379 1318 habere
1410 1262 1711 1334 imperitum
1736 1277 1895 1334 quem

298 1349 506 1406 doceas
533 1369 546 1406 :
577 1352 620 1406 si
649 1361 825 1409 autem
855 1353 1142 1412 benevolus
1168 1372 1225 1412 es
1248 1399 1263 1424 ,
1296 1365 1350 1414 et
1373 1358 1453 1413 vis
1494 1372 1682 1414 omnes
1710 1356 1896 1412 doctos

302 1455 431 1518 esse
457 1486 472 1511 ,
503 1459 608 1499 non
653 1445 734 1501 vis
779 1457 989 1517 semper
1033 1447 1231 1505 habere
1269 1461 1402 1521 quos
1448 1449 1680 1517 doceas;
1711 1459 1896 1507 etnon

303 1536 409 1590 erit
452 1535 506 1590 in
557 1536 830 1594 voluntate
872 1533 1182 1595 exercitatio
1221 1540 1305 1596 vel
1350 1540 1590 1612 probatio
1637 1541 1896 1597 doctrina:

303 1632 413 1682 ture
433 1670 448 1695 ,
481 1628 574 1684 sed
601 1630 653 1683 in
682 1631 1018 1687 necessitate.
1044 1632 1305 1687 Gaudium
1333 1633 1424 1688 tibi
1452 1634 1522 1688 sit
1546 1634 1598 1689 in
1625 1633 1896 1689 auditione

309 1717 406 1773 D‘ei
432 1762 447 1786 ,
483 1722 773 1775 necessitas
805 1721 897 1776 tibi
928 1722 996 1777 sit
1021 1721 1072 1776 in
1101 1723 1366 1779 locutione
1396 1735 1480 1779 tua
1511 1742 1524 1790 ;
1549 1733 1602 1779 et
1639 1735 1746 1779 non
1788 1724 1896 1780 eris

311 1811 394 1865 vir
421 1806 696 1884 linguosus
719 1856 735 1878 ,
765 1828 832 1869 ne
857 1828 961 1869 non
991 1814 1252 1888 dirigaris.
1281 1817 1454 1886 Qua‘rc
1479 1817 1558 1873 vis
1588 1817 1733 1889 loqui
1757 1861 1772 1886 ,
1804 1833 1898 1872 au-

308 1901 425 1987 dire
450 1896 556 1960 non
581 1905 703 1960 vis?
730 1903 956 1976 Semper
979 1905 1120 1963 foras
1149 1908 1262 1963 exis
1286 1950 1299 1973 ,
1334 1909 1474 1964 intro
1501 1909 1678 1965 redire
1708 1906 1892 1965 detre-

306 1988 444 2063 ‘ctas.
477 1997 578 2064 Qui
609 1997 750 2052 enim
779 2005 830 2053 te
857 1997 1010 2053 docet
1036 2040 1051 2066 ,
1075 1999 1216 2053 intus
1241 2007 1324 2054 est
1350 2017 1362 2054 :
1389 1999 1598 2070 quando
1621 2007 1675 2054 tu
1696 1999 1858 2054 doces
1879 2041 1894 2065 ,

310 2095 563 2156 tanquam
597 2086 736 2142 foras
757 2088 871 2143 exis
891 2088 957 2142 ad
983 2103 1076 2144 eos
1104 2089 1192 2159 qui
1216 2087 1343 2144 foris
1369 2099 1511 2144 sunt.
1535 2089 1616 2144 Ab
1642 2089 1899 2145 interiore

312 2177 455 2232 enim
486 2178 730 2234 audimus
762 2181 1038 2235 veritatem
1065 2221 1079 2246 ,
1102 2188 1158 2235 et
1177 2181 1240 2235 ad
1263 2195 1356 2235 eos
1383 2181 1472 2252 qui
1503 2179 1631 2236 l‘oris
1657 2196 1685 2234 a
1711 2191 1898 2236 nostro

311 2268 473 2346 corde
512 2273 685 2336 'sunt,
730 2267 1013 2342 loquimur.
1059 2269 1210 2339 Quod
1256 2272 1401 2326 enim
1440 2270 1667 2326 dicimur
1706 2286 1798 2326 eos
1845 2271 1901 2326 in

310 2359 472 2416 corde
503 2359 792 2430 habere’de
818 2362 1008 2433 quibus
1031 2364 1358 2433 cogitamus,
1392 2362 1682 2417 secundum
1709 2378 1900 2434 quam-

313 2443 434 2508 dam
463 2453 746 2524 imaginem
777 2454 1003 2510 dicimur
1027 2497 1042 2524 ,
1074 2471 1231 2528 quam
1257 2456 1322 2510 dc
1347 2454 1452 2509 illis
1498 2455 1755 2510 habemus
1801 2455 1902 2509 im;-

311 2559 577 2618 pressazn.
609 2545 738 2602 Nam
767 2547 814 2602 si
859 2549 1076 2604 omnino
1123 2549 1263 2604 intus
1303 2547 1401 2620 ipsi
1447 2557 1660 2616 essent,
1702 2549 1904 2604 scirent

314 2630 496 2711 utique
525 2637 648 2707 quid
678 2638 728 2693 in
756 2639 916 2695 corde
954 2650 1138 2695 nostro
1179 2649 1365 2706 esset;
1404 2651 1563 2710 atque
1606 2640 1676 2694 ita
1724 2647 1782 2692 ut
1823 2639 1902 2694 eis

313 2719 660 2800 loqueremur
683 2718 857 2802 ,opus
883 2747 987 2786 non
1016 2741 1175 2787 esset.
1199 2731 1252 2788 Si
1274 2741 1453 2786 autem
1475 2731 1575 2786 hoc
1601 2739 1651 2786 te
1670 2731 1904 2787 delectat

316 2821 458 2892 quod
488 2822 616 2878 loris
641 2825 752 2894 agis
777 2839 791 2887 ;
819 2824 936 2890 vide
959 2841 1025 2881 ne
1048 2834 1311 2881 tumeseas
1331 2825 1457 2880 foris
1478 2866 1492 2889 ,
1522 2809 1705 2880 etnon
1729 2824 1902 2896 possis

311 2901 490 2990 redire
518 2931 614 2985 per
640 2925 916 2988 augustam
940 2919 985 2986 ',
1015 2923 1069 2972 et
1098 2933 1203 2972 non
1233 2918 1400 2988 possit
1428 2917 1520 2972 tibi
1552 2917 1730 2974 dicere
1759 2917 1902 2974 Deus

312 2997 438 3085 tuus
467 3048 482 3074 ,
509 3006 652 3062 Intra
677 3009 730 3085 in
753 3010 997 3080 gaudium
1037 3008 1243 3064 Domini
1284 3010 1409 3065 tui:
1453 3009 1546 3064 sed
1586 3009 1729 3064 dicat
1767 3009 1900 3074 tibi,

313 3081 437 3171 quia
463 3083 766 3156 forinsecus
791 3110 904 3156 erat
930 3100 1071 3171 quod
1103 3101 1292 3156 amasti
1318 3141 1333 3168 ,
1381 3099 1558 3173 Ligate
1581 3101 1627 3155 ei
1652 3116 1829 3154 manus
1857 3108 1905 3155 et

315 3194 470 3268 pedes
493 3236 507 3261 ,
555 3204 600 3248 et
639 3195 817 3249 mittite
857 3210 969 3248 eum
1015 3196 1067 3249 in
1106 3194 1331 3250 tenebras
1373 3194 1640 3248 exteriores
1667 3193 1686 3263 (
1712 3192 1901 3247 Matth.

317 3297 437 3341 χιιι
463 3329 478 3353 ,
510 3287 575 3341 13
596 3285 636 3357 ).
666 3285 764 3342 Ubi
792 3288 932 3342 enim
966 3286 1197 3341 ostendit
1222 3286 1416 3341 malum
1445 3301 1564 3341 esse
1593 3285 1726 3340 mitti
1757 3294 1906 3339 exte-

312 3369 430 3436 rius
454 3422 469 3444 ,
500 3381 570 3435 ibi
599 3379 831 3436 ostendit
860 3379 1055 3435 bonum
1104 3393 1222 3436 esse
1264 3380 1462 3434 intrare
1501 3378 1741 3433 interius.
1771 3375 1907 3432 Nam

319 3488 477 3527 servo
497 3461 649 3527 boue
675 3471 798 3543 quid
830 3465 999 3525 dixit?
1028 3468 1172 3524 Intra
1197 3471 1250 3524 in
1276 3469 1519 3542 gaudium
1563 3465 1772 3524 Domini
1809 3468 1903 3521 tui.

319 3551 457 3617 Malo
485 3572 661 3617 autem
690 3577 845 3617 servo
863 3605 877 3628 ,
913 3560 1156 3632 Projicite
1181 3558 1328 3615 illum
1353 3561 1406 3614 in
1437 3559 1664 3615 tenebras
1689 3557 1907 3613 exterio-

313 3641 400 3726 res
429 3655 449 3727 (
470 3653 556 3709 Id.
587 3669 718 3720 xxv,
745 3654 805 3709 21
838 3697 852 3722 ,
881 3653 952 3709 25
971 3695 986 3720 ,
1014 3652 1084 3709 50
1105 3655 1144 3724 ).
1175 3653 1289 3708 Non
1317 3668 1442 3724 ergo
1469 3667 1710 3709 amemus
1739 3652 1909 3724 magis

306 3729 583 3825 texteriora
611 3790 625 3813 ,
654 3746 746 3802 sed
775 3746 1028 3801 interiora
1054 3763 1066 3799 :
1091 3745 1157 3800 de
1181 3744 1520 3801 interioribus
1541 3742 1905 3816 gaudeamus;

323 3839 373 3892 in
399 3838 758 3893 exterioribus
797 3845 976 3892 autem
1021 3837 1389 3892 necessitatem
1432 3837 1752 3898 habeamus,
1798 3849 1910 3890 non

322 3931 650 3985 voluntatem
673 3929 713 3983 ⁸.
746 3927 837 3982 Vir
857 3929 1117 4002 linguosus
1142 3944 1242 3981 non
1263 3927 1506 3998 dirigetur
1524 3942 1674 3996 super
1698 3935 1906 3979 terram.

397 4021 482 4078 16.
537 4021 710 4074 Virum
745 4022 990 4093 injustam
1032 4020 1168 4074 mala
1203 4017 1512 4072 venabantur
1550 4018 1602 4070 in
1627 4015 1907 4072 interitum.

321 4105 560 4170 Veniunt
586 4115 721 4168 mala
746 4156 760 4180 ,
789 4122 842 4170 et
871 4129 977 4170 non
999 4113 1274 4177 subsistit;
1302 4111 1422 4166 ideo
1448 4108 1614 4175 dixit,
1647 4107 1910 4164 Venabun-

325 4190 406 4262 tur
432 4205 484 4260 in
504 4207 778 4261 interitum.
807 4204 982 4263 Multis
1007 4204 1146 4260 enim
1173 4201 1328 4259 bonis
1349 4245 1363 4269 ,
1395 4203 1575 4256 multis
1593 4200 1754 4272 justis
1781 4217 1907 4257 eve-

319 4281 519 4356 nerunt
547 4299 680 4353 mala
707 4316 721 4365 ;
754 4307 808 4354 et
835 4307 1082 4370 tauquam
1114 4296 1431 4351 invenerunt
1454 4309 1548 4350 eos
1577 4294 1735 4349 mala.
1767 4291 1905 4350 Nam

311 4390 446 4464 ideo
484 4390 655 4457 dixit,
709 4387 1033 4444 Venabuntur
1055 4429 1070 4453 ,
1122 4387 1256 4458 quia
1285 4385 1646 4457 unusquisque
1679 4384 1909 4441 abscon-

321 4482 452 4537 dere
478 4497 537 4536 se
565 4481 724 4536 vulta
749 4479 888 4535 malo
918 4498 930 4534 :
958 4477 1052 4534 sed
1076 4492 1196 4533 cum
1222 4477 1488 4532 invenitur
1509 4493 1539 4532 a
1561 4477 1700 4532 malo
1721 4518 1735 4542 ,
1757 4475 1910 4547 quasi

325 4573 494 4631 factus
524 4581 606 4628 cst
632 4574 684 4627 in
715 4573 1071 4628 venationem.
1102 4568 1370 4640 Numquid
1413 4578 1589 4624 autem
1636 4568 1736 4623 soli
1785 4568 1912 4622 mali

265 4685 275 4694 ’
325 4667 534 4741 fugiunt
563 4683 591 4721 a
618 4667 769 4721 malis
796 4708 808 4731 ,
840 4663 1050 4736 quando
1073 4670 1382 4734 quaeruntur
1424 4677 1453 4716 a
1493 4659 1688 4716 malis?
1722 4660 1913 4716 Nonne

321 4773 374 4815 et
408 4759 562 4815 bonis
588 4758 784 4813 dictum
811 4766 933 4813 est:
979 4755 1040 4812 Si
1082 4772 1168 4810 vos
1212 4753 1457 4827 persecuti
1494 4754 1682 4824 fuerint
1718 4753 1771 4807 in
1815 4752 1912 4806 hac

305 4833 550 4918 civitate,
584 4851 744 4923 fugite
767 4851 820 4903 in
858 4849 1014 4902 aliam
1057 4848 1077 4918 (
1100 4846 1184 4900 Id.
1215 4862 1249 4900 x
1273 4886 1288 4909 ,
1317 4844 1389 4901 25
1415 4843 1477 4916 )?
1513 4843 1655 4914 Ergo
1697 4842 1913 4915 quando

321 4943 448 4998 mali
475 4942 927 5013 persequebantur
949 4940 1118 4994 bonos
1140 4981 1153 5007 ,
1189 4936 1240 4992 id
1263 4946 1343 4992 est
1366 4945 1629 5009 martyres
1657 4943 1866 4992 nostros
1890 4977 1908 5004 ,

319 5051 445 5090 cum
472 5049 566 5091 eos
595 5030 1148 5104 comprehenderunt,
1176 5029 1349 5085 venati
1378 5037 1502 5083 sunt
1527 5042 1620 5084 eos
1645 5045 1658 5093 ;
1683 5026 1778 5083 sed
1801 5042 1911 5082 non

320 5128 388 5184 ad
441 5127 732 5183 interitum.
776 5125 967 5180 Prcssa
1011 5131 1093 5178 est
1139 5121 1281 5177 enim
1321 5135 1483 5188 caro,
1532 5127 1786 5175 coronata
1826 5126 1912 5175 est

321 5221 538 5284 anima;
567 5227 619 5275 et
646 5219 814 5289 ejecta
841 5223 922 5273 est
947 5217 1121 5270 anima
1146 5214 1212 5270 de
1241 5229 1401 5269 carne
1425 5257 1439 5280 ,
1487 5228 1586 5269 nec
1632 5211 1778 5267 carui
1813 5211 1911 5267 ali-

322 5290 451 5382 quid
482 5310 674 5366 l'actum
703 5317 784 5366 est
824 5307 962 5380 quod
1011 5306 1225 5362 obesset
1267 5306 1320 5360 in
1361 5313 1653 5376 posterum.
1685 5302 1907 5358 Incensa

321 5403 393 5458 sit
421 5415 546 5456 caro
572 5443 586 5469 ,
620 5415 868 5472 percussa
896 5399 964 5453 sit
1003 5412 1128 5454 caro
1153 5439 1168 5462 ,
1212 5396 1405 5450 laniata
1450 5395 1520 5449 sit
1561 5409 1724 5460 caro;
1756 5409 1911 5449 num-

321 5490 450 5564 quid
480 5490 600 5545 ideo
626 5489 893 5544 subtracta
916 5496 996 5543 εει
1020 5485 1258 5543 Creatori
1285 5526 1302 5550 ,
1327 5485 1446 5556 quia
1468 5483 1589 5539 data
1611 5495 1693 5539 est
1715 5484 1768 5538 in
1795 5500 1910 5539 ma-

321 5596 427 5638 nus
463 5580 862 5652 persecutoris?
893 5578 984 5633 llle
1031 5578 1118 5649 qui
1157 5575 1358 5632 ereavit
1401 5589 1468 5631 ex
1506 5590 1572 5630 eo
1615 5574 1755 5645 quod
1798 5588 1908 5630 non

386 5694 406 5727 ι
433 5695 506 5742 Sic
525 5698 629 5741 Mss.
654 5697 710 5741 At
731 5687 861 5751 Edd.,
886 5702 978 5740 non
1002 5695 1051 5739 ut
1085 5690 1320 5751 loquatur.

293 5780 302 5787 -
327 5762 334 5767 ‘
384 5757 409 5788 ί
428 5753 563 5814 ωτι,
578 5765 665 5824 per
685 5747 1023 5824 mtgttstum.At
1045 5747 1263 5813 Mssl.per
1285 5754 1572 5860 myndam:
1595 5747 1768 5812 supple
1791 5759 1907 5811 por-

320 5824 444 5860 tam.
468 5823 553 5860 aut
584 5829 726 5860 nam.
753 5813 924 5860 Alludll
944 5813 1003 5860 ad
1026 5812 1184 5860 Matth.
1205 5828 1284 5860 vu.
1304 5812 1322 5859 1
1367 5846 1377 5857 .

320 5824 444 5878 tam,
468 5812 556 5866 aut
579 5812 726 5865 riam.
750 5812 924 5862 Alludit
944 5813 1003 5861 ad
1026 5812 1184 5861 Matth.
1205 5828 1284 5871 νυ,
1304 5812 1377 5878 ιῖξ.

391 5872 512 5929 "sic
535 5889 633 5927 Am.
660 5884 711 5926 et
731 5882 834 5926 Mss.
873 5883 942 5925 At.
970 5880 1041 5922 Er.
1072 5881 1123 5923 et
1141 5881 1271 5934 I.ov.,
1292 5872 1588 5936 voluptatem.

1369 407 1762 468 ENARRATIO
1800 409 1868 468 ΙΝ
1904 408 2223 471 PSALMUM
2262 414 2547 473 CXXXlX.

1915 5919 1932 5938 Ι

1907 5943 1932 5962 φ

3354 472 3358 474 -
3450 429 3591 489 1814

2004 535 2117 582 erat
2138 570 2152 593 ,
2181 543 2285 583 non
2315 531 2588 600 reparabit
2617 533 2806 589 melius
2829 550 2987 607 quam
3027 539 3185 593 erat?
3231 539 3373 611 Ergo
3416 556 3587 612 quan-

2003 621 2298 694 documque
2323 627 2461 696 capti
2489 635 2609 682 sunt
2629 628 2756 698 justi
2782 671 2798 697 ,
2839 633 3015 686 venali
3051 645 3174 688 sunt
3213 634 3330 689 illos
3371 637 3589 707 quidem

2000 714 2126 768 mali
2151 756 2166 779 ,
2193 715 2286 771 sed
2312 732 2415 771 non
2443 715 2509 772 ad
2541 719 2832 775 interitum.
2859 721 2927 776 At
2951 737 3079 778 vero
3107 724 3182 779 illi
3207 726 3294 795 qui
3325 741 3428 780 non
3452 727 3589 782 diri-

2000 815 2192 873 gentur
2221 818 2272 862 et
2298 808 2525 880 linguosi
2556 821 2678 866 sunt
2701 854 2717 880 ,
2745 813 2884 868 mala
2909 829 3002 869 eos
3023 817 3356 872 venabuntur
3398 819 3464 874 ad
3509 820 3593 876 in—
3658 854 3664 880 ;

2007 899 2241 953 teritum.
2279 901 2496 968 Quare?
2525 903 2658 971 Quia
2685 904 2735 958 in
2762 906 2976 962 miseriis
3000 923 3099 962 non
3121 909 3402 965 subsistant.

2075 991 2160 1047 17.
2204 989 2372 1066 [vers
2407 993 2536 1068 15.]
2577 996 2796 1068 Cognovi
2820 999 2937 1070 quia
2960 1003 3108 1072 faciet
3153 1002 3402 1059 Dominus
3435 1007 3588 1077 judi-

2003 1084 2137 1137 cium
2163 1086 2371 1156 egentis.
2403 1086 2581 1159 Egens
2611 1087 2712 1145 iste
2739 1105 2844 1146 non
2876 1101 2956 1146 est
2987 1093 3255 1164 linguosus
3281 1111 3294 1148 :
3328 1097 3414 1166 qui
3444 1097 3588 1153 enim

1999 1173 2277 1246 linguosus
2301 1186 2384 1232 est
2409 1221 2422 1245 ,
2455 1179 2728 1237 abundare
2761 1182 2870 1238 vult
2897 1225 2913 1251 ,
2945 1185 3150 1240 esurire
3174 1189 3358 1242 nescit.
3387 1188 3466 1243 llli
3491 1206 3588 1245 au-

1999 1269 2112 1324 tem
2142 1280 2360 1341 egentes
2385 1282 2508 1328 sunt
2532 1317 2547 1342 ,
2581 1275 2770 1345 quibus
2791 1276 2988 1333 dicitur
3012 1321 3025 1345 ,
3051 1277 3264 1334 Pulsate
3288 1324 3302 1348 ,
3327 1291 3373 1336 et
3391 1285 3591 1353 aperie-

2003 1369 2085 1414 tur
2112 1362 2246 1417 vobis
2268 1379 2288 1428 ;
2312 1367 2548 1435 quaerite,
2578 1377 2624 1422 et
2653 1369 2947 1435 invenietis;
2973 1372 3124 1442 petite
3146 1411 3160 1436 ,
3207 1383 3251 1426 et
3272 1373 3472 1427 dabitur
3499 1391 3587 1429 vo-

2005 1451 2079 1508 bis
2109 1453 2318 1524 (Matth.
2353 1472 2427 1512 vu
2452 1500 2466 1524 ,
2499 1457 2612 1520 7):
2660 1460 2746 1515 ille
2775 1475 2938 1531 egens
2965 1471 3043 1518 cst
3069 1506 3084 1530 ,
3129 1464 3196 1518 de
3225 1481 3330 1535 quo
3373 1466 3591 1530 dicitur.

1998 1535 2146 1600 Beati
2186 1549 2272 1617 qui
2310 1550 2534 1604 esuriant
2579 1561 2625 1605 et
2661 1551 2833 1607 sitiunt
2871 1555 3166 1624 justitiam,
3205 1558 3441 1626 quoniam
3492 1552 3594 1628 ipsi

2005 1639 2367 1694 saturabuntur
2388 1642 2408 1712 (
2429 1639 2515 1696 Id.
2543 1657 2594 1710 v,
2618 1642 2713 1716 6).
2743 1641 2970 1699 Gemunt
2999 1647 3136 1700 inter
3159 1648 3404 1701 scandala
3433 1649 3596 1702 malo-

2005 1749 2126 1787 rum
2154 1774 2168 1797 ,
2200 1733 2295 1802 ipsi
2326 1743 2609 1803 precantur
2634 1736 2699 1790 ad
2726 1747 2884 1805 caput
2907 1753 3059 1792 suum
3090 1781 3104 1804 ,
3135 1747 3193 1793 ut
3236 1748 3488 1794 eruantur
3524 1741 3593 1795 ab

2005 1824 2222 1882 homine
2247 1825 2386 1880 malo
2410 1867 2424 1891 ,
2458 1825 2608 1880 etab
2644 1826 2861 1882 homine
2901 1828 3132 1898 maligno
3175 1827 3468 1884 liberentur
3491 1872 3504 1896 ,
3539 1841 3595 1886 et

2006 1913 2073 1970 de
2103 1915 2346 1970 manibus
2372 1915 2691 1986 injustorum
2717 1927 2992 1973 eruantur.
3026 1917 3128 1988 ipsi
3156 1934 3282 1990 ergo
3303 1930 3426 1974 sunt
3455 1935 3595 1991 quo-

1999 1991 2124 2063 rum
2147 2019 2360 2062 causam
2395 2007 2651 2062 Dominus
2680 2024 2784 2062 non
2816 2009 3043 2079 negliget
3075 2027 3086 2063 :
3118 2010 3236 2065 etsi
3267 2011 3424 2064 modo
3451 2027 3599 2081 pres-

2006 2113 2159 2152 suras
2189 2097 2461 2167 patiuntur
2487 2141 2501 2164 ,
2529 2097 2806 2168 apparebit
2834 2098 3001 2168 gloria
3034 2098 3265 2170 ipsorum
3293 2143 3304 2160 .
3349 2115 3468 2155 cum
3498 2119 3598 2172 ap-

1998 2190 2243 2260 paruerit
2267 2200 2423 2259 eaput
2455 2190 2711 2260 ipsorum.
2741 2189 2957 2245 Talibus
2985 2191 3126 2245 enim
3169 2190 3254 2246 hic
3295 2193 3597 2251 constitutis

2006 2279 2201 2334 dicitur
2225 2321 2240 2343 ,
2273 2277 2325 2333 Μ
2333 2281 2463 2334 ortui
2494 2281 2610 2335 estis
2633 2323 2648 2348 ,
2690 2289 2734 2335 et
2759 2282 2859 2336 vita
2883 2290 3044 2336 vestra
3068 2281 3359 2337 abscondita
3385 2294 3456 2339 est
3481 2301 3600 2339 cum

2007 2368 2209 2426 Christo
2230 2373 2281 2424 in
2310 2369 2416 2427 Deo
2438 2370 2454 2440 (
2480 2370 2675 2426 Coloss.
2706 2388 2757 2426 tu
2785 2413 2798 2437 ,
2827 2372 2922 2443 5).
2949 2369 3088 2443 Ergo
3111 2389 3367 2444 pauperes
3390 2391 3597 2442 sumus,

2008 2462 2317 2518 abscondita
2344 2472 2425 2518 est
2453 2462 2560 2518 vita
2587 2471 2769 2527 nostra
2795 2479 2808 2530 ;
2842 2462 3135 2520 clamemus
3159 2465 3224 2518 ad
3258 2482 3445 2536 panem
3472 2485 3486 2522 :
3516 2476 3602 2522 est

2009 2557 2152 2611 enim
2183 2557 2331 2626 panis
2360 2557 2510 2613 vivus
2546 2558 2635 2628 qui
2676 2557 2742 2614 de
2782 2558 2919 2614 coelo
2958 2558 3234 2615 descendit
3279 2561 3472 2630 (Joan.
3507 2579 3555 2618 vr
3582 2606 3598 2630 ,

2009 2647 2070 2702 4|
2100 2645 2140 2719 );
2170 2658 2223 2703 et
2250 2649 2339 2720 qui
2366 2651 2420 2704 in
2449 2649 2529 2706 via
2558 2649 2727 2705 reiicit
2753 2667 2851 2707 nos
2874 2692 2887 2716 ,
2916 2652 2967 2706 in
2996 2653 3164 2723 patria
3193 2655 3451 2709 saturahit
3478 2670 3600 2726 nos.

2010 2737 2168 2815 Modo
2197 2738 2339 2795 enim
2368 2782 2383 2806 ,
2427 2747 2484 2794 ut
2525 2740 2774 2796 duremus
2799 2785 2812 2807 ,
2857 2741 3163 2798 reﬁcimur:
3214 2760 3335 2800 nam
3381 2761 3605 2802 necesse

2009 2840 2093 2886 est
2117 2831 2452 2898 esuriamus,
2511 2833 2856 2904 quoadu5que
2899 2835 3174 2889 satiemur.
3223 2833 3444 2906 Cognovi
3486 2839 3606 2908 quia

2007 2920 2160 2991 faciet
2186 2921 2434 2979 Dominus
2449 2923 2704 2996 judicium
2729 2933 2937 2996 egentis.
2964 2925 3156 2980 Certus
3180 2937 3293 2981 erat
3333 2927 3431 2982 iste
3474 2935 3603 2999 quo-

2010 3015 2148 3070 niam
2171 3016 2322 3088 faciet
2342 3015 2592 3072 Dominus
2609 3018 2862 3089 jttdicium
2890 3020 3076 3090 egentis
3096 3062 3110 3085 ,
3154 3029 3199 3074 et
3237 3037 3442 3074 causam
3472 3038 3605 3091 pau-

2012 3125 2206 3180 perum.
2239 3109 2494 3165 Ostendct
2525 3109 2717 3180 iniquis
2745 3111 3012 3180 quomodo
3041 3112 3206 3182 diligit
3233 3113 3408 3181 justos
3435 3128 3558 3168 suos
3585 3130 3606 3179 ;

2013 3202 2263 3258 ostendet
2305 3202 2557 3260 divitibus
2600 3205 2866 3274 quomodo
2913 3205 3097 3275 diligat
3149 3222 3407 3275 pauperes
3453 3223 3604 3263 suos.

2014 3295 2215 3351 Divites
2256 3293 2430 3362 dixit,
2477 3296 2768 3366 superbos;
2808 3313 3068 3366 pauperes
3109 3298 3282 3366 dixit,
3331 3299 3604 3356 luuniles:

2014 3388 2205 3444 divites
2229 3387 2406 3455 dixit,
2436 3403 2532 3458 per
2563 3389 2939 3444 abundantiam
2964 3407 3067 3444 non
3095 3403 3433 3461 quaerentes;
3478 3407 3610 3460 ρευ-

2013 3496 2172 3552 peres
2196 3479 2368 3547 dixit,
2401 3496 2497 3551 per
2537 3481 2861 3538 desiderium
2905 3484 3258 3553 suspirautes.
3288 3484 3469 3541 Faciet
3497 3485 3608 3540 Do.-

2015 3571 2194 3626 minus
2222 3587 2436 3628 causam
2469 3573 2728 3642 ipsorum.

2090 3662 2177 3718 18.
2219 3661 2384 3736 [vers.
2414 3663 2545 3736 14.]
2595 3661 2948 3720 Verumtamen
2965 3668 3096 3736 justi
3117 3668 3483 3736 conﬁtebuntur
3512 3687 3613 3724 no-

2017 3753 2142 3810 mini
2167 3764 2272 3810 tuo.
2301 3755 2370 3810 Et
2389 3755 2600 3826 quando
2625 3771 2751 3827 ages
2774 3771 2989 3812 causam
3013 3758 3246 3826 ipsorum
3273 3799 3287 3822 ,
3318 3767 3370 3813 ct
3397 3760 3610 3828 quando

2019 3847 2179 3903 facies
2205 3847 2462 3918 judicium
2493 3848 2727 3918 ipsorum
2753 3889 2770 3913 ,
2813 3857 2904 3902 tuo
2935 3847 3134 3903 nomini
3166 3849 3560 3905 conﬁtebuntur
3590 3871 3605 3906 :

2019 3937 2224 3993 meritis
2251 3937 2360 3992 suis
2385 3936 2514 3992 nihil
2544 3937 2816 4003 tribuent,
2859 3952 2964 3992 nou
3006 3937 3241 3992 tribuent
3289 3946 3455 3994 totum
3502 3941 3611 3996 nisi

2018 4027 2404 4084 misericordiae
2430 4034 2554 4082 tute.
2590 4025 2945 4082 Verumtamen
2961 4029 3092 4098 justi
3119 4028 3486 4096 conﬁtebuntur
3519 4048 3610 4085 no-

2018 4120 2144 4174 mini
2173 4128 2275 4176 tuo.
2310 4119 2520 4190 thuia
2539 4118 2933 4176 conﬁtebuntur
2961 4120 3166 4175 nomini
3199 4132 3289 4177 tuo
3314 4163 3328 4188 ,
3361 4129 3417 4178 ut
3436 4139 3608 4193 quan-

2020 4221 2363 4282 tumcumque
2381 4210 2511 4282 justi
2537 4209 2733 4266 fuerint
2755 4252 2771 4276 ,
2804 4209 2932 4265 nihil
2963 4211 3062 4266 sibi
3091 4221 3367 4267 assumant
3389 4211 3457 4268 de
3482 4229 3605 4277 suo,

2018 4301 2153 4356 nihil
2177 4301 2276 4357 sibi
2307 4301 2542 4357 tribuant
2570 4302 2636 4358 de
2661 4315 2758 4356 suo
2783 4318 2797 4367 ;
2822 4301 2950 4372 quid
2977 4301 3068 4358 lict
3092 4345 3106 4368 ,
3130 4312 3190 4358 ut
3214 4303 3445 4376 dirigant
3473 4306 3610 4361 cor?

2017 4392 2151 4462 Quia
2176 4393 2387 4464 quando
2423 4393 2490 4448 ad
2529 4407 2588 4449 se
2625 4393 2882 4459 ﬂectunt,
2929 4402 3180 4464 torquent
3221 4408 3354 4462 cer;
3398 4395 3612 4466 quando

2018 4494 2194 4542 autem
2218 4485 2270 4540 in
2304 4485 2894 4541 Dominumintcnduut
2922 4529 2938 4553 ,
2981 4487 3215 4557 dirigunt
3246 4503 3357 4543 cur.
3410 4489 3477 4543 Et
3522 4488 3613 4543 ubi

2018 4577 2123 4634 erit
2150 4577 2391 4648 voluptas
2411 4619 2426 4645 ,
2461 4577 2548 4633 ubi
2577 4577 2789 4649 requies
2813 4619 2827 4644 ,
2861 4577 2948 4632 ubi
2977 4578 3225 4648 gaudium
3252 4620 3266 4645 ,
3318 4579 3404 4633 ubi
3443 4579 3614 4633 beati-

2022 4667 2191 4725 tudo?
2226 4668 2492 4740 Numquid
2539 4668 2592 4724 in
2630 4669 2731 4726 se?
2761 4669 2912 4735 Non;
2956 4669 3049 4724 sed
3079 4671 3132 4723 in
3171 4684 3276 4739 quo
3316 4677 3439 4724 sunt
3492 4669 3607 4723 lux.

2022 4757 2179 4814 Nunc
2204 4769 2369 4815 autem
2395 4761 2484 4814 lux
2510 4760 2563 4815 in
2589 4758 2808 4814 Domino
2842 4758 3062 4831 (Ep/tes.
3091 4774 3147 4824 v,
3174 4759 3270 4828 8),
3303 4757 3455 4812 dixit.
3488 4757 3612 4814 Ideo

2025 4851 2141 4908 vide
2178 4849 2304 4922 quid
2349 4852 2587 4922 sequitur
2615 4892 2630 4917 ,
2677 4850 2796 4906 vide
2836 4864 2940 4920 quo
2987 4849 3297 4904 concludit:
3341 4848 3612 4904 lnhabita-

2021 4945 2142 4998 btmt
2168 4943 2289 5000 recti
2313 4961 2426 4998 cum
2454 4944 2596 4999 vultu
2625 4952 2730 4998 tuo.
2762 4939 2898 4996 Male
2925 4939 3068 4996 enim
3112 4941 3215 4995 illis
3254 4939 3354 4994 fuit
3383 4940 3434 4994 iu
3463 4939 3614 4998 vultu

2021 5050 2154 5101 suo;
2182 5036 2320 5092 bene
2360 5035 2464 5090 illis
2499 5035 2600 5090 erit
2643 5048 2764 5088 cum
2803 5031 2952 5087 vultu
3000 5039 3108 5086 tuo.
3158 5030 3380 5100 Quando
3408 5029 3614 5088 vultum

2021 5142 2177 5182 suum
2200 5135 2543 5192 amaverunt,
2572 5127 2622 5181 in
2645 5123 2842 5180 sudore
2862 5123 3037 5179 vultus
3063 5124 3141 5178 sui
3167 5137 3357 5194 panem
3388 5123 3612 5179 mandu-

2021 5227 2278 5275 caverunt
2305 5219 2323 5290 (
2347 5217 2472 5272 Gen.
2503 5233 2560 5272 ιιι
2585 5259 2599 5284 ,
2625 5216 2692 5271 l9
2715 5217 2760 5288 ).
2782 5215 3023 5271 Redeant
3041 5256 3057 5282 ,
3082 5223 3132 5270 et
3154 5214 3365 5270 deterso
3394 5215 3612 5283 sudore,

2021 5309 2187 5366 ﬁnitis
2215 5309 2490 5364 laboribus
2513 5351 2528 5376 ,
2562 5316 2818 5379 pereunte
2837 5307 3037 5378 gemitu
3061 5349 3075 5374 ,
3107 5307 3286 5362 veniet
3316 5305 3419 5363 illis
3449 5306 3613 5363 facies

2021 5411 2112 5458 tua
2162 5400 2436 5456 abundans
2478 5399 2814 5454 sufﬁcientia.
2860 5398 3001 5453 Nihil
3050 5407 3292 5471 quaerent
3338 5397 3610 5468 amplius,

2019 5495 2142 5566 quia
2173 5492 2364 5550 melius
2390 5507 2495 5548 non
2531 5491 2766 5558 habent;
2807 5491 3033 5561 amplius
3075 5507 3179 5546 non
3221 5499 3274 5546 te
3315 5490 3608 5558 deserent,

1957 5660 1966 5676 .
2018 5601 2120 5644 nec
2144 5586 2457 5642 deserentur
2479 5602 2510 5642 a
2535 5596 2586 5642 te
2609 5586 2648 5640 ί.
2678 5583 2890 5642 Etenim
2921 5592 3041 5656 post
3064 5580 3512 5638 resurrectionem
3538 5578 3609 5636 de

1934 5669 1991 5790 Ἴ
2083 5743 2102 5776 ί
2136 5744 2209 5794 sic
2232 5742 2454 5807 plerique
2489 5749 2594 5793 Mss.
2621 5748 2678 5793 At
2725 5741 2862 5801 add,
2907 5751 3002 5807 non
3035 5743 3082 5789 te
3106 5737 3438 5807 deserent,_ne
3476 5735 3617 5807 dese-

2012 5810 2189 5858 rantur
2211 5797 2244 5857 a'
2265 5812 2327 5857 te.
2354 5797 2541 5870 Aliquot
2560 5812 2688 5865 uss,
2733 5816 2828 5855 non
2848 5797 2896 5854 te
2923 5801 3168 5864 deserant,
3203 5812 3292 5852 nec
3332 5797 3612 5851 deserentur

2023 5875 2142 5920 ate.

3649 1042 3675 1180 i

3656 1175 3678 1286 ξ.
