4084 6456
504 518 736 577 Domino
762 509 890 585 quid
916 508 1113 565 dictant
1144 500 1263 558 est?
1286 496 1594 567 Adimplcbis
1638 510 1715 547 me
1752 490 1928 546 laetitia
1971 503 2086 541 cum

503 614 643 668 vultu
674 579 970 678 tuo-(Psal.
1001 614 1088 665 xv,
1119 597 1178 652 ll
1206 594 1247 667 ).
1285 591 1415 649 Sine
1458 588 1605 643 vultu
1643 599 1741 641 suo
1786 598 1889 638 non
1937 579 2092 635 nobis

505 706 659 760 daret
687 697 944 755 laetitiam.
985 691 1065 747 Ad
1101 688 1204 743 hoc
1246 696 1531 757 purgamus
1564 678 1766 740 vultum
1808 681 2087 737 nostrum,

503 808 563 853 ιιι
589 784 911 867 gaudeamus
932 786 999 841 ad
1021 783 1220 838 vultum
1245 778 1429 849 ipsius.
1458 773 1582 847 Filii
1603 770 1745 827 enim
1771 766 1866 822 Dei
1895 779 2089 829 sumus,

505 900 551 944 et
575 860 799 942 nondum
820 876 1058 951 apparuit
1087 873 1209 944 quid
1237 871 1421 925 erimus
1444 884 1461 921 :
1492 865 1679 921 scimus
1703 860 1821 931 quia
1848 873 1963 912 cum
1991 870 2089 923 ap-

506 978 772 1053 paruerit,
818 972 1005 1029 similes
1044 968 1089 1023 ei
1122 966 1307 1021 erimus
1331 1003 1346 1029 ,
1390 959 1630 1031 quoniam
1668 951 1941 1009 videbimus
1979 963 2093 1003 eum

503 1041 652 1127 sicuti
677 1078 747 1123 est
772 1066 791 1139 (
813 1066 831 1121 l
852 1064 1009 1119 Joan.
1041 1076 1095 1115 ιιι
1122 1101 1136 1125 ,
1162 1057 1199 1111 2
1222 1057 1263 1128 );
1285 1054 1408 1125 quia
1436 1047 1783 1105 inhabitabant
1823 1041 1945 1097 recti
1979 1054 2094 1093 cum

506 1164 649 1218 vultu
672 1170 777 1214 tuo.
808 1157 1133 1212 Putamusne
1163 1163 1285 1203 cum
1314 1145 1462 1200 vultu
1486 1139 1658 1197 Patris
1682 1179 1698 1205 ,
1730 1146 1784 1193 et
1824 1149 1929 1189 non
1969 1144 2092 1186 cum

506 1254 654 1309 vultu
686 1249 850 1307 Filii?
879 1262 945 1302 an
984 1260 1104 1301 cum
1142 1241 1287 1296 vultu
1326 1236 1486 1301 Filii,
1526 1241 1581 1287 ct
1625 1246 1730 1285 non
1775 1242 1897 1283 cum
1944 1224 2093 1279 vultu

508 1343 724 1401 Patris?
754 1356 820 1394 an
851 1351 990 1393 unus
1014 1328 1407 1405 quodammodo
1448 1324 1625 1380 vultus
1660 1319 1835 1376 Patris
1879 1326 1935 1373 et
1973 1313 2095 1369 Filii

510 1446 564 1491 et
592 1433 823 1504 Spiritus
849 1427 1057 1485 sancti?
1089 1423 1373 1478 Videamus
1401 1418 1445 1473 si
1474 1431 1579 1473 non
1612 1413 1765 1469 nobis
1792 1412 1904 1481 ipse
1928 1406 2095 1463 Filius

508 1496 773 1597 promittit
801 1520 1002 1575 vultum
1035 1530 1186 1571 suum
1213 1554 1228 1580 ,
1254 1509 1397 1566 unde
1426 1523 1524 1563 nos
1550 1506 1705 1560 lmtos
1731 1502 1907 1557 faciet.
1938 1496 2095 1553 Modo

514 1592 619 1673 hoc
648 1614 937 1686 capitulum
967 1612 1019 1665 in
1047 1605 1369 1676 Evangelio,
1402 1598 1542 1670 quod
1570 1596 1693 1652 huic
1725 1592 1930 1664 psalmo
1955 1598 2095 1645 atte-

512 1678 785 1771 staretur,
815 1703 1070 1760 Dominus
1094 1700 1234 1753 Deus
1260 1690 1536 1763 inspiravit
1580 1696 1638 1743 ut
1679 1686 1965 1755 legeretur.
2008 1678 2097 1734 Ait

514 1801 654 1855 enim
683 1799 794 1867 ipse
825 1793 1081 1849 Dominus
1100 1832 1116 1855 ,
1144 1786 1243 1854 Qui
1270 1783 1411 1838 audit
1439 1786 1691 1851 praecepta
1731 1790 1874 1839 mea,
1920 1780 1966 1826 et
2004 1785 2095 1825 cu-

514 1891 666 1946 stodit
692 1860 750 1944 ea
774 1928 788 1953 ,
815 1888 922 1957 ipse
948 1891 1019 1938 est
1047 1880 1131 1949 qui
1160 1877 1324 1947 diligit
1354 1890 1431 1927 me
1454 1889 1471 1928 :
1498 1880 1544 1926 et
1563 1869 1647 1937 qui
1673 1866 1838 1936 diligit
1866 1878 1944 1917 me
1966 1903 1981 1929 ,
2014 1860 2096 1914 di-

515 1984 699 2054 ligetur
725 1997 757 2032 a
788 1955 943 2032 Patre
969 1990 1078 2028 meo
1100 2014 1116 2038 ,
1147 1980 1193 2026 et
1222 1985 1310 2040 ego
1339 1966 1549 2037 diligam
1577 1978 1690 2017 eum
1717 2000 1731 2025 ,
1760 1968 1808 2013 et
1837 1955 2097 2010 ostendant

515 2047 594 2129 illi
637 2072 881 2143 meipsum
918 2065 1115 2139 (Joan.
1161 2076 1276 2127 xiv,
1304 2060 1366 2114 ει
1390 2058 1429 2128 ).
1471 2055 1638 2124 Quale
1677 2047 2095 2143 promisitpraz-

516 2137 1139 2229 mium,-dilectissimi?
1179 2148 1443 2221 Numquid
1491 2160 1612 2201 eum
1657 2157 1763 2197 non
1807 2137 2094 2201 videbant,

516 2226 717 2327 quibus
750 2267 810 2308 se
848 2246 1133 2304 ostendere
1173 2235 1557 2314 promittebat?
1602 2246 1779 2288 nonne
1819 2237 1943 2284 ante
1981 2226 2099 2280 illos

516 2320 674 2405 erat?
696 2359 872 2401 nonne
900 2341 1062 2398 facies
1089 2335 1270 2393 carnis
1298 2331 1440 2387 illius
1479 2325 1756 2403 adjacebat
1792 2320 1963 2378 oculis
1999 2333 2096 2374 eo-

514 2453 636 2493 rum
657 2437 681 2491 ?
706 2433 842 2504 Quid
872 2441 956 2488 est
983 2427 1124 2500 quod
1150 2422 1362 2481 volebat
1384 2416 1667 2475 ostendere
1685 2400 1984 2469 videntibus
2000 2408 2098 2463 se?

515 2528 621 2587 Sed
648 2500 769 2598 quia
803 2524 962 2579 talem
991 2518 1240 2574 videbant
1269 2508 1512 2581 discipuli
1536 2548 1553 2573 ,
1583 2504 1793 2577 qualem
1815 2500 2096 2557 crucifixe—

517 2629 642 2676 runt
666 2589 872 2681 iudici;
901 2620 1015 2667 erat
1040 2616 1217 2665 autem
1246 2605 1385 2659 Deus
1414 2602 1467 2656 in
1496 2610 1657 2654 carne
1691 2594 1780 2650 illa
1816 2589 2096 2653 occultus;

516 2710 788 2765 hominem
814 2714 990 2759 autem
1018 2706 1235 2771 possent
1257 2695 1439 2751 videre
1470 2689 1712 2745 homines
1736 2729 1751 2751 ,
1776 2685 1941 2739 Deum
1965 2694 2095 2735 vero

517 2817 625 2861 non
652 2806 898 2869 possent,
929 2792 1171 2863 quamvis
1198 2790 1250 2843 in
1277 2785 1531 2849 homine;
1567 2781 1688 2851 quia
1726 2776 1869 2831 Beati
1907 2771 2097 2828 niundo

516 2861 667 2945 corde
690 2930 703 2952 .
750 2861 985 2957 quoniam
1028 2881 1124 2948 ipsi
1172 2879 1333 2932 Deum
1368 2874 1597 2929 videbunt
1634 2867 1859 2940 (Matth.
1889 2881 1942 2931 v,
1987 2861 2095 2935 8):

519 2978 668 3035 dedit
698 2954 922 3030 formam
965 2969 1235 3032 hominis,
1280 2974 1334 3020 et
1377 2963 1476 3035 piis
1513 2970 1566 3016 et
1609 2958 1824 3028 impiis;
1868 2954 2098 3010 servavit

520 3072 746 3124 formam
780 3063 874 3119 Dei
902 3060 1166 3118 mundatis
1190 3066 1244 3113 et
1268 3056 1370 3127 piis
1393 3096 1406 3119 ,
1442 3062 1498 3108 ut
1517 3048 1872 3122 jucundcmur
1899 3046 1952 3101 in
1980 3044 2094 3111 illo,

520 3170 574 3215 et
603 3158 739 3214 bene
770 3155 922 3210 nobis
950 3154 1001 3207 in
1032 3159 1286 3206 aeternum
1313 3147 1381 3201 sit
1408 3158 1529 3198 cum
1559 3141 1702 3196 vultu
1732 3138 1917 3209 ipsius.

738 3268 2073 3304 ________________..___...._...

914 3367 993 3428 IN
1037 3360 1414 3427 PSALMUM
1458 3357 1619 3420 CXL

1082 3478 1498 3540 ENARRATIO.

1014 3609 1182 3651 εειιιιο
1215 3608 1281 3648 AD
1304 3603 1564 3646 Ρορυιῠιι.

594 3716 643 3768 ι.
689 3711 954 3777 Audistis,
988 3708 1211 3773 fratres,
1240 3701 1656 3759 admonitionem
1699 3706 1752 3752 et
1791 3693 2098 3766 petitionem

519 3818 753 3862 nostram
796 3797 859 3859 ex
902 3817 995 3857 ore
1033 3798 1308 3871 Apostoli,
1337 3810 1458 3850 cum
1503 3792 1621 3863 ejus
1662 3788 1823 3845 modo
1867 3785 2099 3871 Epistola

525 3902 811 3969 legeretur.
844 3895 930 3949 Ait
965 3893 1106 3948 enim
1139 3909 1151 3944 :
1189 3886 1419 3942 Orationi
1448 3858 1726 3949 instantes,
1758 3858 2019 3951 vigilantes
2047 3876 2101 3929 in

519 3968 653 4057 illa;
690 3998 888 4043 orantes
912 3984 1064 4039 simul
1088 3992 1133 4037 et
1160 3998 1251 4053 pro
1275 3980 1414 4034 nobis
1440 4020 1454 4045 ,
1486 3986 1541 4031 ut
1567 3974 1706 4030 Deus
1740 3972 1936 4044 aperiat
1961 3968 2101 4023 nobis

521 4084 703 4137 ostium
730 4078 861 4132 verbi
898 4077 964 4129 ad
987 4074 1287 4144 loquendum
1313 4069 1602 4142 mysterium
1628 4067 1760 4137 ejus,
1790 4072 1845 4117 ut
1878 4061 2099 4132 manife-

522 4185 646 4229 stcm
678 4170 826 4237 illud,
845 4170 969 4223 sicut
995 4174 1188 4237 oportet
1210 4180 1289 4217 me
1311 4163 1446 4231 loqui
1471 4159 1690 4229 (Coloss.
1715 4172 1791 4223 tv,
1809 4154 1947 4225 2-4).
1980 4151 2105 4207 llaec

523 4265 682 4318 verba
719 4263 877 4316 etiam
907 4274 1021 4313 mea
1048 4258 1305 4327 deputare
1347 4250 1655 4324 dignemini.
1700 4248 1837 4304 Sunt
1874 4244 2017 4301 enim
2048 4243 2101 4298 in

524 4352 814 4421 Scripturis
860 4348 1057 4403 sanctis
1106 4343 1365 4416 profunda
1409 4340 1685 4410 mysteria,
1737 4352 1855 4408 qua:
1892 4334 1959 4390 ad
2004 4334 2106 4388 hoc

525 4441 941 4505 abscondantur,
986 4454 1053 4492 ne
1095 4437 1388 4499 vilescant;
1432 4431 1499 4487 ad
1542 4430 1645 4485 hoc
1690 4436 2018 4499 quaeruntur,
2048 4433 2108 4479 ut

526 4540 851 4597 exerceant;
902 4529 968 4584 ad
1010 4529 1111 4582 hoc
1150 4526 1478 4595 aperiuntur,
1506 4530 1565 4575 ut
1597 4529 1835 4592 pascant.
1866 4516 2107 4572 Psalmus

529 4640 688 4697 quem
734 4621 894 4678 modo
934 4617 1288 4679 cantavimus,
1322 4615 1373 4669 in
1403 4612 1582 4667 multis
1607 4610 1883 4666 sententiis
1908 4606 2108 4663 subob-

524 4734 715 4775 scut-us
743 4726 844 4772 est.
891 4715 1020 4771 Cum
1047 4755 1061 4779 ,
1090 4710 1375 4781 adjuvante
1403 4706 1627 4761 Domino
1650 4744 1665 4769 ,
1699 4718 1762 4758 ea
1804 4715 1923 4772 qua:
1966 4699 2109 4755 dicta

528 4821 652 4866 sunt
675 4851 688 4874 ,
724 4808 837 4863 erui
867 4817 919 4862 et
945 4805 1136 4876 exponi
1168 4801 1428 4872 cmperint
1447 4839 1462 4865 ,
1493 4795 1738 4853 videbitis
1766 4794 1870 4849 hoc
1896 4806 1994 4848 vos
2017 4806 2111 4846 au-

534 4904 648 4956 dire
683 4900 823 4970 quod
850 4900 959 4967 jam
988 4895 1277 4951 noveratis.
1307 4891 1411 4948 Sed
1440 4890 1560 4947 idco
1586 4887 1944 4958 multipliciter
1968 4883 2110 4940 dicta

525 5003 673 5061 sunt,
698 5003 753 5047 ut
776 4993 1004 5047 varietas
1026 4988 1307 5044 locutionis
1330 4984 1593 5041 fastidium
1620 4981 1834 5037 tolleret
1854 4977 2109 5034 veritatis.

502 5156 505 5157 ν
598 5086 652 5139 2.
685 5083 819 5149 Quid
842 5083 985 5138 enim
1004 5080 1252 5150 amplius,
1275 5080 1485 5141 fratres,
1506 5074 1589 5131 vel
1608 5070 2112 5130 salubriusaudituri

529 5188 581 5229 et
607 5175 869 5243 cognituri
891 5175 1041 5237 eSIis,
1068 5188 1248 5244 quam,
1268 5170 1460 5240 Diliges
1490 5169 1761 5223 Dominum
1783 5164 1945 5220 Deum
1972 5174 2111 5217 tuum

535 5282 597 5318 inc
625 5274 726 5337 toto
748 5266 896 5318 corde
923 5274 1027 5331 tuo,
1052 5273 1095 5317 et
1118 5281 1179 5318 ca:
1200 5272 1301 5317 tota
1330 5264 1500 5315 anima
1531 5269 1636 5326 tua,
1660 5268 1707 5312 et
1737 5273 1799 5312 ea:
1819 5264 1922 5311 tota
1953 5266 2117 5308 mente

533 5371 620 5410 tua
641 5374 659 5423 ;
682 5365 755 5421 ct,
782 5354 972 5425 Diliges
994 5358 1277 5425 proximum
1305 5363 1441 5406 tuum
1465 5362 1704 5420 tauquam
1731 5350 1942 5419 teipsum
1963 5346 1988 5399 ?
2009 5344 2114 5401 Sed

533 5466 600 5506 ne
632 5447 827 5521 putetis
858 5447 971 5502 haec
998 5447 1102 5501 duo
1130 5454 1388 5516 praecepta
1415 5459 1573 5515 parva
1601 5456 1720 5498 esse
1751 5460 1763 5496 :
1795 5439 1858 5493 In
1888 5439 1965 5492 his
1991 5437 2117 5491 duo-

533 5546 624 5597 bus
652 5540 916 5614 praeceptis
940 5547 1042 5593 tota
1064 5536 1168 5591 Lex
1187 5538 1366 5607 pendet
1388 5547 1436 5590 et
1458 5531 1957 5605 Prophetwﬂlatth.
1979 5546 2115 5599 xxtt,

532 5634 753 5704 37-40).
793 5628 1059 5701 Quidqttid
1102 5642 1231 5698 ergo
1272 5626 1555 5682 salubriter
1593 5634 1770 5680 incute
1798 5623 2114 5694 concipitur,

537 5728 622 5784 vel
661 5742 754 5783 ore
789 5723 1078 5799 profertur.
1111 5721 1189 5779 vel
1226 5720 1294 5777 de
1330 5719 1566 5790 qualibet
1591 5718 1769 5774 divina
1803 5717 1990 5791 pagina
2020 5732 2118 5773 ex-

546 5818 821 5901 sculpitur,
863 5832 968 5879 non
998 5816 1156 5876 habet
1182 5812 1340 5879 llnem
1369 5810 1472 5869 nisi
1499 5800 1834 5871 charitatem.
1869 5808 1995 5869 llaec
2024 5823 2119 5901 att-

1702 381 1757 435 S.
1800 372 2158 437 AUGUSTINI
2203 372 2498 429 EPISCOPI

3633 363 3789 423 i8l6

2204 497 2308 542 tem
2353 484 2584 540 cliaritas
2632 497 2738 537 non
2791 476 3186 550 qualiscumque
3221 480 3324 530 est.
3369 470 3505 529 Nam
3547 479 3602 527 et
3636 472 3794 531 male

2196 581 2439 634 viventes
2477 574 2788 631 irretiuntur
2814 570 2915 627 sibi
2955 568 3209 624 societate
3242 563 3462 636 perditae
3497 561 3793 618 conscien-

2198 672 2306 738 tiae,
2324 679 2379 725 et
2395 668 2639 725 dicuntur
2658 678 2838 720 amare
2862 678 2943 728 se,
2972 659 3114 716 nolle
3139 656 3415 724 discedere
3430 653 3500 711 ab
3525 653 3792 720 invicem,

2197 764 2307 821 suis
2323 757 2765 818 collocutionibus
2786 752 3084 817 conciliari,
3104 750 3410 807 desiderare
3434 761 3494 803 se
3507 747 3793 809 absentes.

2196 852 2431 927 gaudere
2458 849 2526 905 ad
2552 847 2893 920 priesentiam
2939 858 3113 900 suam.
3156 842 3323 896 Amor
3370 839 3471 894 iste
3520 846 3803 894 tartareus

2198 956 2281 1003 est
2309 964 2323 1000 :
2353 945 2557 1001 viscum
2585 940 2783 1007 habet,
2829 951 2936 1008 quo
2964 933 3179 1004 dejiciat
3206 931 3261 987 in
3290 928 3646 1002 profundum;
3677 944 3799 985 non

2199 1051 2402 1110 pennas
2432 1078 2447 1105 ,
2475 1034 2668 1107 quibus
2692 1032 2833 1087 levet
2857 1029 2911 1085 in
2935 1027 3153 1084 ctelum.
3183 1024 3315 1093 Quae
3344 1031 3428 1078 est.
3451 1030 3631 1078 autem
3654 1020 3801 1076 cha-

2199 1132 2352 1200 ritas,
2377 1139 2435 1186 ut
2464 1145 2495 1185 a
2523 1126 2733 1183 caeteris
2765 1138 2884 1196 qua:
2909 1120 3241 1193 appellantur
3267 1116 3579 1181 charitates,
3607 1128 3804 1185 segreo

2198 1233 2354 1295 getur
2391 1229 2447 1278 et
2481 1215 2876 1290 distinguatur?
2914 1212 2990 1267 Ea
3020 1225 3139 1283 quia
3166 1209 3401 1266 charitas
3438 1206 3637 1263 dicitur
3662 1221 3802 1261 vera

2202 1312 2647 1375 Christianorum,
2694 1322 2724 1361 a
2767 1304 2932 1362 Paulo
2959 1301 3181 1358 definita
3220 1308 3323 1364 est,
3368 1308 3528 1369 atque
3566 1298 3640 1353 ita
3678 1297 3803 1352 suis

2202 1403 2520 1477 quibusdam
2550 1398 2791 1456 terminis
2817 1393 3240 1464 circumscripta,
3266 1406 3388 1447 cum
3413 1390 3484 1445 sit
3510 1388 3805 1445 divinitate

2200 1498 2422 1562 infinita,
2447 1504 2504 1550 ut
2526 1493 2744 1549 omnino
2762 1490 3095 1546 discernatur
3120 1501 3148 1539 a
3174 1483 3404 1541 cieteris.
3435 1481 3585 1538 Finis
3609 1482 3795 1550 enim,

2202 1592 2388 1661 inquit,
2419 1587 2654 1659 pracepti
2682 1594 2754 1639 est
2782 1583 3022 1638 charitas.
3059 1579 3247 1635 Posset
3270 1576 3547 1647 hucusque
3579 1574 3801 1631 dicere.

2200 1685 2332 1741 Nam
2372 1682 2491 1737 aliis
2533 1681 2667 1736 locis
2698 1678 2785 1733 ubi
2825 1685 3072 1747 tanquam
3103 1671 3392 1729 scientibus
3431 1668 3793 1740 loquebatur,

2202 1776 2474 1846 hucusque
2492 1772 2656 1829 dixit:
2686 1767 2975 1834 Plenitudo,
2995 1764 3181 1837 inquit,
3202 1764 3325 1835 legis
3357 1761 3617 1832 cltaritasl
3627 1760 3793 1816 Rom.

2204 1883 2329 1933 xm,
2362 1864 2493 1937 i0);
2542 1872 2596 1919 et
2623 1876 2729 1917 non
2763 1858 2896 1914 dixit
2921 1856 3092 1928 qualis
3124 1852 3379 1910 charitas.
3411 1849 3537 1907 Ideo
3566 1849 3643 1905 ibi
3687 1864 3803 1905 non

2202 1961 2353 2025 dixit,
2377 1959 2498 2030 quia
2520 1955 2652 2011 dixit
2671 1953 2829 2008 alibi:
2857 1966 2961 2005 non
2985 1949 3128 2004 enim
3155 1947 3346 2017 ubique
3366 1944 3544 1999 omnia
3565 1942 3682 1999 dici
3706 1952 3805 1999 aut

2201 2056 2445 2123 possunt,
2464 2056 2555 2101 aut
2575 2044 2788 2101 debent.
2814 2042 2951 2112 Ergo
2978 2038 3083 2103 hic,
3104 2036 3375 2092 Plenitudo
3396 2035 3520 2106 iegis
3540 2034 3803 2089 charitas.

2202 2138 2491 2210 Quzerebas
2520 2135 2681 2201 forte,
2711 2147 2829 2203 qua!
2852 2128 3132 2187 eharitas?
3169 2126 3341 2199 qualis
3367 2124 3645 2181 charitas?
3688 2124 3807 2179 Διι-

2202 2233 2284 2289 dis
2327 2231 2431 2286 alio
2478 2229 2596 2285 loco
2630 2246 2643 2281 :
2677 2224 2823 2279 Finis
2868 2220 3105 2294 prtecepti
3149 2228 3220 2274 est
3262 2217 3482 2272 charitas
3528 2215 3593 2270 de
3642 2216 3808 2271 corde

2202 2338 2350 2394 puro.
2404 2320 2519 2376 iam
2556 2315 2732 2373 videte
2775 2324 2948 2370 utrum
2994 2312 3132 2367 inter
3174 2324 3233 2365 se
3272 2308 3510 2364 latrones
3556 2305 3807 2362 habeant

2202 2416 2516 2471 charitatem
2560 2410 2626 2466 de
2672 2422 2806 2480 puro
2838 2405 3019 2463 corde.
3060 2405 3255 2460 Purum
3297 2415 3391 2458 cor
3428 2402 3483 2457 in
3526 2400 3807 2457 charitate

2203 2507 2306 2563 hoc
2344 2514 2462 2570 est,
2505 2500 2717 2574 quando
2745 2498 2919 2569 diligis
2948 2496 3217 2552 hominem
3247 2493 3540 2550 secundum
3571 2492 3757 2548 Deum
3785 2508 3803 2558 ;

2202 2601 2324 2673 quia
2363 2606 2417 2653 et
2453 2598 2683 2666 teipsum
2721 2592 2800 2648 sic
2826 2590 2990 2646 debes
3016 2588 3236 2658 diligere
3258 2628 3275 2654 ,
3303 2596 3361 2641 ut
3388 2600 3495 2640 non
3526 2592 3686 2640 erret
3713 2599 3807 2639 re-

2201 2692 2345 2764 gula,
2396 2687 2591 2759 Diliges
2637 2683 2926 2757 proximum
2971 2691 3111 2735 tuum
3156 2687 3394 2749 tanquam
3441 2676 3694 2745 teipsum.
3744 2674 3805 2732 Si

2203 2785 2345 2840 enim
2372 2780 2508 2836 male
2539 2788 2591 2833 te
2619 2775 2796 2846 diligis
2818 2783 2871 2828 et
2889 2772 3178 2837 inutiliter;
3203 2770 3273 2824 ita
3300 2778 3353 2825 et
3379 2768 3693 2839 proximum
3721 2766 3805 2821 di.

2205 2875 2445 2948 ligendo,
2471 2870 2597 2943 quid
2636 2870 2685 2924 ei
2712 2866 2982 2925 consulis?
3023 2862 3305 2933 Quomodo
3343 2870 3522 2915 autem
3568 2869 3623 2915 te
3656 2858 3805 2916 male

2202 2970 2413 3040 diligis?
2451 2963 2729 3036 Quomodo
2767 2961 2938 3017 innuit
2966 2960 2981 2991 ¹
3012 2957 3285 3028 Scriptura
3309 2996 3325 3022 ,
3363 2967 3484 3025 qua:
3512 2952 3802 3008 neminem

2204 3063 2400 3135 palpat,
2429 3071 2483 3116 et
2507 3056 2774 3114 convincit
2793 3055 2916 3126 quia
2943 3067 3049 3109 non
3073 3060 3126 3108 te
3145 3050 3358 3122 diligis;
3386 3047 3494 3102 imo
3518 3043 3805 3101 convincit

2148 3151 2165 3167 “
2201 3155 2324 3226 quia
2350 3162 2404 3209 et
2427 3151 2587 3206 odisti
2617 3158 2706 3205 te:
2743 3147 2839 3215 Qui
2866 3155 3032 3200 autem
3056 3186 3071 3207 ,
3112 3142 3322 3213 inquit,
3351 3138 3515 3209 diligit
3545 3136 3803 3206 iniquita-

2203 3256 2300 3301 tem
2323 3289 2338 3313 ,
2370 3244 2475 3299 odit
2513 3244 2733 3297 animam
2762 3256 2910 3296 suam.
2933 3238 2954 3311 (
2978 3236 3125 3293 Psal.
3148 3251 3181 3290 x
3206 3276 3222 3302 ,
3249 3232 3344 3304 6).
3376 3231 3432 3287 Si
3456 3244 3591 3300 ergo
3615 3228 3801 3300 diligis

2204 3339 2552 3410 iniquitatem,
2595 3346 2748 3407 putas
2787 3331 2928 3405 quod
2959 3331 3184 3401 teipsum
3214 3326 3439 3397 diligas?
3476 3324 3647 3381 Erras
3674 3340 3693 3377 :
3729 3322 3801 3377 ita

2203 3440 2258 3486 et
2284 3430 2584 3501 proximum
2612 3426 2858 3497 diligens,
2883 3421 2951 3479 ad
2979 3421 3310 3492 iniquitatem
3336 3418 3521 3484 duces,
3552 3424 3609 3472 et
3629 3415 3804 3471 dilec-

2206 3525 2279 3579 tio
2300 3533 2387 3578 tua
2414 3523 2633 3592 laqueus
2653 3520 2755 3574 erit
2773 3515 2971 3573 dilecti.
2999 3513 3234 3570 Charitas
3259 3526 3386 3582 ergo
3408 3508 3469 3563 de
3490 3524 3622 3580 puro
3644 3507 3804 3561 corde

2203 3624 2286 3669 est
2312 3628 2431 3684 qua:
2459 3622 2543 3668 est
2569 3608 2859 3667 secundum
2894 3607 3059 3662 Deum
3087 3645 3103 3671 ,
3131 3614 3179 3658 et
3202 3601 3507 3658 conscientia
3538 3601 3682 3655 bona
3708 3639 3727 3665 ,
3755 3608 3805 3654 et

2205 3705 2307 3775 ﬁde
2335 3720 2434 3758 non
2462 3703 2582 3772 [icta
2612 3699 2829 3773 (lTim.
2862 3700 2888 3755 l
2916 3740 2932 3765 ,
2960 3697 3055 3769 5).
3089 3694 3192 3751 Ista
3219 3692 3455 3754 charitas
3478 3689 3710 3747 deﬁnita
3736 3687 3805 3744 ab

2206 3793 2463 3866 Apostolo
2517 3792 2679 3848 habet
2731 3790 2839 3846 duo
2889 3795 3195 3860 prmcepta;
3237 3782 3538 3838 dilectionis
3582 3779 3722 3847 Dei,
3751 3786 3805 3835 et

2206 3885 2507 3942 dilectionis
2545 3882 2792 3954 proximi.
2841 3879 2898 3935 ln
2940 3877 3099 3955 nullis
3123 3874 3414 3945 Scriptus-is
3438 3869 3581 3925 aliud
3609 3871 3802 3941 requi-

2207 3980 2358 4043 ratis,
2389 3991 2546 4033 nemo
2568 3974 2719 4030 vobis
2743 3971 2886 4028 aliud
2909 3969 3199 4042 prmcipiat.
3220 3963 3487 4036 Quidquid
3506 3962 3805 4018 obscurum

2208 4082 2286 4127 est
2327 4070 2382 4124 in
2426 4067 2721 4138 Scriptura,
2770 4064 2887 4120 hinc
2930 4062 3000 4118 ibi
3029 4060 3234 4117 occulta
3264 4065 3347 4114 est
3376 4075 3390 4112 :
3420 4053 3690 4127 quidquid
3725 4051 3800 4108 ibi

2211 4162 2425 4233 planum
2456 4166 2538 4214 est
2561 4198 2577 4224 ,
2605 4157 2720 4211 hmo
2763 4154 2835 4209 ibi
2872 4159 3055 4224 aperta
3084 4159 3186 4207 est.
3216 4148 3274 4205 Si
3312 4159 3575 4217 nusquam
3609 4149 3803 4214 aperta

2211 4262 2353 4309 esset
2378 4294 2395 4321 ,
2423 4267 2531 4306 non
2562 4260 2614 4305 te
2642 4253 2884 4319 pasceret
2915 4262 2929 4299 :
2962 4244 3007 4299 si
3038 4255 3297 4313 nusquam
3328 4236 3536 4293 occulta
3560 4276 3576 4301 ,
3604 4249 3724 4290 non
3753 4242 3803 4289 te

2211 4354 2509 4402 exerceret.
2563 4342 2687 4396 Haec
2731 4338 2968 4394 eltaritas
3008 4335 3205 4392 clamat
3233 4332 3300 4388 de
3327 4330 3490 4387 corde
3523 4343 3665 4401 puro
3690 4369 3708 4394 ,
3736 4325 3804 4382 de

2204 4437 2372 4495 corde
2399 4436 2582 4491 talium
2615 4434 2667 4487 in
2695 4431 2778 4486 his
2805 4429 2983 4484 verbis
3004 4469 3019 4494 ,
3046 4426 3219 4497 qualis
3250 4425 3337 4479 hic
3361 4421 3520 4479 modo
3544 4430 3695 4477 orat.
3736 4417 3801 4474 Et

2211 4534 2329 4606 quis
2354 4533 2454 4587 iste
2480 4530 2569 4595 sit,
2597 4527 2706 4581 cito
2733 4523 2958 4580 dixerim
2986 4539 2999 4576 :
3032 4518 3274 4575 Christus
3298 4524 3402 4572 est.

2283 4625 2338 4679 5.
2378 4618 2619 4677 Audituri
2648 4625 2826 4671 autem
2861 4612 2992 4668 estis
3020 4609 3179 4665 verba
3204 4623 3323 4679 quae
3349 4605 3417 4661 de
3447 4603 3681 4660 Domino
3706 4615 3799 4657 no-

2212 4728 2325 4775 stro
2345 4716 2471 4772 .lcsu
2486 4712 2697 4768 Christo
2720 4707 2933 4778 indigne
2958 4704 3308 4773 accipiuntur,
3322 4708 3375 4754 et
3392 4695 3593 4770 putabit
3610 4707 3797 4767 parum

2216 4806 2517 4878 intelligens
2549 4813 2750 4859 temere
2779 4813 2866 4853 me
2894 4797 3091 4851 dixisse
3119 4792 3316 4848 Christi
3350 4804 3473 4847 esse
3513 4799 3798 4859 personam

2204 4901 2272 4973 in
2322 4877 2423 4954 hoc
2471 4894 2697 4966 psalmo.
2744 4886 3026 4957 Quomodo
3074 4885 3216 4942 enim
3259 4890 3434 4954 potest
3469 4881 3536 4935 de
3576 4877 3799 4933 Domino

2218 5001 2401 5048 nostro
2422 4988 2546 5045 Jesu
2573 4984 2809 5050 Christo,
2838 4981 2904 5037 de
2936 4980 3025 5035 illo
3056 4992 3193 5048 agno
3219 4973 3583 5037 immaculato,
3615 4970 3685 5026 de
3710 4968 3798 5024 illo

2220 5085 2273 5139 in
2313 5096 2420 5153 quo
2463 5079 2580 5135 solo
2615 5091 2721 5131 non
2760 5083 2844 5129 est
2882 5073 3156 5128 inventum
3195 5076 3506 5139 peccatum,
3535 5062 3627 5133 qui
3659 5062 3799 5117 solus

2220 5174 2496 5231 verissime
2536 5170 2716 5226 dicere
2761 5165 2966 5236 potuit,
3012 5162 3145 5217 Ecce
3180 5161 3313 5215 venit
3353 5160 3585 5231 princeps
3629 5154 3802 5209 mundi

2221 5268 2403 5337 hujus,
2431 5274 2476 5319 et
2509 5264 2662 5317 inme
2698 5258 2827 5313 nihil
2853 5257 3068 5311 inveniet
3098 5252 3281 5323 (Joan.
3311 5266 3419 5316 xlv,
3448 5248 3540 5319 30)
3566 5288 3582 5313 ,
3618 5247 3670 5301 id
3698 5254 3795 5307 est,

2222 5336 2419 5413 nullam
2442 5354 2674 5425 culpam,
2699 5349 2901 5405 nullum
2929 5354 3138 5402 reatum
3168 5360 3185 5408 ;
3212 5344 3303 5413 qui
3334 5341 3500 5405 solus,
3526 5336 3667 5409 quod
3697 5349 3799 5388 non

2222 5448 2430 5517 rapuit,
2459 5442 2767 5500 exsolvebat
2792 5441 2811 5510 (
2842 5438 2984 5493 Psal.
3011 5450 3191 5499 vain,
3220 5434 3253 5488 5
3275 5433 3330 5502 );
3359 5431 3447 5501 qui
3476 5429 3621 5483 solus
3647 5429 3799 5481 inno-

2222 5524 2432 5597 centem
2476 5533 2787 5605 sanguinem
2829 5530 3000 5596 fudit,
3048 5527 3211 5581 Filius
3241 5525 3333 5580 Dei
3365 5521 3554 5577 unicus
3582 5530 3796 5573 carnem

2224 5631 2509 5701 accipiens,
2530 5642 2644 5689 non
2675 5638 2777 5697 qua
2809 5623 2922 5693 ipse
2953 5620 3301 5684 minueretur,
3336 5612 3429 5669 sed
3456 5626 3558 5683 qua
3586 5623 3681 5664 nos
3706 5621 3800 5660 aue

2287 5752 2305 5784 ι
2331 5750 2404 5801 sic
2419 5746 2726 5809 aliquotllss.
2753 5740 2840 5794 Alii
2858 5751 3004 5791 vero:
3032 5730 3274 5800 Quomodo
3306 5728 3498 5785 invenit.
3530 5723 3660 5778 Edd.:
3683 5729 3801 5803 Quo-

2224 5792 2760 5871 nioa'iraiaiih
3045 5792 3061 5800 ·
3758 5792 3766 5803 ·
