  <div class='ocr_page' id='page_1' title='image "/cluster/home/n/w/nwhite01/storage/ocr_20150623/37/uva.x000827106/406.png"; bbox 0 0 4084 6448; ppageno 0'>
   <div class='ocr_carea' id='block_1_1' title="bbox 290 374 428 438">
    <p class='ocr_par' dir='ltr' id='par_1_1' title="bbox 290 374 428 438">
     <span class='ocr_line' id='line_1_1' title="bbox 290 374 428 438; baseline -0.022 0"><span class='ocrx_word' id='word_1_1' title='bbox 290 374 428 438; x_wconf 69' lang='grc'><strong>4817</strong></span> 
     </span>
    </p>
   </div>
   <div class='ocr_carea' id='block_1_2' title="bbox 289 481 1870 561">
    <p class='ocr_par' dir='ltr' id='par_1_2' title="bbox 289 481 1870 561">
     <span class='ocr_line' id='line_1_2' title="bbox 289 481 1870 561; baseline -0.004 -17"><span class='ocrx_word' id='word_1_2' title='bbox 289 501 441 560; x_wconf 83' lang='lat' dir='ltr'><strong>geret</strong></span> <span class='ocrx_word' id='word_1_3' title='bbox 473 510 485 545; x_wconf 77' lang='grc' dir='ltr'>ε</span> <span class='ocrx_word' id='word_1_4' title='bbox 515 485 784 561; x_wconf 90' lang='lat' dir='ltr'><strong>quomodo</strong></span> <span class='ocrx_word' id='word_1_5' title='bbox 807 494 934 556; x_wconf 88' lang='lat' dir='ltr'><strong>ergo</strong></span> <span class='ocrx_word' id='word_1_6' title='bbox 955 481 1022 542; x_wconf 89' lang='lat' dir='ltr'><strong>de</strong></span> <span class='ocrx_word' id='word_1_7' title='bbox 1049 481 1146 541; x_wconf 88' lang='lat' dir='ltr'><strong>ista</strong></span> <span class='ocrx_word' id='word_1_8' title='bbox 1178 498 1402 555; x_wconf 84' lang='lat' dir='ltr'><strong>persona</strong></span> <span class='ocrx_word' id='word_1_9' title='bbox 1425 496 1570 541; x_wconf 89' lang='lat' dir='ltr'><strong>recte</strong></span> <span class='ocrx_word' id='word_1_10' title='bbox 1596 483 1870 554; x_wconf 88' lang='lat' dir='ltr'><strong>accipitur,</strong></span> 
     </span>
    </p>
   </div>
   <div class='ocr_carea' id='block_1_3' title="bbox 292 577 1879 648">
    <p class='ocr_par' dir='ltr' id='par_1_3' title="bbox 292 577 1879 648">
     <span class='ocr_line' id='line_1_3' title="bbox 292 577 1879 648; baseline -0.005 -10"><span class='ocrx_word' id='word_1_11' title='bbox 292 582 461 648; x_wconf 85' lang='lat' dir='ltr'><strong>Pone,</strong></span> <span class='ocrx_word' id='word_1_12' title='bbox 489 580 723 648; x_wconf 90' lang='lat' dir='ltr'><strong>Domine,</strong></span> <span class='ocrx_word' id='word_1_13' title='bbox 747 578 1029 634; x_wconf 74' lang='lat' dir='ltr'><strong>custodiam</strong></span> <span class='ocrx_word' id='word_1_14' title='bbox 1050 578 1126 633; x_wconf 86' lang='lat' dir='ltr'><strong>ori</strong></span> <span class='ocrx_word' id='word_1_15' title='bbox 1147 593 1274 643; x_wconf 89' lang='lat' dir='ltr'><strong>meo,</strong></span> <span class='ocrx_word' id='word_1_16' title='bbox 1298 586 1343 631; x_wconf 87' lang='lat' dir='ltr'><strong>et</strong></span> <span class='ocrx_word' id='word_1_17' title='bbox 1361 577 1542 632; x_wconf 90' lang='lat' dir='ltr'><strong>ostium</strong></span> <span class='ocrx_word' id='word_1_18' title='bbox 1562 577 1879 630; x_wconf 64' lang='lat' dir='ltr'><strong>continentia</strong></span> 
     </span>
    </p>
   </div>
   <div class='ocr_carea' id='block_1_4' title="bbox 291 667 1878 735">
    <p class='ocr_par' dir='ltr' id='par_1_4' title="bbox 291 667 1878 735">
     <span class='ocr_line' id='line_1_4' title="bbox 291 667 1878 735; baseline -0.004 -9"><span class='ocrx_word' id='word_1_19' title='bbox 291 674 490 726; x_wconf 85' lang='lat' dir='ltr'><strong>circum</strong></span> <span class='ocrx_word' id='word_1_20' title='bbox 535 669 671 725; x_wconf 84' lang='lat' dir='ltr'><strong>labia</strong></span> <span class='ocrx_word' id='word_1_21' title='bbox 715 687 826 726; x_wconf 86' lang='lat' dir='ltr'><strong>mea</strong></span> <span class='ocrx_word' id='word_1_22' title='bbox 847 710 861 735; x_wconf 91' lang='lat'><strong>,</strong></span> <span class='ocrx_word' id='word_1_23' title='bbox 902 679 958 724; x_wconf 87' lang='lat' dir='ltr'><strong>ut</strong></span> <span class='ocrx_word' id='word_1_24' title='bbox 986 678 1085 724; x_wconf 77' lang='lat' dir='ltr'><strong>nan</strong></span> <span class='ocrx_word' id='word_1_25' title='bbox 1115 669 1332 724; x_wconf 77' lang='lat' dir='ltr'><strong>declines</strong></span> <span class='ocrx_word' id='word_1_26' title='bbox 1354 685 1441 723; x_wconf 89' lang='lat' dir='ltr'><strong>cor</strong></span> <span class='ocrx_word' id='word_1_27' title='bbox 1465 685 1630 722; x_wconf 88' lang='lat' dir='ltr'><strong>meum</strong></span> <span class='ocrx_word' id='word_1_28' title='bbox 1655 668 1707 722; x_wconf 90' lang='lat' dir='ltr'><strong>in</strong></span> <span class='ocrx_word' id='word_1_29' title='bbox 1733 667 1878 721; x_wconf 80' lang='lat' dir='ltr'><strong>verba</strong></span> 
     </span>
    </p>
   </div>
   <div class='ocr_carea' id='block_1_5' title="bbox 293 757 1878 833">
    <p class='ocr_par' dir='ltr' id='par_1_5' title="bbox 293 757 1878 833">
     <span class='ocr_line' id='line_1_5' title="bbox 293 757 1878 833; baseline -0.001 -18"><span class='ocrx_word' id='word_1_30' title='bbox 293 763 524 833; x_wconf 82' lang='lat' dir='ltr'><strong>maligna</strong></span> <span class='ocrx_word' id='word_1_31' title='bbox 552 760 618 814; x_wconf 90' lang='lat' dir='ltr'><strong>ad</strong></span> <span class='ocrx_word' id='word_1_32' title='bbox 645 760 959 815; x_wconf 69' lang='lat' dir='ltr'><strong>excusandas</strong></span> <span class='ocrx_word' id='word_1_33' title='bbox 987 760 1326 814; x_wconf 72' lang='lat' dir='ltr'><strong>excusationes</strong></span> <span class='ocrx_word' id='word_1_34' title='bbox 1350 760 1402 813; x_wconf 90' lang='lat' dir='ltr'><strong>in</strong></span> <span class='ocrx_word' id='word_1_35' title='bbox 1426 759 1681 830; x_wconf 75' lang='lat' dir='ltr'><strong>peccatis?</strong></span> <span class='ocrx_word' id='word_1_36' title='bbox 1707 757 1878 813; x_wconf 82' lang='lat' dir='ltr'><strong>Mani-</strong></span> 
     </span>
    </p>
   </div>
   <div class='ocr_carea' id='block_1_6' title="bbox 294 851 1876 925">
    <p class='ocr_par' dir='ltr' id='par_1_6' title="bbox 294 851 1876 925">
     <span class='ocr_line' id='line_1_6' title="bbox 294 851 1876 925; baseline -0.003 -15"><span class='ocrx_word' id='word_1_37' title='bbox 294 854 589 910; x_wconf 78' lang='lat' dir='ltr'><strong>festissime</strong></span> <span class='ocrx_word' id='word_1_38' title='bbox 614 855 810 925; x_wconf 87' lang='lat' dir='ltr'><strong>quippe</strong></span> <span class='ocrx_word' id='word_1_39' title='bbox 840 854 941 909; x_wconf 90' lang='lat' dir='ltr'><strong>iste</strong></span> <span class='ocrx_word' id='word_1_40' title='bbox 967 862 1050 908; x_wconf 90' lang='lat' dir='ltr'><strong>est</strong></span> <span class='ocrx_word' id='word_1_41' title='bbox 1075 867 1264 908; x_wconf 86' lang='lat' dir='ltr'><strong><em>sensus</em></strong></span> <span class='ocrx_word' id='word_1_42' title='bbox 1292 871 1305 907; x_wconf 91' lang='lat'><strong>:</strong></span> <span class='ocrx_word' id='word_1_43' title='bbox 1335 851 1550 909; x_wconf 82' lang='lat' dir='ltr'><strong>Custodi</strong></span> <span class='ocrx_word' id='word_1_44' title='bbox 1575 894 1590 918; x_wconf 96' lang='lat'><strong>,</strong></span> <span class='ocrx_word' id='word_1_45' title='bbox 1620 851 1841 906; x_wconf 88' lang='lat' dir='ltr'><strong>Domine</strong></span> <span class='ocrx_word' id='word_1_46' title='bbox 1859 892 1876 919; x_wconf 92' lang='lat'><strong>,</strong></span> 
     </span>
    </p>
   </div>
   <div class='ocr_carea' id='block_1_7' title="bbox 292 943 1878 1016">
    <p class='ocr_par' dir='ltr' id='par_1_7' title="bbox 292 943 1878 1016">
     <span class='ocr_line' id='line_1_7' title="bbox 292 943 1878 1016; baseline -0.003 -13"><span class='ocrx_word' id='word_1_47' title='bbox 292 960 360 1003; x_wconf 89' lang='lat' dir='ltr'><strong>os</strong></span> <span class='ocrx_word' id='word_1_48' title='bbox 399 960 579 1001; x_wconf 90' lang='lat' dir='ltr'><strong>meum</strong></span> <span class='ocrx_word' id='word_1_49' title='bbox 613 945 775 1014; x_wconf 87' lang='lat' dir='ltr'><strong>janua</strong></span> <span class='ocrx_word' id='word_1_50' title='bbox 806 944 1032 1015; x_wconf 86' lang='lat' dir='ltr'><strong>quadam</strong></span> <span class='ocrx_word' id='word_1_51' title='bbox 1063 953 1118 1000; x_wconf 89' lang='lat' dir='ltr'><strong>et</strong></span> <span class='ocrx_word' id='word_1_52' title='bbox 1154 945 1292 1000; x_wconf 90' lang='lat' dir='ltr'><strong>ostio</strong></span> <span class='ocrx_word' id='word_1_53' title='bbox 1322 943 1569 1016; x_wconf 64' lang='lat' dir='ltr'><strong>praecepti</strong></span> <span class='ocrx_word' id='word_1_54' title='bbox 1602 943 1710 1012; x_wconf 92' lang='lat' dir='ltr'><strong>tui,</strong></span> <span class='ocrx_word' id='word_1_55' title='bbox 1742 943 1878 998; x_wconf 92' lang='lat' dir='ltr'><strong>utin</strong></span> 
     </span>
    </p>
   </div>
   <div class='ocr_carea' id='block_1_8' title="bbox 294 1034 1880 1108">
    <p class='ocr_par' dir='ltr' id='par_1_8' title="bbox 294 1034 1880 1108">
     <span class='ocr_line' id='line_1_8' title="bbox 294 1034 1880 1108; baseline -0.003 -14"><span class='ocrx_word' id='word_1_56' title='bbox 294 1038 458 1094; x_wconf 87' lang='lat' dir='ltr'><strong>verba</strong></span> <span class='ocrx_word' id='word_1_57' title='bbox 486 1039 716 1108; x_wconf 87' lang='lat' dir='ltr'><strong>maligna</strong></span> <span class='ocrx_word' id='word_1_58' title='bbox 751 1051 857 1092; x_wconf 94' lang='lat' dir='ltr'><strong>non</strong></span> <span class='ocrx_word' id='word_1_59' title='bbox 883 1035 1182 1093; x_wconf 88' lang='lat' dir='ltr'><strong>declinetur</strong></span> <span class='ocrx_word' id='word_1_60' title='bbox 1220 1051 1314 1091; x_wconf 93' lang='lat' dir='ltr'><strong>cor</strong></span> <span class='ocrx_word' id='word_1_61' title='bbox 1337 1051 1535 1092; x_wconf 90' lang='lat' dir='ltr'><strong>meum.</strong></span> <span class='ocrx_word' id='word_1_62' title='bbox 1560 1034 1690 1104; x_wconf 81' lang='lat' dir='ltr'><strong>Quae</strong></span> <span class='ocrx_word' id='word_1_63' title='bbox 1717 1035 1880 1090; x_wconf 87' lang='lat' dir='ltr'><strong>verba</strong></span> 
     </span>
    </p>
   </div>
   <div class='ocr_carea' id='block_1_9' title="bbox 298 1126 1878 1200">
    <p class='ocr_par' dir='ltr' id='par_1_9' title="bbox 298 1126 1878 1200">
     <span class='ocr_line' id='line_1_9' title="bbox 298 1126 1878 1200; baseline -0.003 -15"><span class='ocrx_word' id='word_1_64' title='bbox 298 1130 570 1200; x_wconf 84' lang='lat' dir='ltr'><strong>maligna?</strong></span> <span class='ocrx_word' id='word_1_65' title='bbox 608 1129 814 1196; x_wconf 86' lang='lat' dir='ltr'><strong>Quibus</strong></span> <span class='ocrx_word' id='word_1_66' title='bbox 865 1135 1185 1184; x_wconf 79' lang='lat' dir='ltr'><strong><em>excusantur</em></strong></span> <span class='ocrx_word' id='word_1_67' title='bbox 1231 1137 1467 1199; x_wconf 89' lang='lat' dir='ltr'><strong>peccata.</strong></span> <span class='ocrx_word' id='word_1_68' title='bbox 1511 1126 1626 1193; x_wconf 86' lang='lat' dir='ltr'><strong>Ne,</strong></span> <span class='ocrx_word' id='word_1_69' title='bbox 1675 1127 1878 1198; x_wconf 84' lang='lat' dir='ltr'><strong>inquit,</strong></span> 
     </span>
    </p>
   </div>
   <div class='ocr_carea' id='block_1_10' title="bbox 303 1216 1882 1292">
    <p class='ocr_par' dir='ltr' id='par_1_10' title="bbox 303 1216 1882 1292">
     <span class='ocr_line' id='line_1_10' title="bbox 303 1216 1882 1292; baseline 0 -19"><span class='ocrx_word' id='word_1_70' title='bbox 303 1229 524 1292; x_wconf 86' lang='lat' dir='ltr'><strong>peccata</strong></span> <span class='ocrx_word' id='word_1_71' title='bbox 567 1234 684 1275; x_wconf 85' lang='lat' dir='ltr'><strong>mea</strong></span> <span class='ocrx_word' id='word_1_72' title='bbox 727 1218 908 1274; x_wconf 81' lang='lat' dir='ltr'><strong>malim</strong></span> <span class='ocrx_word' id='word_1_73' title='bbox 933 1233 1188 1274; x_wconf 83' lang='lat' dir='ltr'><strong>excusare</strong></span> <span class='ocrx_word' id='word_1_74' title='bbox 1211 1259 1226 1283; x_wconf 91' lang='lat'><strong>,</strong></span> <span class='ocrx_word' id='word_1_75' title='bbox 1249 1232 1407 1288; x_wconf 91' lang='lat' dir='ltr'><strong>quam</strong></span> <span class='ocrx_word' id='word_1_76' title='bbox 1437 1231 1708 1272; x_wconf 85' lang='lat' dir='ltr'><strong><em>accusare.</em></strong></span> <span class='ocrx_word' id='word_1_77' title='bbox 1757 1216 1882 1273; x_wconf 65' lang='lat' dir='ltr'><strong>Haec</strong></span> 
     </span>
    </p>
   </div>
   <div class='ocr_carea' id='block_1_11' title="bbox 297 1307 1882 1379">
    <p class='ocr_par' dir='ltr' id='par_1_11' title="bbox 297 1307 1882 1379">
     <span class='ocr_line' id='line_1_11' title="bbox 297 1307 1882 1379; baseline -0.002 -14"><span class='ocrx_word' id='word_1_78' title='bbox 297 1310 461 1366; x_wconf 86' lang='lat' dir='ltr'><strong>verba</strong></span> <span class='ocrx_word' id='word_1_79' title='bbox 492 1311 544 1365; x_wconf 91' lang='lat' dir='ltr'><strong>in</strong></span> <span class='ocrx_word' id='word_1_80' title='bbox 591 1310 763 1379; x_wconf 90' lang='lat' dir='ltr'><strong>ipsum</strong></span> <span class='ocrx_word' id='word_1_81' title='bbox 810 1309 1092 1364; x_wconf 89' lang='lat' dir='ltr'><strong>Dominum</strong></span> <span class='ocrx_word' id='word_1_82' title='bbox 1140 1317 1379 1364; x_wconf 89' lang='lat' dir='ltr'><strong>nostrum</strong></span> <span class='ocrx_word' id='word_1_83' title='bbox 1406 1307 1586 1364; x_wconf 81' lang='lat' dir='ltr'><strong>Jesum</strong></span> <span class='ocrx_word' id='word_1_84' title='bbox 1610 1307 1882 1364; x_wconf 83' lang='lat' dir='ltr'><strong>Christum</strong></span> 
     </span>
    </p>
   </div>
   <div class='ocr_carea' id='block_1_12' title="bbox 301 1401 1884 1472">
    <p class='ocr_par' dir='ltr' id='par_1_12' title="bbox 301 1401 1884 1472">
     <span class='ocr_line' id='line_1_12' title="bbox 301 1401 1884 1472; baseline -0.002 -13"><span class='ocrx_word' id='word_1_85' title='bbox 301 1419 408 1459; x_wconf 92' lang='lat' dir='ltr'><strong>non</strong></span> <span class='ocrx_word' id='word_1_86' title='bbox 439 1403 657 1458; x_wconf 89' lang='lat' dir='ltr'><strong>cadunt.</strong></span> <span class='ocrx_word' id='word_1_87' title='bbox 689 1402 818 1470; x_wconf 85' lang='lat' dir='ltr'><strong>Quae</strong></span> <span class='ocrx_word' id='word_1_88' title='bbox 858 1403 1002 1458; x_wconf 89' lang='lat' dir='ltr'><strong>enim</strong></span> <span class='ocrx_word' id='word_1_89' title='bbox 1041 1402 1129 1458; x_wconf 89' lang='lat' dir='ltr'><strong>ille</strong></span> <span class='ocrx_word' id='word_1_90' title='bbox 1170 1411 1388 1472; x_wconf 88' lang='lat' dir='ltr'><strong>peccata</strong></span> <span class='ocrx_word' id='word_1_91' title='bbox 1431 1401 1716 1468; x_wconf 88' lang='lat' dir='ltr'><strong>commisit,</strong></span> <span class='ocrx_word' id='word_1_92' title='bbox 1763 1416 1884 1472; x_wconf 70' lang='lat' dir='ltr'><strong>qua:</strong></span> 
     </span>
    </p>
   </div>
   <div class='ocr_carea' id='block_1_13' title="bbox 299 1493 1883 1564">
    <p class='ocr_par' dir='ltr' id='par_1_13' title="bbox 299 1493 1883 1564">
     <span class='ocr_line' id='line_1_13' title="bbox 299 1493 1883 1564; baseline -0.001 -13"><span class='ocrx_word' id='word_1_93' title='bbox 299 1493 542 1552; x_wconf 90' lang='lat' dir='ltr'><strong>conﬁteri</strong></span> <span class='ocrx_word' id='word_1_94' title='bbox 591 1495 766 1564; x_wconf 88' lang='lat' dir='ltr'><strong>potius</strong></span> <span class='ocrx_word' id='word_1_95' title='bbox 803 1509 961 1564; x_wconf 90' lang='lat' dir='ltr'><strong>quam</strong></span> <span class='ocrx_word' id='word_1_96' title='bbox 1007 1493 1294 1550; x_wconf 79' lang='lat' dir='ltr'><strong>defendere</strong></span> <span class='ocrx_word' id='word_1_97' title='bbox 1339 1493 1643 1550; x_wconf 87' lang='lat' dir='ltr'><strong>debuisset?</strong></span> <span class='ocrx_word' id='word_1_98' title='bbox 1691 1493 1883 1549; x_wconf 85' lang='lat' dir='ltr'><strong>Nostra</strong></span> 
     </span>
    </p>
   </div>
   <div class='ocr_carea' id='block_1_14' title="bbox 301 1583 1883 1655">
    <p class='ocr_par' dir='ltr' id='par_1_14' title="bbox 301 1583 1883 1655">
     <span class='ocr_line' id='line_1_14' title="bbox 301 1583 1883 1655; baseline 0.002 -18"><span class='ocrx_word' id='word_1_99' title='bbox 301 1585 462 1640; x_wconf 91' lang='lat' dir='ltr'><strong>verba</strong></span> <span class='ocrx_word' id='word_1_100' title='bbox 501 1585 601 1640; x_wconf 90' lang='lat' dir='ltr'><strong>ista</strong></span> <span class='ocrx_word' id='word_1_101' title='bbox 641 1594 784 1640; x_wconf 89' lang='lat' dir='ltr'><strong>sunt.</strong></span> <span class='ocrx_word' id='word_1_102' title='bbox 829 1584 985 1640; x_wconf 84' lang='lat' dir='ltr'><strong>Certe</strong></span> <span class='ocrx_word' id='word_1_103' title='bbox 1023 1584 1265 1641; x_wconf 89' lang='lat' dir='ltr'><strong>Christus</strong></span> <span class='ocrx_word' id='word_1_104' title='bbox 1310 1584 1561 1655; x_wconf 87' lang='lat' dir='ltr'><strong>loquitur.</strong></span> <span class='ocrx_word' id='word_1_105' title='bbox 1601 1583 1655 1639; x_wconf 89' lang='lat' dir='ltr'><strong>Si</strong></span> <span class='ocrx_word' id='word_1_106' title='bbox 1702 1595 1883 1640; x_wconf 88' lang='lat' dir='ltr'><strong>nostra</strong></span> 
     </span>
    </p>
   </div>
   <div class='ocr_carea' id='block_1_15' title="bbox 304 1674 1885 1746">
    <p class='ocr_par' dir='ltr' id='par_1_15' title="bbox 304 1674 1885 1746">
     <span class='ocr_line' id='line_1_15' title="bbox 304 1674 1885 1746; baseline -0.002 -15"><span class='ocrx_word' id='word_1_107' title='bbox 304 1675 468 1732; x_wconf 89' lang='lat' dir='ltr'><strong>verba</strong></span> <span class='ocrx_word' id='word_1_108' title='bbox 486 1682 628 1742; x_wconf 91' lang='lat' dir='ltr'><strong>sunt,</strong></span> <span class='ocrx_word' id='word_1_109' title='bbox 643 1675 910 1746; x_wconf 91' lang='lat' dir='ltr'><strong>quomodo</strong></span> <span class='ocrx_word' id='word_1_110' title='bbox 925 1674 1169 1730; x_wconf 89' lang='lat' dir='ltr'><strong>Christus</strong></span> <span class='ocrx_word' id='word_1_111' title='bbox 1189 1675 1456 1745; x_wconf 87' lang='lat' dir='ltr'><strong>loquitur?</strong></span> <span class='ocrx_word' id='word_1_112' title='bbox 1478 1675 1545 1729; x_wconf 88' lang='lat' dir='ltr'><strong>Et</strong></span> <span class='ocrx_word' id='word_1_113' title='bbox 1565 1675 1652 1730; x_wconf 89' lang='lat' dir='ltr'><strong>ubi</strong></span> <span class='ocrx_word' id='word_1_114' title='bbox 1670 1684 1751 1731; x_wconf 89' lang='lat' dir='ltr'><strong>est</strong></span> <span class='ocrx_word' id='word_1_115' title='bbox 1766 1674 1885 1730; x_wconf 87' lang='lat' dir='ltr'><strong>cha-</strong></span> 
     </span>
    </p>
   </div>
   <div class='ocr_carea' id='block_1_16' title="bbox 304 1768 1885 1843">
    <p class='ocr_par' dir='ltr' id='par_1_16' title="bbox 304 1768 1885 1843">
     <span class='ocr_line' id='line_1_16' title="bbox 304 1768 1885 1843; baseline -0.003 -15"><span class='ocrx_word' id='word_1_116' title='bbox 304 1773 432 1828; x_wconf 85' lang='lat' dir='ltr'><strong>ritas</strong></span> <span class='ocrx_word' id='word_1_117' title='bbox 447 1772 515 1826; x_wconf 90' lang='lat' dir='ltr'><strong>de</strong></span> <span class='ocrx_word' id='word_1_118' title='bbox 529 1787 632 1843; x_wconf 90' lang='lat' dir='ltr'><strong>qua</strong></span> <span class='ocrx_word' id='word_1_119' title='bbox 649 1771 943 1842; x_wconf 84' lang='lat' dir='ltr'><strong>loquebar?</strong></span> <span class='ocrx_word' id='word_1_120' title='bbox 963 1770 1192 1826; x_wconf 84' lang='lat' dir='ltr'><strong>Nescitis</strong></span> <span class='ocrx_word' id='word_1_121' title='bbox 1213 1770 1335 1841; x_wconf 84' lang='lat' dir='ltr'><strong>quia</strong></span> <span class='ocrx_word' id='word_1_122' title='bbox 1366 1770 1488 1840; x_wconf 76' lang='lat' dir='ltr'><strong>ipsa</strong></span> <span class='ocrx_word' id='word_1_123' title='bbox 1510 1784 1670 1824; x_wconf 92' lang='lat' dir='ltr'><strong>unum</strong></span> <span class='ocrx_word' id='word_1_124' title='bbox 1701 1783 1798 1823; x_wconf 90' lang='lat' dir='ltr'><strong>nos</strong></span> <span class='ocrx_word' id='word_1_125' title='bbox 1816 1768 1885 1824; x_wconf 83' lang='lat' dir='ltr'><strong>fe-</strong></span> 
     </span>
    </p>
   </div>
   <div class='ocr_carea' id='block_1_17' title="bbox 301 1859 1881 1927">
    <p class='ocr_par' dir='ltr' id='par_1_17' title="bbox 301 1859 1881 1927">
     <span class='ocr_line' id='line_1_17' title="bbox 301 1859 1881 1927; baseline -0.002 -8"><span class='ocrx_word' id='word_1_126' title='bbox 301 1866 376 1920; x_wconf 89' lang='lat' dir='ltr'><strong>cit</strong></span> <span class='ocrx_word' id='word_1_127' title='bbox 405 1865 461 1919; x_wconf 92' lang='lat' dir='ltr'><strong>in</strong></span> <span class='ocrx_word' id='word_1_128' title='bbox 487 1863 740 1919; x_wconf 84' lang='lat' dir='ltr'><strong>Christo?</strong></span> <span class='ocrx_word' id='word_1_129' title='bbox 761 1863 1004 1919; x_wconf 89' lang='lat' dir='ltr'><strong>Charitas</strong></span> <span class='ocrx_word' id='word_1_130' title='bbox 1029 1862 1222 1918; x_wconf 90' lang='lat' dir='ltr'><strong>clamat</strong></span> <span class='ocrx_word' id='word_1_131' title='bbox 1240 1861 1307 1916; x_wconf 88' lang='lat' dir='ltr'><strong>ad</strong></span> <span class='ocrx_word' id='word_1_132' title='bbox 1327 1860 1598 1916; x_wconf 91' lang='lat' dir='ltr'><strong>Christum</strong></span> <span class='ocrx_word' id='word_1_133' title='bbox 1619 1860 1686 1916; x_wconf 91' lang='lat' dir='ltr'><strong>de</strong></span> <span class='ocrx_word' id='word_1_134' title='bbox 1707 1859 1881 1927; x_wconf 91' lang='lat' dir='ltr'><strong>nobis,</strong></span> 
     </span>
    </p>
   </div>
   <div class='ocr_carea' id='block_1_18' title="bbox 303 1952 1883 2024">
    <p class='ocr_par' dir='ltr' id='par_1_18' title="bbox 303 1952 1883 2024">
     <span class='ocr_line' id='line_1_18' title="bbox 303 1952 1883 2024; baseline -0.003 -13"><span class='ocrx_word' id='word_1_135' title='bbox 303 1955 550 2011; x_wconf 85' lang='lat' dir='ltr'><strong>Charitas</strong></span> <span class='ocrx_word' id='word_1_136' title='bbox 577 1956 772 2012; x_wconf 85' lang='lat' dir='ltr'><strong>clamat</strong></span> <span class='ocrx_word' id='word_1_137' title='bbox 797 1955 864 2010; x_wconf 89' lang='lat' dir='ltr'><strong>de</strong></span> <span class='ocrx_word' id='word_1_138' title='bbox 886 1953 1097 2010; x_wconf 91' lang='lat' dir='ltr'><strong>Christo</strong></span> <span class='ocrx_word' id='word_1_139' title='bbox 1123 1969 1220 2024; x_wconf 92' lang='lat' dir='ltr'><strong>pro</strong></span> <span class='ocrx_word' id='word_1_140' title='bbox 1248 1953 1422 2008; x_wconf 90' lang='lat' dir='ltr'><strong>nobis.</strong></span> <span class='ocrx_word' id='word_1_141' title='bbox 1450 1952 1728 2021; x_wconf 87' lang='lat' dir='ltr'><strong>Quomodo</strong></span> <span class='ocrx_word' id='word_1_142' title='bbox 1753 1953 1883 2006; x_wconf 88' lang='lat' dir='ltr'><strong>cha-</strong></span> 
     </span>
    </p>
   </div>
   <div class='ocr_carea' id='block_1_19' title="bbox 307 2043 1886 2112">
    <p class='ocr_par' dir='ltr' id='par_1_19' title="bbox 307 2043 1886 2112">
     <span class='ocr_line' id='line_1_19' title="bbox 307 2043 1886 2112; baseline -0.004 -9"><span class='ocrx_word' id='word_1_143' title='bbox 307 2049 437 2104; x_wconf 80' lang='lat' dir='ltr'><strong>ritas</strong></span> <span class='ocrx_word' id='word_1_144' title='bbox 463 2047 655 2102; x_wconf 87' lang='lat' dir='ltr'><strong>clamat</strong></span> <span class='ocrx_word' id='word_1_145' title='bbox 683 2045 749 2101; x_wconf 88' lang='lat' dir='ltr'><strong>ad</strong></span> <span class='ocrx_word' id='word_1_146' title='bbox 776 2044 1045 2101; x_wconf 91' lang='lat' dir='ltr'><strong>Christum</strong></span> <span class='ocrx_word' id='word_1_147' title='bbox 1071 2045 1138 2100; x_wconf 92' lang='lat' dir='ltr'><strong>de</strong></span> <span class='ocrx_word' id='word_1_148' title='bbox 1167 2044 1355 2100; x_wconf 87' lang='lat' dir='ltr'><strong>nobis?</strong></span> <span class='ocrx_word' id='word_1_149' title='bbox 1384 2043 1450 2097; x_wconf 85' lang='lat' dir='ltr'><strong>Et</strong></span> <span class='ocrx_word' id='word_1_150' title='bbox 1479 2044 1593 2108; x_wconf 79' lang='lat' dir='ltr'><strong>erit,</strong></span> <span class='ocrx_word' id='word_1_151' title='bbox 1619 2044 1780 2097; x_wconf 87' lang='lat' dir='ltr'><strong>omnis</strong></span> <span class='ocrx_word' id='word_1_152' title='bbox 1800 2043 1886 2112; x_wconf 85' lang='lat' dir='ltr'><strong>qui</strong></span> 
     </span>
    </p>
   </div>
   <div class='ocr_carea' id='block_1_20' title="bbox 304 2132 1882 2204">
    <p class='ocr_par' dir='ltr' id='par_1_20' title="bbox 304 2132 1882 2204">
     <span class='ocr_line' id='line_1_20' title="bbox 304 2132 1882 2204; baseline -0.004 -11"><span class='ocrx_word' id='word_1_153' title='bbox 304 2140 605 2193; x_wconf 75' lang='lat' dir='ltr'><strong>invocaeerit</strong></span> <span class='ocrx_word' id='word_1_154' title='bbox 644 2153 825 2192; x_wconf 86' lang='lat' dir='ltr'><strong>nomen</strong></span> <span class='ocrx_word' id='word_1_155' title='bbox 867 2135 1104 2200; x_wconf 82' lang='lat' dir='ltr'><strong>Domini,</strong></span> <span class='ocrx_word' id='word_1_156' title='bbox 1146 2136 1313 2189; x_wconf 86' lang='lat' dir='ltr'><strong>salvus</strong></span> <span class='ocrx_word' id='word_1_157' title='bbox 1354 2136 1443 2188; x_wconf 87' lang='lat' dir='ltr'><strong>erit</strong></span> <span class='ocrx_word' id='word_1_158' title='bbox 1473 2133 1624 2204; x_wconf 84' lang='lat' dir='ltr'><strong>(Joel</strong></span> <span class='ocrx_word' id='word_1_159' title='bbox 1655 2150 1686 2188; x_wconf 80' lang='grc' dir='ltr'>ιι</span> <span class='ocrx_word' id='word_1_160' title='bbox 1709 2177 1723 2202; x_wconf 85' lang='grc'><strong><em>,</em></strong></span> <span class='ocrx_word' id='word_1_161' title='bbox 1755 2132 1882 2202; x_wconf 76' lang='grc'><strong>52).</strong></span> 
     </span>
    </p>
   </div>
   <div class='ocr_carea' id='block_1_21' title="bbox 305 2225 1883 2296">
    <p class='ocr_par' dir='ltr' id='par_1_21' title="bbox 305 2225 1883 2296">
     <span class='ocr_line' id='line_1_21' title="bbox 305 2225 1883 2296; baseline -0.004 -12"><span class='ocrx_word' id='word_1_162' title='bbox 305 2229 586 2296; x_wconf 81' lang='lat' dir='ltr'><strong>Quomodo</strong></span> <span class='ocrx_word' id='word_1_163' title='bbox 603 2227 837 2284; x_wconf 78' lang='lat' dir='ltr'><strong>Charitas</strong></span> <span class='ocrx_word' id='word_1_164' title='bbox 860 2227 926 2284; x_wconf 87' lang='lat' dir='ltr'><strong>de</strong></span> <span class='ocrx_word' id='word_1_165' title='bbox 945 2226 1159 2282; x_wconf 90' lang='lat' dir='ltr'><strong>Christo</strong></span> <span class='ocrx_word' id='word_1_166' title='bbox 1182 2242 1275 2296; x_wconf 91' lang='lat' dir='ltr'><strong>pro</strong></span> <span class='ocrx_word' id='word_1_167' title='bbox 1292 2226 1484 2280; x_wconf 85' lang='lat' dir='ltr'><strong>nobis?</strong></span> <span class='ocrx_word' id='word_1_168' title='bbox 1503 2225 1679 2290; x_wconf 86' lang='lat' dir='ltr'><strong>Saule,</strong></span> <span class='ocrx_word' id='word_1_169' title='bbox 1705 2225 1883 2292; x_wconf 87' lang='lat' dir='ltr'><strong>Saute,</strong></span> 
     </span>
    </p>
   </div>
   <div class='ocr_carea' id='block_1_22' title="bbox 304 2317 1886 2392">
    <p class='ocr_par' dir='ltr' id='par_1_22' title="bbox 304 2317 1886 2392">
     <span class='ocr_line' id='line_1_22' title="bbox 304 2317 1886 2392; baseline -0.004 -17"><span class='ocrx_word' id='word_1_170' title='bbox 304 2322 425 2392; x_wconf 82' lang='lat' dir='ltr'><strong>quid</strong></span> <span class='ocrx_word' id='word_1_171' title='bbox 451 2336 530 2375; x_wconf 75' lang='lat' dir='ltr'><strong>me</strong></span> <span class='ocrx_word' id='word_1_172' title='bbox 554 2320 860 2391; x_wconf 83' lang='lat' dir='ltr'><strong>persequeris</strong></span> <span class='ocrx_word' id='word_1_173' title='bbox 894 2319 1040 2391; x_wconf 79' lang='lat' dir='ltr'><strong>(Act.</strong></span> <span class='ocrx_word' id='word_1_174' title='bbox 1064 2334 1138 2385; x_wconf 84' lang='lat' dir='ltr'><strong>Ix,</strong></span> <span class='ocrx_word' id='word_1_175' title='bbox 1162 2319 1228 2388; x_wconf 77' lang='grc'><strong>4)</strong></span> <span class='ocrx_word' id='word_1_176' title='bbox 1253 2318 1276 2371; x_wconf 91' lang='lat'><strong>?</strong></span> <span class='ocrx_word' id='word_1_177' title='bbox 1310 2317 1433 2384; x_wconf 85' lang='lat' dir='ltr'><strong>Vos,</strong></span> <span class='ocrx_word' id='word_1_178' title='bbox 1458 2317 1627 2388; x_wconf 88' lang='lat' dir='ltr'><strong>inquit</strong></span> <span class='ocrx_word' id='word_1_179' title='bbox 1653 2318 1886 2386; x_wconf 82' lang='lat' dir='ltr'><strong>Aposto-</strong></span> 
     </span>
    </p>
   </div>
   <div class='ocr_carea' id='block_1_23' title="bbox 305 2405 1887 2481">
    <p class='ocr_par' dir='ltr' id='par_1_23' title="bbox 305 2405 1887 2481">
     <span class='ocr_line' id='line_1_23' title="bbox 305 2405 1887 2481; baseline -0.003 -14"><span class='ocrx_word' id='word_1_180' title='bbox 305 2411 410 2477; x_wconf 83' lang='lat' dir='ltr'><strong>ius,</strong></span> <span class='ocrx_word' id='word_1_181' title='bbox 435 2412 552 2466; x_wconf 83' lang='lat' dir='ltr'><strong>estis</strong></span> <span class='ocrx_word' id='word_1_182' title='bbox 579 2427 764 2481; x_wconf 86' lang='lat' dir='ltr'><strong>corpus</strong></span> <span class='ocrx_word' id='word_1_183' title='bbox 788 2409 975 2464; x_wconf 80' lang='lat' dir='ltr'><strong>Christi</strong></span> <span class='ocrx_word' id='word_1_184' title='bbox 1000 2418 1046 2464; x_wconf 87' lang='lat' dir='ltr'><strong>et</strong></span> <span class='ocrx_word' id='word_1_185' title='bbox 1071 2408 1288 2464; x_wconf 86' lang='lat' dir='ltr'><strong>membra</strong></span> <span class='ocrx_word' id='word_1_186' title='bbox 1309 2409 1326 2478; x_wconf 96' lang='lat'><strong>(</strong></span> <span class='ocrx_word' id='word_1_187' title='bbox 1347 2409 1364 2464; x_wconf 85' lang='grc' dir='ltr'><strong>Ι</strong></span> <span class='ocrx_word' id='word_1_188' title='bbox 1381 2407 1498 2464; x_wconf 87' lang='lat' dir='ltr'><strong>Cor.</strong></span> <span class='ocrx_word' id='word_1_189' title='bbox 1532 2423 1600 2462; x_wconf 80' lang='lat' dir='ltr'><strong>xu</strong></span> <span class='ocrx_word' id='word_1_190' title='bbox 1625 2451 1637 2472; x_wconf 91' lang='lat'><strong>,</strong></span> <span class='ocrx_word' id='word_1_191' title='bbox 1671 2407 1739 2462; x_wconf 71' lang='lat'><strong>27</strong></span> <span class='ocrx_word' id='word_1_192' title='bbox 1757 2405 1798 2478; x_wconf 92' lang='lat'><strong>).</strong></span> <span class='ocrx_word' id='word_1_193' title='bbox 1830 2407 1887 2462; x_wconf 86' lang='lat' dir='ltr'><strong>Si</strong></span> 
     </span>
    </p>
   </div>
   <div class='ocr_carea' id='block_1_24' title="bbox 304 2501 1882 2576">
    <p class='ocr_par' dir='ltr' id='par_1_24' title="bbox 304 2501 1882 2576">
     <span class='ocr_line' id='line_1_24' title="bbox 304 2501 1882 2576; baseline -0.004 -16"><span class='ocrx_word' id='word_1_194' title='bbox 304 2519 434 2576; x_wconf 88' lang='lat' dir='ltr'><strong>ergo</strong></span> <span class='ocrx_word' id='word_1_195' title='bbox 476 2504 564 2559; x_wconf 89' lang='lat' dir='ltr'><strong>ille</strong></span> <span class='ocrx_word' id='word_1_196' title='bbox 604 2511 798 2574; x_wconf 87' lang='lat' dir='ltr'><strong>caput,</strong></span> <span class='ocrx_word' id='word_1_197' title='bbox 833 2517 931 2558; x_wconf 90' lang='lat' dir='ltr'><strong>nos</strong></span> <span class='ocrx_word' id='word_1_198' title='bbox 973 2516 1202 2572; x_wconf 86' lang='lat' dir='ltr'><strong>corpus,</strong></span> <span class='ocrx_word' id='word_1_199' title='bbox 1236 2518 1371 2558; x_wconf 92' lang='lat' dir='ltr'><strong>unus</strong></span> <span class='ocrx_word' id='word_1_200' title='bbox 1413 2501 1571 2556; x_wconf 90' lang='lat' dir='ltr'><strong>homo</strong></span> <span class='ocrx_word' id='word_1_201' title='bbox 1619 2501 1882 2570; x_wconf 90' lang='lat' dir='ltr'><strong>loquitur;</strong></span> 
     </span>
    </p>
   </div>
   <div class='ocr_carea' id='block_1_25' title="bbox 305 2590 1887 2665">
    <p class='ocr_par' dir='ltr' id='par_1_25' title="bbox 305 2590 1887 2665">
     <span class='ocr_line' id='line_1_25' title="bbox 305 2590 1887 2665; baseline -0.004 -14"><span class='ocrx_word' id='word_1_202' title='bbox 305 2598 418 2652; x_wconf 84' lang='lat' dir='ltr'><strong>sive</strong></span> <span class='ocrx_word' id='word_1_203' title='bbox 442 2603 602 2665; x_wconf 88' lang='lat' dir='ltr'><strong>caput</strong></span> <span class='ocrx_word' id='word_1_204' title='bbox 625 2595 891 2664; x_wconf 90' lang='lat' dir='ltr'><strong>loquatur,</strong></span> <span class='ocrx_word' id='word_1_205' title='bbox 922 2594 1036 2649; x_wconf 84' lang='lat' dir='ltr'><strong>sive</strong></span> <span class='ocrx_word' id='word_1_206' title='bbox 1064 2592 1325 2658; x_wconf 89' lang='lat' dir='ltr'><strong>membra,</strong></span> <span class='ocrx_word' id='word_1_207' title='bbox 1357 2607 1496 2646; x_wconf 90' lang='lat' dir='ltr'><strong>unus</strong></span> <span class='ocrx_word' id='word_1_208' title='bbox 1531 2590 1775 2646; x_wconf 87' lang='lat' dir='ltr'><strong>Christus</strong></span> <span class='ocrx_word' id='word_1_209' title='bbox 1805 2591 1887 2645; x_wconf 88' lang='lat' dir='ltr'><strong>lo-</strong></span> 
     </span>
    </p>
   </div>
   <div class='ocr_carea' id='block_1_26' title="bbox 303 2684 1886 2757">
    <p class='ocr_par' dir='ltr' id='par_1_26' title="bbox 303 2684 1886 2757">
     <span class='ocr_line' id='line_1_26' title="bbox 303 2684 1886 2757; baseline -0.001 -18"><span class='ocrx_word' id='word_1_210' title='bbox 303 2691 506 2757; x_wconf 83' lang='lat' dir='ltr'><strong>quitur.</strong></span> <span class='ocrx_word' id='word_1_211' title='bbox 537 2686 601 2740; x_wconf 87' lang='lat' dir='ltr'><strong>Et</strong></span> <span class='ocrx_word' id='word_1_212' title='bbox 624 2685 811 2755; x_wconf 87' lang='lat' dir='ltr'><strong>capitis</strong></span> <span class='ocrx_word' id='word_1_213' title='bbox 832 2693 916 2741; x_wconf 92' lang='lat' dir='ltr'><strong>est</strong></span> <span class='ocrx_word' id='word_1_214' title='bbox 935 2685 1205 2756; x_wconf 92' lang='lat' dir='ltr'><strong>proprium</strong></span> <span class='ocrx_word' id='word_1_215' title='bbox 1236 2684 1378 2754; x_wconf 91' lang='lat' dir='ltr'><strong>loqui</strong></span> <span class='ocrx_word' id='word_1_216' title='bbox 1399 2684 1557 2738; x_wconf 89' lang='lat' dir='ltr'><strong>etiam</strong></span> <span class='ocrx_word' id='word_1_217' title='bbox 1589 2684 1640 2736; x_wconf 94' lang='lat' dir='ltr'><strong>in</strong></span> <span class='ocrx_word' id='word_1_218' title='bbox 1663 2697 1886 2753; x_wconf 86' lang='lat' dir='ltr'><strong>persona</strong></span> 
     </span>
    </p>
   </div>
   <div class='ocr_carea' id='block_1_27' title="bbox 306 2774 1888 2845">
    <p class='ocr_par' dir='ltr' id='par_1_27' title="bbox 306 2774 1888 2845">
     <span class='ocr_line' id='line_1_27' title="bbox 306 2774 1888 2845; baseline -0.001 -14"><span class='ocrx_word' id='word_1_219' title='bbox 306 2776 692 2832; x_wconf 87' lang='lat' dir='ltr'><strong>membrorum.</strong></span> <span class='ocrx_word' id='word_1_220' title='bbox 731 2775 904 2845; x_wconf 82' lang='lat' dir='ltr'><strong>ipsam</strong></span> <span class='ocrx_word' id='word_1_221' title='bbox 947 2785 1182 2830; x_wconf 89' lang='lat' dir='ltr'><strong>nostram</strong></span> <span class='ocrx_word' id='word_1_222' title='bbox 1227 2775 1662 2830; x_wconf 87' lang='lat' dir='ltr'><strong>consuetudinem</strong></span> <span class='ocrx_word' id='word_1_223' title='bbox 1700 2774 1888 2830; x_wconf 81' lang='lat' dir='ltr'><strong>adver-</strong></span> 
     </span>
    </p>
   </div>
   <div class='ocr_carea' id='block_1_28' title="bbox 307 2867 1887 2937">
    <p class='ocr_par' dir='ltr' id='par_1_28' title="bbox 307 2867 1887 2937">
     <span class='ocr_line' id='line_1_28' title="bbox 307 2867 1887 2937; baseline -0.001 -15"><span class='ocrx_word' id='word_1_224' title='bbox 307 2869 421 2923; x_wconf 88' lang='lat' dir='ltr'><strong>tite.</strong></span> <span class='ocrx_word' id='word_1_225' title='bbox 456 2867 634 2922; x_wconf 85' lang='lat' dir='ltr'><strong>Primo</strong></span> <span class='ocrx_word' id='word_1_226' title='bbox 663 2867 933 2937; x_wconf 91' lang='lat' dir='ltr'><strong>quomodo</strong></span> <span class='ocrx_word' id='word_1_227' title='bbox 972 2867 1113 2936; x_wconf 91' lang='lat' dir='ltr'><strong>loqui</strong></span> <span class='ocrx_word' id='word_1_228' title='bbox 1157 2868 1208 2920; x_wconf 94' lang='lat' dir='ltr'><strong>in</strong></span> <span class='ocrx_word' id='word_1_229' title='bbox 1253 2867 1507 2921; x_wconf 84' lang='lat' dir='ltr'><strong>membris</strong></span> <span class='ocrx_word' id='word_1_230' title='bbox 1546 2867 1740 2932; x_wconf 86' lang='lat' dir='ltr'><strong>nostris</strong></span> <span class='ocrx_word' id='word_1_231' title='bbox 1783 2883 1887 2921; x_wconf 85' lang='lat' dir='ltr'><strong>non</strong></span> 
     </span>
    </p>
   </div>
   <div class='ocr_carea' id='block_1_29' title="bbox 308 2958 1888 3030">
    <p class='ocr_par' dir='ltr' id='par_1_29' title="bbox 308 2958 1888 3030">
     <span class='ocr_line' id='line_1_29' title="bbox 308 2958 1888 3030; baseline -0.001 -15"><span class='ocrx_word' id='word_1_232' title='bbox 308 2969 486 3030; x_wconf 86' lang='lat' dir='ltr'><strong>potest</strong></span> <span class='ocrx_word' id='word_1_233' title='bbox 517 2959 618 3014; x_wconf 90' lang='lat' dir='ltr'><strong>nisi</strong></span> <span class='ocrx_word' id='word_1_234' title='bbox 647 2966 810 3029; x_wconf 88' lang='lat' dir='ltr'><strong>caput</strong></span> <span class='ocrx_word' id='word_1_235' title='bbox 839 2977 851 3011; x_wconf 93' lang='lat'><strong>:</strong></span> <span class='ocrx_word' id='word_1_236' title='bbox 871 2959 982 3029; x_wconf 86' lang='lat' dir='ltr'><strong>jam</strong></span> <span class='ocrx_word' id='word_1_237' title='bbox 1012 2974 1140 3014; x_wconf 92' lang='lat' dir='ltr'><strong>vero</strong></span> <span class='ocrx_word' id='word_1_238' title='bbox 1169 2967 1328 3029; x_wconf 91' lang='lat' dir='ltr'><strong>caput</strong></span> <span class='ocrx_word' id='word_1_239' title='bbox 1357 2968 1596 3014; x_wconf 87' lang='lat' dir='ltr'><strong>nostrum</strong></span> <span class='ocrx_word' id='word_1_240' title='bbox 1622 2958 1888 3028; x_wconf 88' lang='lat' dir='ltr'><strong>quomodo</strong></span> 
     </span>
    </p>
   </div>
   <div class='ocr_carea' id='block_1_30' title="bbox 308 3051 1885 3123">
    <p class='ocr_par' dir='ltr' id='par_1_30' title="bbox 308 3051 1885 3123">
     <span class='ocr_line' id='line_1_30' title="bbox 308 3051 1885 3123; baseline -0.002 -15"><span class='ocrx_word' id='word_1_241' title='bbox 308 3054 552 3123; x_wconf 85' lang='lat' dir='ltr'><strong>loquatur</strong></span> <span class='ocrx_word' id='word_1_242' title='bbox 581 3052 631 3107; x_wconf 91' lang='lat' dir='ltr'><strong>in</strong></span> <span class='ocrx_word' id='word_1_243' title='bbox 664 3067 889 3122; x_wconf 88' lang='lat' dir='ltr'><strong>persona</strong></span> <span class='ocrx_word' id='word_1_244' title='bbox 916 3051 1153 3107; x_wconf 91' lang='lat' dir='ltr'><strong>omnium</strong></span> <span class='ocrx_word' id='word_1_245' title='bbox 1185 3052 1544 3108; x_wconf 88' lang='lat' dir='ltr'><strong>membrorum</strong></span> <span class='ocrx_word' id='word_1_246' title='bbox 1569 3094 1584 3117; x_wconf 92' lang='lat'><strong>,</strong></span> <span class='ocrx_word' id='word_1_247' title='bbox 1607 3051 1885 3108; x_wconf 87' lang='lat' dir='ltr'><strong>advertite.</strong></span> 
     </span>
    </p>
   </div>
   <div class='ocr_carea' id='block_1_31' title="bbox 308 3141 1890 3214">
    <p class='ocr_par' dir='ltr' id='par_1_31' title="bbox 308 3141 1890 3214">
     <span class='ocr_line' id='line_1_31' title="bbox 308 3141 1890 3214; baseline -0.001 -15"><span class='ocrx_word' id='word_1_248' title='bbox 308 3145 364 3200; x_wconf 90' lang='lat' dir='ltr'><strong>In</strong></span> <span class='ocrx_word' id='word_1_249' title='bbox 391 3153 617 3214; x_wconf 87' lang='lat' dir='ltr'><strong>angusto</strong></span> <span class='ocrx_word' id='word_1_250' title='bbox 634 3142 727 3198; x_wconf 90' lang='lat' dir='ltr'><strong>tibi</strong></span> <span class='ocrx_word' id='word_1_251' title='bbox 745 3142 933 3213; x_wconf 89' lang='lat' dir='ltr'><strong>pedem</strong></span> <span class='ocrx_word' id='word_1_252' title='bbox 957 3143 1148 3213; x_wconf 89' lang='lat' dir='ltr'><strong>aliquis</strong></span> <span class='ocrx_word' id='word_1_253' title='bbox 1173 3143 1340 3198; x_wconf 88' lang='lat' dir='ltr'><strong>calcat</strong></span> <span class='ocrx_word' id='word_1_254' title='bbox 1368 3159 1381 3196; x_wconf 92' lang='lat'>:</span> <span class='ocrx_word' id='word_1_255' title='bbox 1409 3141 1594 3198; x_wconf 89' lang='lat' dir='ltr'><strong>Calcas</strong></span> <span class='ocrx_word' id='word_1_256' title='bbox 1626 3159 1732 3210; x_wconf 87' lang='lat' dir='ltr'><strong>me,</strong></span> <span class='ocrx_word' id='word_1_257' title='bbox 1761 3143 1890 3198; x_wconf 89' lang='lat' dir='ltr'><strong>dicit</strong></span> 
     </span>
    </p>
   </div>
   <div class='ocr_carea' id='block_1_32' title="bbox 306 3233 1885 3304">
    <p class='ocr_par' dir='ltr' id='par_1_32' title="bbox 306 3233 1885 3304">
     <span class='ocr_line' id='line_1_32' title="bbox 306 3233 1885 3304; baseline -0.001 -14"><span class='ocrx_word' id='word_1_258' title='bbox 306 3244 485 3304; x_wconf 89' lang='lat' dir='ltr'><strong>caput.</strong></span> <span class='ocrx_word' id='word_1_259' title='bbox 512 3233 822 3288; x_wconf 84' lang='lat' dir='ltr'><strong>Vulneravit</strong></span> <span class='ocrx_word' id='word_1_260' title='bbox 843 3233 934 3288; x_wconf 88' lang='lat' dir='ltr'><strong>tibi</strong></span> <span class='ocrx_word' id='word_1_261' title='bbox 961 3233 1149 3302; x_wconf 84' lang='lat' dir='ltr'><strong>aliquis</strong></span> <span class='ocrx_word' id='word_1_262' title='bbox 1176 3249 1390 3288; x_wconf 87' lang='lat' dir='ltr'><strong>manum</strong></span> <span class='ocrx_word' id='word_1_263' title='bbox 1419 3251 1430 3287; x_wconf 94' lang='lat'>:</span> <span class='ocrx_word' id='word_1_264' title='bbox 1459 3233 1756 3288; x_wconf 84' lang='lat' dir='ltr'><strong>annerasli</strong></span> <span class='ocrx_word' id='word_1_265' title='bbox 1780 3249 1885 3300; x_wconf 89' lang='lat' dir='ltr'><strong>me,</strong></span> 
     </span>
    </p>
   </div>
   <div class='ocr_carea' id='block_1_33' title="bbox 307 3324 1890 3396">
    <p class='ocr_par' dir='ltr' id='par_1_33' title="bbox 307 3324 1890 3396">
     <span class='ocr_line' id='line_1_33' title="bbox 307 3324 1890 3396; baseline -0.001 -16"><span class='ocrx_word' id='word_1_266' title='bbox 307 3325 437 3381; x_wconf 91' lang='lat' dir='ltr'><strong>dicit</strong></span> <span class='ocrx_word' id='word_1_267' title='bbox 475 3333 652 3396; x_wconf 86' lang='lat' dir='ltr'><strong>caput.</strong></span> <span class='ocrx_word' id='word_1_268' title='bbox 683 3324 856 3395; x_wconf 87' lang='lat' dir='ltr'><strong>Caput</strong></span> <span class='ocrx_word' id='word_1_269' title='bbox 898 3333 1045 3379; x_wconf 92' lang='lat' dir='ltr'><strong>tuum</strong></span> <span class='ocrx_word' id='word_1_270' title='bbox 1087 3324 1261 3380; x_wconf 93' lang='lat' dir='ltr'><strong>nullus</strong></span> <span class='ocrx_word' id='word_1_271' title='bbox 1289 3325 1494 3394; x_wconf 80' lang='lat' dir='ltr'><strong>tetigit,</strong></span> <span class='ocrx_word' id='word_1_272' title='bbox 1526 3324 1619 3379; x_wconf 86' lang='lat' dir='ltr'><strong>sed</strong></span> <span class='ocrx_word' id='word_1_273' title='bbox 1659 3324 1890 3393; x_wconf 86' lang='lat' dir='ltr'><strong>loquitur</strong></span> 
     </span>
    </p>
   </div>
   <div class='ocr_carea' id='block_1_34' title="bbox 309 3416 1889 3487">
    <p class='ocr_par' dir='ltr' id='par_1_34' title="bbox 309 3416 1889 3487">
     <span class='ocr_line' id='line_1_34' title="bbox 309 3416 1889 3487; baseline -0.001 -15"><span class='ocrx_word' id='word_1_274' title='bbox 309 3419 485 3472; x_wconf 88' lang='lat' dir='ltr'><strong>unitas</strong></span> <span class='ocrx_word' id='word_1_275' title='bbox 508 3417 837 3487; x_wconf 82' lang='lat' dir='ltr'><strong>compaginis</strong></span> <span class='ocrx_word' id='word_1_276' title='bbox 857 3417 1098 3486; x_wconf 91' lang='lat' dir='ltr'><strong>corporis</strong></span> <span class='ocrx_word' id='word_1_277' title='bbox 1126 3416 1221 3470; x_wconf 91' lang='lat' dir='ltr'><strong>tui.</strong></span> <span class='ocrx_word' id='word_1_278' title='bbox 1250 3417 1500 3470; x_wconf 85' lang='lat' dir='ltr'><strong>Omnium</strong></span> <span class='ocrx_word' id='word_1_279' title='bbox 1529 3416 1889 3470; x_wconf 88' lang='lat' dir='ltr'><strong>membrorum</strong></span> 
     </span>
    </p>
   </div>
   <div class='ocr_carea' id='block_1_35' title="bbox 309 3508 1888 3581">
    <p class='ocr_par' dir='ltr' id='par_1_35' title="bbox 309 3508 1888 3581">
     <span class='ocr_line' id='line_1_35' title="bbox 309 3508 1888 3581; baseline -0.004 -15"><span class='ocrx_word' id='word_1_280' title='bbox 309 3520 520 3568; x_wconf 88' lang='lat' dir='ltr'><strong>tuorum</strong></span> <span class='ocrx_word' id='word_1_281' title='bbox 547 3524 830 3581; x_wconf 88' lang='lat' dir='ltr'><strong>personam</strong></span> <span class='ocrx_word' id='word_1_282' title='bbox 861 3509 973 3575; x_wconf 89' lang='lat' dir='ltr'><strong>illa,</strong></span> <span class='ocrx_word' id='word_1_283' title='bbox 997 3524 1114 3580; x_wconf 80' lang='lat' dir='ltr'><strong>qua:</strong></span> <span class='ocrx_word' id='word_1_284' title='bbox 1145 3509 1196 3564; x_wconf 94' lang='lat' dir='ltr'><strong>in</strong></span> <span class='ocrx_word' id='word_1_285' title='bbox 1227 3509 1400 3578; x_wconf 89' lang='lat' dir='ltr'><strong>capite</strong></span> <span class='ocrx_word' id='word_1_286' title='bbox 1426 3517 1530 3573; x_wconf 90' lang='lat' dir='ltr'><strong>est,</strong></span> <span class='ocrx_word' id='word_1_287' title='bbox 1564 3508 1739 3576; x_wconf 84' lang='lat' dir='ltr'><strong>lingua</strong></span> <span class='ocrx_word' id='word_1_288' title='bbox 1769 3522 1888 3562; x_wconf 88' lang='lat' dir='ltr'><strong>sus-</strong></span> 
     </span>
    </p>
   </div>
   <div class='ocr_carea' id='block_1_36' title="bbox 308 3599 1891 3674">
    <p class='ocr_par' dir='ltr' id='par_1_36' title="bbox 308 3599 1891 3674">
     <span class='ocr_line' id='line_1_36' title="bbox 308 3599 1891 3674; baseline -0.004 -15"><span class='ocrx_word' id='word_1_289' title='bbox 308 3605 472 3674; x_wconf 88' lang='lat' dir='ltr'><strong>cepit,</strong></span> <span class='ocrx_word' id='word_1_290' title='bbox 506 3603 618 3672; x_wconf 89' lang='lat' dir='ltr'><strong>ipsa</strong></span> <span class='ocrx_word' id='word_1_291' title='bbox 646 3617 743 3671; x_wconf 93' lang='lat' dir='ltr'><strong>pro</strong></span> <span class='ocrx_word' id='word_1_292' title='bbox 772 3600 1026 3656; x_wconf 89' lang='lat' dir='ltr'><strong>omnibus</strong></span> <span class='ocrx_word' id='word_1_293' title='bbox 1053 3600 1216 3655; x_wconf 90' lang='lat' dir='ltr'><strong>verbo</strong></span> <span class='ocrx_word' id='word_1_294' title='bbox 1241 3600 1494 3670; x_wconf 82' lang='lat' dir='ltr'><strong>fungitur.</strong></span> <span class='ocrx_word' id='word_1_295' title='bbox 1524 3599 1613 3655; x_wconf 89' lang='lat' dir='ltr'><strong>Sic</strong></span> <span class='ocrx_word' id='word_1_296' title='bbox 1641 3614 1768 3670; x_wconf 87' lang='lat' dir='ltr'><strong>ergo</strong></span> <span class='ocrx_word' id='word_1_297' title='bbox 1796 3614 1891 3654; x_wconf 88' lang='lat' dir='ltr'><strong>au-</strong></span> 
     </span>
    </p>
   </div>
   <div class='ocr_carea' id='block_1_37' title="bbox 309 3690 1890 3761">
    <p class='ocr_par' dir='ltr' id='par_1_37' title="bbox 309 3690 1890 3761">
     <span class='ocr_line' id='line_1_37' title="bbox 309 3690 1890 3761; baseline -0.002 -12"><span class='ocrx_word' id='word_1_298' title='bbox 309 3695 520 3750; x_wconf 91' lang='lat' dir='ltr'><strong>diamus</strong></span> <span class='ocrx_word' id='word_1_299' title='bbox 545 3690 812 3749; x_wconf 91' lang='lat' dir='ltr'><strong>Christum</strong></span> <span class='ocrx_word' id='word_1_300' title='bbox 835 3691 1176 3761; x_wconf 88' lang='lat' dir='ltr'><strong>loquentem;</strong></span> <span class='ocrx_word' id='word_1_301' title='bbox 1208 3691 1300 3747; x_wconf 91' lang='lat' dir='ltr'><strong>sed</strong></span> <span class='ocrx_word' id='word_1_302' title='bbox 1332 3692 1696 3761; x_wconf 88' lang='lat' dir='ltr'><strong>unusquisque</strong></span> <span class='ocrx_word' id='word_1_303' title='bbox 1726 3705 1890 3761; x_wconf 86' lang='lat' dir='ltr'><strong>agno-</strong></span> 
     </span>
    </p>
   </div>
   <div class='ocr_carea' id='block_1_38' title="bbox 311 3781 1891 3853">
    <p class='ocr_par' dir='ltr' id='par_1_38' title="bbox 311 3781 1891 3853">
     <span class='ocr_line' id='line_1_38' title="bbox 311 3781 1891 3853; baseline -0.004 -12"><span class='ocrx_word' id='word_1_304' title='bbox 311 3795 426 3841; x_wconf 81' lang='lat' dir='ltr'><strong>scat</strong></span> <span class='ocrx_word' id='word_1_305' title='bbox 471 3785 544 3841; x_wconf 90' lang='lat' dir='ltr'><strong>ibi</strong></span> <span class='ocrx_word' id='word_1_306' title='bbox 604 3798 788 3839; x_wconf 88' lang='lat' dir='ltr'><strong>vocem</strong></span> <span class='ocrx_word' id='word_1_307' title='bbox 829 3797 1015 3850; x_wconf 89' lang='lat' dir='ltr'><strong>suam,</strong></span> <span class='ocrx_word' id='word_1_308' title='bbox 1063 3793 1309 3853; x_wconf 89' lang='lat' dir='ltr'><strong>tanquam</strong></span> <span class='ocrx_word' id='word_1_309' title='bbox 1341 3783 1550 3837; x_wconf 65' lang='lat' dir='ltr'><strong>haerens</strong></span> <span class='ocrx_word' id='word_1_310' title='bbox 1599 3782 1649 3835; x_wconf 88' lang='lat' dir='ltr'><strong>in</strong></span> <span class='ocrx_word' id='word_1_311' title='bbox 1692 3781 1891 3836; x_wconf 90' lang='lat' dir='ltr'><strong>Christi</strong></span> 
     </span>
    </p>
   </div>
   <div class='ocr_carea' id='block_1_39' title="bbox 309 3872 1891 3948">
    <p class='ocr_par' dir='ltr' id='par_1_39' title="bbox 309 3872 1891 3948">
     <span class='ocr_line' id='line_1_39' title="bbox 309 3872 1891 3948; baseline -0.005 -15"><span class='ocrx_word' id='word_1_312' title='bbox 309 3891 555 3948; x_wconf 84' lang='lat' dir='ltr'><strong>corpore.</strong></span> <span class='ocrx_word' id='word_1_313' title='bbox 585 3873 883 3945; x_wconf 88' lang='lat' dir='ltr'><strong>Aliquando</strong></span> <span class='ocrx_word' id='word_1_314' title='bbox 915 3874 1057 3929; x_wconf 86' lang='lat' dir='ltr'><strong>enim</strong></span> <span class='ocrx_word' id='word_1_315' title='bbox 1085 3875 1319 3928; x_wconf 87' lang='lat' dir='ltr'><strong>dicturus</strong></span> <span class='ocrx_word' id='word_1_316' title='bbox 1344 3882 1424 3928; x_wconf 87' lang='lat' dir='ltr'><strong>est</strong></span> <span class='ocrx_word' id='word_1_317' title='bbox 1449 3873 1609 3928; x_wconf 88' lang='lat' dir='ltr'><strong>verba</strong></span> <span class='ocrx_word' id='word_1_318' title='bbox 1630 3872 1891 3942; x_wconf 88' lang='lat' dir='ltr'><strong>inquibus</strong></span> 
     </span>
    </p>
   </div>
   <div class='ocr_carea' id='block_1_40' title="bbox 313 3964 1890 4038">
    <p class='ocr_par' dir='ltr' id='par_1_40' title="bbox 313 3964 1890 4038">
     <span class='ocr_line' id='line_1_40' title="bbox 313 3964 1890 4038; baseline -0.004 -14"><span class='ocrx_word' id='word_1_319' title='bbox 313 3969 489 4024; x_wconf 89' lang='lat' dir='ltr'><strong>nullus</strong></span> <span class='ocrx_word' id='word_1_320' title='bbox 509 3977 749 4024; x_wconf 89' lang='lat' dir='ltr'><strong>nostrum</strong></span> <span class='ocrx_word' id='word_1_321' title='bbox 769 3967 1001 4023; x_wconf 88' lang='lat' dir='ltr'><strong>inveniat</strong></span> <span class='ocrx_word' id='word_1_322' title='bbox 1021 3981 1300 4038; x_wconf 88' lang='lat' dir='ltr'><strong>personam</strong></span> <span class='ocrx_word' id='word_1_323' title='bbox 1324 3981 1494 4030; x_wconf 89' lang='lat' dir='ltr'><strong>suam,</strong></span> <span class='ocrx_word' id='word_1_324' title='bbox 1519 3965 1610 4019; x_wconf 88' lang='lat' dir='ltr'><strong>sed</strong></span> <span class='ocrx_word' id='word_1_325' title='bbox 1633 3964 1697 4019; x_wconf 90' lang='lat' dir='ltr'><strong>ad</strong></span> <span class='ocrx_word' id='word_1_326' title='bbox 1719 3964 1890 4019; x_wconf 91' lang='lat' dir='ltr'><strong>solum</strong></span> 
     </span>
    </p>
   </div>
   <div class='ocr_carea' id='block_1_41' title="bbox 311 4055 1893 4131">
    <p class='ocr_par' dir='ltr' id='par_1_41' title="bbox 311 4055 1893 4131">
     <span class='ocr_line' id='line_1_41' title="bbox 311 4055 1893 4131; baseline -0.004 -15"><span class='ocrx_word' id='word_1_327' title='bbox 311 4068 473 4131; x_wconf 86' lang='lat' dir='ltr'><strong>caput</strong></span> <span class='ocrx_word' id='word_1_328' title='bbox 514 4059 850 4131; x_wconf 87' lang='lat' dir='ltr'><strong>pertineant;</strong></span> <span class='ocrx_word' id='word_1_329' title='bbox 897 4074 1002 4114; x_wconf 86' lang='lat' dir='ltr'><strong>non</strong></span> <span class='ocrx_word' id='word_1_330' title='bbox 1045 4073 1103 4113; x_wconf 93' lang='lat' dir='ltr'><strong>se</strong></span> <span class='ocrx_word' id='word_1_331' title='bbox 1150 4066 1324 4112; x_wconf 88' lang='lat' dir='ltr'><strong>tamen</strong></span> <span class='ocrx_word' id='word_1_332' title='bbox 1365 4066 1576 4124; x_wconf 88' lang='lat' dir='ltr'><strong>separat</strong></span> <span class='ocrx_word' id='word_1_333' title='bbox 1612 4071 1678 4111; x_wconf 84' lang='lat' dir='ltr'><strong>ex</strong></span> <span class='ocrx_word' id='word_1_334' title='bbox 1717 4055 1893 4110; x_wconf 84' lang='lat' dir='ltr'><strong>verbis</strong></span> 
     </span>
    </p>
   </div>
   <div class='ocr_carea' id='block_1_42' title="bbox 315 4147 1892 4221">
    <p class='ocr_par' dir='ltr' id='par_1_42' title="bbox 315 4147 1892 4221">
     <span class='ocr_line' id='line_1_42' title="bbox 315 4147 1892 4221; baseline -0.004 -14"><span class='ocrx_word' id='word_1_335' title='bbox 315 4152 514 4208; x_wconf 90' lang='lat' dir='ltr'><strong>nostris</strong></span> <span class='ocrx_word' id='word_1_336' title='bbox 538 4160 592 4206; x_wconf 91' lang='lat' dir='ltr'><strong>et</strong></span> <span class='ocrx_word' id='word_1_337' title='bbox 617 4151 683 4206; x_wconf 91' lang='lat' dir='ltr'><strong>ad</strong></span> <span class='ocrx_word' id='word_1_338' title='bbox 711 4167 803 4206; x_wconf 90' lang='lat' dir='ltr'><strong>sua</strong></span> <span class='ocrx_word' id='word_1_339' title='bbox 827 4151 1038 4221; x_wconf 91' lang='lat' dir='ltr'><strong>pr0pria</strong></span> <span class='ocrx_word' id='word_1_340' title='bbox 1067 4150 1223 4216; x_wconf 87' lang='lat' dir='ltr'><strong>tollit,</strong></span> <span class='ocrx_word' id='word_1_341' title='bbox 1248 4148 1378 4202; x_wconf 83' lang='lat' dir='ltr'><strong>vela</strong></span> <span class='ocrx_word' id='word_1_342' title='bbox 1401 4149 1510 4202; x_wconf 91' lang='lat' dir='ltr'><strong><em>suis</em></strong></span> <span class='ocrx_word' id='word_1_343' title='bbox 1540 4147 1764 4217; x_wconf 90' lang='lat' dir='ltr'><strong>propriis</strong></span> <span class='ocrx_word' id='word_1_344' title='bbox 1786 4163 1892 4202; x_wconf 92' lang='lat' dir='ltr'><strong>non</strong></span> 
     </span>
    </p>
   </div>
   <div class='ocr_carea' id='block_1_43' title="bbox 314 4238 1893 4312">
    <p class='ocr_par' dir='ltr' id='par_1_43' title="bbox 314 4238 1893 4312">
     <span class='ocr_line' id='line_1_43' title="bbox 314 4238 1893 4312; baseline -0.001 -16"><span class='ocrx_word' id='word_1_345' title='bbox 314 4242 381 4297; x_wconf 84' lang='lat' dir='ltr'><strong>ad</strong></span> <span class='ocrx_word' id='word_1_346' title='bbox 417 4251 598 4298; x_wconf 89' lang='lat' dir='ltr'><strong>nostra</strong></span> <span class='ocrx_word' id='word_1_347' title='bbox 638 4240 793 4297; x_wconf 91' lang='lat' dir='ltr'><strong>redit.</strong></span> <span class='ocrx_word' id='word_1_348' title='bbox 841 4241 915 4296; x_wconf 90' lang='lat' dir='ltr'><strong>De</strong></span> <span class='ocrx_word' id='word_1_349' title='bbox 945 4241 1061 4312; x_wconf 88' lang='lat' dir='ltr'><strong>ipso</strong></span> <span class='ocrx_word' id='word_1_350' title='bbox 1087 4241 1228 4295; x_wconf 90' lang='lat' dir='ltr'><strong>enim</strong></span> <span class='ocrx_word' id='word_1_351' title='bbox 1257 4248 1311 4294; x_wconf 89' lang='lat' dir='ltr'><strong>et</strong></span> <span class='ocrx_word' id='word_1_352' title='bbox 1339 4238 1404 4294; x_wconf 91' lang='lat' dir='ltr'><strong>de</strong></span> <span class='ocrx_word' id='word_1_353' title='bbox 1432 4239 1665 4294; x_wconf 82' lang='lat' dir='ltr'><strong>Ecclesia</strong></span> <span class='ocrx_word' id='word_1_354' title='bbox 1695 4239 1893 4294; x_wconf 89' lang='lat' dir='ltr'><strong>dictum</strong></span> 
     </span>
    </p>
   </div>
   <div class='ocr_carea' id='block_1_44' title="bbox 315 4331 1894 4404">
    <p class='ocr_par' dir='ltr' id='par_1_44' title="bbox 315 4331 1894 4404">
     <span class='ocr_line' id='line_1_44' title="bbox 315 4331 1894 4404; baseline -0.002 -13"><span class='ocrx_word' id='word_1_355' title='bbox 315 4345 434 4391; x_wconf 79' lang='lat' dir='ltr'><strong>est:</strong></span> <span class='ocrx_word' id='word_1_356' title='bbox 458 4333 621 4389; x_wconf 78' lang='lat' dir='ltr'><strong>Erunt</strong></span> <span class='ocrx_word' id='word_1_357' title='bbox 642 4335 742 4388; x_wconf 90' lang='lat' dir='ltr'><strong>duo</strong></span> <span class='ocrx_word' id='word_1_358' title='bbox 770 4337 821 4388; x_wconf 89' lang='lat' dir='ltr'><strong>in</strong></span> <span class='ocrx_word' id='word_1_359' title='bbox 841 4350 992 4388; x_wconf 89' lang='lat' dir='ltr'><strong>carne</strong></span> <span class='ocrx_word' id='word_1_360' title='bbox 1012 4339 1110 4387; x_wconf 78' lang='lat' dir='ltr'><strong>una</strong></span> <span class='ocrx_word' id='word_1_361' title='bbox 1129 4331 1280 4404; x_wconf 86' lang='lat' dir='ltr'><strong>(Gen.</strong></span> <span class='ocrx_word' id='word_1_362' title='bbox 1301 4349 1356 4398; x_wconf 83' lang='grc' dir='ltr'><strong>ιι,</strong></span> <span class='ocrx_word' id='word_1_363' title='bbox 1383 4332 1495 4401; x_wconf 72' lang='grc'><strong>24).</strong></span> <span class='ocrx_word' id='word_1_364' title='bbox 1520 4331 1669 4388; x_wconf 86' lang='lat' dir='ltr'><strong>Unde</strong></span> <span class='ocrx_word' id='word_1_365' title='bbox 1699 4341 1754 4388; x_wconf 87' lang='lat' dir='ltr'><strong>et</strong></span> <span class='ocrx_word' id='word_1_366' title='bbox 1781 4333 1894 4403; x_wconf 87' lang='lat' dir='ltr'><strong>ipse</strong></span> 
     </span>
    </p>
   </div>
   <div class='ocr_carea' id='block_1_45' title="bbox 315 4423 1896 4494">
    <p class='ocr_par' dir='ltr' id='par_1_45' title="bbox 315 4423 1896 4494">
     <span class='ocr_line' id='line_1_45' title="bbox 315 4423 1896 4494; baseline 0.001 -14"><span class='ocrx_word' id='word_1_367' title='bbox 315 4424 368 4480; x_wconf 88' lang='lat' dir='ltr'><strong>in</strong></span> <span class='ocrx_word' id='word_1_368' title='bbox 389 4424 678 4494; x_wconf 82' lang='lat' dir='ltr'><strong>Evangelio</strong></span> <span class='ocrx_word' id='word_1_369' title='bbox 707 4423 835 4479; x_wconf 89' lang='lat' dir='ltr'><strong>dicit</strong></span> <span class='ocrx_word' id='word_1_370' title='bbox 859 4423 926 4480; x_wconf 85' lang='lat' dir='ltr'><strong>de</strong></span> <span class='ocrx_word' id='word_1_371' title='bbox 944 4423 1042 4479; x_wconf 90' lang='lat' dir='ltr'><strong>hac</strong></span> <span class='ocrx_word' id='word_1_372' title='bbox 1069 4425 1179 4494; x_wconf 84' lang='lat' dir='ltr'><strong>ipsa</strong></span> <span class='ocrx_word' id='word_1_373' title='bbox 1210 4439 1267 4480; x_wconf 88' lang='lat' dir='ltr'><strong>re</strong></span> <span class='ocrx_word' id='word_1_374' title='bbox 1297 4442 1308 4478; x_wconf 89' lang='lat'>:</span> <span class='ocrx_word' id='word_1_375' title='bbox 1338 4423 1459 4477; x_wconf 81' lang='lat' dir='ltr'><strong>Jam</strong></span> <span class='ocrx_word' id='word_1_376' title='bbox 1485 4425 1638 4494; x_wconf 86' lang='lat' dir='ltr'><strong>igitur</strong></span> <span class='ocrx_word' id='word_1_377' title='bbox 1663 4442 1760 4480; x_wconf 89' lang='lat' dir='ltr'><strong>non</strong></span> <span class='ocrx_word' id='word_1_378' title='bbox 1779 4435 1896 4480; x_wconf 89' lang='lat' dir='ltr'><strong>sunt</strong></span> 
     </span>
    </p>
   </div>
   <div class='ocr_carea' id='block_1_46' title="bbox 318 4513 1891 4587">
    <p class='ocr_par' dir='ltr' id='par_1_46' title="bbox 318 4513 1891 4587">
     <span class='ocr_line' id='line_1_46' title="bbox 318 4513 1891 4587; baseline 0 -17"><span class='ocrx_word' id='word_1_379' title='bbox 318 4518 440 4582; x_wconf 89' lang='lat' dir='ltr'><strong>duo,</strong></span> <span class='ocrx_word' id='word_1_380' title='bbox 472 4517 560 4570; x_wconf 88' lang='lat' dir='ltr'><strong>sed</strong></span> <span class='ocrx_word' id='word_1_381' title='bbox 580 4532 680 4570; x_wconf 91' lang='lat' dir='ltr'><strong>una</strong></span> <span class='ocrx_word' id='word_1_382' title='bbox 706 4531 822 4570; x_wconf 89' lang='lat' dir='ltr'><strong>caro</strong></span> <span class='ocrx_word' id='word_1_383' title='bbox 849 4515 1058 4587; x_wconf 81' lang='lat' dir='ltr'><strong>(Matth.</strong></span> <span class='ocrx_word' id='word_1_384' title='bbox 1084 4531 1196 4580; x_wconf 75' lang='lat' dir='ltr'><strong>XIX,</strong></span> <span class='ocrx_word' id='word_1_385' title='bbox 1215 4513 1290 4586; x_wconf 82' lang='grc'><strong>6).</strong></span> <span class='ocrx_word' id='word_1_386' title='bbox 1311 4515 1436 4571; x_wconf 75' lang='lat' dir='ltr'><strong>Haec</strong></span> <span class='ocrx_word' id='word_1_387' title='bbox 1456 4531 1589 4570; x_wconf 87' lang='lat' dir='ltr'><strong>nova</strong></span> <span class='ocrx_word' id='word_1_388' title='bbox 1613 4531 1716 4570; x_wconf 90' lang='lat' dir='ltr'><strong>non</strong></span> <span class='ocrx_word' id='word_1_389' title='bbox 1740 4528 1891 4580; x_wconf 90' lang='lat' dir='ltr'><strong>sunt;</strong></span> 
     </span>
    </p>
   </div>
   <div class='ocr_carea' id='block_1_47' title="bbox 317 4607 1897 4677">
    <p class='ocr_par' dir='ltr' id='par_1_47' title="bbox 317 4607 1897 4677">
     <span class='ocr_line' id='line_1_47' title="bbox 317 4607 1897 4677; baseline 0.001 -15"><span class='ocrx_word' id='word_1_390' title='bbox 317 4623 346 4661; x_wconf 87' lang='lat' dir='ltr'><strong>a</strong></span> <span class='ocrx_word' id='word_1_391' title='bbox 369 4607 518 4662; x_wconf 84' lang='lat' dir='ltr'><strong>vobis</strong></span> <span class='ocrx_word' id='word_1_392' title='bbox 546 4622 756 4677; x_wconf 88' lang='lat' dir='ltr'><strong>semper</strong></span> <span class='ocrx_word' id='word_1_393' title='bbox 775 4609 790 4638; x_wconf 86' lang='grc'>¹</span> <span class='ocrx_word' id='word_1_394' title='bbox 813 4607 991 4661; x_wconf 88' lang='lat' dir='ltr'><strong>audita</strong></span> <span class='ocrx_word' id='word_1_395' title='bbox 1020 4617 1144 4661; x_wconf 90' lang='lat' dir='ltr'><strong>sunt</strong></span> <span class='ocrx_word' id='word_1_396' title='bbox 1178 4625 1190 4661; x_wconf 92' lang='lat'>:</span> <span class='ocrx_word' id='word_1_397' title='bbox 1215 4607 1308 4661; x_wconf 89' lang='lat' dir='ltr'><strong>sed</strong></span> <span class='ocrx_word' id='word_1_398' title='bbox 1358 4622 1453 4676; x_wconf 89' lang='lat' dir='ltr'><strong>per</strong></span> <span class='ocrx_word' id='word_1_399' title='bbox 1472 4608 1778 4662; x_wconf 88' lang='lat' dir='ltr'><strong>occasiones</strong></span> <span class='ocrx_word' id='word_1_400' title='bbox 1802 4623 1897 4663; x_wconf 83' lang='lat' dir='ltr'><strong>ne-</strong></span> 
     </span>
    </p>
   </div>
   <div class='ocr_carea' id='block_1_48' title="bbox 317 4699 1896 4770">
    <p class='ocr_par' dir='ltr' id='par_1_48' title="bbox 317 4699 1896 4770">
     <span class='ocr_line' id='line_1_48' title="bbox 317 4699 1896 4770; baseline 0 -15"><span class='ocrx_word' id='word_1_401' title='bbox 317 4715 469 4756; x_wconf 83' lang='lat' dir='ltr'><strong>cesse</strong></span> <span class='ocrx_word' id='word_1_402' title='bbox 491 4709 572 4756; x_wconf 89' lang='lat' dir='ltr'><strong>est</strong></span> <span class='ocrx_word' id='word_1_403' title='bbox 604 4707 1105 4766; x_wconf 88' lang='lat' dir='ltr'><strong>commemorentur,</strong></span> <span class='ocrx_word' id='word_1_404' title='bbox 1137 4701 1306 4769; x_wconf 91' lang='lat' dir='ltr'><strong>primo</strong></span> <span class='ocrx_word' id='word_1_405' title='bbox 1326 4701 1446 4769; x_wconf 86' lang='lat' dir='ltr'><strong>quia</strong></span> <span class='ocrx_word' id='word_1_406' title='bbox 1466 4702 1592 4770; x_wconf 58' lang='lat' dir='ltr'><strong>ipsa</strong></span> <span class='ocrx_word' id='word_1_407' title='bbox 1608 4699 1896 4770; x_wconf 65' lang='lat' dir='ltr'><strong>Scriptura}</strong></span> 
     </span>
    </p>
   </div>
   <div class='ocr_carea' id='block_1_49' title="bbox 315 4791 1897 4864">
    <p class='ocr_par' dir='ltr' id='par_1_49' title="bbox 315 4791 1897 4864">
     <span class='ocr_line' id='line_1_49' title="bbox 315 4791 1897 4864; baseline 0.001 -18"><span class='ocrx_word' id='word_1_408' title='bbox 315 4807 450 4864; x_wconf 86' lang='lat' dir='ltr'><strong>quas</strong></span> <span class='ocrx_word' id='word_1_409' title='bbox 475 4801 782 4857; x_wconf 88' lang='lat' dir='ltr'><strong>tractamus,</strong></span> <span class='ocrx_word' id='word_1_410' title='bbox 829 4792 897 4846; x_wconf 91' lang='lat' dir='ltr'><strong>ita</strong></span> <span class='ocrx_word' id='word_1_411' title='bbox 945 4791 1043 4847; x_wconf 89' lang='lat' dir='ltr'><strong>sibi</strong></span> <span class='ocrx_word' id='word_1_412' title='bbox 1098 4799 1220 4845; x_wconf 89' lang='lat' dir='ltr'><strong>sunt</strong></span> <span class='ocrx_word' id='word_1_413' title='bbox 1270 4791 1514 4856; x_wconf 55' lang='lat' dir='ltr'><strong>innexae,</strong></span> <span class='ocrx_word' id='word_1_414' title='bbox 1544 4801 1602 4846; x_wconf 89' lang='lat' dir='ltr'><strong>ut</strong></span> <span class='ocrx_word' id='word_1_415' title='bbox 1653 4793 1814 4847; x_wconf 90' lang='lat' dir='ltr'><strong>multa</strong></span> <span class='ocrx_word' id='word_1_416' title='bbox 1845 4793 1897 4848; x_wconf 93' lang='lat' dir='ltr'><strong>in</strong></span> 
     </span>
    </p>
   </div>
   <div class='ocr_carea' id='block_1_50' title="bbox 317 4880 1898 4953">
    <p class='ocr_par' dir='ltr' id='par_1_50' title="bbox 317 4880 1898 4953">
     <span class='ocr_line' id='line_1_50' title="bbox 317 4880 1898 4953; baseline -0.001 -14"><span class='ocrx_word' id='word_1_417' title='bbox 317 4884 501 4939; x_wconf 90' lang='lat' dir='ltr'><strong>multis</strong></span> <span class='ocrx_word' id='word_1_418' title='bbox 530 4891 868 4952; x_wconf 89' lang='lat' dir='ltr'><strong>repetantur;</strong></span> <span class='ocrx_word' id='word_1_419' title='bbox 899 4891 952 4937; x_wconf 87' lang='lat' dir='ltr'><strong>et</strong></span> <span class='ocrx_word' id='word_1_420' title='bbox 991 4882 1118 4936; x_wconf 89' lang='lat' dir='ltr'><strong>utile</strong></span> <span class='ocrx_word' id='word_1_421' title='bbox 1140 4890 1239 4936; x_wconf 89' lang='lat' dir='ltr'><strong>est.</strong></span> <span class='ocrx_word' id='word_1_422' title='bbox 1264 4880 1400 4936; x_wconf 89' lang='lat' dir='ltr'><strong>Cura</strong></span> <span class='ocrx_word' id='word_1_423' title='bbox 1424 4883 1563 4936; x_wconf 88' lang='lat' dir='ltr'><strong>enim</strong></span> <span class='ocrx_word' id='word_1_424' title='bbox 1587 4882 1765 4937; x_wconf 92' lang='lat' dir='ltr'><strong>mundi</strong></span> <span class='ocrx_word' id='word_1_425' title='bbox 1791 4884 1898 4953; x_wconf 87' lang='lat' dir='ltr'><strong>spi-</strong></span> 
     </span>
    </p>
   </div>
   <div class='ocr_carea' id='block_1_51' title="bbox 317 4973 1899 5044">
    <p class='ocr_par' dir='ltr' id='par_1_51' title="bbox 317 4973 1899 5044">
     <span class='ocr_line' id='line_1_51' title="bbox 317 4973 1899 5044; baseline 0.001 -14"><span class='ocrx_word' id='word_1_426' title='bbox 317 4991 418 5031; x_wconf 88' lang='lat' dir='ltr'><strong>nas</strong></span> <span class='ocrx_word' id='word_1_427' title='bbox 438 4973 616 5041; x_wconf 86' lang='lat' dir='ltr'><strong>habet,</strong></span> <span class='ocrx_word' id='word_1_428' title='bbox 640 4983 695 5030; x_wconf 90' lang='lat' dir='ltr'><strong>et</strong></span> <span class='ocrx_word' id='word_1_429' title='bbox 715 4974 907 5030; x_wconf 83' lang='lat' dir='ltr'><strong>oﬂ‘ocat</strong></span> <span class='ocrx_word' id='word_1_430' title='bbox 931 4974 1160 5041; x_wconf 89' lang='lat' dir='ltr'><strong>semina;</strong></span> <span class='ocrx_word' id='word_1_431' title='bbox 1189 4983 1398 5044; x_wconf 80' lang='lat' dir='ltr'><strong>Oportet</strong></span> <span class='ocrx_word' id='word_1_432' title='bbox 1418 4975 1610 5044; x_wconf 64' lang='lat' dir='ltr'><strong>saepius</strong></span> <span class='ocrx_word' id='word_1_433' title='bbox 1630 4990 1658 5028; x_wconf 90' lang='lat' dir='ltr'><strong>a</strong></span> <span class='ocrx_word' id='word_1_434' title='bbox 1676 4975 1899 5031; x_wconf 89' lang='lat' dir='ltr'><strong>Domino</strong></span> 
     </span>
    </p>
   </div>
   <div class='ocr_carea' id='block_1_52' title="bbox 315 5064 1635 5136">
    <p class='ocr_par' dir='ltr' id='par_1_52' title="bbox 315 5064 1635 5136">
     <span class='ocr_line' id='line_1_52' title="bbox 315 5064 1635 5136; baseline -0.002 -15"><span class='ocrx_word' id='word_1_435' title='bbox 315 5066 730 5121; x_wconf 89' lang='lat' dir='ltr'><strong>commemorari</strong></span> <span class='ocrx_word' id='word_1_436' title='bbox 767 5064 908 5136; x_wconf 87' lang='lat' dir='ltr'><strong>quod</strong></span> <span class='ocrx_word' id='word_1_437' title='bbox 949 5065 1088 5135; x_wconf 80' lang='lat' dir='ltr'><strong>cogit</strong></span> <span class='ocrx_word' id='word_1_438' title='bbox 1117 5065 1346 5119; x_wconf 92' lang='lat' dir='ltr'><strong>mundus</strong></span> <span class='ocrx_word' id='word_1_439' title='bbox 1374 5066 1635 5121; x_wconf 85' lang='lat' dir='ltr'><strong>oblivisci.</strong></span> 
     </span>
    </p>
   </div>
   <div class='ocr_carea' id='block_1_53' title="bbox 391 5159 1894 5234">
    <p class='ocr_par' dir='ltr' id='par_1_53' title="bbox 391 5159 1894 5234">
     <span class='ocr_line' id='line_1_53' title="bbox 391 5159 1894 5234; baseline 0.001 -20"><span class='ocrx_word' id='word_1_440' title='bbox 391 5161 448 5214; x_wconf 80' lang='grc'><strong>4.</strong></span> <span class='ocrx_word' id='word_1_441' title='bbox 509 5159 680 5232; x_wconf 83' lang='lat' dir='ltr'><strong>[oers.</strong></span> <span class='ocrx_word' id='word_1_442' title='bbox 719 5161 768 5214; x_wconf 80' lang='lat' dir='ltr'><strong>i.</strong></span> <span class='ocrx_word' id='word_1_443' title='bbox 795 5160 816 5234; x_wconf 93' lang='lat'>]</span> <span class='ocrx_word' id='word_1_444' title='bbox 860 5160 1106 5225; x_wconf 88' lang='lat' dir='ltr'><strong>Domine,</strong></span> <span class='ocrx_word' id='word_1_445' title='bbox 1138 5161 1348 5215; x_wconf 78' lang='lat' dir='ltr'><strong>clamavi</strong></span> <span class='ocrx_word' id='word_1_446' title='bbox 1384 5162 1454 5214; x_wconf 87' lang='lat' dir='ltr'><strong>ad</strong></span> <span class='ocrx_word' id='word_1_447' title='bbox 1483 5171 1554 5227; x_wconf 87' lang='lat' dir='ltr'><strong>te,</strong></span> <span class='ocrx_word' id='word_1_448' title='bbox 1587 5162 1770 5215; x_wconf 74' lang='lat' dir='ltr'><strong>exaudi</strong></span> <span class='ocrx_word' id='word_1_449' title='bbox 1799 5179 1894 5216; x_wconf 88' lang='lat' dir='ltr'><strong>me.</strong></span> 
     </span>
    </p>
   </div>
   <div class='ocr_carea' id='block_1_54' title="bbox 321 5251 1900 5321">
    <p class='ocr_par' dir='ltr' id='par_1_54' title="bbox 321 5251 1900 5321">
     <span class='ocr_line' id='line_1_54' title="bbox 321 5251 1900 5321; baseline 0.003 -17"><span class='ocrx_word' id='word_1_450' title='bbox 321 5251 435 5304; x_wconf 90' lang='lat' dir='ltr'><strong>Iloc</strong></span> <span class='ocrx_word' id='word_1_451' title='bbox 465 5265 652 5306; x_wconf 89' lang='lat' dir='ltr'><strong>omnes</strong></span> <span class='ocrx_word' id='word_1_452' title='bbox 683 5267 965 5321; x_wconf 86' lang='lat' dir='ltr'><strong>possumus</strong></span> <span class='ocrx_word' id='word_1_453' title='bbox 1009 5252 1207 5307; x_wconf 91' lang='lat' dir='ltr'><strong>dicere.</strong></span> <span class='ocrx_word' id='word_1_454' title='bbox 1257 5253 1367 5307; x_wconf 88' lang='lat' dir='ltr'><strong>Hoc</strong></span> <span class='ocrx_word' id='word_1_455' title='bbox 1412 5268 1516 5308; x_wconf 93' lang='lat' dir='ltr'><strong>non</strong></span> <span class='ocrx_word' id='word_1_456' title='bbox 1558 5253 1710 5319; x_wconf 85' lang='lat' dir='ltr'><strong>dico,</strong></span> <span class='ocrx_word' id='word_1_457' title='bbox 1760 5261 1900 5308; x_wconf 93' lang='lat' dir='ltr'><strong>totus</strong></span> 
     </span>
    </p>
   </div>
   <div class='ocr_carea' id='block_1_55' title="bbox 321 5341 1899 5414">
    <p class='ocr_par' dir='ltr' id='par_1_55' title="bbox 321 5341 1899 5414">
     <span class='ocr_line' id='line_1_55' title="bbox 321 5341 1899 5414; baseline 0.003 -18"><span class='ocrx_word' id='word_1_458' title='bbox 321 5341 566 5396; x_wconf 89' lang='lat' dir='ltr'><strong>Christus</strong></span> <span class='ocrx_word' id='word_1_459' title='bbox 597 5341 724 5396; x_wconf 90' lang='lat' dir='ltr'><strong>dicit</strong></span> <span class='ocrx_word' id='word_1_460' title='bbox 745 5360 756 5396; x_wconf 96' lang='lat'>:</span> <span class='ocrx_word' id='word_1_461' title='bbox 777 5341 872 5396; x_wconf 85' lang='lat' dir='ltr'><strong>sed</strong></span> <span class='ocrx_word' id='word_1_462' title='bbox 898 5343 1063 5412; x_wconf 87' lang='lat' dir='ltr'><strong>magis</strong></span> <span class='ocrx_word' id='word_1_463' title='bbox 1088 5357 1152 5397; x_wconf 85' lang='lat' dir='ltr'><strong>ex</strong></span> <span class='ocrx_word' id='word_1_464' title='bbox 1185 5357 1406 5412; x_wconf 87' lang='lat' dir='ltr'><strong>persona</strong></span> <span class='ocrx_word' id='word_1_465' title='bbox 1434 5345 1671 5414; x_wconf 84' lang='lat' dir='ltr'><strong>corporis</strong></span> <span class='ocrx_word' id='word_1_466' title='bbox 1699 5345 1899 5400; x_wconf 87' lang='lat' dir='ltr'><strong>dictum</strong></span> 
     </span>
    </p>
   </div>
   <div class='ocr_carea' id='block_1_56' title="bbox 320 5432 1901 5504">
    <p class='ocr_par' dir='ltr' id='par_1_56' title="bbox 320 5432 1901 5504">
     <span class='ocr_line' id='line_1_56' title="bbox 320 5432 1901 5504; baseline 0.004 -18"><span class='ocrx_word' id='word_1_467' title='bbox 320 5441 439 5498; x_wconf 90' lang='lat' dir='ltr'><strong>est;</strong></span> <span class='ocrx_word' id='word_1_468' title='bbox 468 5433 590 5503; x_wconf 87' lang='lat' dir='ltr'><strong>quia</strong></span> <span class='ocrx_word' id='word_1_469' title='bbox 619 5441 673 5488; x_wconf 92' lang='lat' dir='ltr'><strong>et</strong></span> <span class='ocrx_word' id='word_1_470' title='bbox 701 5449 822 5487; x_wconf 92' lang='lat' dir='ltr'><strong>cum</strong></span> <span class='ocrx_word' id='word_1_471' title='bbox 847 5432 929 5488; x_wconf 91' lang='lat' dir='ltr'><strong>hic</strong></span> <span class='ocrx_word' id='word_1_472' title='bbox 949 5442 1110 5501; x_wconf 89' lang='lat' dir='ltr'><strong>esset,</strong></span> <span class='ocrx_word' id='word_1_473' title='bbox 1143 5450 1358 5489; x_wconf 86' lang='lat' dir='ltr'><strong>carnem</strong></span> <span class='ocrx_word' id='word_1_474' title='bbox 1390 5445 1603 5504; x_wconf 86' lang='lat' dir='ltr'><strong>portans</strong></span> <span class='ocrx_word' id='word_1_475' title='bbox 1631 5437 1822 5503; x_wconf 90' lang='lat' dir='ltr'><strong>oravit,</strong></span> <span class='ocrx_word' id='word_1_476' title='bbox 1847 5445 1901 5492; x_wconf 91' lang='lat' dir='ltr'><strong>et</strong></span> 
     </span>
    </p>
   </div>
   <div class='ocr_carea' id='block_1_57' title="bbox 322 5526 1902 5595">
    <p class='ocr_par' dir='ltr' id='par_1_57' title="bbox 322 5526 1902 5595">
     <span class='ocr_line' id='line_1_57' title="bbox 322 5526 1902 5595; baseline 0.003 -17"><span class='ocrx_word' id='word_1_477' title='bbox 322 5539 394 5579; x_wconf 80' lang='lat' dir='ltr'><strong>ex</strong></span> <span class='ocrx_word' id='word_1_478' title='bbox 433 5539 662 5594; x_wconf 88' lang='lat' dir='ltr'><strong>persona</strong></span> <span class='ocrx_word' id='word_1_479' title='bbox 706 5527 946 5595; x_wconf 90' lang='lat' dir='ltr'><strong>corporis</strong></span> <span class='ocrx_word' id='word_1_480' title='bbox 984 5527 1154 5580; x_wconf 84' lang='lat' dir='ltr'><strong>oravit</strong></span> <span class='ocrx_word' id='word_1_481' title='bbox 1199 5526 1441 5593; x_wconf 87' lang='lat' dir='ltr'><strong>Patrem,</strong></span> <span class='ocrx_word' id='word_1_482' title='bbox 1484 5537 1683 5582; x_wconf 89' lang='lat' dir='ltr'><strong>etcum</strong></span> <span class='ocrx_word' id='word_1_483' title='bbox 1724 5539 1902 5583; x_wconf 84' lang='lat' dir='ltr'><strong>oraret</strong></span> 
     </span>
    </p>
   </div>
   <div class='ocr_carea' id='block_1_58' title="bbox 320 5615 1900 5688">
    <p class='ocr_par' dir='ltr' id='par_1_58' title="bbox 320 5615 1900 5688">
     <span class='ocr_line' id='line_1_58' title="bbox 320 5615 1900 5688; baseline 0.005 -20"><span class='ocrx_word' id='word_1_484' title='bbox 320 5615 466 5686; x_wconf 88' lang='lat' dir='ltr'><strong>globi</strong></span> <span class='ocrx_word' id='word_1_485' title='bbox 487 5617 762 5687; x_wconf 85' lang='lat' dir='ltr'><strong>sanguinis</strong></span> <span class='ocrx_word' id='word_1_486' title='bbox 792 5616 858 5671; x_wconf 87' lang='lat' dir='ltr'><strong>dc</strong></span> <span class='ocrx_word' id='word_1_487' title='bbox 889 5625 1000 5670; x_wconf 86' lang='lat' dir='ltr'><strong>toto</strong></span> <span class='ocrx_word' id='word_1_488' title='bbox 1021 5633 1242 5688; x_wconf 86' lang='lat' dir='ltr'><strong>corpore</strong></span> <span class='ocrx_word' id='word_1_489' title='bbox 1278 5619 1392 5687; x_wconf 91' lang='lat' dir='ltr'><strong>ejus</strong></span> <span class='ocrx_word' id='word_1_490' title='bbox 1427 5618 1781 5674; x_wconf 83' lang='lat' dir='ltr'><strong>dcstillabant.</strong></span> <span class='ocrx_word' id='word_1_491' title='bbox 1815 5621 1900 5676; x_wconf 90' lang='lat' dir='ltr'><strong>Sic</strong></span> 
     </span>
    </p>
   </div>
   <div class='ocr_carea' id='block_1_59' title="bbox 320 5707 1901 5778">
    <p class='ocr_par' dir='ltr' id='par_1_59' title="bbox 320 5707 1901 5778">
     <span class='ocr_line' id='line_1_59' title="bbox 320 5707 1901 5778; baseline 0.002 -15"><span class='ocrx_word' id='word_1_492' title='bbox 320 5709 577 5778; x_wconf 86' lang='lat' dir='ltr'><strong>scriptum</strong></span> <span class='ocrx_word' id='word_1_493' title='bbox 608 5717 689 5762; x_wconf 92' lang='lat' dir='ltr'><strong>est</strong></span> <span class='ocrx_word' id='word_1_494' title='bbox 726 5707 776 5762; x_wconf 91' lang='lat' dir='ltr'><strong>in</strong></span> <span class='ocrx_word' id='word_1_495' title='bbox 819 5708 1102 5777; x_wconf 71' lang='lat' dir='ltr'><strong>livangelio</strong></span> <span class='ocrx_word' id='word_1_496' title='bbox 1136 5727 1148 5762; x_wconf 90' lang='lat'><strong>:</strong></span> <span class='ocrx_word' id='word_1_497' title='bbox 1184 5708 1354 5763; x_wconf 87' lang='lat' dir='ltr'><strong>Oravit</strong></span> <span class='ocrx_word' id='word_1_498' title='bbox 1388 5707 1540 5765; x_wconf 75' lang='lat' dir='ltr'><strong>Iesus</strong></span> <span class='ocrx_word' id='word_1_499' title='bbox 1569 5710 1756 5766; x_wconf 84' lang='lat' dir='ltr'><strong>intentu</strong></span> <span class='ocrx_word' id='word_1_500' title='bbox 1785 5728 1901 5766; x_wconf 82' lang='lat' dir='ltr'><strong>ora-</strong></span> 
     </span>
    </p>
   </div>
   <div class='ocr_carea' id='block_1_60' title="bbox 387 5819 1162 5884">
    <p class='ocr_par' dir='ltr' id='par_1_60' title="bbox 387 5819 1162 5884">
     <span class='ocr_line' id='line_1_60' title="bbox 387 5819 1162 5884; baseline -0.004 -12"><span class='ocrx_word' id='word_1_501' title='bbox 387 5822 402 5855; x_wconf 79' lang='grc'><strong><em>⁸</em></strong></span> <span class='ocrx_word' id='word_1_502' title='bbox 429 5819 540 5872; x_wconf 78' lang='lat' dir='ltr'><strong>de.</strong></span> <span class='ocrx_word' id='word_1_503' title='bbox 564 5831 710 5881; x_wconf 67' lang='lat' dir='ltr'><strong>saepe.</strong></span> <span class='ocrx_word' id='word_1_504' title='bbox 738 5827 788 5870; x_wconf 74' lang='lat' dir='ltr'><strong>At</strong></span> <span class='ocrx_word' id='word_1_505' title='bbox 812 5827 900 5868; x_wconf 77' lang='lat' dir='ltr'><strong>Mss</strong></span> <span class='ocrx_word' id='word_1_506' title='bbox 922 5855 936 5880; x_wconf 93' lang='lat'><strong>,</strong></span> <span class='ocrx_word' id='word_1_507' title='bbox 962 5832 1162 5884; x_wconf 82' lang='lat' dir='ltr'><strong>semper.</strong></span> 
     </span>
    </p>
   </div>
   <div class='ocr_carea' id='block_1_61' title="bbox 1397 367 2436 429">
    <p class='ocr_par' dir='ltr' id='par_1_61' title="bbox 1397 367 2436 429">
     <span class='ocr_line' id='line_1_61' title="bbox 1397 367 2436 429; baseline -0.004 0"><span class='ocrx_word' id='word_1_508' title='bbox 1397 368 1788 429; x_wconf 74' lang='lat' dir='ltr'><strong>ENARRATIO</strong></span> <span class='ocrx_word' id='word_1_509' title='bbox 1825 368 1889 426; x_wconf 69' lang='grc' dir='ltr'><strong>ΙΝ</strong></span> <span class='ocrx_word' id='word_1_510' title='bbox 1930 367 2246 428; x_wconf 74' lang='lat' dir='ltr'><strong>PSALMUM</strong></span> <span class='ocrx_word' id='word_1_511' title='bbox 2284 368 2436 428; x_wconf 79' lang='lat' dir='ltr'><strong>CXL.</strong></span> 
     </span>
    </p>
   </div>
   <div class='ocr_carea' id='block_1_62' title="bbox 3429 372 3571 439">
    <p class='ocr_par' dir='ltr' id='par_1_62' title="bbox 3429 372 3571 439">
     <span class='ocr_line' id='line_1_62' title="bbox 3429 372 3571 439; baseline 0.014 -2"><span class='ocrx_word' id='word_1_512' title='bbox 3429 372 3571 439; x_wconf 68' lang='grc'><strong>1818</strong></span> 
     </span>
    </p>
   </div>
   <div class='ocr_carea' id='block_1_63' title="bbox 1987 482 3570 561">
    <p class='ocr_par' dir='ltr' id='par_1_63' title="bbox 1987 482 3570 561">
     <span class='ocr_line' id='line_1_63' title="bbox 1987 482 3570 561; baseline 0.009 -26"><span class='ocrx_word' id='word_1_513' title='bbox 1987 482 2140 546; x_wconf 87' lang='lat' dir='ltr'><strong>tione,</strong></span> <span class='ocrx_word' id='word_1_514' title='bbox 2171 495 2217 538; x_wconf 89' lang='lat' dir='ltr'><strong>et</strong></span> <span class='ocrx_word' id='word_1_515' title='bbox 2251 486 2448 539; x_wconf 89' lang='lat' dir='ltr'><strong>sudavit</strong></span> <span class='ocrx_word' id='word_1_516' title='bbox 2476 485 2768 555; x_wconf 85' lang='lat' dir='ltr'><strong>sanguinem</strong></span> <span class='ocrx_word' id='word_1_517' title='bbox 2810 485 2960 558; x_wconf 86' lang='lat' dir='ltr'><strong>(Luc.</strong></span> <span class='ocrx_word' id='word_1_518' title='bbox 2994 499 3134 555; x_wconf 78' lang='lat' dir='ltr'><strong>xxn,</strong></span> <span class='ocrx_word' id='word_1_519' title='bbox 3161 489 3276 561; x_wconf 60' lang='grc'><strong>44).</strong></span> <span class='ocrx_word' id='word_1_520' title='bbox 3325 489 3462 559; x_wconf 86' lang='lat' dir='ltr'><strong>Quid</strong></span> <span class='ocrx_word' id='word_1_521' title='bbox 3486 502 3570 549; x_wconf 78' lang='lat' dir='ltr'><strong>est</strong></span> 
     </span>
    </p>
   </div>
   <div class='ocr_carea' id='block_1_64' title="bbox 1987 573 3566 648">
    <p class='ocr_par' dir='ltr' id='par_1_64' title="bbox 1987 573 3566 648">
     <span class='ocr_line' id='line_1_64' title="bbox 1987 573 3566 648; baseline 0.008 -21"><span class='ocrx_word' id='word_1_522' title='bbox 1987 573 2053 628; x_wconf 90' lang='lat' dir='ltr'><strong>de</strong></span> <span class='ocrx_word' id='word_1_523' title='bbox 2093 584 2203 629; x_wconf 91' lang='lat' dir='ltr'><strong>toto</strong></span> <span class='ocrx_word' id='word_1_524' title='bbox 2239 590 2464 646; x_wconf 92' lang='lat' dir='ltr'><strong>corpore</strong></span> <span class='ocrx_word' id='word_1_525' title='bbox 2501 578 2774 648; x_wconf 83' lang='lat' dir='ltr'><strong>sanguinis</strong></span> <span class='ocrx_word' id='word_1_526' title='bbox 2802 578 3052 646; x_wconf 81' lang='lat' dir='ltr'><strong>efﬂuxio,</strong></span> <span class='ocrx_word' id='word_1_527' title='bbox 3085 582 3186 636; x_wconf 89' lang='lat' dir='ltr'><strong>nisi</strong></span> <span class='ocrx_word' id='word_1_528' title='bbox 3214 582 3283 638; x_wconf 93' lang='lat' dir='ltr'><strong>de</strong></span> <span class='ocrx_word' id='word_1_529' title='bbox 3321 591 3428 638; x_wconf 85' lang='lat' dir='ltr'><strong>tota</strong></span> <span class='ocrx_word' id='word_1_530' title='bbox 3458 583 3566 639; x_wconf 87' lang='lat' dir='ltr'><strong>Ec-</strong></span> 
     </span>
    </p>
   </div>
   <div class='ocr_carea' id='block_1_65' title="bbox 1987 665 3570 742">
    <p class='ocr_par' dir='ltr' id='par_1_65' title="bbox 1987 665 3570 742">
     <span class='ocr_line' id='line_1_65' title="bbox 1987 665 3570 742; baseline 0.007 -23"><span class='ocrx_word' id='word_1_531' title='bbox 1987 665 2145 721; x_wconf 87' lang='lat' dir='ltr'><strong>clesia</strong></span> <span class='ocrx_word' id='word_1_532' title='bbox 2169 675 2458 739; x_wconf 87' lang='lat' dir='ltr'><strong>martyrum</strong></span> <span class='ocrx_word' id='word_1_533' title='bbox 2503 669 2715 738; x_wconf 88' lang='lat' dir='ltr'><strong>passio?</strong></span> <span class='ocrx_word' id='word_1_534' title='bbox 2747 669 2982 739; x_wconf 85' lang='lat' dir='ltr'><strong>Domine,</strong></span> <span class='ocrx_word' id='word_1_535' title='bbox 3011 674 3224 727; x_wconf 80' lang='lat' dir='ltr'><strong>clamavi</strong></span> <span class='ocrx_word' id='word_1_536' title='bbox 3253 673 3322 728; x_wconf 88' lang='lat' dir='ltr'><strong>ad</strong></span> <span class='ocrx_word' id='word_1_537' title='bbox 3353 685 3401 730; x_wconf 81' lang='lat' dir='ltr'><strong>te</strong></span> <span class='ocrx_word' id='word_1_538' title='bbox 3423 715 3441 742; x_wconf 88' lang='lat'><strong>,</strong></span> <span class='ocrx_word' id='word_1_539' title='bbox 3477 692 3570 730; x_wconf 80' lang='lat' dir='ltr'><strong>ea:-</strong></span> 
     </span>
    </p>
   </div>
   <div class='ocr_carea' id='block_1_66' title="bbox 1988 756 3572 832">
    <p class='ocr_par' dir='ltr' id='par_1_66' title="bbox 1988 756 3572 832">
     <span class='ocr_line' id='line_1_66' title="bbox 1988 756 3572 832; baseline 0.009 -24"><span class='ocrx_word' id='word_1_540' title='bbox 1988 756 2110 809; x_wconf 87' lang='lat' dir='ltr'><strong>audi</strong></span> <span class='ocrx_word' id='word_1_541' title='bbox 2130 773 2208 811; x_wconf 86' lang='lat' dir='ltr'><strong>me</strong></span> <span class='ocrx_word' id='word_1_542' title='bbox 2231 773 2249 812; x_wconf 93' lang='lat'><strong><em>:</em></strong></span> <span class='ocrx_word' id='word_1_543' title='bbox 2274 760 2476 813; x_wconf 85' lang='lat' dir='ltr'><strong>intende</strong></span> <span class='ocrx_word' id='word_1_544' title='bbox 2505 761 2611 814; x_wconf 84' lang='lat' dir='ltr'><strong>voci</strong></span> <span class='ocrx_word' id='word_1_545' title='bbox 2637 761 3001 831; x_wconf 84' lang='lat' dir='ltr'><strong>deprecationis</strong></span> <span class='ocrx_word' id='word_1_546' title='bbox 3036 781 3190 832; x_wconf 77' lang='lat' dir='ltr'><strong>mete,</strong></span> <span class='ocrx_word' id='word_1_547' title='bbox 3229 767 3349 819; x_wconf 90' lang='lat' dir='ltr'><strong>dum</strong></span> <span class='ocrx_word' id='word_1_548' title='bbox 3381 767 3572 822; x_wconf 57' lang='lat' dir='ltr'><strong>clama-</strong></span> 
     </span>
    </p>
   </div>
   <div class='ocr_carea' id='block_1_67' title="bbox 1987 847 3568 924">
    <p class='ocr_par' dir='ltr' id='par_1_67' title="bbox 1987 847 3568 924">
     <span class='ocr_line' id='line_1_67' title="bbox 1987 847 3568 924; baseline 0.006 -22"><span class='ocrx_word' id='word_1_549' title='bbox 1987 863 2104 902; x_wconf 83' lang='lat' dir='ltr'><strong>vero</strong></span> <span class='ocrx_word' id='word_1_550' title='bbox 2136 847 2204 900; x_wconf 92' lang='lat' dir='ltr'><strong>ad</strong></span> <span class='ocrx_word' id='word_1_551' title='bbox 2239 856 2302 902; x_wconf 87' lang='lat' dir='ltr'><strong>te.</strong></span> <span class='ocrx_word' id='word_1_552' title='bbox 2337 848 2455 903; x_wconf 83' lang='lat' dir='ltr'><strong>Jam</strong></span> <span class='ocrx_word' id='word_1_553' title='bbox 2497 850 2703 906; x_wconf 81' lang='lat' dir='ltr'><strong>ﬁnitum</strong></span> <span class='ocrx_word' id='word_1_554' title='bbox 2740 853 3009 922; x_wconf 83' lang='lat' dir='ltr'><strong>negotium</strong></span> <span class='ocrx_word' id='word_1_555' title='bbox 3036 854 3297 909; x_wconf 89' lang='lat' dir='ltr'><strong>clamandi</strong></span> <span class='ocrx_word' id='word_1_556' title='bbox 3325 856 3568 924; x_wconf 88' lang='lat' dir='ltr'><strong>putabas,</strong></span> 
     </span>
    </p>
   </div>
   <div class='ocr_carea' id='block_1_68' title="bbox 1989 939 3571 1016">
    <p class='ocr_par' dir='ltr' id='par_1_68' title="bbox 1989 939 3571 1016">
     <span class='ocr_line' id='line_1_68' title="bbox 1989 939 3571 1016; baseline 0.005 -21"><span class='ocrx_word' id='word_1_557' title='bbox 1989 955 2110 995; x_wconf 90' lang='lat' dir='ltr'><strong>cum</strong></span> <span class='ocrx_word' id='word_1_558' title='bbox 2138 939 2376 1008; x_wconf 89' lang='lat' dir='ltr'><strong>diceres,</strong></span> <span class='ocrx_word' id='word_1_559' title='bbox 2411 940 2636 996; x_wconf 81' lang='lat' dir='ltr'><strong>Ctamavi</strong></span> <span class='ocrx_word' id='word_1_560' title='bbox 2668 943 2736 996; x_wconf 86' lang='lat' dir='ltr'><strong>ad</strong></span> <span class='ocrx_word' id='word_1_561' title='bbox 2771 953 2838 998; x_wconf 90' lang='lat' dir='ltr'><strong>te.</strong></span> <span class='ocrx_word' id='word_1_562' title='bbox 2867 944 3140 1010; x_wconf 90' lang='lat' dir='ltr'><strong>Clamasti,</strong></span> <span class='ocrx_word' id='word_1_563' title='bbox 3167 946 3274 1016; x_wconf 91' lang='lat' dir='ltr'><strong>jam</strong></span> <span class='ocrx_word' id='word_1_564' title='bbox 3313 947 3422 1001; x_wconf 87' lang='lat' dir='ltr'><strong>noli</strong></span> <span class='ocrx_word' id='word_1_565' title='bbox 3450 961 3571 1002; x_wconf 91' lang='lat' dir='ltr'><strong>esse</strong></span> 
     </span>
    </p>
   </div>
   <div class='ocr_carea' id='block_1_69' title="bbox 1989 1034 3570 1102">
    <p class='ocr_par' dir='ltr' id='par_1_69' title="bbox 1989 1034 3570 1102">
     <span class='ocr_line' id='line_1_69' title="bbox 1989 1034 3570 1102; baseline 0.004 -14"><span class='ocrx_word' id='word_1_566' title='bbox 1989 1047 2232 1090; x_wconf 90' lang='lat' dir='ltr'><strong>securus.</strong></span> <span class='ocrx_word' id='word_1_567' title='bbox 2264 1034 2320 1089; x_wconf 91' lang='lat' dir='ltr'><strong>Si</strong></span> <span class='ocrx_word' id='word_1_568' title='bbox 2349 1035 2492 1090; x_wconf 91' lang='lat' dir='ltr'><strong>ﬁnita</strong></span> <span class='ocrx_word' id='word_1_569' title='bbox 2519 1044 2601 1090; x_wconf 89' lang='lat' dir='ltr'><strong>est</strong></span> <span class='ocrx_word' id='word_1_570' title='bbox 2626 1036 2914 1102; x_wconf 88' lang='lat' dir='ltr'><strong>tribulatio,</strong></span> <span class='ocrx_word' id='word_1_571' title='bbox 2945 1038 3124 1093; x_wconf 91' lang='lat' dir='ltr'><strong>ﬁnitus</strong></span> <span class='ocrx_word' id='word_1_572' title='bbox 3150 1047 3231 1093; x_wconf 89' lang='lat' dir='ltr'><strong>est</strong></span> <span class='ocrx_word' id='word_1_573' title='bbox 3257 1039 3493 1094; x_wconf 86' lang='lat' dir='ltr'><strong>clamor:</strong></span> <span class='ocrx_word' id='word_1_574' title='bbox 3522 1040 3570 1094; x_wconf 85' lang='lat' dir='ltr'><strong>si</strong></span> 
     </span>
    </p>
   </div>
   <div class='ocr_carea' id='block_1_70' title="bbox 1989 1126 3571 1200">
    <p class='ocr_par' dir='ltr' id='par_1_70' title="bbox 1989 1126 3571 1200">
     <span class='ocr_line' id='line_1_70' title="bbox 1989 1126 3571 1200; baseline 0.003 -20"><span class='ocrx_word' id='word_1_575' title='bbox 1989 1135 2166 1182; x_wconf 91' lang='lat' dir='ltr'><strong>autem</strong></span> <span class='ocrx_word' id='word_1_576' title='bbox 2205 1136 2384 1182; x_wconf 89' lang='lat' dir='ltr'><strong>manet</strong></span> <span class='ocrx_word' id='word_1_577' title='bbox 2423 1126 2694 1184; x_wconf 88' lang='lat' dir='ltr'><strong>tribulatio</strong></span> <span class='ocrx_word' id='word_1_578' title='bbox 2724 1127 2976 1184; x_wconf 83' lang='lat' dir='ltr'><strong>Ecclesiae</strong></span> <span class='ocrx_word' id='word_1_579' title='bbox 3011 1140 3066 1184; x_wconf 91' lang='lat' dir='ltr'><strong>et</strong></span> <span class='ocrx_word' id='word_1_580' title='bbox 3105 1130 3345 1200; x_wconf 87' lang='lat' dir='ltr'><strong>corporis</strong></span> <span class='ocrx_word' id='word_1_581' title='bbox 3373 1129 3571 1185; x_wconf 87' lang='lat' dir='ltr'><strong>Christi</strong></span> 
     </span>
    </p>
   </div>
   <div class='ocr_carea' id='block_1_71' title="bbox 1990 1221 3572 1292">
    <p class='ocr_par' dir='ltr' id='par_1_71' title="bbox 1990 1221 3572 1292">
     <span class='ocr_line' id='line_1_71' title="bbox 1990 1221 3572 1292; baseline 0.001 -16"><span class='ocrx_word' id='word_1_582' title='bbox 1990 1236 2160 1292; x_wconf 87' lang='lat' dir='ltr'><strong>usque</strong></span> <span class='ocrx_word' id='word_1_583' title='bbox 2189 1222 2241 1276; x_wconf 92' lang='lat' dir='ltr'><strong>in</strong></span> <span class='ocrx_word' id='word_1_584' title='bbox 2273 1222 2433 1276; x_wconf 89' lang='lat' dir='ltr'><strong>ﬁnem</strong></span> <span class='ocrx_word' id='word_1_585' title='bbox 2464 1221 2666 1288; x_wconf 64' lang='lat' dir='ltr'><strong>saeculi,</strong></span> <span class='ocrx_word' id='word_1_586' title='bbox 2700 1238 2806 1278; x_wconf 93' lang='lat' dir='ltr'><strong>non</strong></span> <span class='ocrx_word' id='word_1_587' title='bbox 2835 1231 3037 1278; x_wconf 89' lang='lat' dir='ltr'><strong>tantum</strong></span> <span class='ocrx_word' id='word_1_588' title='bbox 3064 1224 3223 1290; x_wconf 88' lang='lat' dir='ltr'><strong>dicat,</strong></span> <span class='ocrx_word' id='word_1_589' title='bbox 3257 1223 3475 1280; x_wconf 73' lang='lat' dir='ltr'><strong>Clematii</strong></span> <span class='ocrx_word' id='word_1_590' title='bbox 3505 1225 3572 1277; x_wconf 89' lang='lat' dir='ltr'><strong>ad</strong></span> 
     </span>
    </p>
   </div>
   <div class='ocr_carea' id='block_1_72' title="bbox 1991 1313 3574 1386">
    <p class='ocr_par' dir='ltr' id='par_1_72' title="bbox 1991 1313 3574 1386">
     <span class='ocr_line' id='line_1_72' title="bbox 1991 1313 3574 1386; baseline 0.003 -20"><span class='ocrx_word' id='word_1_591' title='bbox 1991 1322 2055 1378; x_wconf 90' lang='lat' dir='ltr'><strong>te,</strong></span> <span class='ocrx_word' id='word_1_592' title='bbox 2079 1313 2264 1368; x_wconf 74' lang='lat' dir='ltr'><strong>exaudi</strong></span> <span class='ocrx_word' id='word_1_593' title='bbox 2282 1330 2392 1379; x_wconf 88' lang='lat' dir='ltr'><strong>me;</strong></span> <span class='ocrx_word' id='word_1_594' title='bbox 2416 1313 2531 1382; x_wconf 89' lang='lat' dir='ltr'><strong>sed,</strong></span> <span class='ocrx_word' id='word_1_595' title='bbox 2553 1313 2766 1370; x_wconf 88' lang='lat' dir='ltr'><strong>Intende</strong></span> <span class='ocrx_word' id='word_1_596' title='bbox 2785 1316 2891 1369; x_wconf 81' lang='lat' dir='ltr'><strong>voci</strong></span> <span class='ocrx_word' id='word_1_597' title='bbox 2909 1315 3273 1386; x_wconf 85' lang='lat' dir='ltr'><strong>deprecationis</strong></span> <span class='ocrx_word' id='word_1_598' title='bbox 3290 1331 3432 1382; x_wconf 80' lang='lat' dir='ltr'><strong>mete,</strong></span> <span class='ocrx_word' id='word_1_599' title='bbox 3451 1315 3574 1370; x_wconf 86' lang='lat' dir='ltr'><strong>dum</strong></span> 
     </span>
    </p>
   </div>
   <div class='ocr_carea' id='block_1_73' title="bbox 1991 1405 2462 1461">
    <p class='ocr_par' dir='ltr' id='par_1_73' title="bbox 1991 1405 2462 1461">
     <span class='ocr_line' id='line_1_73' title="bbox 1991 1405 2462 1461; baseline 0.004 -3"><span class='ocrx_word' id='word_1_600' title='bbox 1991 1405 2273 1461; x_wconf 78' lang='lat' dir='ltr'><strong>clamarem</strong></span> <span class='ocrx_word' id='word_1_601' title='bbox 2301 1405 2369 1459; x_wconf 93' lang='lat' dir='ltr'><strong>ad</strong></span> <span class='ocrx_word' id='word_1_602' title='bbox 2397 1415 2462 1460; x_wconf 88' lang='lat' dir='ltr'><strong>te.</strong></span> 
     </span>
    </p>
   </div>
   <div class='ocr_carea' id='block_1_74' title="bbox 2061 1497 3572 1572">
    <p class='ocr_par' dir='ltr' id='par_1_74' title="bbox 2061 1497 3572 1572">
     <span class='ocr_line' id='line_1_74' title="bbox 2061 1497 3572 1572; baseline 0.001 -18"><span class='ocrx_word' id='word_1_603' title='bbox 2061 1499 2114 1554; x_wconf 83' lang='grc'><strong>5.</strong></span> <span class='ocrx_word' id='word_1_604' title='bbox 2158 1497 2322 1570; x_wconf 80' lang='lat' dir='ltr'><strong>[oers.</strong></span> <span class='ocrx_word' id='word_1_605' title='bbox 2366 1498 2506 1571; x_wconf 71' lang='lat'><strong>2-4.]</strong></span> <span class='ocrx_word' id='word_1_606' title='bbox 2544 1499 2809 1572; x_wconf 83' lang='lat' dir='ltr'><strong>Dirigatur</strong></span> <span class='ocrx_word' id='word_1_607' title='bbox 2845 1501 3006 1555; x_wconf 89' lang='lat' dir='ltr'><strong>oratio</strong></span> <span class='ocrx_word' id='word_1_608' title='bbox 3046 1517 3157 1555; x_wconf 87' lang='lat' dir='ltr'><strong>mea</strong></span> <span class='ocrx_word' id='word_1_609' title='bbox 3204 1510 3444 1572; x_wconf 88' lang='lat' dir='ltr'><strong>tanquam</strong></span> <span class='ocrx_word' id='word_1_610' title='bbox 3487 1501 3572 1556; x_wconf 80' lang='lat' dir='ltr'><strong>in-</strong></span> 
     </span>
    </p>
   </div>
   <div class='ocr_carea' id='block_1_75' title="bbox 1990 1591 3578 1661">
    <p class='ocr_par' dir='ltr' id='par_1_75' title="bbox 1990 1591 3578 1661">
     <span class='ocr_line' id='line_1_75' title="bbox 1990 1591 3578 1661; baseline 0.001 -17"><span class='ocrx_word' id='word_1_611' title='bbox 1990 1605 2194 1644; x_wconf 89' lang='lat' dir='ltr'><strong>censum</strong></span> <span class='ocrx_word' id='word_1_612' title='bbox 2222 1591 2272 1644; x_wconf 90' lang='lat' dir='ltr'><strong>in</strong></span> <span class='ocrx_word' id='word_1_613' title='bbox 2298 1602 2566 1661; x_wconf 87' lang='lat' dir='ltr'><strong>conspectu</strong></span> <span class='ocrx_word' id='word_1_614' title='bbox 2596 1601 2718 1656; x_wconf 87' lang='lat' dir='ltr'><strong>tuo;</strong></span> <span class='ocrx_word' id='word_1_615' title='bbox 2743 1592 2951 1646; x_wconf 79' lang='lat' dir='ltr'><strong>elevatio</strong></span> <span class='ocrx_word' id='word_1_616' title='bbox 2981 1609 3223 1646; x_wconf 88' lang='lat' dir='ltr'><strong>manuum</strong></span> <span class='ocrx_word' id='word_1_617' title='bbox 3248 1609 3471 1647; x_wconf 89' lang='lat' dir='ltr'><strong>mearum</strong></span> <span class='ocrx_word' id='word_1_618' title='bbox 3493 1609 3578 1648; x_wconf 82' lang='lat' dir='ltr'><strong>sa-</strong></span> 
     </span>
    </p>
   </div>
   <div class='ocr_carea' id='block_1_76' title="bbox 1990 1682 3576 1756">
    <p class='ocr_par' dir='ltr' id='par_1_76' title="bbox 1990 1682 3576 1756">
     <span class='ocr_line' id='line_1_76' title="bbox 1990 1682 3576 1756; baseline 0.004 -21"><span class='ocrx_word' id='word_1_619' title='bbox 1990 1682 2235 1751; x_wconf 82' lang='lat' dir='ltr'><strong>criﬁcium</strong></span> <span class='ocrx_word' id='word_1_620' title='bbox 2260 1686 2610 1752; x_wconf 81' lang='lat' dir='ltr'><strong>vespertinum.</strong></span> <span class='ocrx_word' id='word_1_621' title='bbox 2639 1684 2751 1740; x_wconf 84' lang='lat' dir='ltr'><strong>Hoc</strong></span> <span class='ocrx_word' id='word_1_622' title='bbox 2777 1684 2845 1740; x_wconf 91' lang='lat' dir='ltr'><strong>de</strong></span> <span class='ocrx_word' id='word_1_623' title='bbox 2879 1686 2995 1755; x_wconf 92' lang='lat' dir='ltr'><strong>ipso</strong></span> <span class='ocrx_word' id='word_1_624' title='bbox 3014 1685 3186 1756; x_wconf 90' lang='lat' dir='ltr'><strong>capite</strong></span> <span class='ocrx_word' id='word_1_625' title='bbox 3212 1686 3388 1742; x_wconf 88' lang='lat' dir='ltr'><strong>solere</strong></span> <span class='ocrx_word' id='word_1_626' title='bbox 3413 1686 3576 1741; x_wconf 83' lang='lat' dir='ltr'><strong>intel-</strong></span> 
     </span>
    </p>
   </div>
   <div class='ocr_carea' id='block_1_77' title="bbox 1991 1773 3573 1846">
    <p class='ocr_par' dir='ltr' id='par_1_77' title="bbox 1991 1773 3573 1846">
     <span class='ocr_line' id='line_1_77' title="bbox 1991 1773 3573 1846; baseline 0.002 -18"><span class='ocrx_word' id='word_1_627' title='bbox 1991 1773 2101 1843; x_wconf 81' lang='lat' dir='ltr'><strong>iigi,</strong></span> <span class='ocrx_word' id='word_1_628' title='bbox 2130 1774 2302 1828; x_wconf 90' lang='lat' dir='ltr'><strong>omnis</strong></span> <span class='ocrx_word' id='word_1_629' title='bbox 2327 1774 2646 1829; x_wconf 88' lang='lat' dir='ltr'><strong>cbristianus</strong></span> <span class='ocrx_word' id='word_1_630' title='bbox 2675 1776 2934 1845; x_wconf 87' lang='lat' dir='ltr'><strong>agnoscit.</strong></span> <span class='ocrx_word' id='word_1_631' title='bbox 2965 1775 3273 1831; x_wconf 88' lang='lat' dir='ltr'><strong>Declinante</strong></span> <span class='ocrx_word' id='word_1_632' title='bbox 3294 1777 3434 1831; x_wconf 92' lang='lat' dir='ltr'><strong>enim</strong></span> <span class='ocrx_word' id='word_1_633' title='bbox 3460 1775 3573 1846; x_wconf 88' lang='lat' dir='ltr'><strong>jam</strong></span> 
     </span>
    </p>
   </div>
   <div class='ocr_carea' id='block_1_78' title="bbox 1992 1861 3578 1935">
    <p class='ocr_par' dir='ltr' id='par_1_78' title="bbox 1992 1861 3578 1935">
     <span class='ocr_line' id='line_1_78' title="bbox 1992 1861 3578 1935; baseline 0.002 -18"><span class='ocrx_word' id='word_1_634' title='bbox 1992 1862 2078 1918; x_wconf 92' lang='lat' dir='ltr'><strong>die</strong></span> <span class='ocrx_word' id='word_1_635' title='bbox 2103 1861 2155 1916; x_wconf 91' lang='lat' dir='ltr'><strong>in</strong></span> <span class='ocrx_word' id='word_1_636' title='bbox 2179 1877 2480 1932; x_wconf 84' lang='lat' dir='ltr'><strong>vesperum,</strong></span> <span class='ocrx_word' id='word_1_637' title='bbox 2513 1864 2769 1919; x_wconf 90' lang='lat' dir='ltr'><strong>Dominus</strong></span> <span class='ocrx_word' id='word_1_638' title='bbox 2794 1864 2846 1919; x_wconf 93' lang='lat' dir='ltr'><strong>in</strong></span> <span class='ocrx_word' id='word_1_639' title='bbox 2869 1879 3027 1920; x_wconf 86' lang='lat' dir='ltr'><strong>cruce</strong></span> <span class='ocrx_word' id='word_1_640' title='bbox 3063 1865 3294 1919; x_wconf 91' lang='lat' dir='ltr'><strong>animam</strong></span> <span class='ocrx_word' id='word_1_641' title='bbox 3332 1865 3578 1935; x_wconf 89' lang='lat' dir='ltr'><strong>deposuit</strong></span> 
     </span>
    </p>
   </div>
   <div class='ocr_carea' id='block_1_79' title="bbox 1992 1956 3576 2023">
    <p class='ocr_par' dir='ltr' id='par_1_79' title="bbox 1992 1956 3576 2023">
     <span class='ocr_line' id='line_1_79' title="bbox 1992 1956 3576 2023; baseline 0.003 -15"><span class='ocrx_word' id='word_1_642' title='bbox 1992 1963 2322 2023; x_wconf 87' lang='lat' dir='ltr'><strong>recepturus,</strong></span> <span class='ocrx_word' id='word_1_643' title='bbox 2367 1971 2469 2008; x_wconf 92' lang='lat' dir='ltr'><strong>non</strong></span> <span class='ocrx_word' id='word_1_644' title='bbox 2495 1956 2673 2011; x_wconf 90' lang='lat' dir='ltr'><strong>amisit</strong></span> <span class='ocrx_word' id='word_1_645' title='bbox 2700 1957 2920 2010; x_wconf 91' lang='lat' dir='ltr'><strong>invitus.</strong></span> <span class='ocrx_word' id='word_1_646' title='bbox 2946 1956 3052 2012; x_wconf 92' lang='lat' dir='ltr'><strong>Sed</strong></span> <span class='ocrx_word' id='word_1_647' title='bbox 3081 1968 3256 2012; x_wconf 88' lang='lat' dir='ltr'><strong>tamen</strong></span> <span class='ocrx_word' id='word_1_648' title='bbox 3301 1965 3358 2012; x_wconf 85' lang='lat' dir='ltr'><strong>et</strong></span> <span class='ocrx_word' id='word_1_649' title='bbox 3382 1957 3451 2013; x_wconf 90' lang='lat' dir='ltr'><strong>ibi</strong></span> <span class='ocrx_word' id='word_1_650' title='bbox 3477 1972 3576 2013; x_wconf 88' lang='lat' dir='ltr'><strong>nos</strong></span> 
     </span>
    </p>
   </div>
   <div class='ocr_carea' id='block_1_80' title="bbox 1994 2044 3574 2119">
    <p class='ocr_par' dir='ltr' id='par_1_80' title="bbox 1994 2044 3574 2119">
     <span class='ocr_line' id='line_1_80' title="bbox 1994 2044 3574 2119; baseline 0.003 -22"><span class='ocrx_word' id='word_1_651' title='bbox 1994 2044 2203 2114; x_wconf 88' lang='lat' dir='ltr'><strong>ﬁgurati</strong></span> <span class='ocrx_word' id='word_1_652' title='bbox 2248 2061 2452 2100; x_wconf 89' lang='lat' dir='ltr'><strong>sumus.</strong></span> <span class='ocrx_word' id='word_1_653' title='bbox 2497 2045 2633 2112; x_wconf 91' lang='lat' dir='ltr'><strong>Quid</strong></span> <span class='ocrx_word' id='word_1_654' title='bbox 2676 2047 2815 2102; x_wconf 91' lang='lat' dir='ltr'><strong>enim</strong></span> <span class='ocrx_word' id='word_1_655' title='bbox 2848 2047 2987 2102; x_wconf 87' lang='lat' dir='ltr'><strong>illius</strong></span> <span class='ocrx_word' id='word_1_656' title='bbox 3029 2047 3281 2119; x_wconf 89' lang='lat' dir='ltr'><strong>pependit</strong></span> <span class='ocrx_word' id='word_1_657' title='bbox 3320 2049 3370 2102; x_wconf 93' lang='lat' dir='ltr'><strong>in</strong></span> <span class='ocrx_word' id='word_1_658' title='bbox 3412 2048 3574 2119; x_wconf 87' lang='lat' dir='ltr'><strong>ligno,</strong></span> 
     </span>
    </p>
   </div>
   <div class='ocr_carea' id='block_1_81' title="bbox 1993 2135 3580 2207">
    <p class='ocr_par' dir='ltr' id='par_1_81' title="bbox 1993 2135 3580 2207">
     <span class='ocr_line' id='line_1_81' title="bbox 1993 2135 3580 2207; baseline 0.003 -18"><span class='ocrx_word' id='word_1_659' title='bbox 1993 2136 2092 2189; x_wconf 91' lang='lat' dir='ltr'><strong>nisi</strong></span> <span class='ocrx_word' id='word_1_660' title='bbox 2125 2135 2264 2206; x_wconf 91' lang='lat' dir='ltr'><strong>quod</strong></span> <span class='ocrx_word' id='word_1_661' title='bbox 2293 2135 2360 2191; x_wconf 87' lang='lat' dir='ltr'><strong>de</strong></span> <span class='ocrx_word' id='word_1_662' title='bbox 2400 2136 2554 2191; x_wconf 91' lang='lat' dir='ltr'><strong>nobis</strong></span> <span class='ocrx_word' id='word_1_663' title='bbox 2593 2138 2828 2206; x_wconf 81' lang='lat' dir='ltr'><strong>accepit?</strong></span> <span class='ocrx_word' id='word_1_664' title='bbox 2874 2137 2941 2192; x_wconf 84' lang='lat' dir='ltr'><strong>Et</strong></span> <span class='ocrx_word' id='word_1_665' title='bbox 2981 2138 3121 2192; x_wconf 91' lang='lat' dir='ltr'><strong>unde</strong></span> <span class='ocrx_word' id='word_1_666' title='bbox 3158 2138 3270 2193; x_wconf 90' lang='lat' dir='ltr'><strong>ﬁeri</strong></span> <span class='ocrx_word' id='word_1_667' title='bbox 3317 2147 3491 2207; x_wconf 89' lang='lat' dir='ltr'><strong>potest</strong></span> <span class='ocrx_word' id='word_1_668' title='bbox 3521 2147 3580 2193; x_wconf 84' lang='lat' dir='ltr'><strong>ut</strong></span> 
     </span>
    </p>
   </div>
   <div class='ocr_carea' id='block_1_82' title="bbox 1991 2226 3577 2297">
    <p class='ocr_par' dir='ltr' id='par_1_82' title="bbox 1991 2226 3577 2297">
     <span class='ocr_line' id='line_1_82' title="bbox 1991 2226 3577 2297; baseline 0.003 -17"><span class='ocrx_word' id='word_1_669' title='bbox 1991 2226 2278 2297; x_wconf 90' lang='lat' dir='ltr'><strong>aliquando</strong></span> <span class='ocrx_word' id='word_1_670' title='bbox 2301 2227 2439 2282; x_wconf 91' lang='lat' dir='ltr'><strong>Deus</strong></span> <span class='ocrx_word' id='word_1_671' title='bbox 2479 2228 2637 2282; x_wconf 85' lang='lat' dir='ltr'><strong>Pater</strong></span> <span class='ocrx_word' id='word_1_672' title='bbox 2663 2227 2897 2282; x_wconf 90' lang='lat' dir='ltr'><strong>dimittat</strong></span> <span class='ocrx_word' id='word_1_673' title='bbox 2920 2238 2975 2284; x_wconf 91' lang='lat' dir='ltr'><strong>et</strong></span> <span class='ocrx_word' id='word_1_674' title='bbox 3003 2229 3218 2284; x_wconf 89' lang='lat' dir='ltr'><strong>deserat</strong></span> <span class='ocrx_word' id='word_1_675' title='bbox 3242 2229 3455 2283; x_wconf 90' lang='lat' dir='ltr'><strong>unicum</strong></span> <span class='ocrx_word' id='word_1_676' title='bbox 3485 2228 3577 2284; x_wconf 81' lang='lat' dir='ltr'><strong>Fi-</strong></span> 
     </span>
    </p>
   </div>
   <div class='ocr_carea' id='block_1_83' title="bbox 1995 2318 3575 2390">
    <p class='ocr_par' dir='ltr' id='par_1_83' title="bbox 1995 2318 3575 2390">
     <span class='ocr_line' id='line_1_83' title="bbox 1995 2318 3575 2390; baseline 0.003 -18"><span class='ocrx_word' id='word_1_677' title='bbox 1995 2318 2142 2383; x_wconf 90' lang='lat' dir='ltr'><strong>lium,</strong></span> <span class='ocrx_word' id='word_1_678' title='bbox 2175 2319 2262 2388; x_wconf 90' lang='lat' dir='ltr'><strong>qui</strong></span> <span class='ocrx_word' id='word_1_679' title='bbox 2295 2320 2476 2390; x_wconf 90' lang='lat' dir='ltr'><strong>utique</strong></span> <span class='ocrx_word' id='word_1_680' title='bbox 2517 2335 2635 2374; x_wconf 92' lang='lat' dir='ltr'><strong>cum</strong></span> <span class='ocrx_word' id='word_1_681' title='bbox 2669 2321 2758 2375; x_wconf 89' lang='lat' dir='ltr'><strong>illo</strong></span> <span class='ocrx_word' id='word_1_682' title='bbox 2789 2336 2924 2375; x_wconf 91' lang='lat' dir='ltr'><strong>unus</strong></span> <span class='ocrx_word' id='word_1_683' title='bbox 2955 2323 3095 2376; x_wconf 91' lang='lat' dir='ltr'><strong>Deus</strong></span> <span class='ocrx_word' id='word_1_684' title='bbox 3133 2322 3254 2376; x_wconf 90' lang='lat' dir='ltr'><strong>est?</strong></span> <span class='ocrx_word' id='word_1_685' title='bbox 3294 2321 3357 2376; x_wconf 87' lang='lat' dir='ltr'><strong>Et</strong></span> <span class='ocrx_word' id='word_1_686' title='bbox 3399 2330 3575 2376; x_wconf 86' lang='lat' dir='ltr'><strong>tamen</strong></span> 
     </span>
    </p>
   </div>
   <div class='ocr_carea' id='block_1_84' title="bbox 1994 2413 3576 2484">
    <p class='ocr_par' dir='ltr' id='par_1_84' title="bbox 1994 2413 3576 2484">
     <span class='ocr_line' id='line_1_84' title="bbox 1994 2413 3576 2484; baseline 0.003 -19"><span class='ocrx_word' id='word_1_687' title='bbox 1994 2422 2228 2466; x_wconf 91' lang='lat' dir='ltr'><strong>nostram</strong></span> <span class='ocrx_word' id='word_1_688' title='bbox 2257 2413 2614 2468; x_wconf 88' lang='lat' dir='ltr'><strong>inﬁrmitatem</strong></span> <span class='ocrx_word' id='word_1_689' title='bbox 2644 2413 2810 2484; x_wconf 89' lang='lat' dir='ltr'><strong>ﬁgens</strong></span> <span class='ocrx_word' id='word_1_690' title='bbox 2835 2415 2886 2469; x_wconf 93' lang='lat' dir='ltr'><strong>in</strong></span> <span class='ocrx_word' id='word_1_691' title='bbox 2913 2429 3091 2482; x_wconf 92' lang='lat' dir='ltr'><strong>cruce,</strong></span> <span class='ocrx_word' id='word_1_692' title='bbox 3132 2414 3218 2469; x_wconf 91' lang='lat' dir='ltr'><strong>ubi</strong></span> <span class='ocrx_word' id='word_1_693' title='bbox 3258 2425 3395 2468; x_wconf 82' lang='lat' dir='ltr'><strong>uetus</strong></span> <span class='ocrx_word' id='word_1_694' title='bbox 3424 2415 3576 2469; x_wconf 85' lang='lat' dir='ltr'><strong>homo</strong></span> 
     </span>
    </p>
   </div>
   <div class='ocr_carea' id='block_1_85' title="bbox 1994 2502 3578 2574">
    <p class='ocr_par' dir='ltr' id='par_1_85' title="bbox 1994 2502 3578 2574">
     <span class='ocr_line' id='line_1_85' title="bbox 1994 2502 3578 2574; baseline 0.001 -18"><span class='ocrx_word' id='word_1_695' title='bbox 1994 2511 2182 2570; x_wconf 84' lang='lat' dir='ltr'><strong>noster,</strong></span> <span class='ocrx_word' id='word_1_696' title='bbox 2217 2502 2354 2558; x_wconf 91' lang='lat' dir='ltr'><strong>sicut</strong></span> <span class='ocrx_word' id='word_1_697' title='bbox 2381 2502 2510 2558; x_wconf 91' lang='lat' dir='ltr'><strong>dicit</strong></span> <span class='ocrx_word' id='word_1_698' title='bbox 2555 2505 2864 2574; x_wconf 74' lang='lat' dir='ltr'><strong>Apostolus,</strong></span> <span class='ocrx_word' id='word_1_699' title='bbox 2913 2505 3143 2573; x_wconf 82' lang='lat' dir='ltr'><strong>conﬁxus</strong></span> <span class='ocrx_word' id='word_1_700' title='bbox 3184 2513 3256 2558; x_wconf 90' lang='lat' dir='ltr'><strong>est</strong></span> <span class='ocrx_word' id='word_1_701' title='bbox 3300 2505 3438 2558; x_wconf 85' lang='lat' dir='ltr'><strong>cruci</strong></span> <span class='ocrx_word' id='word_1_702' title='bbox 3461 2519 3578 2558; x_wconf 87' lang='lat' dir='ltr'><strong>cum</strong></span> 
     </span>
    </p>
   </div>
   <div class='ocr_carea' id='block_1_86' title="bbox 1995 2594 3578 2665">
    <p class='ocr_par' dir='ltr' id='par_1_86' title="bbox 1995 2594 3578 2665">
     <span class='ocr_line' id='line_1_86' title="bbox 1995 2594 3578 2665; baseline 0.002 -18"><span class='ocrx_word' id='word_1_703' title='bbox 1995 2594 2103 2659; x_wconf 88' lang='lat' dir='ltr'><strong>illo,</strong></span> <span class='ocrx_word' id='word_1_704' title='bbox 2150 2610 2218 2649; x_wconf 82' lang='lat' dir='ltr'><strong>ex</strong></span> <span class='ocrx_word' id='word_1_705' title='bbox 2269 2610 2400 2650; x_wconf 85' lang='lat' dir='ltr'><strong>voce</strong></span> <span class='ocrx_word' id='word_1_706' title='bbox 2441 2595 2605 2665; x_wconf 90' lang='lat' dir='ltr'><strong>ipsius</strong></span> <span class='ocrx_word' id='word_1_707' title='bbox 2650 2596 2882 2652; x_wconf 88' lang='lat' dir='ltr'><strong>hominis</strong></span> <span class='ocrx_word' id='word_1_708' title='bbox 2913 2598 3079 2652; x_wconf 90' lang='lat' dir='ltr'><strong>nostri</strong></span> <span class='ocrx_word' id='word_1_709' title='bbox 3122 2595 3406 2651; x_wconf 90' lang='lat' dir='ltr'><strong>clamavit:</strong></span> <span class='ocrx_word' id='word_1_710' title='bbox 3439 2595 3578 2650; x_wconf 87' lang='lat' dir='ltr'><strong>Deus</strong></span> 
     </span>
    </p>
   </div>
   <div class='ocr_carea' id='block_1_87' title="bbox 1993 2682 3574 2756">
    <p class='ocr_par' dir='ltr' id='par_1_87' title="bbox 1993 2682 3574 2756">
     <span class='ocr_line' id='line_1_87' title="bbox 1993 2682 3574 2756; baseline 0.002 -21"><span class='ocrx_word' id='word_1_711' title='bbox 1993 2699 2154 2747; x_wconf 89' lang='lat' dir='ltr'><strong>meus,</strong></span> <span class='ocrx_word' id='word_1_712' title='bbox 2186 2682 2322 2737; x_wconf 86' lang='lat' dir='ltr'><strong>Deus</strong></span> <span class='ocrx_word' id='word_1_713' title='bbox 2353 2700 2508 2748; x_wconf 86' lang='lat' dir='ltr'><strong>meus,</strong></span> <span class='ocrx_word' id='word_1_714' title='bbox 2539 2685 2714 2754; x_wconf 87' lang='lat' dir='ltr'><strong>utquid</strong></span> <span class='ocrx_word' id='word_1_715' title='bbox 2742 2701 2819 2738; x_wconf 89' lang='lat' dir='ltr'><strong>me</strong></span> <span class='ocrx_word' id='word_1_716' title='bbox 2843 2685 3144 2754; x_wconf 82' lang='lat' dir='ltr'><strong>deretiquisti</strong></span> <span class='ocrx_word' id='word_1_717' title='bbox 3173 2684 3342 2756; x_wconf 83' lang='lat' dir='ltr'><strong>(Psal.</strong></span> <span class='ocrx_word' id='word_1_718' title='bbox 3365 2701 3474 2750; x_wconf 75' lang='lat' dir='ltr'><strong>ut,</strong></span> <span class='ocrx_word' id='word_1_719' title='bbox 3503 2685 3574 2750; x_wconf 69' lang='lat'><strong>2;</strong></span> 
     </span>
    </p>
   </div>
   <div class='ocr_carea' id='block_1_88' title="bbox 1996 2773 3578 2847">
    <p class='ocr_par' dir='ltr' id='par_1_88' title="bbox 1996 2773 3578 2847">
     <span class='ocr_line' id='line_1_88' title="bbox 1996 2773 3578 2847; baseline 0.001 -19"><span class='ocrx_word' id='word_1_720' title='bbox 1996 2773 2182 2829; x_wconf 74' lang='lat' dir='ltr'><strong>llatt/t.</strong></span> <span class='ocrx_word' id='word_1_721' title='bbox 2214 2791 2378 2837; x_wconf 80' lang='lat' dir='ltr'><strong>xxvn,</strong></span> <span class='ocrx_word' id='word_1_722' title='bbox 2407 2776 2531 2846; x_wconf 65' lang='lat'><strong>46)?</strong></span> <span class='ocrx_word' id='word_1_723' title='bbox 2554 2775 2682 2830; x_wconf 85' lang='lat' dir='ltr'><strong>Illud</strong></span> <span class='ocrx_word' id='word_1_724' title='bbox 2706 2792 2833 2846; x_wconf 83' lang='lat' dir='ltr'><strong>ergo</strong></span> <span class='ocrx_word' id='word_1_725' title='bbox 2853 2786 2936 2832; x_wconf 89' lang='lat' dir='ltr'><strong>est</strong></span> <span class='ocrx_word' id='word_1_726' title='bbox 2960 2777 3276 2832; x_wconf 89' lang='lat' dir='ltr'><strong>sacriﬁcium</strong></span> <span class='ocrx_word' id='word_1_727' title='bbox 3307 2778 3578 2847; x_wconf 67' lang='lat' dir='ltr'><strong>vespertio</strong></span> 
     </span>
    </p>
   </div>
   <div class='ocr_carea' id='block_1_89' title="bbox 1995 2866 3582 2934">
    <p class='ocr_par' dir='ltr' id='par_1_89' title="bbox 1995 2866 3582 2934">
     <span class='ocr_line' id='line_1_89' title="bbox 1995 2866 3582 2934; baseline 0.002 -15"><span class='ocrx_word' id='word_1_728' title='bbox 1995 2882 2142 2932; x_wconf 90' lang='lat' dir='ltr'><strong>num,</strong></span> <span class='ocrx_word' id='word_1_729' title='bbox 2177 2866 2353 2934; x_wconf 86' lang='lat' dir='ltr'><strong>passio</strong></span> <span class='ocrx_word' id='word_1_730' title='bbox 2395 2867 2628 2932; x_wconf 87' lang='lat' dir='ltr'><strong>Domini,</strong></span> <span class='ocrx_word' id='word_1_731' title='bbox 2674 2884 2804 2922; x_wconf 77' lang='lat' dir='ltr'><strong>crux</strong></span> <span class='ocrx_word' id='word_1_732' title='bbox 2842 2867 3072 2932; x_wconf 91' lang='lat' dir='ltr'><strong>Domini,</strong></span> <span class='ocrx_word' id='word_1_733' title='bbox 3111 2869 3310 2922; x_wconf 88' lang='lat' dir='ltr'><strong>oblatio</strong></span> <span class='ocrx_word' id='word_1_734' title='bbox 3349 2868 3582 2922; x_wconf 69' lang='lat' dir='ltr'><strong>victima:</strong></span> 
     </span>
    </p>
   </div>
   <div class='ocr_carea' id='block_1_90' title="bbox 1994 2957 3582 3030">
    <p class='ocr_par' dir='ltr' id='par_1_90' title="bbox 1994 2957 3582 3030">
     <span class='ocr_line' id='line_1_90' title="bbox 1994 2957 3582 3030; baseline 0.001 -18"><span class='ocrx_word' id='word_1_735' title='bbox 1994 2957 2260 3024; x_wconf 88' lang='lat' dir='ltr'><strong>salutaris,</strong></span> <span class='ocrx_word' id='word_1_736' title='bbox 2309 2959 2675 3014; x_wconf 89' lang='lat' dir='ltr'><strong>holocaustum</strong></span> <span class='ocrx_word' id='word_1_737' title='bbox 2718 2971 2994 3030; x_wconf 90' lang='lat' dir='ltr'><strong>acceptum</strong></span> <span class='ocrx_word' id='word_1_738' title='bbox 3026 2960 3155 3015; x_wconf 93' lang='lat' dir='ltr'><strong>Deo.</strong></span> <span class='ocrx_word' id='word_1_739' title='bbox 3198 2960 3331 3015; x_wconf 85' lang='lat' dir='ltr'><strong>Illud</strong></span> <span class='ocrx_word' id='word_1_740' title='bbox 3371 2960 3582 3016; x_wconf 82' lang='lat' dir='ltr'><strong>sacriﬁ-</strong></span> 
     </span>
    </p>
   </div>
   <div class='ocr_carea' id='block_1_91' title="bbox 1993 3052 3583 3122">
    <p class='ocr_par' dir='ltr' id='par_1_91' title="bbox 1993 3052 3583 3122">
     <span class='ocr_line' id='line_1_91' title="bbox 1993 3052 3583 3122; baseline 0.001 -16"><span class='ocrx_word' id='word_1_741' title='bbox 1993 3052 2130 3106; x_wconf 84' lang='lat' dir='ltr'><strong>cium</strong></span> <span class='ocrx_word' id='word_1_742' title='bbox 2163 3053 2521 3122; x_wconf 86' lang='lat' dir='ltr'><strong>vespertinum</strong></span> <span class='ocrx_word' id='word_1_743' title='bbox 2546 3054 2666 3108; x_wconf 81' lang='lat' dir='ltr'><strong>fecit</strong></span> <span class='ocrx_word' id='word_1_744' title='bbox 2697 3053 2747 3107; x_wconf 92' lang='lat' dir='ltr'><strong>in</strong></span> <span class='ocrx_word' id='word_1_745' title='bbox 2776 3054 3169 3109; x_wconf 88' lang='lat' dir='ltr'><strong>resurrectione</strong></span> <span class='ocrx_word' id='word_1_746' title='bbox 3191 3069 3384 3108; x_wconf 90' lang='lat' dir='ltr'><strong>munus</strong></span> <span class='ocrx_word' id='word_1_747' title='bbox 3406 3062 3583 3108; x_wconf 83' lang='lat' dir='ltr'><strong>matu-</strong></span> 
     </span>
    </p>
   </div>
   <div class='ocr_carea' id='block_1_92' title="bbox 1994 3142 3581 3214">
    <p class='ocr_par' dir='ltr' id='par_1_92' title="bbox 1994 3142 3581 3214">
     <span class='ocr_line' id='line_1_92' title="bbox 1994 3142 3581 3214; baseline 0.003 -19"><span class='ocrx_word' id='word_1_748' title='bbox 1994 3142 2182 3196; x_wconf 90' lang='lat' dir='ltr'><strong>tinum.</strong></span> <span class='ocrx_word' id='word_1_749' title='bbox 2207 3143 2390 3197; x_wconf 89' lang='lat' dir='ltr'><strong>Oratio</strong></span> <span class='ocrx_word' id='word_1_750' title='bbox 2422 3159 2550 3214; x_wconf 87' lang='lat' dir='ltr'><strong>ergo</strong></span> <span class='ocrx_word' id='word_1_751' title='bbox 2580 3161 2709 3213; x_wconf 88' lang='lat' dir='ltr'><strong>pure</strong></span> <span class='ocrx_word' id='word_1_752' title='bbox 2737 3144 2936 3199; x_wconf 88' lang='lat' dir='ltr'><strong>directa</strong></span> <span class='ocrx_word' id='word_1_753' title='bbox 2975 3144 3043 3199; x_wconf 90' lang='lat' dir='ltr'><strong>de</strong></span> <span class='ocrx_word' id='word_1_754' title='bbox 3068 3145 3230 3200; x_wconf 90' lang='lat' dir='ltr'><strong>corde</strong></span> <span class='ocrx_word' id='word_1_755' title='bbox 3257 3143 3420 3212; x_wconf 85' lang='lat' dir='ltr'><strong>ﬁdeli,</strong></span> <span class='ocrx_word' id='word_1_756' title='bbox 3453 3152 3581 3200; x_wconf 85' lang='lat' dir='ltr'><strong>tan-</strong></span> 
     </span>
    </p>
   </div>
   <div class='ocr_carea' id='block_1_93' title="bbox 1993 3234 3582 3306">
    <p class='ocr_par' dir='ltr' id='par_1_93' title="bbox 1993 3234 3582 3306">
     <span class='ocr_line' id='line_1_93' title="bbox 1993 3234 3582 3306; baseline 0.001 -18"><span class='ocrx_word' id='word_1_757' title='bbox 1993 3251 2150 3305; x_wconf 85' lang='lat' dir='ltr'><strong>quam</strong></span> <span class='ocrx_word' id='word_1_758' title='bbox 2202 3235 2269 3290; x_wconf 85' lang='lat' dir='ltr'><strong>de</strong></span> <span class='ocrx_word' id='word_1_759' title='bbox 2327 3251 2415 3290; x_wconf 89' lang='lat' dir='ltr'><strong>ara</strong></span> <span class='ocrx_word' id='word_1_760' title='bbox 2482 3246 2664 3291; x_wconf 89' lang='lat' dir='ltr'><strong>sancta</strong></span> <span class='ocrx_word' id='word_1_761' title='bbox 2718 3236 2885 3306; x_wconf 87' lang='lat' dir='ltr'><strong>surgit</strong></span> <span class='ocrx_word' id='word_1_762' title='bbox 2945 3235 3239 3291; x_wconf 89' lang='lat' dir='ltr'><strong>incensum.</strong></span> <span class='ocrx_word' id='word_1_763' title='bbox 3303 3234 3442 3289; x_wconf 85' lang='lat' dir='ltr'><strong>Nihil</strong></span> <span class='ocrx_word' id='word_1_764' title='bbox 3497 3242 3582 3290; x_wconf 85' lang='lat' dir='ltr'><strong>est</strong></span> 
     </span>
    </p>
   </div>
   <div class='ocr_carea' id='block_1_94' title="bbox 1993 3326 3581 3399">
    <p class='ocr_par' dir='ltr' id='par_1_94' title="bbox 1993 3326 3581 3399">
     <span class='ocr_line' id='line_1_94' title="bbox 1993 3326 3581 3399; baseline 0.002 -19"><span class='ocrx_word' id='word_1_765' title='bbox 1993 3326 2360 3381; x_wconf 83' lang='lat' dir='ltr'><strong>delectabilius</strong></span> <span class='ocrx_word' id='word_1_766' title='bbox 2410 3326 2604 3381; x_wconf 76' lang='lat' dir='ltr'><strong>odore‘</strong></span> <span class='ocrx_word' id='word_1_767' title='bbox 2648 3326 2853 3382; x_wconf 90' lang='lat' dir='ltr'><strong>Domini</strong></span> <span class='ocrx_word' id='word_1_768' title='bbox 2888 3344 2901 3381; x_wconf 92' lang='lat'>:</span> <span class='ocrx_word' id='word_1_769' title='bbox 2932 3329 3008 3383; x_wconf 90' lang='lat' dir='ltr'><strong>sic</strong></span> <span class='ocrx_word' id='word_1_770' title='bbox 3048 3328 3226 3384; x_wconf 89' lang='lat' dir='ltr'><strong>oleant</strong></span> <span class='ocrx_word' id='word_1_771' title='bbox 3263 3342 3450 3384; x_wconf 90' lang='lat' dir='ltr'><strong>omnes</strong></span> <span class='ocrx_word' id='word_1_772' title='bbox 3488 3327 3581 3399; x_wconf 87' lang='lat' dir='ltr'><strong>qui</strong></span> 
     </span>
    </p>
   </div>
   <div class='ocr_carea' id='block_1_95' title="bbox 1993 3417 2237 3472">
    <p class='ocr_par' dir='ltr' id='par_1_95' title="bbox 1993 3417 2237 3472">
     <span class='ocr_line' id='line_1_95' title="bbox 1993 3417 2237 3472; baseline -0.012 -1"><span class='ocrx_word' id='word_1_773' title='bbox 1993 3417 2237 3472; x_wconf 89' lang='lat' dir='ltr'><strong>credunt.</strong></span> 
     </span>
    </p>
   </div>
   <div class='ocr_carea' id='block_1_96' title="bbox 2065 3507 3582 3580">
    <p class='ocr_par' dir='ltr' id='par_1_96' title="bbox 2065 3507 3582 3580">
     <span class='ocr_line' id='line_1_96' title="bbox 2065 3507 3582 3580; baseline 0.001 -17"><span class='ocrx_word' id='word_1_774' title='bbox 2065 3508 2117 3563; x_wconf 91' lang='lat'><strong>6.</strong></span> <span class='ocrx_word' id='word_1_775' title='bbox 2167 3527 2184 3559; x_wconf 70' lang='grc' dir='ltr'><strong>ε</strong></span> <span class='ocrx_word' id='word_1_776' title='bbox 2215 3507 2377 3563; x_wconf 84' lang='lat' dir='ltr'><strong>Vetus</strong></span> <span class='ocrx_word' id='word_1_777' title='bbox 2407 3527 2424 3560; x_wconf 78' lang='grc' dir='ltr'><strong><em>ι</em></strong></span> <span class='ocrx_word' id='word_1_778' title='bbox 2458 3524 2585 3579; x_wconf 89' lang='lat' dir='ltr'><strong>ergo</strong></span> <span class='ocrx_word' id='word_1_779' title='bbox 2616 3527 2633 3559; x_wconf 73' lang='grc' dir='ltr'>ι</span> <span class='ocrx_word' id='word_1_780' title='bbox 2666 3509 2825 3564; x_wconf 86' lang='lat' dir='ltr'><strong>homo</strong></span> <span class='ocrx_word' id='word_1_781' title='bbox 2856 3519 3056 3575; x_wconf 90' lang='lat' dir='ltr'><strong>noster,</strong></span> <span class='ocrx_word' id='word_1_782' title='bbox 3093 3528 3112 3562; x_wconf 68' lang='grc' dir='ltr'><strong><em>ι</em></strong></span> <span class='ocrx_word' id='word_1_783' title='bbox 3148 3511 3387 3580; x_wconf 82' lang='lat' dir='ltr'><strong>Apostoli</strong></span> <span class='ocrx_word' id='word_1_784' title='bbox 3416 3509 3582 3565; x_wconf 84' lang='lat' dir='ltr'><strong>verba</strong></span> 
     </span>
    </p>
   </div>
   <div class='ocr_carea' id='block_1_97' title="bbox 1994 3601 3578 3668">
    <p class='ocr_par' dir='ltr' id='par_1_97' title="bbox 1994 3601 3578 3668">
     <span class='ocr_line' id='line_1_97' title="bbox 1994 3601 3578 3668; baseline -0.001 -13"><span class='ocrx_word' id='word_1_785' title='bbox 1994 3609 2139 3665; x_wconf 89' lang='lat' dir='ltr'><strong>sunt,</strong></span> <span class='ocrx_word' id='word_1_786' title='bbox 2175 3618 2192 3650; x_wconf 83' lang='grc'><strong>‹</strong></span> <span class='ocrx_word' id='word_1_787' title='bbox 2227 3601 2465 3654; x_wconf 81' lang='lat' dir='ltr'><strong>contin</strong></span> <span class='ocrx_word' id='word_1_788' title='bbox 2487 3611 2566 3654; x_wconf 89' lang='lat' dir='ltr'><strong>est</strong></span> <span class='ocrx_word' id='word_1_789' title='bbox 2591 3602 2734 3655; x_wconf 90' lang='lat' dir='ltr'><strong>cruci</strong></span> <span class='ocrx_word' id='word_1_790' title='bbox 2761 3617 2881 3657; x_wconf 90' lang='lat' dir='ltr'><strong>cum</strong></span> <span class='ocrx_word' id='word_1_791' title='bbox 2913 3602 3033 3668; x_wconf 90' lang='lat' dir='ltr'><strong>illo;</strong></span> <span class='ocrx_word' id='word_1_792' title='bbox 3064 3609 3121 3656; x_wconf 87' lang='lat' dir='ltr'><strong>ut</strong></span> <span class='ocrx_word' id='word_1_793' title='bbox 3148 3612 3518 3668; x_wconf 88' lang='lat' dir='ltr'><strong>evacuaretur,</strong></span> <span class='ocrx_word' id='word_1_794' title='bbox 3554 3619 3578 3654; x_wconf 67' lang='grc' dir='ltr'><strong><em>ι</em></strong></span> 
     </span>
    </p>
   </div>
   <div class='ocr_carea' id='block_1_98' title="bbox 1996 3692 3584 3763">
    <p class='ocr_par' dir='ltr' id='par_1_98' title="bbox 1996 3692 3584 3763">
     <span class='ocr_line' id='line_1_98' title="bbox 1996 3692 3584 3763; baseline 0.001 -18"><span class='ocrx_word' id='word_1_795' title='bbox 1996 3692 2185 3760; x_wconf 88' lang='lat' dir='ltr'><strong>inquit,</strong></span> <span class='ocrx_word' id='word_1_796' title='bbox 2222 3709 2240 3742; x_wconf 86' lang='grc'><em>‹</em></span> <span class='ocrx_word' id='word_1_797' title='bbox 2270 3706 2462 3761; x_wconf 89' lang='lat' dir='ltr'><strong>corpus</strong></span> <span class='ocrx_word' id='word_1_798' title='bbox 2485 3694 2706 3760; x_wconf 89' lang='lat' dir='ltr'><strong>peccati,</strong></span> <span class='ocrx_word' id='word_1_799' title='bbox 2740 3701 2797 3746; x_wconf 92' lang='lat' dir='ltr'><strong>ut</strong></span> <span class='ocrx_word' id='word_1_800' title='bbox 2827 3694 2961 3747; x_wconf 91' lang='lat' dir='ltr'><strong>ultra</strong></span> <span class='ocrx_word' id='word_1_801' title='bbox 3000 3709 3106 3748; x_wconf 92' lang='lat' dir='ltr'><strong>non</strong></span> <span class='ocrx_word' id='word_1_802' title='bbox 3137 3695 3432 3748; x_wconf 88' lang='lat' dir='ltr'><strong>serviamus</strong></span> <span class='ocrx_word' id='word_1_803' title='bbox 3458 3708 3584 3763; x_wconf 87' lang='lat' dir='ltr'><strong>pec-</strong></span> 
     </span>
    </p>
   </div>
   <div class='ocr_carea' id='block_1_99' title="bbox 1995 3781 3586 3852">
    <p class='ocr_par' dir='ltr' id='par_1_99' title="bbox 1995 3781 3586 3852">
     <span class='ocr_line' id='line_1_99' title="bbox 1995 3781 3586 3852; baseline -0.001 -15"><span class='ocrx_word' id='word_1_804' title='bbox 1995 3793 2112 3837; x_wconf 91' lang='lat' dir='ltr'><strong>cato</strong></span> <span class='ocrx_word' id='word_1_805' title='bbox 2141 3800 2158 3833; x_wconf 76' lang='grc' dir='ltr'><strong><em>ι</em></strong></span> <span class='ocrx_word' id='word_1_806' title='bbox 2196 3782 2370 3852; x_wconf 83' lang='lat' dir='ltr'><strong>(Rom.</strong></span> <span class='ocrx_word' id='word_1_807' title='bbox 2399 3799 2470 3847; x_wconf 71' lang='grc' dir='ltr'><strong>γι,</strong></span> <span class='ocrx_word' id='word_1_808' title='bbox 2495 3783 2571 3848; x_wconf 86' lang='grc'><strong>6).</strong></span> <span class='ocrx_word' id='word_1_809' title='bbox 2606 3781 2731 3836; x_wconf 89' lang='lat' dir='ltr'><strong>lude</strong></span> <span class='ocrx_word' id='word_1_810' title='bbox 2770 3793 2824 3836; x_wconf 89' lang='lat' dir='ltr'><strong>et</strong></span> <span class='ocrx_word' id='word_1_811' title='bbox 2872 3784 2924 3836; x_wconf 91' lang='lat' dir='ltr'><strong>in</strong></span> <span class='ocrx_word' id='word_1_812' title='bbox 2973 3783 3089 3851; x_wconf 92' lang='lat' dir='ltr'><strong>ipso</strong></span> <span class='ocrx_word' id='word_1_813' title='bbox 3117 3784 3321 3851; x_wconf 91' lang='lat' dir='ltr'><strong>psalmo</strong></span> <span class='ocrx_word' id='word_1_814' title='bbox 3349 3798 3468 3837; x_wconf 91' lang='lat' dir='ltr'><strong>cum</strong></span> <span class='ocrx_word' id='word_1_815' title='bbox 3499 3781 3586 3836; x_wconf 86' lang='lat' dir='ltr'><strong>di-</strong></span> 
     </span>
    </p>
   </div>
   <div class='ocr_carea' id='block_1_100' title="bbox 1996 3871 3582 3941">
    <p class='ocr_par' dir='ltr' id='par_1_100' title="bbox 1996 3871 3582 3941">
     <span class='ocr_line' id='line_1_100' title="bbox 1996 3871 3582 3941; baseline -0.001 -14"><span class='ocrx_word' id='word_1_816' title='bbox 1996 3882 2137 3927; x_wconf 90' lang='lat' dir='ltr'><strong>ctum</strong></span> <span class='ocrx_word' id='word_1_817' title='bbox 2169 3880 2330 3934; x_wconf 90' lang='lat' dir='ltr'><strong>esset,</strong></span> <span class='ocrx_word' id='word_1_818' title='bbox 2367 3890 2383 3921; x_wconf 78' lang='grc' dir='ltr'>ι</span> <span class='ocrx_word' id='word_1_819' title='bbox 2419 3871 2557 3925; x_wconf 86' lang='lat' dir='ltr'><strong>Deus</strong></span> <span class='ocrx_word' id='word_1_820' title='bbox 2581 3886 2750 3936; x_wconf 87' lang='lat' dir='ltr'><strong>meus,</strong></span> <span class='ocrx_word' id='word_1_821' title='bbox 2785 3872 2924 3926; x_wconf 91' lang='lat' dir='ltr'><strong>Deus</strong></span> <span class='ocrx_word' id='word_1_822' title='bbox 2963 3885 3134 3935; x_wconf 90' lang='lat' dir='ltr'><strong>meus,</strong></span> <span class='ocrx_word' id='word_1_823' title='bbox 3177 3872 3359 3941; x_wconf 92' lang='lat' dir='ltr'><strong>utquid</strong></span> <span class='ocrx_word' id='word_1_824' title='bbox 3383 3872 3582 3926; x_wconf 65' lang='lat' dir='ltr'><strong>derelio</strong></span> 
     </span>
    </p>
   </div>
   <div class='ocr_carea' id='block_1_101' title="bbox 1997 3963 3583 4034">
    <p class='ocr_par' dir='ltr' id='par_1_101' title="bbox 1997 3963 3583 4034">
     <span class='ocr_line' id='line_1_101' title="bbox 1997 3963 3583 4034; baseline 0.002 -19"><span class='ocrx_word' id='word_1_825' title='bbox 1997 3965 2154 4034; x_wconf 80' lang='lat' dir='ltr'><strong>quiSli</strong></span> <span class='ocrx_word' id='word_1_826' title='bbox 2203 3979 2308 4030; x_wconf 92' lang='lat' dir='ltr'><strong>me,</strong></span> <span class='ocrx_word' id='word_1_827' title='bbox 2343 3963 2497 4032; x_wconf 86' lang='lat' dir='ltr'><strong>longe</strong></span> <span class='ocrx_word' id='word_1_828' title='bbox 2527 3978 2556 4017; x_wconf 92' lang='lat' dir='ltr'><strong>a</strong></span> <span class='ocrx_word' id='word_1_829' title='bbox 2603 3963 2773 4017; x_wconf 90' lang='lat' dir='ltr'><strong>salute</strong></span> <span class='ocrx_word' id='word_1_830' title='bbox 2815 3978 2968 4028; x_wconf 89' lang='lat' dir='ltr'><strong>mea;</strong></span> <span class='ocrx_word' id='word_1_831' title='bbox 3002 3983 3021 4014; x_wconf 74' lang='grc' dir='ltr'><strong><em>ι</em></strong></span> <span class='ocrx_word' id='word_1_832' title='bbox 3058 3963 3236 4016; x_wconf 90' lang='lat' dir='ltr'><strong>statim</strong></span> <span class='ocrx_word' id='word_1_833' title='bbox 3282 3964 3583 4032; x_wconf 81' lang='lat' dir='ltr'><strong>subjectum</strong></span> 
     </span>
    </p>
   </div>
   <div class='ocr_carea' id='block_1_102' title="bbox 1996 4053 3582 4122">
    <p class='ocr_par' dir='ltr' id='par_1_102' title="bbox 1996 4053 3582 4122">
     <span class='ocr_line' id='line_1_102' title="bbox 1996 4053 3582 4122; baseline -0.001 -11"><span class='ocrx_word' id='word_1_834' title='bbox 1996 4065 2094 4119; x_wconf 86' lang='lat' dir='ltr'><strong>est,</strong></span> <span class='ocrx_word' id='word_1_835' title='bbox 2135 4074 2151 4106; x_wconf 75' lang='grc' dir='ltr'>ι</span> <span class='ocrx_word' id='word_1_836' title='bbox 2184 4054 2356 4110; x_wconf 82' lang='lat' dir='ltr'><strong>Verba</strong></span> <span class='ocrx_word' id='word_1_837' title='bbox 2391 4053 2704 4108; x_wconf 88' lang='lat' dir='ltr'><strong>delictorum</strong></span> <span class='ocrx_word' id='word_1_838' title='bbox 2737 4069 2998 4108; x_wconf 88' lang='lat' dir='ltr'><strong>meorum.</strong></span> <span class='ocrx_word' id='word_1_839' title='bbox 3035 4074 3055 4106; x_wconf 74' lang='grc' dir='ltr'><strong><em>ι</em></strong></span> <span class='ocrx_word' id='word_1_840' title='bbox 3089 4054 3324 4122; x_wconf 91' lang='lat' dir='ltr'><strong>Quorum</strong></span> <span class='ocrx_word' id='word_1_841' title='bbox 3352 4053 3582 4109; x_wconf 90' lang='lat' dir='ltr'><strong>delicto-</strong></span> 
     </span>
    </p>
   </div>
   <div class='ocr_carea' id='block_1_103' title="bbox 1999 4143 3582 4215">
    <p class='ocr_par' dir='ltr' id='par_1_103' title="bbox 1999 4143 3582 4215">
     <span class='ocr_line' id='line_1_103' title="bbox 1999 4143 3582 4215; baseline -0.001 -14"><span class='ocrx_word' id='word_1_842' title='bbox 1999 4162 2137 4213; x_wconf 90' lang='lat' dir='ltr'><strong>rum,</strong></span> <span class='ocrx_word' id='word_1_843' title='bbox 2173 4146 2218 4200; x_wconf 90' lang='lat' dir='ltr'><strong>si</strong></span> <span class='ocrx_word' id='word_1_844' title='bbox 2248 4155 2404 4215; x_wconf 89' lang='lat' dir='ltr'><strong>capnt</strong></span> <span class='ocrx_word' id='word_1_845' title='bbox 2433 4144 2718 4199; x_wconf 87' lang='lat' dir='ltr'><strong>attendas?</strong></span> <span class='ocrx_word' id='word_1_846' title='bbox 2761 4144 2825 4200; x_wconf 82' lang='lat' dir='ltr'><strong>Et</strong></span> <span class='ocrx_word' id='word_1_847' title='bbox 2849 4153 3025 4199; x_wconf 91' lang='lat' dir='ltr'><strong>tamen</strong></span> <span class='ocrx_word' id='word_1_848' title='bbox 3066 4145 3183 4214; x_wconf 87' lang='lat' dir='ltr'><strong>ejus</strong></span> <span class='ocrx_word' id='word_1_849' title='bbox 3211 4143 3374 4198; x_wconf 79' lang='lat' dir='ltr'><strong>fuisse</strong></span> <span class='ocrx_word' id='word_1_850' title='bbox 3397 4159 3582 4200; x_wconf 89' lang='lat' dir='ltr'><strong>vocem</strong></span> 
     </span>
    </p>
   </div>
   <div class='ocr_carea' id='block_1_104' title="bbox 1999 4236 3581 4309">
    <p class='ocr_par' dir='ltr' id='par_1_104' title="bbox 1999 4236 3581 4309">
     <span class='ocr_line' id='line_1_104' title="bbox 1999 4236 3581 4309; baseline -0.001 -16"><span class='ocrx_word' id='word_1_851' title='bbox 1999 4240 2050 4293; x_wconf 93' lang='lat' dir='ltr'><strong>in</strong></span> <span class='ocrx_word' id='word_1_852' title='bbox 2076 4237 2300 4309; x_wconf 89' lang='lat' dir='ltr'><strong>psalmo,</strong></span> <span class='ocrx_word' id='word_1_853' title='bbox 2327 4238 2438 4308; x_wconf 90' lang='lat' dir='ltr'><strong>ipse</strong></span> <span class='ocrx_word' id='word_1_854' title='bbox 2461 4245 2682 4291; x_wconf 90' lang='lat' dir='ltr'><strong>testatus</strong></span> <span class='ocrx_word' id='word_1_855' title='bbox 2703 4245 2785 4290; x_wconf 91' lang='lat' dir='ltr'><strong>est</strong></span> <span class='ocrx_word' id='word_1_856' title='bbox 2814 4237 2865 4291; x_wconf 93' lang='lat' dir='ltr'><strong>in</strong></span> <span class='ocrx_word' id='word_1_857' title='bbox 2887 4251 3066 4304; x_wconf 89' lang='lat' dir='ltr'><strong>cruce,</strong></span> <span class='ocrx_word' id='word_1_858' title='bbox 3100 4237 3213 4307; x_wconf 85' lang='lat' dir='ltr'><strong>ipsa</strong></span> <span class='ocrx_word' id='word_1_859' title='bbox 3235 4236 3397 4291; x_wconf 85' lang='lat' dir='ltr'><strong>verba</strong></span> <span class='ocrx_word' id='word_1_860' title='bbox 3425 4238 3581 4306; x_wconf 81' lang='lat' dir='ltr'><strong>dixit,</strong></span> 
     </span>
    </p>
   </div>
   <div class='ocr_carea' id='block_1_105' title="bbox 2000 4327 3585 4400">
    <p class='ocr_par' dir='ltr' id='par_1_105' title="bbox 2000 4327 3585 4400">
     <span class='ocr_line' id='line_1_105' title="bbox 2000 4327 3585 4400; baseline -0.001 -15"><span class='ocrx_word' id='word_1_861' title='bbox 2000 4331 2171 4400; x_wconf 89' lang='lat' dir='ltr'><strong>ipsum</strong></span> <span class='ocrx_word' id='word_1_862' title='bbox 2201 4343 2414 4383; x_wconf 86' lang='lat' dir='ltr'><strong>versum</strong></span> <span class='ocrx_word' id='word_1_863' title='bbox 2435 4327 2811 4398; x_wconf 88' lang='lat' dir='ltr'><strong>pronuntiavit.</strong></span> <span class='ocrx_word' id='word_1_864' title='bbox 2842 4327 2959 4382; x_wconf 87' lang='lat' dir='ltr'><strong>Non</strong></span> <span class='ocrx_word' id='word_1_865' title='bbox 2988 4337 3071 4384; x_wconf 91' lang='lat' dir='ltr'><strong>est</strong></span> <span class='ocrx_word' id='word_1_866' title='bbox 3097 4329 3313 4384; x_wconf 89' lang='lat' dir='ltr'><strong>relictus</strong></span> <span class='ocrx_word' id='word_1_867' title='bbox 3337 4327 3585 4384; x_wconf 75' lang='lat' dir='ltr'><strong>humana:</strong></span> 
     </span>
    </p>
   </div>
   <div class='ocr_carea' id='block_1_106' title="bbox 1999 4420 3586 4492">
    <p class='ocr_par' dir='ltr' id='par_1_106' title="bbox 1999 4420 3586 4492">
     <span class='ocr_line' id='line_1_106' title="bbox 1999 4420 3586 4492; baseline -0.001 -15"><span class='ocrx_word' id='word_1_868' title='bbox 1999 4421 2321 4492; x_wconf 66' lang='lat' dir='ltr'><strong>conjectum</strong></span> <span class='ocrx_word' id='word_1_869' title='bbox 2351 4421 2520 4485; x_wconf 89' lang='lat' dir='ltr'><strong>locus,</strong></span> <span class='ocrx_word' id='word_1_870' title='bbox 2555 4420 2731 4476; x_wconf 91' lang='lat' dir='ltr'><strong>nullus</strong></span> <span class='ocrx_word' id='word_1_871' title='bbox 2758 4420 2983 4492; x_wconf 83' lang='lat' dir='ltr'><strong>negandi</strong></span> <span class='ocrx_word' id='word_1_872' title='bbox 3006 4420 3182 4476; x_wconf 92' lang='lat' dir='ltr'><strong>aditus</strong></span> <span class='ocrx_word' id='word_1_873' title='bbox 3210 4422 3586 4492; x_wconf 83' lang='lat' dir='ltr'><strong>qualicumque</strong></span> 
     </span>
    </p>
   </div>
   <div class='ocr_carea' id='block_1_107' title="bbox 1999 4513 3580 4583">
    <p class='ocr_par' dir='ltr' id='par_1_107' title="bbox 1999 4513 3580 4583">
     <span class='ocr_line' id='line_1_107' title="bbox 1999 4513 3580 4583; baseline -0.001 -13"><span class='ocrx_word' id='word_1_874' title='bbox 1999 4515 2306 4580; x_wconf 85' lang='lat' dir='ltr'><strong>christiano.</strong></span> <span class='ocrx_word' id='word_1_875' title='bbox 2325 4513 2476 4580; x_wconf 79' lang='lat' dir='ltr'><strong>Quod</strong></span> <span class='ocrx_word' id='word_1_876' title='bbox 2500 4513 2615 4583; x_wconf 85' lang='lat' dir='ltr'><strong>lego</strong></span> <span class='ocrx_word' id='word_1_877' title='bbox 2643 4513 2694 4566; x_wconf 91' lang='lat' dir='ltr'><strong>in</strong></span> <span class='ocrx_word' id='word_1_878' title='bbox 2727 4514 2952 4583; x_wconf 86' lang='lat' dir='ltr'><strong>psalmo,</strong></span> <span class='ocrx_word' id='word_1_879' title='bbox 2981 4513 3083 4570; x_wconf 89' lang='lat' dir='ltr'><strong>hoc</strong></span> <span class='ocrx_word' id='word_1_880' title='bbox 3105 4513 3261 4569; x_wconf 90' lang='lat' dir='ltr'><strong>audio</strong></span> <span class='ocrx_word' id='word_1_881' title='bbox 3282 4529 3312 4568; x_wconf 88' lang='lat' dir='ltr'><strong>a</strong></span> <span class='ocrx_word' id='word_1_882' title='bbox 3337 4515 3580 4570; x_wconf 85' lang='lat' dir='ltr'><strong>Domino.</strong></span> 
     </span>
    </p>
   </div>
   <div class='ocr_carea' id='block_1_108' title="bbox 2002 4605 3587 4676">
    <p class='ocr_par' dir='ltr' id='par_1_108' title="bbox 2002 4605 3587 4676">
     <span class='ocr_line' id='line_1_108' title="bbox 2002 4605 3587 4676; baseline 0 -14"><span class='ocrx_word' id='word_1_883' title='bbox 2002 4608 2056 4662; x_wconf 92' lang='lat' dir='ltr'><strong>ln</strong></span> <span class='ocrx_word' id='word_1_884' title='bbox 2097 4608 2213 4676; x_wconf 93' lang='lat' dir='ltr'><strong>ipso</strong></span> <span class='ocrx_word' id='word_1_885' title='bbox 2260 4607 2420 4662; x_wconf 90' lang='lat' dir='ltr'><strong>etiam</strong></span> <span class='ocrx_word' id='word_1_886' title='bbox 2473 4605 2677 4674; x_wconf 91' lang='lat' dir='ltr'><strong>psalmo</strong></span> <span class='ocrx_word' id='word_1_887' title='bbox 2727 4620 2959 4676; x_wconf 87' lang='lat' dir='ltr'><strong>agnosco</strong></span> <span class='ocrx_word' id='word_1_888' title='bbox 3003 4607 3142 4676; x_wconf 88' lang='lat' dir='ltr'><strong>quod</strong></span> <span class='ocrx_word' id='word_1_889' title='bbox 3190 4607 3242 4661; x_wconf 91' lang='lat' dir='ltr'><strong>in</strong></span> <span class='ocrx_word' id='word_1_890' title='bbox 3299 4607 3587 4676; x_wconf 83' lang='lat' dir='ltr'><strong>Evangelio</strong></span> 
     </span>
    </p>
   </div>
   <div class='ocr_carea' id='block_1_109' title="bbox 2002 4698 3588 4770">
    <p class='ocr_par' dir='ltr' id='par_1_109' title="bbox 2002 4698 3588 4770">
     <span class='ocr_line' id='line_1_109' title="bbox 2002 4698 3588 4770; baseline 0 -17"><span class='ocrx_word' id='word_1_891' title='bbox 2002 4700 2118 4770; x_wconf 84' lang='lat' dir='ltr'><strong>lego</strong></span> <span class='ocrx_word' id='word_1_892' title='bbox 2148 4716 2159 4751; x_wconf 93' lang='lat'><strong><em>:</em></strong></span> <span class='ocrx_word' id='word_1_893' title='bbox 2196 4717 2213 4750; x_wconf 85' lang='grc'><strong>‹</strong></span> <span class='ocrx_word' id='word_1_894' title='bbox 2244 4698 2516 4753; x_wconf 85' lang='lat' dir='ltr'><strong>Fuderunt</strong></span> <span class='ocrx_word' id='word_1_895' title='bbox 2546 4713 2734 4753; x_wconf 88' lang='lat' dir='ltr'><strong>manus</strong></span> <span class='ocrx_word' id='word_1_896' title='bbox 2773 4713 2940 4764; x_wconf 89' lang='lat' dir='ltr'><strong>meas,</strong></span> <span class='ocrx_word' id='word_1_897' title='bbox 2982 4708 3034 4753; x_wconf 90' lang='lat' dir='ltr'><strong>et</strong></span> <span class='ocrx_word' id='word_1_898' title='bbox 3063 4699 3257 4769; x_wconf 86' lang='lat' dir='ltr'><strong>pedes;</strong></span> <span class='ocrx_word' id='word_1_899' title='bbox 3283 4698 3588 4754; x_wconf 83' lang='lat' dir='ltr'><strong>dinumera-</strong></span> 
     </span>
    </p>
   </div>
   <div class='ocr_carea' id='block_1_110' title="bbox 2001 4787 3584 4858">
    <p class='ocr_par' dir='ltr' id='par_1_110' title="bbox 2001 4787 3584 4858">
     <span class='ocr_line' id='line_1_110' title="bbox 2001 4787 3584 4858; baseline 0 -15"><span class='ocrx_word' id='word_1_900' title='bbox 2001 4799 2192 4845; x_wconf 89' lang='lat' dir='ltr'><strong>verunt</strong></span> <span class='ocrx_word' id='word_1_901' title='bbox 2234 4790 2412 4843; x_wconf 89' lang='lat' dir='ltr'><strong>omnia</strong></span> <span class='ocrx_word' id='word_1_902' title='bbox 2456 4804 2577 4845; x_wconf 87' lang='lat' dir='ltr'><strong>ossa</strong></span> <span class='ocrx_word' id='word_1_903' title='bbox 2617 4803 2752 4844; x_wconf 91' lang='lat' dir='ltr'><strong>mea.</strong></span> <span class='ocrx_word' id='word_1_904' title='bbox 2805 4787 2905 4858; x_wconf 82' lang='lat' dir='ltr'><strong>ipsi</strong></span> <span class='ocrx_word' id='word_1_905' title='bbox 2937 4803 3064 4842; x_wconf 90' lang='lat' dir='ltr'><strong>vero</strong></span> <span class='ocrx_word' id='word_1_906' title='bbox 3092 4787 3584 4856; x_wconf 81' lang='lat' dir='ltr'><strong>consideraverunt,</strong></span> 
     </span>
    </p>
   </div>
   <div class='ocr_carea' id='block_1_111' title="bbox 2003 4878 3583 4952">
    <p class='ocr_par' dir='ltr' id='par_1_111' title="bbox 2003 4878 3583 4952">
     <span class='ocr_line' id='line_1_111' title="bbox 2003 4878 3583 4952; baseline -0.002 -15"><span class='ocrx_word' id='word_1_907' title='bbox 2003 4889 2056 4937; x_wconf 91' lang='lat' dir='ltr'><strong>et</strong></span> <span class='ocrx_word' id='word_1_908' title='bbox 2077 4889 2468 4952; x_wconf 83' lang='lat' dir='ltr'><strong>conspexerunt</strong></span> <span class='ocrx_word' id='word_1_909' title='bbox 2495 4896 2613 4945; x_wconf 91' lang='lat' dir='ltr'><strong>me;</strong></span> <span class='ocrx_word' id='word_1_910' title='bbox 2647 4880 2940 4935; x_wconf 88' lang='lat' dir='ltr'><strong>diviserunt</strong></span> <span class='ocrx_word' id='word_1_911' title='bbox 2969 4878 3070 4932; x_wconf 89' lang='lat' dir='ltr'><strong>sibi</strong></span> <span class='ocrx_word' id='word_1_912' title='bbox 3098 4880 3409 4934; x_wconf 90' lang='lat' dir='ltr'><strong>vestimenta</strong></span> <span class='ocrx_word' id='word_1_913' title='bbox 3440 4896 3583 4945; x_wconf 85' lang='lat' dir='ltr'><strong>mea,</strong></span> 
     </span>
    </p>
   </div>
   <div class='ocr_carea' id='block_1_112' title="bbox 2002 4970 3586 5042">
    <p class='ocr_par' dir='ltr' id='par_1_112' title="bbox 2002 4970 3586 5042">
     <span class='ocr_line' id='line_1_112' title="bbox 2002 4970 3586 5042; baseline -0.001 -15"><span class='ocrx_word' id='word_1_914' title='bbox 2002 4981 2055 5027; x_wconf 81' lang='lat' dir='ltr'><strong>et</strong></span> <span class='ocrx_word' id='word_1_915' title='bbox 2077 4985 2238 5042; x_wconf 89' lang='lat' dir='ltr'><strong>super</strong></span> <span class='ocrx_word' id='word_1_916' title='bbox 2268 4981 2470 5028; x_wconf 89' lang='lat' dir='ltr'><strong>vestem</strong></span> <span class='ocrx_word' id='word_1_917' title='bbox 2500 4987 2673 5027; x_wconf 89' lang='lat' dir='ltr'><strong>meam</strong></span> <span class='ocrx_word' id='word_1_918' title='bbox 2699 4971 2958 5026; x_wconf 89' lang='lat' dir='ltr'><strong>miserunt</strong></span> <span class='ocrx_word' id='word_1_919' title='bbox 2986 4980 3187 5026; x_wconf 89' lang='lat' dir='ltr'><strong>sortem</strong></span> <span class='ocrx_word' id='word_1_920' title='bbox 3215 4991 3233 5023; x_wconf 71' lang='grc' dir='ltr'><strong><em>ι</em></strong></span> <span class='ocrx_word' id='word_1_921' title='bbox 3269 4970 3438 5041; x_wconf 86' lang='lat' dir='ltr'><strong>(Psat.</strong></span> <span class='ocrx_word' id='word_1_922' title='bbox 3469 4989 3586 5040; x_wconf 76' lang='lat' dir='ltr'><strong>ut,</strong></span> 
     </span>
    </p>
   </div>
   <div class='ocr_carea' id='block_1_113' title="bbox 2004 5062 3586 5136">
    <p class='ocr_par' dir='ltr' id='par_1_113' title="bbox 2004 5062 3586 5136">
     <span class='ocr_line' id='line_1_113' title="bbox 2004 5062 3586 5136; baseline 0 -16"><span class='ocrx_word' id='word_1_923' title='bbox 2004 5065 2219 5136; x_wconf 71' lang='lat'><strong>17-19).</strong></span> <span class='ocrx_word' id='word_1_924' title='bbox 2263 5065 2390 5121; x_wconf 67' lang='lat' dir='ltr'><strong>Htec</strong></span> <span class='ocrx_word' id='word_1_925' title='bbox 2428 5063 2602 5119; x_wconf 77' lang='lat' dir='ltr'><strong>omnia</strong></span> <span class='ocrx_word' id='word_1_926' title='bbox 2649 5064 2787 5118; x_wconf 87' lang='lat' dir='ltr'><strong>sicut</strong></span> <span class='ocrx_word' id='word_1_927' title='bbox 2813 5062 3084 5133; x_wconf 65' lang='lat' dir='ltr'><strong>praedicta,</strong></span> <span class='ocrx_word' id='word_1_928' title='bbox 3129 5064 3197 5118; x_wconf 90' lang='lat' dir='ltr'><strong>ita</strong></span> <span class='ocrx_word' id='word_1_929' title='bbox 3240 5065 3405 5128; x_wconf 78' lang='lat' dir='ltr'><strong>facta;</strong></span> <span class='ocrx_word' id='word_1_930' title='bbox 3449 5065 3586 5121; x_wconf 88' lang='lat' dir='ltr'><strong>sicut</strong></span> 
     </span>
    </p>
   </div>
   <div class='ocr_carea' id='block_1_114' title="bbox 2002 5154 3587 5228">
    <p class='ocr_par' dir='ltr' id='par_1_114' title="bbox 2002 5154 3587 5228">
     <span class='ocr_line' id='line_1_114' title="bbox 2002 5154 3587 5228; baseline 0 -15"><span class='ocrx_word' id='word_1_931' title='bbox 2002 5158 2321 5225; x_wconf 89' lang='lat' dir='ltr'><strong>audivimus,</strong></span> <span class='ocrx_word' id='word_1_932' title='bbox 2359 5160 2428 5212; x_wconf 91' lang='lat' dir='ltr'><strong>ita</strong></span> <span class='ocrx_word' id='word_1_933' title='bbox 2468 5165 2523 5212; x_wconf 91' lang='lat' dir='ltr'><strong>et</strong></span> <span class='ocrx_word' id='word_1_934' title='bbox 2561 5155 2787 5210; x_wconf 90' lang='lat' dir='ltr'><strong>vidimus</strong></span> <span class='ocrx_word' id='word_1_935' title='bbox 2831 5154 3000 5226; x_wconf 84' lang='lat' dir='ltr'><strong>(Psal.</strong></span> <span class='ocrx_word' id='word_1_936' title='bbox 3044 5171 3205 5221; x_wconf 59' lang='grc' dir='ltr'><strong>χιλίη,</strong></span> <span class='ocrx_word' id='word_1_937' title='bbox 3247 5157 3324 5226; x_wconf 89' lang='lat'><strong>9).</strong></span> <span class='ocrx_word' id='word_1_938' title='bbox 3363 5157 3503 5228; x_wconf 76' lang='lat' dir='ltr'><strong>Ergo</strong></span> <span class='ocrx_word' id='word_1_939' title='bbox 3539 5160 3587 5213; x_wconf 87' lang='lat' dir='ltr'><strong>si</strong></span> 
     </span>
    </p>
   </div>
   <div class='ocr_carea' id='block_1_115' title="bbox 2005 5248 3588 5320">
    <p class='ocr_par' dir='ltr' id='par_1_115' title="bbox 2005 5248 3588 5320">
     <span class='ocr_line' id='line_1_115' title="bbox 2005 5248 3588 5320; baseline -0.001 -13"><span class='ocrx_word' id='word_1_940' title='bbox 2005 5252 2258 5307; x_wconf 87' lang='lat' dir='ltr'><strong>Dominus</strong></span> <span class='ocrx_word' id='word_1_941' title='bbox 2290 5259 2471 5304; x_wconf 90' lang='lat' dir='ltr'><strong>noster</strong></span> <span class='ocrx_word' id='word_1_942' title='bbox 2495 5249 2648 5305; x_wconf 83' lang='lat' dir='ltr'><strong>Jcsus</strong></span> <span class='ocrx_word' id='word_1_943' title='bbox 2673 5248 2914 5304; x_wconf 91' lang='lat' dir='ltr'><strong>Christus</strong></span> <span class='ocrx_word' id='word_1_944' title='bbox 2943 5263 3040 5304; x_wconf 91' lang='lat' dir='ltr'><strong>nos</strong></span> <span class='ocrx_word' id='word_1_945' title='bbox 3067 5249 3297 5320; x_wconf 87' lang='lat' dir='ltr'><strong>ﬁgurans</strong></span> <span class='ocrx_word' id='word_1_946' title='bbox 3323 5251 3375 5306; x_wconf 92' lang='lat' dir='ltr'><strong>in</strong></span> <span class='ocrx_word' id='word_1_947' title='bbox 3407 5252 3588 5306; x_wconf 86' lang='lat' dir='ltr'><strong>chari-</strong></span> 
     </span>
    </p>
   </div>
   <div class='ocr_carea' id='block_1_116' title="bbox 2006 5341 3582 5412">
    <p class='ocr_par' dir='ltr' id='par_1_116' title="bbox 2006 5341 3582 5412">
     <span class='ocr_line' id='line_1_116' title="bbox 2006 5341 3582 5412; baseline -0.003 -12"><span class='ocrx_word' id='word_1_948' title='bbox 2006 5355 2114 5400; x_wconf 89' lang='lat' dir='ltr'><strong>tate</strong></span> <span class='ocrx_word' id='word_1_949' title='bbox 2153 5342 2396 5412; x_wconf 89' lang='lat' dir='ltr'><strong>corporis</strong></span> <span class='ocrx_word' id='word_1_950' title='bbox 2434 5343 2538 5405; x_wconf 91' lang='lat' dir='ltr'><strong>sui,</strong></span> <span class='ocrx_word' id='word_1_951' title='bbox 2569 5341 2811 5411; x_wconf 90' lang='lat' dir='ltr'><strong>quamvis</strong></span> <span class='ocrx_word' id='word_1_952' title='bbox 2859 5349 3002 5396; x_wconf 91' lang='lat' dir='ltr'><strong>esset</strong></span> <span class='ocrx_word' id='word_1_953' title='bbox 3043 5341 3155 5411; x_wconf 91' lang='lat' dir='ltr'><strong>ipse</strong></span> <span class='ocrx_word' id='word_1_954' title='bbox 3187 5342 3304 5397; x_wconf 88' lang='lat' dir='ltr'><strong>sine</strong></span> <span class='ocrx_word' id='word_1_955' title='bbox 3345 5351 3582 5412; x_wconf 88' lang='lat' dir='ltr'><strong>peccato,</strong></span> 
     </span>
    </p>
   </div>
   <div class='ocr_carea' id='block_1_117' title="bbox 1987 5433 3586 5499">
    <p class='ocr_par' dir='ltr' id='par_1_117' title="bbox 1987 5433 3586 5499">
     <span class='ocr_line' id='line_1_117' title="bbox 1987 5433 3586 5499; baseline -0.003 -8"><span class='ocrx_word' id='word_1_956' title='bbox 1987 5437 2156 5499; x_wconf 79' lang='lat' dir='ltr'><strong>dixit,</strong></span> <span class='ocrx_word' id='word_1_957' title='bbox 2195 5435 2356 5490; x_wconf 81' lang='lat' dir='ltr'><strong>Verba</strong></span> <span class='ocrx_word' id='word_1_958' title='bbox 2392 5434 2690 5488; x_wconf 86' lang='lat' dir='ltr'><strong>delictorum</strong></span> <span class='ocrx_word' id='word_1_959' title='bbox 2725 5449 2984 5498; x_wconf 87' lang='lat' dir='ltr'><strong>meorum;</strong></span> <span class='ocrx_word' id='word_1_960' title='bbox 3013 5433 3146 5488; x_wconf 80' lang='lat' dir='ltr'><strong>dixit</strong></span> <span class='ocrx_word' id='word_1_961' title='bbox 3177 5443 3355 5489; x_wconf 86' lang='lat' dir='ltr'><strong>autem</strong></span> <span class='ocrx_word' id='word_1_962' title='bbox 3387 5434 3486 5494; x_wconf 85' lang='lat' dir='ltr'><strong>hoc</strong></span> <span class='ocrx_word' id='word_1_963' title='bbox 3519 5449 3586 5488; x_wconf 78' lang='lat' dir='ltr'><strong>ex</strong></span> 
     </span>
    </p>
   </div>
   <div class='ocr_carea' id='block_1_118' title="bbox 2006 5525 3587 5601">
    <p class='ocr_par' dir='ltr' id='par_1_118' title="bbox 2006 5525 3587 5601">
     <span class='ocr_line' id='line_1_118' title="bbox 2006 5525 3587 5601; baseline -0.003 -16"><span class='ocrx_word' id='word_1_964' title='bbox 2006 5544 2228 5601; x_wconf 89' lang='lat' dir='ltr'><strong>persona</strong></span> <span class='ocrx_word' id='word_1_965' title='bbox 2253 5529 2494 5598; x_wconf 90' lang='lat' dir='ltr'><strong>corporis</strong></span> <span class='ocrx_word' id='word_1_966' title='bbox 2521 5527 2601 5581; x_wconf 91' lang='lat' dir='ltr'><strong>sui</strong></span> <span class='ocrx_word' id='word_1_967' title='bbox 2629 5545 2641 5580; x_wconf 88' lang='lat'><strong>:</strong></span> <span class='ocrx_word' id='word_1_968' title='bbox 2670 5527 2786 5594; x_wconf 88' lang='lat' dir='ltr'><strong>quis</strong></span> <span class='ocrx_word' id='word_1_969' title='bbox 2813 5527 2974 5581; x_wconf 89' lang='lat' dir='ltr'><strong>audet</strong></span> <span class='ocrx_word' id='word_1_970' title='bbox 3003 5527 3056 5581; x_wconf 92' lang='lat' dir='ltr'><strong>in</strong></span> <span class='ocrx_word' id='word_1_971' title='bbox 3085 5527 3338 5582; x_wconf 88' lang='lat' dir='ltr'><strong>membris</strong></span> <span class='ocrx_word' id='word_1_972' title='bbox 3365 5526 3480 5594; x_wconf 89' lang='lat' dir='ltr'><strong>ejus</strong></span> <span class='ocrx_word' id='word_1_973' title='bbox 3503 5525 3587 5580; x_wconf 85' lang='lat' dir='ltr'><strong>di-</strong></span> 
     </span>
    </p>
   </div>
   <div class='ocr_carea' id='block_1_119' title="bbox 2005 5619 3587 5690">
    <p class='ocr_par' dir='ltr' id='par_1_119' title="bbox 2005 5619 3587 5690">
     <span class='ocr_line' id='line_1_119' title="bbox 2005 5619 3587 5690; baseline 0.001 -13"><span class='ocrx_word' id='word_1_974' title='bbox 2005 5637 2126 5678; x_wconf 91' lang='lat' dir='ltr'><strong>cere</strong></span> <span class='ocrx_word' id='word_1_975' title='bbox 2155 5636 2256 5676; x_wconf 90' lang='lat' dir='ltr'><strong>non</strong></span> <span class='ocrx_word' id='word_1_976' title='bbox 2286 5636 2344 5676; x_wconf 89' lang='lat' dir='ltr'><strong>se</strong></span> <span class='ocrx_word' id='word_1_977' title='bbox 2376 5619 2570 5675; x_wconf 87' lang='lat' dir='ltr'><strong>habere</strong></span> <span class='ocrx_word' id='word_1_978' title='bbox 2600 5629 2898 5690; x_wconf 89' lang='lat' dir='ltr'><strong>peccatum,</strong></span> <span class='ocrx_word' id='word_1_979' title='bbox 2923 5619 3022 5673; x_wconf 86' lang='lat' dir='ltr'><strong>nisi</strong></span> <span class='ocrx_word' id='word_1_980' title='bbox 3043 5619 3130 5687; x_wconf 91' lang='lat' dir='ltr'><strong>qui</strong></span> <span class='ocrx_word' id='word_1_981' title='bbox 3159 5619 3314 5673; x_wconf 81' lang='lat' dir='ltr'><strong>fuerit</strong></span> <span class='ocrx_word' id='word_1_982' title='bbox 3341 5633 3500 5673; x_wconf 85' lang='lat' dir='ltr'><strong>ausus</strong></span> <span class='ocrx_word' id='word_1_983' title='bbox 3524 5633 3587 5678; x_wconf 77' lang='lat' dir='ltr'><strong>sl</strong></span> 
     </span>
    </p>
   </div>
   <div class='ocr_carea' id='block_1_120' title="bbox 2007 5708 3585 5782">
    <p class='ocr_par' dir='ltr' id='par_1_120' title="bbox 2007 5708 3585 5782">
     <span class='ocr_line' id='line_1_120' title="bbox 2007 5708 3585 5782; baseline 0 -16"><span class='ocrx_word' id='word_1_984' title='bbox 2007 5713 2152 5767; x_wconf 72' lang='lat' dir='ltr'><strong>falsae</strong></span> <span class='ocrx_word' id='word_1_985' title='bbox 2178 5712 2394 5782; x_wconf 68' lang='lat' dir='ltr'><strong>justitiae</strong></span> <span class='ocrx_word' id='word_1_986' title='bbox 2438 5711 2654 5766; x_wconf 89' lang='lat' dir='ltr'><strong>nomine</strong></span> <span class='ocrx_word' id='word_1_987' title='bbox 2685 5710 2895 5776; x_wconf 74' lang='lat' dir='ltr'><strong>efferre,</strong></span> <span class='ocrx_word' id='word_1_988' title='bbox 2935 5718 2987 5765; x_wconf 89' lang='lat' dir='ltr'><strong>et</strong></span> <span class='ocrx_word' id='word_1_989' title='bbox 3028 5708 3296 5765; x_wconf 81' lang='lat' dir='ltr'><strong>Christum</strong></span> <span class='ocrx_word' id='word_1_990' title='bbox 3343 5709 3585 5773; x_wconf 78' lang='lat' dir='ltr'><strong>falsitatis</strong></span> 
     </span>
    </p>
   </div>
   <div class='ocr_carea' id='block_1_121' title="bbox 2074 5825 2630 5890">
    <p class='ocr_par' dir='ltr' id='par_1_121' title="bbox 2074 5825 2630 5890">
     <span class='ocr_line' id='line_1_121' title="bbox 2074 5825 2630 5890; baseline 0.002 -13"><span class='ocrx_word' id='word_1_991' title='bbox 2074 5829 2088 5860; x_wconf 77' lang='grc'>³</span> <span class='ocrx_word' id='word_1_992' title='bbox 2117 5826 2280 5877; x_wconf 83' lang='lat' dir='ltr'><strong>Plures</strong></span> <span class='ocrx_word' id='word_1_993' title='bbox 2303 5835 2426 5890; x_wconf 71' lang='lat' dir='ltr'><strong>\Ess.,</strong></span> <span class='ocrx_word' id='word_1_994' title='bbox 2451 5825 2630 5878; x_wconf 77' lang='lat' dir='ltr'><strong>odoris.</strong></span> 
     </span>
    </p>
   </div>
  </div>
