4084 6442
491 354 633 415 1819

484 468 956 543 argttereiFaterc
986 482 1133 538 ergo,
1163 480 1194 520 ο
1220 463 1537 527 membrum,
1568 460 1707 532 quod
1742 474 1837 530 pro
1868 468 1917 513 te
1946 470 2071 527 pro-

484 563 749 619 nuntiavit
792 570 951 632 caput
991 569 1158 615 tuum.
1203 557 1356 626 Quod
1410 565 1466 611 ut
1504 554 1784 618 fateamur,
1832 550 1972 622 quod
2016 560 2078 604 ut

484 657 763 723 faciamus,
787 670 884 709 nec
915 652 1373 722 nosjustillcemus
1394 657 1517 705 ante
1543 656 1890 717 conspectum
1910 644 2077 699 solius

478 748 628 819 justi,
660 744 1017 817 quijustilicat
1038 744 1257 813 impium
1286 740 1460 814 (Rom.
1493 756 1565 806 tv,
1598 738 1690 811 5);
1724 735 2076 805 su‘bjecitjam

484 844 566 896 sui
616 840 860 910 corporis
908 851 1138 893 vocem:
1174 838 1336 901 Pone,
1386 834 1621 899 Domine,
1672 832 1953 887 custodiam
2000 830 2076 884 ori

482 951 615 1001 meo,
643 941 690 987 et
724 932 907 986 ostium
932 930 1255 985 continentiae
1289 930 1425 983 circa
1448 927 1584 981 labia
1614 942 1743 979 mea.
1777 924 1889 977 Non
1918 922 2071 986 dixit,

481 1028 774 1081 claustrum
804 1024 1182 1088 contiuentim;
1211 1021 1323 1085 sed,
1356 1020 1559 1074 ostium.
1587 1017 1793 1073 Ostium
1816 1024 1873 1071 et
1898 1014 2078 1084 aperi-

485 1130 568 1174 tur
598 1130 650 1174 et
679 1118 945 1173 clauditur
974 1136 986 1170 :
1016 1132 1155 1186 ergo
1183 1116 1228 1170 si
1264 1114 1461 1169 ostium
1489 1121 1591 1175 est,
1626 1120 1679 1165 et
1707 1110 1993 1181 aperiatur,
2023 1116 2079 1163 et

482 1210 794 1275 claudatur;
842 1210 1112 1279 aperiatur
1139 1206 1206 1261 ad
1234 1205 1631 1261 confessionem
1663 1201 1887 1271 peccati,
1923 1200 2077 1255 clau-

483 1300 641 1355 datur
679 1300 745 1355 ad
772 1300 1170 1355 excusationem
1212 1296 1434 1368 peccati.
1465 1295 1537 1350 ita
1576 1294 1718 1350 enim
1755 1293 1857 1348 erit
1881 1290 2077 1347 ostium

487 1385 851 1455 contiucntim,
886 1406 991 1445 non
1020 1390 1206 1444 ruiotn.

558 1484 609 1537 7.
653 1482 787 1549 Quid
829 1482 971 1536 enim
996 1480 1150 1536 nobis
1192 1479 1409 1550 prodest
1444 1478 1545 1534 hoc
1573 1478 1769 1533 ostium
1798 1476 2077 1532 contineno

487 1573 613 1627 tite?
641 1572 768 1643 quid
798 1581 913 1627 orat
933 1588 996 1627 ex
1027 1586 1250 1642 persona
1285 1571 1527 1641 corporis
1556 1568 1843 1624 Christus?
1873 1567 1939 1622 Ut
1976 1584 2079 1622 non

486 1664 724 1729 declines,
758 1664 948 1733 inquit,
978 1681 1066 1718 cor
1090 1679 1254 1716 meum
1277 1664 1330 1716 in
1361 1663 1506 1717 verba
1533 1662 1776 1731 maligna.
1806 1660 1944 1728 Quid
1973 1668 2075 1724 est,

484 1771 571 1809 eor
592 1772 754 1810 meum
774 1757 800 1809 Σ)
818 1755 925 1810 Cor
946 1754 1200 1809 Ecclesiae
1218 1768 1373 1821 meae,
1391 1768 1485 1807 cor
1501 1752 1679 1821 utique
1698 1752 1940 1820 corporis
1953 1750 2075 1805 mei.

484 1846 661 1903 Verba
706 1848 795 1903 illa
836 1846 1096 1903 attendite
1130 1847 1218 1902 ubi
1250 1846 1403 1901 nobis
1445 1844 1623 1914 regula
1659 1844 1855 1914 figitur,
1898 1843 2077 1912 Saule,

486 1938 669 2006 Soule,
708 1940 831 2011 quid
872 1956 952 1995 me
985 1940 1295 2010 persequeris
1330 1940 1469 2008 (Act.
1510 1954 1588 2004 ix,
1618 1937 1715 2008 4)?
1741 1952 1861 1993 cum
1905 1936 2078 2007 ipsum

487 2048 646 2089 nemo
678 2033 956 2103 tetigisset.
1008 2052 1027 2085 t
1059 2032 1292 2098 Esurivi,
1341 2041 1397 2087 et
1423 2031 1638 2086 oibastis
1673 2046 1791 2095 me;
1821 2031 1984 2095 sitivi,
2026 2038 2081 2085 et

488 2123 1086 2203 potmndedistismihi
1121 2142 1134 2177 :
1170 2141 1190 2175 ι
1229 2133 1283 2177 et
1306 2132 1518 2177 caetera.
1553 2123 1618 2176 Et
1646 2122 1721 2175 illi
1753 2138 1765 2175 :
1804 2138 1823 2173 ι
1855 2121 2080 2189 Quando

485 2225 539 2272 te
560 2217 789 2272 vidimus
807 2217 1132 2272 esurientem
1158 2226 1247 2271 aut
1267 2216 1571 2272 sitientem?
1603 2236 1619 2267 ι
1649 2216 1713 2269 Ει
1738 2215 1859 2270 ille:
1900 2234 1919 2266 ι
1946 2213 2079 2270 Cum

486 2312 577 2365 nui
592 2327 655 2365 ex
673 2311 908 2366 minimis
926 2311 1061 2366 meis
1078 2310 1297 2376 fecistis,
1314 2309 1441 2363 mihi
1456 2308 1659 2364 fecistis
1681 2328 1699 2360 ι
1719 2307 1928 2377 (Matth.
1948 2324 2075 2375 xxv,

485 2403 575 2470 '55,
600 2404 687 2470 57,
707 2402 819 2471 d0).
850 2402 973 2456 llaec
991 2400 1306 2457 Christianis
1325 2402 1572 2455 inusitata
1593 2415 1712 2454 esse
1729 2414 1833 2453 non
1858 2398 2075 2467 debent,

484 2494 715 2547 maxime
738 2493 790 2546 in
820 2492 1010 2563 quibus
1038 2492 1235 2562 regula:
1274 2492 1392 2546 fixa:
1419 2500 1543 2546 sunt
1576 2501 1631 2545 et
1656 2500 1969 2545 cancrorum
2000 2491 2080 2544 ina

484 2583 927 2652 teiiigettdOrum;
959 2592 1013 2639 et
1032 2592 1125 2638 aut
1151 2599 1257 2638 non
1295 2583 1790 2645 turbabuntur,-aut
1819 2584 1924 2637 cito
1950 2599 2075 2639 cor-

482 2675 741 2743 rigentur.
787 2673 937 2729 Sicut
963 2689 1091 2743 ergo
1133 2674 1205 2728 ibi
1234 2675 1424 2728 dicturi
1472 2683 1595 2729 sunt
1619 2674 1749 2743 justi
1782 2691 1796 2727 :
1832 2674 2075 2743 Domine,

482 2779 648 2834 quare
696 2764 897 2830 dixisti,
948 2764 1174 2831 Esnrirt',
1220 2777 1266 2819 et
1306 2766 1515 2820 dedistis
1560 2766 1685 2817 mihi
1725 2766 2076 2820 manducare?

482 2857 689 2927 quattdo
716 2856 931 2909 vidimus
956 2868 1003 2909 te
1021 2858 1365 2909 esurientem?
1395 2866 1443 2910 ct
1476 2857 1564 2910 ille
1593 2872 1947 2925 responsurus
1971 2865 2072 2921 est,

485 2947 612 3001 Cum
646 2948 735 3001 uni
765 2958 829 3002 ea:
866 2948 1091 3001 minimis
1113 2949 1234 3003 meis
1264 2950 1473 3017 fecistis,
1503 2949 1627 3001 mihi
1652 2949 1876 3017 fecistis;
1921 2950 1998 3004 sic
2023 2959 2077 3005 et

485 3037 573 3094 hic
596 3038 834 3094 dicamus
856 3040 873 3070 ί
901 3038 1115 3094 Christo
1153 3040 1315 3107 intus,
1362 3041 1414 3094 itt
1445 3041 1695 3095 interiore
1722 3042 1935 3096 homine
1974 3058 2072 3099 no-

483 3137 617 3195 stro,
653 3130 741 3201 qui
763 3129 833 3185 ibi
866 3140 962 3200 per
1002 3130 1161 3186 fidem
1198 3131 1438 3186 habitare
1472 3132 1717 3202 dignatur
1747 3132 1964 3203 (Ephes.
1994 3151 2071 3202 ιιι,

482 3219 594 3291 Π).
623 3220 741 3276 Non
767 3221 910 3276 cnim
933 3220 1127 3276 absens
1147 3231 1229 3277 est
1253 3237 1282 3275 a
1309 3222 1549 3287 nobis,et
1574 3239 1678 3277 non
1709 3233 1792 3278 est
1816 3225 1901 3278 cui
1932 3224 2076 3279 dica-

484 3324 772 3379 mus,cum
805 3315 919 3383 ipse
943 3314 1085 3370 dicat
1113 3334 1126 3369 :
1154 3314 1285 3370 Ecce
1310 3332 1400 3386 ego
1426 3317 1675 3371 vobiscum
1700 3334 1808 3370 sum
1830 3334 1985 3388 usque
2006 3318 2076 3371 ad

484 3406 967 3460 consummationem
1002 3406 1174 3460 seculi
1202 3407 1416 3477 (Matth.
1450 3425 1636 3473 xxvut,
1666 3409 1781 3477 20).
1832 3410 2077 3469 Dicamus

485 3504 619 3567 ergo
660 3496 733 3550 illi
761 3505 957 3562 etuas,
989 3498 1239 3567 quoniam
1276 3508 1461 3553 vocem
1500 3499 1616 3568 ejus
1646 3500 1697 3553 iu
1740 3501 1840 3553 hoc
1870 3501 2074 3569 psalmo

487 3588 793 3658 accepimus
821 3607 835 3643 :
862 3588 977 3658 ejus
1015 3590 1157 3644 enim
1205 3604 1311 3645 vox
1355 3600 1454 3655 est,
1510 3590 1650 3658 quod
1696 3606 1855 3645 nemo
1896 3600 2071 3661 negat,

493 3701 512 3734 ι
554 3681 797 3737 Eicvatio
848 3697 1098 3737 manuum
1150 3697 1388 3737 mearum
1436 3680 1755 3735 sacrificium
1812 3684 2075 3752 vesperti-

488 3780 636 3829 num.
668 3793 688 3826 ι
718 3773 813 3829 Dic
841 3788 971 3844 ergo
996 3782 1390 3843 consequenter
1419 3791 1430 3827 :
1467 3792 1486 3824 ι
1523 3774 1691 3838 Pone,
1719 3773 1959 3840 Domine,
1984 3789 2077 3828 cu-

490 3866 716 3921 stodiam
746 3866 827 3922 ori
856 3880 1000 3931 meo,
1029 3874 1085 3920 et
1117 3866 1312 3921 ostium
1344 3866 1685 3921 continentia:
1707 3866 1907 3921 circum
1940 3865 2074 3920 labia

488 3971 606 4011 mea
627 3974 641 4023 ;
665 3965 725 4011 ut
754 3972 863 4011 non
885 3956 1123 4012 declines
1151 3971 1245 4011 cor
1265 3972 1442 4012 meum
1473 3957 1527 4011 in
1548 3956 1706 4012 verba
1734 3957 1981 4027 maligna.
2009 3956 2077 4014 ad

485 4050 817 4105 excusandas
836 4051 1209 4107 excusationes
1225 4050 1277 4104 in
1301 4051 1555 4120 peccatis.
1588 4069 1605 4101 ι
1639 4049 1811 4118 Quare
1833 4051 1908 4104 sic
1929 4061 2070 4117 oras,

488 4141 758 4197 Domine?
787 4157 907 4213 qua:
936 4150 1153 4212 peccata
1204 4149 1291 4197 tua
1316 4150 1663 4197 excusaturus
1705 4143 1800 4198 es?
1829 4142 2075 4212 Respon-

485 4233 599 4301 det,
632 4233 765 4288 Cum
801 4249 973 4289 unum
1007 4249 1070 4290 ex
1115 4234 1370 4289 membris
1409 4236 1546 4289 meis
1589 4234 1667 4288 sic
1692 4244 1829 4299 orat,
1860 4249 1959 4304 ego
1998 4235 2078 4289 sic

487 4339 623 4381 oro:
646 4326 786 4381 sicut
813 4328 883 4383 ibi
914 4327 1209 4397 respondit,
1252 4326 1377 4382 Cum
1404 4328 1492 4381 uni
1514 4343 1577 4383 ea:
1606 4328 1825 4384 minimis
1846 4330 1969 4382 meis
1997 4331 2075 4399 fe-

489 4416 650 4481 cistis,
685 4417 807 4469 mihi
838 4416 1044 4487 fecistis.

562 4508 617 4565 8'.
657 4507 791 4564 Cum
826 4516 1005 4564 autem
1031 4523 1138 4565 non
1178 4510 1498 4566 declinatum
1531 4510 1689 4566 fuerit
1720 4526 1813 4566 cor
1850 4520 2016 4575 tuum,
2042 4525 2077 4566 ο

490 4600 790 4657 membrum
817 4599 1035 4669 Christi,
1062 4616 1184 4656 cum
1214 4616 1308 4657 cor
1332 4610 1481 4656 tuum
1523 4616 1627 4656 non
1670 4601 1828 4657 fuerit
1854 4602 2080 4657 declina.

492 4701 604 4748 tum
631 4710 651 4745 ι
681 4693 733 4747 in
761 4693 923 4749 verba
964 4692 1212 4764 maligna,
1239 4692 1304 4748 ad
1344 4692 1678 4749 excusandas
1706 4695 2079 4751 excusationes

492 4787 545 4842 in
576 4788 827 4858 peccatis,
851 4802 975 4843 cum
1006 4787 1309 4843 hominibus
1335 4787 1683 4858 cperantibus
1706 4788 2075 4860 iniquitatem;

488 4886 544 4932 et
568 4893 672 4933 non
705 4899 725 4932 ι
749 4878 1083 4934 eombinabis
1109 4898 1127 4932 ι
1159 4892 1278 4935 cum
1302 4878 1489 4934 electis
1518 4892 1723 4934 eorum.
1753 4898 1773 4932 ι
1804 4880 1917 4936 Hoc
1936 4881 2078 4937 enim

490 4972 769 5041 sequitur:
805 4991 824 5024 ε
860 4972 925 5027 Et
953 4986 1058 5027 non
1098 4971 1417 5028 combioabo
1450 4984 1573 5027 cum
1597 4972 1781 5028 electis
1815 4987 2023 5028 eorum.
2056 4992 2075 5025 ι

489 5062 589 5128 Qui
629 5072 754 5119 sunt
798 5064 954 5121 eiecti
985 5065 1216 5121 eorum?
1264 5065 1363 5133 Qui
1404 5066 1609 5136 seipsos
1635 5064 1947 5136 justificant.
1980 5068 2080 5135 Qui

490 5162 617 5209 sunt
656 5156 811 5211 eiecti
846 5158 1071 5213 eorum?
1100 5158 1201 5227 Qui
1246 5158 1345 5213 sibi
1370 5158 1500 5228 justi
1536 5158 1803 5226 videntur,
1850 5169 1905 5216 et
1950 5175 2080 5216 con-

494 5256 740 5301 temnunt
767 5258 1011 5315 caeteros,
1035 5250 1171 5304 sicut
1192 5247 1485 5319 pharisaeus
1506 5250 1596 5306 ille
1617 5251 1668 5305 in
1698 5251 1899 5321 templo
1919 5251 2079 5307 dixit:

492 5337 657 5403 Dens,
688 5338 877 5408 gratias
902 5356 997 5411 ago
1025 5342 1133 5407 tibi,
1160 5342 1282 5412 quia
1308 5358 1409 5397 non
1428 5359 1540 5397 sum
1567 5344 1697 5397 sicut
1720 5345 1889 5398 ueteri
1914 5345 2082 5399 homi-

494 5447 584 5484 nes
614 5428 764 5503 (Luc.
784 5444 935 5497 xvnt,
956 5432 1068 5502 il).
1098 5432 1199 5500 Qui
1228 5444 1351 5488 sunt
1378 5434 1530 5490 electi
1550 5450 1738 5490 eorum
1759 5433 1782 5488 ?
1807 5434 1909 5488 Hic
1935 5436 2083 5491 homo

496 5525 542 5577 si
566 5525 811 5596 prapheta
838 5533 983 5593 esset,
1016 5526 1163 5580 sciret
1189 5540 1301 5596 qua:
1339 5530 1519 5583 mulier
1562 5529 1638 5583 illi
1666 5531 1875 5584 accessit
1900 5531 1968 5583 ad
1998 5544 2085 5599 pe-

490 5616 599 5672 des.
632 5617 934 5687 Agnoscitis
971 5633 1157 5674 vocem
1200 5618 1419 5675 alterius
1450 5620 1716 5689 pharisaei,
1771 5622 1860 5691 qui
1907 5621 2087 5677 Domi-

491 5780 582 5891 “;
612 5779 744 5843 Edd.,
780 5780 831 5830 in
859 5778 1067 5832 Christo.
1109 5776 1411 5839 Particulam,
1455 5777 1524 5842 in,
1550 5791 1648 5830 non
1691 5790 1864 5831 omnes
1904 5779 2089 5835 habent

1726 346 1783 403 S.
1822 336 2188 401 AUGUSTINi
2230 340 2527 401 EPISCOPI

3636 344 3771 405 i890

2184 472 2312 511 num
2340 457 2677 523 invitaverat,
2703 454 2916 527 quando
2962 454 3153 512 mulier
3181 456 3271 511 illa
3300 471 3421 528 qute
3457 468 3574 514 erat
3603 460 3656 516 io
3693 466 3775 517 ci-

2182 548 2344 604 vitate
2366 550 2652 619 peccatrix,
2692 549 2838 604 venit
2866 557 2921 605 et
2948 549 3176 604 accessit
3198 549 3264 604 ad
3297 550 3464 620 pcdcs
3493 553 3651 623 ejus?
3683 558 3777 611 Illa

2184 639 2470 709 impudica,
2508 639 2773 711 quondam
2802 640 3040 697 frontosa
3081 641 3147 696 ad
3176 641 3601 712 fornicationem,
3632 648 3781 702 fron-

2185 735 2352 789 tosior
2366 734 2429 788 ad
2451 734 2709 799 salutem,
2730 734 2920 804 irrupit
2945 735 2997 789 in
3025 734 3242 790 domum
3272 734 3517 790 alienam.
3547 737 3656 794 Sed
3686 740 3782 793 ille

2185 825 2275 896 qui
2308 825 2381 879 ibi
2412 825 2797 892 discumbebat,
2831 842 2935 881 non
2968 834 3085 881 erat
3113 827 3339 882 alienus.
3373 828 3489 884 Non
3519 842 3783 887 extranea

2184 917 2477 987 quemlibet
2506 919 2806 983 convivam,
2838 918 2933 973 sed
2957 920 3154 977 ancilla
3195 920 3476 975 Dominum
3505 936 3665 976 suum
3691 939 3788 978 se-

2184 1018 2304 1067 cuta
2347 1020 2449 1065 est.
2494 1011 2737 1066 Accessit
2764 1010 2831 1065 ad
2861 1011 3043 1081 pedes,
3074 1012 3197 1081 quia
3229 1012 3345 1082 ejus
3375 1016 3593 1084 vestigia
3624 1019 3785 1086 sequi

2184 1104 2461 1174 Cupiebat;
2493 1104 2621 1158 lavit
2647 1104 2916 1175 lacrymis,
2950 1106 3102 1160 tersit
3127 1105 3355 1175 capillis.
3386 1106 3555 1163 Pedes
3574 1109 3784 1165 Christi

2184 1197 2274 1267 qui
2309 1206 2454 1261 sunt,
2487 1197 2587 1254 nisi
2619 1213 2715 1267 per
2749 1212 2884 1267 quos
2928 1200 3232 1269 peragravit
3258 1208 3429 1256 totum
3479 1203 3784 1259 mundum?

2187 1287 2353 1355 Quam
2380 1290 2589 1359 speciosi
2618 1290 2771 1359 pedes
2803 1306 2977 1345 eorum
3003 1293 3089 1361 qui
3130 1293 3433 1347 annuntiant
3461 1311 3657 1364 pacem,
3689 1297 3789 1365 qui

2184 1382 2486 1436 annuntiant
2513 1380 2644 1435 bona
2671 1382 2822 1451 (lsui.
2848 1398 2936 1447 LII,
2960 1384 2991 1437 7
3016 1398 3029 1448 ;
3053 1381 3204 1438 Rom.
3233 1400 3287 1450 x,
3316 1386 3434 1455 l5)!
3458 1385 3631 1443 Pedes
3650 1404 3791 1459 ergo

2188 1474 2399 1531 Domini
2430 1476 2621 1545 quanti
2644 1484 3015 1545 susceperunt,
3049 1487 3102 1530 ut
3128 1478 3469 1548 suscipiendo
3490 1480 3694 1550 justum
3727 1485 3790 1539 in

2187 1568 2403 1622 nomine
2422 1567 2571 1637 justi,
2600 1568 2904 1624 mercedem
2934 1569 3055 1638 iusti
3084 1571 3421 1640 acciperent;
3449 1582 3504 1628 et
3526 1588 3795 1645 suscepe-

2186 1669 2311 1712 runt
2348 1658 2661 1729 prophetam
2696 1660 2749 1714 in
2787 1660 3004 1716 nomine
3032 1661 3327 1730 prophetae,
3363 1672 3423 1718 ut
3471 1667 3791 1723 mercedem

2189 1751 2463 1820 pmpheta:
2488 1752 2830 1821 acciperent!
2878 1770 2899 1803 ι
2929 1751 2999 1807 Et
3021 1753 3345 1823 quicumque
3387 1766 3570 1824 potum
3613 1758 3790 1814 dede.

2187 1842 2276 1908 rit,
2310 1862 2329 1894 ›
2373 1843 2561 1912 inquit,
2612 1860 2629 1894 ‹
2662 1843 2753 1898 uni
2802 1859 2868 1899 ex
2916 1844 3149 1899 minimis
3188 1845 3305 1901 istis
3349 1848 3573 1903 calicem
3623 1866 3792 1921 aqua:

2188 1931 2411 2003 frigidae,
2438 1942 2637 1988 tantum
2659 1934 2713 1989 in
2744 1935 2959 1990 nomine
2979 1935 3248 2005 discipuli,
3268 1953 3425 1993 amen
3451 1939 3574 1994 dico
3599 1944 3789 2007 vobis,

2187 2037 2293 2079 nou
2324 2025 2511 2094 perdet
2531 2026 2831 2081 mercedem
2859 2042 3013 2082 suam
3043 2048 3061 2080 ι
3092 2027 3304 2100 (Matth.
3335 2046 3391 2096 x,
3413 2032 3502 2099 41,
3534 2034 3649 2104 42).
3677 2036 3794 2101 Qui

2186 2127 2314 2185 ergo
2363 2116 2455 2170 tali
2493 2118 2823 2173 immanitate
2868 2118 3033 2189 pedes
3078 2120 3286 2176 Domini
3335 2126 3591 2195 suscepit,
3650 2130 3791 2197 quid

2188 2207 2465 2277 impendit,
2509 2210 2610 2263 nisi
2641 2225 2761 2279 qua:
2802 2210 3030 2265 habebat
3061 2212 3123 2266 in
3142 2213 3304 2267 domo
3327 2218 3596 2285 superﬂua
3618 2222 3643 2272 ?
3670 2220 3793 2278 iic-

2185 2299 2290 2353 rito
2330 2301 2451 2370 quia
2481 2301 2655 2370 capilli
2686 2304 2836 2371 quasi
2876 2303 3130 2373 superﬂui
3162 2316 3305 2374 sunt,
3340 2308 3463 2364 inde
3494 2312 3584 2365 illa
3613 2314 3792 2382 pedes

2188 2390 2393 2446 Domini
2443 2392 2770 2464 detergebat.
2822 2395 3101 2465 Superliua
3153 2407 3242 2453 tua
3292 2403 3597 2459 necessaria
3646 2407 3793 2463 fiunt

2186 2484 2301 2551 tibi,
2338 2487 2383 2539 si
2414 2486 2539 2541 inde
2569 2488 2738 2543 fueris
2779 2489 3065 2545 obsecutus
3106 2491 3326 2560 pedibus
3371 2495 3599 2549 Domini.
3637 2498 3791 2569 Ergo

2184 2575 2272 2630 illa
2298 2578 2472 2633 curari
2500 2578 2728 2644 volebat,
2757 2582 2970 2637 conscia
2997 2585 3172 2653 magni
3196 2585 3453 2640 vulneris.
3487 2588 3595 2643 Sed
3625 2608 3791 2645 num-

2183 2671 2308 2741 quid
2354 2687 2603 2742 maguum
2642 2676 2851 2740 vulnus,
2881 2684 2936 2729 et
2976 2690 3171 2744 parvus
3215 2677 3490 2733 medicus?
3517 2681 3787 2739 Pharisaei

2184 2772 2360 2817 autem
2418 2764 2673 2818 nolebant
2731 2780 2790 2820 se
2839 2766 2983 2837 tangi
3042 2768 3110 2823 ab
3156 2768 3481 2837 immundis,
3536 2774 3790 2831 vitabant

2183 2868 2397 2908 omnem
2438 2864 2742 2909 contactum
2774 2867 3150 2926 peccatorum;
3198 2870 3252 2915 et
3299 2862 3341 2914 si
3386 2863 3607 2931 quando
3645 2865 3789 2923 forte

2182 2948 2499 3000 necessitate
2552 2948 2935 3017 tangebantur,
3008 2951 3292 3006 abluebant
3351 2968 3427 3007 se.
3488 2954 3557 3008 Et
3612 2971 3788 3027 prope

2182 3038 2520 3109 baptizabant
2546 3055 2643 3109 per
2666 3056 2853 3097 omnes
2900 3043 3059 3098 horas
3101 3060 3204 3099 non
3249 3054 3453 3102 tantum
3490 3064 3571 3115 se,
3601 3053 3701 3106 sed
3733 3062 3789 3108 et

2181 3146 2304 3186 vasa
2332 3147 2447 3199 sua,
2476 3132 2641 3187 lectos
2662 3146 2806 3197 suos,
2829 3135 3041 3202 calices,
3068 3138 3400 3206 paropsides,
3431 3150 3574 3195 Sicut
3600 3143 3791 3199 Domi-

2182 3240 2283 3279 nus
2308 3225 2358 3278 in
2404 3226 2695 3295 Evangelia
2721 3239 3109 3283 commemorat
3153 3226 3261 3297 (Id.
3302 3246 3454 3296 xxtn,
3494 3233 3613 3302 25).
3647 3237 3789 3291 Cum

2181 3328 2308 3386 ergo
2338 3317 2425 3371 ille
2460 3317 2755 3387 pharisazus
2784 3329 2968 3374 nosset
2999 3319 3135 3375 hanc
3175 3322 3476 3389 mulierem,
3518 3340 3645 3394 qum
3685 3328 3791 3381 uti-

2181 3423 2284 3477 que
2313 3409 2357 3461 si
2388 3406 2455 3462 ad
2499 3408 2661 3478 pedes
2691 3410 2831 3464 illius
2862 3412 3113 3480 phariseei
3154 3412 3456 3478 accederet,
3492 3418 3789 3485 repelleret

2182 3512 2317 3561 eam,
2340 3512 2407 3552 ne
2435 3498 2689 3553 sanctitas
2708 3498 2826 3569 ejus
2848 3499 3202 3568 pollueretur;
3235 3501 3463 3556 habebat
3490 3506 3637 3558 enim
3664 3520 3788 3561 eam

2182 3587 2237 3641 in
2265 3603 2509 3657 corpore,
2538 3591 2717 3644 nonin
2745 3591 2941 3656 corde;
2970 3601 3023 3646 et
3048 3592 3168 3661 quia
3196 3607 3300 3647 non
3326 3593 3557 3650 habebat
3584 3600 3712 3651 eam
3740 3601 3788 3654 in

2183 3679 2365 3744 eorde,
2394 3682 2577 3750 utique
2608 3682 2794 3737 falsam
2843 3683 3073 3759 habebat
3101 3685 3153 3737 in
3192 3700 3419 3755 corpore
3452 3706 3464 3739 :
3492 3691 3619 3758 quia
3653 3706 3785 3761 ergo

2124 3832 2147 3853 χ
2184 3771 2274 3826 ille
2303 3787 2418 3825 eam
2448 3774 2759 3841 repulsurus
2799 3785 2961 3841 esset,
2995 3790 3117 3831 cum
3148 3775 3248 3831 hoc
3277 3778 3536 3833 Dominus
3565 3795 3678 3834 non
3709 3784 3787 3836 fe-

2184 3864 2275 3930 cit,
2319 3863 2643 3919 existimavit
2679 3880 2801 3920 eum
2843 3868 3054 3921 nescire
3080 3882 3200 3937 qum
3239 3868 3326 3921 illa
3370 3878 3533 3935 esset,
3564 3880 3620 3924 et
3646 3871 3787 3926 dixit

2183 3958 2323 4026 apud
2372 3960 2739 4028 semetipsum,
2784 3959 2885 4013 Hic
2928 3962 2972 4015 si
3008 3972 3133 4017 esset
3174 3964 3438 4032 prapheta,
3487 3952 3638 4018 sciret
3669 3976 3787 4035 quat

2183 4050 2363 4103 mulier
2382 4050 2459 4103 illi
2473 4052 2681 4105 accessit
2704 4052 2770 4104 ad
2795 4052 2962 4120 pedes.
2992 4052 3109 4107 Non
3130 4053 3282 4119 dixit,
3306 4056 3590 4124 repuiisset
3612 4071 3737 4112 eam
3766 4078 3780 4113 :

2184 4143 2298 4207 sed,
2327 4143 2474 4197 sciret
2497 4158 2611 4213 quae
2628 4151 2803 4208 esset;
2839 4153 3097 4213 tanquam
3116 4152 3259 4199 esset
3284 4160 3623 4216 consequens
3654 4160 3713 4202 ut
3738 4150 3783 4203 si

2185 4235 2365 4297 sciret,
2399 4232 2701 4304 repelleret.
2732 4234 2811 4288 Ex
2839 4234 2930 4289 illo
2957 4249 3087 4304 ergo
3106 4235 3249 4305 quod
3278 4250 3380 4289 non
3409 4250 3526 4290 eam
3552 4240 3774 4306 repulit,

2184 4328 2342 4380 etiam
2372 4326 2609 4381 nescisse
2634 4340 2757 4381 eum
2788 4342 2886 4395 pro
2927 4336 3075 4382 certo
3117 4328 3414 4397 suspicatus
3453 4337 3555 4383 est.
3592 4329 3777 4385 Domi-

2185 4431 2291 4471 nus
2337 4426 2515 4471 autem
2563 4418 2644 4472 sic
2682 4416 2911 4471 habebat
2935 4418 3119 4473 oculos
3142 4419 3195 4472 in
3219 4416 3365 4472 illam
3391 4420 3695 4486 mulierem,
3724 4415 3782 4476 ut

2186 4524 2342 4564 aures
2384 4510 2603 4565 haberet
2635 4511 2686 4564 in
2723 4524 2816 4564 cor
2856 4510 3125 4581 pharisaei.
3160 4512 3341 4581 itaque
3366 4513 3547 4567 audita
3573 4518 3780 4585 cogita-

2187 4603 2329 4656 tione
2348 4602 2483 4671 ejus,
2507 4603 2779 4672 proposuit
2799 4603 3201 4659 similitudinem
3220 4618 3375 4674 quam
3400 4607 3591 4660 nostis.
3617 4626 3637 4657 ε
3667 4609 3779 4661 Duo

2187 4693 2458 4749 debitores
2497 4704 2651 4749 erant
2688 4694 2898 4749 cuidam
2929 4694 3250 4760 feneratori;
3296 4710 3433 4750 unus
3472 4698 3523 4752 ei
3551 4697 3782 4753 debebat

2187 4788 2505 4859 quingentos
2543 4787 2812 4851 denarios,
2856 4787 2991 4843 alter
3035 4790 3416 4859 quinquaginta
3448 4809 3461 4843 :
3496 4804 3621 4845 cum
3669 4807 3775 4845 non

2191 4880 2451 4936 haberent
2494 4882 2655 4937 ambo
2697 4883 2835 4938 unde
2880 4881 3186 4950 redderent,
3235 4884 3453 4939 donavit
3498 4886 3778 4941 ambobus.

2189 4973 2504 5041 Qumroabs
2547 4981 2621 5039 te,
2655 4993 2672 5025 ι
2706 4974 2897 5043 inquit,
2945 4992 2963 5025 ε
2992 4975 3111 5044 quis
3153 4990 3274 5029 eum
3304 4975 3423 5044 plus
3466 4974 3692 5030 dilexit?
3718 4976 3781 5030 Et

2190 5066 2280 5121 ille
2329 5064 2624 5135 l‘CSpOfldii,
2656 5084 2674 5116 ι
2724 5065 2831 5135 jam
2877 5075 3091 5121 coaetus
3129 5068 3355 5121 veritate
3395 5067 3654 5123 adversus
3700 5083 3781 5122 se-

2191 5157 2362 5227 ipsum
2394 5156 2633 5226 proferre
2676 5154 2991 5211 sententiam
3023 5175 3035 5211 :
3073 5176 3091 5208 σ
3114 5156 3307 5220 Credo,
3344 5176 3363 5209 ι
3399 5158 3589 5227 inquit,
3627 5177 3644 5210 ι
3680 5159 3779 5213 Do-

2193 5250 2354 5316 mine,
2385 5250 2506 5319 quia
2537 5249 2623 5304 ille
2649 5250 2733 5303 cui
2764 5249 2883 5318 plus
2903 5249 3137 5303 donavit.
3162 5249 3227 5303 Et
3252 5263 3543 5303 conversus
3568 5250 3634 5303 ad
3666 5266 3779 5304 mu-

2194 5345 2401 5409 lierem,
2445 5343 2579 5397 dixit
2622 5342 2685 5396 ad
2723 5341 2995 5397 Simonem
3023 5359 3037 5395 :
3065 5341 3223 5395 Vides
3263 5343 3419 5395 istam
3461 5341 3777 5396 mulierem?

2194 5436 2410 5493 introivi
2442 5437 2493 5491 in
2528 5436 2744 5491 domum
2774 5444 2915 5489 tuam
2949 5454 2962 5488 :
2996 5436 3237 5489 osculum
3262 5434 3389 5489 mihi
3420 5448 3526 5488 non
3556 5433 3772 5498 dedisti;

2194 5530 2281 5584 illa
2310 5540 2487 5585 autem
2514 5544 2615 5582 non
2644 5528 2927 5583 intermisit
2946 5526 3107 5596 pedes
3130 5541 3277 5581 meos
3302 5526 3533 5580 osculari
3556 5542 3567 5578 :
3588 5539 3776 5596 aquam

2195 5621 2323 5676 mihi
2364 5622 2431 5675 ad
2464 5620 2622 5691 pedes
2668 5635 2773 5675 non
2816 5620 3036 5685 dedisti;
3069 5620 3155 5673 illa
3205 5619 3455 5689 lacrymis
3498 5618 3614 5673 suis
3658 5616 3777 5671 lavit

2195 5714 2325 5771 mihi
2354 5714 2515 5785 pedes
2548 5731 2559 5765 :
2595 5714 2776 5769 oleum
2814 5713 2942 5768 mihi
2986 5729 3090 5767 non
3119 5712 3341 5777 dedisti;
3383 5712 3467 5765 illa
3498 5713 3651 5767 unxit
3678 5724 3773 5765 un-

2196 5819 2414 5884 guento.
2446 5810 2670 5878 Propter
2710 5806 2851 5879 quod
2890 5806 3011 5862 dico
3046 5806 3140 5862 tibi
3169 5821 3185 5861 :
3212 5804 3553 5863 dimittuntur
3580 5805 3631 5863 ei
3655 5817 3775 5876 pec-
