4084 6444
234 534 375 586 cata
422 528 617 594 multa,
674 526 923 597 quoniam
972 518 1155 581 dilexit
1194 525 1415 579 multum
1443 544 1461 576 ι
1525 525 1683 593 (Luc.
1730 540 1832 588 vn,

182 670 191 691 ,
254 623 468 695 3647).
514 620 726 689 Quare?
755 619 888 687 Quia
922 618 1164 674 confessa
1214 626 1313 683 est,
1347 608 1468 687 quia
1511 617 1675 682 flevit,
1718 619 1839 688 quia

170 703 187 716 ’
254 731 363 773 non
404 715 736 771 declinatum
758 722 839 767 est
868 727 963 767 cor
989 713 1104 781 ejus
1130 712 1189 765 iir
1215 710 1374 765 verba
1405 711 1632 781 maligna
1658 711 1722 765 ad
1751 726 1842 765 cx-

252 806 518 863 cusandas
545 805 915 860 excusmitmes
943 804 994 857 in
1023 804 1273 874 peccatis,
1300 818 1402 857 non
1430 803 1737 858 combinata
1759 812 1842 859 est

248 914 375 953 cum
404 897 589 953 electis
623 911 829 960 eorum,
866 895 917 949 id
944 903 1043 961 est,
1074 893 1482 949 defendentibus
1507 911 1583 950 se.

323 990 380 1044 9.
421 987 536 1042 Non
573 987 715 1042 enim
747 996 801 1042 et
836 986 961 1040 huic
990 985 1086 1055 ipsi
1123 986 1354 1049 mulieri,
1402 986 1446 1039 si
1475 985 1838 1040 declinaretur

245 1097 347 1139 cur
374 1082 494 1151 ejus
523 1081 575 1135 in
604 1080 769 1134 verba
808 1080 1056 1149 maligna,
1086 1079 1297 1134 deesset
1325 1078 1569 1134 defensio
1591 1087 1839 1149 peccato—

242 1189 390 1227 rum.
425 1174 619 1229 Annon
646 1172 881 1243 quotidie
917 1168 1071 1241 pares
1111 1171 1227 1242 ejus
1274 1170 1325 1225 in
1359 1171 1700 1241 turpitudine,
1743 1171 1840 1227 sed

243 1282 357 1320 non
400 1280 559 1335 pares
597 1265 647 1319 in
679 1263 1038 1329 confessione,
1069 1265 1402 1328 meretrices,
1434 1263 1709 1329 adulterae,
1739 1262 1840 1318 tia-

239 1356 457 1425 gitiosa:
481 1354 778 1411 defendunt
818 1364 1037 1424 peccata
1066 1355 1201 1409 sua?
1225 1353 1282 1409 Si
1308 1354 1577 1417 latuerint,
1612 1361 1836 1423 negant;

236 1450 295 1502 si
340 1457 520 1503 autem
552 1447 639 1502 vel
664 1446 1015 1516 deprehensm
1038 1455 1197 1516 atque
1223 1447 1479 1501 convictre
1508 1444 1725 1511 fuerint,
1756 1444 1838 1499 vel

238 1541 460 1610 publice
487 1541 536 1596 id
566 1542 791 1611 egerint,
830 1540 1141 1595 defendunt.
1181 1540 1247 1594 Et
1271 1554 1441 1610 quam.
1461 1538 1631 1593 facilis
1652 1537 1837 1594 defen-

236 1637 327 1689 sio
356 1650 567 1699 earum,
593 1646 752 1703 quam
778 1634 905 1700 cita,
932 1634 1024 1690 sed
1056 1649 1211 1703 quam
1245 1646 1502 1705 prmceps,
1529 1647 1685 1703 quam
1706 1646 1839 1703 quo-

232 1728 446 1782 tidiana
469 1736 525 1782 et
550 1743 705 1797 quam
734 1727 1027 1798 sacrilega!
1059 1726 1177 1782 Osi
1209 1726 1352 1784 Deus
1380 1726 1481 1781 hoc
1508 1727 1695 1793 nollet,
1731 1738 1836 1781 non

238 1818 512 1874 facerem!
559 1819 670 1874 Hoc
701 1819 871 1874 voluit
908 1820 1069 1880 Deus,
1112 1818 1321 1873 fortuna
1364 1818 1466 1874 hoc
1501 1818 1688 1882 voluit,
1738 1817 1839 1872 hoc

239 1910 413 1964 voluit
431 1909 615 1965 fatum.
634 1909 748 1965 Non
768 1908 914 1974 dicit,
941 1909 1047 1980 Ego
1060 1909 1187 1974 dixi,
1203 1909 1438 1978 Domine,
1457 1912 1689 1964 miserere
1705 1909 1800 1963 mei
1817 1925 1838 1975 ,-

239 2017 351 2056 non
384 2000 656 2071 quomodo
678 2002 767 2056 illa
799 2001 1064 2071 peccatrix
1088 2002 1154 2055 ad
1183 2002 1345 2071 pedes
1370 2002 1561 2056 medici
1591 2002 1833 2069 veniens,

239 2091 394 2148 Sana
433 2093 656 2145 animant
701 2108 883 2156 meam,
915 2092 1151 2161 quoniam
1179 2093 1378 2162 peccavi
1414 2092 1501 2144 tibi
1532 2090 1705 2159 (Paul.
1742 2107 1834 2159 XL,

237 2186 315 2253 5).
365 2185 432 2239 Et
470 2187 592 2251 ista,
636 2184 828 2239 fratres
867 2185 992 2251 mei,
1030 2184 1269 2240 defensio
1297 2185 1534 2254 qualium
1573 2186 1695 2239 est?
1722 2184 1838 2239 Non

232 2277 419 2333 solum
454 2275 812 2341 indoctorum,
853 2276 946 2331 scd
987 2277 1146 2331 etiam
1176 2275 1479 2330 doctorum.
1527 2275 1746 2341 Sedent,
1785 2285 1840 2331 et

233 2378 563 2440 computant
589 2369 799 2433 sidera;
832 2369 1107 2424 intervalla
1128 2369 1167 2430 ί.
1213 2383 1423 2433 cursus,
1452 2367 1834 2434 volubilitates,

236 2471 436 2529 status,
464 2470 639 2516 motus
656 2461 952 2523 intendunt,
976 2460 1303 2525 describunt,
1329 2459 1635 2528 conjiciunt.
1665 2459 1835 2526 Docti,

234 2556 424 2626 magni
460 2553 720 2609 videntur.
752 2553 946 2608 Totum
978 2553 1079 2608 hoc
1103 2553 1320 2607 doctum
1362 2560 1417 2607 et
1445 2566 1718 2621 magnum,
1746 2550 1839 2604 dc-

235 2648 420 2704 fensio
446 2646 648 2717 peccati
677 2653 780 2699 est.
812 2645 932 2701 Eris
954 2644 1184 2711 adulter,
1212 2645 1333 2713 quia
1363 2643 1441 2698 sic
1463 2643 1626 2697 habes
1656 2641 1834 2696 Vene-

236 2757 361 2797 rem
392 2758 406 2793 :
438 2740 549 2794 eris
588 2736 875 2803 homicida,
923 2738 1045 2805 quia
1092 2736 1169 2790 sic
1209 2734 1375 2790 babes
1418 2733 1658 2787 Martem.
1700 2732 1840 2787 Mars

232 2846 376 2902 ergo
402 2829 691 2896 homicida,
735 2844 840 2882 non
868 2837 957 2893 tu;
1004 2836 1057 2882 et
1082 2826 1263 2882 Venus
1302 2825 1565 2891 adultera,
1614 2839 1718 2878 non
1758 2832 1835 2876 tu.

233 2925 379 2979 Vide
422 2939 493 2979 ne
520 2932 573 2978 et
619 2936 715 2993 pro
754 2922 921 2976 Marte
968 2929 1023 2975 et
1067 2935 1165 2989 pro
1198 2919 1404 2974 Venere
1446 2929 1502 2973 tu
1541 2918 1836 2973 damneris.

237 3017 394 3071 Deus
433 3015 576 3069 enim
605 3015 693 3084 qui
724 3014 1070 3068 damnaturus
1101 3020 1201 3079 est,
1236 3012 1381 3066 novit
1406 3013 1529 3082 quia
1558 3019 1611 3065 tu
1638 3026 1713 3076 es,
1748 3010 1840 3080 qui

233 3106 404 3174 dicis,
439 3106 557 3161 Non
592 3121 712 3175 ego,
732 3104 897 3175 judici
931 3105 1138 3160 scienti.
1168 3104 1333 3158 Porro
1360 3104 1474 3172 ipse
1498 3102 1838 3157 mathemati-

234 3216 340 3257 cus
371 3198 465 3269 qui
493 3198 585 3252 tibi
611 3196 816 3251 fabulas
857 3196 1168 3266 laqueorum
1202 3203 1413 3249 tuorum
1441 3194 1601 3248 etiam
1632 3194 1835 3260 vendit,

235 3302 299 3357 ut
352 3304 464 3344 non
497 3288 578 3342 vel
609 3288 891 3358 gratuitam
932 3302 1211 3355 compares
1252 3294 1475 3341 mortem
1510 3286 1669 3355 (emis
1694 3285 1839 3340 enim

235 3388 483 3446 mortem
512 3395 541 3433 a
590 3377 964 3433 mathematico
993 3377 1185 3446 pretio,
1219 3376 1309 3445 qui
1351 3375 1719 3445 contempsisti
1762 3376 1841 3429 vi-

237 3484 359 3528 tam
378 3488 408 3525 a
435 3469 645 3525 Christo
672 3467 857 3540 gratis)
887 3489 900 3522 :
925 3469 1036 3538 ipse
1057 3483 1185 3538 ergo
1213 3467 1616 3521 mathematicus
1640 3467 1682 3521 si
1706 3480 1842 3520 uso.

236 3580 366 3625 rem
404 3577 556 3617 suam
601 3560 758 3631 paulo
789 3560 1114 3631 petulantius
1146 3558 1341 3614 viderit
1383 3561 1709 3625 conversari,
1748 3567 1842 3614 aut

237 3660 462 3728 aliquos
511 3655 718 3710 alienos
776 3653 1018 3723 improbe
1061 3650 1359 3718 attendere,
1414 3660 1506 3705 aut
1548 3650 1841 3707 fenestram

237 3749 447 3805 crebro
475 3754 751 3816 repetere;
796 3759 971 3800 nonne
1000 3744 1208 3812 arripit,
1240 3743 1509 3805 verberat,
1556 3750 1609 3797 et
1634 3743 1727 3797 dat
1755 3742 1840 3797 di-

242 3838 541 3908 sciplinam
588 3835 639 3889 in
681 3835 840 3890 domo
882 3834 1016 3890 sua?
1060 3832 1404 3903 Respondeat
1450 3832 1525 3886 illi
1575 3847 1751 3887 uxor:
1784 3833 1844 3887 Si

240 3941 427 4003 putes,
462 3930 720 3984 Venerem
747 3928 913 3995 cmde,
937 3942 1044 3981 non
1074 3942 1178 3982 me.
1210 3926 1401 3980 Nonne
1423 3934 1478 3978 et
1508 3925 1595 3978 ille
1614 3940 1842 3993 respon-

239 4024 402 4085 debit
433 4022 658 4089 :Fatua,
687 4022 831 4077 aliud
868 4031 950 4078 est
976 4018 1119 4090 quod
1160 4019 1416 4089 competit
1453 4018 1668 4084 rectori,
1700 4017 1846 4073 aliud

241 4115 395 4191 quod
425 4116 692 4185 profertur
712 4112 980 4183 emptori?
1012 4112 1153 4182 Ergo
1183 4110 1337 4167 electi
1363 4124 1549 4165 eorum
1571 4110 1660 4179 qui
1686 4110 1845 4164 sunt?

242 4206 425 4264 Electi
469 4206 755 4272 malorum,
796 4204 950 4261 electi
993 4204 1304 4274 impiorum,
1336 4217 1456 4258 cum
1499 4201 1691 4271 quibus
1737 4218 1844 4257 non

243 4306 334 4353 est
378 4296 813 4361 combinandum,
862 4294 912 4349 id
958 4303 1059 4359 est,
1092 4310 1213 4348 cum
1258 4293 1451 4363 quibus
1499 4306 1603 4346 non
1635 4302 1717 4346 est
1752 4290 1847 4345 ha-

243 4387 431 4454 benda
460 4387 707 4443 societas.
737 4386 837 4453 Qui
882 4394 1007 4441 sunt
1046 4385 1263 4441 autem?
1304 4384 1639 4438 Arbitrantes
1665 4398 1725 4438 se
1761 4383 1846 4451 ju-

244 4495 391 4550 stos,
422 4491 475 4538 et
500 4490 909 4537 contemnentes
931 4488 1161 4535 caeteros
1180 4478 1328 4548 quasi
1356 4487 1683 4548 peccatores,
1710 4477 1849 4531 sicut

245 4583 411 4635 erant
443 4574 515 4628 illi
548 4572 797 4643 phariszci
828 4588 840 4624 :
869 4580 960 4626 aut
995 4571 1115 4642 quia
1162 4570 1272 4639 ipsa
1304 4578 1518 4639 peccata
1562 4568 1850 4624 manifeste

246 4668 341 4723 vel
367 4664 867 4735 deprehenduntur,
896 4664 979 4719 vel
1002 4662 1210 4733 publice
1240 4661 1389 4727 fiunt,
1422 4658 1767 4716 defendentes
1794 4669 1851 4716 et

247 4768 585 4823 asserentes,
632 4773 699 4814 ne
727 4756 924 4827 aliquid
952 4756 1123 4823 culpa:
1157 4769 1343 4809 eorum
1385 4753 1683 4819 tribuatur;
1712 4762 1766 4807 et
1792 4762 1851 4809 ut

248 4852 362 4924 ipsi
402 4851 534 4907 nihil
582 4848 707 4905 mali
755 4850 946 4905 fecisse
983 4847 1311 4918 judicentur,
1358 4845 1453 4901 sed
1485 4854 1659 4900 totum
1684 4845 1849 4911 Deus,

248 4946 350 5017 qui
378 4943 459 4998 vel
488 4943 565 4999 sic
588 4942 789 4998 creavit
818 4940 1109 5004 hominem,
1147 4939 1351 5005 dicunt,
1383 4937 1466 4992 vel
1494 4937 1675 4991 stellas
1703 4951 1852 4991 como

252 5037 460 5108 posuit,
490 5036 574 5090 vel
621 5050 710 5090 res
752 5035 1012 5088 humanas
1054 5030 1291 5101 negligit.
1336 5027 1683 5083 Defensiones
1726 5034 1853 5083 sunt

249 5129 553 5184 electorum
585 5125 785 5182 smculi.
818 5122 922 5179 Sed
946 5122 1086 5176 dicat
1132 5120 1428 5175 membrum
1466 5118 1685 5182 Christi,
1710 5117 1853 5173 dicat

252 5234 455 5288 corpus
494 5216 713 5280 Christi,
758 5214 901 5269 dicat
942 5213 1183 5268 Christus
1222 5226 1287 5267 ex
1336 5224 1563 5280 persona
1610 5209 1853 5279 corporis

254 5310 377 5373 sui,
410 5326 427 5358 ‹
456 5307 572 5361 Non
599 5304 838 5360 declines
878 5319 973 5359 cor
999 5304 1175 5357 meam
1210 5302 1265 5355 iu
1290 5302 1450 5356 verba
1493 5300 1744 5371 maligna,
1784 5299 1852 5354 ad

254 5397 598 5455 excusandas
622 5396 992 5451 excusationes
1032 5394 1085 5448 in
1114 5392 1362 5462 peccatis,
1395 5406 1514 5446 cum
1546 5390 1853 5445 hominibus

256 5488 610 5559 operantibus
638 5487 966 5557 iniquitatem
993 5501 1007 5550 ;
1039 5492 1094 5540 et
1119 5498 1224 5539 non
1250 5482 1566 5538 combinabo
1594 5497 1714 5537 cum
1741 5482 1854 5538 ele-

255 5583 362 5637 clis
388 5597 594 5637 eorum.
636 5601 653 5632 ι

338 5675 424 5729 10.
454 5672 650 5736 Nostis,
682 5671 888 5737 fratres,
912 5670 1051 5741 quod
1078 5686 1182 5725 non
1208 5678 1290 5725 est
1312 5668 1846 5740 praetermittendum,

259 5766 416 5838 quasi
442 5765 615 5834 justus
636 5763 1011 5818 eminentiores
1032 5762 1084 5816 in
1112 5776 1170 5817 se
1197 5771 1440 5819 tenentes
1462 5760 1607 5819 velut
1626 5760 1853 5833 primum

333 5899 352 5932 ⁸
388 5905 517 5950 Unus
535 5903 642 5963 lts.,
664 5896 877 5949 siderum
904 5893 1171 5948 intervalta.

1435 412 1837 469 ENARRATIO
1870 410 1937 468 ev
1973 400 2294 476 PSALMUM
2335 414 2490 478 cxt.

3393 424 3534 482 1‘82!

1948 529 2165 599 gradum
2190 531 2434 601 justitize,
2463 531 2679 587 Electus
2698 532 2871 586 vocari
2899 532 3037 602 apud
3058 533 3397 591 Manichzco‘s.
3430 536 3533 606 Qui

1947 630 2227 689 noverunt,
2250 633 2651 694 recognoscant;
2673 625 2758 694 qui
2774 624 3101 691 nesciebant,
3122 626 3532 686 audiantElect-i

1945 713 2159 783 quidem
2181 717 2267 768 Dei
2282 725 2407 770 sunt
2424 732 2610 771 omnes
2631 708 2819 784 sancti,
2844 717 3163 774 ethabe‘mus
3182 721 3283 776 hoc
3311 725 3362 776 in
3390 720 3533 780 Scri-

1944 807 2114 875 pturis
2147 805 2358 878 (Mar/tl.
2390 825 2574 875 xmv,
2600 810 2690 879 22,
2705 811 2902 883 24,51“)
2932 830 2943 866 :
2977 812 3071 868 sed
3100 818 3532 885 usurparuntsibi

1943 896 2071 951 i1th
2103 908 2315 963 nonten,
2338 908 2390 954 et
2405 902 2561 970 quasi
2578 892 2889 957 familiarius
2918 903 3023 957 sibi
3040 905 3456 975 applicaverunt,
3476 920 3533 965 ut

1945 998 2193 1062 tanquam
2223 994 2437 1063 proprie
2456 994 2566 1062 jam
2597 994 2751 1049 electi
2777 995 3125 1065 appellentur.
3158 996 3259 1064 Qui
3289 1008 3413 1054 sunt
3445 1001 3531 1055 isti

1943 1082 2132 1137 eiecti?
2160 1082 2361 1149 Quibus
2398 1083 2441 1138 si
2469 1084 2699 1150 dixeris,
2727 1084 2999 1151 PeccaSti;
3039 1087 3214 1141 statim
3258 1088 3400 1144 illam
3433 1090 3532 1145 de-

1943 1173 2240 1230 fensionem
2281 1176 2495 1246 impiam
2527 1186 2583 1231 et
2621 1176 2857 1247 pejorem
2887 1177 3096 1233 caeteris
3128 1180 3399 1251 magisque
3441 1197 3530 1236 sa-

1943 1266 2194 1336 crilegam
2225 1267 2501 1336 proferunt
2523 1284 2537 1320 :
2556 1268 2691 1322 Non:
2714 1278 2813 1339 ego
2837 1270 3071 1338 peccavi,
3099 1269 3190 1324 sed
3218 1284 3350 1339 gens
3380 1281 3531 1327 tene-

1942 1358 2180 1414 brarum.
2210 1359 2338 1428 Qum
2378 1370 2461 1415 est
2488 1360 2586 1415 ista
2614 1375 2745 1431 gens
2774 1361 3148 1415 tenebrarum?
3176 1361 3304 1428 Quae
3332 1361 3529 1417 bellum

1941 1451 2109 1521 gessit
2133 1465 2251 1505 cum
2283 1449 2412 1506 Deo.
2442 1451 2519 1505 Et-
2540 1452 2649 1521 ipsa
2680 1462 2884 1520 peccat,
2908 1464 3030 1507 cum
3055 1460 3109 1505 tu
3136 1451 3360 1522 peccas?
3390 1453 3528 1523 Ipsa,

1942 1544 2145 1615 inquit,
2190 1544 2311 1614 quia
2356 1544 2675 1598 commixtus
2714 1556 2831 1597 sum
2875 1542 2968 1597 illi.
3008 1543 3147 1598 Deus
3177 1543 3325 1598 enim
3363 1545 3532 1613 quite

1942 1636 2307 1703 commiscuit,
2339 1636 2463 1706 quid
2491 1634 2706 1689 timuit?
2734 1634 2845 1690 Hoc
2875 1634 3014 1690 enim
3044 1635 3244 1703 dicunt,
3274 1635 3415 1706 quod
3444 1636 3530 1691 illa

1942 1744 2073 1799 gens
2109 1718 2444 1784 tenebrarum
2482 1726 2817 1784 rebellaveri‘t
2844 1727 3097 1782 adversus
3129 1728 3294 1783 Deum
3319 1771 3332 1791 ,
3376 1738 3529 1785 antea-

1942 1837 2100 1892 quam
2130 1822 2356 1877 mundus
2382 1821 2565 1887 ﬁeret;
2597 1831 2650 1876 et
2676 1822 2765 1876 ille
2788 1810 2991 1876 cavens.
3008 1832 3081 1876 ne
3097 1836 3256 1891 regna
3278 1822 3392 1891 cjus
3413 1821 3532 1877 loco

1941 1913 2258 1969 adveniente
2281 1914 2452 1969 hostili
2477 1914 2676 1985 impetu
2703 1920 3057 1979 vastarentur,
3082 1912 3223 1965 misit
3243 1911 3346 1967 huc
3368 1927 3534 1967 mem-

1944 2007 2041 2062 bra
2087 2022 2215 2071 sua,
2266 2006 2617 2061 substantiam
2664 2020 2847 2070 suam,
2895 2004 2995 2059 hoc
3025 2003 3165 2074 quod
3209 2005 3320 2074 ipse
3350 2012 3455 2069 est;
3488 2006 3535 2059 si

1942 2114 2152 2167 aurum,
2180 2111 2402 2162 aurum;
2432 2097 2476 2151 si
2505 2098 2614 2161 lux,
2639 2097 2812 2151 luccm
2838 2114 2850 2149 :
2881 2095 3135 2166 quidquid
3155 2095 3281 2149 illud
3306 2104 3405 2159 cst,
3434 2094 3535 2151 hoc

1944 2192 2117 2255 misit,
2167 2200 2221 2244 et
2265 2189 2476 2244 miscuit
2510 2187 2807 2242 visceribus
2846 2187 3018 2258 gentis
3048 2186 3417 2254 tenebrarum,
3450 2186 3533 2242 di-

1942 2290 2071 2337 cunt
2091 2325 2104 2348 ,
2132 2290 2185 2336 et
2219 2279 2496 2335 fabricavit
2521 2279 2645 2334 inde
2674 2278 2951 2333 mundum.
2986 2278 3053 2331 Et
3079 2292 3177 2333 nos
3202 2278 3392 2333 animm
3412 2322 3426 2346 ,
3456 2279 3537 2334 in-

1944 2374 2129 2443 quium
2153 2414 2167 2439 ,
2200 2371 2267 2428 de
2294 2372 2423 2440 ipsis
2463 2371 2719 2426 membris
2748 2372 2842 2425 Dei
2871 2385 3089 2435 sumus;
3121 2371 3213 2425 sed
3245 2370 3536 2439 premimur

1948 2464 2034 2520 hic
2064 2463 2354 2518 visceribus
2378 2464 2555 2533 gentis
2581 2463 2942 2528 tenebrarum,
2967 2471 3020 2516 et
3040 2461 3292 2532 quidquid
3316 2473 3537 2532 peccare

1945 2557 2192 2623 dicimur,
2226 2556 2314 2610 illa
2338 2550 2473 2626 gens
2502 2564 2703 2623 peccat.
2748 2556 2820 2610 Se
2847 2554 3059 2625 quidem
3089 2553 3334 2609 videntur
3370 2570 3534 2608 exeu-

1945 2662 2065 2704 sare
2090 2665 2117 2701 a
2147 2656 2397 2718 peccato;
2431 2648 2531 2702 sed
2556 2646 2727 2702 Deum
2754 2660 2909 2702 suum
2950 2660 3055 2701 non
3093 2654 3347 2701 excusant
3373 2661 3401 2699 a
3432 2642 3538 2701 cri-

1946 2742 2090 2796 mine
2134 2740 2373 2806 timoris,
2406 2755 2504 2794 nec
2545 2740 2712 2809 ipsam
2742 2738 3091 2793 substantiam
3135 2738 3224 2792 Dei
3254 2737 3335 2791 sui
3363 2752 3392 2790 a
3427 2738 3537 2791 cri-

1946 2836 2091 2890 mine
2137 2834 2616 2905 corruptibilitatis.
2661 2833 2721 2888 Si
2745 2832 2887 2887 enim
2919 2830 3336 2901 incorruptibilis
3366 2830 3536 2895 Deus,

1946 2930 1991 2984 si
2022 2926 2494 2991 incommutabilis,
2523 2926 2568 2980 si
2597 2924 3114 2990 incontam‘inabilis,
3145 2922 3192 2977 si
3227 2921 3541 2976 immacula-

1944 3022 2087 3087 bilis,
2116 3021 2161 3076 si
2192 3017 2628 3090 impenetrabilis,
2659 3016 2786 3088 quid
2810 3017 2859 3071 ei
2885 3016 3086 3070 factura
3112 3022 3226 3069 erat
3251 3027 3382 3083 gens
3412 3012 3498 3066 illa
3517 3012 3542 3063 ?

1946 3115 2184 3170 Fecisset
2205 3114 2290 3168 illa
2311 3126 2468 3183 quem
2515 3111 2677 3166 vellet
2704 3111 2958 3180 impetum
2982 3126 2998 3172 ;
3026 3107 3294 3178 quomodo
3317 3113 3542 3161 terreret

1948 3204 2430 3277 impenetrabilem,
2464 3201 2849 3266 inviolabilem,
2878 3198 3424 3261 incontaininabilem,
3454 3198 3538 3251 in'o

1948 3298 2380 3353 commutabilem
2408 3306 2460 3352 et
2482 3295 2976 3366 incorruptibilem?
3001 3293 3056 3349 Si
3082 3306 3207 3363 ergo
3237 3292 3354 3347 talis
3379 3293 3536 3357 Deus,

1946 3390 2213 3456 crudelis;
2243 3390 2364 3460 quia
2390 3390 2507 3443 sine
2535 3402 2694 3443 causa
2725 3388 2827 3441 huc
2854 3401 2951 3440 vos
2979 3386 3139 3449 misit,
3173 3385 3254 3440 cui
3285 3385 3416 3439 nihil
3446 3396 3545 3439 nos

1946 3486 2065 3541 ceri
2092 3494 2317 3555 poterat.
2347 3485 2522 3553 Quare
2552 3498 2647 3538 vos
2672 3482 2855 3538 misit?
2880 3481 3019 3537 Ecce
3048 3495 3177 3553 gens
3205 3481 3542 3535 tenebrarum

1950 3579 2025 3633 illi
2054 3593 2245 3634 nocere
2274 3590 2378 3632 non
2405 3585 2645 3647 poterat;
2675 3576 2789 3646 ipse
2813 3585 2988 3630 autem
3018 3574 3165 3628 vobis
3191 3573 3421 3644 graviter
3449 3580 3546 3625 no-

1947 3672 2092 3739 cuit,
2143 3680 2196 3726 et
2238 3672 2386 3743 ipse,
2431 3671 2601 3742 magis
2629 3682 2787 3741 quam
2832 3669 2953 3735 illa,
2995 3668 3163 3723 hostis
3203 3678 3379 3722 vester
3409 3665 3540 3720 fuit:

1950 3772 2251 3835 quanquam
2280 3772 2333 3819 et
2370 3764 2481 3832 ipsa
2514 3761 2665 3817 vobis
2692 3772 2886 3816 nocere
2914 3760 3101 3830 pctuit.
3137 3759 3388 3813 Potuistis
3418 3771 3541 3826 pre.

1950 3854 2054 3918 mi,
2091 3854 2334 3922 potuistis
2365 3852 2618 3921 captivari
2639 3892 2653 3915 ,
2690 3850 2936 3919 potuistis
2966 3849 3263 3918 inquinari,
3298 3847 3542 3918 potuistis

1951 3946 2259 4015 corrumpi:
2294 3944 2464 4013 potuit
2488 3958 2615 4013 ergo
2657 3953 2713 3996 et
2757 3942 2867 3996 ille.
2928 3941 3177 3995 Fruslum
3216 3942 3358 3995 enim
3402 3955 3542 4010 quo-

1952 4036 2275 4102 dammodo,
2327 4045 2380 4090 et
2428 4034 2764 4105 portiuncula
2810 4042 3016 4087 natura:
3068 4033 3234 4102 ipsius
3278 4032 3545 4088 convincit

1953 4144 2207 4183 massam.
2237 4127 2403 4195 Quale
2432 4136 2518 4182 est
2558 4124 2684 4180 illud
2715 4125 2856 4195 quod
2898 4124 2999 4178 huc
3028 4124 3204 4190 misit,
3252 4124 3356 4178 tale
3382 4131 3465 4178 est
3490 4128 3546 4179 et

1954 4221 2091 4277 illud
2114 4220 2253 4290 quod
2282 4219 2351 4274 ibi
2377 4218 2653 4274 remansit.
2674 4216 2787 4272 Hoc
2818 4216 2916 4286 ipsi
2944 4216 3162 4270 dicunt:
3192 4215 3289 4285 ipsi
3313 4213 3546 4269 fatentur

1954 4315 2078 4384 quia
2103 4312 2224 4367 duae
2250 4312 2560 4367 substantia:
2583 4318 2741 4374 sunt;
2776 4320 2877 4364 una
2902 4309 3012 4376 illa,
3040 4318 3092 4364 et
3118 4324 3227 4363 una
3246 4308 3368 4365 ista.
3400 4307 3547 4365 Libri

1954 4420 2138 4460 eorum
2172 4404 2272 4457 hoc
2302 4402 2525 4467 habent;
2554 4401 2671 4457 etsi
2694 4408 2908 4471 negant,
2942 4399 3207 4470 leguntur,
3241 4408 3295 4455 et
3323 4399 3549 4455 convin-

1957 4503 2172 4551 cuntur.

2028 4588 2115 4641 ll.
2148 4584 2285 4652 Quid
2325 4584 2491 4655 ergo?
2535 4582 2611 4639 Ut
2649 4584 2708 4638 in
2742 4582 2843 4637 hoc
2872 4597 2979 4637 uno
3008 4583 3229 4637 exordio
3254 4581 3389 4636 nihil
3429 4595 3545 4636 am-

1956 4678 2096 4748 plius
2124 4678 2293 4732 dicam
2314 4718 2328 4742 ,
2364 4690 2468 4730 non
2519 4674 2693 4730 dicam
2733 4674 2912 4744 pejora
2933 4716 2948 4738 ,
2981 4688 3087 4727 non
3117 4670 3288 4726 dicam
3318 4671 3549 4726 scelera-

1958 4774 2091 4827 tiora
2116 4789 2130 4825 :
2160 4773 2211 4826 in
2254 4771 2356 4825 hoc
2385 4772 2502 4841 ipso
2529 4769 2750 4825 exordio
2777 4783 2884 4839 quo
2924 4766 3120 4822 bellum
3151 4765 3440 4830 inducunt,
3470 4764 3549 4817 vi~

1956 4868 2078 4923 dete
2121 4864 2569 4937 quemadmodum
2615 4863 2977 4925 debelientur;
3023 4868 3074 4914 et
3119 4858 3210 4913 ubi
3258 4867 3548 4929 pugnatum

1956 4960 2215 5015 adversus
2241 4958 2407 5013 Deum
2436 4971 2465 5009 a
2509 4962 2668 5025 gente
2706 4951 3044 5008 tenebrarum
3089 4948 3302 5013 dicunt,
3348 4947 3451 5017 ipsi
3494 4948 3548 5003 in

1958 5066 2140 5110 eorum
2166 5052 2452 5107 verborum
2475 5060 2649 5120 pugna
2671 5044 2969 5115 capiuntur.
2995 5041 3108 5096 Non
3132 5040 3273 5095 enim
3302 5038 3549 5108 estquod

1957 5146 2165 5209 dicant,
2199 5154 2295 5198 aut
2314 5156 2420 5212 quo
2458 5138 2743 5208 refugiant.
2778 5134 2881 5190 Sed
2913 5134 3018 5199 vis,
3052 5148 3085 5187 ο
3114 5130 3374 5197 nefande,
3418 5130 3550 5186 false

1958 5237 2148 5303 elect‘e,
2180 5233 2470 5291 defendere
2507 5237 2777 5301 peccatum
2809 5235 2954 5281 tuum
2973 5266 2988 5291 ,
3024 5234 3080 5279 ut
3110 5221 3322 5294 quando
3350 5220 3550 5292 aliquid

1959 5330 2087 5385 mali
2116 5327 2331 5392 feceris,
2361 5338 2468 5378 non
2500 5332 2555 5377 tu
2583 5320 2774 5375 fecisse
2795 5317 3057 5373 videaris:
3090 5315 3287 5386 qumris
3311 5315 3363 5369 in
3390 5329 3549 5385 quem

1960 5428 2236 5493 peccatum
2268 5428 2415 5471 tuum
2457 5411 2736 5478 refundas,
2766 5420 2820 5466 et
2866 5408 3103 5465 refundis
3141 5409 3194 5462 in
3225 5415 3435 5477 gentem
3469 5415 3549 5458 te-

1960 5514 2265 5569 nelmarum.
2297 5509 2402 5564 Sed
2430 5507 2497 5562 ad
2524 5507 2691 5562 Deum
2718 5503 2931 5560 attende
2950 5545 2963 5569 ,
2992 5503 3038 5557 si
3068 5517 3173 5556 non
3203 5501 3255 5554 in
3287 5499 3430 5553 illum
3458 5496 3549 5551 re-

1961 5604 2155 5660 fundis.
2187 5605 2243 5659 Si
2270 5602 2411 5657 enim
2440 5608 2620 5670 posset
2654 5612 2784 5669 gens
2816 5596 3174 5658 tenebrarum,
3205 5606 3361 5661 quam
3393 5589 3550 5659 lingis

1963 5697 2053 5761 tis,
2080 5695 2181 5750 hoc
2210 5693 2302 5748 tibi
2332 5691 2536 5747 diceret
2559 5704 2572 5742 :
2594 5688 2740 5758 Quid
2770 5705 2855 5744 me
2884 5684 3139 5741 accusas?
3169 5682 3319 5737 Potui
3350 5680 3550 5751 aliquid

1960 5788 2139 5843 facere
2180 5788 2288 5842 Deo
2329 5795 2450 5851 tuo,
2493 5797 2671 5839 annon
2701 5780 2885 5852 potui?
2913 5780 2968 5834 Si
3012 5777 3192 5847 potui,
3238 5774 3425 5829 fortior
3452 5774 3548 5849 illo

1964 5896 2082 5938 sum
2109 5896 2120 5933 :
2152 5877 2327 5935 sinon
2366 5875 2547 5949 potui,
2579 5886 2745 5946 quare
2769 5885 2854 5928 me
2878 5868 3088 5925 timuit?
3117 5866 3173 5924 Si
3203 5882 3306 5923 non
3338 5864 3547 5937 timuit,
