4084 6446
512 390 671 474 asas

525 527 694 585 quare
737 510 843 567 huc
884 516 935 565 te
979 504 1154 575 misit,
1196 513 1257 560 ut
1287 511 1428 560 tanta
1472 500 1558 558 hic
1598 501 1848 573 patiaris,
1878 516 1998 558 cum
2038 501 2112 555 sis

526 606 826 663 membrum
872 603 1073 674 ipsius,
1118 615 1239 657 cum
1270 599 1344 655 sis
1368 597 1661 654 substantia
1705 596 1907 668 ipsius?
1936 596 2112 653 sinon

528 700 733 766 timuit,
784 696 1080 763 invidit;‘si
1112 694 1213 750 hoc
1243 694 1433 749 timore
1471 707 1577 748 non
1608 690 1761 759 fecit,
1798 690 2113 748 crudelitate

524 790 667 847 fecit.
696 789 864 857 Quam
892 803 1018 857 ergo
1043 788 1254 858 iniquus
1278 794 1379 852 est,
1405 785 1492 842 cui
1522 784 1653 840 nihil
1680 785 1859 841 noceri
1885 793 2108 855 poterat,

460 868 464 874 λ
524 891 576 937 et
606 880 728 936 fecit
752 890 807 935 ut
834 879 1087 935 membris
1112 878 1222 934 suis
1251 877 1337 934 hic
1357 878 1429 933 ita
1457 878 1769 934 noceretur?
1800 878 1881 933 An
1908 884 2114 947 poterat

524 972 745 1054 noceri?
774 970 918 1043 Ergo
949 969 1367 1041 incorruptibilis
1396 984 1501 1025 non
1545 978 1647 1026 est.
1692 968 1826 1024 Cum
1863 969 1948 1024 vis
1985 982 2115 1039 ergo

523 1074 576 1120 te
603 1062 892 1121 defendere
911 1064 979 1120 de
1005 1074 1223 1135 peccato
1245 1073 1355 1132 tuo,
1378 1064 1595 1120 laudare
1618 1079 1722 1120 non
1746 1073 1897 1135 potes
1923 1063 2110 1119 Deum.

522 1158 582 1213 in
615 1156 772 1213 laude
803 1158 895 1213 Dei
940 1172 1045 1211 non
1092 1158 1395 1228 capereris,
1437 1157 1537 1212 nisi
1580 1157 1633 1211 in
1681 1165 1767 1210 tua
1810 1155 2109 1226 jactareris.

523 1248 713 1303 Transi
754 1247 821 1302 ad
862 1248 1307 1319 vituperationem
1349 1256 1528 1314 tuam,
1561 1255 1615 1303 et
1652 1245 1891 1301 laudabis
1920 1245 2109 1302 Deum.

521 1341 657 1397 Redi
704 1340 770 1396 ad
812 1341 970 1397 verba
1015 1341 1345 1397 Psalmorum
1390 1355 1523 1410 quos
1566 1339 1951 1408 exsecramini,
1989 1339 2107 1396 dic:

522 1429 638 1503 Ego
662 1432 789 1499 dixi,
819 1430 1034 1487 Domine
1050 1474 1066 1498 ,
1096 1434 1330 1488 miserere
1353 1432 1486 1497 mei;
1520 1448 1646 1487 sana
1669 1432 1891 1486 animam
1918 1448 2108 1499 meam,

519 1524 761 1594 quoniam
785 1526 985 1595 peccavi
1012 1523 1119 1579 tibi.
1151 1525 1263 1596 Ego
1286 1525 1424 1591 dixi,
1454 1540 1553 1596 ego
1582 1525 1831 1596 peccavi;
1865 1539 1972 1581 non
2002 1524 2111 1579 for-

523 1624 681 1681 tuna,
715 1629 820 1670 non
852 1614 1053 1683 fatum,
1102 1631 1209 1671 non
1248 1631 1381 1687 gens
1411 1616 1772 1672 tenebrarum.
1816 1616 1872 1671 Si
1900 1630 2028 1688 ergo
2056 1625 2112 1671 tu

508 1710 775 1783 peccasti,
802 1709 909 1780 jam
939 1709 1061 1766 vide
1085 1710 1532 1781 quemadmodum
1561 1700 1737 1780 pateat
1766 1710 1880 1765 laus
1909 1711 2023 1775 Dei,
2058 1711 2113 1766 in

520 1818 625 1872 qua
652 1802 1051 1873 angustabaris,
1079 1817 1199 1857 eum
1230 1811 1281 1858 te
1309 1802 1475 1859 velles
1502 1801 1807 1858 defendere.
1841 1802 2027 1858 Melius
2059 1803 2112 1858 in

522 1894 757 1963 peccatis
797 1894 902 1949 tuis
931 1896 1265 1965 angustaris,
1307 1904 1361 1951 et
1402 1897 1453 1949 in
1496 1894 1636 1949 illius
1664 1894 1821 1950 laude
1850 1894 2109 1950 dilataris.

520 1985 637 2041 Jam
666 2001 792 2056 ergo
822 1986 1071 2043 confesso
1097 1996 1317 2057 peccato
1346 1996 1435 2042 tuo
1454 2029 1469 2055 ,
1498 1986 1618 2043 vide
1660 1986 2111 2058 quemadmodum

522 2076 768 2132 laudetur
797 2077 937 2132 Deus
962 2096 975 2131 :
1007 2079 1126 2148 quia
1157 2087 1211 2134 et
1234 2078 1411 2148 justus
1438 2088 1552 2146 est,
1579 2092 1698 2134 cum
1730 2087 1781 2133 te
1809 2079 1961 2150 punit
1992 2094 2114 2149 per-

519 2177 894 2235 severantem;
927 2177 982 2224 et
1007 2169 1316 2226 misericors
1336 2210 1349 2235 ,
1380 2185 1501 2225 cum
1531 2168 1722 2225 liberat
1746 2169 2108 2225 confitentem.

518 2262 644 2317 Non
666 2274 814 2333 ergo,
844 2263 1032 2333 inquit,
1063 2263 1280 2318 declines
1308 2279 1395 2318 cor
1419 2278 1582 2317 meum
1611 2262 1661 2316 in
1692 2262 1838 2317 verba
1863 2262 2105 2334 maligna,

517 2354 589 2410 ad
614 2355 930 2411 excusandas
955 2355 1300 2410 excusationes
1323 2356 1376 2409 in
1412 2356 1667 2425 peccatis;
1708 2363 1765 2409 ut
1787 2354 1959 2410 dicam
1987 2356 2108 2427 quia

515 2462 651 2518 gens
680 2447 1023 2502 tenebrarum
1045 2446 1171 2502 fecit
1191 2445 1333 2516 quod
1362 2461 1463 2517 ego
1488 2445 1610 2501 feci.

592 2537 679 2593 12.
724 2536 847 2593 Cum
888 2538 1175 2593 hominibus
1216 2537 1543 2607 operantibus
1571 2537 1903 2606 iniquitatem.
1937 2535 2107 2604 Quam

518 2631 887 2702 iniquitatem?
916 2631 1162 2687 Dicamus
1190 2630 1420 2702 aliquam
1444 2644 1630 2686 eorum
1659 2629 1988 2700 iniquitatem
2017 2644 2111 2686 ne-

516 2722 751 2778 fandam.
782 2723 978 2778 Audite
1026 2724 1357 2794 iniquitatem
1388 2722 1645 2778 nefariam
1694 2722 2108 2780 Manichaeorum

518 2814 810 2886 publicam,
839 2831 997 2885 quam
1029 2815 1371 2871 confitentur.
1403 2816 1667 2887 Expedire
1694 2815 1878 2872 dicunt
1908 2817 2106 2874 homini

517 2906 874 2963 feneratorem
904 2921 1024 2963 esse
1043 2949 1059 2974 ,
1096 2922 1253 2979 quam
1284 2908 1594 2979 agricolam.
1623 2908 1829 2977 Quaeris
1855 2925 2069 2966 causam
2090 2952 2105 2979 ,

517 3008 574 3055 et
600 3000 828 3056 reddunt
854 3000 1134 3057 rationem.
1170 3000 1302 3056 Vide
1340 3002 1385 3056 si
1411 3000 1548 3057 ratio
1587 3002 1677 3057 illa
1706 3018 1812 3057 non
1840 3002 2107 3059 dementia

515 3091 843 3156 nominanda
872 3101 973 3148 est.
1011 3092 1112 3161 Qui
1140 3092 1284 3149 enim
1316 3092 1368 3147 in
1398 3108 1616 3148 usuram
1637 3135 1651 3158 ,
1700 3094 1974 3163 inquiunt,
2017 3093 2109 3150 dat

516 3183 794 3252 pecuniam
815 3224 830 3249 ,
875 3199 982 3237 non
1017 3183 1164 3239 lzcdit
1188 3199 1403 3240 crucem
1436 3184 1650 3240 luminis
1677 3183 1854 3257 (multi
1886 3201 1989 3240 nou
2021 3185 2106 3240 iu-

518 3274 783 3347 telligunt,
817 3276 910 3331 sed
938 3277 1224 3348 exponam)
1252 3297 1265 3333 :
1297 3278 1387 3348 qui
1414 3289 1623 3345 autem,
1652 3278 1929 3348 inquiunt,
1960 3279 2104 3349 agri-

514 3365 634 3422 cola
659 3376 763 3433 est,
798 3367 1018 3422 multum
1049 3368 1193 3424 hedit
1212 3384 1424 3425 crucem
1452 3370 1685 3425 luminis.
1715 3369 1921 3437 Quaeris
1947 3385 2103 3440 quam

514 3472 729 3514 crucem
776 3457 1029 3513 luminis?
1076 3459 1345 3525 Membra,
1394 3461 1671 3530 inquiunt,
1721 3460 1807 3516 illa
1854 3461 1950 3516 Dei
1986 3477 2106 3532 qua:

514 3558 670 3619 capta
692 3557 818 3613 sunt
849 3550 903 3605 in
926 3550 1018 3604 illo
1041 3551 1244 3621 prmlio,
1269 3552 1432 3607 mixta
1459 3562 1584 3608 sunt
1608 3554 1859 3609 universo
1880 3554 2100 3622 mundo,

513 3648 569 3696 et
594 3649 721 3695 sunt
750 3640 801 3695 in
831 3639 1139 3707 arboribus,
1174 3642 1226 3696 in
1258 3641 1437 3698 herbis
1459 3684 1473 3710 ,
1519 3644 1571 3698 in
1602 3643 1806 3713 pomis,
1842 3645 1894 3699 iu
1923 3644 2105 3700 fructi-

515 3732 637 3789 bus.
679 3732 773 3788 Dei
804 3733 1044 3789 membra
1072 3742 1263 3803 vexat,
1296 3735 1387 3805 qui
1419 3742 1613 3790 terram
1640 3736 1789 3791 sulco
1817 3736 2101 3805 discindit;

514 3823 611 3879 Dei
651 3824 890 3880 membra
922 3837 1113 3894 vexat,
1137 3826 1226 3897 qui
1267 3825 1488 3882 herbam
1524 3825 1593 3883 dc
1622 3836 1761 3884 terra
1789 3828 1973 3897 vellit;
2009 3830 2103 3886 Dei

513 3919 753 3975 membra
780 3928 955 3987 vexat,
991 3921 1079 3991 qui
1107 3936 1324 3991 pomum
1356 3923 1527 3992 carpit
1549 3922 1617 3979 de
1646 3923 1860 3981 arbore.
1891 3926 2016 3982 Hmc
2037 3941 2103 3982 nc

514 4011 674 4070 faciat
703 4013 755 4068 in
785 4028 914 4085 agro
936 4013 1068 4069 falsa
1096 4014 1400 4085 homicidia,
1429 4016 1556 4074 facit
1580 4020 1632 4074 in
1655 4018 1841 4075 fenore
1864 4037 1990 4076 vera
2010 4022 2105 4077 ho-

513 4106 750 4163 micidia.
782 4106 979 4162 Panem
1025 4106 1347 4164 mendicanti
1396 4124 1500 4165 non
1550 4112 1791 4181 porrigit.
1824 4111 2010 4169 Videte
2057 4114 2103 4168 si

514 4207 691 4269 potest
734 4213 856 4255 esse
900 4198 1071 4269 major
1118 4198 1367 4269 iniquitas
1413 4200 1513 4255 ista
1556 4200 1763 4271 iustitia
1816 4204 1856 4255 ί.
1905 4202 2102 4259 Panem

514 4288 838 4344 mendicanti
872 4305 977 4345 non
1022 4290 1279 4362 porrigit:
1310 4292 1542 4362 qumris,
1589 4296 1792 4365 quare?
1821 4293 1899 4351 Ne
1942 4295 2104 4352 vitam

516 4394 637 4450 qua:
672 4390 753 4435 est
783 4382 834 4436 in
876 4397 1008 4451 pane
1028 4425 1042 4447 ,
1071 4398 1231 4454 quam
1260 4382 1446 4440 dicunt
1484 4386 1782 4442 membrum
1818 4387 1941 4453 Dei,
1972 4388 2103 4444 sub-

516 4469 765 4526 stantiam
795 4471 1050 4539 divinam,
1081 4472 1357 4529 meudicus
1379 4474 1466 4530 ille
1487 4475 1726 4545 accipiat,
1753 4486 1807 4531 et
1834 4476 1962 4547 liget
1984 4493 2102 4534 eam

514 4563 571 4619 in
600 4578 782 4620 carne.
827 4562 964 4632 Quid
1002 4578 1130 4632 ergo
1160 4565 1288 4619 vos?
1331 4563 1498 4635 quid?
1525 4580 1689 4633 quare
1736 4567 2105 4624 manducatis?

514 4653 744 4712 Carnem
768 4670 872 4711 non
897 4654 1143 4713 habetis?
1169 4655 1274 4711 Sed
1296 4670 1415 4723 nos,
1442 4656 1703 4728 inquiunt,
1727 4660 1850 4730 quia
1874 4659 1976 4716 fide
1998 4661 2106 4717 Ma-

516 4747 711 4804 nichmi
753 4748 1034 4803 illuminati
1076 4763 1297 4814 sumus,
1330 4748 1660 4807 orationibus
1684 4763 1737 4806 et
1765 4752 1978 4822 psalmis
2004 4768 2104 4809 no-

516 4842 664 4909 stris,
695 4841 785 4913 qui
810 4842 965 4897 electi
993 4858 1198 4908 sumus,
1230 4858 1518 4915 purgamus
1543 4842 1664 4900 inde
1692 4845 1853 4901 vitam
1880 4862 1999 4917 quae
2022 4856 2106 4905 est

515 4936 571 4991 in
601 4936 693 4991 illo
714 4950 868 5006 pauc,
900 4944 954 4992 et
973 4936 1232 4992 mittimus
1261 4937 1404 4993 illam
1426 4938 1491 4994 ad
1516 4937 1793 4996 thesauros
1820 4941 2102 4998 caelorum.

517 5028 676 5085 Tales
702 5037 825 5084 sunt
851 5028 1028 5096 electi,
1054 5038 1113 5084 nt
1134 5044 1238 5086 non
1268 5031 1374 5086 sint
1397 5031 1634 5088 salvandi
1665 5047 1693 5087 a
1725 5032 1857 5101 Deo,
1882 5033 1977 5090 sed
1997 5034 2105 5091 sal-

518 5131 728 5177 vatores
753 5121 869 5178 Dei.
904 5121 971 5176 Et
993 5123 1107 5193 ipse
1136 5132 1220 5179 cst
1245 5122 1523 5191 Christus,
1557 5124 1774 5193 dicunt,
1816 5127 2105 5184 cruciﬁxus

517 5213 571 5268 in
600 5222 711 5268 toto
737 5214 953 5269 mundo.
984 5215 1095 5286 Ego
1126 5216 1178 5271 iu
1206 5216 1495 5288 Evangelio
1519 5217 1853 5274 Salvatorem
1878 5232 2103 5288 accepe-

518 5324 631 5366 ram
661 5310 961 5379 Christum;
1006 5328 1099 5368 vos
1141 5322 1319 5369 autem
1347 5314 1477 5370 estis
1507 5313 1561 5368 in
1598 5313 1747 5371 libris
1771 5314 1965 5371 vestris
1993 5315 2104 5370 sal-

518 5413 731 5459 vatores
757 5402 977 5458 Christi.
1008 5405 1149 5461 Estis
1186 5407 1341 5475 plane
1385 5406 1847 5476 blasphematorcs
1873 5407 2102 5477 Christi,

516 5507 572 5553 ct
598 5496 717 5553 ideo
736 5512 764 5551 a
787 5496 999 5553 Christo
1023 5513 1127 5553 non
1150 5499 1413 5559 salvandi.
1438 5500 1581 5570 Ergo
1601 5501 1838 5558 bucceila
1862 5518 1929 5558 ne
1949 5502 2107 5557 detur

516 5589 782 5656 mendico,
806 5600 862 5655 et
889 5589 1060 5659 ploret
1090 5590 1140 5643 in
1173 5590 1408 5648 buccella
1450 5594 1747 5651 membrum
1779 5595 1867 5651 Dei
1890 5636 1904 5663 ,
1953 5610 2107 5649 men-

516 5680 669 5738 dicus
697 5681 833 5738 fame
862 5684 1151 5739 moriturus
1172 5684 1292 5739 est!
1326 5684 1477 5740 Falsa
1510 5684 1874 5743 misericordia
1900 5688 1953 5744 in
1976 5687 2105 5745 buc-

581 5843 596 5877 ι
622 5843 694 5893 Sic
715 5841 940 5908 plerique
963 5851 1071 5896 Mss.
1096 5852 1150 5902 At
1172 5845 1311 5909 add,
1339 5843 1427 5897 ista
1448 5843 1696 5909 injustitia.

1797 380 1858 437 S.
1896 375 2262 437 AUGUSTINI
2302 371 2609 435 EPISCOPI

3178 338 3222 359 ’ἐκεῖ
3227 341 3231 343 “
3238 336 3274 359 κθ*
3284 340 3297 359 Γ

3675 384 3821 447 ιω

2227 496 2446 561 cellam,
2480 494 2605 552 facit
2644 509 2825 552 verum
2858 496 3200 554 homicidium
3238 493 3294 556 in
3336 498 3611 561 hominem
3636 506 3678 561 ί.
3710 508 3822 567 Sed

2222 590 2313 660 qui
2360 601 2490 645 sunt
2529 591 2617 646 isti
2659 591 2814 648 electi
2854 594 3077 649 eorum?
3110 592 3231 650 Non
3272 595 3494 653 declines
3531 614 3623 655 cor
3646 619 3821 659 meum

2221 682 2274 736 in
2295 684 2444 739 verba
2468 686 2692 757 maligna
2710 728 2726 753 ,
2758 696 2804 743 et
2829 705 2931 744 non
2956 691 3251 749 combinabo
3273 712 3389 752 cum
3412 700 3587 757 electis
3613 719 3819 763 eorum.

2295 776 2384 831 15.
2416 775 2564 851 [verm
2596 779 2676 851 5.]
2706 778 3011 837 Emendabit
3044 801 3123 839 me
3137 786 3311 857 justus
3345 790 3399 846 in
3434 794 3821 868 misericordia,

2222 879 2269 924 et
2319 880 2496 941 arguet
2548 889 2642 928 me.
2696 872 2885 932 Videte
2936 888 3273 947 peccatorem
3326 884 3696 945 confessorem
3742 894 3765 924 ¹
3804 909 3821 947 :

2222 961 2497 1018 emendari
2526 978 2585 1019 se
2615 965 2728 1021 vult
2768 967 3215 1040 misericorditer,
3260 976 3437 1045 potius
3458 978 3479 1010 ³
3508 996 3671 1051 quam
3700 983 3824 1040 laut-

2221 1051 2337 1107 dari
2365 1051 2642 1111 fallaciter.
2671 1054 2973 1115 Emendabit
3012 1078 3093 1117 me
3110 1064 3288 1135 justus
3325 1068 3378 1123 in
3420 1071 3770 1131 misericordic
3798 1094 3824 1134 :

2221 1145 2267 1200 si
2292 1144 2469 1216 justus
2498 1157 2600 1216 est,
2627 1150 2671 1206 si
2700 1151 3004 1210 misericors
3035 1166 3137 1226 est,
3160 1160 3377 1229 quando
3400 1178 3487 1220 me
3512 1166 3656 1223 videt
3682 1183 3821 1239 pec-

2219 1246 2452 1335 cantem.
2487 1240 2599 1335 Hoc
2628 1244 2809 1315 utique
2834 1247 3074 1317 quasdam
3104 1253 3344 1311 membra
3369 1256 3567 1317 Christi
3592 1262 3818 1335 dicunt,

2219 1328 2288 1384 de
2311 1330 2630 1401 quibusdam
2674 1336 2931 1393 membris
2959 1337 3158 1398 Christi
3201 1343 3418 1416 dicunt,
3464 1350 3519 1407 in
3550 1369 3658 1410 uno
3687 1328 3822 1413 eor;

2219 1435 2351 1491 pore
2401 1423 2605 1517 dicunt.
2656 1426 2916 1499 Dignatur
2964 1431 3109 1505 loqui
3157 1435 3414 1495 Dominus
3465 1459 3531 1500 ex
3584 1460 3822 1517 persona

2220 1515 2617 1588 emendaturis,
2667 1535 2765 1578 nec
2818 1526 3021 1596 respuit
3073 1544 3357 1599 personam
3406 1515 3677 1595 emendati
3730 1544 3822 1600 vel

2218 1607 2539 1666 emendandi
2568 1609 2591 1642 ⁸
2616 1629 2629 1666 :
2656 1614 2834 1670 omnia
2861 1617 3004 1673 enim
3029 1621 3266 1677 membra
3297 1624 3349 1680 in
3374 1625 3485 1696 illo,
3509 1639 3563 1685 et
3589 1632 3706 1703 ipse
3733 1635 3819 1690 di-

2220 1699 2311 1765 cit,
2345 1699 2649 1758 Emendabit
2673 1722 2751 1759 me
2768 1708 2963 1778 justus.
2995 1710 3125 1779 Quis
3147 1712 3323 1783 justus
3350 1726 3402 1774 te
3431 1699 3823 1783 emendaturus

2220 1792 2343 1847 cst?
2376 1793 2546 1866 Caput
2586 1798 2835 1855 emendat
2878 1804 3056 1858 omnia
3084 1806 3343 1863 membra.
3391 1809 3697 1871 Emendabit
3735 1835 3824 1874 me

2211 1884 2385 1954 justus
2408 1887 2460 1941 in
2484 1889 2853 1959 misericordia,
2880 1902 2928 1947 et
2950 1907 3127 1967 arguet
3148 1914 3244 1952 me.
3271 1900 3492 1972 Arguet,
3515 1905 3610 1961 sed
3631 1908 3685 1963 in
3713 1911 3824 1964 mi-

2221 1982 2512 2037 sericordia
2539 2001 2551 2037 :
2582 1996 2784 2057 arguet,
2818 1988 2913 2044 sed
2939 2005 3043 2046 non
3071 1992 3215 2062 odit;
3244 2004 3301 2052 et
3322 2012 3387 2053 eo
3412 2002 3580 2071 magis
3600 2013 3817 2074 arguet,

2218 2073 2484 2166 quianon
2525 2076 2654 2132 odit.
2684 2078 2749 2134 Et
2782 2080 2881 2136 iste
2910 2097 3076 2153 quare
3102 2085 3226 2143 inde
3253 2090 3447 2159 gratias
3482 2093 3628 2164 agit?
3651 2073 3817 2166 Quia,

2217 2160 2427 2234 Corripe
2452 2166 2749 2234 sapientem,
2783 2180 2829 2225 et
2856 2173 3044 2228 curabit
3070 2184 3117 2229 te
3138 2176 3319 2248 (Prov.
3344 2196 3416 2247 tx,
3446 2160 3819 2253 8).'Emenda;

2218 2254 2286 2308 bit
2317 2272 2395 2309 me
2410 2259 2582 2328 justus
2603 2276 2623 2314 :
2649 2261 2770 2331 quia
2794 2266 3173 2335 persequitur?
3200 2269 3389 2327 Absit:
3422 2272 3509 2330 hic
3528 2286 3611 2331 est
3634 2280 3821 2347 potius

2216 2348 2603 2417 emendandus,
2633 2353 2676 2408 si
2703 2353 2826 2411 odio
2850 2358 3117 2415 emendat.
3150 2360 3327 2430 Quare
3363 2380 3492 2435 ergo
3516 2371 3820 2429 emendat?

2216 2438 2282 2496 In
2310 2445 2675 2501 misericordia.
2724 2449 2792 2504 Et
2830 2463 3007 2524 arguet
3048 2471 3168 2511 me:
3198 2457 3251 2512 in
3278 2461 3466 2530 quo'?
3494 2462 3551 2518 lu
3596 2465 3819 2523 miseri-

2216 2533 2417 2588 cordia.
2452 2534 2632 2592 Oleum
2661 2548 2829 2595 autem
2856 2546 3132 2612 peccatoris
3160 2562 3260 2602 non
3290 2549 3629 2622 intpinguabit
3652 2568 3820 2628 caput

2214 2642 2398 2681 meum.
2429 2626 2565 2696 Quid
2593 2640 2694 2698 est,
2730 2631 2910 2688 Oleum
2935 2639 3215 2706 peccatoris
3242 2656 3343 2695 non
3366 2642 3704 2717 impinguabit
3721 2626 3815 2704 ca-

2216 2728 2307 2788 put
2334 2723 2541 2776 meum?
2569 2722 2683 2777 Non
2711 2736 2916 2781 crescet
2944 2739 3105 2800 caput
3153 2747 3329 2788 meum
3370 2735 3440 2792 de
3479 2738 3811 2799 adulatione.

2215 2808 2369 2865 Falsa
2401 2811 2517 2869 laus
2542 2813 2775 2871 adulatio
2803 2828 2919 2885 est;
2954 2818 3083 2877 falsa
3112 2823 3226 2878 laus
3252 2823 3561 2899 adulatoris,
3596 2831 3700 2889 hoc
3729 2844 3815 2893 est

2214 2900 2391 2957 oleum
2438 2908 2753 2973 peccatoris.
2801 2908 3089 2981 Propterea
3118 2924 3173 2970 et
3215 2916 3461 2975 homines
3506 2937 3631 2981 cum
3669 2922 3813 2985 falsa

2216 2992 2371 3050 laude
2400 2990 2629 3067 aliquem
2662 2999 2925 3058 irriserint
2946 3046 2960 3071 ,
3010 3006 3111 3062 hoc
3153 3010 3312 3066 etiam
3342 3011 3410 3069 de
3455 3014 3550 3071 illo
3580 3015 3807 3077 dicunt:

2214 3084 2351 3143 Unxi
2390 3088 2464 3145 illi
2494 3100 2671 3162 caput.
2701 3093 2892 3151 Amate
2938 3112 3064 3171 ergo
3089 3102 3237 3173 argui
3268 3118 3297 3158 a
3322 3104 3467 3175 justo
3505 3106 3559 3164 in
3588 3111 3811 3169 miseri-

2212 3178 2424 3247 cordia;
2451 3181 2613 3238 nolite
2637 3198 2766 3256 ergo
2793 3201 2974 3243 amare
3002 3190 3199 3248 laudari
3222 3209 3252 3249 a
3274 3206 3553 3264 peccatore
3578 3214 3703 3257 cum
3736 3203 3812 3261 iro

2210 3273 2433 3329 risione.
2463 3274 2721 3334 Habetote
2748 3279 2925 3337 oleum
2951 3282 3259 3353 vobiscum,
3300 3298 3355 3344 et
3394 3305 3500 3347 non
3546 3296 3808 3365 quaeretis

2211 3367 2387 3423 oleum
2416 3371 2732 3439 peccatoris.
2760 3371 3041 3445 Sapientes
3062 3380 3205 3436 enim
3234 3382 3337 3438 illze
3355 3376 3589 3457 virgines
3616 3402 3810 3448 secum

2211 3462 2493 3530 portabant
2524 3463 2698 3520 oleum
2730 3465 2943 3534 (Matth.
2976 3485 3108 3540 xxv,
3133 3472 3190 3545 tl)
3218 3492 3231 3528 :
3278 3476 3545 3547 sapientes
3568 3480 3808 3552 virgines

2210 3568 2391 3610 secum
2422 3556 2599 3612 oleum
2632 3559 2948 3629 portabant,
2992 3562 3043 3619 id
3071 3574 3187 3633 est,
3232 3569 3557 3625 conscientia
3587 3572 3807 3631 illarum

2211 3644 2313 3737 illis
2339 3648 2703 3705 testimonium
2728 3651 3058 3721 perhibebat.
3082 3654 3267 3712 Oleum
3289 3659 3455 3730 gloria
3476 3672 3580 3731 est,
3613 3662 3805 3737 fulget,

2210 3736 2344 3793 nitet
2371 3738 2423 3793 in
2445 3741 2748 3810 superficie.
2773 3741 2877 3798 Sed
2900 3743 3037 3801 bona
3057 3746 3215 3804 debet
3238 3764 3356 3807 esse
3374 3751 3566 3823 gloria,
3592 3763 3651 3811 et
3674 3736 3806 3814 vera

2208 3827 2405 3899 gloria,
2451 3840 2508 3886 ut
2534 3831 2602 3887 ibi
2632 3834 2700 3889 sit
2728 3834 2870 3890 intus
2899 3836 2950 3890 in
2983 3839 3121 3894 vasis
3154 3841 3285 3896 suis.
3318 3842 3452 3900 Audi
3481 3846 3609 3917 quid
3635 3859 3723 3905 est
3747 3850 3805 3908 in

2210 3921 2351 3976 vasis
2376 3938 2388 3975 :
2424 3920 2611 3979 Probet
2631 3934 2797 3981 autem
2826 3944 2881 3983 se
2904 3928 3053 3983 homo
3073 3970 3088 3996 ,
3120 3941 3167 3985 et
3197 3942 3316 3988 tunc
3340 3935 3393 3991 in
3416 3939 3682 4011 semetipso
3706 3941 3808 3998 Iw-

2210 4012 2337 4106 bebit
2362 4014 2598 4085 gloriam,
2628 4028 2673 4071 et
2697 4036 2797 4074 non
2826 4021 2878 4075 in
2905 4020 3064 4078 altero
3095 4022 3289 4093 (Galat.
3320 4043 3393 4097 v1,
3421 4029 3498 4103 4).
3525 4030 3665 4101 Quid
3689 4045 3804 4106 est,

2210 4105 2268 4161 In
2307 4108 2447 4163 vasis
2489 4110 2636 4167 suis?
2666 4113 2802 4168 Audi
2848 4115 3021 4187 ipsum
3066 4118 3378 4189 Apostolum
3405 4142 3419 4178 :
3450 4122 3589 4179 Nam
3627 4105 3805 4199 gloria

2210 4210 2383 4295 nostra
2426 4203 2534 4257 lucc
2576 4214 2686 4274 est,
2738 4207 3078 4264 testimonium
3126 4214 3444 4271 conscientia:
3484 4228 3674 4276 nostra
3717 4222 3804 4295 (ll

2209 4286 2329 4345 Cor.
2353 4306 2391 4358 t,
2428 4292 2539 4362 12).

2284 4384 2370 4440 14.
2401 4386 2695 4457 Postremo,
2717 4391 2838 4461 quia
2866 4394 2919 4449 in
2948 4409 3173 4466 corpore
3201 4397 3397 4456 Christi
3420 4415 3505 4469 es,
3533 4412 3589 4460 et
3622 4404 3807 4465 adhuc

2210 4486 2394 4548 portas
2436 4480 2812 4539 mortalitatem
2841 4486 3157 4557 quamdam;
3195 4499 3249 4546 tu
3277 4491 3412 4548 tibi‘
3442 4503 3561 4550 esto
3582 4495 3803 4567 justus,

2210 4570 2337 4625 etin
2365 4578 2417 4625 te
2444 4580 2560 4627 esto
2582 4572 2778 4643 justus.
2806 4575 3064 4635 Peccator
3102 4594 3161 4636 es
3183 4622 3201 4650 ,
3228 4583 3439 4640 vindica
3466 4590 3519 4643 iu
3547 4594 3639 4653 te;
3681 4590 3808 4646 redi

2209 4660 2275 4715 ad
2301 4661 2678 4719 conscientiam
2720 4675 2882 4733 tuam,
2906 4670 3058 4741 exige
3086 4670 3153 4728 de
3178 4682 3230 4729 te
3260 4688 3446 4746 poenas
3471 4721 3487 4745 ,
3513 4681 3690 4738 crucia
3721 4689 3808 4737 te-

2210 4754 2404 4824 ipsum.
2421 4755 2496 4811 lta
2513 4756 2653 4813 enim
2671 4756 2831 4814 oll‘ers
2850 4762 3166 4819 sacrificium
3184 4765 3312 4821 Deo.
3335 4766 3467 4835 Quia
3486 4772 3532 4825 si
3546 4772 3797 4829 voluisses

2210 4846 2514 4916 sacriﬁcium
2532 4891 2548 4914 ,
2591 4850 2835 4905 dedissem
2862 4853 3035 4924 utique
3052 4896 3067 4921 ,
3098 4857 3172 4911 ait
3199 4868 3467 4929 peccator,
3490 4864 3806 4920 holocaustis

2210 4955 2311 4995 non
2343 4940 2684 4997 delectaberis.
2717 4943 2855 5012 Quid
2901 4947 3068 5017 ergo?
3110 4948 3315 5005 nullum
3354 4953 3549 5024 accipit
3586 4957 3805 5012 sacriﬁ-

2212 5032 2389 5089 cium?
2413 5033 2739 5105 Sacriﬁcium
2780 5036 2891 5092 Deo
2912 5039 3121 5109 spiritus
3150 5043 3547 5111 contribulatus;
3566 5064 3653 5101 cor
3677 5064 3805 5104 con-

2213 5127 2383 5182 tritum
2402 5138 2448 5182 et
2472 5128 2790 5184 humiliatum
2823 5128 2962 5186 Deus
2983 5148 3082 5188 non
3104 5136 3294 5204 spernit
3316 5136 3485 5209 (Psal.
3516 5155 3568 5209 ι,
3588 5139 3803 5211 18,19).

2274 5282 2293 5315 ¹
2319 5281 2485 5359 Plures
2507 5290 2631 5359 atsszg
2669 5283 2861 5359 Palmm
2895 5285 3281 5357 misericordiam
3313 5289 3363 5341 in
3397 5290 3630 5345 bucellam
3657 5294 3805 5359 facit,

2208 5357 2374 5396 verum
2403 5345 2713 5397 homicidium
2734 5348 2785 5399 in
2804 5347 3057 5399 hominem.

2274 5407 2506 5479 {Aliquot
2526 5416 2643 5479 uss.
2669 5424 2778 5458 cum
2797 5420 2931 5479 μη,
2972 5420 3276 5479 peccatorum
3310 5418 3639 5479 confessorem.
3677 5428 3807 5471 Νορ-

2210 5468 2348 5544 9""3’
2372 5468 2673 5531 νέσεαωνωη
2694 5468 3050 5536 ίοηῑεεεέσηέιη·
3076 5482 3129 5524 Et
3151 5477 3362 5539 Quidam,
3393 5468 3657 5544 peccatoris
3686 5468 3806 5534 cui.

2208 5536 2476 5595 legionem.

2275 5594 2368 5668 {tu
2388 5601 2440 5667 β.
2460 5593 2605 5668 deest
2622 5608 2732 5657 vox,
2757 5596 2928 5660 potius,
2949 5612 3094 5663 quam
3118 5613 3183 5651 ex
3207 5607 3279 5651 Er.
3306 5602 3451 5668 Lndg.
3480 5613 3597 5656 Ven.
3618 5613 3671 5660 et.
3684 5612 3807 5660 Lor.

2213 5663 2528 5706 restitnimus.
2558 5664 2612 5705 Μ.

2274 5718 2389 5785 ξδίο
2409 5717 2642 5785 meliores
2662 5727 2768 5771 Mss.
2794 5722 2905 5772 Edd.
2931 5737 3068 5785 vero,
3094 5725 3165 5775 vel
3181 5726 3499 5780 emendantis.

2275 5782 2414 5853 fam.
2439 5788 2501 5853 et
2515 5781 2736 5853 plerique
2759 5790 2886 5835 Mss:
2919 5794 2972 5853 In
2989 5781 3085 5850 qua
3106 5786 3437 5853 misericordia
3454 5790 3480 5842 2

2278 5844 2299 5876 ⁸
2332 5849 2466 5909 Lov.,
2484 5843 2537 5896 tu
2556 5843 2625 5897 ibi
2646 5843 2760 5910 esto,
2786 5856 2902 5925 etc,
2925 5843 3328 5905 dissentientibus
3345 5852 3460 5907 add.
3481 5852 3589 5913 aliis
3604 5861 3655 5910 et
3687 5862 3807 5917 IK.
