  <div class='ocr_page' id='page_1' title='image "/cluster/home/n/w/nwhite01/storage/ocr_20150623/37/uva.x000827106/410.png"; bbox 0 0 4084 6448; ppageno 0'>
   <div class='ocr_carea' id='block_1_1' title="bbox 406 422 553 482">
    <p class='ocr_par' dir='ltr' id='par_1_1' title="bbox 406 422 553 482">
     <span class='ocr_line' id='line_1_1' title="bbox 406 422 553 482; baseline 0.007 -1"><span class='ocrx_word' id='word_1_1' title='bbox 406 422 553 482; x_wconf 70' lang='grc'><strong>1825</strong></span> 
     </span>
    </p>
   </div>
   <div class='ocr_carea' id='block_1_2' title="bbox 402 519 1992 595">
    <p class='ocr_par' dir='ltr' id='par_1_2' title="bbox 402 519 1992 595">
     <span class='ocr_line' id='line_1_2' title="bbox 402 519 1992 595; baseline -0.014 0"><span class='ocrx_word' id='word_1_2' title='bbox 402 535 644 595; x_wconf 74' lang='lat' dir='ltr'><strong>Humilia</strong></span> <span class='ocrx_word' id='word_1_3' title='bbox 685 548 779 590; x_wconf 87' lang='lat' dir='ltr'><strong>cor</strong></span> <span class='ocrx_word' id='word_1_4' title='bbox 806 540 990 595; x_wconf 89' lang='lat' dir='ltr'><strong>tuum,</strong></span> <span class='ocrx_word' id='word_1_5' title='bbox 1049 536 1267 585; x_wconf 89' lang='lat' dir='ltr'><strong>contere</strong></span> <span class='ocrx_word' id='word_1_6' title='bbox 1320 540 1412 581; x_wconf 91' lang='lat' dir='ltr'><strong>cor</strong></span> <span class='ocrx_word' id='word_1_7' title='bbox 1465 532 1648 587; x_wconf 90' lang='lat' dir='ltr'><strong>tuum,</strong></span> <span class='ocrx_word' id='word_1_8' title='bbox 1676 519 1851 576; x_wconf 84' lang='lat' dir='ltr'><strong>crucia</strong></span> <span class='ocrx_word' id='word_1_9' title='bbox 1897 532 1992 573; x_wconf 91' lang='lat' dir='ltr'><strong>cor</strong></span> 
     </span>
    </p>
   </div>
   <div class='ocr_carea' id='block_1_3' title="bbox 402 609 1993 693">
    <p class='ocr_par' dir='ltr' id='par_1_3' title="bbox 402 609 1993 693">
     <span class='ocr_line' id='line_1_3' title="bbox 402 609 1993 693; baseline -0.015 -7"><span class='ocrx_word' id='word_1_10' title='bbox 402 638 563 686; x_wconf 71' lang='lat' dir='ltr'><strong>suum</strong></span> <span class='ocrx_word' id='word_1_11' title='bbox 588 644 603 693; x_wconf 86' lang='lat'><strong>;</strong></span> <span class='ocrx_word' id='word_1_12' title='bbox 632 635 687 682; x_wconf 90' lang='lat' dir='ltr'><strong>et</strong></span> <span class='ocrx_word' id='word_1_13' title='bbox 740 634 794 680; x_wconf 91' lang='lat' dir='ltr'><strong>tu</strong></span> <span class='ocrx_word' id='word_1_14' title='bbox 846 624 1017 693; x_wconf 86' lang='lat' dir='ltr'><strong>ipsum</strong></span> <span class='ocrx_word' id='word_1_15' title='bbox 1058 616 1367 676; x_wconf 80' lang='lat' dir='ltr'><strong>emendabis</strong></span> <span class='ocrx_word' id='word_1_16' title='bbox 1393 615 1446 670; x_wconf 90' lang='lat' dir='ltr'><strong>in</strong></span> <span class='ocrx_word' id='word_1_17' title='bbox 1475 609 1858 669; x_wconf 82' lang='lat' dir='ltr'><strong>misericordia:</strong></span> <span class='ocrx_word' id='word_1_18' title='bbox 1888 623 1993 663; x_wconf 94' lang='lat' dir='ltr'><strong>non</strong></span> 
     </span>
    </p>
   </div>
   <div class='ocr_carea' id='block_1_4' title="bbox 406 705 1996 780">
    <p class='ocr_par' dir='ltr' id='par_1_4' title="bbox 406 705 1996 780">
     <span class='ocr_line' id='line_1_4' title="bbox 406 705 1996 780; baseline -0.016 -2"><span class='ocrx_word' id='word_1_19' title='bbox 406 722 559 779; x_wconf 83' lang='lat' dir='ltr'><strong>enim</strong></span> <span class='ocrx_word' id='word_1_20' title='bbox 586 717 746 775; x_wconf 87' lang='lat' dir='ltr'><strong>odisti</strong></span> <span class='ocrx_word' id='word_1_21' title='bbox 767 724 841 780; x_wconf 88' lang='lat' dir='ltr'><strong>te,</strong></span> <span class='ocrx_word' id='word_1_22' title='bbox 871 729 992 769; x_wconf 91' lang='lat' dir='ltr'><strong>cum</strong></span> <span class='ocrx_word' id='word_1_23' title='bbox 1023 710 1178 767; x_wconf 72' lang='lat' dir='ltr'><strong>saevis</strong></span> <span class='ocrx_word' id='word_1_24' title='bbox 1210 709 1262 764; x_wconf 92' lang='lat' dir='ltr'><strong>in</strong></span> <span class='ocrx_word' id='word_1_25' title='bbox 1299 715 1370 763; x_wconf 91' lang='lat' dir='ltr'><strong>te.</strong></span> <span class='ocrx_word' id='word_1_26' title='bbox 1394 705 1515 760; x_wconf 85' lang='lat' dir='ltr'><strong>Eris</strong></span> <span class='ocrx_word' id='word_1_27' title='bbox 1540 705 1595 759; x_wconf 91' lang='lat' dir='ltr'><strong>in</strong></span> <span class='ocrx_word' id='word_1_28' title='bbox 1626 709 1779 773; x_wconf 90' lang='lat' dir='ltr'><strong>parte</strong></span> <span class='ocrx_word' id='word_1_29' title='bbox 1806 714 1996 757; x_wconf 82' lang='lat' dir='ltr'><strong>emen-</strong></span> 
     </span>
    </p>
   </div>
   <div class='ocr_carea' id='block_1_5' title="bbox 408 790 1998 880">
    <p class='ocr_par' dir='ltr' id='par_1_5' title="bbox 408 790 1998 880">
     <span class='ocr_line' id='line_1_5' title="bbox 408 790 1998 880; baseline -0.014 -11"><span class='ocrx_word' id='word_1_30' title='bbox 408 814 578 870; x_wconf 87' lang='lat' dir='ltr'><strong>dante</strong></span> <span class='ocrx_word' id='word_1_31' title='bbox 604 811 620 842; x_wconf 89' lang='grc'>¹</span> <span class='ocrx_word' id='word_1_32' title='bbox 654 810 829 880; x_wconf 87' lang='lat' dir='ltr'><strong>justus</strong></span> <span class='ocrx_word' id='word_1_33' title='bbox 850 846 867 873; x_wconf 92' lang='lat'><strong>,</strong></span> <span class='ocrx_word' id='word_1_34' title='bbox 899 802 1143 876; x_wconf 82' lang='lat' dir='ltr'><strong>quamvis</strong></span> <span class='ocrx_word' id='word_1_35' title='bbox 1163 801 1236 857; x_wconf 90' lang='lat' dir='ltr'><strong>sis</strong></span> <span class='ocrx_word' id='word_1_36' title='bbox 1256 798 1427 854; x_wconf 92' lang='lat' dir='ltr'><strong>adhuc</strong></span> <span class='ocrx_word' id='word_1_37' title='bbox 1447 797 1500 852; x_wconf 92' lang='lat' dir='ltr'><strong>in</strong></span> <span class='ocrx_word' id='word_1_38' title='bbox 1527 790 1854 851; x_wconf 88' lang='lat' dir='ltr'><strong>emendanda</strong></span> <span class='ocrx_word' id='word_1_39' title='bbox 1872 805 1998 863; x_wconf 86' lang='lat' dir='ltr'><strong>pec-</strong></span> 
     </span>
    </p>
   </div>
   <div class='ocr_carea' id='block_1_6' title="bbox 410 886 1994 971">
    <p class='ocr_par' dir='ltr' id='par_1_6' title="bbox 410 886 1994 971">
     <span class='ocr_line' id='line_1_6' title="bbox 410 886 1994 971; baseline -0.015 -9"><span class='ocrx_word' id='word_1_40' title='bbox 410 914 568 962; x_wconf 87' lang='lat' dir='ltr'><strong>cator</strong></span> <span class='ocrx_word' id='word_1_41' title='bbox 592 922 606 959; x_wconf 93' lang='lat'><strong>:</strong></span> <span class='ocrx_word' id='word_1_42' title='bbox 634 917 699 958; x_wconf 79' lang='lat' dir='ltr'><strong>ex</strong></span> <span class='ocrx_word' id='word_1_43' title='bbox 726 915 828 971; x_wconf 91' lang='lat' dir='ltr'><strong>qua</strong></span> <span class='ocrx_word' id='word_1_44' title='bbox 855 905 1005 970; x_wconf 88' lang='lat' dir='ltr'><strong>parte</strong></span> <span class='ocrx_word' id='word_1_45' title='bbox 1029 896 1172 953; x_wconf 90' lang='lat' dir='ltr'><strong>enim</strong></span> <span class='ocrx_word' id='word_1_46' title='bbox 1204 892 1297 948; x_wconf 88' lang='lat' dir='ltr'><strong>tibi</strong></span> <span class='ocrx_word' id='word_1_47' title='bbox 1325 888 1576 960; x_wconf 88' lang='lat' dir='ltr'><strong>displices</strong></span> <span class='ocrx_word' id='word_1_48' title='bbox 1599 928 1614 953; x_wconf 93' lang='lat'><strong>,</strong></span> <span class='ocrx_word' id='word_1_49' title='bbox 1646 886 1875 957; x_wconf 78' lang='lat' dir='ltr'><strong>injustas</strong></span> <span class='ocrx_word' id='word_1_50' title='bbox 1900 898 1994 951; x_wconf 88' lang='lat' dir='ltr'><strong>es;</strong></span> 
     </span>
    </p>
   </div>
   <div class='ocr_carea' id='block_1_7' title="bbox 409 974 1997 1066">
    <p class='ocr_par' dir='ltr' id='par_1_7' title="bbox 409 974 1997 1066">
     <span class='ocr_line' id='line_1_7' title="bbox 409 974 1997 1066; baseline -0.015 -13"><span class='ocrx_word' id='word_1_51' title='bbox 409 1013 483 1053; x_wconf 78' lang='lat' dir='ltr'><strong>ex</strong></span> <span class='ocrx_word' id='word_1_52' title='bbox 505 1009 605 1066; x_wconf 89' lang='lat' dir='ltr'><strong>qua</strong></span> <span class='ocrx_word' id='word_1_53' title='bbox 632 992 727 1048; x_wconf 88' lang='lat' dir='ltr'><strong>tibi</strong></span> <span class='ocrx_word' id='word_1_54' title='bbox 772 988 1019 1059; x_wconf 75' lang='lat' dir='ltr'><strong>displicet</strong></span> <span class='ocrx_word' id='word_1_55' title='bbox 1047 985 1099 1040; x_wconf 94' lang='lat' dir='ltr'><strong>in</strong></span> <span class='ocrx_word' id='word_1_56' title='bbox 1146 992 1197 1038; x_wconf 90' lang='lat' dir='ltr'><strong>te</strong></span> <span class='ocrx_word' id='word_1_57' title='bbox 1225 981 1368 1055; x_wconf 91' lang='lat' dir='ltr'><strong>quod</strong></span> <span class='ocrx_word' id='word_1_58' title='bbox 1399 980 1654 1051; x_wconf 89' lang='lat' dir='ltr'><strong>injustum</strong></span> <span class='ocrx_word' id='word_1_59' title='bbox 1679 986 1761 1033; x_wconf 91' lang='lat' dir='ltr'><strong>est</strong></span> <span class='ocrx_word' id='word_1_60' title='bbox 1785 1015 1800 1042; x_wconf 89' lang='lat'><strong>,</strong></span> <span class='ocrx_word' id='word_1_61' title='bbox 1820 974 1997 1046; x_wconf 89' lang='lat' dir='ltr'><strong>justus</strong></span> 
     </span>
    </p>
   </div>
   <div class='ocr_carea' id='block_1_8' title="bbox 414 1067 1998 1150">
    <p class='ocr_par' dir='ltr' id='par_1_8' title="bbox 414 1067 1998 1150">
     <span class='ocr_line' id='line_1_8' title="bbox 414 1067 1998 1150; baseline -0.014 -7"><span class='ocrx_word' id='word_1_62' title='bbox 414 1104 483 1145; x_wconf 82' lang='lat' dir='ltr'><strong>es</strong></span> <span class='ocrx_word' id='word_1_63' title='bbox 508 1089 550 1140; x_wconf 79' lang='grc'><strong>³.</strong></span> <span class='ocrx_word' id='word_1_64' title='bbox 580 1084 674 1140; x_wconf 80' lang='lat' dir='ltr'><strong>Vis</strong></span> <span class='ocrx_word' id='word_1_65' title='bbox 700 1080 884 1138; x_wconf 86' lang='lat' dir='ltr'><strong>videre</strong></span> <span class='ocrx_word' id='word_1_66' title='bbox 911 1092 1069 1150; x_wconf 91' lang='lat' dir='ltr'><strong>quam</strong></span> <span class='ocrx_word' id='word_1_67' title='bbox 1107 1075 1283 1147; x_wconf 89' lang='lat' dir='ltr'><strong>justus</strong></span> <span class='ocrx_word' id='word_1_68' title='bbox 1310 1074 1409 1130; x_wconf 85' lang='lat' dir='ltr'><strong>es?</strong></span> <span class='ocrx_word' id='word_1_69' title='bbox 1436 1072 1551 1128; x_wconf 85' lang='lat' dir='ltr'><strong>Hoc</strong></span> <span class='ocrx_word' id='word_1_70' title='bbox 1596 1070 1650 1125; x_wconf 95' lang='lat' dir='ltr'><strong>in</strong></span> <span class='ocrx_word' id='word_1_71' title='bbox 1680 1078 1731 1125; x_wconf 92' lang='lat' dir='ltr'><strong>te</strong></span> <span class='ocrx_word' id='word_1_72' title='bbox 1764 1068 1859 1124; x_wconf 93' lang='lat' dir='ltr'><strong>tibi</strong></span> <span class='ocrx_word' id='word_1_73' title='bbox 1885 1067 1998 1123; x_wconf 87' lang='lat' dir='ltr'><strong>dis-</strong></span> 
     </span>
    </p>
   </div>
   <div class='ocr_carea' id='block_1_9' title="bbox 416 1156 1996 1250">
    <p class='ocr_par' dir='ltr' id='par_1_9' title="bbox 416 1156 1996 1250">
     <span class='ocr_line' id='line_1_9' title="bbox 416 1156 1996 1250; baseline -0.015 -15"><span class='ocrx_word' id='word_1_74' title='bbox 416 1180 582 1250; x_wconf 85' lang='lat' dir='ltr'><strong>plicet</strong></span> <span class='ocrx_word' id='word_1_75' title='bbox 609 1173 751 1247; x_wconf 88' lang='lat' dir='ltr'><strong>quod</strong></span> <span class='ocrx_word' id='word_1_76' title='bbox 777 1182 830 1228; x_wconf 89' lang='lat' dir='ltr'><strong>et</strong></span> <span class='ocrx_word' id='word_1_77' title='bbox 856 1171 967 1226; x_wconf 89' lang='lat' dir='ltr'><strong>Deo</strong></span> <span class='ocrx_word' id='word_1_78' title='bbox 998 1186 1011 1223; x_wconf 91' lang='lat'><strong>:</strong></span> <span class='ocrx_word' id='word_1_79' title='bbox 1044 1168 1153 1239; x_wconf 90' lang='lat' dir='ltr'><strong>jam</strong></span> <span class='ocrx_word' id='word_1_80' title='bbox 1173 1162 1497 1236; x_wconf 83' lang='lat' dir='ltr'><strong>conjunxisti</strong></span> <span class='ocrx_word' id='word_1_81' title='bbox 1523 1170 1575 1217; x_wconf 91' lang='lat' dir='ltr'><strong>te</strong></span> <span class='ocrx_word' id='word_1_82' title='bbox 1594 1158 1852 1216; x_wconf 79' lang='lat' dir='ltr'><strong>voluntati</strong></span> <span class='ocrx_word' id='word_1_83' title='bbox 1878 1156 1996 1225; x_wconf 88' lang='lat' dir='ltr'><strong>Dei,</strong></span> 
     </span>
    </p>
   </div>
   <div class='ocr_carea' id='block_1_10' title="bbox 426 1251 2001 1339">
    <p class='ocr_par' dir='ltr' id='par_1_10' title="bbox 426 1251 2001 1339">
     <span class='ocr_line' id='line_1_10' title="bbox 426 1251 2001 1339; baseline -0.015 -11"><span class='ocrx_word' id='word_1_84' title='bbox 426 1281 486 1327; x_wconf 90' lang='lat' dir='ltr'><strong>et</strong></span> <span class='ocrx_word' id='word_1_85' title='bbox 518 1270 570 1327; x_wconf 93' lang='lat' dir='ltr'><strong>in</strong></span> <span class='ocrx_word' id='word_1_86' title='bbox 602 1268 773 1339; x_wconf 85' lang='lat' dir='ltr'><strong>teipse</strong></span> <span class='ocrx_word' id='word_1_87' title='bbox 802 1265 824 1297; x_wconf 89' lang='grc'>³</span> <span class='ocrx_word' id='word_1_88' title='bbox 850 1279 957 1320; x_wconf 90' lang='lat' dir='ltr'><strong>non</strong></span> <span class='ocrx_word' id='word_1_89' title='bbox 988 1260 1130 1333; x_wconf 90' lang='lat' dir='ltr'><strong>quod</strong></span> <span class='ocrx_word' id='word_1_90' title='bbox 1160 1259 1248 1315; x_wconf 88' lang='lat' dir='ltr'><strong>ille</strong></span> <span class='ocrx_word' id='word_1_91' title='bbox 1275 1258 1399 1314; x_wconf 86' lang='lat' dir='ltr'><strong>fecit</strong></span> <span class='ocrx_word' id='word_1_92' title='bbox 1422 1296 1439 1322; x_wconf 91' lang='lat'><strong>,</strong></span> <span class='ocrx_word' id='word_1_93' title='bbox 1465 1255 1558 1312; x_wconf 84' lang='lat' dir='ltr'><strong>sed</strong></span> <span class='ocrx_word' id='word_1_94' title='bbox 1588 1253 1728 1326; x_wconf 89' lang='lat' dir='ltr'><strong>quod</strong></span> <span class='ocrx_word' id='word_1_95' title='bbox 1768 1252 1856 1309; x_wconf 91' lang='lat' dir='ltr'><strong>ille</strong></span> <span class='ocrx_word' id='word_1_96' title='bbox 1887 1251 2001 1306; x_wconf 90' lang='lat' dir='ltr'><strong>odit</strong></span> 
     </span>
    </p>
   </div>
   <div class='ocr_carea' id='block_1_11' title="bbox 414 1343 2001 1427">
    <p class='ocr_par' dir='ltr' id='par_1_11' title="bbox 414 1343 2001 1427">
     <span class='ocr_line' id='line_1_11' title="bbox 414 1343 2001 1427; baseline -0.013 -8"><span class='ocrx_word' id='word_1_97' title='bbox 414 1362 601 1420; x_wconf 88' lang='lat' dir='ltr'><strong>odisti.</strong></span> <span class='ocrx_word' id='word_1_98' title='bbox 625 1361 703 1417; x_wconf 75' lang='lat' dir='ltr'><strong>Ex</strong></span> <span class='ocrx_word' id='word_1_99' title='bbox 733 1373 799 1414; x_wconf 93' lang='lat' dir='ltr'><strong>eo</strong></span> <span class='ocrx_word' id='word_1_100' title='bbox 818 1354 961 1427; x_wconf 90' lang='lat' dir='ltr'><strong>quod</strong></span> <span class='ocrx_word' id='word_1_101' title='bbox 985 1353 1145 1411; x_wconf 91' lang='lat' dir='ltr'><strong>odisti</strong></span> <span class='ocrx_word' id='word_1_102' title='bbox 1172 1353 1225 1407; x_wconf 92' lang='lat' dir='ltr'><strong>in</strong></span> <span class='ocrx_word' id='word_1_103' title='bbox 1256 1361 1309 1407; x_wconf 92' lang='lat' dir='ltr'><strong>te</strong></span> <span class='ocrx_word' id='word_1_104' title='bbox 1335 1348 1476 1421; x_wconf 93' lang='lat' dir='ltr'><strong>quod</strong></span> <span class='ocrx_word' id='word_1_105' title='bbox 1504 1346 1697 1414; x_wconf 81' lang='lat' dir='ltr'><strong>iecisti,</strong></span> <span class='ocrx_word' id='word_1_106' title='bbox 1721 1344 1862 1417; x_wconf 88' lang='lat' dir='ltr'><strong>quod</strong></span> <span class='ocrx_word' id='word_1_107' title='bbox 1887 1343 2001 1400; x_wconf 91' lang='lat' dir='ltr'><strong>odit</strong></span> 
     </span>
    </p>
   </div>
   <div class='ocr_carea' id='block_1_12' title="bbox 414 1441 1997 1524">
    <p class='ocr_par' dir='ltr' id='par_1_12' title="bbox 414 1441 1997 1524">
     <span class='ocr_line' id='line_1_12' title="bbox 414 1441 1997 1524; baseline -0.015 -12"><span class='ocrx_word' id='word_1_108' title='bbox 414 1463 476 1513; x_wconf 85' lang='lat' dir='ltr'><strong>et</strong></span> <span class='ocrx_word' id='word_1_109' title='bbox 498 1454 589 1511; x_wconf 87' lang='lat' dir='ltr'><strong>ille</strong></span> <span class='ocrx_word' id='word_1_110' title='bbox 614 1451 705 1524; x_wconf 86' lang='lat' dir='ltr'><strong>qui</strong></span> <span class='ocrx_word' id='word_1_111' title='bbox 732 1449 834 1505; x_wconf 85' lang='lat' dir='ltr'><strong>hoc</strong></span> <span class='ocrx_word' id='word_1_112' title='bbox 864 1463 971 1503; x_wconf 91' lang='lat' dir='ltr'><strong>non</strong></span> <span class='ocrx_word' id='word_1_113' title='bbox 1002 1444 1127 1500; x_wconf 80' lang='lat' dir='ltr'><strong>fecit</strong></span> <span class='ocrx_word' id='word_1_114' title='bbox 1145 1485 1159 1509; x_wconf 89' lang='lat'><strong>,</strong></span> <span class='ocrx_word' id='word_1_115' title='bbox 1182 1441 1393 1513; x_wconf 80' lang='lat' dir='ltr'><strong>coepisti</strong></span> <span class='ocrx_word' id='word_1_116' title='bbox 1428 1441 1483 1495; x_wconf 91' lang='lat' dir='ltr'><strong>in</strong></span> <span class='ocrx_word' id='word_1_117' title='bbox 1512 1447 1563 1495; x_wconf 88' lang='lat' dir='ltr'><strong>te</strong></span> <span class='ocrx_word' id='word_1_118' title='bbox 1592 1452 1713 1494; x_wconf 85' lang='lat' dir='ltr'><strong>esse</strong></span> <span class='ocrx_word' id='word_1_119' title='bbox 1735 1450 1957 1493; x_wconf 91' lang='lat' dir='ltr'><strong>severus</strong></span> <span class='ocrx_word' id='word_1_120' title='bbox 1982 1450 1997 1500; x_wconf 89' lang='lat'><strong>;</strong></span> 
     </span>
    </p>
   </div>
   <div class='ocr_carea' id='block_1_13' title="bbox 415 1525 1996 1608">
    <p class='ocr_par' dir='ltr' id='par_1_13' title="bbox 415 1525 1996 1608">
     <span class='ocr_line' id='line_1_13' title="bbox 415 1525 1996 1608; baseline -0.016 -3"><span class='ocrx_word' id='word_1_121' title='bbox 415 1548 524 1605; x_wconf 84' lang='lat' dir='ltr'><strong>erit</strong></span> <span class='ocrx_word' id='word_1_122' title='bbox 547 1545 637 1601; x_wconf 89' lang='lat' dir='ltr'><strong>ille</strong></span> <span class='ocrx_word' id='word_1_123' title='bbox 678 1540 983 1599; x_wconf 87' lang='lat' dir='ltr'><strong>misericors</strong></span> <span class='ocrx_word' id='word_1_124' title='bbox 1013 1555 1027 1592; x_wconf 91' lang='lat'><strong>:</strong></span> <span class='ocrx_word' id='word_1_125' title='bbox 1060 1542 1277 1608; x_wconf 85' lang='lat' dir='ltr'><strong>parcet,</strong></span> <span class='ocrx_word' id='word_1_126' title='bbox 1301 1533 1423 1604; x_wconf 83' lang='lat' dir='ltr'><strong>quia</strong></span> <span class='ocrx_word' id='word_1_127' title='bbox 1463 1540 1517 1586; x_wconf 95' lang='lat' dir='ltr'><strong>tu</strong></span> <span class='ocrx_word' id='word_1_128' title='bbox 1545 1545 1651 1586; x_wconf 93' lang='lat' dir='ltr'><strong>non</strong></span> <span class='ocrx_word' id='word_1_129' title='bbox 1684 1525 1996 1599; x_wconf 78' lang='lat' dir='ltr'><strong>pepercisti.</strong></span> 
     </span>
    </p>
   </div>
   <div class='ocr_carea' id='block_1_14' title="bbox 416 1618 2002 1712">
    <p class='ocr_par' dir='ltr' id='par_1_14' title="bbox 416 1618 2002 1712">
     <span class='ocr_line' id='line_1_14' title="bbox 416 1618 2002 1712; baseline -0.016 -14"><span class='ocrx_word' id='word_1_130' title='bbox 416 1642 561 1712; x_wconf 81' lang='lat' dir='ltr'><strong>Ergo</strong></span> <span class='ocrx_word' id='word_1_131' title='bbox 606 1652 671 1694; x_wconf 82' lang='lat' dir='ltr'><strong>ex</strong></span> <span class='ocrx_word' id='word_1_132' title='bbox 699 1649 805 1707; x_wconf 92' lang='lat' dir='ltr'><strong>quo</strong></span> <span class='ocrx_word' id='word_1_133' title='bbox 851 1631 1169 1702; x_wconf 88' lang='lat' dir='ltr'><strong>conjunctus</strong></span> <span class='ocrx_word' id='word_1_134' title='bbox 1198 1640 1257 1683; x_wconf 89' lang='lat' dir='ltr'><strong>es</strong></span> <span class='ocrx_word' id='word_1_135' title='bbox 1282 1624 1450 1680; x_wconf 92' lang='lat' dir='ltr'><strong>oculis</strong></span> <span class='ocrx_word' id='word_1_136' title='bbox 1468 1623 1585 1693; x_wconf 87' lang='lat' dir='ltr'><strong>ejus</strong></span> <span class='ocrx_word' id='word_1_137' title='bbox 1608 1662 1623 1688; x_wconf 91' lang='lat'><strong>,</strong></span> <span class='ocrx_word' id='word_1_138' title='bbox 1664 1629 1719 1677; x_wconf 92' lang='lat' dir='ltr'><strong>et</strong></span> <span class='ocrx_word' id='word_1_139' title='bbox 1753 1618 2002 1676; x_wconf 84' lang='lat' dir='ltr'><strong>eondele-</strong></span> 
     </span>
    </p>
   </div>
   <div class='ocr_carea' id='block_1_15' title="bbox 423 1710 2001 1799">
    <p class='ocr_par' dir='ltr' id='par_1_15' title="bbox 423 1710 2001 1799">
     <span class='ocr_line' id='line_1_15' title="bbox 423 1710 2001 1799; baseline -0.017 -10"><span class='ocrx_word' id='word_1_140' title='bbox 423 1710 587 1789; x_wconf 33' lang='lat' dir='ltr'><strong>cta&#39;ris</strong></span> <span class='ocrx_word' id='word_1_141' title='bbox 611 1727 713 1799; x_wconf 88' lang='lat' dir='ltr'><strong>legi</strong></span> <span class='ocrx_word' id='word_1_142' title='bbox 752 1725 893 1796; x_wconf 87' lang='lat' dir='ltr'><strong>ejus,</strong></span> <span class='ocrx_word' id='word_1_143' title='bbox 918 1731 973 1780; x_wconf 90' lang='lat' dir='ltr'><strong>et</strong></span> <span class='ocrx_word' id='word_1_144' title='bbox 999 1721 1102 1775; x_wconf 88' lang='lat' dir='ltr'><strong>hoc</strong></span> <span class='ocrx_word' id='word_1_145' title='bbox 1128 1720 1179 1774; x_wconf 91' lang='lat' dir='ltr'><strong>iu</strong></span> <span class='ocrx_word' id='word_1_146' title='bbox 1208 1726 1260 1773; x_wconf 92' lang='lat' dir='ltr'><strong>te</strong></span> <span class='ocrx_word' id='word_1_147' title='bbox 1288 1715 1464 1787; x_wconf 90' lang='lat' dir='ltr'><strong>arguis</strong></span> <span class='ocrx_word' id='word_1_148' title='bbox 1485 1712 1624 1784; x_wconf 91' lang='lat' dir='ltr'><strong>quod</strong></span> <span class='ocrx_word' id='word_1_149' title='bbox 1651 1712 1735 1767; x_wconf 79' lang='lat' dir='ltr'><strong>lex</strong></span> <span class='ocrx_word' id='word_1_150' title='bbox 1762 1710 1877 1780; x_wconf 89' lang='lat' dir='ltr'><strong>ejus</strong></span> <span class='ocrx_word' id='word_1_151' title='bbox 1912 1724 2001 1763; x_wconf 90' lang='lat' dir='ltr'><strong>ar-</strong></span> 
     </span>
    </p>
   </div>
   <div class='ocr_carea' id='block_1_16' title="bbox 418 1798 2002 1895">
    <p class='ocr_par' dir='ltr' id='par_1_16' title="bbox 418 1798 2002 1895">
     <span class='ocr_line' id='line_1_16' title="bbox 418 1798 2002 1895; baseline -0.016 -16"><span class='ocrx_word' id='word_1_152' title='bbox 418 1822 571 1895; x_wconf 87' lang='lat' dir='ltr'><strong>guit,</strong></span> <span class='ocrx_word' id='word_1_153' title='bbox 602 1798 790 1875; x_wconf 15' lang='lat' dir='ltr'><strong>etiboc</strong></span> <span class='ocrx_word' id='word_1_154' title='bbox 840 1815 893 1869; x_wconf 93' lang='lat' dir='ltr'><strong>in</strong></span> <span class='ocrx_word' id='word_1_155' title='bbox 944 1821 996 1869; x_wconf 91' lang='lat' dir='ltr'><strong>te</strong></span> <span class='ocrx_word' id='word_1_156' title='bbox 1026 1810 1121 1866; x_wconf 93' lang='lat' dir='ltr'><strong>tibi</strong></span> <span class='ocrx_word' id='word_1_157' title='bbox 1165 1807 1413 1879; x_wconf 87' lang='lat' dir='ltr'><strong>displicet</strong></span> <span class='ocrx_word' id='word_1_158' title='bbox 1440 1803 1583 1876; x_wconf 90' lang='lat' dir='ltr'><strong>quod</strong></span> <span class='ocrx_word' id='word_1_159' title='bbox 1630 1810 1685 1858; x_wconf 88' lang='lat' dir='ltr'><strong>et</strong></span> <span class='ocrx_word' id='word_1_160' title='bbox 1712 1800 1882 1856; x_wconf 90' lang='lat' dir='ltr'><strong>oculis</strong></span> <span class='ocrx_word' id='word_1_161' title='bbox 1905 1798 2002 1854; x_wconf 90' lang='lat' dir='ltr'><strong>Dei</strong></span> 
     </span>
    </p>
   </div>
   <div class='ocr_carea' id='block_1_17' title="bbox 418 1891 2002 1985">
    <p class='ocr_par' dir='ltr' id='par_1_17' title="bbox 418 1891 2002 1985">
     <span class='ocr_line' id='line_1_17' title="bbox 418 1891 2002 1985; baseline -0.016 -14"><span class='ocrx_word' id='word_1_162' title='bbox 418 1891 668 1985; x_wconf 81' lang='lat' dir='ltr'><strong>displicet</strong></span> <span class='ocrx_word' id='word_1_163' title='bbox 696 1949 711 1973; x_wconf 89' lang='lat'><strong>,</strong></span> <span class='ocrx_word' id='word_1_164' title='bbox 738 1906 860 1961; x_wconf 86' lang='lat' dir='ltr'><strong>vide</strong></span> <span class='ocrx_word' id='word_1_165' title='bbox 886 1918 1044 1975; x_wconf 92' lang='lat' dir='ltr'><strong>quam</strong></span> <span class='ocrx_word' id='word_1_166' title='bbox 1065 1902 1239 1972; x_wconf 86' lang='lat' dir='ltr'><strong>justus</strong></span> <span class='ocrx_word' id='word_1_167' title='bbox 1258 1913 1351 1955; x_wconf 92' lang='lat' dir='ltr'><strong>es:</strong></span> <span class='ocrx_word' id='word_1_168' title='bbox 1382 1912 1446 1952; x_wconf 79' lang='lat' dir='ltr'><strong>ex</strong></span> <span class='ocrx_word' id='word_1_169' title='bbox 1470 1909 1578 1966; x_wconf 93' lang='lat' dir='ltr'><strong>quo</strong></span> <span class='ocrx_word' id='word_1_170' title='bbox 1606 1903 1786 1951; x_wconf 80' lang='lat' dir='ltr'><strong>autem</strong></span> <span class='ocrx_word' id='word_1_171' title='bbox 1822 1891 2002 1960; x_wconf 83' lang='lat' dir='ltr'><strong>lapsus</strong></span> 
     </span>
    </p>
   </div>
   <div class='ocr_carea' id='block_1_18' title="bbox 420 1983 2001 2073">
    <p class='ocr_par' dir='ltr' id='par_1_18' title="bbox 420 1983 2001 2073">
     <span class='ocr_line' id='line_1_18' title="bbox 420 1983 2001 2073; baseline -0.018 -9"><span class='ocrx_word' id='word_1_172' title='bbox 420 1983 593 2063; x_wconf 89' lang='lat' dir='ltr'><strong>fecisti</strong></span> <span class='ocrx_word' id='word_1_173' title='bbox 623 2017 683 2059; x_wconf 89' lang='lat' dir='ltr'><strong>ea</strong></span> <span class='ocrx_word' id='word_1_174' title='bbox 714 2015 833 2073; x_wconf 69' lang='lat' dir='ltr'><strong>qua:</strong></span> <span class='ocrx_word' id='word_1_175' title='bbox 858 1997 1138 2068; x_wconf 84' lang='lat' dir='ltr'><strong>diSplicent</strong></span> <span class='ocrx_word' id='word_1_176' title='bbox 1173 1994 1319 2058; x_wconf 91' lang='lat' dir='ltr'><strong>Deo,</strong></span> <span class='ocrx_word' id='word_1_177' title='bbox 1351 1999 1404 2046; x_wconf 93' lang='lat' dir='ltr'><strong>et</strong></span> <span class='ocrx_word' id='word_1_178' title='bbox 1445 1988 1731 2059; x_wconf 79' lang='lat' dir='ltr'><strong>fragilitate</strong></span> <span class='ocrx_word' id='word_1_179' title='bbox 1774 1983 2001 2059; x_wconf 87' lang='lat' dir='ltr'><strong>quadam</strong></span> 
     </span>
    </p>
   </div>
   <div class='ocr_carea' id='block_1_19' title="bbox 423 2075 2002 2157">
    <p class='ocr_par' dir='ltr' id='par_1_19' title="bbox 423 2075 2002 2157">
     <span class='ocr_line' id='line_1_19' title="bbox 423 2075 2002 2157; baseline -0.017 -3"><span class='ocrx_word' id='word_1_180' title='bbox 423 2092 750 2154; x_wconf 80' lang='lat' dir='ltr'><strong>infirmitatis</strong></span> <span class='ocrx_word' id='word_1_181' title='bbox 789 2090 1035 2145; x_wconf 75' lang='lat' dir='ltr'><strong>humana:</strong></span> <span class='ocrx_word' id='word_1_182' title='bbox 1064 2082 1357 2157; x_wconf 88' lang='lat' dir='ltr'><strong>prolaberis</strong></span> <span class='ocrx_word' id='word_1_183' title='bbox 1379 2081 1431 2135; x_wconf 90' lang='lat' dir='ltr'><strong>in</strong></span> <span class='ocrx_word' id='word_1_184' title='bbox 1456 2079 1568 2144; x_wconf 87' lang='lat' dir='ltr'><strong>illa,</strong></span> <span class='ocrx_word' id='word_1_185' title='bbox 1598 2085 1653 2133; x_wconf 90' lang='lat' dir='ltr'><strong>ct</strong></span> <span class='ocrx_word' id='word_1_186' title='bbox 1677 2075 1850 2131; x_wconf 83' lang='lat' dir='ltr'><strong>adhuc</strong></span> <span class='ocrx_word' id='word_1_187' title='bbox 1873 2089 2002 2143; x_wconf 86' lang='lat' dir='ltr'><strong>por-</strong></span> 
     </span>
    </p>
   </div>
   <div class='ocr_carea' id='block_1_20' title="bbox 420 2164 2003 2245">
    <p class='ocr_par' dir='ltr' id='par_1_20' title="bbox 420 2164 2003 2245">
     <span class='ocr_line' id='line_1_20' title="bbox 420 2164 2003 2245; baseline -0.018 0"><span class='ocrx_word' id='word_1_188' title='bbox 420 2199 505 2245; x_wconf 89' lang='lat' dir='ltr'><strong>tas</strong></span> <span class='ocrx_word' id='word_1_189' title='bbox 553 2184 917 2242; x_wconf 82' lang='lat' dir='ltr'><strong>infirmitatem</strong></span> <span class='ocrx_word' id='word_1_190' title='bbox 966 2176 1177 2242; x_wconf 89' lang='lat' dir='ltr'><strong>carnis,</strong></span> <span class='ocrx_word' id='word_1_191' title='bbox 1227 2182 1282 2230; x_wconf 91' lang='lat' dir='ltr'><strong>et</strong></span> <span class='ocrx_word' id='word_1_192' title='bbox 1320 2172 1489 2244; x_wconf 80' lang='lat' dir='ltr'><strong>gemis</strong></span> <span class='ocrx_word' id='word_1_193' title='bbox 1542 2166 1814 2239; x_wconf 85' lang='lat' dir='ltr'><strong>cujusdam</strong></span> <span class='ocrx_word' id='word_1_194' title='bbox 1857 2164 2003 2220; x_wconf 89' lang='lat' dir='ltr'><strong>relu-</strong></span> 
     </span>
    </p>
   </div>
   <div class='ocr_carea' id='block_1_21' title="bbox 421 2258 2003 2337">
    <p class='ocr_par' dir='ltr' id='par_1_21' title="bbox 421 2258 2003 2337">
     <span class='ocr_line' id='line_1_21' title="bbox 421 2258 2003 2337; baseline -0.016 -2"><span class='ocrx_word' id='word_1_195' title='bbox 421 2274 676 2336; x_wconf 87' lang='lat' dir='ltr'><strong>ctationis</strong></span> <span class='ocrx_word' id='word_1_196' title='bbox 720 2268 1071 2337; x_wconf 88' lang='lat' dir='ltr'><strong>conscientia,</strong></span> <span class='ocrx_word' id='word_1_197' title='bbox 1098 2281 1165 2322; x_wconf 76' lang='lat' dir='ltr'><strong>ex</strong></span> <span class='ocrx_word' id='word_1_198' title='bbox 1191 2264 1291 2319; x_wconf 90' lang='lat' dir='ltr'><strong>bac</strong></span> <span class='ocrx_word' id='word_1_199' title='bbox 1317 2270 1469 2334; x_wconf 89' lang='lat' dir='ltr'><strong>parte</strong></span> <span class='ocrx_word' id='word_1_200' title='bbox 1496 2258 1520 2292; x_wconf 69' lang='grc'><strong>⁸</strong></span> <span class='ocrx_word' id='word_1_201' title='bbox 1553 2258 1766 2329; x_wconf 89' lang='lat' dir='ltr'><strong>iniquus</strong></span> <span class='ocrx_word' id='word_1_202' title='bbox 1798 2262 1852 2310; x_wconf 89' lang='lat' dir='ltr'><strong>et</strong></span> <span class='ocrx_word' id='word_1_203' title='bbox 1878 2268 2003 2325; x_wconf 87' lang='lat' dir='ltr'><strong>pec-</strong></span> 
     </span>
    </p>
   </div>
   <div class='ocr_carea' id='block_1_22' title="bbox 421 2382 679 2429">
    <p class='ocr_par' dir='ltr' id='par_1_22' title="bbox 421 2382 679 2429">
     <span class='ocr_line' id='line_1_22' title="bbox 421 2382 679 2429; baseline -0.019 0"><span class='ocrx_word' id='word_1_204' title='bbox 421 2382 575 2429; x_wconf 86' lang='lat' dir='ltr'><strong>cator</strong></span> <span class='ocrx_word' id='word_1_205' title='bbox 600 2385 679 2427; x_wconf 91' lang='lat' dir='ltr'><strong>es.</strong></span> 
     </span>
    </p>
   </div>
   <div class='ocr_carea' id='block_1_23' title="bbox 496 2440 2002 2530">
    <p class='ocr_par' dir='ltr' id='par_1_23' title="bbox 496 2440 2002 2530">
     <span class='ocr_line' id='line_1_23' title="bbox 496 2440 2002 2530; baseline -0.019 -11"><span class='ocrx_word' id='word_1_206' title='bbox 496 2464 587 2521; x_wconf 85' lang='grc'><strong>15.</strong></span> <span class='ocrx_word' id='word_1_207' title='bbox 617 2456 896 2530; x_wconf 85' lang='lat' dir='ltr'><strong>Quomodo</strong></span> <span class='ocrx_word' id='word_1_208' title='bbox 919 2497 935 2525; x_wconf 89' lang='lat'><strong>,</strong></span> <span class='ocrx_word' id='word_1_209' title='bbox 962 2452 1200 2525; x_wconf 89' lang='lat' dir='ltr'><strong>inquies,</strong></span> <span class='ocrx_word' id='word_1_210' title='bbox 1230 2464 1298 2507; x_wconf 79' lang='lat' dir='ltr'><strong>ex</strong></span> <span class='ocrx_word' id='word_1_211' title='bbox 1336 2445 1564 2519; x_wconf 88' lang='lat' dir='ltr'><strong>quadam</strong></span> <span class='ocrx_word' id='word_1_212' title='bbox 1606 2446 1758 2514; x_wconf 84' lang='lat' dir='ltr'><strong>parte</strong></span> <span class='ocrx_word' id='word_1_213' title='bbox 1781 2440 1957 2512; x_wconf 87' lang='lat' dir='ltr'><strong>justus</strong></span> <span class='ocrx_word' id='word_1_214' title='bbox 1984 2477 2002 2504; x_wconf 95' lang='lat'><strong>,</strong></span> 
     </span>
    </p>
   </div>
   <div class='ocr_carea' id='block_1_24' title="bbox 422 2530 2007 2627">
    <p class='ocr_par' dir='ltr' id='par_1_24' title="bbox 422 2530 2007 2627">
     <span class='ocr_line' id='line_1_24' title="bbox 422 2530 2007 2627; baseline -0.018 -14"><span class='ocrx_word' id='word_1_215' title='bbox 422 2574 488 2614; x_wconf 80' lang='lat' dir='ltr'><strong>ex</strong></span> <span class='ocrx_word' id='word_1_216' title='bbox 518 2552 747 2627; x_wconf 88' lang='lat' dir='ltr'><strong>quadam</strong></span> <span class='ocrx_word' id='word_1_217' title='bbox 776 2557 925 2620; x_wconf 88' lang='lat' dir='ltr'><strong>parte</strong></span> <span class='ocrx_word' id='word_1_218' title='bbox 955 2544 1238 2618; x_wconf 86' lang='lat' dir='ltr'><strong>peccator?</strong></span> <span class='ocrx_word' id='word_1_219' title='bbox 1263 2538 1389 2619; x_wconf 87' lang='lat' dir='ltr'><strong>quid</strong></span> <span class='ocrx_word' id='word_1_220' title='bbox 1417 2545 1500 2594; x_wconf 90' lang='lat' dir='ltr'><strong>est</strong></span> <span class='ocrx_word' id='word_1_221' title='bbox 1528 2533 1671 2608; x_wconf 91' lang='lat' dir='ltr'><strong>quod</strong></span> <span class='ocrx_word' id='word_1_222' title='bbox 1692 2531 1873 2589; x_wconf 81' lang='lat' dir='ltr'><strong>dicis?</strong></span> <span class='ocrx_word' id='word_1_223' title='bbox 1904 2530 2007 2586; x_wconf 88' lang='lat' dir='ltr'><strong>La-</strong></span> 
     </span>
    </p>
   </div>
   <div class='ocr_carea' id='block_1_25' title="bbox 421 2623 2006 2712">
    <p class='ocr_par' dir='ltr' id='par_1_25' title="bbox 421 2623 2006 2712">
     <span class='ocr_line' id='line_1_25' title="bbox 421 2623 2006 2712; baseline -0.017 -7"><span class='ocrx_word' id='word_1_224' title='bbox 421 2623 676 2706; x_wconf 71' lang='lat' dir='ltr'><strong>boramus</strong></span> <span class='ocrx_word' id='word_1_225' title='bbox 696 2685 711 2712; x_wconf 91' lang='lat'><strong>,</strong></span> <span class='ocrx_word' id='word_1_226' title='bbox 737 2641 978 2697; x_wconf 84' lang='lat' dir='ltr'><strong>videmur</strong></span> <span class='ocrx_word' id='word_1_227' title='bbox 1007 2635 1150 2707; x_wconf 89' lang='lat' dir='ltr'><strong>loqui</strong></span> <span class='ocrx_word' id='word_1_228' title='bbox 1185 2630 1478 2695; x_wconf 86' lang='lat' dir='ltr'><strong>contraria,</strong></span> <span class='ocrx_word' id='word_1_229' title='bbox 1508 2626 1609 2683; x_wconf 90' lang='lat' dir='ltr'><strong>nisi</strong></span> <span class='ocrx_word' id='word_1_230' title='bbox 1639 2623 1790 2681; x_wconf 92' lang='lat' dir='ltr'><strong>nobis</strong></span> <span class='ocrx_word' id='word_1_231' title='bbox 1814 2623 2006 2678; x_wconf 83' lang='lat' dir='ltr'><strong>subve-</strong></span> 
     </span>
    </p>
   </div>
   <div class='ocr_carea' id='block_1_26' title="bbox 423 2715 2007 2807">
    <p class='ocr_par' dir='ltr' id='par_1_26' title="bbox 423 2715 2007 2807">
     <span class='ocr_line' id='line_1_26' title="bbox 423 2715 2007 2807; baseline -0.02 -9"><span class='ocrx_word' id='word_1_232' title='bbox 423 2740 538 2797; x_wconf 86' lang='lat' dir='ltr'><strong>niat</strong></span> <span class='ocrx_word' id='word_1_233' title='bbox 564 2734 855 2807; x_wconf 86' lang='lat' dir='ltr'><strong>apostolica</strong></span> <span class='ocrx_word' id='word_1_234' title='bbox 875 2728 1185 2787; x_wconf 84' lang='lat' dir='ltr'><strong>auctoritas.</strong></span> <span class='ocrx_word' id='word_1_235' title='bbox 1203 2724 1339 2781; x_wconf 83' lang='lat' dir='ltr'><strong>Audi</strong></span> <span class='ocrx_word' id='word_1_236' title='bbox 1370 2719 1499 2778; x_wconf 92' lang='lat' dir='ltr'><strong>illud</strong></span> <span class='ocrx_word' id='word_1_237' title='bbox 1526 2719 1594 2775; x_wconf 92' lang='lat' dir='ltr'><strong>ab</strong></span> <span class='ocrx_word' id='word_1_238' title='bbox 1620 2715 1909 2790; x_wconf 82' lang='lat' dir='ltr'><strong>Apostolo,</strong></span> <span class='ocrx_word' id='word_1_239' title='bbox 1939 2728 2007 2769; x_wconf 90' lang='lat' dir='ltr'><strong>ne</strong></span> 
     </span>
    </p>
   </div>
   <div class='ocr_carea' id='block_1_27' title="bbox 424 2804 2008 2886">
    <p class='ocr_par' dir='ltr' id='par_1_27' title="bbox 424 2804 2008 2886">
     <span class='ocr_line' id='line_1_27' title="bbox 424 2804 2008 2886; baseline -0.018 1"><span class='ocrx_word' id='word_1_240' title='bbox 424 2845 513 2886; x_wconf 86' lang='lat' dir='ltr'><strong>me</strong></span> <span class='ocrx_word' id='word_1_241' title='bbox 540 2804 711 2885; x_wconf 85' lang='lat' dir='ltr'><strong>malus</strong></span> <span class='ocrx_word' id='word_1_242' title='bbox 756 2822 1056 2881; x_wconf 89' lang='lat' dir='ltr'><strong>intellector</strong></span> <span class='ocrx_word' id='word_1_243' title='bbox 1096 2830 1351 2874; x_wconf 88' lang='lat' dir='ltr'><strong>accuses:</strong></span> <span class='ocrx_word' id='word_1_244' title='bbox 1387 2810 1713 2868; x_wconf 87' lang='lat' dir='ltr'><strong>Condelector</strong></span> <span class='ocrx_word' id='word_1_245' title='bbox 1732 2807 1863 2861; x_wconf 90' lang='lat' dir='ltr'><strong>enim</strong></span> <span class='ocrx_word' id='word_1_246' title='bbox 1886 2845 1903 2873; x_wconf 95' lang='lat'><strong>,</strong></span> <span class='ocrx_word' id='word_1_247' title='bbox 1927 2804 2008 2860; x_wconf 85' lang='lat' dir='ltr'><strong>in-</strong></span> 
     </span>
    </p>
   </div>
   <div class='ocr_carea' id='block_1_28' title="bbox 425 2898 2009 2994">
    <p class='ocr_par' dir='ltr' id='par_1_28' title="bbox 425 2898 2009 2994">
     <span class='ocr_line' id='line_1_28' title="bbox 425 2898 2009 2994; baseline -0.018 -16"><span class='ocrx_word' id='word_1_248' title='bbox 425 2922 561 2994; x_wconf 84' lang='lat' dir='ltr'><strong>quit,</strong></span> <span class='ocrx_word' id='word_1_249' title='bbox 591 2919 687 2990; x_wconf 88' lang='lat' dir='ltr'><strong>legi</strong></span> <span class='ocrx_word' id='word_1_250' title='bbox 708 2916 806 2972; x_wconf 91' lang='lat' dir='ltr'><strong>Dei</strong></span> <span class='ocrx_word' id='word_1_251' title='bbox 824 2912 1097 2970; x_wconf 88' lang='lat' dir='ltr'><strong>secundum</strong></span> <span class='ocrx_word' id='word_1_252' title='bbox 1120 2908 1406 2964; x_wconf 90' lang='lat' dir='ltr'><strong>interiorem</strong></span> <span class='ocrx_word' id='word_1_253' title='bbox 1432 2902 1708 2958; x_wconf 84' lang='lat' dir='ltr'><strong>hominem.</strong></span> <span class='ocrx_word' id='word_1_254' title='bbox 1741 2899 1879 2954; x_wconf 85' lang='lat' dir='ltr'><strong>Ecce</strong></span> <span class='ocrx_word' id='word_1_255' title='bbox 1893 2898 2009 2968; x_wconf 88' lang='lat' dir='ltr'><strong>jus-</strong></span> 
     </span>
    </p>
   </div>
   <div class='ocr_carea' id='block_1_29' title="bbox 429 2986 2007 3074">
    <p class='ocr_par' dir='ltr' id='par_1_29' title="bbox 429 2986 2007 3074">
     <span class='ocr_line' id='line_1_29' title="bbox 429 2986 2007 3074; baseline -0.019 -5"><span class='ocrx_word' id='word_1_256' title='bbox 429 2986 892 3069; x_wconf 12' lang='lat' dir='ltr'><strong>t-us.rAn—non.est</strong></span> <span class='ocrx_word' id='word_1_257' title='bbox 929 3003 1103 3074; x_wconf 89' lang='lat' dir='ltr'><strong>justus</strong></span> <span class='ocrx_word' id='word_1_258' title='bbox 1145 2998 1237 3070; x_wconf 88' lang='lat' dir='ltr'><strong>qui</strong></span> <span class='ocrx_word' id='word_1_259' title='bbox 1273 2993 1674 3053; x_wconf 89' lang='lat' dir='ltr'><strong>condelectatur</strong></span> <span class='ocrx_word' id='word_1_260' title='bbox 1719 2989 1821 3060; x_wconf 87' lang='lat' dir='ltr'><strong>legi</strong></span> <span class='ocrx_word' id='word_1_261' title='bbox 1865 2986 2007 3042; x_wconf 80' lang='lat' dir='ltr'><strong>Dei?</strong></span> 
     </span>
    </p>
   </div>
   <div class='ocr_carea' id='block_1_30' title="bbox 431 3079 2009 3171">
    <p class='ocr_par' dir='ltr' id='par_1_30' title="bbox 431 3079 2009 3171">
     <span class='ocr_line' id='line_1_30' title="bbox 431 3079 2009 3171; baseline -0.016 -11"><span class='ocrx_word' id='word_1_262' title='bbox 431 3102 582 3160; x_wconf 88' lang='lat' dir='ltr'><strong>Unde</strong></span> <span class='ocrx_word' id='word_1_263' title='bbox 609 3115 738 3171; x_wconf 89' lang='lat' dir='ltr'><strong>ergo</strong></span> <span class='ocrx_word' id='word_1_264' title='bbox 767 3092 1050 3169; x_wconf 89' lang='lat' dir='ltr'><strong>peccator?</strong></span> <span class='ocrx_word' id='word_1_265' title='bbox 1092 3090 1249 3147; x_wconf 84' lang='lat' dir='ltr'><strong>Video</strong></span> <span class='ocrx_word' id='word_1_266' title='bbox 1292 3088 1448 3142; x_wconf 90' lang='lat' dir='ltr'><strong>aliam</strong></span> <span class='ocrx_word' id='word_1_267' title='bbox 1494 3085 1654 3157; x_wconf 90' lang='lat' dir='ltr'><strong>legem</strong></span> <span class='ocrx_word' id='word_1_268' title='bbox 1697 3083 1751 3138; x_wconf 90' lang='lat' dir='ltr'><strong>in</strong></span> <span class='ocrx_word' id='word_1_269' title='bbox 1777 3079 2009 3136; x_wconf 75' lang='lat' dir='ltr'><strong>membris</strong></span> 
     </span>
    </p>
   </div>
   <div class='ocr_carea' id='block_1_31' title="bbox 426 3175 2009 3264">
    <p class='ocr_par' dir='ltr' id='par_1_31' title="bbox 426 3175 2009 3264">
     <span class='ocr_line' id='line_1_31' title="bbox 426 3175 2009 3264; baseline -0.015 -12"><span class='ocrx_word' id='word_1_270' title='bbox 426 3196 571 3262; x_wconf 73' lang='lat' dir='ltr'><strong>mds,</strong></span> <span class='ocrx_word' id='word_1_271' title='bbox 595 3199 954 3264; x_wconf 80' lang='lat' dir='ltr'><strong>repugnantem</strong></span> <span class='ocrx_word' id='word_1_272' title='bbox 974 3186 1072 3258; x_wconf 86' lang='lat' dir='ltr'><strong>legi</strong></span> <span class='ocrx_word' id='word_1_273' title='bbox 1094 3184 1273 3240; x_wconf 89' lang='lat' dir='ltr'><strong>mentis</strong></span> <span class='ocrx_word' id='word_1_274' title='bbox 1292 3196 1414 3237; x_wconf 77' lang='lat' dir='ltr'><strong>mea:</strong></span> <span class='ocrx_word' id='word_1_275' title='bbox 1432 3221 1447 3248; x_wconf 92' lang='lat'><strong>,</strong></span> <span class='ocrx_word' id='word_1_276' title='bbox 1469 3188 1513 3235; x_wconf 89' lang='lat' dir='ltr'><strong>et</strong></span> <span class='ocrx_word' id='word_1_277' title='bbox 1541 3179 1793 3249; x_wconf 83' lang='lat' dir='ltr'><strong>captivum</strong></span> <span class='ocrx_word' id='word_1_278' title='bbox 1812 3191 1891 3230; x_wconf 90' lang='lat' dir='ltr'><strong>me</strong></span> <span class='ocrx_word' id='word_1_279' title='bbox 1909 3175 2009 3229; x_wconf 86' lang='lat' dir='ltr'><strong>du-</strong></span> 
     </span>
    </p>
   </div>
   <div class='ocr_carea' id='block_1_32' title="bbox 430 3268 2009 3354">
    <p class='ocr_par' dir='ltr' id='par_1_32' title="bbox 430 3268 2009 3354">
     <span class='ocr_line' id='line_1_32' title="bbox 430 3268 2009 3354; baseline -0.013 -11"><span class='ocrx_word' id='word_1_280' title='bbox 430 3297 622 3344; x_wconf 85' lang='lat' dir='ltr'><strong>centem</strong></span> <span class='ocrx_word' id='word_1_281' title='bbox 665 3284 717 3338; x_wconf 87' lang='lat' dir='ltr'><strong>in</strong></span> <span class='ocrx_word' id='word_1_282' title='bbox 747 3287 855 3354; x_wconf 90' lang='lat' dir='ltr'><strong>tege</strong></span> <span class='ocrx_word' id='word_1_283' title='bbox 895 3278 1105 3352; x_wconf 83' lang='lat' dir='ltr'><strong>peccati.</strong></span> <span class='ocrx_word' id='word_1_284' title='bbox 1156 3274 1344 3331; x_wconf 82' lang='lat' dir='ltr'><strong>Adbuc</strong></span> <span class='ocrx_word' id='word_1_285' title='bbox 1381 3271 1576 3329; x_wconf 89' lang='lat' dir='ltr'><strong>bellum</strong></span> <span class='ocrx_word' id='word_1_286' title='bbox 1628 3268 1884 3325; x_wconf 89' lang='lat' dir='ltr'><strong>adversus</strong></span> <span class='ocrx_word' id='word_1_287' title='bbox 1920 3280 2009 3323; x_wconf 84' lang='lat' dir='ltr'><strong>me</strong></span> 
     </span>
    </p>
   </div>
   <div class='ocr_carea' id='block_1_33' title="bbox 430 3355 2008 3450">
    <p class='ocr_par' dir='ltr' id='par_1_33' title="bbox 430 3355 2008 3450">
     <span class='ocr_line' id='line_1_33' title="bbox 430 3355 2008 3450; baseline -0.015 -15"><span class='ocrx_word' id='word_1_288' title='bbox 430 3392 580 3450; x_wconf 88' lang='lat' dir='ltr'><strong>gero,</strong></span> <span class='ocrx_word' id='word_1_289' title='bbox 609 3373 842 3432; x_wconf 92' lang='lat' dir='ltr'><strong>nondum</strong></span> <span class='ocrx_word' id='word_1_290' title='bbox 860 3386 979 3427; x_wconf 91' lang='lat' dir='ltr'><strong>sum</strong></span> <span class='ocrx_word' id='word_1_291' title='bbox 1004 3377 1146 3424; x_wconf 89' lang='lat' dir='ltr'><strong>totus</strong></span> <span class='ocrx_word' id='word_1_292' title='bbox 1167 3367 1491 3421; x_wconf 89' lang='lat' dir='ltr'><strong>instauratus</strong></span> <span class='ocrx_word' id='word_1_293' title='bbox 1522 3361 1589 3417; x_wconf 88' lang='lat' dir='ltr'><strong>ad</strong></span> <span class='ocrx_word' id='word_1_294' title='bbox 1620 3359 1901 3431; x_wconf 90' lang='lat' dir='ltr'><strong>imaginem</strong></span> <span class='ocrx_word' id='word_1_295' title='bbox 1924 3355 2008 3412; x_wconf 86' lang='lat' dir='ltr'><strong>fa-</strong></span> 
     </span>
    </p>
   </div>
   <div class='ocr_carea' id='block_1_34' title="bbox 430 3456 2009 3531">
    <p class='ocr_par' dir='ltr' id='par_1_34' title="bbox 430 3456 2009 3531">
     <span class='ocr_line' id='line_1_34' title="bbox 430 3456 2009 3531; baseline -0.015 -5"><span class='ocrx_word' id='word_1_296' title='bbox 430 3466 716 3526; x_wconf 89' lang='lat' dir='ltr'><strong>bricatoris</strong></span> <span class='ocrx_word' id='word_1_297' title='bbox 745 3464 848 3520; x_wconf 91' lang='lat' dir='ltr'><strong>mei</strong></span> <span class='ocrx_word' id='word_1_298' title='bbox 875 3479 890 3527; x_wconf 90' lang='lat'><strong>;</strong></span> <span class='ocrx_word' id='word_1_299' title='bbox 921 3460 1059 3531; x_wconf 72' lang='lat' dir='ltr'><strong>ccepi</strong></span> <span class='ocrx_word' id='word_1_300' title='bbox 1088 3456 1343 3527; x_wconf 87' lang='lat' dir='ltr'><strong>resculpi,</strong></span> <span class='ocrx_word' id='word_1_301' title='bbox 1366 3463 1419 3511; x_wconf 92' lang='lat' dir='ltr'><strong>et</strong></span> <span class='ocrx_word' id='word_1_302' title='bbox 1447 3468 1511 3510; x_wconf 85' lang='lat' dir='ltr'><strong>ex</strong></span> <span class='ocrx_word' id='word_1_303' title='bbox 1534 3468 1596 3509; x_wconf 91' lang='lat' dir='ltr'><strong>ea</strong></span> <span class='ocrx_word' id='word_1_304' title='bbox 1622 3459 1773 3522; x_wconf 90' lang='lat' dir='ltr'><strong>parte</strong></span> <span class='ocrx_word' id='word_1_305' title='bbox 1799 3464 1902 3521; x_wconf 92' lang='lat' dir='ltr'><strong>qua</strong></span> <span class='ocrx_word' id='word_1_306' title='bbox 1930 3465 2009 3505; x_wconf 86' lang='lat' dir='ltr'><strong>re-</strong></span> 
     </span>
    </p>
   </div>
   <div class='ocr_carea' id='block_1_35' title="bbox 429 3544 2010 3628">
    <p class='ocr_par' dir='ltr' id='par_1_35' title="bbox 429 3544 2010 3628">
     <span class='ocr_line' id='line_1_35' title="bbox 429 3544 2010 3628; baseline -0.014 -10"><span class='ocrx_word' id='word_1_307' title='bbox 429 3562 655 3628; x_wconf 87' lang='lat' dir='ltr'><strong>formor,</strong></span> <span class='ocrx_word' id='word_1_308' title='bbox 686 3556 931 3628; x_wconf 90' lang='lat' dir='ltr'><strong>displicet</strong></span> <span class='ocrx_word' id='word_1_309' title='bbox 958 3551 1088 3608; x_wconf 91' lang='lat' dir='ltr'><strong>mihi</strong></span> <span class='ocrx_word' id='word_1_310' title='bbox 1110 3548 1253 3622; x_wconf 92' lang='lat' dir='ltr'><strong>quod</strong></span> <span class='ocrx_word' id='word_1_311' title='bbox 1270 3548 1511 3604; x_wconf 81' lang='lat' dir='ltr'><strong>deforme</strong></span> <span class='ocrx_word' id='word_1_312' title='bbox 1539 3552 1639 3601; x_wconf 88' lang='lat' dir='ltr'><strong>est.</strong></span> <span class='ocrx_word' id='word_1_313' title='bbox 1661 3544 1803 3614; x_wconf 82' lang='lat' dir='ltr'><strong>Ergo</strong></span> <span class='ocrx_word' id='word_1_314' title='bbox 1823 3556 2010 3613; x_wconf 87' lang='lat' dir='ltr'><strong>quam-</strong></span> 
     </span>
    </p>
   </div>
   <div class='ocr_carea' id='block_1_36' title="bbox 428 3635 2011 3718">
    <p class='ocr_par' dir='ltr' id='par_1_36' title="bbox 428 3635 2011 3718">
     <span class='ocr_line' id='line_1_36' title="bbox 428 3635 2011 3718; baseline -0.012 -10"><span class='ocrx_word' id='word_1_315' title='bbox 428 3653 519 3708; x_wconf 90' lang='lat' dir='ltr'><strong>diu</strong></span> <span class='ocrx_word' id='word_1_316' title='bbox 562 3652 634 3706; x_wconf 88' lang='lat' dir='ltr'><strong>ita</strong></span> <span class='ocrx_word' id='word_1_317' title='bbox 662 3663 780 3704; x_wconf 89' lang='lat' dir='ltr'><strong>sum</strong></span> <span class='ocrx_word' id='word_1_318' title='bbox 801 3689 817 3715; x_wconf 96' lang='lat'><strong>,</strong></span> <span class='ocrx_word' id='word_1_319' title='bbox 856 3643 985 3718; x_wconf 91' lang='lat' dir='ltr'><strong>quid</strong></span> <span class='ocrx_word' id='word_1_320' title='bbox 1013 3641 1211 3713; x_wconf 89' lang='lat' dir='ltr'><strong>spero?</strong></span> <span class='ocrx_word' id='word_1_321' title='bbox 1246 3639 1440 3712; x_wconf 73' lang='lat' dir='ltr'><strong>Infelix</strong></span> <span class='ocrx_word' id='word_1_322' title='bbox 1465 3654 1554 3710; x_wconf 87' lang='lat' dir='ltr'><strong>ego</strong></span> <span class='ocrx_word' id='word_1_323' title='bbox 1589 3638 1738 3691; x_wconf 91' lang='lat' dir='ltr'><strong>homo</strong></span> <span class='ocrx_word' id='word_1_324' title='bbox 1761 3677 1775 3702; x_wconf 88' lang='lat'><strong>,</strong></span> <span class='ocrx_word' id='word_1_325' title='bbox 1798 3635 1907 3705; x_wconf 86' lang='lat' dir='ltr'><strong>quis</strong></span> <span class='ocrx_word' id='word_1_326' title='bbox 1933 3651 2011 3689; x_wconf 88' lang='lat' dir='ltr'><strong>me</strong></span> 
     </span>
    </p>
   </div>
   <div class='ocr_carea' id='block_1_37' title="bbox 430 3725 2011 3807">
    <p class='ocr_par' dir='ltr' id='par_1_37' title="bbox 430 3725 2011 3807">
     <span class='ocr_line' id='line_1_37' title="bbox 430 3725 2011 3807; baseline -0.011 -10"><span class='ocrx_word' id='word_1_327' title='bbox 430 3741 658 3797; x_wconf 84' lang='lat' dir='ltr'><strong>liberabit</strong></span> <span class='ocrx_word' id='word_1_328' title='bbox 677 3738 739 3795; x_wconf 89' lang='lat' dir='ltr'><strong>de</strong></span> <span class='ocrx_word' id='word_1_329' title='bbox 756 3753 966 3807; x_wconf 85' lang='lat' dir='ltr'><strong>corpore</strong></span> <span class='ocrx_word' id='word_1_330' title='bbox 984 3733 1159 3788; x_wconf 89' lang='lat' dir='ltr'><strong>mortis</strong></span> <span class='ocrx_word' id='word_1_331' title='bbox 1177 3733 1330 3802; x_wconf 86' lang='lat' dir='ltr'><strong>hujus</strong></span> <span class='ocrx_word' id='word_1_332' title='bbox 1349 3731 1373 3785; x_wconf 87' lang='lat'><strong><em>?</em></strong></span> <span class='ocrx_word' id='word_1_333' title='bbox 1396 3728 1577 3785; x_wconf 78' lang='lat' dir='ltr'><strong>Gratia</strong></span> <span class='ocrx_word' id='word_1_334' title='bbox 1606 3728 1705 3782; x_wconf 89' lang='lat' dir='ltr'><strong>Dei</strong></span> <span class='ocrx_word' id='word_1_335' title='bbox 1728 3742 1815 3794; x_wconf 88' lang='lat' dir='ltr'><strong>per</strong></span> <span class='ocrx_word' id='word_1_336' title='bbox 1831 3725 1866 3781; x_wconf 82' lang='lat' dir='ltr'><strong><em>J</em></strong></span> <span class='ocrx_word' id='word_1_337' title='bbox 1871 3742 2011 3781; x_wconf 88' lang='lat' dir='ltr'><strong>esum</strong></span> 
     </span>
    </p>
   </div>
   <div class='ocr_carea' id='block_1_38' title="bbox 430 3819 2010 3894">
    <p class='ocr_par' dir='ltr' id='par_1_38' title="bbox 430 3819 2010 3894">
     <span class='ocr_line' id='line_1_38' title="bbox 430 3819 2010 3894; baseline -0.01 -5"><span class='ocrx_word' id='word_1_338' title='bbox 430 3834 688 3889; x_wconf 80' lang='lat' dir='ltr'><strong>Christum</strong></span> <span class='ocrx_word' id='word_1_339' title='bbox 712 3829 986 3887; x_wconf 88' lang='lat' dir='ltr'><strong>Dominum</strong></span> <span class='ocrx_word' id='word_1_340' title='bbox 1011 3837 1238 3881; x_wconf 85' lang='lat' dir='ltr'><strong>nostrum</strong></span> <span class='ocrx_word' id='word_1_341' title='bbox 1265 3822 1443 3894; x_wconf 84' lang='lat' dir='ltr'><strong>(Rom.</strong></span> <span class='ocrx_word' id='word_1_342' title='bbox 1468 3837 1562 3887; x_wconf 86' lang='lat' dir='ltr'><strong>vn,</strong></span> <span class='ocrx_word' id='word_1_343' title='bbox 1590 3819 1798 3888; x_wconf 71' lang='lat'><strong>22-25).</strong></span> <span class='ocrx_word' id='word_1_344' title='bbox 1828 3819 2010 3875; x_wconf 86' lang='lat' dir='ltr'><strong>Gratia</strong></span> 
     </span>
    </p>
   </div>
   <div class='ocr_carea' id='block_1_39' title="bbox 432 3909 2011 3994">
    <p class='ocr_par' dir='ltr' id='par_1_39' title="bbox 432 3909 2011 3994">
     <span class='ocr_line' id='line_1_39' title="bbox 432 3909 2011 3994; baseline -0.011 -14"><span class='ocrx_word' id='word_1_345' title='bbox 432 3925 521 3981; x_wconf 90' lang='lat' dir='ltr'><strong>Dei</strong></span> <span class='ocrx_word' id='word_1_346' title='bbox 546 3939 667 3994; x_wconf 72' lang='lat' dir='ltr'><strong>quzc</strong></span> <span class='ocrx_word' id='word_1_347' title='bbox 689 3920 851 3991; x_wconf 70' lang='lat' dir='ltr'><strong>caepit</strong></span> <span class='ocrx_word' id='word_1_348' title='bbox 874 3919 986 3990; x_wconf 89' lang='lat' dir='ltr'><strong>jam</strong></span> <span class='ocrx_word' id='word_1_349' title='bbox 1012 3916 1346 3986; x_wconf 89' lang='lat' dir='ltr'><strong>resculpere,</strong></span> <span class='ocrx_word' id='word_1_350' title='bbox 1377 3913 1543 3983; x_wconf 89' lang='lat' dir='ltr'><strong>gratia</strong></span> <span class='ocrx_word' id='word_1_351' title='bbox 1564 3911 1653 3967; x_wconf 88' lang='lat' dir='ltr'><strong>Dei</strong></span> <span class='ocrx_word' id='word_1_352' title='bbox 1685 3926 1803 3981; x_wconf 75' lang='lat' dir='ltr'><strong>qua:</strong></span> <span class='ocrx_word' id='word_1_353' title='bbox 1828 3909 2011 3964; x_wconf 79' lang='lat' dir='ltr'><strong>infun-</strong></span> 
     </span>
    </p>
   </div>
   <div class='ocr_carea' id='block_1_40' title="bbox 430 4000 2013 4080">
    <p class='ocr_par' dir='ltr' id='par_1_40' title="bbox 430 4000 2013 4080">
     <span class='ocr_line' id='line_1_40' title="bbox 430 4000 2013 4080; baseline -0.011 -9"><span class='ocrx_word' id='word_1_354' title='bbox 430 4016 506 4071; x_wconf 92' lang='lat' dir='ltr'><strong>dit</strong></span> <span class='ocrx_word' id='word_1_355' title='bbox 526 4013 842 4070; x_wconf 80' lang='lat' dir='ltr'><strong>suavitatem</strong></span> <span class='ocrx_word' id='word_1_356' title='bbox 865 4051 883 4079; x_wconf 91' lang='lat'><strong>,</strong></span> <span class='ocrx_word' id='word_1_357' title='bbox 910 4018 969 4065; x_wconf 88' lang='lat' dir='ltr'><strong>ut</strong></span> <span class='ocrx_word' id='word_1_358' title='bbox 996 4009 1105 4080; x_wconf 90' lang='lat' dir='ltr'><strong>jam</strong></span> <span class='ocrx_word' id='word_1_359' title='bbox 1130 4022 1226 4078; x_wconf 89' lang='lat' dir='ltr'><strong>per</strong></span> <span class='ocrx_word' id='word_1_360' title='bbox 1254 4005 1561 4060; x_wconf 88' lang='lat' dir='ltr'><strong>interiorem</strong></span> <span class='ocrx_word' id='word_1_361' title='bbox 1587 4000 1856 4056; x_wconf 86' lang='lat' dir='ltr'><strong>hominem</strong></span> <span class='ocrx_word' id='word_1_362' title='bbox 1883 4015 2013 4055; x_wconf 90' lang='lat' dir='ltr'><strong>con-</strong></span> 
     </span>
    </p>
   </div>
   <div class='ocr_carea' id='block_1_41' title="bbox 429 4091 2014 4174">
    <p class='ocr_par' dir='ltr' id='par_1_41' title="bbox 429 4091 2014 4174">
     <span class='ocr_line' id='line_1_41' title="bbox 429 4091 2014 4174; baseline -0.011 -11"><span class='ocrx_word' id='word_1_363' title='bbox 429 4105 713 4163; x_wconf 87' lang='lat' dir='ltr'><strong>dclecteris</strong></span> <span class='ocrx_word' id='word_1_364' title='bbox 734 4103 836 4174; x_wconf 86' lang='lat' dir='ltr'><strong>legi</strong></span> <span class='ocrx_word' id='word_1_365' title='bbox 854 4102 958 4165; x_wconf 90' lang='lat' dir='ltr'><strong>Dei</strong></span> <span class='ocrx_word' id='word_1_366' title='bbox 987 4118 1001 4156; x_wconf 88' lang='lat'><strong>:</strong></span> <span class='ocrx_word' id='word_1_367' title='bbox 1034 4099 1157 4154; x_wconf 89' lang='lat' dir='ltr'><strong>inde</strong></span> <span class='ocrx_word' id='word_1_368' title='bbox 1184 4106 1378 4155; x_wconf 65' lang='lat' dir='ltr'><strong>caetera</strong></span> <span class='ocrx_word' id='word_1_369' title='bbox 1413 4094 1761 4160; x_wconf 79' lang='lat' dir='ltr'><strong>sanabuntur,</strong></span> <span class='ocrx_word' id='word_1_370' title='bbox 1794 4091 1934 4147; x_wconf 91' lang='lat' dir='ltr'><strong>unde</strong></span> <span class='ocrx_word' id='word_1_371' title='bbox 1959 4099 2014 4148; x_wconf 92' lang='lat' dir='ltr'><strong>et</strong></span> 
     </span>
    </p>
   </div>
   <div class='ocr_carea' id='block_1_42' title="bbox 431 4186 2009 4258">
    <p class='ocr_par' dir='ltr' id='par_1_42' title="bbox 431 4186 2009 4258">
     <span class='ocr_line' id='line_1_42' title="bbox 431 4186 2009 4258; baseline -0.009 -3"><span class='ocrx_word' id='word_1_372' title='bbox 431 4200 531 4255; x_wconf 89' lang='lat' dir='ltr'><strong>ista</strong></span> <span class='ocrx_word' id='word_1_373' title='bbox 555 4205 736 4254; x_wconf 88' lang='lat' dir='ltr'><strong>sanata</strong></span> <span class='ocrx_word' id='word_1_374' title='bbox 768 4205 910 4252; x_wconf 92' lang='lat' dir='ltr'><strong>sunt.</strong></span> <span class='ocrx_word' id='word_1_375' title='bbox 942 4193 1111 4251; x_wconf 89' lang='lat' dir='ltr'><strong>Gcme</strong></span> <span class='ocrx_word' id='word_1_376' title='bbox 1136 4192 1311 4248; x_wconf 86' lang='lat' dir='ltr'><strong>adhuc</strong></span> <span class='ocrx_word' id='word_1_377' title='bbox 1340 4189 1673 4255; x_wconf 82' lang='lat' dir='ltr'><strong>vulneratus,</strong></span> <span class='ocrx_word' id='word_1_378' title='bbox 1700 4186 1896 4258; x_wconf 88' lang='lat' dir='ltr'><strong>castiga</strong></span> <span class='ocrx_word' id='word_1_379' title='bbox 1927 4194 2009 4254; x_wconf 85' lang='lat' dir='ltr'><strong>te,</strong></span> 
     </span>
    </p>
   </div>
   <div class='ocr_carea' id='block_1_43' title="bbox 429 4289 790 4361">
    <p class='ocr_par' dir='ltr' id='par_1_43' title="bbox 429 4289 790 4361">
     <span class='ocr_line' id='line_1_43' title="bbox 429 4289 790 4361; baseline -0.017 -14"><span class='ocrx_word' id='word_1_380' title='bbox 429 4291 654 4361; x_wconf 82' lang='lat' dir='ltr'><strong>diSplice</strong></span> <span class='ocrx_word' id='word_1_381' title='bbox 681 4289 790 4343; x_wconf 91' lang='lat' dir='ltr'><strong>tibi.</strong></span> 
     </span>
    </p>
   </div>
   <div class='ocr_carea' id='block_1_44' title="bbox 522 4366 2013 4450">
    <p class='ocr_par' dir='ltr' id='par_1_44' title="bbox 522 4366 2013 4450">
     <span class='ocr_line' id='line_1_44' title="bbox 522 4366 2013 4450; baseline -0.011 -14"><span class='ocrx_word' id='word_1_382' title='bbox 522 4380 615 4436; x_wconf 87' lang='grc'><strong>16.</strong></span> <span class='ocrx_word' id='word_1_383' title='bbox 646 4379 766 4435; x_wconf 84' lang='lat' dir='ltr'><strong>Non</strong></span> <span class='ocrx_word' id='word_1_384' title='bbox 794 4380 866 4434; x_wconf 88' lang='lat' dir='ltr'><strong>sic</strong></span> <span class='ocrx_word' id='word_1_385' title='bbox 893 4392 1083 4450; x_wconf 86' lang='lat' dir='ltr'><strong>pugno,</strong></span> <span class='ocrx_word' id='word_1_386' title='bbox 1112 4374 1300 4446; x_wconf 89' lang='lat' dir='ltr'><strong>inquit,</strong></span> <span class='ocrx_word' id='word_1_387' title='bbox 1326 4372 1469 4441; x_wconf 85' lang='lat' dir='ltr'><strong>quasi</strong></span> <span class='ocrx_word' id='word_1_388' title='bbox 1490 4385 1653 4424; x_wconf 90' lang='lat' dir='ltr'><strong>aerem</strong></span> <span class='ocrx_word' id='word_1_389' title='bbox 1673 4368 1867 4423; x_wconf 71' lang='lat' dir='ltr'><strong>credens</strong></span> <span class='ocrx_word' id='word_1_390' title='bbox 1886 4383 1905 4433; x_wconf 90' lang='lat'><strong><em>;</em></strong></span> <span class='ocrx_word' id='word_1_391' title='bbox 1926 4366 2013 4422; x_wconf 85' lang='lat' dir='ltr'><strong>sed</strong></span> 
     </span>
    </p>
   </div>
   <div class='ocr_carea' id='block_1_45' title="bbox 430 4461 2016 4544">
    <p class='ocr_par' dir='ltr' id='par_1_45' title="bbox 430 4461 2016 4544">
     <span class='ocr_line' id='line_1_45' title="bbox 430 4461 2016 4544; baseline -0.01 -15"><span class='ocrx_word' id='word_1_392' title='bbox 430 4473 625 4544; x_wconf 86' lang='lat' dir='ltr'><strong>castigo</strong></span> <span class='ocrx_word' id='word_1_393' title='bbox 662 4488 845 4542; x_wconf 87' lang='lat' dir='ltr'><strong>corpus</strong></span> <span class='ocrx_word' id='word_1_394' title='bbox 871 4486 1035 4525; x_wconf 84' lang='lat' dir='ltr'><strong>meum</strong></span> <span class='ocrx_word' id='word_1_395' title='bbox 1069 4477 1116 4522; x_wconf 92' lang='lat' dir='ltr'><strong>et</strong></span> <span class='ocrx_word' id='word_1_396' title='bbox 1162 4467 1216 4519; x_wconf 90' lang='lat' dir='ltr'><strong>in</strong></span> <span class='ocrx_word' id='word_1_397' title='bbox 1251 4464 1538 4518; x_wconf 85' lang='lat' dir='ltr'><strong>servitutem</strong></span> <span class='ocrx_word' id='word_1_398' title='bbox 1562 4461 1736 4532; x_wconf 86' lang='lat' dir='ltr'><strong>redigo</strong></span> <span class='ocrx_word' id='word_1_399' title='bbox 1762 4502 1774 4524; x_wconf 89' lang='lat'><strong>,</strong></span> <span class='ocrx_word' id='word_1_400' title='bbox 1798 4476 1860 4514; x_wconf 89' lang='lat' dir='ltr'><strong>ne</strong></span> <span class='ocrx_word' id='word_1_401' title='bbox 1889 4463 2016 4530; x_wconf 79' lang='lat' dir='ltr'><strong>forte</strong></span> 
     </span>
    </p>
   </div>
   <div class='ocr_carea' id='block_1_46' title="bbox 431 4551 2012 4635">
    <p class='ocr_par' dir='ltr' id='par_1_46' title="bbox 431 4551 2012 4635">
     <span class='ocr_line' id='line_1_46' title="bbox 431 4551 2012 4635; baseline -0.008 -15"><span class='ocrx_word' id='word_1_402' title='bbox 431 4566 553 4620; x_wconf 89' lang='lat' dir='ltr'><strong>aliis</strong></span> <span class='ocrx_word' id='word_1_403' title='bbox 601 4562 883 4635; x_wconf 68' lang='lat' dir='ltr'><strong>praedicans</strong></span> <span class='ocrx_word' id='word_1_404' title='bbox 924 4562 1033 4631; x_wconf 85' lang='lat' dir='ltr'><strong>ipse</strong></span> <span class='ocrx_word' id='word_1_405' title='bbox 1075 4558 1316 4629; x_wconf 84' lang='lat' dir='ltr'><strong>reprobus</strong></span> <span class='ocrx_word' id='word_1_406' title='bbox 1349 4555 1573 4610; x_wconf 83' lang='lat' dir='ltr'><strong>inveniar</strong></span> <span class='ocrx_word' id='word_1_407' title='bbox 1597 4553 1615 4625; x_wconf 92' lang='lat'>(</span> <span class='ocrx_word' id='word_1_408' title='bbox 1642 4553 1661 4609; x_wconf 90' lang='lat' dir='ltr'><strong>l</strong></span> <span class='ocrx_word' id='word_1_409' title='bbox 1686 4553 1803 4609; x_wconf 82' lang='lat' dir='ltr'><strong>Cor.</strong></span> <span class='ocrx_word' id='word_1_410' title='bbox 1827 4569 1899 4619; x_wconf 83' lang='lat' dir='ltr'><strong>ix,</strong></span> <span class='ocrx_word' id='word_1_411' title='bbox 1921 4551 2012 4616; x_wconf 74' lang='grc'><strong>26,</strong></span> 
     </span>
    </p>
   </div>
   <div class='ocr_carea' id='block_1_47' title="bbox 427 4644 2016 4730">
    <p class='ocr_par' dir='ltr' id='par_1_47' title="bbox 427 4644 2016 4730">
     <span class='ocr_line' id='line_1_47' title="bbox 427 4644 2016 4730; baseline -0.009 -15"><span class='ocrx_word' id='word_1_412' title='bbox 427 4660 560 4730; x_wconf 75' lang='lat'><strong>27).</strong></span> <span class='ocrx_word' id='word_1_413' title='bbox 590 4655 857 4727; x_wconf 84' lang='lat' dir='ltr'><strong>Numquid</strong></span> <span class='ocrx_word' id='word_1_414' title='bbox 888 4654 976 4725; x_wconf 87' lang='lat' dir='ltr'><strong>qui</strong></span> <span class='ocrx_word' id='word_1_415' title='bbox 1026 4652 1250 4721; x_wconf 83' lang='lat' dir='ltr'><strong>castigat</strong></span> <span class='ocrx_word' id='word_1_416' title='bbox 1288 4664 1515 4719; x_wconf 90' lang='lat' dir='ltr'><strong>corpus,</strong></span> <span class='ocrx_word' id='word_1_417' title='bbox 1543 4646 1655 4701; x_wconf 91' lang='lat' dir='ltr'><strong>odit</strong></span> <span class='ocrx_word' id='word_1_418' title='bbox 1698 4645 1929 4715; x_wconf 88' lang='lat' dir='ltr'><strong>corpus?</strong></span> <span class='ocrx_word' id='word_1_419' title='bbox 1957 4644 2016 4701; x_wconf 88' lang='lat' dir='ltr'><strong>Si</strong></span> 
     </span>
    </p>
   </div>
   <div class='ocr_carea' id='block_1_48' title="bbox 431 4737 2018 4825">
    <p class='ocr_par' dir='ltr' id='par_1_48' title="bbox 431 4737 2018 4825">
     <span class='ocr_line' id='line_1_48' title="bbox 431 4737 2018 4825; baseline -0.011 -16"><span class='ocrx_word' id='word_1_420' title='bbox 431 4755 554 4825; x_wconf 89' lang='lat' dir='ltr'><strong>quis</strong></span> <span class='ocrx_word' id='word_1_421' title='bbox 584 4752 807 4821; x_wconf 85' lang='lat' dir='ltr'><strong>castigat</strong></span> <span class='ocrx_word' id='word_1_422' title='bbox 842 4762 1081 4810; x_wconf 88' lang='lat' dir='ltr'><strong>servum,</strong></span> <span class='ocrx_word' id='word_1_423' title='bbox 1110 4745 1223 4801; x_wconf 91' lang='lat' dir='ltr'><strong>odit</strong></span> <span class='ocrx_word' id='word_1_424' title='bbox 1266 4741 1521 4799; x_wconf 84' lang='lat' dir='ltr'><strong>servum?</strong></span> <span class='ocrx_word' id='word_1_425' title='bbox 1550 4740 1593 4794; x_wconf 93' lang='lat' dir='ltr'><strong>si</strong></span> <span class='ocrx_word' id='word_1_426' title='bbox 1621 4739 1740 4809; x_wconf 90' lang='lat' dir='ltr'><strong>quis</strong></span> <span class='ocrx_word' id='word_1_427' title='bbox 1772 4737 2018 4793; x_wconf 90' lang='lat' dir='ltr'><strong>verberat</strong></span> 
     </span>
    </p>
   </div>
   <div class='ocr_carea' id='block_1_49' title="bbox 434 4830 2017 4910">
    <p class='ocr_par' dir='ltr' id='par_1_49' title="bbox 434 4830 2017 4910">
     <span class='ocr_line' id='line_1_49' title="bbox 434 4830 2017 4910; baseline -0.011 -10"><span class='ocrx_word' id='word_1_428' title='bbox 434 4846 624 4910; x_wconf 86' lang='lat' dir='ltr'><strong>lilium,</strong></span> <span class='ocrx_word' id='word_1_429' title='bbox 658 4843 770 4899; x_wconf 89' lang='lat' dir='ltr'><strong>odit</strong></span> <span class='ocrx_word' id='word_1_430' title='bbox 796 4842 960 4897; x_wconf 86' lang='lat' dir='ltr'><strong>ﬁlium</strong></span> <span class='ocrx_word' id='word_1_431' title='bbox 984 4839 1007 4894; x_wconf 83' lang='lat'><strong>?</strong></span> <span class='ocrx_word' id='word_1_432' title='bbox 1036 4838 1105 4894; x_wconf 87' lang='lat' dir='ltr'><strong>Et</strong></span> <span class='ocrx_word' id='word_1_433' title='bbox 1132 4848 1190 4893; x_wconf 92' lang='lat' dir='ltr'><strong>ut</strong></span> <span class='ocrx_word' id='word_1_434' title='bbox 1210 4834 1408 4906; x_wconf 89' lang='lat' dir='ltr'><strong>aliquid</strong></span> <span class='ocrx_word' id='word_1_435' title='bbox 1435 4832 1771 4903; x_wconf 87' lang='lat' dir='ltr'><strong>conjunctius</strong></span> <span class='ocrx_word' id='word_1_436' title='bbox 1799 4830 2017 4901; x_wconf 85' lang='lat' dir='ltr'><strong>eloqua-</strong></span> 
     </span>
    </p>
   </div>
   <div class='ocr_carea' id='block_1_50' title="bbox 433 4922 2019 5003">
    <p class='ocr_par' dir='ltr' id='par_1_50' title="bbox 433 4922 2019 5003">
     <span class='ocr_line' id='line_1_50' title="bbox 433 4922 2019 5003; baseline -0.013 -9"><span class='ocrx_word' id='word_1_437' title='bbox 433 4952 580 5003; x_wconf 87' lang='lat' dir='ltr'><strong>mur,</strong></span> <span class='ocrx_word' id='word_1_438' title='bbox 608 4949 735 4990; x_wconf 91' lang='lat' dir='ltr'><strong>caro</strong></span> <span class='ocrx_word' id='word_1_439' title='bbox 762 4943 848 4987; x_wconf 88' lang='lat' dir='ltr'><strong>tua</strong></span> <span class='ocrx_word' id='word_1_440' title='bbox 879 4941 1128 5001; x_wconf 89' lang='lat' dir='ltr'><strong>tanquam</strong></span> <span class='ocrx_word' id='word_1_441' title='bbox 1152 4928 1344 4996; x_wconf 79' lang='lat' dir='ltr'><strong>conjnx</strong></span> <span class='ocrx_word' id='word_1_442' title='bbox 1376 4935 1462 4979; x_wconf 92' lang='lat' dir='ltr'><strong>tua</strong></span> <span class='ocrx_word' id='word_1_443' title='bbox 1481 4933 1581 4980; x_wconf 92' lang='lat' dir='ltr'><strong>est.</strong></span> <span class='ocrx_word' id='word_1_444' title='bbox 1611 4922 1724 4978; x_wconf 87' lang='lat' dir='ltr'><strong>lloc</strong></span> <span class='ocrx_word' id='word_1_445' title='bbox 1754 4922 1866 4991; x_wconf 87' lang='lat' dir='ltr'><strong>ipse</strong></span> <span class='ocrx_word' id='word_1_446' title='bbox 1887 4922 2019 4990; x_wconf 64' lang='lat' dir='ltr'><strong>Apo«</strong></span> 
     </span>
    </p>
   </div>
   <div class='ocr_carea' id='block_1_51' title="bbox 433 5012 2018 5093">
    <p class='ocr_par' dir='ltr' id='par_1_51' title="bbox 433 5012 2018 5093">
     <span class='ocr_line' id='line_1_51' title="bbox 433 5012 2018 5093; baseline -0.013 -8"><span class='ocrx_word' id='word_1_447' title='bbox 433 5031 610 5086; x_wconf 85' lang='lat' dir='ltr'><strong>stolus</strong></span> <span class='ocrx_word' id='word_1_448' title='bbox 638 5027 804 5083; x_wconf 88' lang='lat' dir='ltr'><strong>dicit:</strong></span> <span class='ocrx_word' id='word_1_449' title='bbox 838 5024 1003 5081; x_wconf 86' lang='lat' dir='ltr'><strong>Nemo</strong></span> <span class='ocrx_word' id='word_1_450' title='bbox 1025 5038 1245 5093; x_wconf 83' lang='lat' dir='ltr'><strong>unquam</strong></span> <span class='ocrx_word' id='word_1_451' title='bbox 1274 5035 1473 5073; x_wconf 88' lang='lat' dir='ltr'><strong>carnem</strong></span> <span class='ocrx_word' id='word_1_452' title='bbox 1499 5030 1644 5071; x_wconf 85' lang='lat' dir='ltr'><strong>suam</strong></span> <span class='ocrx_word' id='word_1_453' title='bbox 1678 5015 1794 5068; x_wconf 90' lang='lat' dir='ltr'><strong>odio</strong></span> <span class='ocrx_word' id='word_1_454' title='bbox 1820 5012 2018 5078; x_wconf 86' lang='lat' dir='ltr'><strong>habuit;</strong></span> 
     </span>
    </p>
   </div>
   <div class='ocr_carea' id='block_1_52' title="bbox 435 5102 2021 5185">
    <p class='ocr_par' dir='ltr' id='par_1_52' title="bbox 435 5102 2021 5185">
     <span class='ocr_line' id='line_1_52' title="bbox 435 5102 2021 5185; baseline -0.015 -8"><span class='ocrx_word' id='word_1_455' title='bbox 435 5122 529 5178; x_wconf 84' lang='lat' dir='ltr'><strong>sed</strong></span> <span class='ocrx_word' id='word_1_456' title='bbox 579 5119 734 5174; x_wconf 84' lang='lat' dir='ltr'><strong>nutrit</strong></span> <span class='ocrx_word' id='word_1_457' title='bbox 785 5126 832 5172; x_wconf 91' lang='lat' dir='ltr'><strong>et</strong></span> <span class='ocrx_word' id='word_1_458' title='bbox 877 5118 1008 5185; x_wconf 77' lang='lat' dir='ltr'><strong>{ovet</strong></span> <span class='ocrx_word' id='word_1_459' title='bbox 1052 5129 1198 5176; x_wconf 88' lang='lat' dir='ltr'><strong>eam,</strong></span> <span class='ocrx_word' id='word_1_460' title='bbox 1230 5112 1359 5164; x_wconf 84' lang='lat' dir='ltr'><strong>sicut</strong></span> <span class='ocrx_word' id='word_1_461' title='bbox 1401 5119 1446 5162; x_wconf 89' lang='lat' dir='ltr'><strong>et</strong></span> <span class='ocrx_word' id='word_1_462' title='bbox 1476 5107 1704 5163; x_wconf 80' lang='lat' dir='ltr'><strong>Christus</strong></span> <span class='ocrx_word' id='word_1_463' title='bbox 1740 5102 2021 5157; x_wconf 76' lang='lat' dir='ltr'><strong>Ecclesium</strong></span> 
     </span>
    </p>
   </div>
   <div class='ocr_carea' id='block_1_53' title="bbox 437 5197 2022 5284">
    <p class='ocr_par' dir='ltr' id='par_1_53' title="bbox 437 5197 2022 5284">
     <span class='ocr_line' id='line_1_53' title="bbox 437 5197 2022 5284; baseline -0.012 -17"><span class='ocrx_word' id='word_1_464' title='bbox 437 5212 669 5284; x_wconf 76' lang='lat' dir='ltr'><strong>(Ep’ies.</strong></span> <span class='ocrx_word' id='word_1_465' title='bbox 692 5206 1033 5280; x_wconf 63' lang='lat' dir='ltr'><strong>v,%9).Certe</strong></span> <span class='ocrx_word' id='word_1_466' title='bbox 1053 5218 1179 5260; x_wconf 88' lang='lat' dir='ltr'><strong>caro</strong></span> <span class='ocrx_word' id='word_1_467' title='bbox 1204 5212 1453 5271; x_wconf 82' lang='lat' dir='ltr'><strong>tanquam</strong></span> <span class='ocrx_word' id='word_1_468' title='bbox 1469 5197 1662 5267; x_wconf 85' lang='lat' dir='ltr'><strong>conjux</strong></span> <span class='ocrx_word' id='word_1_469' title='bbox 1677 5202 1839 5261; x_wconf 88' lang='lat' dir='ltr'><strong>est,et</strong></span> <span class='ocrx_word' id='word_1_470' title='bbox 1865 5208 2022 5249; x_wconf 85' lang='lat' dir='ltr'><strong>nemo</strong></span> 
     </span>
    </p>
   </div>
   <div class='ocr_carea' id='block_1_54' title="bbox 505 5321 1542 5384">
    <p class='ocr_par' dir='ltr' id='par_1_54' title="bbox 505 5321 1542 5384">
     <span class='ocr_line' id='line_1_54' title="bbox 505 5321 1542 5384; baseline -0.014 -1"><span class='ocrx_word' id='word_1_471' title='bbox 505 5338 522 5367; x_wconf 73' lang='grc'>³</span> <span class='ocrx_word' id='word_1_472' title='bbox 549 5334 623 5384; x_wconf 78' lang='lat' dir='ltr'><strong>sic</strong></span> <span class='ocrx_word' id='word_1_473' title='bbox 644 5330 875 5383; x_wconf 87' lang='lat' dir='ltr'><strong>meliores</strong></span> <span class='ocrx_word' id='word_1_474' title='bbox 904 5337 1008 5378; x_wconf 72' lang='lat' dir='ltr'><strong>Mss.</strong></span> <span class='ocrx_word' id='word_1_475' title='bbox 1047 5333 1102 5376; x_wconf 84' lang='grc' dir='ltr'>Αι</span> <span class='ocrx_word' id='word_1_476' title='bbox 1122 5324 1255 5378; x_wconf 66' lang='grc' dir='ltr'><strong>ΡΜ..</strong></span> <span class='ocrx_word' id='word_1_477' title='bbox 1274 5321 1542 5374; x_wconf 82' lang='lat' dir='ltr'><strong>emetulata.</strong></span> 
     </span>
    </p>
   </div>
   <div class='ocr_carea' id='block_1_55' title="bbox 507 5374 2023 5458">
    <p class='ocr_par' dir='ltr' id='par_1_55' title="bbox 507 5374 2023 5458">
     <span class='ocr_line' id='line_1_55' title="bbox 507 5374 2023 5458; baseline -0.013 -13"><span class='ocrx_word' id='word_1_478' title='bbox 507 5397 529 5429; x_wconf 76' lang='grc'>³</span> <span class='ocrx_word' id='word_1_479' title='bbox 550 5374 623 5458; x_wconf 66' lang='lat' dir='ltr'><strong>ii;</strong></span> <span class='ocrx_word' id='word_1_480' title='bbox 641 5374 873 5458; x_wconf 55' lang='lat' dir='ltr'><strong>iiiéi&#39;iah&#39;é</strong></span> <span class='ocrx_word' id='word_1_481' title='bbox 887 5374 992 5440; x_wconf 48' lang='lat' dir='ltr'><strong>diss:</strong></span> <span class='ocrx_word' id='word_1_482' title='bbox 1008 5395 1061 5438; x_wconf 84' lang='grc' dir='ltr'>Αι</span> <span class='ocrx_word' id='word_1_483' title='bbox 1080 5374 1198 5458; x_wconf 55' lang='lat' dir='ltr'><strong>Am;</strong></span> <span class='ocrx_word' id='word_1_484' title='bbox 1226 5374 1416 5458; x_wconf 63' lang='lat' dir='ltr'><strong>qua</strong></span> <span class='ocrx_word' id='word_1_485' title='bbox 1596 5379 1722 5458; x_wconf 47' lang='lat' dir='ltr'><strong>{nim</strong></span> <span class='ocrx_word' id='word_1_486' title='bbox 1751 5374 2023 5458; x_wconf 43' lang='lat' dir='ltr'><strong>tibinispli-</strong></span> 
     </span>
    </p>
   </div>
   <div class='ocr_carea' id='block_1_56' title="bbox 440 5439 2024 5519">
    <p class='ocr_par' dir='ltr' id='par_1_56' title="bbox 440 5439 2024 5519">
     <span class='ocr_line' id='line_1_56' title="bbox 440 5439 2024 5519; baseline -0.011 -14"><span class='ocrx_word' id='word_1_487' title='bbox 440 5439 829 5519; x_wconf 44' lang='lat' dir='ltr'><strong>agisagis“?</strong></span> <span class='ocrx_word' id='word_1_488' title='bbox 843 5439 918 5503; x_wconf 70' lang='lat' dir='ltr'><strong>ea:</strong></span> <span class='ocrx_word' id='word_1_489' title='bbox 937 5464 1032 5519; x_wconf 83' lang='lat' dir='ltr'><strong>qua</strong></span> <span class='ocrx_word' id='word_1_490' title='bbox 1062 5456 1198 5519; x_wconf 72' lang='lat' dir='ltr'><strong>parte</strong></span> <span class='ocrx_word' id='word_1_491' title='bbox 1233 5447 1318 5519; x_wconf 74' lang='lat' dir='ltr'><strong>tibi</strong></span> <span class='ocrx_word' id='word_1_492' title='bbox 1335 5439 1569 5519; x_wconf 66' lang='lat' dir='ltr'><strong>displicet</strong></span> <span class='ocrx_word' id='word_1_493' title='bbox 1593 5441 1656 5519; x_wconf 43' lang='lat' dir='ltr'><strong>in.</strong></span> <span class='ocrx_word' id='word_1_494' title='bbox 1678 5439 2024 5519; x_wconf 15' lang='lat' dir='ltr'><strong>teiquod&#39;inju:</strong></span> 
     </span>
    </p>
   </div>
   <div class='ocr_carea' id='block_1_57' title="bbox 440 5503 2025 5579">
    <p class='ocr_par' dir='ltr' id='par_1_57' title="bbox 440 5503 2025 5579">
     <span class='ocr_line' id='line_1_57' title="bbox 440 5503 2025 5579; baseline -0.011 -13"><span class='ocrx_word' id='word_1_495' title='bbox 440 5503 849 5579; x_wconf 59' lang='lat' dir='ltr'><strong>£3th</strong></span> <span class='ocrx_word' id='word_1_496' title='bbox 870 5503 960 5565; x_wconf 49' lang='grc' dir='ltr'><strong>εδδ</strong></span> <span class='ocrx_word' id='word_1_497' title='bbox 978 5515 1051 5562; x_wconf 85' lang='lat' dir='ltr'><strong>sic</strong></span> <span class='ocrx_word' id='word_1_498' title='bbox 1066 5503 1320 5579; x_wconf 38' lang='lat' dir='ltr'><strong>&#39;e_t_iam.i:r..&#39;</strong></span> <span class='ocrx_word' id='word_1_499' title='bbox 1342 5515 1392 5579; x_wconf 80' lang='lat' dir='ltr'><strong>cl</strong></span> <span class='ocrx_word' id='word_1_500' title='bbox 1414 5503 1543 5579; x_wconf 54' lang='lat' dir='ltr'><strong>Dom,</strong></span> <span class='ocrx_word' id='word_1_501' title='bbox 1568 5504 1657 5554; x_wconf 83' lang='lat' dir='ltr'><strong>nisi</strong></span> <span class='ocrx_word' id='word_1_502' title='bbox 1681 5503 1831 5579; x_wconf 42' lang='lat' dir='ltr'><strong>quod.</strong></span> <span class='ocrx_word' id='word_1_503' title='bbox 1846 5503 1894 5551; x_wconf 88' lang='lat' dir='ltr'><strong>hi</strong></span> <span class='ocrx_word' id='word_1_504' title='bbox 1928 5503 2025 5579; x_wconf 67' lang='lat' dir='ltr'><strong>duo</strong></span> 
     </span>
    </p>
   </div>
   <div class='ocr_carea' id='block_1_58' title="bbox 445 5564 2023 5653">
    <p class='ocr_par' dir='ltr' id='par_1_58' title="bbox 445 5564 2023 5653">
     <span class='ocr_line' id='line_1_58' title="bbox 445 5564 2023 5653; baseline -0.013 -21"><span class='ocrx_word' id='word_1_505' title='bbox 445 5564 568 5653; x_wconf 29' lang='lat' dir='ltr'><strong>militi</strong></span> <span class='ocrx_word' id='word_1_506' title='bbox 585 5564 783 5653; x_wconf 65' lang='lat' dir='ltr'><strong>adddut,</strong></span> <span class='ocrx_word' id='word_1_507' title='bbox 805 5564 852 5628; x_wconf 77' lang='lat' dir='ltr'><strong>et</strong></span> <span class='ocrx_word' id='word_1_508' title='bbox 871 5564 935 5626; x_wconf 60' lang='lat' dir='ltr'><strong>etc</strong></span> <span class='ocrx_word' id='word_1_509' title='bbox 956 5588 1050 5638; x_wconf 86' lang='lat' dir='ltr'><strong>qua</strong></span> <span class='ocrx_word' id='word_1_510' title='bbox 1072 5572 1163 5653; x_wconf 37' lang='lat' dir='ltr'><strong>tibi.</strong></span> <span class='ocrx_word' id='word_1_511' title='bbox 1176 5568 1396 5653; x_wconf 73' lang='lat' dir='ltr'><strong>displicet</strong></span> <span class='ocrx_word' id='word_1_512' title='bbox 1430 5564 1711 5653; x_wconf 32' lang='lat' dir='ltr'><strong>indignae!</strong></span> <span class='ocrx_word' id='word_1_513' title='bbox 1730 5564 1915 5627; x_wconf 81' lang='lat' dir='ltr'><strong>justum</strong></span> <span class='ocrx_word' id='word_1_514' title='bbox 1935 5569 2023 5622; x_wconf 82' lang='lat' dir='ltr'><strong>est,</strong></span> 
     </span>
    </p>
   </div>
   <div class='ocr_carea' id='block_1_59' title="bbox 443 5629 2024 5755">
    <p class='ocr_par' dir='ltr' id='par_1_59' title="bbox 443 5629 2024 5755">
     <span class='ocr_line' id='line_1_59' title="bbox 443 5629 1742 5705; baseline -0.015 -10"><span class='ocrx_word' id='word_1_515' title='bbox 443 5629 729 5705; x_wconf 54' lang='lat' dir='ltr'><strong>initiatuses</strong></span> <span class='ocrx_word' id='word_1_516' title='bbox 761 5629 782 5691; x_wconf 70' lang='grc' dir='ltr'><em>ἱ</em></span> <span class='ocrx_word' id='word_1_517' title='bbox 807 5629 1021 5701; x_wconf 77' lang='lat' dir='ltr'><strong>moxque</strong></span> <span class='ocrx_word' id='word_1_518' title='bbox 1043 5629 1317 5695; x_wconf 82' lang='lat' dir='ltr'><strong>subjiciunt,</strong></span> <span class='ocrx_word' id='word_1_519' title='bbox 1352 5630 1420 5681; x_wconf 85' lang='lat' dir='ltr'><strong>vis</strong></span> <span class='ocrx_word' id='word_1_520' title='bbox 1442 5629 1621 5686; x_wconf 80' lang='lat' dir='ltr'><strong>videre,</strong></span> <span class='ocrx_word' id='word_1_521' title='bbox 1648 5635 1742 5676; x_wconf 86' lang='lat' dir='ltr'><strong>etc.</strong></span> 
     </span>
     <span class='ocr_line' id='line_1_60' title="bbox 513 5686 2024 5755; baseline -0.012 0"><span class='ocrx_word' id='word_1_522' title='bbox 513 5705 535 5738; x_wconf 85' lang='grc'>³</span> <span class='ocrx_word' id='word_1_523' title='bbox 556 5705 630 5755; x_wconf 87' lang='lat' dir='ltr'><strong>sic</strong></span> <span class='ocrx_word' id='word_1_524' title='bbox 653 5713 751 5753; x_wconf 77' lang='lat' dir='ltr'><strong>Am.</strong></span> <span class='ocrx_word' id='word_1_525' title='bbox 779 5708 830 5751; x_wconf 88' lang='lat' dir='ltr'><strong>et</strong></span> <span class='ocrx_word' id='word_1_526' title='bbox 851 5708 956 5750; x_wconf 85' lang='lat' dir='ltr'><strong>Mss.</strong></span> <span class='ocrx_word' id='word_1_527' title='bbox 984 5705 1037 5747; x_wconf 82' lang='lat' dir='ltr'><strong>Al.</strong></span> <span class='ocrx_word' id='word_1_528' title='bbox 1058 5704 1185 5746; x_wconf 75' lang='lat' dir='ltr'><strong>l.ov.:</strong></span> <span class='ocrx_word' id='word_1_529' title='bbox 1214 5704 1312 5744; x_wconf 85' lang='lat' dir='ltr'><strong>Hoc</strong></span> <span class='ocrx_word' id='word_1_530' title='bbox 1335 5692 1384 5743; x_wconf 91' lang='lat' dir='ltr'><strong>in</strong></span> <span class='ocrx_word' id='word_1_531' title='bbox 1407 5698 1451 5742; x_wconf 86' lang='lat' dir='ltr'><strong>te</strong></span> <span class='ocrx_word' id='word_1_532' title='bbox 1477 5690 1587 5755; x_wconf 17' lang='lat' dir='ltr'><strong>tibi,</strong></span> <span class='ocrx_word' id='word_1_533' title='bbox 1603 5688 1855 5755; x_wconf 78' lang='lat' dir='ltr'><strong>displiceat</strong></span> <span class='ocrx_word' id='word_1_534' title='bbox 1896 5686 2024 5748; x_wconf 83' lang='lat' dir='ltr'><strong>quod</strong></span> 
     </span>
    </p>
   </div>
   <div class='ocr_carea' id='block_1_60' title="bbox 448 5732 1963 5824">
    <p class='ocr_par' dir='ltr' id='par_1_60' title="bbox 448 5732 1963 5824">
     <span class='ocr_line' id='line_1_61' title="bbox 448 5732 1963 5824; baseline -0.015 -6"><span class='ocrx_word' id='word_1_535' title='bbox 448 5771 497 5819; x_wconf 87' lang='lat' dir='ltr'><strong>et</strong></span> <span class='ocrx_word' id='word_1_536' title='bbox 521 5732 634 5817; x_wconf 58' lang='lat' dir='ltr'><strong>sit.</strong></span> <span class='ocrx_word' id='word_1_537' title='bbox 653 5732 770 5815; x_wconf 63' lang='grc' dir='ltr'><strong>Ὑᾶἶῦι</strong></span> <span class='ocrx_word' id='word_1_538' title='bbox 779 5732 1143 5824; x_wconf 49' lang='grc' dir='ltr'><strong>ἷόἱιῖωὲιῖἷὲ</strong></span> <span class='ocrx_word' id='word_1_539' title='bbox 1156 5732 1587 5824; x_wconf 52' lang='grc' dir='ltr'><strong>ξὶίᾷιῖιῖιᾶᾲὶίῦέῖξᾷξ</strong></span> <span class='ocrx_word' id='word_1_540' title='bbox 1604 5732 1850 5824; x_wconf 50' lang='lat' dir='ltr'><strong>iniiinii.</strong></span> <span class='ocrx_word' id='word_1_541' title='bbox 1869 5732 1963 5824; x_wconf 53' lang='lat' dir='ltr'><strong>eis;</strong></span> 
     </span>
    </p>
   </div>
   <div class='ocr_carea' id='block_1_61' title="bbox 514 5809 2026 5891">
    <p class='ocr_par' dir='ltr' id='par_1_61' title="bbox 514 5809 2026 5891">
     <span class='ocr_line' id='line_1_62' title="bbox 514 5809 2026 5891; baseline -0.013 -11"><span class='ocrx_word' id='word_1_542' title='bbox 514 5809 643 5879; x_wconf 61' lang='grc' dir='ltr'><strong>ῖῐιὶὸ</strong></span> <span class='ocrx_word' id='word_1_543' title='bbox 659 5809 888 5891; x_wconf 50' lang='lat' dir='ltr'><strong>apicii-7</strong></span> <span class='ocrx_word' id='word_1_544' title='bbox 902 5809 1084 5891; x_wconf 58' lang='lat' dir='ltr'><strong>etim.</strong></span> <span class='ocrx_word' id='word_1_545' title='bbox 1110 5818 1321 5891; x_wconf 70' lang='lat' dir='ltr'><strong>additum</strong></span> <span class='ocrx_word' id='word_1_546' title='bbox 1342 5816 1450 5879; x_wconf 87' lang='lat' dir='ltr'><strong>fuit,</strong></span> <span class='ocrx_word' id='word_1_547' title='bbox 1460 5809 1620 5879; x_wconf 80' lang='lat' dir='ltr'><strong>justus</strong></span> <span class='ocrx_word' id='word_1_548' title='bbox 1641 5827 1711 5875; x_wconf 81' lang='lat' dir='ltr'><strong>es,</strong></span> <span class='ocrx_word' id='word_1_549' title='bbox 1740 5809 1784 5864; x_wconf 76' lang='lat' dir='ltr'><strong>et</strong></span> <span class='ocrx_word' id='word_1_550' title='bbox 1807 5824 1870 5863; x_wconf 82' lang='lat' dir='ltr'><strong>ea:</strong></span> <span class='ocrx_word' id='word_1_551' title='bbox 1891 5809 1979 5861; x_wconf 88' lang='lat' dir='ltr'><strong>hac</strong></span> <span class='ocrx_word' id='word_1_552' title='bbox 2009 5822 2026 5861; x_wconf 94' lang='lat'><strong>:</strong></span> 
     </span>
    </p>
   </div>
   <div class='ocr_carea' id='block_1_62' title="bbox 452 5885 1343 5957">
    <p class='ocr_par' dir='ltr' id='par_1_62' title="bbox 452 5885 1343 5957">
     <span class='ocr_line' id='line_1_63' title="bbox 452 5885 1343 5957; baseline -0.02 -12"><span class='ocrx_word' id='word_1_553' title='bbox 452 5891 583 5957; x_wconf 74' lang='lat' dir='ltr'><strong>quod</strong></span> <span class='ocrx_word' id='word_1_554' title='bbox 606 5885 779 5942; x_wconf 73' lang='lat' dir='ltr'><strong>merito</strong></span> <span class='ocrx_word' id='word_1_555' title='bbox 794 5887 934 5939; x_wconf 88' lang='lat' dir='ltr'><strong>abest</strong></span> <span class='ocrx_word' id='word_1_556' title='bbox 955 5885 1016 5936; x_wconf 83' lang='lat' dir='ltr'><strong>ab</strong></span> <span class='ocrx_word' id='word_1_557' title='bbox 1038 5891 1136 5933; x_wconf 79' lang='lat' dir='ltr'><strong>Ani.</strong></span> <span class='ocrx_word' id='word_1_558' title='bbox 1163 5887 1214 5932; x_wconf 90' lang='lat' dir='ltr'><strong>et</strong></span> <span class='ocrx_word' id='word_1_559' title='bbox 1237 5886 1343 5929; x_wconf 75' lang='lat' dir='ltr'><strong>mss.</strong></span> 
     </span>
    </p>
   </div>
   <div class='ocr_carea' id='block_1_63' title="bbox 1532 402 2578 464">
    <p class='ocr_par' dir='ltr' id='par_1_63' title="bbox 1532 402 2578 464">
     <span class='ocr_line' id='line_1_64' title="bbox 1532 402 2578 464; baseline -0.005 0"><span class='ocrx_word' id='word_1_560' title='bbox 1532 404 1925 464; x_wconf 78' lang='lat' dir='ltr'><strong>ENARRATIO</strong></span> <span class='ocrx_word' id='word_1_561' title='bbox 1965 402 2029 460; x_wconf 89' lang='lat' dir='ltr'><strong>IN</strong></span> <span class='ocrx_word' id='word_1_562' title='bbox 2065 403 2386 462; x_wconf 75' lang='lat' dir='ltr'><strong>PSALMUM</strong></span> <span class='ocrx_word' id='word_1_563' title='bbox 2424 405 2578 461; x_wconf 78' lang='lat' dir='ltr'><strong>CXL.</strong></span> 
     </span>
    </p>
   </div>
   <div class='ocr_carea' id='block_1_64' title="bbox 2323 314 2447 325">
    <p class='ocr_par' dir='ltr' id='par_1_64' title="bbox 2323 314 2447 325">
     <span class='ocr_line' id='line_1_65' title="bbox 2323 314 2447 325; baseline -0.016 -2"><span class='ocrx_word' id='word_1_564' title='bbox 2323 314 2447 325; x_wconf 57' lang='lat' dir='ltr'><strong>~o~-,</strong></span> 
     </span>
    </p>
   </div>
   <div class='ocr_carea' id='block_1_65' title="bbox 2101 519 3677 596">
    <p class='ocr_par' dir='ltr' id='par_1_65' title="bbox 2101 519 3677 596">
     <span class='ocr_line' id='line_1_66' title="bbox 2101 519 3677 596; baseline 0.01 -24"><span class='ocrx_word' id='word_1_565' title='bbox 2101 532 2314 573; x_wconf 87' lang='lat' dir='ltr'><strong>carnem</strong></span> <span class='ocrx_word' id='word_1_566' title='bbox 2332 532 2481 574; x_wconf 89' lang='lat' dir='ltr'><strong>suam</strong></span> <span class='ocrx_word' id='word_1_567' title='bbox 2510 519 2633 575; x_wconf 92' lang='lat' dir='ltr'><strong>odio</strong></span> <span class='ocrx_word' id='word_1_568' title='bbox 2655 521 2834 577; x_wconf 88' lang='lat' dir='ltr'><strong>habet.</strong></span> <span class='ocrx_word' id='word_1_569' title='bbox 2860 522 3061 579; x_wconf 87' lang='lat' dir='ltr'><strong>Tamen</strong></span> <span class='ocrx_word' id='word_1_570' title='bbox 3079 524 3205 596; x_wconf 88' lang='lat' dir='ltr'><strong>quid</strong></span> <span class='ocrx_word' id='word_1_571' title='bbox 3234 526 3341 583; x_wconf 90' lang='lat' dir='ltr'><strong>alio</strong></span> <span class='ocrx_word' id='word_1_572' title='bbox 3364 528 3483 585; x_wconf 90' lang='lat' dir='ltr'><strong>loco</strong></span> <span class='ocrx_word' id='word_1_573' title='bbox 3500 530 3526 583; x_wconf 64' lang='grc' dir='ltr'>ἲ</span> <span class='ocrx_word' id='word_1_574' title='bbox 3546 530 3677 588; x_wconf 88' lang='lat' dir='ltr'><strong>Caro</strong></span> 
     </span>
    </p>
   </div>
   <div class='ocr_carea' id='block_1_66' title="bbox 2101 611 3680 688">
    <p class='ocr_par' dir='ltr' id='par_1_66' title="bbox 2101 611 3680 688">
     <span class='ocr_line' id='line_1_67' title="bbox 2101 611 3680 688; baseline 0.01 -24"><span class='ocrx_word' id='word_1_575' title='bbox 2101 611 2408 680; x_wconf 86' lang='lat' dir='ltr'><strong>concupiscit</strong></span> <span class='ocrx_word' id='word_1_576' title='bbox 2439 612 2680 668; x_wconf 82' lang='lat' dir='ltr'><strong>adversus</strong></span> <span class='ocrx_word' id='word_1_577' title='bbox 2708 614 2942 685; x_wconf 86' lang='lat' dir='ltr'><strong>spiritum</strong></span> <span class='ocrx_word' id='word_1_578' title='bbox 2965 656 2981 683; x_wconf 93' lang='lat'><strong>,</strong></span> <span class='ocrx_word' id='word_1_579' title='bbox 3013 625 3060 671; x_wconf 90' lang='lat' dir='ltr'><strong>et</strong></span> <span class='ocrx_word' id='word_1_580' title='bbox 3080 619 3284 688; x_wconf 80' lang='lat' dir='ltr'><strong>spiritus</strong></span> <span class='ocrx_word' id='word_1_581' title='bbox 3304 621 3543 679; x_wconf 85' lang='lat' dir='ltr'><strong>adversus</strong></span> <span class='ocrx_word' id='word_1_582' title='bbox 3566 640 3680 679; x_wconf 84' lang='lat' dir='ltr'><strong>car-</strong></span> 
     </span>
    </p>
   </div>
   <div class='ocr_carea' id='block_1_67' title="bbox 2104 700 3681 787">
    <p class='ocr_par' dir='ltr' id='par_1_67' title="bbox 2104 700 3681 787">
     <span class='ocr_line' id='line_1_68' title="bbox 2104 700 3681 787; baseline 0.013 -34"><span class='ocrx_word' id='word_1_583' title='bbox 2104 716 2218 754; x_wconf 86' lang='lat' dir='ltr'><strong>nem</strong></span> <span class='ocrx_word' id='word_1_584' title='bbox 2238 700 2431 775; x_wconf 86' lang='lat' dir='ltr'><strong>(Galat.</strong></span> <span class='ocrx_word' id='word_1_585' title='bbox 2455 719 2506 758; x_wconf 87' lang='lat' dir='ltr'><strong>v.</strong></span> <span class='ocrx_word' id='word_1_586' title='bbox 2529 703 2658 775; x_wconf 87' lang='grc'><strong>17).</strong></span> <span class='ocrx_word' id='word_1_587' title='bbox 2685 702 3025 777; x_wconf 89' lang='lat' dir='ltr'><strong>Concupiscit</strong></span> <span class='ocrx_word' id='word_1_588' title='bbox 3049 708 3310 767; x_wconf 88' lang='lat' dir='ltr'><strong>adversus</strong></span> <span class='ocrx_word' id='word_1_589' title='bbox 3332 719 3403 778; x_wconf 89' lang='lat' dir='ltr'><strong>te,</strong></span> <span class='ocrx_word' id='word_1_590' title='bbox 3430 724 3681 787; x_wconf 87' lang='lat' dir='ltr'><strong>tanquam</strong></span> 
     </span>
    </p>
   </div>
   <div class='ocr_carea' id='block_1_68' title="bbox 2103 794 3681 871">
    <p class='ocr_par' dir='ltr' id='par_1_68' title="bbox 2103 794 3681 871">
     <span class='ocr_line' id='line_1_69' title="bbox 2103 794 3681 871; baseline 0.01 -22"><span class='ocrx_word' id='word_1_591' title='bbox 2103 794 2296 864; x_wconf 82' lang='lat' dir='ltr'><strong>conjux</strong></span> <span class='ocrx_word' id='word_1_592' title='bbox 2337 804 2459 861; x_wconf 89' lang='lat' dir='ltr'><strong>tua;</strong></span> <span class='ocrx_word' id='word_1_593' title='bbox 2497 812 2614 852; x_wconf 88' lang='lat' dir='ltr'><strong>ama</strong></span> <span class='ocrx_word' id='word_1_594' title='bbox 2645 806 2699 854; x_wconf 89' lang='lat' dir='ltr'><strong>et</strong></span> <span class='ocrx_word' id='word_1_595' title='bbox 2718 802 2913 871; x_wconf 83' lang='lat' dir='ltr'><strong>castiga</strong></span> <span class='ocrx_word' id='word_1_596' title='bbox 2936 841 2951 867; x_wconf 93' lang='lat'><strong>,</strong></span> <span class='ocrx_word' id='word_1_597' title='bbox 2978 801 3150 857; x_wconf 92' lang='lat' dir='ltr'><strong>donec</strong></span> <span class='ocrx_word' id='word_1_598' title='bbox 3179 803 3270 858; x_wconf 85' lang='lat' dir='ltr'><strong>ﬁat</strong></span> <span class='ocrx_word' id='word_1_599' title='bbox 3303 804 3355 859; x_wconf 92' lang='lat' dir='ltr'><strong>in</strong></span> <span class='ocrx_word' id='word_1_600' title='bbox 3379 821 3481 863; x_wconf 86' lang='lat' dir='ltr'><strong>una</strong></span> <span class='ocrx_word' id='word_1_601' title='bbox 3509 810 3681 864; x_wconf 89' lang='lat' dir='ltr'><strong>refor-</strong></span> 
     </span>
    </p>
   </div>
   <div class='ocr_carea' id='block_1_69' title="bbox 2104 886 3682 965">
    <p class='ocr_par' dir='ltr' id='par_1_69' title="bbox 2104 886 3682 965">
     <span class='ocr_line' id='line_1_70' title="bbox 2104 886 3682 965; baseline 0.01 -26"><span class='ocrx_word' id='word_1_602' title='bbox 2104 886 2340 943; x_wconf 89' lang='lat' dir='ltr'><strong>matione</strong></span> <span class='ocrx_word' id='word_1_603' title='bbox 2368 902 2471 942; x_wconf 92' lang='lat' dir='ltr'><strong>una</strong></span> <span class='ocrx_word' id='word_1_604' title='bbox 2494 889 2799 946; x_wconf 91' lang='lat' dir='ltr'><strong>concordia.</strong></span> <span class='ocrx_word' id='word_1_605' title='bbox 2830 891 3055 959; x_wconf 84' lang='lat' dir='ltr'><strong>Quando</strong></span> <span class='ocrx_word' id='word_1_606' title='bbox 3085 893 3225 949; x_wconf 91' lang='lat' dir='ltr'><strong>istud</strong></span> <span class='ocrx_word' id='word_1_607' title='bbox 3252 896 3390 951; x_wconf 78' lang='lat' dir='ltr'><strong>erit?</strong></span> <span class='ocrx_word' id='word_1_608' title='bbox 3418 897 3682 965; x_wconf 86' lang='lat' dir='ltr'><strong>Quoniam</strong></span> 
     </span>
    </p>
   </div>
   <div class='ocr_carea' id='block_1_70' title="bbox 2105 976 3685 1055">
    <p class='ocr_par' dir='ltr' id='par_1_70' title="bbox 2105 976 3685 1055">
     <span class='ocr_line' id='line_1_71' title="bbox 2105 976 3685 1055; baseline 0.009 -24"><span class='ocrx_word' id='word_1_609' title='bbox 2105 976 2265 1033; x_wconf 90' lang='lat' dir='ltr'><strong>modo</strong></span> <span class='ocrx_word' id='word_1_610' title='bbox 2290 977 2507 1046; x_wconf 86' lang='lat' dir='ltr'><strong>clamas,</strong></span> <span class='ocrx_word' id='word_1_611' title='bbox 2538 978 2733 1050; x_wconf 69' lang='lat' dir='ltr'><strong>Infelix</strong></span> <span class='ocrx_word' id='word_1_612' title='bbox 2775 997 2864 1052; x_wconf 88' lang='lat' dir='ltr'><strong>ego</strong></span> <span class='ocrx_word' id='word_1_613' title='bbox 2903 982 3051 1037; x_wconf 84' lang='lat' dir='ltr'><strong>homo</strong></span> <span class='ocrx_word' id='word_1_614' title='bbox 3074 1025 3089 1050; x_wconf 93' lang='lat'><strong>,</strong></span> <span class='ocrx_word' id='word_1_615' title='bbox 3124 985 3235 1055; x_wconf 84' lang='lat' dir='ltr'><strong>quis</strong></span> <span class='ocrx_word' id='word_1_616' title='bbox 3264 1001 3343 1040; x_wconf 90' lang='lat' dir='ltr'><strong>me</strong></span> <span class='ocrx_word' id='word_1_617' title='bbox 3369 987 3595 1044; x_wconf 87' lang='lat' dir='ltr'><strong>liberabit</strong></span> <span class='ocrx_word' id='word_1_618' title='bbox 3621 990 3685 1045; x_wconf 86' lang='lat' dir='ltr'><strong>de</strong></span> 
     </span>
    </p>
   </div>
   <div class='ocr_carea' id='block_1_71' title="bbox 2104 1071 3684 1146">
    <p class='ocr_par' dir='ltr' id='par_1_71' title="bbox 2104 1071 3684 1146">
     <span class='ocr_line' id='line_1_72' title="bbox 2104 1071 3684 1146; baseline 0.009 -22"><span class='ocrx_word' id='word_1_619' title='bbox 2104 1085 2316 1141; x_wconf 88' lang='lat' dir='ltr'><strong>corpore</strong></span> <span class='ocrx_word' id='word_1_620' title='bbox 2353 1071 2528 1127; x_wconf 90' lang='lat' dir='ltr'><strong>mortis</strong></span> <span class='ocrx_word' id='word_1_621' title='bbox 2572 1073 2771 1142; x_wconf 82' lang='lat' dir='ltr'><strong>hujus?</strong></span> <span class='ocrx_word' id='word_1_622' title='bbox 2797 1074 3052 1145; x_wconf 91' lang='lat' dir='ltr'><strong>numquid</strong></span> <span class='ocrx_word' id='word_1_623' title='bbox 3084 1077 3417 1146; x_wconf 88' lang='lat' dir='ltr'><strong>separabitur</strong></span> <span class='ocrx_word' id='word_1_624' title='bbox 3444 1095 3474 1135; x_wconf 90' lang='lat' dir='ltr'><strong>a</strong></span> <span class='ocrx_word' id='word_1_625' title='bbox 3503 1089 3554 1137; x_wconf 91' lang='lat' dir='ltr'><strong>te</strong></span> <span class='ocrx_word' id='word_1_626' title='bbox 3581 1081 3684 1138; x_wconf 89' lang='lat' dir='ltr'><strong>hoc</strong></span> 
     </span>
    </p>
   </div>
   <div class='ocr_carea' id='block_1_72' title="bbox 2104 1166 3683 1237">
    <p class='ocr_par' dir='ltr' id='par_1_72' title="bbox 2104 1166 3683 1237">
     <span class='ocr_line' id='line_1_73' title="bbox 2104 1166 3683 1237; baseline 0.006 -18"><span class='ocrx_word' id='word_1_627' title='bbox 2104 1177 2321 1234; x_wconf 88' lang='lat' dir='ltr'><strong>corpus,</strong></span> <span class='ocrx_word' id='word_1_628' title='bbox 2350 1173 2405 1220; x_wconf 91' lang='lat' dir='ltr'><strong>et</strong></span> <span class='ocrx_word' id='word_1_629' title='bbox 2432 1174 2557 1220; x_wconf 92' lang='lat' dir='ltr'><strong>tunc</strong></span> <span class='ocrx_word' id='word_1_630' title='bbox 2581 1180 2802 1222; x_wconf 88' lang='lat' dir='ltr'><strong>securus</strong></span> <span class='ocrx_word' id='word_1_631' title='bbox 2827 1167 2974 1222; x_wconf 88' lang='lat' dir='ltr'><strong>eris?</strong></span> <span class='ocrx_word' id='word_1_632' title='bbox 3004 1166 3072 1222; x_wconf 84' lang='lat' dir='ltr'><strong>Et</strong></span> <span class='ocrx_word' id='word_1_633' title='bbox 3097 1168 3223 1237; x_wconf 92' lang='lat' dir='ltr'><strong>quid</strong></span> <span class='ocrx_word' id='word_1_634' title='bbox 3252 1179 3371 1237; x_wconf 89' lang='lat' dir='ltr'><strong>est,</strong></span> <span class='ocrx_word' id='word_1_635' title='bbox 3414 1170 3479 1226; x_wconf 84' lang='lat' dir='ltr'><strong>In</strong></span> <span class='ocrx_word' id='word_1_636' title='bbox 3509 1174 3683 1229; x_wconf 86' lang='lat' dir='ltr'><strong>nobis-</strong></span> 
     </span>
    </p>
   </div>
   <div class='ocr_carea' id='block_1_73' title="bbox 2104 1256 3684 1331">
    <p class='ocr_par' dir='ltr' id='par_1_73' title="bbox 2104 1256 3684 1331">
     <span class='ocr_line' id='line_1_74' title="bbox 2104 1256 3684 1331; baseline 0.006 -23"><span class='ocrx_word' id='word_1_637' title='bbox 2104 1256 2331 1326; x_wconf 87' lang='lat' dir='ltr'><strong>metipsis</strong></span> <span class='ocrx_word' id='word_1_638' title='bbox 2360 1257 2735 1328; x_wconf 88' lang='lat' dir='ltr'><strong>ingemiscimus</strong></span> <span class='ocrx_word' id='word_1_639' title='bbox 2758 1298 2772 1325; x_wconf 91' lang='lat'><strong>,</strong></span> <span class='ocrx_word' id='word_1_640' title='bbox 2824 1258 3146 1329; x_wconf 88' lang='lat' dir='ltr'><strong>adoptionem</strong></span> <span class='ocrx_word' id='word_1_641' title='bbox 3183 1269 3523 1331; x_wconf 74' lang='lat' dir='ltr'><strong>exspectantes</strong></span> <span class='ocrx_word' id='word_1_642' title='bbox 3546 1304 3559 1327; x_wconf 92' lang='lat'><strong>,</strong></span> <span class='ocrx_word' id='word_1_643' title='bbox 3600 1280 3684 1317; x_wconf 85' lang='lat' dir='ltr'><strong>re-</strong></span> 
     </span>
    </p>
   </div>
   <div class='ocr_carea' id='block_1_74' title="bbox 2106 1348 3685 1422">
    <p class='ocr_par' dir='ltr' id='par_1_74' title="bbox 2106 1348 3685 1422">
     <span class='ocr_line' id='line_1_75' title="bbox 2106 1348 3685 1422; baseline 0.003 -20"><span class='ocrx_word' id='word_1_644' title='bbox 2106 1348 2441 1419; x_wconf 85' lang='lat' dir='ltr'><strong>demptionem</strong></span> <span class='ocrx_word' id='word_1_645' title='bbox 2475 1350 2702 1418; x_wconf 86' lang='lat' dir='ltr'><strong>corporis</strong></span> <span class='ocrx_word' id='word_1_646' title='bbox 2730 1349 2888 1403; x_wconf 87' lang='lat' dir='ltr'><strong>nostri</strong></span> <span class='ocrx_word' id='word_1_647' title='bbox 2907 1359 2924 1421; x_wconf 74' lang='grc'>(</span> <span class='ocrx_word' id='word_1_648' title='bbox 2944 1350 3094 1404; x_wconf 86' lang='lat' dir='ltr'><strong>Rom.</strong></span> <span class='ocrx_word' id='word_1_649' title='bbox 3119 1366 3233 1417; x_wconf 86' lang='lat' dir='ltr'><strong>vm,</strong></span> <span class='ocrx_word' id='word_1_650' title='bbox 3253 1350 3367 1419; x_wconf 72' lang='grc'><strong>25).</strong></span> <span class='ocrx_word' id='word_1_651' title='bbox 3391 1351 3685 1422; x_wconf 80' lang='lat' dir='ltr'><strong>Reparatur</strong></span> 
     </span>
    </p>
   </div>
   <div class='ocr_carea' id='block_1_75' title="bbox 2106 1438 3686 1511">
    <p class='ocr_par' dir='ltr' id='par_1_75' title="bbox 2106 1438 3686 1511">
     <span class='ocr_line' id='line_1_76' title="bbox 2106 1438 3686 1511; baseline 0.003 -17"><span class='ocrx_word' id='word_1_652' title='bbox 2106 1453 2235 1509; x_wconf 84' lang='lat' dir='ltr'><strong>ergo</strong></span> <span class='ocrx_word' id='word_1_653' title='bbox 2254 1454 2283 1493; x_wconf 90' lang='lat' dir='ltr'><strong>a</strong></span> <span class='ocrx_word' id='word_1_654' title='bbox 2313 1440 2636 1494; x_wconf 86' lang='lat' dir='ltr'><strong>mortalitate</strong></span> <span class='ocrx_word' id='word_1_655' title='bbox 2659 1438 2725 1494; x_wconf 89' lang='lat' dir='ltr'><strong>ad</strong></span> <span class='ocrx_word' id='word_1_656' title='bbox 2753 1440 3225 1507; x_wconf 87' lang='lat' dir='ltr'><strong>immortalitatem,</strong></span> <span class='ocrx_word' id='word_1_657' title='bbox 3256 1450 3311 1496; x_wconf 93' lang='lat' dir='ltr'><strong>et</strong></span> <span class='ocrx_word' id='word_1_658' title='bbox 3331 1440 3441 1511; x_wconf 91' lang='lat' dir='ltr'><strong>jam</strong></span> <span class='ocrx_word' id='word_1_659' title='bbox 3468 1457 3574 1497; x_wconf 91' lang='lat' dir='ltr'><strong>non</strong></span> <span class='ocrx_word' id='word_1_660' title='bbox 3596 1459 3686 1499; x_wconf 84' lang='lat' dir='ltr'><strong>re-</strong></span> 
     </span>
    </p>
   </div>
   <div class='ocr_carea' id='block_1_76' title="bbox 2106 1528 3687 1601">
    <p class='ocr_par' dir='ltr' id='par_1_76' title="bbox 2106 1528 3687 1601">
     <span class='ocr_line' id='line_1_77' title="bbox 2106 1528 3687 1601; baseline 0.003 -17"><span class='ocrx_word' id='word_1_661' title='bbox 2106 1529 2267 1597; x_wconf 89' lang='lat' dir='ltr'><strong>sistit,</strong></span> <span class='ocrx_word' id='word_1_662' title='bbox 2290 1528 2414 1599; x_wconf 88' lang='lat' dir='ltr'><strong>quia</strong></span> <span class='ocrx_word' id='word_1_663' title='bbox 2439 1544 2545 1584; x_wconf 92' lang='lat' dir='ltr'><strong>non</strong></span> <span class='ocrx_word' id='word_1_664' title='bbox 2574 1538 2657 1584; x_wconf 88' lang='lat' dir='ltr'><strong>est</strong></span> <span class='ocrx_word' id='word_1_665' title='bbox 2679 1529 2973 1584; x_wconf 88' lang='lat' dir='ltr'><strong>mortalitas</strong></span> <span class='ocrx_word' id='word_1_666' title='bbox 2997 1545 3115 1601; x_wconf 75' lang='lat' dir='ltr'><strong>qua:</strong></span> <span class='ocrx_word' id='word_1_667' title='bbox 3142 1533 3379 1586; x_wconf 91' lang='lat' dir='ltr'><strong>resistat.</strong></span> <span class='ocrx_word' id='word_1_668' title='bbox 3397 1532 3687 1601; x_wconf 88' lang='lat' dir='ltr'><strong>Pr0pterea</strong></span> 
     </span>
    </p>
   </div>
   <div class='ocr_carea' id='block_1_77' title="bbox 2106 1620 3687 1693">
    <p class='ocr_par' dir='ltr' id='par_1_77' title="bbox 2106 1620 3687 1693">
     <span class='ocr_line' id='line_1_78' title="bbox 2106 1620 3687 1693; baseline 0.001 -15"><span class='ocrx_word' id='word_1_669' title='bbox 2106 1621 2305 1691; x_wconf 88' lang='lat' dir='ltr'><strong>castiga</strong></span> <span class='ocrx_word' id='word_1_670' title='bbox 2335 1635 2530 1691; x_wconf 88' lang='lat' dir='ltr'><strong>corpus</strong></span> <span class='ocrx_word' id='word_1_671' title='bbox 2556 1630 2702 1675; x_wconf 90' lang='lat' dir='ltr'><strong>tuum</strong></span> <span class='ocrx_word' id='word_1_672' title='bbox 2728 1638 2743 1687; x_wconf 91' lang='lat'><strong>;</strong></span> <span class='ocrx_word' id='word_1_673' title='bbox 2776 1620 2934 1676; x_wconf 90' lang='lat' dir='ltr'><strong>modo</strong></span> <span class='ocrx_word' id='word_1_674' title='bbox 2959 1622 3115 1677; x_wconf 92' lang='lat' dir='ltr'><strong>doma</strong></span> <span class='ocrx_word' id='word_1_675' title='bbox 3144 1623 3284 1693; x_wconf 92' lang='lat' dir='ltr'><strong>quod</strong></span> <span class='ocrx_word' id='word_1_676' title='bbox 3316 1631 3496 1693; x_wconf 87' lang='lat' dir='ltr'><strong>postea</strong></span> <span class='ocrx_word' id='word_1_677' title='bbox 3542 1626 3687 1680; x_wconf 89' lang='lat' dir='ltr'><strong>reci-</strong></span> 
     </span>
    </p>
   </div>
   <div class='ocr_carea' id='block_1_78' title="bbox 2107 1712 3686 1792">
    <p class='ocr_par' dir='ltr' id='par_1_78' title="bbox 2107 1712 3686 1792">
     <span class='ocr_line' id='line_1_79' title="bbox 2107 1712 3686 1792; baseline 0.003 -24"><span class='ocrx_word' id='word_1_678' title='bbox 2107 1713 2252 1783; x_wconf 88' lang='lat' dir='ltr'><strong>pias;</strong></span> <span class='ocrx_word' id='word_1_679' title='bbox 2279 1712 2438 1767; x_wconf 90' lang='lat' dir='ltr'><strong>modo</strong></span> <span class='ocrx_word' id='word_1_680' title='bbox 2457 1712 2696 1792; x_wconf 81' lang='lat' dir='ltr'><strong>deﬁciat,</strong></span> <span class='ocrx_word' id='word_1_681' title='bbox 2726 1722 2783 1767; x_wconf 93' lang='lat' dir='ltr'><strong>ut</strong></span> <span class='ocrx_word' id='word_1_682' title='bbox 2832 1722 2955 1769; x_wconf 91' lang='lat' dir='ltr'><strong>tunc</strong></span> <span class='ocrx_word' id='word_1_683' title='bbox 2983 1714 3213 1770; x_wconf 78' lang='lat' dir='ltr'><strong>sufficiat</strong></span> <span class='ocrx_word' id='word_1_684' title='bbox 3238 1716 3275 1769; x_wconf 78' lang='grc'><strong>³.</strong></span> <span class='ocrx_word' id='word_1_685' title='bbox 3324 1715 3455 1771; x_wconf 86' lang='lat' dir='ltr'><strong>Nam</strong></span> <span class='ocrx_word' id='word_1_686' title='bbox 3493 1717 3546 1771; x_wconf 93' lang='lat' dir='ltr'><strong>in</strong></span> <span class='ocrx_word' id='word_1_687' title='bbox 3588 1717 3686 1775; x_wconf 88' lang='lat' dir='ltr'><strong>hac</strong></span> 
     </span>
    </p>
   </div>
   <div class='ocr_carea' id='block_1_79' title="bbox 2108 1802 3685 1877">
    <p class='ocr_par' dir='ltr' id='par_1_79' title="bbox 2108 1802 3685 1877">
     <span class='ocr_line' id='line_1_80' title="bbox 2108 1802 3685 1877; baseline 0.004 -20"><span class='ocrx_word' id='word_1_688' title='bbox 2108 1802 2213 1858; x_wconf 86' lang='lat' dir='ltr'><strong>vita</strong></span> <span class='ocrx_word' id='word_1_689' title='bbox 2244 1804 2479 1872; x_wconf 90' lang='lat' dir='ltr'><strong>reparari</strong></span> <span class='ocrx_word' id='word_1_690' title='bbox 2522 1818 2626 1859; x_wconf 88' lang='lat' dir='ltr'><strong>non</strong></span> <span class='ocrx_word' id='word_1_691' title='bbox 2659 1811 2870 1873; x_wconf 87' lang='lat' dir='ltr'><strong>potest,</strong></span> <span class='ocrx_word' id='word_1_692' title='bbox 2900 1803 3152 1875; x_wconf 91' lang='lat' dir='ltr'><strong>quamdiu</strong></span> <span class='ocrx_word' id='word_1_693' title='bbox 3199 1806 3424 1862; x_wconf 89' lang='lat' dir='ltr'><strong>mortale</strong></span> <span class='ocrx_word' id='word_1_694' title='bbox 3463 1808 3685 1877; x_wconf 89' lang='lat' dir='ltr'><strong>geritur.</strong></span> 
     </span>
    </p>
   </div>
   <div class='ocr_carea' id='block_1_80' title="bbox 2106 1893 3683 1967">
    <p class='ocr_par' dir='ltr' id='par_1_80' title="bbox 2106 1893 3683 1967">
     <span class='ocr_line' id='line_1_81' title="bbox 2106 1893 3683 1967; baseline 0.004 -18"><span class='ocrx_word' id='word_1_695' title='bbox 2106 1893 2224 1949; x_wconf 87' lang='lat' dir='ltr'><strong>Non</strong></span> <span class='ocrx_word' id='word_1_696' title='bbox 2255 1902 2307 1950; x_wconf 90' lang='lat' dir='ltr'><strong>te</strong></span> <span class='ocrx_word' id='word_1_697' title='bbox 2328 1894 2581 1965; x_wconf 88' lang='lat' dir='ltr'><strong>deponat,</strong></span> <span class='ocrx_word' id='word_1_698' title='bbox 2606 1910 2709 1949; x_wconf 92' lang='lat' dir='ltr'><strong>non</strong></span> <span class='ocrx_word' id='word_1_699' title='bbox 2743 1903 2794 1951; x_wconf 90' lang='lat' dir='ltr'><strong>te</strong></span> <span class='ocrx_word' id='word_1_700' title='bbox 2822 1895 3131 1967; x_wconf 89' lang='lat' dir='ltr'><strong>abrumpat;</strong></span> <span class='ocrx_word' id='word_1_701' title='bbox 3152 1906 3325 1967; x_wconf 91' lang='lat' dir='ltr'><strong>porta,</strong></span> <span class='ocrx_word' id='word_1_702' title='bbox 3354 1897 3529 1966; x_wconf 88' lang='lat' dir='ltr'><strong>crudi,</strong></span> <span class='ocrx_word' id='word_1_703' title='bbox 3560 1914 3683 1956; x_wconf 88' lang='lat' dir='ltr'><strong>cas-</strong></span> 
     </span>
    </p>
   </div>
   <div class='ocr_carea' id='block_1_81' title="bbox 2109 1987 3686 2062">
    <p class='ocr_par' dir='ltr' id='par_1_81' title="bbox 2109 1987 3686 2062">
     <span class='ocr_line' id='line_1_82' title="bbox 2109 1987 3686 2062; baseline 0.004 -22"><span class='ocrx_word' id='word_1_704' title='bbox 2109 1987 2214 2056; x_wconf 86' lang='lat' dir='ltr'><strong>tiga</strong></span> <span class='ocrx_word' id='word_1_705' title='bbox 2247 2004 2260 2041; x_wconf 92' lang='lat'><strong>:</strong></span> <span class='ocrx_word' id='word_1_706' title='bbox 2291 1988 2624 2057; x_wconf 90' lang='lat' dir='ltr'><strong>reparabitur</strong></span> <span class='ocrx_word' id='word_1_707' title='bbox 2651 1988 2702 2042; x_wconf 92' lang='lat' dir='ltr'><strong>in</strong></span> <span class='ocrx_word' id='word_1_708' title='bbox 2736 1988 2858 2042; x_wconf 86' lang='lat' dir='ltr'><strong>line.</strong></span> <span class='ocrx_word' id='word_1_709' title='bbox 2894 1988 2960 2042; x_wconf 87' lang='lat' dir='ltr'><strong>Et</strong></span> <span class='ocrx_word' id='word_1_710' title='bbox 3007 1988 3130 2059; x_wconf 90' lang='lat' dir='ltr'><strong>quia</strong></span> <span class='ocrx_word' id='word_1_711' title='bbox 3160 2005 3305 2044; x_wconf 86' lang='lat' dir='ltr'><strong>nemo</strong></span> <span class='ocrx_word' id='word_1_712' title='bbox 3333 2006 3551 2062; x_wconf 86' lang='lat' dir='ltr'><strong>unquam</strong></span> <span class='ocrx_word' id='word_1_713' title='bbox 3571 2008 3686 2046; x_wconf 86' lang='lat' dir='ltr'><strong>car-</strong></span> 
     </span>
    </p>
   </div>
   <div class='ocr_carea' id='block_1_82' title="bbox 2112 2079 3689 2152">
    <p class='ocr_par' dir='ltr' id='par_1_82' title="bbox 2112 2079 3689 2152">
     <span class='ocr_line' id='line_1_83' title="bbox 2112 2079 3689 2152; baseline 0.006 -21"><span class='ocrx_word' id='word_1_714' title='bbox 2112 2093 2224 2131; x_wconf 88' lang='lat' dir='ltr'><strong>nem</strong></span> <span class='ocrx_word' id='word_1_715' title='bbox 2250 2094 2395 2132; x_wconf 88' lang='lat' dir='ltr'><strong>suam</strong></span> <span class='ocrx_word' id='word_1_716' title='bbox 2425 2079 2542 2132; x_wconf 84' lang='lat' dir='ltr'><strong>odio</strong></span> <span class='ocrx_word' id='word_1_717' title='bbox 2570 2080 2762 2145; x_wconf 83' lang='lat' dir='ltr'><strong>habuit,</strong></span> <span class='ocrx_word' id='word_1_718' title='bbox 2782 2088 3027 2149; x_wconf 83' lang='lat' dir='ltr'><strong>resurget</strong></span> <span class='ocrx_word' id='word_1_719' title='bbox 3042 2088 3097 2135; x_wconf 93' lang='lat' dir='ltr'><strong>et</strong></span> <span class='ocrx_word' id='word_1_720' title='bbox 3112 2094 3255 2135; x_wconf 92' lang='lat' dir='ltr'><strong>caro.</strong></span> <span class='ocrx_word' id='word_1_721' title='bbox 3270 2079 3376 2136; x_wconf 88' lang='lat' dir='ltr'><strong>Sed</strong></span> <span class='ocrx_word' id='word_1_722' title='bbox 3396 2083 3689 2152; x_wconf 81' lang='lat' dir='ltr'><strong>quomodo?</strong></span> 
     </span>
    </p>
   </div>
   <div class='ocr_carea' id='block_1_83' title="bbox 2109 2168 3689 2246">
    <p class='ocr_par' dir='ltr' id='par_1_83' title="bbox 2109 2168 3689 2246">
     <span class='ocr_line' id='line_1_84' title="bbox 2109 2168 3689 2246; baseline 0.004 -23"><span class='ocrx_word' id='word_1_723' title='bbox 2109 2168 2271 2223; x_wconf 87' lang='lat' dir='ltr'><strong>etiam</strong></span> <span class='ocrx_word' id='word_1_724' title='bbox 2301 2178 2427 2224; x_wconf 91' lang='lat' dir='ltr'><strong>tunc</strong></span> <span class='ocrx_word' id='word_1_725' title='bbox 2453 2169 2746 2225; x_wconf 91' lang='lat' dir='ltr'><strong>luctaturus</strong></span> <span class='ocrx_word' id='word_1_726' title='bbox 2770 2172 2934 2226; x_wconf 80' lang='lat' dir='ltr'><strong>sum?</strong></span> <span class='ocrx_word' id='word_1_727' title='bbox 2969 2171 3198 2239; x_wconf 85' lang='lat' dir='ltr'><strong>Oportet,</strong></span> <span class='ocrx_word' id='word_1_728' title='bbox 3224 2171 3412 2242; x_wconf 89' lang='lat' dir='ltr'><strong>inquit,</strong></span> <span class='ocrx_word' id='word_1_729' title='bbox 3440 2177 3689 2246; x_wconf 87' lang='lat' dir='ltr'><strong>corrupti-</strong></span> 
     </span>
    </p>
   </div>
   <div class='ocr_carea' id='block_1_84' title="bbox 2112 2248 3689 2334">
    <p class='ocr_par' dir='ltr' id='par_1_84' title="bbox 2112 2248 3689 2334">
     <span class='ocr_line' id='line_1_85' title="bbox 2112 2248 3689 2334; baseline 0.006 -19"><span class='ocrx_word' id='word_1_730' title='bbox 2112 2263 2209 2316; x_wconf 87' lang='lat' dir='ltr'><strong>bile</strong></span> <span class='ocrx_word' id='word_1_731' title='bbox 2236 2262 2330 2317; x_wconf 87' lang='lat' dir='ltr'><strong>hoc</strong></span> <span class='ocrx_word' id='word_1_732' title='bbox 2355 2263 2560 2317; x_wconf 87' lang='lat' dir='ltr'><strong>induere</strong></span> <span class='ocrx_word' id='word_1_733' title='bbox 2586 2248 3034 2334; x_wconf 73' lang='lat' dir='ltr'><strong>incorruptionem,</strong></span> <span class='ocrx_word' id='word_1_734' title='bbox 3063 2274 3109 2319; x_wconf 91' lang='lat' dir='ltr'><strong>et</strong></span> <span class='ocrx_word' id='word_1_735' title='bbox 3129 2265 3342 2320; x_wconf 89' lang='lat' dir='ltr'><strong>mortale</strong></span> <span class='ocrx_word' id='word_1_736' title='bbox 3363 2265 3460 2321; x_wconf 86' lang='lat' dir='ltr'><strong>hoc</strong></span> <span class='ocrx_word' id='word_1_737' title='bbox 3481 2267 3689 2325; x_wconf 81' lang='lat' dir='ltr'><strong>induere</strong></span> 
     </span>
    </p>
   </div>
   <div class='ocr_carea' id='block_1_85' title="bbox 2109 2353 3023 2424">
    <p class='ocr_par' dir='ltr' id='par_1_85' title="bbox 2109 2353 3023 2424">
     <span class='ocr_line' id='line_1_86' title="bbox 2109 2353 3023 2424; baseline 0 -17"><span class='ocrx_word' id='word_1_738' title='bbox 2109 2354 2536 2409; x_wconf 89' lang='lat' dir='ltr'><strong>immortalitatem</strong></span> <span class='ocrx_word' id='word_1_739' title='bbox 2559 2353 2612 2424; x_wconf 91' lang='grc' dir='ltr'><strong>(Ι</strong></span> <span class='ocrx_word' id='word_1_740' title='bbox 2640 2353 2757 2409; x_wconf 88' lang='lat' dir='ltr'><strong>Cor.</strong></span> <span class='ocrx_word' id='word_1_741' title='bbox 2790 2370 2879 2419; x_wconf 80' lang='lat' dir='ltr'><strong>xv,</strong></span> <span class='ocrx_word' id='word_1_742' title='bbox 2908 2354 3023 2424; x_wconf 80' lang='lat'><strong>55).</strong></span> 
     </span>
    </p>
   </div>
   <div class='ocr_carea' id='block_1_86' title="bbox 2183 2446 3689 2523">
    <p class='ocr_par' dir='ltr' id='par_1_86' title="bbox 2183 2446 3689 2523">
     <span class='ocr_line' id='line_1_87' title="bbox 2183 2446 3689 2523; baseline 0.004 -21"><span class='ocrx_word' id='word_1_743' title='bbox 2183 2448 2270 2502; x_wconf 89' lang='grc'><strong>17.</strong></span> <span class='ocrx_word' id='word_1_744' title='bbox 2295 2446 2437 2518; x_wconf 86' lang='lat' dir='ltr'><strong>Ergo</strong></span> <span class='ocrx_word' id='word_1_745' title='bbox 2465 2463 2585 2503; x_wconf 90' lang='lat' dir='ltr'><strong>cum</strong></span> <span class='ocrx_word' id='word_1_746' title='bbox 2607 2447 2821 2515; x_wconf 90' lang='lat' dir='ltr'><strong>dicitur,</strong></span> <span class='ocrx_word' id='word_1_747' title='bbox 2845 2447 3151 2504; x_wconf 84' lang='lat' dir='ltr'><strong>Emendabit</strong></span> <span class='ocrx_word' id='word_1_748' title='bbox 3176 2464 3275 2517; x_wconf 91' lang='lat' dir='ltr'><strong>me,</strong></span> <span class='ocrx_word' id='word_1_749' title='bbox 3298 2458 3345 2505; x_wconf 91' lang='lat' dir='ltr'><strong>et</strong></span> <span class='ocrx_word' id='word_1_750' title='bbox 3367 2460 3544 2523; x_wconf 88' lang='lat' dir='ltr'><strong>arguet</strong></span> <span class='ocrx_word' id='word_1_751' title='bbox 3568 2468 3689 2519; x_wconf 85' lang='lat' dir='ltr'><strong>me;</strong></span> 
     </span>
    </p>
   </div>
   <div class='ocr_carea' id='block_1_87' title="bbox 2111 2539 3691 2611">
    <p class='ocr_par' dir='ltr' id='par_1_87' title="bbox 2111 2539 3691 2611">
     <span class='ocr_line' id='line_1_88' title="bbox 2111 2539 3691 2611; baseline 0.004 -16"><span class='ocrx_word' id='word_1_752' title='bbox 2111 2543 2228 2595; x_wconf 86' lang='lat' dir='ltr'><strong>sive</strong></span> <span class='ocrx_word' id='word_1_753' title='bbox 2253 2541 2322 2596; x_wconf 90' lang='lat' dir='ltr'><strong>sit</strong></span> <span class='ocrx_word' id='word_1_754' title='bbox 2350 2539 2535 2608; x_wconf 91' lang='lat' dir='ltr'><strong>frater,</strong></span> <span class='ocrx_word' id='word_1_755' title='bbox 2566 2540 2680 2596; x_wconf 87' lang='lat' dir='ltr'><strong>sive</strong></span> <span class='ocrx_word' id='word_1_756' title='bbox 2699 2541 2769 2595; x_wconf 91' lang='lat' dir='ltr'><strong>sit</strong></span> <span class='ocrx_word' id='word_1_757' title='bbox 2798 2541 3092 2611; x_wconf 81' lang='lat' dir='ltr'><strong>proximus,</strong></span> <span class='ocrx_word' id='word_1_758' title='bbox 3116 2542 3228 2598; x_wconf 86' lang='lat' dir='ltr'><strong>sive</strong></span> <span class='ocrx_word' id='word_1_759' title='bbox 3247 2542 3558 2609; x_wconf 89' lang='lat' dir='ltr'><strong>sitvicinus,</strong></span> <span class='ocrx_word' id='word_1_760' title='bbox 3575 2544 3691 2602; x_wconf 87' lang='lat' dir='ltr'><strong>sive</strong></span> 
     </span>
    </p>
   </div>
   <div class='ocr_carea' id='block_1_88' title="bbox 2113 2630 3688 2703">
    <p class='ocr_par' dir='ltr' id='par_1_88' title="bbox 2113 2630 3688 2703">
     <span class='ocr_line' id='line_1_89' title="bbox 2113 2630 3688 2703; baseline 0.003 -17"><span class='ocrx_word' id='word_1_761' title='bbox 2113 2640 2168 2686; x_wconf 91' lang='lat' dir='ltr'><strong>tu</strong></span> <span class='ocrx_word' id='word_1_762' title='bbox 2196 2631 2309 2701; x_wconf 89' lang='lat' dir='ltr'><strong>ipse</strong></span> <span class='ocrx_word' id='word_1_763' title='bbox 2337 2672 2352 2699; x_wconf 95' lang='lat'><strong>,</strong></span> <span class='ocrx_word' id='word_1_764' title='bbox 2382 2630 2433 2685; x_wconf 93' lang='lat' dir='ltr'><strong>in</strong></span> <span class='ocrx_word' id='word_1_765' title='bbox 2463 2630 2829 2686; x_wconf 88' lang='lat' dir='ltr'><strong>misericordia</strong></span> <span class='ocrx_word' id='word_1_766' title='bbox 2871 2630 3039 2686; x_wconf 90' lang='lat' dir='ltr'><strong>debes</strong></span> <span class='ocrx_word' id='word_1_767' title='bbox 3066 2631 3250 2703; x_wconf 89' lang='lat' dir='ltr'><strong>argui,</strong></span> <span class='ocrx_word' id='word_1_768' title='bbox 3296 2641 3351 2687; x_wconf 89' lang='lat' dir='ltr'><strong>et</strong></span> <span class='ocrx_word' id='word_1_769' title='bbox 3395 2633 3688 2695; x_wconf 87' lang='lat' dir='ltr'><strong>emendari.</strong></span> 
     </span>
    </p>
   </div>
   <div class='ocr_carea' id='block_1_89' title="bbox 2118 2720 3688 2796">
    <p class='ocr_par' dir='ltr' id='par_1_89' title="bbox 2118 2720 3688 2796">
     <span class='ocr_line' id='line_1_90' title="bbox 2118 2720 3688 2796; baseline 0.004 -20"><span class='ocrx_word' id='word_1_770' title='bbox 2118 2720 2298 2777; x_wconf 88' lang='lat' dir='ltr'><strong>Oleum</strong></span> <span class='ocrx_word' id='word_1_771' title='bbox 2345 2729 2513 2777; x_wconf 87' lang='lat' dir='ltr'><strong>autem</strong></span> <span class='ocrx_word' id='word_1_772' title='bbox 2557 2723 2831 2792; x_wconf 86' lang='lat' dir='ltr'><strong>peccatoris</strong></span> <span class='ocrx_word' id='word_1_773' title='bbox 2871 2739 2973 2777; x_wconf 91' lang='lat' dir='ltr'><strong>non</strong></span> <span class='ocrx_word' id='word_1_774' title='bbox 3017 2724 3296 2795; x_wconf 88' lang='lat' dir='ltr'><strong>impinguet</strong></span> <span class='ocrx_word' id='word_1_775' title='bbox 3320 2736 3473 2796; x_wconf 86' lang='lat' dir='ltr'><strong>caput</strong></span> <span class='ocrx_word' id='word_1_776' title='bbox 3501 2743 3688 2781; x_wconf 88' lang='lat' dir='ltr'><strong>meum.</strong></span> 
     </span>
    </p>
   </div>
   <div class='ocr_carea' id='block_1_90' title="bbox 2114 2814 3691 2885">
    <p class='ocr_par' dir='ltr' id='par_1_90' title="bbox 2114 2814 3691 2885">
     <span class='ocr_line' id='line_1_91' title="bbox 2114 2814 3691 2885; baseline 0.002 -14"><span class='ocrx_word' id='word_1_777' title='bbox 2114 2814 2220 2872; x_wconf 90' lang='lat' dir='ltr'><strong>Sed</strong></span> <span class='ocrx_word' id='word_1_778' title='bbox 2245 2815 2371 2885; x_wconf 85' lang='lat' dir='ltr'><strong>quid</strong></span> <span class='ocrx_word' id='word_1_779' title='bbox 2404 2815 2539 2871; x_wconf 84' lang='lat' dir='ltr'><strong>facio</strong></span> <span class='ocrx_word' id='word_1_780' title='bbox 2567 2856 2583 2883; x_wconf 92' lang='lat'><strong>,</strong></span> <span class='ocrx_word' id='word_1_781' title='bbox 2607 2814 2741 2871; x_wconf 90' lang='lat' dir='ltr'><strong>dicis</strong></span> <span class='ocrx_word' id='word_1_782' title='bbox 2771 2814 2943 2870; x_wconf 86' lang='lat' dir='ltr'><strong>mihi?</strong></span> <span class='ocrx_word' id='word_1_783' title='bbox 2992 2814 3171 2871; x_wconf 87' lang='lat' dir='ltr'><strong>Patior</strong></span> <span class='ocrx_word' id='word_1_784' title='bbox 3198 2815 3504 2874; x_wconf 87' lang='lat' dir='ltr'><strong>adulatores</strong></span> <span class='ocrx_word' id='word_1_785' title='bbox 3531 2836 3549 2882; x_wconf 50' lang='grc' dir='ltr'><strong>λ,</strong></span> <span class='ocrx_word' id='word_1_786' title='bbox 3582 2833 3691 2874; x_wconf 89' lang='lat' dir='ltr'><strong>non</strong></span> 
     </span>
    </p>
   </div>
   <div class='ocr_carea' id='block_1_91' title="bbox 2112 2905 3693 2980">
    <p class='ocr_par' dir='ltr' id='par_1_91' title="bbox 2112 2905 3693 2980">
     <span class='ocr_line' id='line_1_92' title="bbox 2112 2905 3693 2980; baseline 0.002 -18"><span class='ocrx_word' id='word_1_787' title='bbox 2112 2914 2328 2963; x_wconf 88' lang='lat' dir='ltr'><strong>cessant</strong></span> <span class='ocrx_word' id='word_1_788' title='bbox 2361 2914 2734 2978; x_wconf 87' lang='lat' dir='ltr'><strong>perstrepere;</strong></span> <span class='ocrx_word' id='word_1_789' title='bbox 2778 2906 2998 2960; x_wconf 85' lang='lat' dir='ltr'><strong>laudant</strong></span> <span class='ocrx_word' id='word_1_790' title='bbox 3041 2905 3095 2961; x_wconf 92' lang='lat' dir='ltr'><strong>in</strong></span> <span class='ocrx_word' id='word_1_791' title='bbox 3123 2920 3210 2962; x_wconf 90' lang='lat' dir='ltr'><strong>me</strong></span> <span class='ocrx_word' id='word_1_792' title='bbox 3234 2922 3354 2977; x_wconf 82' lang='lat' dir='ltr'><strong>qua:</strong></span> <span class='ocrx_word' id='word_1_793' title='bbox 3383 2908 3509 2962; x_wconf 92' lang='lat' dir='ltr'><strong>nolo</strong></span> <span class='ocrx_word' id='word_1_794' title='bbox 3530 2949 3545 2976; x_wconf 94' lang='lat'><strong>,</strong></span> <span class='ocrx_word' id='word_1_795' title='bbox 3573 2925 3693 2980; x_wconf 64' lang='lat' dir='ltr'><strong>quae</strong></span> 
     </span>
    </p>
   </div>
   <div class='ocr_carea' id='block_1_92' title="bbox 2112 2994 3691 3068">
    <p class='ocr_par' dir='ltr' id='par_1_92' title="bbox 2112 2994 3691 3068">
     <span class='ocr_line' id='line_1_93' title="bbox 2112 2994 3691 3068; baseline 0.001 -15"><span class='ocrx_word' id='word_1_796' title='bbox 2112 3011 2214 3068; x_wconf 86' lang='lat' dir='ltr'><strong>ego</strong></span> <span class='ocrx_word' id='word_1_797' title='bbox 2253 2995 2581 3068; x_wconf 88' lang='lat' dir='ltr'><strong>parvipendo</strong></span> <span class='ocrx_word' id='word_1_798' title='bbox 2602 2995 2821 3051; x_wconf 89' lang='lat' dir='ltr'><strong>laudant</strong></span> <span class='ocrx_word' id='word_1_799' title='bbox 2846 2996 2898 3051; x_wconf 90' lang='lat' dir='ltr'><strong>in</strong></span> <span class='ocrx_word' id='word_1_800' title='bbox 2927 3011 3036 3060; x_wconf 90' lang='lat' dir='ltr'><strong>me,</strong></span> <span class='ocrx_word' id='word_1_801' title='bbox 3060 2994 3203 3066; x_wconf 88' lang='lat' dir='ltr'><strong>quod</strong></span> <span class='ocrx_word' id='word_1_802' title='bbox 3228 3011 3329 3068; x_wconf 85' lang='lat' dir='ltr'><strong>ego</strong></span> <span class='ocrx_word' id='word_1_803' title='bbox 3348 2996 3571 3061; x_wconf 84' lang='lat' dir='ltr'><strong>charum</strong></span> <span class='ocrx_word' id='word_1_804' title='bbox 3589 2999 3691 3055; x_wconf 90' lang='lat' dir='ltr'><strong>ba-</strong></span> 
     </span>
    </p>
   </div>
   <div class='ocr_carea' id='block_1_93' title="bbox 2113 3086 3695 3158">
    <p class='ocr_par' dir='ltr' id='par_1_93' title="bbox 2113 3086 3695 3158">
     <span class='ocr_line' id='line_1_94' title="bbox 2113 3086 3695 3158; baseline 0.003 -15"><span class='ocrx_word' id='word_1_805' title='bbox 2113 3087 2217 3143; x_wconf 89' lang='lat' dir='ltr'><strong>beo</strong></span> <span class='ocrx_word' id='word_1_806' title='bbox 2260 3086 2660 3158; x_wconf 85' lang='lat' dir='ltr'><strong>reprehendunt</strong></span> <span class='ocrx_word' id='word_1_807' title='bbox 2698 3087 2752 3141; x_wconf 89' lang='lat' dir='ltr'><strong>in</strong></span> <span class='ocrx_word' id='word_1_808' title='bbox 2780 3101 2864 3142; x_wconf 92' lang='lat' dir='ltr'><strong>me</strong></span> <span class='ocrx_word' id='word_1_809' title='bbox 2886 3127 2901 3153; x_wconf 92' lang='lat'><strong>,</strong></span> <span class='ocrx_word' id='word_1_810' title='bbox 2926 3086 3232 3143; x_wconf 90' lang='lat' dir='ltr'><strong>adulatores</strong></span> <span class='ocrx_word' id='word_1_811' title='bbox 3255 3128 3269 3154; x_wconf 95' lang='lat'><strong>,</strong></span> <span class='ocrx_word' id='word_1_812' title='bbox 3302 3088 3518 3145; x_wconf 83' lang='lat' dir='ltr'><strong>fallaces</strong></span> <span class='ocrx_word' id='word_1_813' title='bbox 3538 3129 3555 3156; x_wconf 92' lang='lat'><strong>,</strong></span> <span class='ocrx_word' id='word_1_814' title='bbox 3595 3091 3695 3148; x_wconf 85' lang='lat' dir='ltr'><strong>de-</strong></span> 
     </span>
    </p>
   </div>
   <div class='ocr_carea' id='block_1_94' title="bbox 2113 3176 3692 3249">
    <p class='ocr_par' dir='ltr' id='par_1_94' title="bbox 2113 3176 3692 3249">
     <span class='ocr_line' id='line_1_95' title="bbox 2113 3176 3692 3249; baseline 0.001 -15"><span class='ocrx_word' id='word_1_815' title='bbox 2113 3187 2377 3249; x_wconf 91' lang='lat' dir='ltr'><strong>ccptores.</strong></span> <span class='ocrx_word' id='word_1_816' title='bbox 2414 3177 2633 3249; x_wconf 82' lang='lat' dir='ltr'><strong>Magnus</strong></span> <span class='ocrx_word' id='word_1_817' title='bbox 2661 3177 2743 3232; x_wconf 92' lang='lat' dir='ltr'><strong>vir</strong></span> <span class='ocrx_word' id='word_1_818' title='bbox 2769 3177 2879 3243; x_wconf 88' lang='lat' dir='ltr'><strong>ille,</strong></span> <span class='ocrx_word' id='word_1_819' title='bbox 2896 3176 3046 3233; x_wconf 86' lang='lat' dir='ltr'><strong>verbi</strong></span> <span class='ocrx_word' id='word_1_820' title='bbox 3068 3178 3259 3248; x_wconf 88' lang='lat' dir='ltr'><strong>gratia,</strong></span> <span class='ocrx_word' id='word_1_821' title='bbox 3282 3177 3448 3234; x_wconf 88' lang='lat' dir='ltr'><strong>Gaius</strong></span> <span class='ocrx_word' id='word_1_822' title='bbox 3473 3178 3626 3237; x_wconf 89' lang='lat' dir='ltr'><strong>Seius</strong></span> <span class='ocrx_word' id='word_1_823' title='bbox 3642 3183 3692 3248; x_wconf 72' lang='grc' dir='ltr'>’ς</span> 
     </span>
    </p>
   </div>
   <div class='ocr_carea' id='block_1_95' title="bbox 2114 3268 3693 3341">
    <p class='ocr_par' dir='ltr' id='par_1_95' title="bbox 2114 3268 3693 3341">
     <span class='ocr_line' id='line_1_96' title="bbox 2114 3268 3693 3341; baseline 0.003 -14"><span class='ocrx_word' id='word_1_824' title='bbox 2114 3287 2360 3341; x_wconf 85' lang='lat' dir='ltr'><strong>magnus,</strong></span> <span class='ocrx_word' id='word_1_825' title='bbox 2381 3270 2587 3337; x_wconf 88' lang='lat' dir='ltr'><strong>doctus,</strong></span> <span class='ocrx_word' id='word_1_826' title='bbox 2610 3270 2853 3340; x_wconf 90' lang='lat' dir='ltr'><strong>sapiens:</strong></span> <span class='ocrx_word' id='word_1_827' title='bbox 2878 3268 2975 3326; x_wconf 87' lang='lat' dir='ltr'><strong>sed</strong></span> <span class='ocrx_word' id='word_1_828' title='bbox 3000 3284 3166 3341; x_wconf 89' lang='lat' dir='ltr'><strong>quare</strong></span> <span class='ocrx_word' id='word_1_829' title='bbox 3188 3269 3693 3331; x_wconf 70' lang='lat' dir='ltr'><strong>cbristianusiNam</strong></span> 
     </span>
    </p>
   </div>
   <div class='ocr_carea' id='block_1_96' title="bbox 2114 3362 3695 3436">
    <p class='ocr_par' dir='ltr' id='par_1_96' title="bbox 2114 3362 3695 3436">
     <span class='ocr_line' id='line_1_97' title="bbox 2114 3362 3695 3436; baseline 0.001 -17"><span class='ocrx_word' id='word_1_830' title='bbox 2114 3379 2305 3436; x_wconf 85' lang='lat' dir='ltr'><strong>magna</strong></span> <span class='ocrx_word' id='word_1_831' title='bbox 2351 3363 2590 3419; x_wconf 88' lang='lat' dir='ltr'><strong>doctrina</strong></span> <span class='ocrx_word' id='word_1_832' title='bbox 2614 3404 2629 3431; x_wconf 93' lang='lat'><strong>,</strong></span> <span class='ocrx_word' id='word_1_833' title='bbox 2660 3370 2716 3418; x_wconf 89' lang='lat' dir='ltr'><strong>et</strong></span> <span class='ocrx_word' id='word_1_834' title='bbox 2759 3377 2965 3433; x_wconf 69' lang='lat' dir='ltr'><strong>magna:</strong></span> <span class='ocrx_word' id='word_1_835' title='bbox 2994 3362 3186 3417; x_wconf 76' lang='lat' dir='ltr'><strong>littera:</strong></span> <span class='ocrx_word' id='word_1_836' title='bbox 3208 3362 3253 3428; x_wconf 83' lang='grc'><strong>³,</strong></span> <span class='ocrx_word' id='word_1_837' title='bbox 3301 3372 3356 3419; x_wconf 87' lang='grc' dir='ltr'><strong>ει</strong></span> <span class='ocrx_word' id='word_1_838' title='bbox 3391 3378 3582 3435; x_wconf 83' lang='lat' dir='ltr'><strong>magna</strong></span> <span class='ocrx_word' id='word_1_839' title='bbox 3610 3380 3695 3422; x_wconf 36' lang='lat' dir='ltr'><strong>sas</strong></span> 
     </span>
    </p>
   </div>
   <div class='ocr_carea' id='block_1_97' title="bbox 2114 3454 3697 3529">
    <p class='ocr_par' dir='ltr' id='par_1_97' title="bbox 2114 3454 3697 3529">
     <span class='ocr_line' id='line_1_98' title="bbox 2114 3454 3697 3529; baseline 0.003 -18"><span class='ocrx_word' id='word_1_840' title='bbox 2114 3456 2332 3529; x_wconf 87' lang='lat' dir='ltr'><strong>pientia.</strong></span> <span class='ocrx_word' id='word_1_841' title='bbox 2357 3456 2412 3512; x_wconf 92' lang='lat' dir='ltr'><strong>Si</strong></span> <span class='ocrx_word' id='word_1_842' title='bbox 2435 3470 2623 3525; x_wconf 80' lang='lat' dir='ltr'><strong>magna</strong></span> <span class='ocrx_word' id='word_1_843' title='bbox 2651 3454 3179 3526; x_wconf 89' lang='lat' dir='ltr'><strong>sapientia,approba</strong></span> <span class='ocrx_word' id='word_1_844' title='bbox 3201 3455 3341 3527; x_wconf 92' lang='lat' dir='ltr'><strong>quod</strong></span> <span class='ocrx_word' id='word_1_845' title='bbox 3374 3456 3697 3517; x_wconf 82' lang='lat' dir='ltr'><strong>christianus</strong></span> 
     </span>
    </p>
   </div>
   <div class='ocr_carea' id='block_1_98' title="bbox 2114 3546 3697 3622">
    <p class='ocr_par' dir='ltr' id='par_1_98' title="bbox 2114 3546 3697 3622">
     <span class='ocr_line' id='line_1_99' title="bbox 2114 3546 3697 3622; baseline 0.003 -17"><span class='ocrx_word' id='word_1_846' title='bbox 2114 3559 2228 3605; x_wconf 90' lang='lat' dir='ltr'><strong>est:</strong></span> <span class='ocrx_word' id='word_1_847' title='bbox 2261 3549 2304 3605; x_wconf 91' lang='lat' dir='ltr'><strong>si</strong></span> <span class='ocrx_word' id='word_1_848' title='bbox 2328 3563 2517 3619; x_wconf 85' lang='lat' dir='ltr'><strong>magna</strong></span> <span class='ocrx_word' id='word_1_849' title='bbox 2546 3547 2810 3615; x_wconf 91' lang='lat' dir='ltr'><strong>doctrina,</strong></span> <span class='ocrx_word' id='word_1_850' title='bbox 2836 3546 2995 3604; x_wconf 88' lang='lat' dir='ltr'><strong>docte</strong></span> <span class='ocrx_word' id='word_1_851' title='bbox 3018 3548 3177 3619; x_wconf 85' lang='lat' dir='ltr'><strong>elegit</strong></span> <span class='ocrx_word' id='word_1_852' title='bbox 3195 3547 3236 3602; x_wconf 70' lang='grc'><strong>⁵.</strong></span> <span class='ocrx_word' id='word_1_853' title='bbox 3262 3548 3538 3606; x_wconf 80' lang='lat' dir='ltr'><strong>Postremo</strong></span> <span class='ocrx_word' id='word_1_854' title='bbox 3555 3552 3697 3622; x_wconf 90' lang='lat' dir='ltr'><strong>quod</strong></span> 
     </span>
    </p>
   </div>
   <div class='ocr_carea' id='block_1_99' title="bbox 2116 3641 3694 3715">
    <p class='ocr_par' dir='ltr' id='par_1_99' title="bbox 2116 3641 3694 3715">
     <span class='ocr_line' id='line_1_100' title="bbox 2116 3641 3694 3715; baseline 0.001 -17"><span class='ocrx_word' id='word_1_855' title='bbox 2116 3652 2172 3698; x_wconf 85' lang='lat' dir='ltr'><strong>tu</strong></span> <span class='ocrx_word' id='word_1_856' title='bbox 2204 3643 2473 3713; x_wconf 90' lang='lat' dir='ltr'><strong>vituperas</strong></span> <span class='ocrx_word' id='word_1_857' title='bbox 2500 3683 2515 3709; x_wconf 92' lang='lat'><strong>,</strong></span> <span class='ocrx_word' id='word_1_858' title='bbox 2548 3641 2650 3697; x_wconf 91' lang='lat' dir='ltr'><strong>boc</strong></span> <span class='ocrx_word' id='word_1_859' title='bbox 2675 3641 2724 3697; x_wconf 91' lang='lat' dir='ltr'><strong>ei</strong></span> <span class='ocrx_word' id='word_1_860' title='bbox 2752 3641 2925 3711; x_wconf 85' lang='lat' dir='ltr'><strong>placet</strong></span> <span class='ocrx_word' id='word_1_861' title='bbox 2951 3656 3109 3712; x_wconf 89' lang='lat' dir='ltr'><strong>quem</strong></span> <span class='ocrx_word' id='word_1_862' title='bbox 3140 3641 3343 3699; x_wconf 89' lang='lat' dir='ltr'><strong>laudas.</strong></span> <span class='ocrx_word' id='word_1_863' title='bbox 3382 3641 3487 3699; x_wconf 91' lang='lat' dir='ltr'><strong>Sed</strong></span> <span class='ocrx_word' id='word_1_864' title='bbox 3520 3644 3694 3715; x_wconf 84' lang='lat' dir='ltr'><strong>quid?</strong></span> 
     </span>
    </p>
   </div>
   <div class='ocr_carea' id='block_1_100' title="bbox 2117 3733 3691 3802">
    <p class='ocr_par' dir='ltr' id='par_1_100' title="bbox 2117 3733 3691 3802">
     <span class='ocr_line' id='line_1_101' title="bbox 2117 3733 3691 3802; baseline -0.003 -9"><span class='ocrx_word' id='word_1_865' title='bbox 2117 3736 2373 3793; x_wconf 85' lang='lat' dir='ltr'><strong>Laudatio</strong></span> <span class='ocrx_word' id='word_1_866' title='bbox 2397 3735 2487 3790; x_wconf 92' lang='lat' dir='ltr'><strong>illa</strong></span> <span class='ocrx_word' id='word_1_867' title='bbox 2515 3749 2621 3790; x_wconf 91' lang='lat' dir='ltr'><strong>non</strong></span> <span class='ocrx_word' id='word_1_868' title='bbox 2653 3733 2888 3789; x_wconf 91' lang='lat' dir='ltr'><strong>indulcat</strong></span> <span class='ocrx_word' id='word_1_869' title='bbox 2918 3734 2974 3797; x_wconf 82' lang='lat'><strong>&#39;;</strong></span> <span class='ocrx_word' id='word_1_870' title='bbox 3025 3733 3205 3788; x_wconf 90' lang='lat' dir='ltr'><strong>oleum</strong></span> <span class='ocrx_word' id='word_1_871' title='bbox 3254 3733 3547 3802; x_wconf 89' lang='lat' dir='ltr'><strong>peccatoris</strong></span> <span class='ocrx_word' id='word_1_872' title='bbox 3588 3742 3691 3791; x_wconf 88' lang='lat' dir='ltr'><strong>est.</strong></span> 
     </span>
    </p>
   </div>
   <div class='ocr_carea' id='block_1_101' title="bbox 2117 3823 3695 3896">
    <p class='ocr_par' dir='ltr' id='par_1_101' title="bbox 2117 3823 3695 3896">
     <span class='ocr_line' id='line_1_102' title="bbox 2117 3823 3695 3896; baseline -0.001 -12"><span class='ocrx_word' id='word_1_873' title='bbox 2117 3828 2222 3884; x_wconf 89' lang='lat' dir='ltr'><strong>Sed</strong></span> <span class='ocrx_word' id='word_1_874' title='bbox 2268 3844 2371 3881; x_wconf 90' lang='lat' dir='ltr'><strong>non</strong></span> <span class='ocrx_word' id='word_1_875' title='bbox 2426 3834 2601 3882; x_wconf 91' lang='lat' dir='ltr'><strong>cessat</strong></span> <span class='ocrx_word' id='word_1_876' title='bbox 2627 3825 2829 3880; x_wconf 84' lang='lat' dir='ltr'><strong>dicere.</strong></span> <span class='ocrx_word' id='word_1_877' title='bbox 2861 3823 2978 3878; x_wconf 88' lang='lat' dir='ltr'><strong>Non</strong></span> <span class='ocrx_word' id='word_1_878' title='bbox 3025 3823 3148 3878; x_wconf 89' lang='lat' dir='ltr'><strong>inde</strong></span> <span class='ocrx_word' id='word_1_879' title='bbox 3199 3823 3494 3893; x_wconf 90' lang='lat' dir='ltr'><strong>impinguet</strong></span> <span class='ocrx_word' id='word_1_880' title='bbox 3533 3833 3695 3896; x_wconf 81' lang='lat' dir='ltr'><strong>caput</strong></span> 
     </span>
    </p>
   </div>
   <div class='ocr_carea' id='block_1_102' title="bbox 2118 3913 3698 3986">
    <p class='ocr_par' dir='ltr' id='par_1_102' title="bbox 2118 3913 3698 3986">
     <span class='ocr_line' id='line_1_103' title="bbox 2118 3913 3698 3986; baseline -0.003 -11"><span class='ocrx_word' id='word_1_881' title='bbox 2118 3929 2264 3975; x_wconf 93' lang='lat' dir='ltr'><strong>tuum</strong></span> <span class='ocrx_word' id='word_1_882' title='bbox 2294 3936 2309 3985; x_wconf 92' lang='lat'><strong>;</strong></span> <span class='ocrx_word' id='word_1_883' title='bbox 2342 3918 2393 3973; x_wconf 92' lang='lat' dir='ltr'><strong>id</strong></span> <span class='ocrx_word' id='word_1_884' title='bbox 2420 3927 2522 3984; x_wconf 87' lang='lat' dir='ltr'><strong>est,</strong></span> <span class='ocrx_word' id='word_1_885' title='bbox 2553 3917 2660 3971; x_wconf 91' lang='lat' dir='ltr'><strong>noli</strong></span> <span class='ocrx_word' id='word_1_886' title='bbox 2687 3914 2919 3986; x_wconf 91' lang='lat' dir='ltr'><strong>gaudere</strong></span> <span class='ocrx_word' id='word_1_887' title='bbox 2942 3913 3011 3969; x_wconf 91' lang='lat' dir='ltr'><strong>ad</strong></span> <span class='ocrx_word' id='word_1_888' title='bbox 3044 3913 3170 3969; x_wconf 88' lang='lat' dir='ltr'><strong>talia</strong></span> <span class='ocrx_word' id='word_1_889' title='bbox 3198 3913 3287 3979; x_wconf 89' lang='lat' dir='ltr'><strong>;id</strong></span> <span class='ocrx_word' id='word_1_890' title='bbox 3312 3923 3395 3968; x_wconf 90' lang='lat' dir='ltr'><strong>est</strong></span> <span class='ocrx_word' id='word_1_891' title='bbox 3418 3953 3432 3977; x_wconf 92' lang='lat'><strong>,</strong></span> <span class='ocrx_word' id='word_1_892' title='bbox 3460 3915 3565 3970; x_wconf 90' lang='lat' dir='ltr'><strong>noli</strong></span> <span class='ocrx_word' id='word_1_893' title='bbox 3594 3930 3698 3970; x_wconf 90' lang='lat' dir='ltr'><strong>an-</strong></span> 
     </span>
    </p>
   </div>
   <div class='ocr_carea' id='block_1_103' title="bbox 2117 4002 3696 4075">
    <p class='ocr_par' dir='ltr' id='par_1_103' title="bbox 2117 4002 3696 4075">
     <span class='ocr_line' id='line_1_104' title="bbox 2117 4002 3696 4075; baseline -0.003 -10"><span class='ocrx_word' id='word_1_894' title='bbox 2117 4025 2304 4075; x_wconf 86' lang='lat' dir='ltr'><strong>nuere,</strong></span> <span class='ocrx_word' id='word_1_895' title='bbox 2334 4007 2441 4063; x_wconf 93' lang='lat' dir='ltr'><strong>noli</strong></span> <span class='ocrx_word' id='word_1_896' title='bbox 2467 4006 2792 4071; x_wconf 88' lang='lat' dir='ltr'><strong>consentire,</strong></span> <span class='ocrx_word' id='word_1_897' title='bbox 2817 4004 2927 4059; x_wconf 91' lang='lat' dir='ltr'><strong>noli</strong></span> <span class='ocrx_word' id='word_1_898' title='bbox 2960 4003 3083 4059; x_wconf 88' lang='lat' dir='ltr'><strong>inde</strong></span> <span class='ocrx_word' id='word_1_899' title='bbox 3111 4002 3366 4074; x_wconf 84' lang='lat' dir='ltr'><strong>gratulari</strong></span> <span class='ocrx_word' id='word_1_900' title='bbox 3396 4020 3408 4056; x_wconf 90' lang='lat'><strong>:</strong></span> <span class='ocrx_word' id='word_1_901' title='bbox 3438 4011 3494 4058; x_wconf 93' lang='lat' dir='ltr'><strong>et</strong></span> <span class='ocrx_word' id='word_1_902' title='bbox 3530 4003 3575 4058; x_wconf 90' lang='lat' dir='ltr'><strong>si</strong></span> <span class='ocrx_word' id='word_1_903' title='bbox 3606 4004 3696 4061; x_wconf 88' lang='lat' dir='ltr'><strong>ille</strong></span> 
     </span>
    </p>
   </div>
   <div class='ocr_carea' id='block_1_104' title="bbox 2117 4095 3697 4166">
    <p class='ocr_par' dir='ltr' id='par_1_104' title="bbox 2117 4095 3697 4166">
     <span class='ocr_line' id='line_1_105' title="bbox 2117 4095 3697 4166; baseline -0.004 -8"><span class='ocrx_word' id='word_1_904' title='bbox 2117 4103 2293 4158; x_wconf 91' lang='lat' dir='ltr'><strong>attulit</strong></span> <span class='ocrx_word' id='word_1_905' title='bbox 2318 4102 2493 4156; x_wconf 89' lang='lat' dir='ltr'><strong>oleum</strong></span> <span class='ocrx_word' id='word_1_906' title='bbox 2544 4097 2866 4154; x_wconf 89' lang='lat' dir='ltr'><strong>adulationis</strong></span> <span class='ocrx_word' id='word_1_907' title='bbox 2893 4137 2908 4163; x_wconf 92' lang='lat'><strong>,</strong></span> <span class='ocrx_word' id='word_1_908' title='bbox 2939 4096 3033 4151; x_wconf 91' lang='lat' dir='ltr'><strong>sed</strong></span> <span class='ocrx_word' id='word_1_909' title='bbox 3064 4103 3226 4166; x_wconf 89' lang='lat' dir='ltr'><strong>caput</strong></span> <span class='ocrx_word' id='word_1_910' title='bbox 3257 4102 3403 4150; x_wconf 91' lang='lat' dir='ltr'><strong>tuum</strong></span> <span class='ocrx_word' id='word_1_911' title='bbox 3432 4095 3697 4166; x_wconf 88' lang='lat' dir='ltr'><strong>integrum</strong></span> 
     </span>
    </p>
   </div>
   <div class='ocr_carea' id='block_1_105' title="bbox 2119 4185 3701 4260">
    <p class='ocr_par' dir='ltr' id='par_1_105' title="bbox 2119 4185 3701 4260">
     <span class='ocr_line' id='line_1_106' title="bbox 2119 4185 3701 4260; baseline -0.006 -9"><span class='ocrx_word' id='word_1_912' title='bbox 2119 4195 2359 4260; x_wconf 75' lang='lat' dir='ltr'><strong>mansit’,</strong></span> <span class='ocrx_word' id='word_1_913' title='bbox 2386 4208 2493 4247; x_wconf 88' lang='lat' dir='ltr'><strong>non</strong></span> <span class='ocrx_word' id='word_1_914' title='bbox 2524 4190 2763 4246; x_wconf 80' lang='lat' dir='ltr'><strong>inﬂatum</strong></span> <span class='ocrx_word' id='word_1_915' title='bbox 2802 4197 2885 4244; x_wconf 90' lang='lat' dir='ltr'><strong>est</strong></span> <span class='ocrx_word' id='word_1_916' title='bbox 2911 4230 2926 4251; x_wconf 86' lang='lat'><strong><em>.</em></strong></span> <span class='ocrx_word' id='word_1_917' title='bbox 2958 4203 3063 4243; x_wconf 92' lang='lat' dir='ltr'><strong>non</strong></span> <span class='ocrx_word' id='word_1_918' title='bbox 3110 4186 3321 4241; x_wconf 92' lang='lat' dir='ltr'><strong>tumuit.</strong></span> <span class='ocrx_word' id='word_1_919' title='bbox 3363 4186 3421 4242; x_wconf 88' lang='lat' dir='ltr'><strong>Si</strong></span> <span class='ocrx_word' id='word_1_920' title='bbox 3446 4185 3588 4242; x_wconf 84' lang='lat' dir='ltr'><strong>enim</strong></span> <span class='ocrx_word' id='word_1_921' title='bbox 3616 4186 3701 4242; x_wconf 83' lang='lat' dir='ltr'><strong>in-</strong></span> 
     </span>
    </p>
   </div>
   <div class='ocr_carea' id='block_1_106' title="bbox 2119 4277 3702 4349">
    <p class='ocr_par' dir='ltr' id='par_1_106' title="bbox 2119 4277 3702 4349">
     <span class='ocr_line' id='line_1_107' title="bbox 2119 4277 3702 4349; baseline -0.006 -5"><span class='ocrx_word' id='word_1_922' title='bbox 2119 4290 2302 4344; x_wconf 88' lang='lat' dir='ltr'><strong>llatum</strong></span> <span class='ocrx_word' id='word_1_923' title='bbox 2331 4285 2487 4340; x_wconf 88' lang='lat' dir='ltr'><strong>fuerit</strong></span> <span class='ocrx_word' id='word_1_924' title='bbox 2514 4292 2568 4339; x_wconf 90' lang='lat' dir='ltr'><strong>et</strong></span> <span class='ocrx_word' id='word_1_925' title='bbox 2599 4280 2850 4336; x_wconf 88' lang='lat' dir='ltr'><strong>tumuerit</strong></span> <span class='ocrx_word' id='word_1_926' title='bbox 2872 4320 2888 4344; x_wconf 89' lang='lat'><strong>,</strong></span> <span class='ocrx_word' id='word_1_927' title='bbox 2916 4278 3042 4334; x_wconf 90' lang='lat' dir='ltr'><strong>facit</strong></span> <span class='ocrx_word' id='word_1_928' title='bbox 3080 4279 3289 4348; x_wconf 90' lang='lat' dir='ltr'><strong>pondus</strong></span> <span class='ocrx_word' id='word_1_929' title='bbox 3320 4285 3377 4333; x_wconf 90' lang='lat' dir='ltr'><strong>et</strong></span> <span class='ocrx_word' id='word_1_930' title='bbox 3403 4277 3702 4349; x_wconf 63' lang='lat' dir='ltr'><strong>praecipitat</strong></span> 
     </span>
    </p>
   </div>
   <div class='ocr_carea' id='block_1_107' title="bbox 2122 4371 3699 4443">
    <p class='ocr_par' dir='ltr' id='par_1_107' title="bbox 2122 4371 3699 4443">
     <span class='ocr_line' id='line_1_108' title="bbox 2122 4371 3699 4443; baseline -0.008 -5"><span class='ocrx_word' id='word_1_931' title='bbox 2122 4392 2191 4438; x_wconf 87' lang='lat' dir='ltr'><strong>te.</strong></span> <span class='ocrx_word' id='word_1_932' title='bbox 2227 4381 2407 4436; x_wconf 89' lang='lat' dir='ltr'><strong>Oleum</strong></span> <span class='ocrx_word' id='word_1_933' title='bbox 2428 4388 2594 4431; x_wconf 89' lang='lat' dir='ltr'><strong>autem</strong></span> <span class='ocrx_word' id='word_1_934' title='bbox 2627 4373 2900 4443; x_wconf 79' lang='lat' dir='ltr'><strong>peceatoris</strong></span> <span class='ocrx_word' id='word_1_935' title='bbox 2917 4388 3016 4427; x_wconf 93' lang='lat' dir='ltr'><strong>non</strong></span> <span class='ocrx_word' id='word_1_936' title='bbox 3040 4371 3318 4443; x_wconf 88' lang='lat' dir='ltr'><strong>impinguet</strong></span> <span class='ocrx_word' id='word_1_937' title='bbox 3343 4379 3495 4442; x_wconf 88' lang='lat' dir='ltr'><strong>caput</strong></span> <span class='ocrx_word' id='word_1_938' title='bbox 3511 4386 3699 4427; x_wconf 86' lang='lat' dir='ltr'><strong>meum.</strong></span> 
     </span>
    </p>
   </div>
   <div class='ocr_carea' id='block_1_108' title="bbox 2193 4462 3701 4538">
    <p class='ocr_par' dir='ltr' id='par_1_108' title="bbox 2193 4462 3701 4538">
     <span class='ocr_line' id='line_1_109' title="bbox 2193 4462 3701 4538; baseline -0.008 -9"><span class='ocrx_word' id='word_1_939' title='bbox 2193 4472 2280 4529; x_wconf 87' lang='grc'><strong>18.</strong></span> <span class='ocrx_word' id='word_1_940' title='bbox 2317 4469 2569 4538; x_wconf 82' lang='lat' dir='ltr'><strong>Quoniam</strong></span> <span class='ocrx_word' id='word_1_941' title='bbox 2590 4466 2757 4520; x_wconf 90' lang='lat' dir='ltr'><strong>adhuc</strong></span> <span class='ocrx_word' id='word_1_942' title='bbox 2783 4474 2828 4518; x_wconf 90' lang='lat' dir='ltr'><strong>et</strong></span> <span class='ocrx_word' id='word_1_943' title='bbox 2868 4464 3028 4518; x_wconf 90' lang='lat' dir='ltr'><strong>oratio</strong></span> <span class='ocrx_word' id='word_1_944' title='bbox 3057 4478 3168 4516; x_wconf 85' lang='lat' dir='ltr'><strong>mea</strong></span> <span class='ocrx_word' id='word_1_945' title='bbox 3193 4462 3246 4515; x_wconf 88' lang='lat' dir='ltr'><strong>in</strong></span> <span class='ocrx_word' id='word_1_946' title='bbox 3271 4463 3588 4533; x_wconf 84' lang='lat' dir='ltr'><strong>beneplacitis</strong></span> <span class='ocrx_word' id='word_1_947' title='bbox 3613 4478 3701 4518; x_wconf 81' lang='lat' dir='ltr'><strong>eo-</strong></span> 
     </span>
    </p>
   </div>
   <div class='ocr_carea' id='block_1_109' title="bbox 2121 4554 3695 4632">
    <p class='ocr_par' dir='ltr' id='par_1_109' title="bbox 2121 4554 3695 4632">
     <span class='ocr_line' id='line_1_110' title="bbox 2121 4554 3695 4632; baseline -0.007 -12"><span class='ocrx_word' id='word_1_948' title='bbox 2121 4581 2258 4620; x_wconf 90' lang='lat' dir='ltr'><strong>rum.</strong></span> <span class='ocrx_word' id='word_1_949' title='bbox 2290 4563 2586 4632; x_wconf 81' lang='lat' dir='ltr'><strong>Exspecta;</strong></span> <span class='ocrx_word' id='word_1_950' title='bbox 2618 4556 2779 4613; x_wconf 89' lang='lat' dir='ltr'><strong>modo</strong></span> <span class='ocrx_word' id='word_1_951' title='bbox 2800 4571 2886 4612; x_wconf 91' lang='lat' dir='ltr'><strong>me</strong></span> <span class='ocrx_word' id='word_1_952' title='bbox 2907 4556 3231 4626; x_wconf 80' lang='lat' dir='ltr'><strong>vituperant,</strong></span> <span class='ocrx_word' id='word_1_953' title='bbox 3251 4555 3324 4609; x_wconf 93' lang='lat' dir='ltr'><strong>ait</strong></span> <span class='ocrx_word' id='word_1_954' title='bbox 3350 4555 3610 4611; x_wconf 84' lang='lat' dir='ltr'><strong>Christus.</strong></span> <span class='ocrx_word' id='word_1_955' title='bbox 3636 4554 3695 4609; x_wconf 92' lang='lat' dir='ltr'><strong>In</strong></span> 
     </span>
    </p>
   </div>
   <div class='ocr_carea' id='block_1_110' title="bbox 2123 4647 3690 4730">
    <p class='ocr_par' dir='ltr' id='par_1_110' title="bbox 2123 4647 3690 4730">
     <span class='ocr_line' id='line_1_111' title="bbox 2123 4647 3690 4730; baseline -0.008 -17"><span class='ocrx_word' id='word_1_956' title='bbox 2123 4657 2310 4730; x_wconf 90' lang='lat' dir='ltr'><strong>primis</strong></span> <span class='ocrx_word' id='word_1_957' title='bbox 2358 4652 2691 4724; x_wconf 90' lang='lat' dir='ltr'><strong>temporibus</strong></span> <span class='ocrx_word' id='word_1_958' title='bbox 2737 4648 3160 4705; x_wconf 89' lang='lat' dir='ltr'><strong>Christianorum</strong></span> <span class='ocrx_word' id='word_1_959' title='bbox 3191 4689 3205 4713; x_wconf 92' lang='lat'><strong>,</strong></span> <span class='ocrx_word' id='word_1_960' title='bbox 3233 4647 3469 4718; x_wconf 91' lang='lat' dir='ltr'><strong>undique</strong></span> <span class='ocrx_word' id='word_1_961' title='bbox 3510 4661 3690 4716; x_wconf 88' lang='lat' dir='ltr'><strong>repre-</strong></span> 
     </span>
    </p>
   </div>
   <div class='ocr_carea' id='block_1_111' title="bbox 2125 4738 3699 4808">
    <p class='ocr_par' dir='ltr' id='par_1_111' title="bbox 2125 4738 3699 4808">
     <span class='ocr_line' id='line_1_112' title="bbox 2125 4738 3699 4808; baseline -0.008 -4"><span class='ocrx_word' id='word_1_962' title='bbox 2125 4745 2493 4804; x_wconf 86' lang='lat' dir='ltr'><strong>liendebantur</strong></span> <span class='ocrx_word' id='word_1_963' title='bbox 2536 4741 2849 4798; x_wconf 88' lang='lat' dir='ltr'><strong>Christiani.</strong></span> <span class='ocrx_word' id='word_1_964' title='bbox 2883 4741 3060 4794; x_wconf 82' lang='lat' dir='ltr'><strong>Adhuc</strong></span> <span class='ocrx_word' id='word_1_965' title='bbox 3104 4746 3353 4808; x_wconf 81' lang='lat' dir='ltr'><strong>exspecta</strong></span> <span class='ocrx_word' id='word_1_966' title='bbox 3389 4753 3404 4802; x_wconf 91' lang='lat'><strong>;</strong></span> <span class='ocrx_word' id='word_1_967' title='bbox 3450 4748 3495 4791; x_wconf 89' lang='lat' dir='ltr'><strong>et</strong></span> <span class='ocrx_word' id='word_1_968' title='bbox 3537 4738 3699 4791; x_wconf 91' lang='lat' dir='ltr'><strong>oratio</strong></span> 
     </span>
    </p>
   </div>
   <div class='ocr_carea' id='block_1_112' title="bbox 2124 4828 3702 4909">
    <p class='ocr_par' dir='ltr' id='par_1_112' title="bbox 2124 4828 3702 4909">
     <span class='ocr_line' id='line_1_113' title="bbox 2124 4828 3702 4909; baseline -0.008 -13"><span class='ocrx_word' id='word_1_969' title='bbox 2124 4857 2235 4896; x_wconf 88' lang='lat' dir='ltr'><strong>mea</strong></span> <span class='ocrx_word' id='word_1_970' title='bbox 2258 4841 2309 4895; x_wconf 88' lang='lat' dir='ltr'><strong>in</strong></span> <span class='ocrx_word' id='word_1_971' title='bbox 2330 4836 2654 4909; x_wconf 87' lang='lat' dir='ltr'><strong>beneplacitis</strong></span> <span class='ocrx_word' id='word_1_972' title='bbox 2679 4852 2852 4891; x_wconf 90' lang='lat' dir='ltr'><strong>eorum</strong></span> <span class='ocrx_word' id='word_1_973' title='bbox 2875 4834 2994 4895; x_wconf 85' lang='lat' dir='ltr'><strong>erit.</strong></span> <span class='ocrx_word' id='word_1_974' title='bbox 3017 4831 3207 4887; x_wconf 84' lang='lat' dir='ltr'><strong>Veniet</strong></span> <span class='ocrx_word' id='word_1_975' title='bbox 3237 4838 3466 4899; x_wconf 88' lang='lat' dir='ltr'><strong>tempus,</strong></span> <span class='ocrx_word' id='word_1_976' title='bbox 3487 4828 3702 4899; x_wconf 90' lang='lat' dir='ltr'><strong>quando</strong></span> 
     </span>
    </p>
   </div>
   <div class='ocr_carea' id='block_1_113' title="bbox 2192 5027 3709 5111">
    <p class='ocr_par' dir='ltr' id='par_1_113' title="bbox 2192 5027 3709 5111">
     <span class='ocr_line' id='line_1_114' title="bbox 2192 5027 3709 5111; baseline -0.007 -24"><span class='ocrx_word' id='word_1_977' title='bbox 2192 5037 2492 5111; x_wconf 65' lang='lat' dir='ltr'><strong>t_sic_pl_ures</strong></span> <span class='ocrx_word' id='word_1_978' title='bbox 2524 5034 2941 5111; x_wconf 46' lang='lat' dir='ltr'><strong>Mss.LAliicatltem</strong></span> <span class='ocrx_word' id='word_1_979' title='bbox 2956 5030 3089 5111; x_wconf 75' lang='lat' dir='ltr'><strong>duo:</strong></span> <span class='ocrx_word' id='word_1_980' title='bbox 3129 5029 3285 5111; x_wconf 41' lang='lat' dir='ltr'><strong>mo’tclo&#39;</strong></span> <span class='ocrx_word' id='word_1_981' title='bbox 3309 5027 3486 5111; x_wconf 67' lang='lat' dir='ltr'><strong>sufﬁcit</strong></span> <span class='ocrx_word' id='word_1_982' title='bbox 3527 5035 3577 5079; x_wconf 89' lang='lat' dir='ltr'><strong>ut</strong></span> <span class='ocrx_word' id='word_1_983' title='bbox 3614 5043 3709 5083; x_wconf 77' lang='lat' dir='ltr'><strong>rion</strong></span> 
     </span>
    </p>
   </div>
   <div class='ocr_carea' id='block_1_114' title="bbox 2128 5088 3712 5232">
    <p class='ocr_par' dir='ltr' id='par_1_114' title="bbox 2128 5088 3712 5232">
     <span class='ocr_line' id='line_1_115' title="bbox 2128 5088 3390 5197; baseline -0.011 -44"><span class='ocrx_word' id='word_1_984' title='bbox 2128 5088 2341 5197; x_wconf 43' lang='lat' dir='ltr'><strong>deﬁciat:</strong></span> <span class='ocrx_word' id='word_1_985' title='bbox 2361 5100 2494 5171; x_wconf 61' lang='lat' dir='ltr'><strong>Fdd:,</strong></span> <span class='ocrx_word' id='word_1_986' title='bbox 2526 5096 2668 5147; x_wconf 86' lang='lat' dir='ltr'><strong>modo</strong></span> <span class='ocrx_word' id='word_1_987' title='bbox 2691 5092 2901 5159; x_wconf 85' lang='lat' dir='ltr'><strong>deﬁciat,</strong></span> <span class='ocrx_word' id='word_1_988' title='bbox 2924 5100 2970 5143; x_wconf 89' lang='lat' dir='ltr'><strong>et</strong></span> <span class='ocrx_word' id='word_1_989' title='bbox 2992 5097 3102 5142; x_wconf 89' lang='lat' dir='ltr'><strong>tunc</strong></span> 
     </span>
     <span class='ocr_line' id='line_1_116' title="bbox 2228 5152 3712 5232; baseline 0 0"><span class='ocrx_word' id='word_1_990' title='bbox 2228 5171 2368 5232; x_wconf 65' lang='grc' dir='ltr'>ίυνμ.</span> <span class='ocrx_word' id='word_1_991' title='bbox 2381 5171 2524 5232; x_wconf 67' lang='lat' dir='ltr'><strong>Cm!“</strong></span> <span class='ocrx_word' id='word_1_992' title='bbox 2542 5168 2733 5232; x_wconf 57' lang='grc' dir='ltr'><strong>Εηίξτέεεν</strong></span> <span class='ocrx_word' id='word_1_993' title='bbox 2749 5152 3500 5232; x_wconf 53' lang='grc' dir='ltr'><strong>’παίᾸηΕξξίῘῩξίἾὲιὲτΒῩέξδξξέἷί</strong></span> <span class='ocrx_word' id='word_1_994' title='bbox 3521 5165 3670 5232; x_wconf 48' lang='lat' dir='ltr'><strong>Ti???</strong></span> <span class='ocrx_word' id='word_1_995' title='bbox 3687 5154 3712 5232; x_wconf 62' lang='grc' dir='ltr'>ἶ</span> 
     </span>
    </p>
   </div>
   <div class='ocr_carea' id='block_1_115' title="bbox 2131 5213 3712 5297">
    <p class='ocr_par' dir='ltr' id='par_1_115' title="bbox 2131 5213 3712 5297">
     <span class='ocr_line' id='line_1_117' title="bbox 2131 5213 3712 5297; baseline -0.002 -27"><span class='ocrx_word' id='word_1_996' title='bbox 2131 5213 2368 5297; x_wconf 48' lang='lat' dir='ltr'><strong>nunquid</strong></span> <span class='ocrx_word' id='word_1_997' title='bbox 2393 5223 2507 5297; x_wconf 72' lang='lat' dir='ltr'><strong>quia</strong></span> <span class='ocrx_word' id='word_1_998' title='bbox 2526 5213 3044 5297; x_wconf 39' lang='lat' dir='ltr'><strong>chr-istiatms&#39;i’hvwes</strong></span> <span class='ocrx_word' id='word_1_999' title='bbox 3061 5213 3345 5297; x_wconf 52' lang='lat' dir='ltr'><strong>:nNumguid</strong></span> <span class='ocrx_word' id='word_1_1000' title='bbox 3369 5213 3507 5297; x_wconf 59' lang='lat' dir='ltr'><strong>quia,</strong></span> <span class='ocrx_word' id='word_1_1001' title='bbox 3534 5213 3712 5267; x_wconf 82' lang='lat' dir='ltr'><strong>absunt</strong></span> 
     </span>
    </p>
   </div>
   <div class='ocr_carea' id='block_1_116' title="bbox 2130 5278 3708 5343">
    <p class='ocr_par' dir='ltr' id='par_1_116' title="bbox 2130 5278 3708 5343">
     <span class='ocr_line' id='line_1_118' title="bbox 2130 5278 3708 5343; baseline -0.005 -7"><span class='ocrx_word' id='word_1_1002' title='bbox 2130 5289 2191 5336; x_wconf 86' lang='lat' dir='ltr'><strong>ab</strong></span> <span class='ocrx_word' id='word_1_1003' title='bbox 2225 5278 2367 5337; x_wconf 86' lang='lat' dir='ltr'><strong>editis</strong></span> <span class='ocrx_word' id='word_1_1004' title='bbox 2390 5278 2487 5333; x_wconf 75' lang='grc' dir='ltr'>Ᾰιιι.</span> <span class='ocrx_word' id='word_1_1005' title='bbox 2532 5289 2583 5331; x_wconf 87' lang='grc' dir='ltr'><strong>ει</strong></span> <span class='ocrx_word' id='word_1_1006' title='bbox 2614 5288 2688 5343; x_wconf 77' lang='lat' dir='ltr'><strong>Er.</strong></span> <span class='ocrx_word' id='word_1_1007' title='bbox 2729 5281 2813 5343; x_wconf 84' lang='lat' dir='ltr'><strong>qui</strong></span> <span class='ocrx_word' id='word_1_1008' title='bbox 2845 5278 3046 5343; x_wconf 78' lang='lat' dir='ltr'><strong>habent,</strong></span> <span class='ocrx_word' id='word_1_1009' title='bbox 3074 5278 3218 5343; x_wconf 73' lang='lat' dir='ltr'><strong>Caius</strong></span> <span class='ocrx_word' id='word_1_1010' title='bbox 3242 5289 3421 5336; x_wconf 79' lang='lat' dir='ltr'><strong>tenens,</strong></span> <span class='ocrx_word' id='word_1_1011' title='bbox 3459 5284 3512 5328; x_wconf 87' lang='lat' dir='ltr'><strong>et</strong></span> <span class='ocrx_word' id='word_1_1012' title='bbox 3536 5289 3564 5326; x_wconf 90' lang='lat' dir='ltr'><strong>a</strong></span> <span class='ocrx_word' id='word_1_1013' title='bbox 3599 5285 3708 5328; x_wconf 72' lang='lat' dir='ltr'><strong>Mss.</strong></span> 
     </span>
    </p>
   </div>
   <div class='ocr_carea' id='block_1_117' title="bbox 2129 5337 3712 5413">
    <p class='ocr_par' dir='ltr' id='par_1_117' title="bbox 2129 5337 3712 5413">
     <span class='ocr_line' id='line_1_119' title="bbox 2129 5337 3712 5413; baseline -0.008 -14"><span class='ocrx_word' id='word_1_1014' title='bbox 2129 5362 2332 5413; x_wconf 88' lang='lat' dir='ltr'><strong>quorum</strong></span> <span class='ocrx_word' id='word_1_1015' title='bbox 2356 5349 2405 5395; x_wconf 87' lang='lat' dir='ltr'><strong>iu</strong></span> <span class='ocrx_word' id='word_1_1016' title='bbox 2425 5345 2547 5403; x_wconf 89' lang='lat' dir='ltr'><strong>aliis,</strong></span> <span class='ocrx_word' id='word_1_1017' title='bbox 2568 5342 2711 5393; x_wconf 83' lang='lat' dir='ltr'><strong>Gaius</strong></span> <span class='ocrx_word' id='word_1_1018' title='bbox 2732 5337 2919 5413; x_wconf 61' lang='lat' dir='ltr'><strong>(fauens;</strong></span> <span class='ocrx_word' id='word_1_1019' title='bbox 2938 5337 3061 5413; x_wconf 71' lang='lat' dir='ltr'><strong>aliis,</strong></span> <span class='ocrx_word' id='word_1_1020' title='bbox 3100 5337 3248 5412; x_wconf 75' lang='lat' dir='ltr'><strong>Gaius</strong></span> <span class='ocrx_word' id='word_1_1021' title='bbox 3265 5346 3436 5413; x_wconf 74' lang='lat' dir='ltr'><strong>Gneus,</strong></span> <span class='ocrx_word' id='word_1_1022' title='bbox 3455 5353 3565 5413; x_wconf 47' lang='lat' dir='ltr'><strong>pro</strong></span> <span class='ocrx_word' id='word_1_1023' title='bbox 3593 5353 3712 5403; x_wconf 52' lang='lat' dir='ltr'><strong>qua.</strong></span> 
     </span>
    </p>
   </div>
   <div class='ocr_carea' id='block_1_118' title="bbox 2132 5401 3707 5471">
    <p class='ocr_par' dir='ltr' id='par_1_118' title="bbox 2132 5401 3707 5471">
     <span class='ocr_line' id='line_1_120' title="bbox 2132 5401 3707 5471; baseline -0.007 -10"><span class='ocrx_word' id='word_1_1024' title='bbox 2132 5401 2205 5460; x_wconf 72' lang='lat' dir='ltr'><strong>vis</strong></span> <span class='ocrx_word' id='word_1_1025' title='bbox 2227 5414 2273 5459; x_wconf 90' lang='lat' dir='ltr'><strong>in</strong></span> <span class='ocrx_word' id='word_1_1026' title='bbox 2290 5420 2480 5471; x_wconf 83' lang='lat' dir='ltr'><strong>genere</strong></span> <span class='ocrx_word' id='word_1_1027' title='bbox 2503 5401 2711 5471; x_wconf 68' lang='lat' dir='ltr'><strong>persona</strong></span> <span class='ocrx_word' id='word_1_1028' title='bbox 2738 5404 2961 5466; x_wconf 89' lang='lat' dir='ltr'><strong>positum,</strong></span> <span class='ocrx_word' id='word_1_1029' title='bbox 2977 5402 3215 5471; x_wconf 49' lang='lat' dir='ltr'><strong>utinsulira</strong></span> <span class='ocrx_word' id='word_1_1030' title='bbox 3236 5402 3286 5451; x_wconf 87' lang='lat' dir='ltr'><strong>in</strong></span> <span class='ocrx_word' id='word_1_1031' title='bbox 3312 5401 3430 5451; x_wconf 83' lang='lat' dir='ltr'><strong>Psal.</strong></span> <span class='ocrx_word' id='word_1_1032' title='bbox 3455 5402 3535 5459; x_wconf 89' lang='lat'><strong>70,</strong></span> <span class='ocrx_word' id='word_1_1033' title='bbox 3560 5401 3707 5471; x_wconf 57' lang='lat' dir='ltr'><strong>Serm.</strong></span> 
     </span>
    </p>
   </div>
   <div class='ocr_carea' id='block_1_119' title="bbox 2136 5460 3713 5531">
    <p class='ocr_par' dir='ltr' id='par_1_119' title="bbox 2136 5460 3713 5531">
     <span class='ocr_line' id='line_1_121' title="bbox 2136 5460 3713 5531; baseline -0.006 -10"><span class='ocrx_word' id='word_1_1034' title='bbox 2136 5474 2179 5531; x_wconf 89' lang='grc'><strong>1,</strong></span> <span class='ocrx_word' id='word_1_1035' title='bbox 2205 5487 2252 5520; x_wconf 93' lang='lat' dir='ltr'><strong>n.</strong></span> <span class='ocrx_word' id='word_1_1036' title='bbox 2282 5460 2357 5526; x_wconf 52' lang='lat' dir='ltr'><strong>lvi,</strong></span> <span class='ocrx_word' id='word_1_1037' title='bbox 2383 5476 2435 5517; x_wconf 88' lang='lat' dir='ltr'><strong>et</strong></span> <span class='ocrx_word' id='word_1_1038' title='bbox 2450 5460 2601 5516; x_wconf 76' lang='lat' dir='ltr'><strong>&#39;rract.</strong></span> <span class='ocrx_word' id='word_1_1039' title='bbox 2620 5467 2673 5531; x_wconf 35' lang='lat' dir='ltr'><strong>A7</strong></span> <span class='ocrx_word' id='word_1_1040' title='bbox 2698 5460 2751 5515; x_wconf 77' lang='lat' dir='ltr'><strong>in</strong></span> <span class='ocrx_word' id='word_1_1041' title='bbox 2777 5471 2920 5531; x_wconf 55' lang='lat' dir='ltr'><strong>:loan.</strong></span> <span class='ocrx_word' id='word_1_1042' title='bbox 2943 5476 2993 5531; x_wconf 78' lang='grc' dir='ltr'><strong>ιι.</strong></span> <span class='ocrx_word' id='word_1_1043' title='bbox 3011 5462 3091 5531; x_wconf 58' lang='grc' dir='ltr'><strong>βὸ.</strong></span> <span class='ocrx_word' id='word_1_1044' title='bbox 3125 5460 3401 5526; x_wconf 79' lang='lat' dir='ltr'><strong>Quanquam</strong></span> <span class='ocrx_word' id='word_1_1045' title='bbox 3432 5460 3713 5531; x_wconf 66' lang='lat' dir='ltr'><strong>Tertulliani</strong></span> 
     </span>
    </p>
   </div>
   <div class='ocr_carea' id='block_1_120' title="bbox 2135 5523 3715 5597">
    <p class='ocr_par' dir='ltr' id='par_1_120' title="bbox 2135 5523 3715 5597">
     <span class='ocr_line' id='line_1_122' title="bbox 2135 5523 3715 5597; baseline -0.006 -16"><span class='ocrx_word' id='word_1_1046' title='bbox 2135 5523 2468 5597; x_wconf 71' lang='lat' dir='ltr'><strong>apologeticus</strong></span> <span class='ocrx_word' id='word_1_1047' title='bbox 2489 5543 2594 5591; x_wconf 87' lang='lat' dir='ltr'><strong>cap.</strong></span> <span class='ocrx_word' id='word_1_1048' title='bbox 2619 5529 2668 5587; x_wconf 83' lang='grc'><strong>’5,</strong></span> <span class='ocrx_word' id='word_1_1049' title='bbox 2693 5526 2824 5597; x_wconf 80' lang='lat' dir='ltr'><strong>unde</strong></span> <span class='ocrx_word' id='word_1_1050' title='bbox 2844 5525 2989 5597; x_wconf 66' lang='lat' dir='ltr'><strong>istliic</strong></span> <span class='ocrx_word' id='word_1_1051' title='bbox 3010 5523 3143 5597; x_wconf 79' lang='lat' dir='ltr'><strong>locus</strong></span> <span class='ocrx_word' id='word_1_1052' title='bbox 3163 5523 3391 5587; x_wconf 81' lang='lat' dir='ltr'><strong>acceptus</strong></span> <span class='ocrx_word' id='word_1_1053' title='bbox 3415 5523 3626 5597; x_wconf 59' lang='lat' dir='ltr'><strong>videtur,</strong></span> <span class='ocrx_word' id='word_1_1054' title='bbox 3646 5524 3715 5594; x_wconf 76' lang='lat' dir='ltr'><strong>sic</strong></span> 
     </span>
    </p>
   </div>
   <div class='ocr_carea' id='block_1_121' title="bbox 2135 5584 3714 5647">
    <p class='ocr_par' dir='ltr' id='par_1_121' title="bbox 2135 5584 3714 5647">
     <span class='ocr_line' id='line_1_123' title="bbox 2135 5584 3714 5647; baseline -0.007 -4"><span class='ocrx_word' id='word_1_1055' title='bbox 2135 5584 2183 5644; x_wconf 74' lang='lat' dir='ltr'><strong>iii</strong></span> <span class='ocrx_word' id='word_1_1056' title='bbox 2208 5584 2320 5643; x_wconf 67' lang='lat' dir='ltr'><strong>add.</strong></span> <span class='ocrx_word' id='word_1_1057' title='bbox 2342 5594 2510 5642; x_wconf 84' lang='lat' dir='ltr'><strong>habet.</strong></span> <span class='ocrx_word' id='word_1_1058' title='bbox 2545 5584 2566 5636; x_wconf 74' lang='grc' dir='ltr'><strong>ἆ</strong></span> <span class='ocrx_word' id='word_1_1059' title='bbox 2594 5584 2751 5639; x_wconf 82' lang='lat' dir='ltr'><strong>Bonus</strong></span> <span class='ocrx_word' id='word_1_1060' title='bbox 2773 5590 2845 5636; x_wconf 80' lang='lat' dir='ltr'><strong>vir</strong></span> <span class='ocrx_word' id='word_1_1061' title='bbox 2866 5588 3004 5636; x_wconf 90' lang='lat' dir='ltr'><strong>Caius</strong></span> <span class='ocrx_word' id='word_1_1062' title='bbox 3024 5586 3178 5643; x_wconf 83' lang='lat' dir='ltr'><strong>Seius,</strong></span> <span class='ocrx_word' id='word_1_1063' title='bbox 3205 5584 3388 5634; x_wconf 79' lang='lat' dir='ltr'><strong>tantum</strong></span> <span class='ocrx_word' id='word_1_1064' title='bbox 3424 5584 3552 5647; x_wconf 91' lang='lat' dir='ltr'><strong>quod</strong></span> <span class='ocrx_word' id='word_1_1065' title='bbox 3581 5584 3714 5633; x_wconf 81' lang='lat' dir='ltr'><strong>Chri-</strong></span> 
     </span>
    </p>
   </div>
   <div class='ocr_carea' id='block_1_122' title="bbox 2143 5647 3545 5718">
    <p class='ocr_par' dir='ltr' id='par_1_122' title="bbox 2143 5647 3545 5718">
     <span class='ocr_line' id='line_1_124' title="bbox 2143 5647 3545 5718; baseline -0.007 -16"><span class='ocrx_word' id='word_1_1066' title='bbox 2143 5675 2164 5702; x_wconf 81' lang='grc'><em>‹‹</em></span> <span class='ocrx_word' id='word_1_1067' title='bbox 2178 5658 2379 5713; x_wconf 86' lang='lat' dir='ltr'><strong>stiauus,</strong></span> <span class='ocrx_word' id='word_1_1068' title='bbox 2408 5653 2531 5718; x_wconf 84' lang='lat' dir='ltr'><strong>(vel)</strong></span> <span class='ocrx_word' id='word_1_1069' title='bbox 2552 5652 2640 5703; x_wconf 87' lang='lat' dir='ltr'><strong>sed</strong></span> <span class='ocrx_word' id='word_1_1070' title='bbox 2664 5650 2816 5701; x_wconf 90' lang='lat' dir='ltr'><strong>malus</strong></span> <span class='ocrx_word' id='word_1_1071' title='bbox 2836 5656 3021 5718; x_wconf 71' lang='lat' dir='ltr'><strong>tantum</strong></span> <span class='ocrx_word' id='word_1_1072' title='bbox 3043 5647 3170 5711; x_wconf 85' lang='lat' dir='ltr'><strong>quod</strong></span> <span class='ocrx_word' id='word_1_1073' title='bbox 3186 5647 3496 5695; x_wconf 86' lang='lat' dir='ltr'><strong>Christianus.</strong></span> <span class='ocrx_word' id='word_1_1074' title='bbox 3522 5661 3545 5689; x_wconf 71' lang='grc' dir='ltr'><strong>ιι</strong></span> 
     </span>
    </p>
   </div>
   <div class='ocr_carea' id='block_1_123' title="bbox 2199 5709 3099 5778">
    <p class='ocr_par' dir='ltr' id='par_1_123' title="bbox 2199 5709 3099 5778">
     <span class='ocr_line' id='line_1_125' title="bbox 2199 5709 3099 5778; baseline -0.013 -10"><span class='ocrx_word' id='word_1_1075' title='bbox 2199 5721 2220 5752; x_wconf 78' lang='grc' dir='ltr'><strong>ι</strong></span> <span class='ocrx_word' id='word_1_1076' title='bbox 2243 5726 2349 5767; x_wconf 84' lang='lat' dir='ltr'><strong>Mss.</strong></span> <span class='ocrx_word' id='word_1_1077' title='bbox 2368 5709 2613 5778; x_wconf 76' lang='lat' dir='ltr'><strong>omittunt,</strong></span> <span class='ocrx_word' id='word_1_1078' title='bbox 2626 5720 2680 5778; x_wconf 86' lang='lat' dir='ltr'><strong>et</strong></span> <span class='ocrx_word' id='word_1_1079' title='bbox 2701 5724 2890 5778; x_wconf 76' lang='lat' dir='ltr'><strong>magna:</strong></span> <span class='ocrx_word' id='word_1_1080' title='bbox 2911 5709 3099 5761; x_wconf 62' lang='lat' dir='ltr'><strong>litteris.</strong></span> 
     </span>
    </p>
   </div>
   <div class='ocr_carea' id='block_1_124' title="bbox 2198 5766 3615 5840">
    <p class='ocr_par' dir='ltr' id='par_1_124' title="bbox 2198 5766 3615 5840">
     <span class='ocr_line' id='line_1_126' title="bbox 2198 5766 3615 5840; baseline -0.006 -11"><span class='ocrx_word' id='word_1_1081' title='bbox 2198 5782 2219 5813; x_wconf 70' lang='grc' dir='ltr'>δ</span> <span class='ocrx_word' id='word_1_1082' title='bbox 2242 5766 2410 5831; x_wconf 74' lang='lat' dir='ltr'><strong>SicEr.</strong></span> <span class='ocrx_word' id='word_1_1083' title='bbox 2438 5784 2490 5840; x_wconf 86' lang='lat' dir='ltr'><strong>et</strong></span> <span class='ocrx_word' id='word_1_1084' title='bbox 2512 5766 2736 5840; x_wconf 76' lang='lat' dir='ltr'><strong>plerique</strong></span> <span class='ocrx_word' id='word_1_1085' title='bbox 2761 5766 2867 5826; x_wconf 63' lang='grc' dir='ltr'>ιιῗεε.</span> <span class='ocrx_word' id='word_1_1086' title='bbox 2894 5779 2949 5823; x_wconf 82' lang='lat' dir='ltr'><strong>At</strong></span> <span class='ocrx_word' id='word_1_1087' title='bbox 2966 5781 3066 5822; x_wconf 83' lang='lat' dir='ltr'><strong>Am.</strong></span> <span class='ocrx_word' id='word_1_1088' title='bbox 3094 5776 3145 5821; x_wconf 85' lang='lat' dir='ltr'><strong>et</strong></span> <span class='ocrx_word' id='word_1_1089' title='bbox 3168 5776 3304 5831; x_wconf 55' lang='lat' dir='ltr'><strong>Ima,</strong></span> <span class='ocrx_word' id='word_1_1090' title='bbox 3330 5769 3464 5821; x_wconf 84' lang='lat' dir='ltr'><strong>docte</strong></span> <span class='ocrx_word' id='word_1_1091' title='bbox 3483 5766 3615 5833; x_wconf 79' lang='lat' dir='ltr'><strong>legit.</strong></span> 
     </span>
    </p>
   </div>
   <div class='ocr_carea' id='block_1_125' title="bbox 2200 5839 2659 5905">
    <p class='ocr_par' dir='ltr' id='par_1_125' title="bbox 2200 5839 2659 5905">
     <span class='ocr_line' id='line_1_127' title="bbox 2200 5839 2659 5905; baseline -0.011 -13"><span class='ocrx_word' id='word_1_1092' title='bbox 2200 5846 2219 5877; x_wconf 75' lang='grc'><strong>⁵</strong></span> <span class='ocrx_word' id='word_1_1093' title='bbox 2246 5849 2339 5905; x_wconf 82' lang='lat' dir='ltr'><strong>Er.,</strong></span> <span class='ocrx_word' id='word_1_1094' title='bbox 2361 5839 2575 5891; x_wconf 83' lang='lat' dir='ltr'><strong>inducat.</strong></span> <span class='ocrx_word' id='word_1_1095' title='bbox 2602 5845 2659 5888; x_wconf 74' lang='lat' dir='ltr'><strong>at.</strong></span> 
     </span>
    </p>
   </div>
  </div>
