4084 6476
610 390 748 449 ιδῃ
1855 372 1909 427 S.
1949 365 2171 426 AUGUS

2217 363 2316 419 'INI
2355 363 2660 422 EPISCOPI
3733 381 3851 443 1828

607 514 864 580 superent
892 506 1167 561 hominum
1192 499 1364 556 millia
1383 500 1399 529 ί
1436 494 1766 551 tundentium
1795 490 1894 545 sibi
1926 493 2116 559 pectus
2138 490 2193 538 et
2302 490 2447 580 ctam
2470 484 2822 580 deputa‘rem‘t
2845 484 2983 541 Ecce
3008 485 3134 580 quid
3164 485 3295 544 facis
3322 490 3556 560 quotidie
3579 492 3707 550 Deo.
3726 497 3851 565 Qua-

607 573 936 657 dicentium:
966 594 1178 650 Dimitte
1220 591 1360 645 nobis
1392 588 1559 643 debita
1600 594 1769 640 nostra
1800 624 1813 648 ,
1861 583 1989 634 sicut
2029 589 2074 633 et
2104 593 2194 631 nos
2302 573 2406 631 lem
2438 576 2599 632 modo
2642 576 2774 643 dixi,
2802 577 3028 634 fratres?
3067 579 3184 635 Jam
3214 595 3336 635 cum
3366 582 3457 653 qui
3503 584 3669 640 solum
3709 587 3855 648 Deum

606 695 907 749 dimittimus
959 684 1263 743 debitoribus
1314 682 1499 735 nostris
1528 678 1760 750 (Matth.
1792 692 1841 730 γι
1865 717 1880 743 ,
1906 674 1974 731 12
2000 674 2042 744 ).
2071 671 2188 728 Jam
2302 668 2449 736 colit,
2476 669 2564 739 qui
2592 666 2864 726 Christum
2894 671 3202 739 confitetur,
3226 674 3315 744 qui
3352 674 3561 733 Patrem
3603 687 3654 734 et
3686 681 3855 741 Filium
3913 738 3919 757 ί

603 758 734 853 quot
780 785 1153 843 remanserunt
1196 775 1286 846 qui
1339 773 1439 827 sibi
1485 771 1809 827 erubescunt
1854 776 2038 839 pectus
2068 774 2192 821 tun-
2301 770 2353 815 et
2375 760 2627 831 Spiritum
2652 774 2893 819 sanctum
2917 781 3081 825 unum
3110 766 3277 822 Deum
3308 757 3483 836 novit,
3511 769 3601 842 qui
3631 788 3727 828 non
3755 782 3858 845 post

601 878 732 932 dere
755 875 930 943 ?Ergo
959 868 1385 940 reprehendant;
1413 867 1724 921 toleremus.
1745 859 2185 932 Beprcbendant,
2292 871 2421 915 cum
2455 855 2764 923 fornicatur,
2792 858 2880 929 qui
2912 875 3016 914 non
3042 858 3229 914 adorat
3255 860 3546 928 dasmones,
3572 865 3659 933 qui
3682 868 3856 924 auxilia

601 970 837 1034 oderint,
872 972 1149 1029 accusent,
1175 961 1462 1017 detrahant
1492 976 1503 1012 :
1530 958 1707 1012 Adhuc
1734 966 1782 1009 et
1814 955 1974 1009 oratio
1996 970 2107 1011 mea
2138 953 2190 1007 in
2298 947 2401 1004 sibi
2428 963 2459 1003 a
2483 947 2695 1007 diabolo
2728 965 2831 1004 non
2873 950 3157 1022 requirit‘,
3181 951 3270 1022 qui
3308 958 3452 1007 tenet
3478 952 3754 1012 Ecclesiam
3778 974 3852 1015 ca-

601 1060 926 1131 beueptacitis
953 1073 1163 1122 eorum;
1191 1055 1368 1110 veniet
1395 1061 1627 1122 tempus,
1646 1048 1859 1121 quando
1879 1048 2050 1104 oratio
2073 1061 2190 1101 mea
2300 1039 2553 1095 lltolicam
2581 1058 2595 1107 ;
2624 1040 2691 1098 de
2718 1041 2869 1112 cujus
2893 1041 3084 1098 fraude
3114 1058 3274 1099 nemo
3312 1046 3667 1129 conqueritur,
3700 1049 3760 1107 de
3776 1066 3857 1108 cu-

602 1154 836 1227 placebit
880 1152 1003 1206 illis.
1050 1150 1268 1219 Erigent
1314 1162 1373 1201 se
1426 1145 1571 1203 enim
1622 1143 1775 1214 quasi
1812 1141 1942 1213 justi
1991 1138 2191 1194 viribus
2293 1132 2383 1203 jus
2415 1147 2663 1203 pressura
2694 1149 2799 1189 non
2826 1134 2991 1205 gemit
3015 1133 3220 1190 vicinus
3242 1136 3635 1210 infirtnus;qui
3658 1157 3847 1199 uxorem

601 1223 716 1304 suis
746 1263 761 1310 ;
794 1244 1075 1299 vincentur
1097 1240 1148 1294 in
1181 1240 1354 1294 lucta:
1388 1238 1509 1307 quia
1541 1234 1773 1306 superbe
1800 1248 1860 1288 se
1881 1240 2187 1296 erexerunt,
2298 1223 2530 1279 alienam
2556 1239 2669 1279 non
2705 1234 2873 1280 tentat
2896 1269 2911 1292 ,
2943 1226 3034 1296 qui
3064 1236 3349 1283 contentus
3392 1240 3476 1286 est
3517 1245 3606 1284 sua
3634 1274 3648 1298 ,
3675 1244 3754 1287 aut
3779 1238 3849 1305 qui

601 1339 889 1401 elidentur,
924 1334 1200 1391 trahentur
1226 1347 1257 1386 a
1289 1330 1521 1401 peccatis
1541 1370 1555 1394 ,
1580 1326 1834 1382 videbunt
1861 1341 1923 1380 se
1954 1326 2187 1399 iniquos,
2295 1331 2397 1373 nec
2426 1316 2539 1388 ipsa
2572 1332 2684 1382 ευτ’,
2716 1317 2809 1373 sed
2838 1318 3105 1389 quomodo
3136 1318 3260 1375 licet
3290 1328 3345 1374 et
3371 1322 3641 1392 quomodo
3662 1327 3849 1393 permit-

602 1431 960 1501 implebuntur
987 1443 1105 1498 quae
1136 1426 1272 1481 dicta
1298 1432 1423 1478 sunt
1465 1438 1560 1491 per
1589 1420 1884 1491 Prophetas
1911 1435 1924 1485 ;
1972 1416 2191 1489 incipiet
2298 1409 2361 1463 tit
2388 1411 2682 1478 apostolica
2714 1409 3015 1481 disciplina,
3043 1410 3130 1465 ubi
3160 1426 3460 1467 consensus
3493 1422 3575 1468 est
3610 1415 3847 1471 amborum

596 1500 785 1581 [timeri
825 1522 1087 1592 judicium
1112 1561 1127 1586 ,
1162 1526 1441 1575 convertet
1484 1532 1542 1571 se
1571 1515 1766 1569 animae
1794 1514 1939 1568 acies
1958 1511 2026 1567 ad
2057 1526 2188 1565 con-
2302 1502 2365 1573 (Ι
2410 1500 2529 1557 Cor.
2581 1517 2653 1556 vn
2687 1543 2702 1569 ,
2736 1502 2814 1574 5)
2884 1512 2977 1557 aut
3016 1504 3102 1558 ubi
3143 1503 3377 1558 nondum
3418 1504 3580 1561 ducta
3630 1517 3723 1561 est.
3768 1508 3849 1575 Qui

600 1613 883 1671 scientiam
910 1622 1271 1682 peccatorum,
1295 1617 1348 1663 et
1374 1606 1601 1677 placebit
1624 1607 1712 1661 illa
1738 1605 1912 1661 oratio
1932 1646 1947 1671 ,
1980 1602 2190 1657 Dimitte
2289 1593 2401 1664 jam
2433 1595 2555 1650 talis
2582 1604 2685 1663 est,
2712 1595 3129 1667 deprehenditur
3160 1605 3336 1653 tamen
3373 1597 3427 1654 in
3456 1598 3579 1653 istis
3607 1616 3715 1670 qua:
3743 1600 3847 1655 dixi.

598 1706 744 1763 nobis
772 1706 941 1760 debita
967 1702 1322 1765 nostra,.sicut
1342 1708 1389 1753 et
1419 1715 1510 1752 nos
1557 1698 1855 1751 dimittimus
1885 1694 2188 1749 debitoribus
2368 1686 2454 1741 19.
2486 1685 2647 1759 [vers.
2678 1687 2757 1762 6.]
2792 1687 2947 1744 Venit
2990 1704 3118 1765 ergo
3146 1698 3353 1761 tempus
3384 1689 3531 1761 quod
3557 1689 3741 1746 dictum
3766 1701 3851 1760 est,

594 1799 803 1855 nostris.
836 1797 881 1853 Ο
906 1796 1131 1851 verbosa
1149 1791 1392 1849 defensio
1422 1789 1743 1859 iniquitatis!
1772 1785 1930 1841 Certe
1954 1785 2062 1856 jam
2085 1784 2189 1839 hoc
2294 1780 2473 1835 Adhuc
2501 1790 2545 1835 et
2572 1782 2733 1836 oratio
2777 1799 2886 1836 mea
2920 1783 2970 1836 in
2997 1783 3321 1853 beneplacitis
3347 1800 3566 1853 eorum;
3592 1788 3695 1842 sive
3720 1802 3855 1858 quam

600 1891 783 1962 populi
812 1888 1032 1952 dicunt,
1062 1894 1116 1941 et
1160 1884 1475 1955 populorum
1509 1890 1724 1951 pectora
1754 1878 2082 1935 tundentium
2110 1888 2188 1932 ιο·
2288 1872 2493 1941 docuit,
2524 1874 2643 1931 sive
2688 1890 2789 1947 qua
2832 1875 3141 1946 interpellat
3187 1893 3283 1949 pro
3328 1878 3508 1935 nobis.
3542 1878 3598 1935 In
3627 1880 3729 1937 istis
3747 1898 3857 1954 ergo

596 1982 806 2036 nitruus
829 1994 936 2035 non
962 1975 1379 2047 quiescit.Recte
1405 1973 1573 2028 nubes
1592 1970 1856 2036 tonant,in
1868 1970 2059 2039 quibus
2073 1968 2185 2038 jam
2290 1966 2615 2037 quotidianis
2642 1968 2870 2037 peccatis
2896 1968 3143 2025 omnibus
3168 1985 3286 2040 quae
3315 1986 3438 2042 spes
3468 1982 3573 2040 cst,
3597 1972 3691 2028 nisi
3710 1973 3857 2031 humi-

590 2073 805 2129 ‘habitat
825 2073 981 2127 Deus.
1004 2068 1100 2126 Ubi
1118 2078 1198 2123 est
1219 2067 1307 2121 illa
1324 2065 1641 2129 verbositas,
1664 2062 1753 2118 ubi
1770 2070 1852 2117 est
1875 2062 1960 2117 illa
1982 2060 2187 2131 jactan-
2290 2058 2330 2113 li
2359 2058 2521 2115 corde
2556 2060 2794 2116 dicamus
2832 2062 2884 2116 in
2926 2065 3169 2119 oratione
3208 2063 3501 2133 dominica,
3531 2082 3644 2138 qum
3681 2067 3775 2139 jam
3808 2068 3852 2124 in

588 2169 707 2223 tia:
738 2164 918 2220 Justus
947 2177 1087 2229 sum,
1119 2160 1249 2217 nihil
1280 2158 1406 2217 mali
1431 2156 1579 2212 feci?
1609 2155 1765 2211 Certe
1794 2168 1917 2209 cum
1948 2153 2001 2207 in
2034 2151 2185 2208 Scri-
2288 2151 2647 2233 beneplacitis
2690 2154 2885 2210 nostris
2929 2165 3031 2222 est,
3068 2171 3173 2211 non
3226 2157 3624 2214 defendentium
3671 2171 3852 2231 peccata

584 2253 995 2330 :pturissanctis
1016 2252 1185 2309 fueris
1214 2248 1607 2319 contemplatus
1654 2260 1894 2301 normam
1921 2243 2141 2313 justitiae
2164 2286 2179 2309 ,
2288 2254 2493 2313 nostra,
2522 2246 2617 2303 sed
2658 2248 3024 2303 confitentium
3044 2290 3059 2314 ,
3085 2248 3296 2307 Dimitte
3331 2249 3475 2313 nobis
3507 2250 3664 2305 debita
3688 2265 3853 2321 nostra,

596 2360 1090 2419 quantumcumque
1118 2343 1411 2414 profeceris
1435 2382 1449 2407 ,
1480 2340 1716 2396 invenies
1746 2348 1797 2394 te
1824 2345 2178 2409 peccatorem.
2288 2338 2416 2391 sicut
2443 2347 2491 2391 et
2529 2354 2619 2392 nos
2653 2338 2952 2393 dimittimus
3001 2339 3306 2396 debitoribus
3332 2344 3560 2409 nostris;
3588 2344 3856 2400 etadvoca-

588 2441 899 2503 Profecisti,
924 2439 1035 2509 jam
1067 2452 1234 2495 unum
1266 2436 1439 2493 Deum
1466 2433 1601 2490 colis
1625 2450 1640 2497 ;
1668 2431 1867 2502 optime
1897 2450 1911 2485 :
1939 2445 2045 2486 non
2073 2429 2183 2484 for-
2287 2437 2398 2484 tum
2426 2429 2717 2485 habeamus
2739 2430 2879 2502 apud
2901 2432 3131 2498 Patrem,
3158 2433 3341 2491 Jcsum
3365 2434 3638 2495 Christum
3661 2437 3855 2506 justum,

591 2533 791 2589 nicaris
816 2532 883 2587 ab
909 2546 975 2586 eo
1002 2528 1068 2585 ad
1094 2528 1232 2584 idola
1253 2568 1270 2593 ,
1315 2526 1381 2582 ad
1413 2524 1846 2590 mathematicos,
1877 2522 1944 2578 ad
1973 2521 2179 2579 sortile-
2284 2530 2345 2581 ut
2364 2521 2478 2592 ipse
2501 2521 2572 2577 sit
2593 2521 2897 2592 propitiatio
2924 2538 3023 2594 pro
3042 2525 3279 2603 peccatis
3306 2526 3509 2581 nostris
3539 2524 3580 2599 (l
3598 2525 3740 2582 Joan.
3766 2529 3852 2595 u,t

588 2641 688 2697 gos
709 2667 724 2689 ,
756 2623 821 2679 ad
853 2622 1128 2692 aruspices
1157 2662 1170 2687 ,
1204 2619 1270 2676 ad
1302 2633 1531 2689 augures
1552 2659 1567 2684 ,
1620 2615 1687 2672 ad
1741 2613 2047 2680 maleficos;
2078 2614 2177 2669 ista
2282 2613 2571 2685 2)?M0do
2592 2614 2876 2685 loquantur
2912 2615 3158 2685 superbi;
3191 2616 3475 2673 vincuntur
3504 2619 3859 2688 numero,vin-

586 2718 731 2775 enim
755 2716 1049 2772 .fornicatio
1074 2722 1158 2770 est
1184 2729 1214 2769 a
1242 2712 1472 2771 Domino
1500 2712 1613 2767 Deo
1644 2728 1655 2764 :
1687 2710 1799 2780 jam
1829 2724 1888 2766 es
1910 2709 1969 2764 in
1999 2709 2177 2779 aliquo
2283 2718 2479 2765 cuntur
2512 2709 2740 2779 populis,
2765 2717 2872 2764 tota
2910 2718 3051 2765 terra
3071 2725 3101 2764 a
3124 2711 3253 2766 solis
3278 2719 3397 2767 ortu
3426 2728 3601 2783 usque
3638 2713 3700 2769 ad
3724 2729 3851 2769 occa—

583 2825 819 2864 .numero
843 2808 1208 2863 membrorum
1223 2805 1442 2861 Christi.
1468 2803 1586 2861 Jam
1615 2803 1788 2873 incipe
1814 2802 1994 2859 videre
2014 2802 2174 2858 etiam
2268 2813 2401 2857 sum
2429 2800 2678 2857 laudante
2696 2816 2894 2856 nomen
2915 2800 3145 2857 Domini.
3169 2802 3303 2871 Quid
3331 2802 3539 2861 faciunt
3565 2807 3705 2877 pauci
3726 2806 3859 2860 aliter

587 2902 678 2956 illa
732 2909 948 2971 peccata
992 2898 1264 2953 societatis
1293 2896 1561 2951 humanm.
1616 2894 1731 2951 Non
1761 2894 1961 2950 occidis
1990 2910 2175 2963 quem-
2274 2892 2889 2964 disputantesUudiccs
2926 2906 3052 2951 sunt
3076 2896 3380 2966 impiorum.
3407 2897 3522 2955 Sed
3550 2899 3672 2970 quid
3699 2898 3757 2954 ad
3783 2900 3852 2955 te?

587 3009 767 3066 quam,
802 3009 908 3047 non
956 2991 1228 3046 adulteras
1255 2990 1569 3060 cujusquam
1598 3003 1816 3045 uxorem
1843 3030 1858 3055 ,
1888 3004 1994 3042 non
2024 2987 2173 3042 uxori
2281 2984 2415 3041 Vide
2443 2985 2569 3056 quid
2595 2987 2835 3056 sequitur
2868 3005 2879 3039 :
2913 2986 3148 3058 Absorpti
3171 2999 3285 3043 sunt
3323 2989 3483 3059 juxta
3531 3000 3715 3057 petram
3731 2989 3852 3061 judi-

588 3097 691 3142 tua:
718 3085 895 3139 eundo
922 3084 987 3138 ad
1021 3084 1269 3150 alteram,
1303 3082 1551 3152 injuriam
1588 3080 1718 3137 facis
1740 3123 1754 3145 ,
1787 3095 1895 3136 non
1925 3081 2029 3135 ulla
2054 3094 2173 3149 pes-
2278 3092 2359 3131 σεδ
2392 3093 2584 3131 eorum.
2609 3076 2745 3145 Quid
2802 3088 2904 3145 est,
2932 3078 3170 3149 Absorpti
3196 3090 3313 3134 sunt
3332 3082 3490 3151 juxta
3522 3083 3742 3153 petram?
3770 3081 3852 3137 Ρι-

576 3181 720 3236 sima
748 3179 1053 3249 corruptela
1101 3185 1152 3232 te
1194 3176 1562 3239 contaminas,
1592 3174 1898 3230 abstinuisti
1928 3189 2116 3229 manus
2140 3189 2170 3229 a
2276 3178 2361 3223 ira
2401 3181 2566 3225 autem
2609 3181 2717 3225 erat
2754 3171 2987 3227 Christus
3028 3171 3220 3245 (lCor.
3269 3190 3325 3240 κ,
3356 3174 3448 3237 4).
3486 3175 3719 3246 Absorpti
3756 3183 3852 3229 sunt

576 3272 748 3337 furto,
767 3271 1043 3339 linguama
1066 3268 1322 3339 perjurio,
1344 3282 1437 3323 cor
1466 3283 1494 3321 a
1510 3264 1933 3336 concupiscenda
1961 3281 2019 3320 re
2044 3281 2169 3336 pro-
2266 3264 2424 3332 juxta
2450 3273 2660 3333 petram.
2683 3264 2866 3333 Juxta,
2891 3266 2942 3322 id
2972 3274 3072 3332 est,
3099 3267 3391 3337 comparati
3421 3267 3657 3338 judices,
3680 3266 3850 3337 magni,

582 3364 712 3419 ximi
742 3363 813 3417 tui
844 3380 858 3415 :
887 3362 996 3430 jam
1043 3361 1219 3431 justus
1247 3374 1326 3414 es.
1383 3356 1613 3414 Attende
1656 3366 1846 3414 caetera
1872 3373 1886 3423 ;
1928 3357 2033 3411 noli
2058 3357 2168 3426 jam
2260 3367 2548 3429 potentes,
2566 3358 2709 3415 docti
2741 3378 2754 3413 :
2786 3360 2887 3429 ipsi
2910 3358 3164 3417 dicuntur
3190 3358 3385 3425 iudices
3411 3376 3613 3428 eorum,
3636 3369 3852 3431 tanquam

578 3454 883 3523 superbire.
914 3453 1127 3507 Nihilne
1151 3466 1338 3521 peccas
1360 3452 1415 3506 in
1434 3451 1649 3521 lingua?
1676 3466 1782 3506 non
1806 3449 2169 3519 prolaberisin
2276 3450 2578 3521 judicantes
2616 3450 2685 3507 de
2733 3452 2995 3518 moribus,
3045 3460 3101 3522 et
3144 3452 3463 3509 sententiam
3518 3453 3850 3524 proferentes.

574 3547 802 3601 verbum
860 3546 1109 3600 durum?
1153 3544 1260 3600 Sed
1307 3544 1433 3613 quid
1485 3559 1735 3613 magnum
1796 3543 1981 3599 dicis?
2032 3543 2169 3611 Quid
2277 3543 2419 3599 Dixit
2460 3543 2560 3601 hoc
2603 3544 2936 3605 Aristoteles.
2956 3543 3199 3616 Adjunge
3228 3544 3378 3600 illum
3409 3554 3603 3615 petrae,
3622 3555 3673 3601 et
3695 3547 3854 3602 absor-

578 3637 872 3707 magnum?
929 3636 1028 3701 Qui
1075 3636 1259 3690 dixerit
1283 3636 1430 3707 fratri
1458 3652 1573 3699 suo,
1595 3633 1792 3700 Fatue;
1822 3651 1935 3689 reus
1961 3635 2055 3688 erit
2081 3651 2169 3705 ge-
2268 3646 2402 3707 plus
2421 3646 2519 3692 est.
2549 3638 2679 3706 Quis
2702 3647 2785 3694 est
2810 3638 3161 3694 Aristoteles?
3190 3638 3406 3707 Audiat,
3436 3638 3583 3695 Dixit
3604 3638 3849 3703 Christus;

576 3730 763 3783 [tentus
798 3730 933 3800 ignis
960 3728 979 3801 (
1004 3729 1092 3782 td.
1124 3745 1175 3793 v,
1204 3728 1275 3782 22
1298 3725 1337 3799 ).
1369 3727 1751 3783 Contremiscit
1782 3727 1896 3795 jam
1941 3735 2049 3783 tota
2080 3727 2170 3782 illa
2277 3737 2335 3783 et
2380 3728 2519 3797 apud
2558 3727 2763 3786 inferos
2808 3730 3194 3786 contremiscit.
3226 3730 3368 3786 Dixit
3398 3731 3503 3787 hoc
3530 3733 3849 3804 Pythagoras,

577 3824 851 3895 superbia.
886 3826 1023 3879 Ecce
1046 3822 1157 3892 jam
1189 3838 1294 3877 non
1327 3822 1481 3877 valde
1500 3821 1636 3877 facit
1665 3820 1804 3877 unde
1820 3822 1957 3877 Deus
1987 3821 2169 3877 videa-
2234 3888 2237 3895 ι
2278 3818 2414 3873 dixit
2444 3820 2545 3874 hoc
2578 3820 2749 3875 Plato.
2780 3820 3023 3891 Adjunge
3048 3822 3168 3877 illos
3194 3830 3382 3892 petrm,
3411 3836 3664 3896 compara
3690 3831 3849 3877 aucto-

579 3927 666 3972 tur
692 3918 962 3987 impietate
997 3917 1174 3986 aliqua
1222 3913 1612 3984 blasphemari;
1642 3929 1751 3968 non
1781 3914 1934 3970 irruit
1986 3914 2038 3969 in
2067 3913 2169 3969 ali-
2276 3911 2491 3967 ritatem
2515 3912 2727 3968 illorum
2752 3913 3055 3969 auctoritati
3081 3913 3697 3986 evangelicae,compara
3723 3912 3850 3968 infla-

580 4025 739 4080 quem
765 4009 1087 4072 laedendum,
1118 4021 1224 4061 non
1248 4004 1375 4060 facit
1400 4005 1553 4060 alteri
1580 4004 1725 4075 quod
1752 4006 1857 4075 pati
1890 4019 1997 4060 non
2024 4005 2165 4060 vult:
2282 4013 2369 4059 tos
2415 4005 2691 4061 crucifixo.
2722 4005 2969 4063 Dicamus
2999 4006 3079 4061 eis
3105 4023 3119 4059 :
3149 4005 3257 4062 Vos
3282 4006 3492 4063 litteras
3518 4018 3717 4063 vestras
3742 4019 3847 4062 eon-

577 4101 706 4173 quid
736 4101 803 4155 de
829 4100 1049 4171 lingua?
1089 4100 1208 4169 quis
1240 4098 1386 4153 illam
1426 4098 1646 4151 domat?
1674 4097 1783 4152 Sed
1810 4112 1937 4153 ecce
1970 4097 2080 4166 jam
2118 4105 2173 4153 et
2278 4096 2567 4167 scripsistis
2593 4096 2646 4151 in
2673 4095 2925 4152 cordibus
2947 4095 3337 4166 superborum;
3366 4096 3455 4151 ille
3485 4112 3695 4154 crucem
3714 4110 3843 4150 suam

582 4195 752 4263 ipsam
781 4191 1033 4247 frenasti:
1078 4205 1381 4260 quanquam
1405 4189 1528 4259 quis
1569 4198 1747 4243 tantus
1796 4197 1854 4243 ut
1900 4187 2004 4243 hoc
2028 4188 2173 4245 omni
2278 4188 2393 4244 fixit
2435 4189 2491 4244 in
2543 4189 2791 4247 cordibus
2834 4191 3076 4260 regum'.
3106 4189 3386 4247 Postremo
3422 4202 3665 4247 mortuus
3691 4198 3780 4254 cst,
3802 4196 3845 4244 et

582 4284 744 4339 modo
767 4283 1046 4353 perficiat?
1066 4282 1164 4337 sed
1191 4297 1317 4337 ecce
1340 4282 1451 4352 jam
1476 4292 1528 4335 et
1564 4281 1737 4351 ipsam
1761 4281 2013 4337 frenasti:
2045 4279 2171 4351 quid
2279 4282 2572 4337 resurrexit
2606 4300 2618 4336 :
2651 4281 2847 4337 mortui
2894 4283 3046 4346 estis.
3096 4290 3151 4337 et
3177 4283 3301 4337 nolo
3343 4299 3590 4354 qumrere
3615 4281 3842 4355 quemad-

564 4376 714 4430 facis
738 4375 809 4429 de
834 4375 1245 4445 cogitationibus
1276 4375 1419 4429 tuis?
1447 4374 1574 4444 quid
1600 4374 1731 4429 facis
1757 4373 1826 4430 de
1861 4373 2089 4429 tumultu
2119 4381 2173 4429 et
2277 4373 2496 4429 modum
2539 4372 2848 4443 resurgatis.
2875 4374 3039 4445 Ergo,
3068 4373 3305 4444 Absorpti
3343 4384 3459 4429 sunt
3493 4378 3645 4447 juxta
3680 4386 3843 4446 petram

582 4474 797 4520 caterva
849 4465 1223 4520 rebellantium
1288 4464 1719 4520 desideriorum?
1769 4466 1887 4521 Non
1943 4466 2021 4521 eis
2076 4465 2172 4521 das
2278 4464 2435 4519 istam
2454 4464 2654 4536 judices
2696 4479 2889 4520 eorum.
2912 4464 3137 4519 Tamdiu
3166 4465 3417 4521 videntur
3442 4466 3644 4537 aliquid
3671 4466 3842 4529 dicere,

583 4555 845 4612 membra.
876 4554 952 4611 Ita
981 4554 1164 4619 credo,
1189 4563 1243 4609 et
1271 4555 1426 4609 video
1457 4574 1469 4609 :
1497 4555 1589 4611 sed
1613 4564 1792 4611 tamen
1823 4556 2171 4627 cogitationes
2206 4553 2207 4556 “
2278 4555 2449 4611 donec
2468 4562 2842 4627 comparentur
2867 4564 3050 4625 petrae.
3074 4556 3359 4626 Propterea
3382 4558 3426 4612 si
3454 4558 3694 4613 inventus
3712 4554 3843 4611 fuerit

580 4648 870 4719 aliquando
918 4647 1178 4703 inclinant
1218 4657 1274 4703 et
1324 4645 1574 4702 auferunt
1605 4657 1656 4702 te
1680 4650 1727 4711 ³,
1758 4648 2073 4719 plerumque
2118 4639 2206 4725 inf
2279 4647 2472 4718 aliquis
2511 4663 2697 4702 eorum
2742 4647 2844 4702 hoc
2887 4646 3111 4715 dixisse,
3158 4647 3301 4717 quod
3339 4646 3472 4703 dixit
3512 4657 3567 4704 et
3596 4647 3839 4725 Christus;

579 4740 822 4796 oratione
846 4739 1072 4810 genibus
1100 4739 1238 4793 fixis.
1266 4738 1472 4809 Corpus
1492 4739 2023 4808 prosternis,collum
2047 4756 2172 4796 cur.
2197 4724 2203 4758 ⁶
2278 4739 2605 4809 gratulamur
2631 4737 2726 4805 illi,
2755 4752 2860 4792 non
2890 4736 3132 4808 sequitur
3158 4736 3329 4792 illum.
3359 4738 3468 4794 Sed
3492 4740 3636 4811 prior
3661 4737 3749 4792 fuit
3772 4736 3841 4790 ille

584 4847 679 4886 vas
702 4872 716 4895 ,
746 4832 1019 4893 confiteris
1050 4839 1267 4901 peccata
1286 4874 1301 4899 ,
1333 4832 1499 4887 Deum
1530 4831 1721 4888 adoras
1746 4852 1762 4887 :
1797 4834 1951 4891 video
1976 4848 2171 4904 corpus
2278 4847 2438 4903 quam
2468 4831 2727 4887 Christus.
2758 4829 2815 4887 Si
2846 4828 2966 4901 quis
2990 4845 3117 4885 vera
3146 4830 3402 4900 loquitur,
3433 4833 3577 4901 prior
3604 4840 3682 4885 est
3705 4841 3840 4898 quam

582 4925 673 4980 ubi
696 4924 893 4994 jaceat,
917 4894 1099 4994 quaero
1128 4924 1216 4980 ubi
1251 4894 1435 4979 volitet
1473 4925 1702 4979 animus.
1738 4925 1910 4984 Video
1930 4894 2170 4986 membra
2280 4894 2393 4994 ipsa
2419 4923 2652 4979 verit”?
2677 4916 2724 4979 Ὁ
2753 4894 2936 4988 “Ollio.
2960 4920 3175 4977 alicnde
3200 4894 3496 4989 (Ξδΐίεῑίιάιι
3526 4936 3631 4978 ηοη
3656 4894 3842 4993 qui!!!“

585 4954 673 4980 υυι
696 4954 893 4994 δαυϋαι,
917 4954 1099 4994 ιιυαυιυ
1130 4954 1216 4980 um
1255 4954 1435 4979 νυιιιῦι
1473 4954 1702 4979 ulmuua.
1752 4954 1910 4984 Itucu
1930 4954 2170 4986 ulcmura
2214 4954 2244 4997 ξε
2280 4954 2393 4994 ιμδιι
2426 4954 2615 4979 venula
2634 4954 2645 4976 ι
2680 4954 2724 4979 υ
2753 4954 2936 4988 ιιυιιιυ,
2960 4954 3175 4977 αιυυυυυ
3200 4954 3496 4989 υυιωιυιιι,
3526 4954 3631 4978 uuu
3656 4954 3841 4993 qum-iw

578 5015 805 5088 iacentia
838 5030 851 5067 :
895 5014 1171 5073 videamus
1205 5014 1250 5070 si
1294 5024 1401 5070 stat
1426 5016 1757 5073 conscientia
1786 5060 1803 5087 ,
1825 5020 2101 5078 videamus
2125 5024 2170 5079 si
2193 4954 2347 5167 ad
2380 5027 2430 5073 te
2453 5018 2677 5082 venerit,
2697 5015 2792 5072 sed
2818 5014 3032 5088 quando
3057 5025 3108 5071 te
3138 5014 3544 5072 fecerit.Potest
3561 5025 3615 5071 et
3640 5022 3842 5084 :egrotus

581 5108 682 5161 ﬁxa
712 5114 795 5161 est
826 5106 878 5160 in
917 5122 1038 5160 eum
1079 5120 1237 5167 quem
1264 5107 1453 5163 adorat
1479 5125 1493 5167 :
1530 5109 1575 5164 si
1607 5125 1716 5165 non
1761 5114 2171 5167 coaitatiunibus
2217 5094 2255 5167 ii
2280 5111 2461 5167 dicere
2493 5129 2507 5165 :
2539 5110 2645 5167 Sed
2677 5110 2824 5167 prius
2852 5124 2953 5167 ego
2996 5107 3166 5165 cecidi
3194 5109 3248 5164 in
3271 5110 3492 5167 lectum.
3519 5123 3671 5167 quam
3696 5103 3841 5161 medi-

581 5108 682 5161 fixa
712 5114 795 5161 est
826 5106 878 5160 in
917 5122 1038 5160 eum
1079 5120 1237 5177 quem
1264 5107 1493 5173 adorat;
1530 5109 1575 5164 si
1607 5125 1716 5165 non
1761 5114 2171 5183 cogitationibus

2217 5082 2461 5191 idicem
2493 5129 2507 5165 :
2539 5110 2645 5167 Sed
2677 5082 2953 5181 prius—ego
2996 5107 3166 5165 cecidi
3194 5109 3248 5164 in
3271 5110 3492 5178 lectum,
3519 5123 3671 5180 quam
3691 5082 3841 5161 inedi-

582 5196 1175 5267 plerumque,tanquam
1202 5206 1331 5254 aestu
1360 5200 1519 5257 maris
1548 5201 1834 5272 abripitur,
1859 5212 1914 5260 et
1964 5213 2169 5278 tempe-
2186 5181 2378 5333 cus
2406 5204 2469 5261 ad
2498 5221 2585 5261 me
2620 5204 2876 5260 venisset.
2905 5202 3101 5274 Utique
3129 5202 3250 5259 ideo
3296 5203 3387 5260 ille
3412 5204 3667 5276 posterior
3695 5200 3838 5263 venit,

582 5294 721 5333 state
748 5287 952 5333 tollitur
982 5288 1034 5333 in
1050 5288 1192 5333 aliud
1226 5298 1384 5333 ntmm
1409 5292 1569 5333 aliud-
1606 5293 1764 5333 Modo
1793 5297 1836 5333 ci
1863 5312 2070 5333 manum
2095 5273 2182 5333 1η-¹
2241 5278 2400 5333 ⁸⁷ηιείει
2432 5306 2485 5333 In
2516 5298 2658 5333 ηνὶηα
2688 5296 2923 5333 ηοοίδίοιί

581 5294 721 5340 state
748 5287 952 5341 tollitur
982 5288 1034 5343 in
1050 5288 1193 5344 aliud
1226 5298 1384 5362 atque
1408 5292 1572 5348 aliud.
1603 5293 1764 5351 Modo
1793 5297 1837 5351 si
1862 5273 2182 5355 mecum—lo-l
2202 5273 2402 5371 Equia
2432 5306 2487 5353 tu
2516 5298 2660 5368 prius
2688 5296 2946 5355 cecidisti.

581 5377 823 5449 quereris
846 5418 862 5445 ,
895 5387 947 5433 et
971 5380 1150 5437 subito
1176 5395 1453 5439 averteres
1482 5392 1533 5439 te
1558 5385 1623 5439 ad
1653 5401 1869 5444 servum
1900 5398 2047 5445 tuum
2070 5431 2084 5458 ,
2116 5378 2179 5448 eti
2296 5366 2315 5371 —
2351 5390 2444 5446 20.
2478 5366 2663 5445 Videte
2695 5389 2875 5460 itaque
2914 5397 3116 5447 textum
3158 5388 3377 5455 Psaltui,
3408 5390 3587 5445 Adhuc
3626 5395 3671 5442 et
3706 5382 3845 5439 oratio

581 5469 875 5525 dimitteres
904 5485 989 5525 me
1015 5512 1028 5536 ,
1060 5487 1165 5526 non
1196 5474 1317 5530 dico
1364 5490 1393 5529 a
1419 5490 1527 5546 quo
1558 5477 1760 5551 aliquid
1790 5483 2006 5553 petebas
2027 5526 2041 5551 ,
2074 5485 2170 5542 sed
2283 5502 2393 5538 mea
2422 5485 2473 5538 in
2502 5483 2827 5554 beneptacitis
2851 5498 3043 5537 eorum.
3069 5481 3174 5539 Sed
3214 5492 3373 5539 erunt
3415 5482 3562 5539 multi
3622 5478 3710 5548 qui
3748 5488 3855 5528 con-

581 5576 695 5619 sum
725 5577 831 5633 quo
859 5578 921 5619 ex
954 5578 1109 5634 aequo
1140 5564 1485 5635 loquebaris;
1511 5582 1619 5627 non
1648 5572 1780 5628 mihi
1803 5574 2048 5646 injuriatn
2091 5558 2180 5631 fac;
2284 5576 2551 5633 tradicant
2578 5594 2590 5630 :
2622 5574 2862 5645 Absorpti
2889 5586 3005 5630 sunt
3026 5577 3183 5647 juxta
3211 5586 3405 5645 petram
3433 5576 3649 5648 judiccs
3690 5583 3841 5624 eorum

637 5724 755 5816 125:
777 5724 2168 5816 fiﬂf.‘t.'lf”i’.‘!f’".ﬂ‘.§'i‘i§.ﬂ“:PEPJB'Pﬁ‘PS:Militi-
2349 5740 2575 5816 ttiiquot
2596 5746 2725 5799 ιιεειν
2747 5738 2830 5803 συί
2867 5736 3054 5789 milia
3224 5736 3320 5789 πίδί
3357 5750 3386 5786 α
3412 5736 3636 5794 Domit”:
3670 5744 3758 5783 παι
3790 5739 3839 5779 ν’

682 5782 959 5870 ᾖξε-ἔξειωὲ
973 5782 1550 5870 ξιὲἒρξίξηὶξιειὺωηεην,
1567 5782 1857 5859 είὰάἶρῆιῆ
1866 5782 2168 5867 iéfii'iiiai;
2283 5782 2449 5870 quirit-l

576 5845 886 5909 wrlinantur,
910 5855 955 5898 et
977 5845 1279 5913 afferunt'se.
1538 5845 1551 5901 ἠ
2034 5845 2168 5867 ww"
2283 5845 2379 5899 ’Ἴ
2396 5845 2517 5917 ﬁes
2539 5863 2727 5925 3155,51:
2751 5861 2984 5926 frontibus
3009 5873 3188 5925 regum.

1400 6002 1505 6025 is.-.
1800 6022 1816 6025 ,_
1886 5996 1889 5997 '
2008 5992 2083 6007 "'
