4084 6452
301 362 444 444 esse

299 462 440 547 Quid
470 492 600 549 ergo
617 477 761 550 erit?
787 475 1012 530 Audient
1035 474 1182 529 verba
1203 489 1331 539 mea,
1351 473 1588 543 quoniam
1615 471 1898 544 pra'value-

300 571 440 629 runt.
481 561 890 627 'Prazvalnerunt
929 568 1089 624 verba
1129 573 1249 623 mea
1292 565 1469 622 verbis
1513 579 1720 620 eorum.
1753 565 1903 619 Dicta

303 675 427 723 sunt
475 665 556 720 ab
585 664 663 720 eis
704 661 948 734 quiedam
993 661 1211 726 diserte,
1265 657 1360 714 sed
1387 673 1416 712 a
1444 674 1531 713 me
1570 671 1714 712 vera.
1744 657 1902 712 Aliud

305 767 384 814 est
411 753 637 813 laudare
652 757 950 827 loquacem,
975 751 1115 808 aliud
1147 750 1366 806 laudare
1394 760 1662 806 veracem.
1683 749 1903 804 Audient

304 850 454 906 verba
470 866 601 914 mea,
622 848 861 918 quoniam
886 845 1275 918 prcct'dluerunt.
1297 842 1452 899 Unde
1477 843 1902 914 praevaluerunt'?

305 941 435 1011 Quis
462 955 648 997 eorum
685 937 1105 1008 comprehensus
1153 946 1234 991 est
1260 936 1314 991 in
1341 937 1623 1004 sacrificio,
1668 951 1790 992 cum
1818 937 1901 1004 his

305 1034 510 1105 legibus
563 1033 660 1088 ista
723 1032 1160 1102 prohiberentur,
1207 1039 1262 1086 et
1311 1046 1417 1086 non
1462 1031 1711 1103 negavit?
1773 1031 1902 1102 Quis

303 1142 492 1183 eorum
540 1125 960 1197 emnprehensus
1008 1132 1091 1180 est
1142 1123 1372 1182 adorare
1399 1123 1630 1192 idolum,
1685 1133 1738 1179 et
1793 1141 1898 1180 nou

301 1220 576 1285 clamavit,
601 1218 717 1274 Non
747 1217 867 1284 feci,
887 1225 940 1272 et
972 1216 1146 1272 timuit
1176 1231 1242 1272 ne
1268 1217 1716 1272 convinceretur?
1743 1214 1901 1296 Tales

300 1315 582 1370 ministros
609 1311 852 1367 diabolus
881 1311 1170 1366 habebat‘.
1198 1309 1352 1367 Unde
1381 1319 1557 1366 autem
1603 1313 1899 1383 praevalue-

299 1415 429 1462 runt
457 1406 622 1461 verba
652 1403 904 1458 Domini?
936 1403 1066 1457 Ecce
1092 1419 1182 1474 ego
1209 1403 1349 1458 mitto
1374 1418 1460 1458 vos
1483 1403 1611 1458 sicut
1652 1420 1810 1475 agnos
1848 1404 1901 1458 in

299 1499 472 1552 medio
500 1497 753 1568 luporum.
791 1495 968 1552 Nolite
993 1496 1165 1549 timere
1186 1512 1269 1550 eos
1293 1496 1377 1564 qui
1421 1496 1656 1550 occidunt
1695 1513 1899 1568 corpus,

300 1593 528 1646 animant
555 1599 722 1650 autem
751 1607 851 1644 non
891 1598 1099 1659 possunt
1125 1589 1412 1655 occcidere;
1439 1589 1528 1644 sed
1554 1607 1671 1656 eum
1714 1591 1898 1656 timete,

298 1685 386 1752 qui
436 1693 484 1737 et
533 1699 716 1752 corpus
771 1690 816 1736 et
845 1683 1068 1736 animam
1108 1691 1264 1751 potest
1303 1675 1497 1738 emittere
1538 1682 1590 1736 in
1624 1683 1904 1754 gehennam

300 1772 692 1846 ignis(Mattli.
743 1791 799 1840 Χ,
849 1773 935 1838 16,
979 1772 1094 1844 28).
1153 1771 1308 1828 Dedit
1359 1773 1627 1840 timorem,
1679 1774 1904 1846 subjecit

299 1885 478 1940 Spem,
505 1868 850 1924 inflammavit
879 1869 1214 1924 charitatem.
1245 1868 1441 1936 Nolite,
1478 1865 1678 1942 inquit,
1713 1873 1902 1928 timere

300 1973 553 2019 mortem.
582 1961 804 2018 Mortem
839 1960 1075 2017 timetis?
1097 1961 1251 2017 Prior
1279 1963 1499 2019 morior.
1519 1963 1596 2020 Ne
1621 1965 1705 2020 vel
1733 1965 1901 2035 capil-

300 2055 386 2110 lus
417 2063 597 2109 vester
626 2063 828 2126 pereat,
863 2053 1202 2108 formidatis?
1225 2053 1382 2109 Prior
1423 2055 1629 2126 integer
1653 2057 1706 2112 in
1740 2072 1903 2113 carne

299 2161 546 2217 resurgo.
589 2146 774 2200 Merito
797 2146 1020 2201 audisus
1049 2146 1210 2202 verba
1240 2146 1377 2218 ejus,
1409 2149 1660 2218 quoniam
1691 2165 1900 2220 praeva-

300 2237 536 2293 luerunt.
587 2237 918 2304 Dicebant”,
948 2245 1003 2292 et
1043 2237 1456 2307 occidebantur;
1521 2240 1802 2307 cadebant,
1848 2251 1902 2306 et

299 2328 534 2384 stabant.
564 2329 624 2384 Et
647 2328 771 2400 quid
789 2339 868 2384 est
895 2330 1091 2384 factum
1114 2329 1180 2385 de
1208 2338 1283 2386 tot
1298 2332 1559 2387 mortibus
1579 2341 1896 2405 martyrum,

300 2419 404 2476 nisi
434 2430 492 2476 ut
519 2421 631 2492 ipsa
679 2421 840 2476 verba
888 2421 1260 2491 praevalerent,
1293 2431 1348 2478 et
1386 2431 1638 2494 tanquam
1681 2424 1899 2496 irrigata

301 2522 443 2569 terra
493 2514 750 2584 sanguine
805 2513 1022 2568 testium
1066 2509 1298 2582 Christi,
1360 2514 1649 2585 pullularet
1704 2515 1900 2586 ubique

300 2623 455 2678 seges
498 2605 787 2662 Ecclesice‘?
821 2607 1060 2674 Audient,
1107 2607 1296 2677 inquit,
1335 2609 1482 2662 verba
1508 2625 1637 2676 mea,
1660 2609 1900 2679 quoniam

301 2701 695 2771 prmvaluerunt.
757 2699 904 2756 Unde
953 2699 1388 2770 prmvaluerunt?
1435 2700 1551 2756 Jam
1598 2701 1832 2756 diximus
1882 2720 1894 2756 :

301 2809 422 2849 cum
455 2793 814 2863 prmdicautur
843 2808 872 2847 a
900 2785 1004 2847 non
1035 2791 1362 2848 timentibus.
1392 2792 1528 2860 Quid
1561 2809 1666 2848 non
1694 2794 1894 2850 timens-

301 2885 480 2939 tibus?
508 2883 617 2939 Nec
641 2883 849 2951 exsilia,
881 2899 980 2940 nec
1005 2882 1220 2952 damna,
1241 2898 1340 2940 nec
1366 2893 1616 2952 mortem.
1641 2901 1744 2942 nec
1771 2900 1896 2941 cru-

300 2991 440 3032 cem.
467 2975 580 3030 Non
613 2976 753 3030 enim
786 2990 886 3031 nec
914 2984 1139 3031 mortem
1171 2974 1373 3041 solam;
1398 2975 1493 3031 sed
1531 2991 1630 3032 nec
1659 2992 1894 3045 crucem,

300 3084 402 3138 qua
447 3076 616 3122 morte
658 3065 792 3120 nihil
841 3066 1116 3121 videbatur
1145 3066 1550 3123 exsecrabilius.
1587 3067 1760 3138 Ipsam
1789 3068 1896 3122 Do-

301 3161 480 3215 minus
526 3159 779 3229 suscepit,
833 3174 901 3214 ue
941 3159 1191 3228 discipuli
1242 3160 1358 3229 ejus
1404 3169 1636 3216 mortem
1683 3161 1896 3231 quidem

303 3269 408 3307 non
460 3252 728 3318 timerent,
770 3249 864 3306 sed
909 3267 1008 3306 nec
1053 3267 1223 3323 genus
1268 3252 1459 3307 mortis
1501 3253 1894 3310 horrescerent.

301 3342 441 3412 Ergo
457 3358 487 3396 a
505 3357 607 3396 non
629 3342 934 3398 timentibus
946 3358 1065 3398 cum
1083 3342 1898 3413 dicunturhaec,praevaluerunt.

371 3434 464 3488 2|.
493 3431 643 3506 [vei-s.
677 3431 758 3505 7.]
782 3432 916 3500 Quid
947 3449 1074 3504 ergo
1101 3445 1302 3490 mortes
1329 3434 1435 3490 illae
1481 3437 1718 3492 omnium
1759 3453 1898 3492 mar-

301 3524 499 3596 tyrum,
537 3524 662 3595 quid
704 3523 981 3579 fecerunt?
1010 3523 1147 3580 Audi
1180 3543 1192 3578 :
1225 3524 1373 3580 Sicut
1425 3529 1710 3582 crassitudo
1751 3537 1898 3594 terra;

301 3616 533 3686 disrupta
559 3626 632 3670 est
656 3633 804 3685 super
835 3625 1040 3680 terram,
1084 3616 1334 3686 dissipata
1379 3617 1534 3672 sunt’
1550 3618 1709 3689 juxta
1739 3620 1898 3692 infer-

302 3727 422 3763 num
463 3708 578 3763 ossa
623 3718 813 3763 nostra.
853 3709 1009 3763 Juxta
1032 3706 1299 3766 infernum
1333 3709 1591 3782 dissipata
1621 3720 1746 3772 sunt
1775 3729 1895 3770 ossa

300 3809 618 3871 martyrum,
673 3798 724 3852 id
779 3809 859 3855 est
905 3813 1128 3869 corpora
1181 3801 1392 3854 testium
1455 3801 1671 3858 Christi.
1721 3802 1896 3862 Occisi

300 3900 423 3944 sunt
447 3891 588 3946 cnim
621 3899 903 3962 martyres,
939 3898 990 3943 et
1022 3889 1170 3960 quasi
1196 3891 1608 3959 prmvaluerunt
1632 3895 1723 3964 qui
1748 3896 1894 3950 occi-

300 3980 514 4036 derunt.
555 3980 951 4035 Pnuvaltlcruttt
990 3981 1062 4034 illi
1100 3981 1494 4052 persequendo,
1532 3993 1590 4038 ut
1639 3987 1898 4056 praevale-

300 4083 423 4129 rent
487 4073 646 4128 verba
695 4073 890 4128 Christi
959 4073 1313 4143 prirdicaudo.
1379 4075 1448 4130 Et
1491 4076 1617 4146 quid
1698 4078 1893 4136 factum

300 4174 383 4221 est
429 4167 496 4221 de
537 4165 800 4221 mortibus
850 4167 1196 4232 sanctorum?
1249 4167 1395 4221 Sicut
1423 4169 1707 4223 crassitudo
1748 4180 1896 4236 terra:

299 4258 535 4327 disrupta
590 4267 664 4313 est
717 4274 870 4328 super
925 4268 1148 4324 terram,
1199 4258 1443 4330 dissipata
1471 4269 1587 4314 sunt
1612 4263 1768 4331 juxta
1809 4264 1892 4317 in-

299 4351 501 4421 fernum
545 4367 658 4404 ossa
705 4361 896 4404 nostra.
922 4350 1058 4418 Quid
1103 4359 1222 4418 est,
1274 4352 1555 4407 crassitudo
1595 4363 1743 4409 terra:
1782 4356 1892 4414 dis,-

296 4440 452 4512 rupta
477 4449 549 4495 est
573 4458 724 4511 super
753 4444 976 4496 (errant?
999 4441 1257 4496 Novimus
1282 4444 1686 4502 crassitudinem
1711 4455 1889 4515 terrm,

297 4532 714 4605 contemptibilis
741 4549 963 4605 quaeque
988 4549 1125 4590 esse.
1149 4533 1279 4602 Qua:
1300 4537 1593 4608 suntquasi
1619 4547 1892 4612 cantuum.

297 4628 469 4683 tibilia
522 4627 859 4694 hominibus,
891 4627 1179 4683 fecundant
1224 4637 1420 4684 terram
1454 4628 1495 4684 ⁸.
1528 4629 1659 4686 Nam
1690 4631 1892 4688 dictum

299 4730 382 4777 est
411 4728 468 4777 et
499 4720 550 4774 in
582 4719 810 4790 quodam
845 4720 1048 4790 psalmo
1071 4720 1304 4789 jacuisse
1335 4730 1534 4777 mortes
1561 4731 1887 4792 sanctorum;

296 4824 350 4870 ct
376 4812 608 4875 nonfuit
635 4813 724 4884 qui
755 4812 1007 4883 sepeliret
1035 4814 1054 4882 (
1079 4812 1219 4868 Psal.
1250 4827 1453 4870 Lxxvm
1474 4857 1490 4882 ,
1519 4815 1553 4870 5
1574 4816 1617 4886 ).
1648 4815 1754 4873 Sed
1786 4818 1893 4875 illa:

296 4900 488 4964 Omnes
518 4917 714 4964 mortes
745 4906 896 4962 factae
923 4917 1044 4961 sunt
1070 4907 1366 4963 crassitudo
1399 4918 1574 4966 terrae.
1608 4909 1890 4978 Quomodo

295 5001 494 5076 accipit
519 5010 655 5055 terra
685 4999 969 5071 quamdam
1020 4999 1396 5071 pinguedinem
1445 5001 1513 5058 de
1555 5003 1718 5068 rebus
1755 5019 1888 5064 con-

296 5093 682 5164 temptibilibus
711 5103 765 5149 et
793 5092 1048 5163 abjectis;
1081 5093 1157 5148 sie
1186 5109 1249 5148 ex
1276 5109 1342 5150 eo
1387 5096 1531 5166 quod
1569 5099 1890 5169 contempsit

296 5177 387 5234 hic
435 5177 699 5244 numdus,
745 5178 950 5246 accepit
993 5177 1402 5234 crassitudinem
1445 5188 1581 5235 terra
1607 5222 1622 5246 ,
1665 5190 1723 5237 ut
1764 5181 1888 5240 inde

294 5283 453 5341 seges
479 5269 732 5326 Ecclesia:
755 5267 981 5324 feracius
1002 5269 1445 5337 pullularet._Jam
1470 5273 1655 5338 nostis,
1677 5271 1883 5345 fratres,

294 5362 422 5435 quia
451 5361 866 5431 contemptibilis
895 5369 1053 5416 terra:
1083 5361 1257 5432 hujus,
1281 5363 1349 5419 de
1370 5364 1560 5435 quibus
1588 5366 1887 5440 pinguescit

290 5464 441 5511 terra
462 5496 476 5520 ,
509 5469 608 5508 nec
636 5453 904 5524 appellare
929 5453 1050 5510 volo
1069 5495 1084 5519 ,
1115 5469 1212 5509 nec
1242 5455 1421 5512 dicere
1448 5456 1601 5514 decet
1626 5477 1636 5512 :
1671 5459 1785 5516 talis
1805 5470 1887 5532 est

288 5544 541 5620 quaedam
571 5544 751 5617 sagina
781 5553 934 5601 terrae
953 5585 970 5612 ,
1003 5554 1057 5601 et
1084 5546 1324 5617 quredam
1356 5549 1656 5620 pinguedo;
1685 5561 1738 5608 et
1759 5569 1885 5609 con-

361 5661 376 5691 ι
405 5658 602 5716 Quidam
634 5664 762 5717 Mss,
799 5655 989 5708 habeat.

358 5723 379 5753 ³
403 5721 476 5770 sic
492 5727 600 5771 Mss.
624 5719 734 5769 ΗΜ.
761 5733 897 5779 vero,
923 5718 1234 5772 ducebantur.

358 5785 378 5817 ⁸
402 5789 508 5846 Mss.
536 5783 844 5845 plerumque,
870 5782 1089 5846 dispersa
1110 5792 1234 5834 sunt.

355 5846 377 5878 ι
402 5844 592 5908 Aliquot
615 5844 959 5906 Mss.,’succum'
977 5844 1092 5894 dant
1116 5852 1274 5896 terrm.

1428 353 1824 411 ENARRATIO
1862 349 1926 408 IN
1965 348 2286 410 PSALMUM
2323 355 2478 412 CXL.

3466 379 3604 440 1850

2012 471 2414 564 temptibileiest
2440 475 2776 548 hominibus,
2809 490 2863 539 et
2888 487 3037 555 quasi
3064 489 3334 547 sordidum
3381 475 3498 564 est,
3539 495 3605 555 ‘et

2009 561 2272 632 abjicitur.
2305 563 2412 621 Sed
2433 563 2558 637 quid
2583 567 2708 624 fecit
2733 569 2853 641 hic,
2880 582 2941 630 ut
2962 575 3074 646 jam
3122 591 3176 637 et
3209 581 3376 654 ipsius
3424 561 3602 647 verbis

2009 656 2172 711 utar?
2195 657 2274 713 De
2302 667 2436 715 terra
2457 663 2628 721 erexit
2657 665 2858 736 inopem
2885 709 2899 734 ,
2928 679 2974 724 et
3001 672 3067 726 de
3104 682 3322 734 stercore
3351 683 3604 741 exaltavit

2010 763 2321 840 pauperem;
2349 761 2405 806 ut
2451 753 2738 813 collocaret
2792 773 2906 814 eum
2957 766 3416 840 cumprinciplbus
3441 813 3457 838 ,
3486 792 3603 831 cum

2008 837 2321 910 principibus
2346 844 2523 913 populi
2550 846 2630 901 sui
2660 846 2680 917 (
2704 846 2852 904 Psal.
2880 866 2986 907 cxn
3010 896 3026 922 ,
3057 837 3110 923 7,
3166 855 3199 912 8
3220 837 3602 928 ).7Prostratt.s

1992 929 2151 985 enim
2183 933 2341 987 estin
2372 941 2533 1004 terra;
2558 946 2804 1022 tauquam
2831 944 3098 1016 pinguedo
3127 957 3306 1020 terrae,
3329 954 3602 1029 disruptus

2008 1027 2100 1120 est
2115 1036 2275 1093 super
2305 1032 2500 1082 terram
2535 1045 2547 1082 :
2578 1029 2659 1088 sic
2692 1030 2859 1100 jacuit
2889 1034 2978 1092 ille
3019 1036 3253 1097 Lazarus
3298 1027 3596 1120 ulcerosus,

2007 1113 2101 1168 sed
2131 1123 2308 1176 tamen
2368 1119 2435 1174 ab
2464 1121 2686 1198 Angelis
2713 1125 2954 1183 sublatus
2983 1139 3068 1186 est
3095 1133 3146 1188 in
3170 1136 3344 1195 sinum
3369 1113 3600 1202 Abrahai

2009 1207 2028 1277 (
2056 1206 2185 1261 Luc.
2210 1225 2318 1278 xvi,
2343 1211 2510 1276 20-22
2531 1215 2571 1285 ).
2602 1213 2844 1273 Pretiosa
2875 1229 2958 1277 est
2987 1222 3040 1278 in
3065 1231 3356 1300 conspectu
3389 1236 3598 1296 Domini

2007 1314 2153 1355 mors
2177 1313 2484 1370 sanctorum
2529 1307 2644 1378 ejus
2692 1308 2883 1383 (Psal.
2916 1330 3038 1384 cxv,
3083 1317 3221 1394 15').
3276 1322 3425 1380 Sicut
3467 1345 3598 1386 con-

2010 1394 2320 1486 temptibilis
2343 1409 2431 1486 est
2457 1403 2672 1469 szeculo,
2701 1402 2769 1458 ita
2798 1409 3028 1477 pretiosa
3051 1423 3130 1478 est
3159 1415 3424 1486 agricolae.
3444 1419 3604 1481 Novit

2008 1477 2147 1579 enim
2181 1479 2248 1534 ibi
2283 1481 2560 1539 utilitatem
2593 1496 2645 1540 et
2677 1487 2894 1548 uberem
2924 1506 3142 1552 succum
3164 1477 3261 1564 ,νει
3290 1505 3437 1560 novit
3474 1477 3602 1579 quid

2007 1568 2218 1627 ail'cctet
2241 1574 2412 1667 ,Aquid
2443 1576 2632 1647 eligat,
2689 1580 2830 1648 unde
2860 1587 3229 1657 segesfertilis
3254 1606 3434 1667 surgat
3460 1568 3600 1659 {sed

2001 1663 2301 1763 ‘co‘ntemnit
2322 1680 2438 1726 eam
2463 1667 2562 1723 iste
2591 1671 2842 1728 mundus.
2869 1674 3100 1735 Nescitis
3127 1683 3249 1756 quia
3295 1663 3598 1763 contempti-

2010 1752 2131 1808 bilia
2160 1757 2339 1810 mundi
2365 1759 2511 1830 elegit
2537 1758 2680 1816 Deus
2706 1804 2720 1829 ,
2753 1773 2798 1818 et
2824 1782 2881 1819 ea
2905 1784 3018 1837 qum
3043 1752 3290 1844 nonsunt
3307 1820 3326 1847 ι,
3358 1752 3600 1854 tanquam

2007 1861 2122 1910 qua:
2147 1856 2267 1900 sunt
2291 1890 2304 1913 ,
2335 1858 2389 1902 ut
2419 1866 2478 1902 ea
2505 1868 2621 1922 qua:
2648 1864 2763 1908 sunt
2790 1871 3090 1914 evacuentur
3117 1862 3181 1934 (,l
3213 1864 3330 1920 Cor.
3363 1887 3400 1938 t,
3434 1849 3504 1928 έὸ
3577 1876 3601 1930 ?
3665 1905 3669 1908 ~

2009 1937 2084 1992 De
2112 1947 2348 1996 stercore
2371 1953 2580 2000 erectus
2609 1945 2797 2002 Petrus
2817 1991 2832 2014 ,
2864 1957 2915 2005 et
2947 1951 3141 2010 Paulus
3166 1973 3180 2024 ;
3210 1967 3264 2013 et
3292 1937 3412 2017 cum
3455 1937 3601 2024 occi-

2008 2027 2282 2100 derentur,
2313 2037 2794 2096 contemnebantur
2827 2058 2840 2094 :
2867 2044 3026 2100 modo
3047 2047 3156 2118 jam
3188 2055 3425 2123 saginata
3477 2060 3603 2120 inde

2009 2128 2189 2187 terra,
2223 2137 2544 2196 exsurgente
2596 2139 2779 2200 segete
2811 2131 3276 2204 _Ecclcsi;e,eece
3327 2149 3467 2218 quod
3519 2163 3602 2210 est

2008 2214 2184 2270 nobile
2211 2226 2263 2271 et
2287 2219 2610 2290 praecipuum
2636 2224 2687 2277 in
2717 2226 2916 2294 mundo
2939 2270 2952 2292 ,
3006 2230 3295 2303 imperator
3320 2214 3464 2298 venit
3488 2243 3598 2302 Ro-

2007 2321 2184 2374 mam;
2212 2324 2316 2379 quo
2346 2311 2605 2367 festinat?
2630 2315 2694 2371 ad
2725 2319 2978 2390 templum
3006 2321 3380 2400 Imperatoris,
3423 2339 3598 2395 an'ad

2005 2401 2318 2455 memoriam
2339 2402 2648 2461 Piscatoris?
2674 2407 2820 2463 Sicut
2845 2413 2988 2469 enim
3014 2403 3294 2476 crassitudo
3316 2433 3463 2481 terrm
3487 2429 3598 2490 dia-

2005 2501 2158 2563 rupta
2188 2503 2260 2548 est
2280 2511 2432 2566 super
2460 2507 2685 2567 terram,
2718 2501 2965 2574 dissipata
3010 2520 3126 2563 sunt
3163 2513 3319 2582 juxta
3344 2517 3600 2588 infernum

2004 2599 2119 2639 οδδα
2147 2596 2340 2642 ηοδτνα.

2075 2678 2164 2733 22.
2197 2679 2362 2752 [vers
2393 2683 2447 2739 8.
2472 2681 2491 2756 ]
2527 2685 2780 2753 Quoniam
2804 2689 2872 2742 ad
2902 2699 2950 2747 te
2972 2733 2987 2760 ,
3015 2690 3234 2756 Domine
3261 2739 3276 2766 ,
3302 2703 3436 2758 oculi
3453 2707 3549 2760 mei
3579 2724 3596 2762 :

2003 2770 2057 2823 iu
2085 2780 2130 2824 te
2155 2773 2377 2841 speravi;
2400 2790 2464 2828 ne
2487 2780 2690 2846 auferas
2717 2779 2938 2844 animum
2957 2799 3139 2842 meam.
3172 2787 3405 2855 cruciati
3429 2805 3556 2852 sunt
3579 2798 3595 2830 ¹

2004 2864 2146 2960 enim
2180 2866 2232 2960 in
2253 2869 2713 2960 persecutionibus
2734 2913 2750 2939 ,
2773 2881 2828 2928 et
2848 2874 3001 2931 multi
3023 2865 3356 2938 defeCerunt.
3382 2886 3451 2942 Et
3475 2890 3598 2960 quia

2005 2955 2070 3011 de
2097 2957 2401 3034 captivitate
2445 2963 2841 3043 persecutionis
2892 2964 3064 3034 dixit,
3123 2971 3269 3026 Sicut
3314 2955 3597 3042 crassitudo

1997 3057 2151 3143 terra:
2171 3051 2408 3121 disrupta
2437 3063 2510 3109 est
2549 3071 2702 3126 super
2727 3067 2912 3114 terram
2936 3101 2952 3126 ,
3007 3061 3253 3140 dissipata
3279 3079 3398 3123 sunt
3439 3073 3598 3143 juxta

2005 3141 2257 3210 infernum
2283 3161 2398 3198 ossa
2427 3156 2600 3200 nostra
2655 3164 2674 3201 :
2720 3151 2955 3206 occurrit
3000 3154 3195 3211 multos
3235 3141 3500 3220 defecisse
3543 3174 3599 3220 ct

2003 3232 2201 3310 multos
2228 3233 2552 3304 periclitatos
2579 3253 2726 3304 esse;
2755 3249 2810 3295 et
2839 3249 3086 3313 tanquam
3110 3246 3172 3314 in
3197 3249 3387 3308 mediis
3423 3229 3592 3311 tribu-

2003 3322 2289 3381 lationibus
2315 3330 2748 3397 persecutionum
2773 3333 2968 3389 emissa
2991 3347 3088 3400 est
3132 3355 3233 3396 vox
3280 3317 3593 3417 precantis,

2007 3414 2262 3481 Quoniam
2286 3419 2354 3474 ad
2383 3430 2429 3474 te
2451 3462 2466 3487 ,
2496 3421 2713 3480 Domine
2735 3467 2749 3492 ,
2789 3427 2926 3486 oculi
2971 3431 3092 3486 mei.
3145 3433 3258 3490 Non
3290 3453 3420 3495 curo
3469 3414 3596 3514 quid

2001 3508 2274 3603 minentur
2303 3512 2391 3582 qui
2413 3514 2782 3583 circumstant;
2806 3518 2892 3574 Ad
2917 3528 2964 3575 te
2987 3563 3003 3587 ,
3030 3521 3251 3586 Domine
3273 3569 3290 3594 ,
3320 3532 3457 3586 oculi
3477 3508 3594 3603 mei.

1992 3598 2253 3674 ,Plustigo
2275 3604 2487 3660 oculum
2517 3622 2694 3667 meum
2743 3609 2794 3664 in
2843 3615 3123 3682 promissis
3165 3620 3304 3689 tuis,
3333 3639 3490 3694 quam
3542 3598 3595 3684 iu

2004 3693 2162 3750 minis
2189 3710 2396 3752 eorum.
2430 3697 2563 3753 Novi
2592 3701 2717 3770 quid
2741 3718 2842 3772 .pro
2871 3720 2958 3760 me
2977 3723 3168 3779 passus
3183 3711 3287 3778 sis,
3315 3693 3439 3784 quid
3465 3718 3595 3774 mihi

2001 3787 2316 3856 promiseris
2347 3806 2358 3841 :
2391 3789 2474 3846 Ad
2501 3799 2548 3846 te
2571 3832 2584 3857 ,
2603 3791 2828 3854 Domine
2851 3799 3029 3861 ,oculi
3054 3801 3151 3852 mei
3181 3817 3200 3854 :
3221 3805 3278 3856 in
3307 3813 3354 3858 te
3372 3809 3594 3877 speraut';

2003 3895 2066 3932 ne
2088 3880 2290 3949 auferas
2318 3882 2539 3938 animant
2579 3900 2763 3940 meam.
2813 3941 2818 3948 λ

2074 3967 2163 4024 25.
2200 3969 2367 4042 [vers.
2398 3971 2450 4028 9.
2481 3969 2502 4046 ]
2551 3972 2761 4036 Custodi
2783 3993 2869 4038 me
2895 3994 2928 4030 a
2971 3981 3254 4053 muscipula
3297 4003 3449 4055 quam
3489 4001 3595 4058 δια-

2004 4070 2203 4116 luerunt
2221 4062 2362 4116 milii.
2391 4062 2519 4131 Qua:
2536 4075 2652 4124 erat
2673 4067 2994 4140 muscipula?
3013 4071 3067 4128 Si
3090 4079 3384 4146 censentis,
3408 4097 3591 4152 parco.

1993 4153 2060 4224 _ln
2111 4157 2399 4228 muscipula
2451 4159 2623 4229 posita
2657 4171 2738 4217 est
2766 4176 2887 4233 esca
2942 4166 3064 4232 vita:
3096 4167 3269 4241 hujus
3311 4176 3401 4232 :.si
3449 4189 3594 4240 amat

1999 4247 2112 4304 avis
2140 4248 2277 4305 haue
2304 4265 2502 4317 eseam,
2526 4251 2669 4308 cadit
2693 4254 2744 4308 in
2773 4258 3127 4328 muscipulam
3161 4264 3244 4320 :si
3271 4275 3449 4329 autem
3478 4275 3593 4330 avis

1997 4341 2119 4429 Italis
2145 4350 2226 4398 cst
2247 4351 2304 4397 ut
2328 4344 2500 4411 dicat,
2551 4343 2623 4404 Et
2650 4346 2784 4408 diem
2815 4350 3034 4416 bonum):
3059 4370 3160 4416 non
3183 4365 3452 4432 concupiui
3477 4407 3490 4429 ,
3537 4377 3594 4422 tu

1999 4433 2358 4508 scis(Jerem.
2390 4433 2705 4510 xvu,16);
2753 4443 2894 4510 oculi
2941 4444 3056 4516 ejus
3109 4464 3216 4508 non
3265 4456 3519 4513 recedent
3560 4478 3592 4516 a

1992 4528 2144 4595 ,Deo,
2193 4537 2248 4584 et
2291 4529 2410 4600 ipse
2437 4531 2633 4589 evellet
2679 4533 2747 4592 de
2791 4535 2990 4609 laqueo
3036 4541 3200 4612 pedes
3228 4546 3343 4615 ejus
3387 4549 3588 4620 (Psat.

1998 4637 2145 4690 xxxv,
2178 4623 2244 4678 15
2271 4625 2313 4694 ).
2345 4623 2554 4682 Custodi
2578 4644 2660 4684 me
2694 4646 2736 4686 .a
2779 4633 3064 4704 muscipula
3105 4654 3261 4707 quam
3305 4651 3590 4701 statuerunt

1997 4717 2123 4783 milii
2145 4757 2160 4781 ,
2191 4726 2238 4770 et
2263 4717 2326 4772 ab
2349 4720 2606 4776 scandatis
2632 4738 2806 4778 eorum
2835 4727 2922 4795 qui
2947 4738 3225 4797 aperantur
3249 4732 3586 4804 iniquitatem.

1997 4807 2143 4872 Duas
2164 4823 2250 4864 res
2269 4807 2434 4877 dixit,
2467 4811 2654 4869 ambas
2674 4812 2813 4876 inter
2831 4829 2890 4872 se
2915 4816 3314 4887 distinguendas
3338 4840 3353 4878 :
3389 4829 3588 4884 musci-

1991 4906 2177 4976 pulam
2205 4906 2457 4963 statuisse
2483 4918 2855 4978 persecutores
2881 4909 3044 4976 dixit.
3072 4915 3323 4972 scandala
3365 4935 3494 4976 vero
3517 4925 3586 4980 ab

1994 4999 2074 5055 eis
2099 4997 2186 5070 qui
2218 5009 2608 5054 consenserunt
2635 5007 2690 5055 et
2717 5008 3189 5072 apostataverunt;
3228 5015 3286 5064 et
3313 5024 3380 5066 ex
3418 5014 3584 5071 utris-

1993 5105 2098 5163 que
2125 5091 2234 5146 vult
2257 5106 2322 5147 se
2349 5090 2625 5150 custodiri.
2649 5089 2786 5147 Hinc
2827 5093 3058 5150 san-imit
3104 5097 3370 5158 minantes
3391 5143 3408 5172 ,
3456 5105 3585 5167 hinc

1987 5181 2242 5238 labuntur
2269 5182 2668 5238 consentientes
2694 5199 2706 5235 :
2741 5183 2902 5237 timeo
2929 5199 2999 5240 ne
3025 5187 3144 5242 talis
3168 5189 3240 5244 sit
3265 5191 3390 5260 iste,
3420 5211 3581 5267 quem

1992 5275 2245 5341 timeam;
2278 5288 2346 5329 ne
2375 5272 2496 5328 talis
2539 5273 2609 5328 sit
2662 5273 2800 5338 iste,
2853 5289 3012 5345 quem
3068 5277 3266 5336 imiter.
3315 5283 3442 5342 Haec
3485 5290 3582 5346 tibi

1991 5366 2162 5434 facio,
2191 5365 2238 5420 si
2284 5378 2390 5419 non
2440 5364 2817 5420 consenseris:
2873 5365 3084 5422 (λωτοάὶ
3127 5387 3212 5427 me
3237 5388 3270 5427 α
3295 5375 3583 5449 muscipula

1985 5476 2141 5532 quam
2164 5465 2445 5514 statuerunt
2469 5455 2614 5512 milii.
2641 5457 2781 5515 Ecce
2809 5458 2974 5516 frater
2991 5470 3111 5520 tuus
3132 5464 3243 5535 jam
3266 5472 3538 5528 consensit
3563 5491 3575 5527 :

1991 5554 2062 5609 Et
2083 5553 2145 5620 ab
2170 5550 2427 5607 scandulis
2455 5567 2628 5606 eorum
2651 5552 2737 5622 qui
2765 5565 3043 5624 operantur
3065 5558 3403 5629 iniquitatem.

2061 5645 2150 5699 εει,
2185 5643 2332 5715 [νενε.
2364 5642 2478 5716 10.]
2503 5643 2694 5698 Cadent
2720 5645 2773 5699 in
2800 5647 2927 5701 retia
2969 5650 3078 5720 ejus
3102 5662 3407 5722 peccatores.
3438 5657 3577 5724 Quid

1991 5747 2073 5793 est
2092 5752 2241 5804 ergo,
2275 5737 2483 5797 fratres,
2519 5735 2714 5792 Cadent
2742 5737 2792 5792 in
2824 5741 2946 5794 retia
2970 5741 3080 5812 ejus
3118 5750 3444 5815 peccatores?
3469 5750 3577 5811 Sed

2057 5853 2068 5882 ¹
2095 5848 2277 5911 Aliquot
2303 5855 2426 5908 Mss,
2454 5847 2638 5899 curvati
2658 5853 2781 5898 sunt.
