4084 6446
548 434 681 494 1851

547 565 654 606 non
683 556 869 603 omnes
889 544 1192 612 peccatores
1216 548 1229 586 :
1248 527 1458 598 quidam
1477 525 1804 618 peccatores,
1829 509 2114 618 qui—usque

548 657 614 698 eo
642 648 764 696 sunt
788 609 1109 706 peceatores,
1138 621 1294 678 utsic
1316 623 1493 672 ament
1517 613 1682 706 vitam
1696 609 1871 669 istam,
1905 609 2115 706 ut

550 688 930 800 ponant-illam
974 688 1104 770 vitae
1140 720 1383 772 aeterna,
1438 701 1630 759 cadent
1670 699 1722 752 in
1763 688 2117 800 muscipularn

547 787 682 890 eius.
709 813 813 870 Sed
839 809 962 883 quid
987 804 1155 863 dicis?
1184 803 1389 890 Putas,
1412 795 1498 851 isti
1525 793 1659 890 tales
1684 787 1882 890 cit-illiti:
1907 787 1958 890 il:
1985 787 2119 890 retia

547 872 661 978 si...
689 872 1004 971 ?'Sed'quid
1047 895 1116 951 de
1151 888 1423 961 discipulis
1449 884 1666 978 tuis-,o
1709 873 1957 978 Christe?
1983 872 2122 978 Ecce

548 973 668 1053 eum
697 994 928 1050 ferveret
951 985 1266 1060 persecutio,
1289 976 1499 1051 quando
1520 973 1839 1068 dimiserunt
1863 974 1913 1068 te
1932 975 2121 1068 omnes

549 1087 745 1151 solum,
777 1090 833 1138 et
853 1053 1027 1136 ierunt
1049 1072 1406 1142 unusquisque
1435 1067 1488 1120 in
1515 1079 1607 1119 sua
1636 1061 1654 1132 (
1679 1053 2118 1159 praedixisti-‘ho‘c,

550 1179 671 1250 quia
723 1170 1009 1246 praevidisti
1036 1186 1049 1222 :
1078 1180 1183 1221 non
1222 1162 1362 1217 enim
1388 1157 1510 1229 quia
1557 1163 1613 1209 tu
1631 1153 2121 1250 _pr:enuntiasti,.ttt

555 1234 744 1330 fecisti:
771 1272 863 1319 aut
906 1271 960 1315 tu
989 1261 1042 1314 in
1071 1267 1335 1328 quoquam
1363 1259 1416 1305 te
1443 1243 1681 1317 negasti)
1718 1259 1732 1296 :
1764 1239 1857 1296 sed
1895 1252 2018 1341 ecce
2046 1234 2122 1290 illi

553 1360 642 1430 qui
661 1356 752 1413 tibi
779 1351 1139 1414 coluerebant,
1166 1347 1218 1400 in
1246 1353 1332 1398 tua
1355 1339 1718 1430 tentationeet
1735 1339 2119 1430 persecutione,

554 1420 655 1520 qua
683 1456 734 1503 te
756 1441 953 1500 inimici
983 1435 1320 1508 requirebant
1337 1425 1774 1520 crucifigendum,
1791 1420 2120 1476 defecerunt.

556 1513 626 1595 ﬁt
651 1550 783 1592 unus
814 1533 899 1588 ille
919 1527 1089 1586 audax‘
1115 1524 1207 1597 qui
1232 1523 1324 1578 tibi
1354 1519 1669 1592 promiserat
1687 1513 1808 1584 quia
1839 1523 2009 1566 tecum
2037 1521 2124 1563 es-

556 1638 638 1687 set
679 1640 843 1697 usque
866 1624 932 1678 ad
960 1627 1207 1683 mortem,
1236 1613 1433 1670 audivit
1457 1609 1668 1681 quidem
1696 1622 1725 1662 a
1755 1603 1962 1660 medico
1991 1599 2118 1671 quid

556 1723 608 1778 iu
652 1735 710 1776 se
751 1723 995 1787 ageretur
1043 1717 1290 1781 aegrotus.
1343 1703 1596 1759 Febriens
1638 1697 1779 1755 enim
1829 1709 2015 1750 sanum

561 1781 811 1867 dixerat"
837 1822 852 1871 ;
881 1801 1056 1859 cordis
1075 1813 1262 1856 venam
1284 1795 1371 1852 ille
1397 1792 1664 1863 tangebat.
1695 1788 1919 1842 Ventum
1950 1793 2031 1840 est
2055 1781 2124 1838 ad

559 1897 923 1961 tentationem,
949 1899 1166 1948 ventum
1189 1896 1272 1944 est
1297 1885 1363 1940 ad
1391 1881 1772 1955 probationem,
1800 1884 2013 1932 ventum
2041 1882 2125 1930 est

558 1989 626 2045 ad
650 1985 1042 2044 accusationem
1065 1983 1085 2012 ²
1112 1997 1126 2045 ;
1153 1987 1208 2035 et
1227 1977 1336 2048 jam
1379 1976 1491 2044 ipse
1525 1973 1892 2039 interrogatus,
1930 1981 2034 2021 nou
2055 1964 2122 2019 ab

560 2081 736 2150 aliqua
787 2089 973 2148 magna
1002 2078 1281 2143 potestate,
1313 2064 1408 2122 sed
1445 2064 1511 2119 ab
1537 2062 1717 2117 intimo
1747 2057 2011 2150 mancipio
2031 2097 2045 2123 ,
2069 2064 2123 2112 et

561 2149 662 2226 hoc
687 2169 903 2232 femina,
933 2165 999 2220 ab
1020 2161 1209 2218 ancilla
1236 2160 1587 2226 interrogatus
1616 2151 1907 2208 succubuit.
1954 2149 2126 2220 Nega-

559 2264 633 2317 vit
657 2271 756 2318 ter.
779 2258 955 2316 Semel
981 2263 1188 2326 negato,
1216 2266 1337 2308 eum
1368 2254 1768 2312 memoraretur,
1795 2242 2005 2314 negavit
2024 2242 2123 2296 ite-

560 2371 676 2411 rum
704 2374 716 2408 :
746 2353 827 2408 bis
853 2358 1040 2420 negato
1060 2389 1074 2415 ,
1105 2361 1226 2402 cum
1265 2348 1664 2404 memoraretur,
1709 2337 1918 2407 negavit
1947 2334 2122 2390 tertio.

560 2449 672 2505 Hoc
695 2445 1008 2517 praedixerat
1045 2438 1296 2495 Dominu$
1319 2453 1332 2501 ;
1356 2449 1462 2490 non
1504 2438 1847 2502 praeceperat,
1875 2443 1978 2483 non
2008 2441 2127 2482 coe-

560 2548 726 2611 gerat.
760 2539 866 2593 Aut
892 2536 934 2589 si
963 2543 1240 2606 propterea
1282 2536 1493 2598 putatur
1521 2526 1708 2580 Petrus
1737 2531 1882 2578 recte
1906 2520 2117 2585 fecisse,

561 2631 682 2700 quia
724 2629 824 2682 hoc
867 2624 1179 2696 prardixerat
1230 2620 1514 2682 Dominus;
1546 2624 1690 2672 recte
1734 2614 1859 2670 fecit
1887 2621 1940 2668 et
1965 2611 2128 2667 Judas

563 2722 654 2792 qui
693 2717 906 2774 tradidit
942 2730 1081 2779 eum,
1112 2713 1228 2783 quia
1271 2719 1324 2765 et
1353 2709 1454 2764 hoc
1500 2705 1814 2776 praedixerat
1851 2703 2125 2758 Dominus.

564 2810 751 2873 Absit,
798 2807 985 2862 fratres
1024 2803 1126 2858 mei
1157 2819 1170 2868 ;
1201 2801 1313 2854 hzec
1341 2815 1441 2853 vox
1472 2797 1679 2851 illorum
1709 2796 1997 2851 electorum
2023 2801 2126 2858 est,

565 2899 830 2972 quietiam
872 2903 1083 2966 peccata
1123 2908 1216 2947 sua
1258 2889 1544 2945 defendunt
1574 2887 1746 2958 potius
1773 2900 1928 2955 quam
1955 2884 2127 2939 faten-

565 3000 670 3045 tur.
704 2988 916 3042 Petrum
943 2985 1110 3054 ipsum
1137 2984 1310 3052 potius
1329 2977 1680 3034 attendamus.
1705 2976 1761 3032 Si
1791 2975 1918 3030 nihil
1938 2989 2129 3046 pecea-

567 3083 661 3147 vit,
690 3095 852 3151 quare
891 3075 1077 3133 tlevit?
1121 3074 1235 3129 Non
1277 3073 1662 3141 interrogemus
1689 3068 1757 3124 de
1804 3068 1960 3123 Petro
1983 3109 1998 3133 ,
2029 3065 2129 3121 nisi

565 3177 824 3247 lacrymas
867 3171 1006 3228 Petri
1041 3187 1054 3224 :
1085 3167 1348 3223 fideliores
1377 3174 1540 3220 testes
1569 3163 1637 3219 de
1665 3162 1755 3217 illo
1783 3176 1887 3216 non
1920 3159 2128 3214 inveni-

565 3282 702 3322 mus.
729 3264 887 3318 Flevit
916 3277 1086 3316 amare
1108 3302 1122 3327 ,
1151 3260 1315 3329 inquit
1343 3256 1552 3328 (Matth.
1576 3270 1720 3318 xxvi,
1745 3252 1950 3321 51-75).
1983 3249 2129 3304 Non-

565 3357 690 3416 dum
720 3355 938 3410 idoneus
959 3361 1070 3407 erat
1099 3349 1329 3421 passioni
1356 3366 1368 3401 :
1395 3346 1630 3416 Sequeris
1659 3360 1736 3397 me
1761 3351 1929 3412 postea
1951 3339 2128 3412 (Joan.

567 3467 678 3517 xm,
712 3449 804 3517 '56)
825 3489 838 3509 .
862 3448 933 3501 illi
963 3445 1156 3500 dictum
1183 3450 1316 3498 erat.
1340 3440 1524 3496 Adhuc
1547 3439 1753 3493 futurus
1776 3443 1890 3491 erat
1924 3433 2127 3498 ﬁrmus,

567 3540 906 3596 conﬁrmatus
936 3533 1142 3589 Domini
1168 3530 1573 3587 resurrectione.

637 3632 728 3689 ‘25.
763 3631 898 3699 Ergo
939 3625 1170 3682 nondum
1197 3631 1313 3679 erat
1355 3632 1582 3691 tempus,
1613 3626 1671 3673 ut
1706 3616 2133 3686 dispergerentur

569 3723 659 3780 illa
686 3736 802 3776 ossa
820 3720 966 3791 juxta
991 3715 1272 3772 infernum.
1295 3711 1427 3768 Nam
1454 3709 1625 3766 videte
1663 3723 1819 3779 quam
1850 3706 1999 3761 multi
2034 3705 2129 3761 dc-

570 3815 832 3877 fecerunt,
889 3823 1054 3879 usque
1084 3806 1150 3862 ad
1179 3807 1321 3877 ipsos
1352 3804 1550 3875 primos
1579 3801 1843 3856 haerentes
1867 3798 1947 3854 ori
1975 3797 2128 3870 ejus;

570 3908 727 3962 etiam
764 3903 869 3974 ipsi
921 3899 1246 3956 defecerunt.
1307 3896 1480 3964 Quare
1531 3893 1668 3949 hoc?
1715 3892 2000 3964 Singularis
2043 3906 2132 3962 ego

569 4015 701 4064 sum,
743 3996 898 4050 donec
939 4003 1209 4047 transeam.
1243 3989 1355 4045 Hoc
1381 3989 1520 4044 enim
1552 3986 1786 4056 sequitur
1815 3986 1866 4039 in
1898 3984 2128 4039 Psalmo.

570 4089 740 4158 Supra
764 4085 987 4148 dixerat,
1017 4078 1221 4137 Custodi
1241 4096 1337 4145 me,
1370 4078 1603 4143 Domine,
1626 4093 1657 4130 a
1678 4076 1955 4145 muscipula
1980 4092 2133 4146 quant

572 4185 845 4235 statuerunt
872 4175 991 4228 mihi
1019 4215 1033 4241 ,
1062 4181 1107 4227 et
1135 4172 1196 4227 ab
1223 4170 1474 4227 scandulis
1495 4170 1580 4240 qui
1605 4177 1874 4240 operantur
1896 4169 2136 4238 iniquita-

577 4280 694 4322 tem.
729 4267 770 4319 Α
808 4265 1117 4334 muscipula,
1150 4270 1196 4316 et
1240 4262 1302 4316 ab
1331 4259 1625 4326 scandatis;
1655 4269 1708 4315 et
1733 4274 1761 4314 a
1791 4259 2133 4325 terrentibus,

574 4367 630 4414 et
653 4373 682 4412 a
705 4356 882 4425 lapsis.
910 4353 1012 4410 Sed
1038 4354 1158 4422 quia
1185 4354 1235 4408 in
1265 4353 1379 4422 ejus
1398 4351 1645 4422 passione
1671 4354 1827 4404 etiam
1854 4350 1929 4405 illi
1959 4349 2134 4418 primi,

575 4449 664 4520 qui
704 4445 860 4500 futuri
891 4452 1042 4499 erant
1084 4442 1247 4498 duces
1287 4443 1535 4497 Ecclesia:
1563 4450 1619 4497 et
1657 4441 1915 4496 columna:
1959 4451 2135 4505 terrm,

577 4538 920 4602 deiecerunt;
963 4533 1196 4590 nondum
1242 4533 1433 4588 factum
1476 4541 1591 4587 erat
1638 4533 1777 4602 quod
1828 4533 1902 4585 ait
1942 4532 1995 4585 in
2034 4531 2140 4584 alio

578 4629 804 4701 psalmo.
854 4626 962 4697 Ego
989 4623 1282 4693 conﬁrmavi
1309 4623 1567 4678 columnas
1612 4625 1720 4687 eius
1747 4620 1914 4691 (Psal.
1960 4636 2138 4688 Lxxw,

579 4725 670 4793 ι).
701 4719 836 4789 Quid
883 4719 976 4784 ait,
1035 4714 1322 4787 Singularis
1370 4731 1459 4786 ego
1496 4730 1626 4780 sum,
1658 4714 1813 4768 donec
1853 4713 2143 4768 transeant?

584 4815 708 4870 Haec
734 4828 831 4867 vox
859 4827 922 4866 ex
949 4823 1171 4880 persona
1200 4807 1385 4878 capitis
1409 4848 1423 4874 ,
1457 4806 1742 4877 Singularis
1771 4823 1859 4877 ego
1887 4823 2017 4870 sum,
2045 4806 2141 4860 do-

581 4921 670 4960 nec
697 4914 965 4957 transeam.
998 4898 1131 4968 Quid
1174 4908 1254 4953 est
1278 4939 1293 4965 ,
1335 4897 1651 4969 singularis?
1703 4896 1755 4950 In
1807 4895 2049 4965 passione
2088 4903 2144 4949 tu

581 4995 728 5051 solus
755 4992 970 5063 pateris,
1003 4999 1056 5043 tu
1082 4988 1226 5043 solus
1248 4986 1506 5042 occideris
1531 4986 1598 5041 ab
1623 4984 1867 5040 inimicis.
1900 4983 2146 5054 Singula-

582 5090 652 5143 ris
677 5104 764 5159 ego
792 5102 919 5152 sum,
944 5084 1099 5137 donec
1129 5091 1396 5136 transeam.
1420 5079 1556 5146 Quid
1577 5089 1675 5144 est,
1698 5079 1852 5132 donec
1867 5076 2148 5130 transeam?

585 5177 916 5246 Evangelista
943 5173 1106 5228 dicit:
1155 5171 1279 5225 Cum
1320 5180 1485 5223 autem
1527 5170 1732 5224 venisset
1761 5170 1884 5222 liora
1909 5177 1962 5221 ut
1997 5166 2147 5221 Jcsus

585 5269 817 5324 transiret
856 5269 916 5321 de
945 5267 1036 5320 hoc
1069 5265 1253 5319 mundo
1300 5265 1366 5317 ad
1404 5263 1610 5317 Patrem
1653 5261 1844 5332 (Joan.
1892 5277 2004 5324 xui,
2054 5261 2146 5330 1).

585 5362 721 5431 Quid
752 5369 836 5416 est
861 5374 1009 5429 ergo,
1033 5360 1186 5414 donec
1212 5369 1483 5423 transeant,
1515 5357 1635 5422 nisi,
1662 5356 1723 5408 de
1762 5357 1852 5409 hoc
1875 5355 2060 5408 mundo
2083 5355 2150 5406 ad

590 5454 840 5514 Patrem?
869 5452 1016 5506 Tunc
1039 5451 1178 5505 enim
1210 5450 1515 5504 confirmavi
1540 5448 1811 5503 columnas
1836 5448 1969 5517 ejus,
1997 5446 2045 5501 id
2072 5455 2152 5501 est

589 5548 864 5604 columnas
891 5550 1047 5597 terra:
1069 5581 1082 5605 ,
1113 5540 1322 5609 quando
1349 5540 1398 5593 in
1429 5555 1542 5593 mea
1587 5539 1972 5593 resurrectione
2001 5538 2153 5606 plane

651 5703 666 5732 ι
689 5706 763 5747 Er.
789 5696 937 5767 Lugd.
960 5702 1076 5743 Ven.
1102 5693 1442 5767 sicexhibent
1462 5693 1587 5767 hunc
1634 5691 1786 5740 locum
1825 5707 1834 5741 :
1878 5697 2095 5755 ageretur
2136 5706 2152 5742 :

590 5765 794 5826 agrotus
816 5756 1019 5820 febriens
1036 5768 1085 5805 se
1107 5756 1231 5804 enim
1251 5756 1459 5802 dixerat.
1490 5762 1540 5800 at.
1660 5812 1668 5820 _

650 5825 669 5854 ε
694 5814 907 5870 Nonnulli
923 5818 1084 5883 proba:
1103 5825 1227 5867 nota:
1251 5823 1375 5876 Mss,
1403 5816 1467 5864 ad
1491 5827 1816 5864 accessionem.

1739 403 1796 456 S.
1839 385 2203 452 AUGUSTINI
2243 387 2537 447 EPISCOPI

3662 402 3819 461 I832

2223 503 2523 561 didicerunt
2566 518 2789 564 mortem
2829 525 2938 574 non,
2963 525 3081 568 esse
3115 513 3400 570 timendam
3424 555 3440 582 ,
3474 514 3652 571 Donec
3672 530 3819 589 ergo

2225 605 2474 651 transeam
2499 638 2513 664 ,
2544 601 2815 670 singularis
2855 619 3009 658 sum:
3059 619 3180 660 cum
3219 607 3504 675 transiero,
3547 610 3818 680 multipli-

2225 687 2419 754 cabor;
2467 689 2617 744 multi
2647 706 2732 747 me
2775 693 3116 750 imitabuntur
3141 737 3156 761 ,
3200 698 3352 753 multi
3400 699 3668 769 patientur
3704 717 3820 772 pro

2224 778 2439 835 nomine
2455 795 2593 837 meo.
2612 782 2758 839 Unus
2782 800 2880 855 ego
2903 801 3020 841 sum
3049 786 3220 844 donec
3244 797 3508 846 transeam
3533 808 3548 858 ;
3579 793 3738 848 multi
3757 801 3822 849 in

2226 886 2314 928 me
2331 888 2464 928 unus
2480 874 2768 931 eruntdum
2781 880 3062 934 transiero.
3082 879 3369 952 Singularis
3389 899 3479 954 ego
3490 901 3625 948 sum,
3643 886 3820 940 donec

2171 999 2204 1008 -
2229 972 2499 1019 transeam.
2544 965 2738 1022 Audite
2756 968 2913 1023 etiam
2938 971 3248 1041 mysterium
3274 972 3418 1027 verbi
3443 974 3578 1042 ejus.
3600 974 3820 1032 Securi.

2228 1054 2352 1108 dum
2373 1070 2600 1124 graecam
2633 1057 2974 1125 locutionem,
3008 1061 3211 1118 Pascha
3256 1063 3464 1120 videtur
3493 1067 3820 1136 passionem

2227 1145 2560 1216 signiﬁcare;
2593 1155 2788 1218 πάσχειν
2809 1151 2948 1205 enim
2979 1153 3085 1221 pati
3115 1152 3309 1209 dicitur
3341 1171 3354 1207 :
3380 1157 3680 1212 secundum
3712 1158 3820 1214 he-

2228 1235 2423 1292 brznam
2451 1246 2626 1294 autem
2652 1240 2907 1310 linguam,
2927 1242 3062 1297 sicut
3082 1243 3410 1314 interpretati
3440 1255 3566 1302 sunt
3589 1249 3688 1319 qui
3713 1264 3824 1303 no-

2228 1338 2437 1393 verunt,
2485 1328 2686 1385 Pascha
2737 1330 3014 1387 Transitus
3059 1333 3455 1405 interpretatur.
3499 1337 3636 1393 Nam
3667 1347 3727 1395 et
3773 1341 3824 1396 si

2229 1419 2566 1492 interrogetis
2611 1423 2748 1480 bene
2787 1424 3035 1493 Graicos,
3065 1437 3260 1499 negant
3285 1445 3514 1500 grtecum
3553 1448 3684 1488 esse
3716 1433 3824 1488 Pa-

2228 1511 2376 1567 scha.
2403 1513 2568 1569 Sonat
2597 1514 2665 1568 ibi
2704 1516 2916 1586 quidem
2965 1525 3181 1587 πάσχειν,
3214 1520 3266 1575 id
3305 1530 3386 1576 est
3411 1523 3540 1592 pati,
3571 1523 3676 1579 sed
3706 1540 3824 1580 non

2229 1601 2366 1658 solet
2393 1604 2470 1659 sic
2505 1603 2713 1660 deﬂecti
2742 1623 2756 1660 :
2801 1608 2977 1678 passio
3011 1609 3153 1664 enim
3199 1619 3340 1672 πάθος
3364 1627 3536 1682 graece
3584 1613 3821 1677 dicitur,

2228 1711 2335 1751 non
2368 1697 2581 1767 pascha.
2606 1699 2744 1771 Ergo
2773 1700 2996 1769 Pascha,
3028 1702 3164 1758 sicut
3190 1702 3371 1759 dicunt
3395 1707 3485 1775 qui
3509 1715 3820 1772 noverunt,

2230 1797 2284 1844 et
2305 1789 2393 1859 qui
2421 1790 2572 1846 nobis
2595 1792 2735 1861 quod
2762 1793 3060 1863 legeremus
3081 1795 3408 1866 interpretati
3428 1807 3572 1863 sunt,
3607 1799 3824 1853 transi-

2231 1892 2315 1938 tus
2337 1884 2729 1955 interpretatur.
2753 1886 2876 1942 ]deo
2905 1897 3124 1943 ventura
3154 1891 3399 1959 passione
3426 1891 3669 1959 Domini,
3702 1902 3825 1948 tan-

2233 1990 2388 2044 quam
2421 1977 2535 2046 ipso
2557 1976 2718 2031 verbo
2746 1979 3052 2047 loqueretur
3076 1980 3410 2050 Evangelista
3449 2000 3461 2037 :
3491 1982 3624 2038 Cum
3649 1987 3826 2040 venis-

2231 2077 2337 2134 set,
2368 2069 2537 2138 inquit
2563 2111 2578 2136 ,
2612 2070 2737 2124 liora
2765 2078 2819 2123 ut
2867 2073 3100 2127 transiret
3127 2071 3276 2127 Iesus
3303 2075 3366 2127 de
3393 2075 3485 2128 hoc
3519 2077 3723 2130 mundo
3754 2080 3828 2131 ad

2233 2158 2458 2216 Patrem.
2489 2161 2691 2216 Pascha
2720 2161 2803 2216 hic
2830 2177 2960 2233 ergo
2987 2164 3159 2218 sonuit
3188 2164 3240 2218 in
3263 2163 3364 2219 hoc
3392 2180 3570 2231 versu,
3607 2167 3830 2238 Singu-

2234 2251 2354 2306 laris
2383 2268 2472 2321 ego
2509 2269 2640 2317 sum,
2684 2253 2838 2308 donec
2876 2264 3143 2310 transeam.
3175 2256 3300 2310 Post
3339 2257 3539 2312 Pascha
3565 2258 3688 2327 jam
3716 2275 3827 2316 non

2233 2357 2326 2398 ero
2372 2343 2673 2414 singularis,
2726 2355 2842 2416 post
2889 2348 3166 2402 transitum
3198 2364 3303 2405 non
3352 2364 3444 2406 ero
3494 2351 3824 2422 singularis.

2232 2433 2378 2489 Multi
2407 2435 2784 2505 imitabuntur,
2814 2439 2963 2495 multi
3002 2452 3392 2512 consequentur
3426 2461 3438 2496 :
3468 2453 3523 2499 et
3551 2446 3596 2499 si
3629 2457 3830 2515 postea

2234 2537 2538 2597 sequentur,
2562 2529 2686 2599 quid
2712 2531 2811 2585 erit
2831 2533 2852 2582 ?
2876 2531 3163 2604 Singularis
3185 2550 3276 2605 ego
3293 2551 3423 2599 sum,
3452 2536 3615 2590 donec
3649 2547 3830 2592 trans-

2235 2634 2363 2672 eam.
2389 2619 2522 2687 Quid
2549 2629 2628 2675 est
2655 2621 2794 2692 quod
2824 2621 3076 2678 Dominus
3111 2623 3188 2678 ait
3211 2624 3262 2678 in
3293 2624 3394 2680 hoc
3427 2626 3663 2696 psalmo,
3701 2627 3831 2684 Sin-

2233 2709 2424 2779 gularis
2461 2726 2550 2780 ego
2568 2727 2676 2764 sum
2705 2712 2859 2765 donec
2897 2720 3146 2767 transeant
3167 2715 3192 2768 Ρ
3216 2715 3338 2785 quid
3365 2724 3446 2771 est
3472 2717 3616 2788 quod
3647 2734 3827 2788 expo-

2237 2800 2477 2854 suimus?
2527 2801 2580 2856 Si
2625 2802 3019 2869 intelleximus,
3075 2805 3289 2861 attende
3337 2806 3502 2877 ipsius
3540 2807 3722 2864 verba
3775 2810 3828 2865 in

2241 2889 2556 2959 Evangelio:
2586 2892 2762 2958 Amen,
2785 2909 2930 2949 amen
2947 2895 3058 2948 dico
3083 2896 3235 2965 vobis,
3257 2896 3443 2968 inquit,
3473 2899 3573 2954 nisi
3591 2916 3828 2971 granum

2240 2979 2479 3048 frumenti
2514 2982 2699 3036 cadens
2741 2983 2793 3037 in
2823 2995 3006 3038 terram
3035 2996 3285 3041 mortuum
3333 2990 3503 3059 fuerit,
3533 2991 3720 3060 ipsum
3745 3008 3830 3046 so-

2238 3073 2341 3125 lum
2372 3081 2536 3127 manet
2557 3090 2577 3139 ;
2600 3075 2644 3128 si
2669 3085 2837 3130 autem
2865 3088 3117 3132 mortuum
3139 3080 3312 3150 fuerit,
3340 3082 3554 3136 multum
3585 3087 3827 3154 fructum

2234 3162 2401 3229 affert.
2436 3164 2544 3220 [loc
2591 3166 2661 3221 ibi
2711 3168 2804 3234 ait,
2854 3168 2943 3224 ubi
2979 3171 3136 3225 etiam
3182 3171 3354 3227 dixit:
3384 3173 3506 3230 Cum
3555 3176 3827 3231 exaltatum

2235 3258 2377 3325 fuero
2398 3272 2429 3309 a
2450 3266 2598 3323 terra,
2629 3260 2797 3312 omnia
2820 3261 3016 3314 traham
3034 3262 3102 3314 ad
3120 3263 3362 3333 meipsum
3389 3262 3568 3336 (Joan.
3593 3281 3702 3333 ιιι,
3731 3267 3823 3334 ιιι,

2232 3347 2324 3414 95,
2353 3349 2474 3420 52),
2508 3348 2626 3405 Nisi
2649 3367 2863 3422 granum
2890 3355 3160 3424 frumenti,
3194 3355 3381 3426 inquit,
3412 3359 3596 3413 cadens
3625 3360 3695 3413 in
3723 3371 3824 3414 ter—

2235 3459 2345 3496 ram
2371 3452 2619 3497 mortuum
2637 3446 2806 3515 fuerit,
2825 3446 2989 3517 ipsum
3013 3448 3176 3501 solum
3197 3457 3396 3513 manet;
3419 3450 3462 3504 si
3476 3458 3656 3505 autem
3686 3468 3824 3506 mor-

2235 3543 2376 3587 tuum
2409 3535 2580 3604 fuerit,
2613 3537 2824 3590 multum
2873 3541 3095 3607 fructum
3118 3537 3286 3605 aﬂert.
3324 3538 3464 3611 Ergo
3515 3541 3592 3596 illi
3645 3559 3822 3611 grano

2236 3627 2397 3681 multa
2425 3643 2577 3698 seges
2605 3628 2894 3684 debebatur

2236 3720 2406 3775 adhuc
2434 3738 2447 3786 ;
2473 3721 2593 3791 quia
2629 3736 2850 3792 granum
2876 3722 2976 3777 nisi
3003 3722 3053 3778 in
3089 3733 3280 3779 terram
3297 3723 3548 3781 ceciderit
3574 3735 3630 3782 et
3667 3744 3821 3783 mor.

2237 3810 2490 3866 tilicatum
2513 3809 2683 3877 fuerit,
2715 3811 2884 3868 solum
2914 3823 3169 3870 remanet.

2949 3649 2962 3686 :
3004 3630 3100 3687 sed
3130 3641 3398 3702 exspecta,
3452 3634 3821 3692 mortiﬁcetur

2308 3903 2396 3958 26.
2427 3904 2564 3974 Ergo
2588 3903 2733 3958 solus
2757 3912 2891 3970 erat,
2935 3916 3215 3975 antequam
3258 3916 3398 3962 esset
3435 3907 3818 3965 mortificatus.

2239 3994 2520 4064 Propterea
2549 4003 2603 4050 et
2625 3995 2810 4050 Petrus
2834 3996 3065 4051 nondum
3096 3996 3322 4053 habebat
3348 3999 3478 4053 tales
3505 3999 3650 4054 vires
3685 4018 3699 4052 :
3733 4016 3818 4056 aco

2238 4097 2488 4156 cepturus
2524 4095 2638 4142 erat
2680 4086 2820 4141 vires
2858 4087 3134 4157 sequendi,
3188 4104 3292 4143 non
3342 4089 3570 4144 habebat
3618 4107 3821 4160 praece-

2239 4176 2422 4231 dendi.
2454 4177 2676 4246 Propter
2703 4174 2969 4231 Christum
3011 4179 3174 4244 enim,
3223 4179 3271 4233 id
3305 4189 3404 4243 est,
3437 4189 3658 4250 pr0pter
3691 4197 3820 4236 con-

2240 4267 2522 4323 fessionem
2566 4268 2794 4324 nominis
2842 4269 3055 4334 Christi,
3114 4285 3219 4340 quo
3263 4269 3533 4326 christiani
3585 4286 3820 4338 sumus,

2242 4374 2400 4414 nemo
2429 4368 2667 4414 mortuus
2696 4369 2778 4415 est
2804 4369 2926 4416 ante
2949 4360 3214 4416 Christum
3249 4379 3260 4415 :
3294 4377 3360 4416 ne
3386 4364 3519 4416 forte
3565 4375 3820 4420 occurrat

2241 4449 2391 4504 vobis
2415 4450 2454 4502 ¹.
2486 4449 2631 4504 Multi
2671 4450 2813 4505 enim
2854 4452 3048 4505 mortui
3101 4462 3221 4506 sunt
3264 4461 3318 4507 et
3359 4461 3626 4524 martyres
3670 4464 3813 4518 sunt,

2243 4539 2394 4594 multi
2423 4539 2698 4610 Propheta:
2722 4540 2845 4595 talia
2868 4541 3007 4611 passi
3035 4551 3191 4607 sunt;
3219 4557 3322 4597 non
3347 4551 3523 4600 tamen
3551 4543 3679 4601 ideo
3699 4560 3817 4600 mo-

2243 4631 2546 4696 riebantur,
2597 4632 2718 4702 quia
2763 4632 3185 4704 praenuntiabant
3227 4633 3513 4704 Christum,
3567 4637 3667 4691 sed
3696 4637 3816 4707 quia

2246 4732 2455 4792 peccata
2485 4723 2754 4777 hominum
2783 4723 3027 4778 dicebant
3051 4724 3104 4778 in
3127 4739 3241 4792 eos,
3268 4734 3321 4779 et
3356 4741 3537 4782 eorum
3566 4727 3817 4798 iniquita-

2246 4816 2386 4870 tibus
2412 4815 2626 4871 liberius
2643 4815 2959 4872 resistebant
2983 4834 2996 4870 :
3018 4827 3074 4872 et
3093 4815 3350 4873 habentur
3370 4820 3508 4874 inter
3528 4833 3814 4894 martyres.

2247 4907 2396 4963 Juste
2429 4909 2622 4964 etenim
2659 4911 2829 4964 sinon
2861 4925 2955 4980 pro
2981 4911 3207 4966 nominis
3231 4910 3423 4967 Christi
3445 4912 3810 4976 confessione.

2249 5011 2425 5057 tamen
2457 5016 2552 5070 pro
2579 5002 2798 5057 veritate
2820 5003 2977 5057 occisi
3003 5011 3144 5057 sunt.
3175 5002 3352 5074 Usque
3371 5004 3505 5060 adeo
3522 5015 3700 5060 autem
3725 5019 3820 5076 pro

2252 5095 2368 5164 ipso
2392 5094 2624 5156 nomine,
2651 5093 2700 5148 id
2727 5104 2827 5159 est,
2868 5109 2962 5165 pro
2989 5094 3323 5152 confessione
3363 5098 3595 5152 nominis
3618 5097 3816 5154 Christi

2251 5198 2410 5238 nemo
2450 5193 2685 5239 mortuus
2714 5193 2813 5248 est,
2865 5193 3142 5256 antequam
3169 5201 3388 5254 granum
3439 5187 3563 5242 illud
3603 5187 3819 5242 caderet

2255 5278 2305 5330 in
2337 5285 2551 5342 terram,
2594 5276 2745 5346 cujus
2768 5291 2830 5330 ex
2871 5291 3093 5347 persona
3132 5277 3329 5332 dictum
3373 5287 3476 5344 est,
3531 5277 3816 5348 Singularis

2255 5390 2344 5445 ego
2369 5390 2498 5437 sunt,
2532 5373 2688 5425 donec
2716 5382 2964 5426 transeam
2989 5414 3003 5438 ,
3035 5380 3092 5427 ut
3119 5382 3172 5426 et
3199 5371 3312 5442 ipse
3334 5372 3582 5435 Joannes,
3611 5371 3700 5440 qui
3728 5385 3815 5424 re-

2256 5482 2382 5522 cens
2413 5468 2715 5522 interfectus
2752 5474 2887 5531 erat,
2931 5465 2996 5519 ab
3027 5465 3204 5533 iniquo
3230 5479 3352 5534 rege
3377 5462 3602 5518 donatus
3631 5460 3818 5532 puellis

2258 5557 2525 5622 saltatrici,
2552 5573 2654 5611 non
2689 5565 2901 5626 propter
2940 5554 3038 5609 hoc
3065 5554 3270 5608 occisus
3292 5553 3378 5618 sit,
3408 5553 3528 5622 quia
3549 5550 3817 5605 confessus

2258 5662 2338 5707 est
2366 5651 2651 5706 Christum.
2686 5650 2857 5703 Potuit
2904 5649 3080 5717 utique
3104 5657 3157 5700 et
3187 5645 3308 5701 inde
3336 5645 3535 5710 occidi,
3564 5653 3614 5700 et
3643 5643 3746 5698 hoc
3787 5657 3814 5697 ει

2326 5793 2340 5822 ι
2368 5797 2439 5838 Er.
2467 5796 2581 5852 Lug.
2609 5797 2723 5837 \‘en.
2748 5795 2797 5836 et
2819 5793 2948 5845 Lov.,
2974 5784 3120 5836 nobis.
3147 5791 3200 5834 Μ.
