4084 6444
325 365 466 432 1855

322 477 523 538 multis.
557 479 617 536 Si
655 488 877 570 propter
900 483 1046 541 aliud
1087 487 1295 545 occisus
1321 499 1403 548 est
1428 493 1498 549 ab
1526 511 1664 565 uno,
1703 509 1902 570 quanto

322 571 492 642 potius
519 580 737 640 propter
760 568 1032 631 Christum
1062 579 1230 647 potuit
1252 582 1421 637 occidi
1451 584 1519 640 ab
1548 586 1631 644 his
1660 568 1789 659 ipsis
1808 592 1899 662 qui

319 658 623 717 occiderunt
664 662 975 721 Christum?
1000 668 1316 727 Perhibebat
1343 675 1485 730 enim
1507 658 1719 736 Christo
1746 658 1898 738 testi-

315 751 550 808 inonium
574 753 829 813 Joannes.
863 756 940 813 llli
966 761 1053 831 qui
1081 762 1370 822 audiebant
1392 767 1691 839 Christum,
1723 774 1895 844 ipsum

314 843 556 899 occidere
585 846 851 916 volebant,
888 860 942 906 et
969 867 1090 908 eum
1121 856 1210 926 qui
1242 859 1604 918 testimonium
1643 843 1892 935 perhibe-

313 933 401 989 bat
431 951 536 990 non
568 939 900 996 occidebant.
926 943 1058 1012 Quia
1084 947 1226 1002 enim
1257 951 1301 1004 si
1327 951 1480 1009 ﬁeret
1510 933 1740 1026 impetus
1767 976 1891 1030 pro-

310 1027 702 1096 pterChristum
720 1034 770 1086 in
793 1033 1073 1106 Joannem,
1098 1054 1202 1096 non
1230 1056 1466 1114 negaret.
1487 1046 1675 1121 (Erant
1698 1027 1896 1125 quippe

308 1115 360 1170 in
410 1118 500 1173 illo
551 1120 691 1176 vires
733 1138 961 1194 magnae,
987 1129 1180 1198 quibus
1222 1115 1519 1203 appellatus
1570 1149 1652 1196 est
1689 1115 1896 1202 amicus

305 1210 487 1277 sponsi
521 1209 713 1284 [Joan.
760 1231 836 1282 ιιι,
867 1217 937 1272 29
952 1216 993 1291 ].
1022 1220 1205 1292 Magna
1252 1224 1307 1279 in
1335 1227 1426 1282 illo
1462 1231 1653 1299 gratia,
1701 1249 1893 1306 magna

302 1301 613 1358 excellentia
646 1323 659 1358 :
695 1306 759 1360 In
786 1310 918 1363 natis
944 1312 1210 1368 mulierum
1238 1332 1385 1372 nemo
1402 1325 1689 1379 exsurrexit
1727 1328 1895 1397 major

296 1388 504 1447 Joanne
530 1393 763 1465 Baptista
800 1398 1027 1471 [Matt/t.
1058 1419 1130 1471 XI,
1164 1407 1223 1461 11
1253 1406 1336 1480 ]).
1364 1409 1506 1483 Ergo
1529 1414 1583 1469 in
1612 1414 1764 1471 illum
1792 1388 1893 1474 tm-

295 1491 459 1554 petns
498 1483 673 1541 factus
716 1498 822 1555 est,
864 1492 952 1561 qui
1003 1509 1109 1549 non
1158 1495 1386 1556 habebat
1436 1504 1567 1559 tales
1596 1507 1782 1563 vires:
1830 1508 1893 1566 ﬁt

293 1574 529 1646 impetus
554 1578 605 1633 in
635 1579 872 1646 Petrum,
902 1599 1008 1639 non
1037 1586 1095 1642 ﬁt
1125 1587 1176 1642 in
1205 1589 1486 1648 Joannem.
1516 1596 1724 1653 Etenim
1747 1600 1890 1657 vires

290 1663 440 1733 ipsas
466 1665 656 1724 Petrus
697 1681 819 1741 post
842 1676 1080 1745 accepit;
1126 1687 1250 1735 tunc
1277 1692 1454 1739 autem
1498 1686 1744 1744 inﬁrmus
1767 1689 1884 1747 fuit.

289 1754 401 1812 Pro
441 1758 638 1816 Christi
687 1765 902 1821 nomine
935 1767 1020 1822 ille
1049 1769 1403 1844 interrogatur
1446 1777 1536 1847 qui
1585 1780 1724 1835 vires
1777 1798 1886 1838 non

286 1847 524 1906 habebat
551 1869 566 1906 :
594 1854 681 1911 ille
704 1857 793 1927 qni
823 1858 1050 1915 habebat
1075 1864 1233 1930 vires,
1264 1880 1369 1920 non
1393 1868 1589 1937 patitur
1618 1886 1874 1940 persecu-

284 1939 492 1998 tionem
521 1955 740 2016 propter
759 1947 1030 2006 Christum
1056 1968 1071 2018 ;
1106 1969 1172 2009 ne
1202 1971 1300 2026 pro
1330 1960 1543 2015 nomine
1567 1939 1763 2019 Christi
1788 1981 1883 2022 ano

285 2033 562 2092 tecederet
617 2040 907 2097 Christum.
957 2044 1074 2101 Non
1120 2049 1379 2105 occiditur
1427 2068 1457 2106 a
1505 2053 1740 2124 Judiuis,
1787 2062 1879 2131 qui

280 2127 606 2195 perhibebat
636 2132 856 2190 liberum
889 2138 1248 2195 testimonium
1274 2142 1506 2211 Christo,
1536 2163 1693 2218 quem
1723 2127 1877 2208 occi-

279 2215 485 2272 derunt
511 2219 677 2277 Judaei
707 2240 722 2288 ;
768 2235 819 2280 et
845 2228 1097 2284 occid.tur
1132 2232 1199 2287 ab
1239 2232 1467 2303 Herode,
1496 2215 1617 2307 quia
1663 2241 1877 2300 dicebat

276 2308 352 2372 ei,
385 2308 508 2364 Non
536 2313 623 2366 tibi
665 2313 778 2369 licet
820 2317 1002 2374 habere
1039 2337 1246 2378 uxorem
1270 2327 1447 2395 fratris
1485 2331 1557 2384 tui
1600 2330 1712 2398 (Id.
1761 2350 1874 2406 xw,

273 2398 463 2470 3-H).
495 2401 677 2474 Neque
701 2407 841 2462 enim
874 2408 1038 2467 frater
1064 2413 1179 2484 ejus
1202 2416 1317 2472 sine
1347 2421 1660 2488 posteritate
1685 2398 1877 2482 doces;

270 2503 443 2547 serat.
496 2494 601 2551 Pro
640 2497 755 2570 lege
799 2502 1014 2573 quidem
1056 2507 1312 2578 veritatis,
1360 2527 1457 2581 pro
1497 2517 1800 2586 aequalitate
1829 2521 1871 2588 ¹,

270 2597 376 2652 pro
397 2584 604 2654 justitia
636 2607 648 2643 :
676 2589 794 2646 ideo
820 2606 1056 2663 sanctus,
1090 2597 1212 2654 ideo
1250 2612 1486 2675 martyr;
1515 2584 1608 2660 sed
1639 2621 1746 2664 non
1789 2619 1872 2665 ta-

266 2687 398 2728 men
446 2691 544 2746 pro
591 2678 685 2735 illo
713 2684 947 2750 nomine,
997 2702 1103 2758 quo
1131 2690 1407 2748 christiani
1458 2709 1662 2753 sumus.
1693 2698 1870 2769 Quare

262 2761 393 2828 hoc,
434 2767 534 2822 nisi
569 2778 625 2826 ut
664 2772 993 2844 impleretur,
1051 2778 1341 2853 Singularis
1391 2802 1481 2858 ego
1508 2805 1642 2858 sum,
1701 2761 1862 2850 donec

265 2862 532 2913 transeam
550 2862 574 2916 ?

689 3051 774 3113 IN
814 3054 1196 3122 PSALMUM
1229 3060 1424 3127 CXLI

876 3176 1289 3240 ENARRATIO.

805 3282 978 3325 SEBIO
1009 3288 1076 3327 AD
1103 3280 1360 3333 Ρορυιυκ.

337 3352 392 3407 1.
428 3353 764 3411 Solemnitati
789 3370 1101 3430 martyrum,
1132 3366 1270 3422 sicut
1293 3368 1504 3425 devotio
1528 3372 1857 3435 celebritatis

262 3454 490 3510 vestris,
520 3447 591 3501 ita
617 3455 814 3505 nostras
848 3453 1117 3510 servitutis
1145 3470 1322 3514 sermo
1345 3459 1587 3518 debetur.
1611 3464 1719 3522 Sed
1747 3483 1859 3526 me-

256 3538 490 3595 minisse
543 3550 756 3610 oportet
796 3543 1122 3603 Charitatem
1165 3560 1417 3622 vestram,
1469 3555 1722 3614 hesterno
1767 3561 1856 3619 die

254 3643 426 3699 quam
454 3631 616 3685 multa
644 3633 782 3689 dicta
817 3635 944 3691 sint.
973 3636 1090 3695 Non
1130 3642 1271 3697 enim
1295 3644 1420 3715 quia
1447 3659 1664 3719 propter
1687 3653 1854 3709 avidi-

255 3727 432 3775 tatem
464 3722 739 3780 interioris
764 3731 875 3783 oris
897 3732 1062 3786 vestri
1087 3747 1183 3803 per
1204 3743 1370 3790 totum
1400 3752 1702 3799 sermonem
1730 3755 1851 3801 tan-

251 3826 420 3882 quam
453 3827 695 3872 recentes
715 3817 979 3890 adfuistis,
1016 3835 1294 3896 propterea
1325 3828 1563 3888 oblivisci
1590 3834 1849 3895 debemus

252 3902 589 3963 inﬁrmitatis
614 3913 916 3968 communis
941 3932 955 3968 :
979 3917 1151 3985 primo
1172 3920 1293 3989 quia
1317 3930 1371 3977 et
1398 3923 1663 3982 honorare
1683 3944 1846 4000 Opor-

252 4003 338 4051 tet
370 3997 529 4052 verba
561 4002 837 4070 praeclara,
859 4005 998 4062 sicut
1025 4009 1278 4079 scriptum
1307 4023 1389 4069 est
1411 4057 1426 4082 ,
1458 3997 1845 4077 Prieclara'au-

247 4095 363 4144 tem
390 4091 550 4148 verba
570 4096 844 4165 sapientiae
871 4098 1078 4157 Domini
1105 4102 1197 4159 Dei
1237 4115 1381 4161 sunt.
1426 4107 1529 4164 Per
1550 4126 1650 4167 nos
1674 4115 1695 4145 '
1723 4122 1844 4171 tan-

257 4195 424 4251 quam
457 4200 551 4253 per
578 4189 789 4244 vascula
840 4191 990 4247 vobis
1034 4194 1403 4254 ministrantnr
1431 4219 1444 4255 :
1475 4210 1531 4258 et
1569 4203 1613 4257 si
1663 4204 1840 4264 ﬁctilia

250 4284 382 4327 sunt
409 4289 532 4331 vasa
559 4319 573 4344 ,
605 4279 700 4334 sed
743 4284 895 4351 panis
922 4284 1156 4342 caelestis
1201 4298 1302 4344 est.
1335 4292 1622 4362 Apostolus
1663 4296 1792 4354 dicit
1821 4316 1835 4354 :

248 4362 514 4421 Habemus
544 4370 832 4427 thesaurum
861 4375 1010 4431 istum
1034 4378 1086 4432 in
1111 4381 1244 4436 uasis
1262 4382 1518 4452 ﬁctilibus,
1541 4397 1595 4441 ut
1615 4391 1839 4447 eminen-

247 4456 323 4509 tia
350 4458 549 4514 virtutis
572 4461 638 4515 sit
664 4461 763 4518 Dei
789 4464 808 4533 (
833 4463 876 4519 ll
903 4465 1029 4522 Cor.
1055 4484 1130 4536 iv,
1161 4470 1254 4544 7).
1286 4474 1386 4541 Qui
1411 4486 1589 4534 autem
1618 4481 1834 4538 thesau-

254 4559 374 4611 rus,
405 4547 545 4605 idcm
568 4561 622 4607 et
642 4555 812 4622 panis.
840 4555 972 4612 Nam
1001 4559 1044 4614 si
1075 4576 1182 4616 non
1214 4563 1353 4619 idem
1380 4579 1525 4624 esset
1548 4569 1834 4632 thesaurus

247 4645 304 4692 et
329 4641 506 4709 panis,
531 4658 636 4699 non
662 4645 732 4702 de
757 4647 874 4717 ipso
902 4651 1152 4709 thesauro
1195 4655 1325 4712 alibi
1355 4660 1610 4731 scriptum
1640 4675 1784 4723 esset
1815 4687 1830 4724 :

241 4728 538 4790 Thesaurus
563 4737 909 4798 desiderabilis
948 4748 1213 4818 requiescit
1255 4752 1308 4805 in
1337 4767 1424 4807 ore
1455 4728 1737 4826 sapientis;
1759 4762 1835 4816 vir

242 4832 412 4878 autem
440 4828 619 4883 stultus
647 4831 796 4902 glutit
836 4834 984 4889 illum
1022 4835 1044 4910 (
1067 4837 1220 4894 Prov.
1254 4857 1364 4907 XXI,
1389 4843 1460 4900 20
1480 4844 1520 4916 ).
1556 4846 1706 4905 Unde
1734 4850 1831 4906 atl-

241 4926 526 4971 monemus
575 4918 899 4979 Charitatem
945 4935 1175 4984 vestram
1223 4941 1279 4987 ut
1306 4949 1367 4989 ea
1414 4951 1533 5007 qua:
1567 4940 1830 5001 audiendo

242 5011 496 5078 tanquam
519 5021 704 5069 ventre
725 5020 1000 5075 memoria:
1026 5021 1272 5089 conditis,
1298 5042 1483 5084 rursus
1505 5034 1828 5092 revolvendo

240 5107 295 5151 et
320 5100 603 5170 cogitando
630 5106 1020 5176 quodammodo
1056 5116 1353 5173 ruminetis.
1406 5120 1516 5177 Hoc
1553 5132 1634 5179 est
1659 5126 1823 5196 enim,

235 5185 531 5248 Thesaurus
575 5196 920 5258 desiderabilis
962 5208 1223 5277 requiescit
1247 5212 1299 5265 in
1329 5229 1417 5270 ore
1449 5218 1725 5286 sapientis;
1751 5222 1827 5277 uir

237 5292 408 5337 autem
435 5288 618 5344 stultus
644 5292 791 5362 glutit
826 5296 970 5351 illum
993 5314 1012 5353 :
1055 5299 1287 5359 breviter
1308 5306 1459 5375 dixit,
1489 5308 1708 5381 Sapiens
1729 5331 1821 5371 ru-

237 5372 430 5443 minat,
459 5380 651 5439 stultus
690 5401 794 5442 non
819 5391 1068 5448 ruminat.
1098 5393 1211 5451 Hoc
1237 5408 1415 5454 autem
1445 5372 1637 5472 aperte
1667 5416 1719 5461 et
1746 5408 1821 5464 la-

237 5462 352 5520 tine
379 5469 505 5537 quid
534 5476 660 5529 est?
684 5476 906 5548 Sapiens
927 5484 1124 5555 cogitat
1149 5503 1210 5542 ea
1250 5506 1368 5561 qua:
1392 5462 1649 5561 aud-ierit;
1682 5462 1818 5555 stul-

235 5561 322 5611 tus
342 5568 520 5617 autem
548 5566 723 5623 audita
745 5571 995 5629 oblivioni
1023 5577 1199 5633 tradit.
1218 5577 1401 5654 Neque
1428 5585 1568 5641 enim
1600 5599 1818 5660 propter

297 5672 318 5747 ξ
340 5678 442 5747 Quo
462 5683 590 5747 Mss,
609 5694 697 5747 pro
716 5683 954 5747 (equitate.

296 5732 323 5827 ξ
337 5732 1181 5827 aliquot
1202 5761 1372 5827 Mss.—.
1393 5764 1465 5827 lar.
1497 5762 1644 5827 Lugd.
1686 5772 1809 5817 ven.

227 5799 422 5921 grta;
440 5799 736 5916 saltabat,
753 5808 1031 5921 Msapientia:
1048 5799 1672 5891 ⁷ἒιῑῐιὶ,’ῐόἰηὺητ“ὸεῖ“ἓῗῶὶ,
1694 5799 1810 5891 ὶῆιίἓ

422 5898 438 5928 ³
468 5898 564 5916 νυν.

549 5907 1095 6044 buettmann.
1141 5963 1250 6031 ιγ.

1407 379 1809 445 ENARRATIO
1845 387 1914 447 IN
1951 390 2279 456 PSALIIUM
2315 398 2496 463 CXLI.

3461 442 3600 502 1854

2016 505 2160 610 aliud
2185 509 2240 566 in
2258 509 2423 616 .Lege,
2453 520 2652 624 munda
2676 539 2739 582 ea
2764 527 2906 589 dicta
2927 547 3052 593 sunt
3102 544 3349 605 animalia
3374 568 3493 624 quae
3510 572 3601 615 ru-

2010 599 2238 669 minant,
2256 603 2525 664 immunda
2541 627 2660 683 qua:
2675 631 2784 672 non
2808 627 3076 683 ruminant
3105 599 3596 722 (Levii-mirga:

2010 703 2133 744 nam
2165 706 2407 754 creatura
2437 700 2530 756 Dei
2573 708 2748 763 omnis
2774 715 2967 770 munda
2991 728 3090 773 est.
3125 700 3462 797 Ανιίηριιίοο
3492 700 3597 800 ialm

2009 782 2240 892 Lmundns
2275 797 2360 843 est
2399 806 2591 858 porcus
2617 813 2775 868 quam
2800 818 2985 875 agnus.
3017 808 3228 872 Creatit
3252 823 3393 878 enim
3416 836 3596 892 omnia

2642 867 2645 868 ν
2834 867 2858 875 ν
3128 867 3149 869 ν.
3190 867 3227 872 ,,
3417 867 3596 892 ea...”

2007 867 2147 927 bona
2174 875 2328 933 valde
2359 878 2379 950 (
2401 881 2527 937 Gen.
2554 902 2591 949 ι,
2619 889 2678 943 51
2705 889 2723 962 )
2752 909 2765 947 :
2788 904 2861 961 et,
2890 896 3069 956 Omnis
3092 920 3321 966 creatura
3353 914 3446 972 Dei
3467 920 3598 980 bona

2006 971 2098 1029 est,
2115 964 2245 1020 dicit
2283 970 2571 1040 Apostolus
2609 978 2649 1050 (l
2675 979 2804 1036 Tim.
2836 1001 2911 1055 1v,
2940 992 3125 1061 4);et
3145 1039 3159 1063 ,
3196 964 3386 1060 Omni;

2004 1059 2208 1114 mundis
2236 1060 2362 1134 (Tit.
2397 1068 2571 1141 1,15).
2597 1070 2729 1128 Cum
2759 1092 2887 1148 ergo
2919 1082 2968 1135 in
2994 1059 3182 1143 natura
3214 1059 3596 1173 utrumque";

2004 1152 2294 1225 mundum;
2324 1159 2712 1230 signiﬁcatione
2729 1178 2904 1228 tamen
2926 1189 3095 1246 agnus
3119 1184 3380 1252 signiﬁcat
3396 1152 3592 1269 tiliquitl

2004 1245 2254 1269 mn...I--—-
2352 1267 2373 1269 —
2394 1267 2406 1269 κ
2634 1259 2646 1269 ⁵
2727 1261 2776 1269 ’⁸
2980 1268 2984 1269 ν

2001 1245 2296 1316 mundum,
2350 1267 2543 1316 porcus
2602 1259 2865 1327 signiﬁcat
2942 1245 3586 1349 aliquid'immundtiin:

2000 1346 2169 1404 agnus
2210 1338 2473 1409 signillcat
2522 1347 2878 1411 innocentiam
2923 1338 3195 1430 sapientia:
3234 1375 3590 1453 ruminantis;

2001 1439 2194 1493 porcus
2249 1430 2510 1501 signiﬁcat
2554 1438 2941 1503 immdnditiam
2989 1455 3226 1514 Stultitiae
3269 1430 3591 1530 obliviscen:

1999 1513 2089 1569 tis.
2120 1515 2305 1575 Brevis
2331 1521 2576 1585 Psalmus
2600 1549 2697 1601 pro
2713 1536 3047 1599 solemnitate
3074 1547 3248 1609 dictus
3264 1566 3378 1626 est;
3409 1564 3591 1623 videa-

1997 1620 2119 1662 mus
2138 1622 2205 1663 an
2223 1614 2392 1681 possit
2418 1619 2580 1674 etiam
2607 1623 2841 1683 breviter
2870 1638 3105 1691 tractari.

2065 1698 2119 1753 2.
2153 1700 2175 1774 [
2198 1718 2327 1806 vers.
2355 1707 2410 1762 2.
2437 1707 2459 1782 ]
2499 1710 2632 1806 Yoce
2658 1732 2769 1771 mea
2794 1721 2863 1775 ad
2891 1723 3166 1787 Dominum
3196 1737 3430 1798 clamavi.
3462 1747 3587 1806 Suf-

1994 1788 2200 1860 ﬁceret,
2238 1792 2371 1853 Voce
2397 1801 2467 1854 ad
2486 1801 2765 1863 Dominum
2793 1811 3045 1883 clamavi;
3092 1822 3228 1882 forte
3257 1845 3361 1886 non
3389 1788 3585 1898 trusi;

1992 1881 2230 1941 additum
2252 1900 2356 1956 est,
2388 1909 2520 1948 mea.
2549 1895 2702 1955 Multi
2731 1904 2873 1959 enim
2900 1881 3131 1969 clamant
3171 1881 3237 1974 ad
3278 1881 3582 2002 Dominum:

1990 1988 2097 2030 non
2125 1992 2255 2035 voce
2280 1994 2396 2051 sua,
2432 1986 2526 2042 sed
2553 2005 2683 2048 voce
2707 2000 2947 2066 corporis
2978 2004 3082 2060 sui.
3132 2007 3304 2068 Homo
3332 2032 3460 2090 ergo
3503 1986 3585 2080 in:

1990 2068 2189 2176 terior,
2248 2075 2301 2130 in
2351 2092 2458 2147 quo
2507 2085 2668 2156 cmpit
2711 2086 2952 2149 habitare
2989 2097 3230 2158 Christus
3276 2123 3372 2176 per
3394 2068 3582 2175 alidum

1991 2156 2207 2275 (Ephes.
2224 2179 2316 2275 LII,
2344 2167 2457 2241 17),
2490 2186 2622 2229 voce
2641 2189 2756 2246 sua,
2802 2197 2906 2237 non
2936 2185 2989 2240 in
3024 2156 3246 2262 strepitu

1985 2249 2080 2356 sed
2110 2251 2162 2307 in
2188 2253 2378 2356 aﬁectu
2402 2263 2581 2319 cordis
2614 2267 2810 2326 clamet
2856 2274 2923 2329 ad
2970 2249 3271 2342 Dominum.

1985 2338 2148 2396 homo
2176 2345 2341 2411 audit,
2373 2349 2445 2404 ibi
2476 2353 2616 2410 Dens
2642 2358 2790 2417 audit
2817 2380 2830 2416 :
2858 2365 2959 2422 nisi
2997 2385 3125 2428 voce
3170 2338 3577 2446 palmum“;

1985 2429 2209 2490 laterum
2237 2448 2291 2493 et
2313 2439 2507 2513 lingua:
2525 2445 2747 2516 clames,
2795 2453 2959 2512 homo
2987 2469 3037 2517 te
3064 2429 3183 2520 non.
3199 2471 3380 2538 audit;
3430 2482 3577 2550 cogi-

1985 2524 2114 2550 Inst-
2146 2536 2229 2550 ι---
2264 2530 2415 2550 ,πῂμν
2548 2545 2560 2550 -
2644 2539 2659 2550 ι
2694 2541 2726 2550 ,ι
2830 2546 2841 2550 -

1983 2524 2116 2579 tatio
2146 2536 2233 2582 tua
2259 2530 2463 2588 clamor
2481 2545 2565 2591 est
2593 2539 2659 2594 ad
2691 2541 2994 2605 Dominum.
3056 2552 3188 2611 Voce
3226 2576 3337 2615 mea
3362 2524 3431 2619 ad
3460 2524 3572 2625 lfa-

1981 2611 2177 2671 miuum
2222 2620 2439 2678 clamaui
2453 2642 2476 2689 ;
2521 2643 2640 2684 uoce
2681 2647 2793 2687 utea
2833 2638 2902 2690 ad
2953 2639 3227 2702 Dominum
3276 2652 3573 2725 deprecatus

1979 2724 2113 2764 sum.
2133 2710 2284 2780 Quod
2311 2715 2465 2822 dixit,
2486 2720 2701 2780 clamavi
2719 2743 2740 2793 ;
2760 2734 3024 2803 exposuit,
3055 2753 3175 2793 cum
3206 2710 3357 2810 dixit:
3389 2710 3571 2822 dep};

1978 2808 2119 2854 catus
2142 2818 2275 2859 sum.
2329 2805 2575 2868 Clamant
2612 2815 2753 2870 enim
2801 2820 2867 2874 ad
2899 2822 3177 2884 Dominum
3218 2843 3271 2888 et
3312 2805 3402 2907 qui

1976 2888 2276 2959 sphemant.
2328 2896 2385 2952 ln
2433 2903 2695 2969 superiori
2738 2923 2897 2967 versu
2936 2913 3223 2976 clamorem
3266 2888 3463 2998 polsnit,
3513 2934 3568 2991 in

1974 2984 2220 3052 sequenti
2247 2985 2536 3046 clamorem
2562 2999 2827 3066 exposuit.
2877 3003 3039 3069 Quasi
3079 2984 3394 3084 exigeretur,
3447 2984 3566 3090 Quo

1972 3070 2211 3131 clamore
2247 3077 2486 3138 clamasti
2517 3085 2587 3140 ad
2648 3088 2966 3151 Dominum?
3006 3101 3089 3154 Ad
3127 3070 3425 3181 D‘ominum,
3454 3070 3560 3173 in-

1968 3166 2105 3235 quit,
2132 3169 2427 3239 deprecatus
2453 3192 2566 3231 sum
2591 3194 2612 3234 .°
2640 3181 2845 3240 clamor
2867 3203 3038 3259 meus,
3073 3193 3377 3266 deprecatio
3403 3166 3558 3278 mea;

1969 3269 2079 3312 non
2102 3261 2420 3332 convicium,
2456 3281 2567 3323 non
2593 3286 2854 3341 murmur,
2888 3293 2993 3335 non
3021 3261 3381 3357 blasphemia.

2038 3348 2092 3403 ὅ.
2136 3349 2306 3423 [vers.
2348 3355 2443 3430 3.]
2502 3358 2783 3427 E/fundam
2824 3379 2943 3425 ante
2983 3390 3096 3431 eum
3141 3348 3341 3448 precem
3361 3348 3548 3448 ineant.

1966 3438 2101 3504 Quid
2123 3453 2225 3511 est,
2271 3455 2388 3501 ante
2415 3452 2571 3506 eum?
2620 3455 2677 3510 lu
2703 3472 2988 3530 conspectu
3013 3438 3153 3536 ejus.
3200 3472 3338 3541 Quid

1964 3544 2255 3604 conspectu
2277 3537 2394 3609 ejus
2414 3541 2440 3595 ἲ
2468 3541 2568 3599 Ubi
2595 3545 2759 3618 videt,
2790 3549 2891 3608 Ubi
2918 3566 3093 3614 autem
3125 3537 3242 3621 non
3260 3568 3404 3626 videt
3423 3537 3552 3634 'i'lt‘a

1962 3626 2106 3681 enim
2133 3627 2377 3699 dicimus,
2432 3633 2535 3693 Ubi
2568 3638 2734 3711 videt,
2761 3647 2911 3715 quasi
2964 3651 3156 3709 alicubi
3200 3674 3303 3714 non
3352 3626 3547 3725 videat:

1961 3716 2068 3774 Sed
2095 3720 2146 3776 in
2177 3724 2280 3779 isto
2304 3735 2448 3782 coetu
2474 3744 2655 3786 rerum
2695 3740 3050 3806 corporalium
3083 3745 3260 3802 vident
3287 3760 3343 3806 et
3371 3753 3547 3813 homi-

1958 3826 2076 3877 nes,
2119 3814 2298 3872 vident
2321 3828 2376 3874 et
2395 3822 2642 3879 animalia
2669 3843 2686 3880 :
2711 3826 2798 3884 ille
2823 3841 2999 3887 autem
3023 3835 3163 3893 videt
3186 3850 3239 3896 et
3264 3844 3359 3899 ubi
3385 3846 3548 3908 homo

1956 3917 2063 3959 non
2094 3906 2256 3962 videt.
2285 3908 2419 3966 Nam
2445 3915 2822 3986 cogitationem
2866 3932 3008 3980 tuam
3044 3930 3220 3988 nullus
3264 3906 3543 4001 hominum

1955 3995 2119 4064 videt,
2180 3998 2322 4057 Deus
2368 4014 2544 4061 autem
2572 4008 2737 4067 videt.
2766 4011 2842 4068 lbi
2893 4030 3024 4088 ergo
3066 4021 3279 4083 effunde
3326 3995 3541 4101 precem

1954 4092 2122 4156 tuam,
2149 4090 2236 4146 ubi
2263 4093 2409 4150 solus
2434 4096 2523 4153 ille
2544 4099 2689 4156 videt
2715 4105 2805 4175 qui
2833 4122 3159 4171 remunerat.
3184 4090 3396 4179 Nain.in

1950 4179 2168 4237 condito
2198 4193 2250 4240 te
2276 4185 2532 4245 Dominus
2556 4189 2711 4250 Iesus
2739 4195 2981 4258 Christus
3016 4204 3175 4276 jussit
3212 4229 3367 4273 orare
3396 4179 3537 4281 :szed

1949 4270 1994 4325 si
2021 4285 2277 4344 agnoscas
2316 4277 2618 4337 cubiculum
2649 4294 2818 4353 tuum,
2859 4301 2914 4349 et
2963 4270 3204 4371 niundes,
3259 4270 3539 4384 ibid-oga;

1950 4365 2120 4424 Deum
2151 4372 2190 4424 ί.
2242 4371 2369 4428 Cum
2415 4386 2584 4432 autem
2620 4384 2794 4451 oratis,
2828 4386 3018 4459 inquit,
3063 4397 3215 4453 nolite
3260 4419 3365 4458 esse
3403 4365 3539 4467 sicut

1947 4456 2245 4529 hypocrita,
2296 4466 2383 4537 qui
2406 4477 2540 4522 stant
2567 4470 2620 4525 in
2658 4472 2840 4544 plateis
2860 4456 2913 4534 et.
2933 4456 3051 4539 vicis
3096 4501 3312 4558 orantes,
3359 4507 3411 4552 ut
3457 4502 3535 4556 vi-

1943 4551 2159 4609 deantur
2185 4556 2247 4611 ab
2292 4558 2595 4619 hominibus.
2642 4565 2718 4621 Tu
2760 4581 2927 4627 autem
2971 4593 3082 4632 cum
3125 4600 3260 4651 oras,
3301 4588 3434 4643 intra
3478 4594 3533 4649 in

1943 4645 2230 4703 cubiculum
2257 4659 2418 4718 tuum,
2451 4664 2497 4708 et
2520 4655 2702 4712 claude
2728 4663 2930 4732 ostium,
2981 4678 3026 4721 et
3051 4645 3319 4741 deprecare
3358 4678 3527 4737 Deum

1943 4744 2084 4792 tuum
2109 4739 2160 4793 in
2189 4743 2427 4809 occulto;
2475 4756 2523 4800 et
2564 4749 2649 4819 qui
2671 4750 2801 4805 uidet
2853 4754 2906 4807 in
2957 4739 3169 4827 occulto,
3221 4767 3390 4822 reddet
3435 4773 3531 4831 tibi

1941 4825 2153 4901 (Matth.
2186 4847 2258 4899 vi,
2281 4833 2315 4890 5
2335 4843 2381 4889 et
2402 4834 2480 4907 6).
2511 4837 2568 4893 Si
2596 4838 2838 4899 homines
2857 4846 3112 4904 reddituri
3138 4825 3279 4917 sunt.
3311 4825 3525 4921 ell‘nnde

1939 4933 2067 4977 ante
2092 4921 2336 4982 homines
2362 4944 2574 4998 precem
2607 4942 2748 4988 tuam
2781 4952 2795 4988 :
2823 4935 2870 4991 si
2904 4935 3041 4993 Deus
3086 4944 3389 5006 redditurus
3416 4965 3515 5022 est,

1936 5012 2150 5071 effunde
2175 5027 2298 5074 ante
2326 5035 2448 5075 eum
2479 5037 2689 5092 precem
2725 5036 2889 5093 tuam,
2918 5038 2972 5085 et
2991 5031 3179 5090 claude
3205 5042 3420 5107 ostium,
3450 5063 3521 5104 ne

1935 5114 2168 5165 tentatur
2197 5112 2541 5184 ingrediatur.
2586 5117 2841 5176 Tentator
2866 5138 2970 5178 non
2992 5138 3165 5184 cessat
3189 5134 3415 5205 pulsare,
3462 5153 3522 5196 ut

1934 5201 2195 5274 irrumpat
2220 5222 2234 5271 ;
2261 5207 2305 5261 si
2324 5208 2561 5263 clausum
2588 5208 2874 5284 invenerit,
2906 5219 3115 5276 transit.
3140 5221 3263 5279 Ideo
3287 5201 3518 5299 Aposto-

1931 5293 2035 5362 lus,
2076 5298 2196 5367 quia
2248 5297 2299 5354 in
2341 5309 2520 5355 ltOSll‘a
2569 5313 2834 5373 potestate
2871 5319 2954 5365 est
2997 5312 3194 5370 ostium
3229 5318 3514 5381 claudere:

1931 5388 2122 5442 ostium
2141 5389 2337 5455 cordis.
2372 5408 2476 5448 non
2500 5395 2798 5465 parietum;
2830 5399 2898 5455 ibi
2926 5404 3069 5458 enim
3098 5416 3151 5461 et
3180 5411 3511 5470 cubiculum:

1928 5481 2051 5552 quia
2075 5497 2203 5553 ergo
2230 5483 2282 5538 in
2310 5494 2575 5555 potestate
2600 5498 2781 5545 nostra
2802 5504 2884 5548 est
2911 5494 3010 5551 hoc
3027 5500 3221 5555 Ostium
3243 5505 3510 5574 claudere,

1927 5571 2108 5643 Neque
2143 5575 2292 5638 detis,
2341 5577 2530 5645 inquit,
2564 5580 2731 5635 locum
2782 5584 2984 5641 diabolo
3039 5588 3250 5661 (Epltcs.
3290 5610 3366 5663 ιν,
3395 5571 3510 5671 27);

1922 5663 2134 5720 Etenim
2160 5666 2206 5723 si
2245 5668 2535 5726 intravitet
2563 5674 2821 5744 possedit,
2864 5679 3081 5735 attende
3101 5684 3224 5752 quia
3250 5692 3305 5742 tu
3345 5663 3513 5762 negli-

1920 5765 2107 5829 genter
2132 5759 2364 5817 clausisti
2393 5771 2484 5818 aut
2509 5765 2757 5824 claudere
2786 5770 3084 5841 neglexisti.

1986 5895 2000 5924 ι
2031 5891 2252 5958 Plerique
2274 5900 2400 5960 Mss,
2415 5897 2498 5950 ubi
2519 5910 2660 5964 rogas
2683 5908 2853 5951 Deum.
2870 5903 3083 5964 Quidam,
3100 5901 3186 5956 ubi
3204 5920 3312 5962 ores
3336 5918 3505 5972 Deum.

2702 5986 3304 6077 {Cinquante-ltut't.)
