4084 6440
392 404 661 475 Ecclesia,
705 404 841 476 ipsae
865 398 1145 471 Ecclesiae;
1195 408 1251 461 et
1273 403 1415 476 quod
1450 405 1670 473 coelum,
1698 403 1799 473 ipsi
1833 402 1977 460 caeli.

394 496 682 561 Pluraliter
707 488 977 564 dicuntur,
1006 508 1059 553 et
1088 498 1431 569 singulariter
1455 497 1730 553 dicuntur.
1755 498 1981 568 Propter

393 596 651 651 unitatem
696 588 969 655 Ecclesim,
1005 606 1106 645 una
1155 590 1438 646 Ecclesia:
1471 589 1589 647 Una
1633 599 1704 647 est
1745 590 1979 645 columba

392 703 526 752 mea,
554 701 657 739 una
681 693 751 738 est
780 684 932 738 matri
957 699 1065 738 sua
1090 682 1258 757 (Cant.
1284 698 1360 747 vt,
1391 682 1470 756 8).
1500 683 1727 754 Propter
1754 698 1980 755 congre-

388 778 632 850 gatinnes
673 774 935 831 fraternas
978 791 1072 846 per
1120 776 1257 843 loca,
1306 776 1488 831 multae
1535 784 1660 831 sunt
1688 775 1977 833 Ecclesiae:

389 867 655 936 Ecclesiae,
706 870 895 939 inquit,
933 867 1134 924 Judtete
1179 884 1294 939 quae
1338 869 1391 924 in
1432 866 1665 937 Christo,
1696 870 1983 941 gaudebant

389 962 525 1033 quod
551 962 636 1015 ille
651 962 735 1031 qui
764 976 856 1014 nos
881 961 1284 1032 persequebatur,
1311 977 1448 1015 nunc
1473 962 1781 1032 euangelizat
1802 961 1976 1030 ﬁdem,

386 1073 537 1127 quam
558 1054 832 1127 aliquando
857 1055 1121 1119 vastabat;
1149 1065 1196 1108 et
1225 1055 1279 1108 in
1304 1070 1383 1109 me
1416 1054 1772 1127 gloriﬁcabant
1813 1054 1977 1109 Deum

388 1149 581 1223 (Colat.
600 1167 635 1215 I,
648 1149 741 1215 22,
759 1148 873 1220 24).
894 1149 1159 1204 Ecclesias
1174 1149 1253 1205 sic
1266 1147 1418 1215 dixit,
1439 1158 1493 1203 et
1509 1164 1665 1203 unam
1684 1148 1975 1203 Ecclesium

384 1245 462 1300 sic
489 1243 617 1299 dicit
643 1262 655 1297 :
688 1243 813 1298 Sine
848 1240 1124 1310 offensione
1151 1252 1302 1297 estote
1333 1239 1553 1308 Iudicis,
1585 1251 1631 1296 et
1681 1240 1893 1307 Crtecis,
1925 1250 1975 1295 et

382 1334 627 1392 Ecclesia:
654 1333 752 1389 Dei
779 1332 837 1420 h(l
866 1331 985 1388 Cor.
1012 1349 1069 1401 x,
1105 1332 1218 1402 32).
1260 1332 1350 1388 Sic
1379 1347 1507 1403 ergo
1526 1340 1582 1387 et
1602 1332 1722 1398 vim,
1770 1341 1820 1387 et
1852 1333 1972 1399 via;

382 1438 439 1485 et
464 1430 687 1491 semine.
715 1434 769 1483 et
796 1427 1006 1483 semita.
1039 1427 1217 1495 Quare
1263 1428 1466 1482 semitae
1490 1468 1506 1491 ,
1538 1435 1591 1481 et
1619 1441 1785 1495 quare
1809 1426 1975 1479 semi-

381 1519 476 1576 ta?
522 1519 802 1587 Quomodo
846 1534 1010 1590 quare
1038 1517 1293 1574 Ecclesia:
1339 1528 1393 1574 et
1445 1517 1683 1573 Ecclesia
1710 1518 1970 1573 rationem

376 1612 727 1678 reddidimus,
754 1610 1010 1667 debemus
1038 1620 1092 1666 et
1118 1610 1241 1665 hinc
1265 1611 1283 1642 ί
1310 1609 1535 1665 reddere
1564 1610 1843 1665 rationem.
1877 1608 1973 1665 Se-

376 1707 524 1762 mitm
545 1702 700 1758 dicta:
751 1712 877 1757 sunt
927 1702 1041 1766 Dei,
1075 1702 1198 1772 quia
1231 1702 1394 1756 multa
1422 1710 1687 1771 praecepta
1718 1712 1842 1755 sunt
1870 1715 1887 1755 ι
1917 1708 1971 1755 et

374 1797 501 1868 quia
532 1796 716 1851 eadem
765 1795 935 1850 multa
984 1803 1255 1865 prmcepta
1309 1794 1375 1848 ad
1421 1809 1582 1849 unum
1615 1793 1966 1866 rediguntur,

375 1888 501 1961 quia
531 1888 803 1957 plenitudo
822 1889 956 1959 legis
979 1886 1400 1957 charitasmom.
1427 1901 1540 1954 χιιι,
1564 1883 1685 1959 ΙΟ);
1720 1895 1967 1956 propter-

372 1993 438 2037 ea
465 1979 562 2033 vite
594 1979 709 2033 istm
733 1978 784 2033 in
807 1978 985 2032 multis
1010 1975 1291 2049 praeceptis
1316 1975 1383 2030 ad
1431 1992 1588 2030 unam
1621 1975 1960 2047 colliguntur,

372 2078 432 2127 et
457 2084 556 2124 una
583 2069 795 2136 dicitur,
820 2070 941 2139 quia
972 2069 1053 2122 via
1086 2078 1268 2122 nostra
1294 2067 1526 2122 Charitas
1547 2076 1646 2121 est.
1677 2065 1966 2121 Videamus

372 2163 423 2219 si
462 2163 698 2217 charitas
723 2163 805 2215 via
834 2168 936 2215 est.
970 2159 1261 2215 Audiamus
1309 2159 1620 2229 Apostolum
1657 2176 1670 2212 :
1704 2156 1768 2211 Et
1796 2158 1964 2211 adhuc

376 2254 910 2324 supereminentiorem
947 2253 1079 2306 viam
1106 2252 1241 2306 vobis
1281 2252 1565 2305 demonstro
1596 2251 1615 2322 (
1640 2250 1661 2305 Ι
1691 2248 1811 2305 Cor.
1843 2266 1958 2316 xm,

370 2346 434 2404 51
450 2350 487 2412 ).
510 2347 677 2414 Quam
696 2346 852 2413 dicis,
878 2361 911 2401 o
935 2346 1212 2416 Apostole,
1234 2346 1764 2415 supereminentiorem
1786 2346 1915 2399 viam
1936 2346 1963 2399 7

371 2441 543 2509 Quam
570 2441 691 2496 dico
745 2441 865 2495 audi
896 2459 909 2495 :
943 2439 1005 2497 Si
1038 2441 1223 2512 linguis
1262 2440 1523 2494 hominum
1561 2440 1742 2505 loquar
1762 2451 1809 2495 et
1853 2439 1961 2495 An-

367 2534 601 2607 gelorum
626 2573 638 2595 ,
691 2532 987 2586 charitatem
1036 2542 1205 2585 autem
1249 2547 1351 2586 non
1390 2531 1621 2595 habeam,
1646 2531 1810 2600 factus
1841 2548 1957 2587 sum

356 2622 504 2703 gelat
547 2633 873 2678 (crumentum
918 2640 1106 2678 sonans
1138 2665 1152 2688 ,
1193 2632 1283 2677 aut
1312 2620 1596 2694 cymbalum
1641 2623 1957 2678 tinniens:et

434 2715 659 2779 habuero
682 2716 1033 2788 praphetiam,
1062 2724 1109 2769 et
1130 2716 1289 2769 sciero
1331 2715 1501 2769 omnia
1525 2725 1844 2769 sacramenta
1862 2756 1879 2783 ,
1909 2724 1956 2770 et

364 2823 565 2871 omnem
589 2809 893 2870 scientiam;
939 2818 984 2862 et
1015 2808 1059 2861 si
1086 2806 1307 2860 habuero
1345 2823 1542 2861 omnem
1576 2807 1763 2875 ﬁdem,
1802 2808 1873 2861 ita
1898 2816 1955 2863 ut

362 2908 558 2953 montes
580 2903 903 2970 transferam,
934 2898 1233 2951 charitatem
1263 2907 1428 2950 autem
1460 2914 1561 2951 non
1600 2897 1848 2969 habeam,
1873 2900 1954 2953 ni—

361 2990 437 3044 hil
462 3007 578 3045 sum
604 3000 689 3044 :et
740 2990 783 3044 si
812 2989 1114 3044 distribuero
1139 2989 1310 3043 omnia
1331 3006 1443 3044 mea
1466 2990 1800 3060 pauperibus,
1835 3000 1882 3045 et
1908 2991 1953 3045 si

352 3083 622 3143 tradidero
659 3099 843 3153 corpus
880 3099 1047 3137 meum
1092 3092 1150 3137 ut
1199 3082 1427 3150 ardeam,
1459 3082 1753 3137 charitatem
1782 3093 1948 3138 autem

350 3160 462 3233 ιιοη
488 3179 720 3247 habeam,
751 3177 883 3232 nihil
924 3178 1050 3231 mihi
1095 3178 1297 3248 prodest
1330 3175 1441 3247 (Id.
1474 3192 1588 3240 XIII,
1634 3178 1772 3249 ιθ).
1806 3175 1947 3249 Ergo

358 3268 673 3337 charitatem
720 3269 854 3324 dixit
895 3269 1423 3341 supereminentiorem
1448 3269 1601 3322 viam.
1631 3266 1816 3337 Magna
1846 3269 1944 3322 ista

356 3362 465 3430 via,
496 3363 709 3429 fratres,
737 3376 985 3433 magnum
1019 3362 1337 3416 miraculum
1366 3359 1551 3414 habet.
1587 3360 1711 3414 Haec
1732 3360 1812 3414 via
1829 3374 1945 3427 cer-

356 3460 433 3520 te,
462 3453 586 3523 quia
615 3454 1099 3524 supereminentior
1124 3463 1225 3518 est,
1256 3462 1311 3508 et
1332 3451 1678 3507 excellentior
1700 3461 1779 3506 est
1805 3469 1818 3516 ;
1844 3450 1945 3507 hoc

354 3546 501 3602 enim
530 3547 924 3617 supereminet,
953 3545 1093 3618 quod
1141 3546 1414 3602 excelsum
1440 3555 1540 3600 est.
1596 3545 1734 3600 Nihil
1761 3545 1941 3600 excel-

355 3638 472 3693 sius
500 3638 580 3692 via
610 3637 905 3705 charitatis,
937 3647 991 3693 et
1020 3652 1126 3693 non
1180 3638 1232 3693 in
1266 3637 1355 3692 illa
1383 3637 1659 3693 ambulant
1706 3637 1805 3691 nisi
1837 3635 1939 3691 hu-

353 3731 529 3788 miles.
555 3730 660 3786 Has
683 3746 811 3802 ergo
838 3731 1077 3797 semitas,
1109 3731 1236 3787 dicit
1282 3741 1549 3803 praecepta
1597 3731 1871 3787 charitatis
1896 3732 1938 3784 ³.

355 3820 457 3890 Tu,
483 3823 699 3893 inquit,
749 3823 1029 3896 cognovisti
1079 3824 1285 3878 semitas
1320 3841 1456 3879 meas
1486 3840 1506 3878 :
1536 3834 1589 3879 tu
1634 3825 1769 3878 nosti
1817 3822 1939 3896 quia

353 3915 497 3987 quod
532 3930 627 3987 pro
656 3925 707 3970 te
738 3915 930 3985 patior,
961 3930 1145 3971 amore
1174 3916 1381 3986 patior;
1413 3926 1466 3971 tu
1494 3914 1631 3969 nosti
1657 3916 1781 3986 quia
1811 3904 1938 3983 cha-

353 4006 490 4061 ritas
520 4005 569 4059 in
598 4021 682 4061 me
709 4008 883 4061 omnia
933 4006 1162 4073 tolerat;
1199 4015 1253 4061 tu
1303 4008 1442 4063 nosti
1471 4006 1595 4077 quia
1626 4016 1681 4060 et
1704 4007 1749 4069 si
1782 4006 1962 4073 trado.

351 4111 550 4169 corpus
576 4113 750 4153 meum
790 4109 847 4153 ut
873 4098 1091 4155 ardeam
1115 4140 1132 4168 ,
1175 4099 1346 4155 habeo
1374 4099 1517 4155 illam
1544 4141 1559 4166 ,
1590 4099 1707 4155 sine
1732 4114 1834 4171 qua
1866 4100 1932 4155 il-

344 4187 441 4249 lud
467 4204 571 4244 non
590 4189 805 4258 prodest
833 4190 1053 4245 homini.

420 4278 477 4334 8.
504 4278 633 4346 Quis
654 4289 827 4334 autem
858 4282 1006 4335 novit
1027 4280 1141 4335 vias
1162 4281 1289 4337 istas
1308 4280 1559 4346 hominis,
1588 4279 1778 4337 fratres
1799 4282 1927 4357 mei,

347 4370 453 4435 nisi
498 4385 623 4426 vere
646 4371 731 4445 ille
780 4373 862 4427 cui
893 4371 1093 4428 dictum
1120 4380 1204 4429 est
1232 4414 1246 4439 ,
1300 4373 1377 4428 Tu
1428 4373 1706 4445 cognovisti
1729 4374 1933 4431 semitas

347 4464 530 4517 meas?
558 4463 747 4519 Omnia
770 4467 912 4522 enim
954 4464 1094 4521 facta
1128 4469 1357 4522 humana
1381 4479 1504 4523 ante
1532 4468 1719 4525 oculos
1756 4468 1933 4524 homi-

346 4571 509 4619 num;
542 4556 803 4611 incertum
849 4567 933 4614 est
956 4574 1062 4627 quo
1092 4559 1255 4615 corde
1303 4558 1452 4615 ﬁant.
1491 4562 1559 4615 Et
1599 4578 1754 4632 quam
1781 4562 1931 4617 multi

346 4646 496 4716 impii
529 4646 809 4702 metientes
830 4646 851 4678 ³
880 4650 1222 4718 semetipsos,
1245 4665 1310 4704 ex
1336 4651 1637 4722 semetipsis
1657 4651 1840 4727 dicunt
1866 4653 1933 4725 de

350 4739 505 4793 nobis
527 4739 665 4808 quod
692 4740 789 4794 ista
821 4742 870 4817 in
903 4738 1144 4796 Ecclesia
1191 4743 1499 4813 quaerimus,
1531 4743 1780 4808 honores,
1813 4745 1932 4801 lau-

347 4830 447 4885 des
470 4870 484 4893 ,
533 4832 787 4887 utilitates
830 4834 1388 4903 temporales?Quam
1434 4836 1586 4890 multi
1616 4838 1800 4893 dicunt
1845 4855 1931 4896 me

334 4928 632 4993 propterea
664 4922 806 4993 loqui
834 4924 1005 4991 vobis,
1039 4933 1096 4980 ut
1118 4925 1423 4983 acclametis
1472 4935 1524 4983 et
1552 4928 1775 4995 laudetis
1804 4946 1889 4987 me
1911 4972 1926 4996 ,

330 5020 403 5077 “et
428 5010 570 5066 hunc
611 5028 695 5068 me
720 5014 916 5071 habere
948 5015 1105 5072 ﬁnem
1149 5026 1204 5073 et
1230 5017 1364 5072 hanc
1390 5018 1736 5076 intentionem
1762 5064 1779 5090 ,
1808 5038 1927 5078 cum

346 5100 582 5173 loquor?
611 5104 674 5158 Et
720 5107 988 5177 quomodo
1017 5110 1094 5164 eis
1123 5109 1347 5166 ostendo
1397 5126 1503 5167 non
1549 5127 1608 5167 ea
1638 5114 1929 5172 intentione

348 5208 447 5255 me
478 5196 656 5269 loqui?
709 5196 897 5267 Bcstat
954 5210 1003 5253 ut
1036 5200 1208 5255 dicam
1236 5245 1252 5270 ,
1288 5201 1363 5257 Tu
1414 5205 1686 5277 cognovisti
1729 5209 1929 5262 semitas

348 5302 506 5342 meas.
540 5289 814 5363 Quomodo
837 5293 908 5347 illi
937 5295 1113 5349 sciunt
1155 5295 1296 5366 quod
1328 5312 1426 5354 nec
1456 5313 1551 5353 vos
1576 5300 1764 5356 scitis?
1789 5302 1931 5370 Quo-

346 5379 512 5437 modo
538 5381 610 5455 illi
641 5384 816 5440 sciunt
843 5372 983 5457 quod
1015 5387 1099 5441 vix
1134 5402 1234 5459 ego
1264 5390 1414 5445 scio?
1453 5390 1636 5463 Neque
1661 5394 1799 5448 enim
1831 5409 1929 5466 ego

328 5471 615 5543 ,meipsum
640 5474 874 5546 dijudico
898 5494 912 5531 :
940 5478 1030 5549 qui
1073 5478 1215 5536 enim
1246 5480 1499 5552 dijudicat
1540 5498 1647 5551 me,
1675 5485 1926 5542 Dominus

413 5614 433 5680 ξ
459 5619 533 5680 Er.
558 5614 704 5678 wgd.
737 5623 859 5666 Ven.
884 5623 1015 5680 Lov.,
1036 5616 1131 5669 hic.
1157 5627 1211 5670 Μ.

350 5676 543 5791 ιιὶὲῑιὶιι
579 5676 654 5728 Er“.
692 5684 745 5729 et
782 5685 893 5730 ων.
935 5676 1150 5734 addunt:
1172 5692 1227 5733 In
1261 5697 1339 5735 me
1375 5686 1715 5753 omnis:un
1747 5700 1777 5739 ιι
1821 5695 1927 5741 Mss.

418 5775 609 5867 Vulgo.
635 5811 689 5856 et
707 5810 827 5869 Reg.
845 5811 950 5867 Is,
971 5805 1266 5859 mentientes.
1297 5817 1361 5860 Il.

1496 284 1892 345 ENARRATIO
1918 283 1985 342 IN
2022 278 2346 353 PSALMUM
2384 291 2562 356 CXLI.

2088 420 2170 466 est
2194 412 2366 486 (lCor.
2382 433 2458 487 iv,
2475 420 2571 475 δεῖ
2586 421 2665 494 4).
2684 420 2875 482 Nescio
2899 428 3023 502 quid
3040 428 3108 487 de
3132 446 3190 505 se
3210 430 3397 509 Petrus
3420 446 3667 509 nesciens

2085 514 2442 611 praesumpsit,
2472 521 2527 569 et
2549 516 2691 611 aliud
2714 519 2925 578 videbat
2954 525 3192 583 medicus
3217 529 3270 586 in
3295 508 3499 593 viribus
3525 538 3664 611 ejus.

2085 598 2230 699 Ergo
2268 606 2352 672 pie
2388 622 2622 699 pureque
2647 610 2910 667 clametur
2949 617 3014 669 ad
3050 618 3352 694 Dominum,
3381 629 3503 699 quia
3532 598 3664 693 v-ere

2085 693 2342 749 clamatur
2370 738 2383 761 ,
2447 696 2522 751 Tu
2569 703 2846 773 cognovisti
2915 710 3119 763 semitas
3158 727 3341 779 .meas.
3581 726 3665 782 vis

2086 794 2143 838 ut
2196 784 2354 841 ducat
2401 796 2451 843 te
2500 806 2597 860 per
2635 790 2779 862 ipsas
2838 799 3099 855 semitas?
3151 801 3278 857 Esto
3331 790 3510 881 mitis,
3548 826 3665 875 esto

2083 887 2425 945 mansuetus;
2476 882 2584 936 noli
2624 899 2743 938 csse
2792 886 2941 945 ferox
2968 890 3020 957 ί,
3066 893 3170 947 noli
3220 900 3517 971 superbus,
3553 909 3659 962 noli

2081 981 2303 1067 excussa
2347 978 2401 1024 et
2445 983 2620 1029 erecta
2656 978 2865 1035 Cervice
2897 1020 2911 1044 ,
2966 983 3106 1037 sicut
3152 1000 3323 1058 equus
3364 1002 3417 1047 et
3464 997 3660 1067 mulus,

2080 1060 2294 1156 quibus
2330 1079 2433 1118 non
2484 1075 2567 1119 est
2619 1068 2923 1125 intellectus
2955 1071 3127 1143 (Psal.
3181 1094 3304 1134 xxxt
3336 1124 3352 1149 ,
3393 1082 3472 1156 9).
3528 1060 3661 1145 Cum

2079 1153 2221 1207 enim
2269 1152 2432 1210 fueris
2496 1158 2681 1227 mitis,
2748 1176 2868 1217 cum
2918 1162 3078 1219 fueris
3135 1152 3485 1246 mansuetus,
3530 1178 3663 1237 insi-

2078 1243 2169 1298 det
2190 1244 2468 1314 Dominus,
2498 1261 2551 1304 et
2574 1250 2733 1307 ducet
2763 1264 2814 1308 te
2842 1272 2936 1324 per
2958 1259 3070 1323 vias
3094 1275 3217 1315 snas
3242 1280 3256 1314 :
3287 1243 3479 1339 diriget
3508 1274 3654 1330 enim

2074 1337 2235 1399 mites
2263 1338 2312 1391 in
2348 1339 2572 1427 judicio,
2621 1342 2833 1400 docebit
2859 1360 3167 1407 mansuetos
3193 1355 3307 1411 vias
3337 1337 3461 1415 suas
3488 1362 3658 1430 (Psal.

2076 1445 2220 1497 ntv,
2250 1430 2326 1504 9).
2362 1432 2438 1488 Tu
2462 1452 2591 1508 ergo
2618 1441 2895 1510 cognovisti
2914 1444 3122 1500 semitas
3151 1463 3306 1503 meas.

2146 1521 2200 1579 9.
2227 1522 2291 1577 In
2343 1526 2424 1580 via
2466 1526 2562 1582 hac
2604 1546 2704 1599 qua
2745 1531 3085 1602 ingrediebar,
3116 1537 3489 1598 absconderant
3534 1548 3661 1604 mihi

2073 1616 2434 1685 muscipulam.
2491 1618 2587 1673 Via
2640 1621 2754 1676 haec
2798 1639 2899 1693 qua
2952 1626 3367 1699 ingrediebatnr,
3414 1634 3660 1696 Christus

2073 1714 2157 1769 est
2180 1724 2191 1760 :
2221 1706 2292 1799 ibi
2313 1707 2385 1761 illi
2402 1708 2796 1766 absconderant
2816 1716 3185 1786 muscipulam,
3214 1722 3301 1791 qui
3326 1739 3657 1799 persequun-

2068 1804 2160 1853 tur
2189 1798 2242 1853 in
2268 1798 2504 1863 Christo,
2529 1812 2749 1872 propter
2776 1819 2969 1860 nomen
3016 1806 3236 1864 Christi.
3270 1811 3346 1867 lbi
3382 1798 3511 1889 ergo
3534 1819 3654 1875 abs-

2068 1891 2348 1961 conderant
2381 1891 2719 1961 muscipulam
2768 1896 2963 1951 mihi’.
3013 1898 3152 1966 Quid
3203 1901 3258 1955 in
3311 1919 3398 1960 me
3441 1909 3654 1968 zelant?

2068 1975 2194 2046 quid
2224 1976 2276 2029 in
2310 1990 2394 2031 me
2423 1978 2849 2048 persequuntur?
2876 1980 3027 2048 Quod
3076 1982 3399 2043 Christianus
3426 2004 3567 2046 sum.
3596 1994 3654 2051 Si

2067 2084 2193 2141 ergo
2223 2068 2243 2101 ³
2271 2069 2371 2124 hoc
2403 2080 2812 2141 persequuntur,
2843 2074 2983 2143 quod
3029 2074 3354 2135 Christianus
3392 2097 3511 2138 sum
3537 2127 3553 2153 ,
3586 2085 3653 2147 In

2064 2164 2146 2217 uia
2193 2180 2292 2233 qua
2320 2163 2671 2234 ingrediebar,
2712 2165 3083 2222 absconderant
3129 2171 3256 2225 mihi
3292 2176 3648 2249 muscipulam.

2068 2250 2337 2321 Quantum
2374 2254 2427 2308 in
2483 2254 2612 2323 ipsis
2643 2262 2765 2321 est,
2800 2257 2852 2310 in
2882 2259 2961 2311 via
2996 2275 3098 2330 qua
3146 2260 3502 2335 ingrediebar,
3548 2271 3649 2341 ipsi

2060 2344 2458 2409 absconderunt
2485 2345 2838 2416 muscipulam
2864 2349 2992 2403 mihi
3030 2368 3043 2404 :
3074 2362 3332 2421 quantum
3368 2355 3435 2411 ad
3461 2372 3646 2417 eorum

2061 2438 2405 2506 CUpiditatem
2438 2438 2690 2506 pertinet,
2742 2450 3001 2511 quantum
3032 2438 3099 2495 ad
3129 2459 3313 2499 eorum
3346 2460 3596 2508 conatum
3621 2497 3638 2523 ,

2058 2539 2314 2602 quantum
2336 2529 2403 2584 ad
2428 2545 2612 2585 eorum
2642 2540 2845 2607 votum,
2879 2531 2932 2584 in
2961 2532 3070 2602 ipsa
3098 2533 3180 2589 via
3229 2551 3315 2591 me
3359 2538 3644 2599 voluerunt

2059 2622 2255 2676 habere
2283 2624 2634 2693 muscipulam
2682 2638 2785 2701 qua
2815 2638 3055 2694 caperer.
3096 2625 3200 2681 Sed
3228 2630 3364 2682 novit
3387 2627 3643 2690 Dominus

2055 2716 2188 2777 viam
2200 2716 2459 2787 justorum
2481 2733 2501 2783 ;
2531 2726 2576 2769 et
2598 2726 2652 2771 tu
2679 2717 2954 2791 cognovisti
2986 2718 3193 2775 semitas
3214 2737 3367 2776 meas.
3390 2722 3500 2780 Hoc
3524 2728 3643 2796 qui-

2054 2810 2175 2879 dem
2214 2810 2286 2864 illi
2330 2810 2650 2875 voluerunt;
2684 2807 2776 2863 sed
2810 2819 2863 2863 tu
2903 2824 2999 2865 eos
3048 2824 3155 2865 non
3202 2813 3464 2881 permittis
3501 2816 3554 2871 in
3586 2827 3641 2876 te

2050 2919 2253 2978 ponere
2265 2902 2591 2967 scandalum,
2612 2902 2735 2973 quia
2753 2910 2807 2973 tu
2831 2917 2890 2957 es
2910 2902 2992 2955 via
3016 2917 3152 2957 mea.
3174 2902 3306 2958 Nam
3327 2916 3380 2960 et
3403 2905 3638 2966 harretici

2050 3001 2108 3057 in
2137 3001 2349 3056 nomine
2367 2998 2563 3054 Christi
2591 2998 2744 3053 nobis
2760 2998 2944 3052 volunt
2962 2997 3290 3056 abscondam
3301 3000 3634 3074 scandalum,

2051 3103 2104 3151 et
2126 3094 2224 3163 ipsi
2246 3093 2514 3147 falluntur.
2563 3089 2715 3155 Quod
2748 3104 2807 3144 se
2830 3089 2881 3143 in
2904 3089 2984 3145 via
3024 3098 3210 3159 putant
3235 3106 3455 3161 ponere,
3484 3103 3634 3151 extra

2051 3186 2191 3242 viam
2213 3191 2435 3255 ponunt,
2452 3184 2572 3251 quia
2590 3188 2645 3235 et
2665 3181 2761 3257 ipsi
2783 3188 2932 3235 extra
2948 3180 3082 3233 viam
3106 3190 3257 3235 sunt:
3281 3182 3631 3256 muscipulam

2046 3293 2249 3352 ponere
2279 3258 2381 3343 non
2410 3282 2631 3345 possunt
2657 3270 2744 3325 ubi
2768 3272 2865 3341 ipsi
2898 3286 3001 3326 non
3027 3283 3175 3327 sunt.
3198 3272 3300 3329 Sed
3323 3274 3523 3331 dictum
3548 3288 3633 3334 est

2047 3368 2152 3443 hoc
2176 3367 2465 3424 secundum
2484 3364 2828 3437 cupiditatem
2844 3362 3101 3434 ipsorum,
3127 3365 3419 3421 secundum
3447 3379 3629 3427 votum

2046 3474 2100 3520 et
2129 3462 2434 3535 opinionem
2462 3473 2647 3514 eorum
2680 3473 2693 3510 :
2723 3472 2845 3510 nam
2875 3471 3127 3529 expresse
3152 3456 3275 3512 alibi
3297 3458 3497 3515 dictum
3522 3469 3626 3529 est,

2041 3556 2205 3613 Juxta
2226 3555 2428 3611 semitas
2458 3552 2702 3607 scandala
2728 3560 3000 3629 posuerunt
3030 3551 3154 3605 mihi
3180 3550 3199 3621 (
3231 3548 3375 3607 Psal.
3404 3568 3623 3625 cxxxrx,

2036 3651 2119 3725 .6).
2148 3651 2259 3707 Hoc
2284 3647 2424 3721 quod
2450 3646 2650 3702 dictum
2672 3652 2774 3711 est,
2813 3644 2867 3699 in
2896 3644 3012 3708 nia;
3036 3642 3331 3709 secundum
3360 3646 3625 3717 cupidi“-

2042 3751 2150 3801 tem
2181 3756 2365 3798 eorum
2392 3748 2448 3794 et
2483 3747 2662 3793 votum
2696 3734 2894 3790 dictum
2940 3743 3025 3791 est
3054 3750 3070 3788 :
3100 3732 3229 3789 illud
3250 3734 3393 3811 quod
3421 3734 3619 3791 dictum

2040 3844 2156 3901 est,
2178 3834 2326 3904 juxta
2349 3831 2508 3894 viam,
2531 3828 2584 3885 id
2614 3835 2716 3888 est,
2732 3827 2887 3897 juxta
2934 3825 3175 3897 semitas;
3207 3825 3499 3881 secundum
3529 3842 3622 3907 ve-

2038 3926 2254 3983 ritatem
2284 3922 2483 3978 dictum
2513 3928 2616 3975 est.
2645 3918 2847 3974 Revera
2873 3916 3016 3972 enim
3060 3931 3167 3971 non
3199 3925 3404 3987 ponunt
3445 3919 3499 3975 in
3528 3936 3617 3977 se-

2038 4019 2188 4087 mita,
2216 4031 2320 4073 non
2354 4022 2554 4086 ponunt
2598 4013 2649 4067 in
2685 4011 2800 4093 ipsa
2838 4011 2923 4065 via
2950 4051 2968 4077 ,
2997 4011 3121 4084 quia
3156 4010 3400 4067 Christus
3426 4024 3511 4071 est
3534 4015 3616 4091 via

2038 4110 2219 4185 (Joan.
2244 4124 2353 4177 xvi,
2382 4106 2439 4178 6)
2472 4123 2487 4160 :
2515 4119 2644 4160 sane
2669 4103 2819 4175 juxta
2870 4102 3090 4158 semitas
3118 4111 3342 4175 ponunt.
3373 4102 3495 4160 Non
3521 4120 3616 4162 eos

2035 4204 2284 4262 Christus
2305 4202 2430 4256 sinit
2462 4212 2661 4270 ponere
2704 4196 2756 4251 in
2789 4196 2896 4262 via,
2925 4210 2994 4251 ne
3018 4210 3125 4251 non
3156 4196 3223 4252 sit
3248 4211 3352 4267 qua
3378 4211 3566 4256 amns
3594 4217 3611 4256 :

2035 4296 2162 4356 sinit
2183 4304 2358 4349 tamen
2384 4306 2478 4348 eos
2502 4304 2703 4362 ponere
2726 4287 2874 4358 juxta
2898 4287 3059 4353 viam,
3088 4296 3149 4343 ut
3177 4286 3243 4342 de
3269 4287 3353 4342 via
3380 4303 3487 4346 non
3514 4289 3612 4348 de.

2033 4391 2314 4447 clinemus.
2344 4385 2399 4440 ln
2426 4384 2509 4439 via
2539 4397 2598 4439 se
2619 4389 2770 4453 putat
2792 4394 2992 4463 ponere
3014 4379 3323 4436 scandalum
3356 4398 3611 4455 paganus,

2032 4479 2246 4556 quando
2274 4476 2401 4532 mihi
2450 4474 2579 4530 dicit
2607 4490 2620 4526 :
2650 4472 2791 4529 Colis
2846 4471 3013 4527 Deum
3043 4472 3377 4527 cruciﬁxum.
3411 4472 3614 4544 Repre-

2033 4574 2218 4632 hendit
2241 4584 2454 4627 crucem
2474 4566 2713 4634 Christi,
2755 4579 2915 4636 quam
2937 4578 3044 4619 non
3075 4563 3343 4636 intelligit.
3368 4562 3423 4618 ln
3453 4564 3609 4619 Chri-

2031 4680 2115 4735 sto
2138 4684 2196 4724 se
2226 4674 2377 4738 putat
2397 4677 2596 4735 ponere
2616 4659 2757 4733 quod
2781 4660 2929 4731 juxta
2953 4658 3093 4712 viam
3116 4657 3285 4729 ponit.
3310 4655 3423 4711 Non
3451 4670 3607 4727 egre-

2031 4763 2147 4822 diar
2167 4779 2194 4815 ιι
2217 4760 2451 4826 Christo,
2480 4766 2534 4814 et
2575 4771 2680 4810 non
2733 4752 2961 4808 incidam
2987 4767 3018 4806 a
3042 4750 3125 4803 via
3156 4750 3205 4802 in
3232 4749 3606 4819 muscipulam.

2034 4856 2257 4915 lnsultet
2279 4854 2369 4910 ille
2392 4849 2649 4907 cruciﬁxo
2683 4846 2925 4910 Christo;
2951 4842 3158 4897 videam
3190 4856 3287 4913 ego
3334 4842 3386 4896 in
3404 4842 3608 4918 .l'ronti-

2030 4948 2131 5005 bus
2156 4962 2339 5019 regum
2363 4957 2576 5000 crucem
2613 4937 2829 4995 Christi.
2879 4934 3029 5005 Quod
3059 4932 3263 4998 irridet.
3300 4932 3370 4995 ibi
3405 4934 3603 4990 salvor.
3695 4924 3707 4939 ⁸

2029 5043 2170 5103 Nihil
2198 5051 2278 5098 est
2317 5036 2598 5111 superbius
2636 5038 2836 5102 aegroto
2871 5027 2961 5100 qui
2988 5026 3195 5082 deridet
3242 5024 3609 5083 medicamen-

2033 5148 2144 5195 tum
2187 5150 2360 5192 suum.
2390 5132 2445 5187 Si
2472 5144 2579 5185 non
2631 5121 2899 5180 derideret
2921 5161 2937 5187 ,
2996 5117 3262 5187 acciperet
3296 5124 3351 5173 et
3383 5116 3519 5188 ipse,
3550 5125 3601 5174 et

2029 5236 2327 5288 sanarctur.
2351 5224 2490 5280 Crux
2512 5220 2603 5275 illa
2629 5216 2835 5286 signum
2854 5220 2935 5268 est
2950 5207 3295 5274 humilitatis;
3321 5208 3408 5263 ille
3424 5215 3601 5264 autem

2030 5322 2276 5394 superbia
2333 5315 2491 5371 nimia
2522 5328 2629 5367 non
2678 5305 2919 5378 agnoscit
2971 5302 3112 5358 unde
3172 5312 3393 5357 sanetur
3422 5310 3603 5357 tumor

2032 5391 2223 5473 anima:
2246 5409 2431 5481 ipsius.
2463 5405 2520 5461 Si
2546 5413 2720 5459 autem
2752 5414 2851 5471 ego
2882 5410 3134 5467 agnosco,
3169 5394 3221 5449 in
3250 5393 3334 5449 via
3365 5391 3601 5447 ambulo.

2094 5554 2112 5584 ί
2138 5552 2210 5602 δίο
2230 5555 2347 5611 ιλοε·
2394 5550 2477 5594 Ms-
2501 5548 2549 5611 ιει
2582 5546 2631 5588 θα
2664 5534 3035 5611 omnium:
3060 5524 3606 5611 (iss-Primitia-

2030 5593 2783 5728 wr-iiaiaeaaut"
2795 5593 3416 5723 arammm
3435 5593 3611 5715 ista

2029 5744 2212 5852 ab'Asilc
2650 5794 2701 5837 et
2722 5791 2831 5833 Lov.
2850 5788 2901 5831 tu
2925 5787 2975 5831 Β.
2996 5778 3157 5839 deest,
3183 5786 3313 5843 ergo.
3357 5781 3417 5828 Il.
