4084 6474
551 369 693 432 I859

551 488 737 561 Usque
755 483 890 542 adeo
915 480 984 541 de
1006 494 1163 538 cruce
1190 494 1295 535 non
1324 475 1604 542 erubesco,
1635 480 1695 528 ut
1715 486 1819 527 non
1851 471 1902 525 in
1936 468 2122 524 occul-

550 591 611 639 to
640 583 759 637 loco
788 578 1013 635 habeam
1038 588 1248 629 crucem
1269 568 1485 632 Christi,
1508 566 1601 623 sed
1620 566 1671 621 in
1701 566 1872 620 fronte
1894 571 2123 633 portem.

551 673 720 729 Multa
769 670 1114 726 Sacramenta
1164 661 1317 715 aliter
1369 669 1528 728 atque
1575 657 1730 712 aliter
1788 654 2126 725 accipimus:

551 763 815 836 quredam,
869 757 1007 812 sicut
1059 753 1246 820 nostis,
1278 766 1371 807 ore
1412 749 1700 819 accipimus
1723 788 1736 813 ,
1768 745 2005 817 quaedam
2038 758 2133 814 per

553 860 719 905 totum
746 861 940 917 corpus
963 844 1271 914 accipimus.
1325 840 1459 908 Quia
1506 854 1635 895 vero
1677 839 1731 893 in
1774 836 1949 891 fronte
2003 850 2131 889 eru-

552 941 785 999 bescitur
807 980 823 1003 ,
851 938 941 994 ille
964 937 1054 1008 qui
1085 935 1235 1001 dixit,
1284 934 1384 1001 Qui
1432 948 1512 985 me
1552 929 1803 986 erubuerit
1838 943 2005 981 coram
2035 927 2130 980 Ito-

549 1036 791 1101 minibus,
818 1030 1103 1086 erubescam
1124 1043 1237 1081 eum
1265 1040 1435 1080 coram
1457 1021 1615 1077 Patre
1637 1036 1765 1088 meo,
1795 1019 1881 1089 qui
1916 1018 1969 1071 in
1997 1016 2133 1071 caelis

549 1138 625 1184 est
654 1126 804 1198 (Luc.
832 1140 908 1188 ιι,
934 1122 1045 1193 26)
1074 1136 1089 1186 ;
1123 1121 1288 1188 ipsam
1321 1115 1663 1185 ignominiam
1688 1110 1917 1183 quodam
1946 1108 2126 1175 modo,

549 1234 708 1291 quam
740 1212 933 1286 Pagani
961 1210 1225 1274 derident,
1257 1209 1310 1262 in
1337 1208 1457 1261 loco
1494 1203 1715 1275 pudoris
1734 1202 1901 1258 nostri
1927 1198 2128 1255 consti-

550 1290 672 1367 tuit.
700 1307 864 1363 Audis
889 1303 1160 1359 hominem
1188 1299 1443 1355 insultare
1473 1293 1790 1365 impudenti,
1820 1300 1876 1348 et
1904 1290 2082 1345 dicere
2111 1305 2125 1341 :

550 1400 812 1457 Frontem
850 1411 957 1451 non
989 1392 1166 1448 habet.
1196 1388 1332 1458 Quid
1360 1396 1461 1453 est,
1494 1385 1744 1440 Frontem
1792 1396 1900 1437 non
1933 1378 2129 1434 habet?

545 1489 832 1560 Impudens
899 1495 1001 1543 est.
1031 1483 1147 1539 Non
1188 1482 1413 1536 habeam
1440 1476 1635 1533 nudam
1666 1476 1933 1539 frontem;
1985 1479 2130 1542 tegat

545 1600 665 1641 eam
739 1596 868 1637 crux
943 1576 1155 1634 Domini
1208 1575 1333 1630 mei.
1390 1572 1529 1643 Ergo
1582 1569 1649 1624 In
1701 1570 1781 1624 eia
1823 1585 1924 1639 qua
1959 1568 2128 1636 ingre-

545 1674 739 1739 diebar,
771 1669 1139 1726 absconderant
1192 1662 1530 1735 muscipulam
1583 1661 1734 1727 mihi,
1767 1669 2020 1730 quantum
2074 1657 2128 1712 in

546 1767 677 1838 ipsis
696 1773 780 1820 est
807 1781 822 1829 ;
850 1778 970 1816 nam
1005 1763 1022 1793 ¹
1071 1760 1219 1830 juxta
1267 1759 1404 1811 viam
1447 1762 1781 1825 posuerunt:
1826 1768 1922 1821 ego
1950 1758 2126 1805 autem

550 1866 697 1913 tutus
723 1870 838 1919 ero,
868 1854 913 1908 si
944 1851 1011 1908 de
1039 1852 1125 1905 via
1154 1865 1259 1903 non
1303 1861 1599 1903 recessero.
1647 1843 1866 1915 Ignoras
1909 1842 2027 1910 quia
2073 1841 2127 1894 in

545 1950 713 2005 medio
739 1948 1030 2017 laqueorum
1059 1941 1352 2014 ingrederis,
1382 1939 1455 1992 ait
1484 1937 1761 2006 Scriptura
1800 1933 1818 2004 (
1845 1934 2003 1988 Eccli.
2034 1947 2085 1987 ix
2106 1973 2121 1999 ,

543 2041 661 2112 20).
692 2038 827 2106 Quid
859 2045 959 2103 est,
992 2036 1045 2089 in
1075 2034 1237 2087 medio
1260 2030 1597 2101 laqueorum?
1620 2028 1677 2082 In
1714 2027 1796 2080 via
1821 2024 2041 2090 Christi,
2073 2033 2126 2078 et

543 2134 670 2190 hinc
710 2130 906 2201 laquei,
937 2138 991 2184 et
1038 2127 1163 2181 hinc
1192 2124 1405 2192 laquei;
1437 2122 1608 2191 laquei
1643 2136 1672 2174 a
1700 2118 1919 2183 dextris,
1951 2116 2126 2188 laquei

543 2240 575 2280 a
598 2221 826 2279 sinistris
854 2237 868 2273 :
899 2218 1077 2290 laquei
1101 2232 1131 2270 a
1158 2215 1383 2279 dextris,
1433 2211 1759 2283 prosperitas
1788 2208 1965 2264 saeculi
1989 2226 2002 2273 ;
2048 2207 2125 2261 la-

542 2316 665 2388 quei
694 2330 725 2369 a
755 2310 986 2367 sinistris
1010 2351 1024 2376 ,
1053 2307 1351 2363 adversitas
1379 2304 1561 2359 surculi
1592 2321 1605 2356 :
1636 2302 1809 2373 laquei
1840 2316 1867 2353 a
1897 2299 2121 2365 dextris,

541 2404 965 2480 promissiones;
997 2400 1175 2471 laquei
1204 2415 1234 2454 a
1255 2397 1505 2463 sinisuis,
1530 2405 1782 2450 terrores.
1815 2393 1893 2448 Tu
1922 2393 1974 2446 in
2003 2404 2121 2447 me-

540 2502 633 2559 dio
663 2501 970 2569 laqueorum
1024 2492 1331 2565 ingredere,
1358 2506 1385 2544 a
1430 2488 1514 2544 via
1560 2488 1671 2543 noli
1710 2485 2123 2543 recedereznec

543 2592 839 2667 promissio
868 2599 920 2646 te
966 2587 1175 2659 capiat,
1204 2600 1305 2641 nec
1333 2595 1505 2640 terror
1548 2581 1714 2637 elidat
1738 2582 1780 2634 ².
1810 2578 1874 2633 In
1903 2580 1983 2633 via
2027 2577 2122 2633 hac

538 2701 639 2756 qua
665 2678 1017 2756 ingrediebar,
1044 2676 1406 2733 absconderant
1435 2672 1769 2743 muscipulam
1792 2671 1935 2725 mihi.

613 2776 701 2831 10.
732 2772 883 2847 [vers.
911 2760 1405 2843 5.]'Considerabam
1427 2766 1479 2820 in
1501 2765 1776 2831 dexteram,
1801 2772 1845 2817 et
1866 2760 2117 2815 videbam.

536 2867 599 2925 In
628 2867 901 2922 dexteram
950 2859 1353 2922 considerabat,
1386 2867 1439 2913 et
1467 2855 1720 2911 videbat:
1752 2854 1804 2908 in
1846 2853 2117 2907 sinistram

542 2961 636 3036 qui
663 2956 985 3020 considerat,
1008 2960 1323 3008 excaecatur.
1351 2949 1486 3019 Quid
1507 2950 1655 3005 estin
1684 2947 1957 3002 dexteram
1986 2959 2116 2999 con-

546 3050 822 3109 sidcrare?
849 3048 949 3105 Ubi
980 3054 1135 3103 erunt
1155 3045 1228 3099 illi
1256 3043 1446 3114 quibus
1473 3042 1677 3098 dicetur
1704 3057 1717 3093 :
1753 3039 1946 3105 Venite,
1972 3038 2119 3092 bene-

540 3146 661 3201 dicti
692 3140 865 3197 Patris
890 3140 1006 3206 mei,
1031 3137 1279 3209 possidete
1302 3151 1528 3207 regnum.
1554 3134 1721 3188 Erunt
1740 3131 1882 3187 enim
1904 3128 2117 3198 quidam

538 3238 594 3293 in
621 3235 855 3301 sinistra,
887 3232 1079 3303 quibus
1105 3230 1344 3285 dicetur:
1372 3226 1452 3281 Ite
1476 3228 1528 3280 in
1558 3227 1725 3297 ignem
1743 3233 2005 3286 aeternum,
2031 3220 2118 3293 qui

540 3339 748 3401 paratus
772 3336 845 3382 est
864 3325 1064 3380 diabolo
1087 3333 1134 3379 et
1160 3319 1351 3393 angelis
1378 3320 1485 3389 eius
1506 3318 1712 3391 (Matth.
1737 3333 1862 3384 xxv,
1892 3316 1980 3380 54,
2002 3312 2115 3387 41).

542 3421 829 3478 Fremente
859 3431 987 3487 ergo
1013 3424 1123 3471 toto
1143 3413 1343 3469 mundo
1370 3420 1423 3468 et
1446 3411 1681 3467 minante
1708 3410 1761 3464 in
1790 3408 2117 3479 persecutio-

541 3511 720 3576 nibus,
745 3507 1207 3565 crebrescentibus
1230 3504 1462 3571 undique
1487 3500 1918 3557 insultationibus
1941 3498 2116 3553 homi-

541 3618 671 3659 num
697 3610 860 3668 atque
877 3596 1192 3663 terroribus,
1222 3595 1311 3650 ille
1336 3604 1685 3650 contemnens
1710 3591 2011 3661 prtesentia,
2041 3603 2120 3645 re-

541 3692 800 3764 spiciebat
826 3691 875 3743 in
907 3688 1105 3756 futura,
1145 3685 1449 3741 attendebat
1473 3685 1525 3741 in
1552 3684 1825 3739 dexteram
1862 3682 1950 3737 ubi
1981 3681 2119 3736 futu-

539 3799 635 3841 rus
665 3792 775 3846 est;
809 3782 878 3837 ibi
905 3795 1025 3836 esse
1072 3777 1424 3833 meditabatur
1448 3819 1462 3843 ,
1522 3776 1649 3831 illuc
1675 3775 2011 3844 attendebat,
2063 3783 2119 3831 et

540 3875 796 3942 videbat,
828 3882 882 3929 et
904 3872 1025 3928 ideo
1058 3869 1234 3926 omnia
1263 3867 1471 3924 ferebat
1499 3884 1513 3921 :
1543 3866 1617 3922 illi
1662 3876 1842 3922 autem
1875 3867 1964 3938 qui
1994 3881 2118 3938 per-

541 3969 921 4039 sequebantur,
951 3980 1058 4020 non
1087 3962 1357 4019 videbant.
1388 3960 1511 4018 Ideo
1544 3976 1664 4017 cum
1691 3961 1914 4027 diceret,
1942 3960 2119 4014 Consi-

541 4064 780 4137 derabam
799 4063 849 4116 in
880 4060 1159 4121 dexteram,
1190 4068 1237 4113 et
1262 4056 1491 4112 uidebam
1508 4071 1527 4121 ;
1555 4066 1767 4112 secutus
1804 4056 1897 4120 ait,
1921 4054 1989 4109 Et
2017 4072 2117 4110 non

542 4166 654 4213 erat
695 4156 780 4225 qui
822 4160 1138 4223 eoquosceret
1189 4166 1287 4203 me.
1317 4146 1448 4203 Cum
1479 4150 1620 4203 enim
1678 4147 1870 4201 toleras
1916 4147 2113 4211 omnia,

546 4249 666 4319 quis
686 4245 831 4300 novit
861 4244 984 4314 quid
1012 4240 1288 4303 attendas;
1315 4247 1494 4294 utrum
1526 4239 1576 4293 in
1594 4238 1867 4292 dexteram
1904 4238 2116 4294 oculum

544 4339 763 4407 dirigas,
789 4352 853 4389 an
884 4336 935 4389 in
968 4332 1274 4388 sinistram?
1323 4329 1380 4385 lu
1413 4344 1479 4385 eo
1508 4329 1647 4399 quod
1692 4329 1908 4395 toleras,
1941 4331 1983 4384 si
2005 4329 2117 4384 lau-

547 4429 669 4485 dem
702 4426 971 4481 hominum
999 4425 1217 4495 quzeris,
1252 4424 1304 4477 in
1335 4423 1603 4477 sinistram
1623 4422 1893 4477 attendisti
1925 4440 1938 4476 :
1970 4422 2023 4476 in
2050 4437 2115 4477 eo

546 4520 686 4592 quod
710 4518 925 4578 toleras,
957 4516 999 4569 si
1024 4516 1283 4586 promissa
1305 4514 1397 4567 Dei
1422 4514 1634 4583 qumris.
1662 4514 1712 4567 in
1742 4512 2012 4568 dexteram
2040 4521 2119 4568 at-

547 4608 1079 4670 lettdisli.Attettdisli
1107 4607 1158 4660 in
1185 4605 1484 4671 dexteram,
1509 4604 1715 4660 videbis
1737 4622 1748 4658 :
1768 4604 2037 4660 attendisti
2064 4606 2117 4661 in
2201 4622 2207 4626 '

544 4704 840 4768 sinistram,
856 4698 1227 4756 emecaberis.
1247 4695 1349 4750 Sed
1367 4704 1555 4751 etcum
1574 4694 1718 4751 vides
1741 4696 1791 4751 in
1823 4695 2115 4764 dexteram,

544 4813 652 4854 non
671 4795 769 4851 erit
787 4794 874 4863 qui
908 4804 958 4846 te
984 4798 1253 4862 agnoscat.
1274 4788 1404 4856 Quis
1429 4787 1570 4842 enim
1601 4798 1652 4843 te
1675 4790 1994 4854 consolatur,
2019 4790 2119 4844 nisi

546 4888 805 4942 “ominus
842 4886 925 4940 cui
962 4883 1094 4938 dicis
1126 4923 1141 4950 ,
1193 4879 1261 4935 Et
1291 4890 1344 4935 tu
1382 4879 1656 4951 cognovisti
1704 4880 1901 4935 semitas
1944 4882 2120 4935 meas?

547 4979 659 5035 Nec
680 4989 784 5035 erat
804 4977 889 5043 qui
912 4984 1227 5049 cognosceret
1249 4990 1342 5028 me.

623 5073 712 5128 11.
745 5070 907 5125 Periit
958 5073 1081 5141 fuga
1106 5085 1136 5121 a
1165 5084 1263 5122 me.
1303 5066 1575 5137 Tanquam
1607 5066 2014 5121 circumclusum
2061 5080 2120 5122 se

549 5162 680 5222 dicit
704 5180 718 5220 :
749 5161 909 5217 Periit
937 5164 1060 5231 fuga
1082 5177 1114 5213 a
1135 5175 1230 5213 me.
1278 5157 1533 5213 insultent
1564 5157 1585 5188 ⁸
1616 5166 2000 5228 persecutores,
2028 5172 2123 5228 0p-

552 5270 769 5317 nrcssus
816 5263 929 5319 est,
982 5260 1167 5322 captus
1226 5260 1336 5314 est,
1388 5249 1768 5305 circumclusus
1796 5258 1896 5315 est,
1948 5248 2120 5304 victus

549 5360 631 5405 est
657 5345 676 5377 ⁸
703 5363 717 5411 ;
762 5344 919 5416 periit
948 5343 1066 5415 fuga
1095 5342 1161 5398 ab
1190 5343 1296 5397 illo.
1318 5342 1398 5397 Ab
1423 5342 1513 5396 illo
1538 5341 1691 5411 periit
1716 5340 1835 5412 fuga
1857 5383 1871 5409 ,
1901 5341 1989 5411 qui
2014 5355 2119 5397 non

616 5534 633 5563 ¹
659 5532 732 5581 Sic
755 5536 854 5578 Am.
878 5533 952 5576 Er.
980 5532 1032 5575 et
1053 5523 1232 5587 aliquot
1260 5531 1366 5575 MSS.
1391 5531 1442 5573 At.
1465 5523 1657 5587 quidam
1678 5521 1868 5572 codices
1898 5523 2121 5572 omittunt

546 5606 661 5647 nam
685 5606 703 5655 ς
722 5593 860 5655 cujus
881 5590 985 5639 loco
1008 5583 1221 5655 nonnulli
1243 5599 1350 5655 cum
1372 5583 1702 5655 Lovfhatient,
1722 5597 1831 5634 non.

614 5659 635 5688 ²
658 5646 882 5716 Plerique
905 5659 1032 5705 Mss.
1053 5647 1197 5716 capit,
1220 5660 1305 5698 nec
1329 5654 1483 5716 terror
1506 5646 1654 5697 elidit.

615 5719 634 5749 ³
660 5723 732 5766 Er.
769 5706 944 5766 eiLov.
968 5727 981 5762 :
1003 5706 1231 5761 lnsultant
1263 5714 1601 5773 persecutores.
1628 5716 1680 5759 At
1715 5717 1811 5759 Am.
1834 5716 2025 5771 elMSSc,
2050 5709 2121 5762 in-

548 5780 738 5831 saltent.

615 5847 637 5874 δ
661 5841 854 5902 Quidam
872 5846 998 5901 Mss,
1021 5834 1201 5890 vinctus
1222 5843 1309 5889 est.

1773 356 1829 414 S.
1870 344 2234 411 AUGUSTINI
2272 351 2572 413 EPISCOPI

3670 371 3802 434 ίειο

2236 466 2386 541 fugit.
2419 470 2518 538 Qui
2553 481 2731 529 autem
2768 489 2874 531 non
2910 474 3064 548 fugit,
3095 478 3290 548 patitur
3338 481 3595 552 quidquid
3636 495 3805 556 potest

2239 578 2335 633 pro
2388 564 2628 629 Christo;
2664 566 2713 619 id
2744 575 2843 631 est,
2868 582 2972 622 non
3012 567 3147 640 lugit
3196 571 3392 628 animo.
3423 571 3556 630 Nam
3586 590 3803 647 corpore

2236 653 2419 725 fugere
2456 656 2602 724 licet,
2631 673 2944 715 concessum
2985 669 3102 729 est,
3146 664 3460 733 permissum
3490 676 3597 733 est,
3637 668 3806 727 Domi-

2236 760 2305 799 ltO
2356 745 2565 801 dicente
2596 765 2608 801 :
2642 748 2703 804 Si
2731 766 2815 804 vos
2843 752 3087 820 persecuti
3129 753 3316 823 fuerint
3341 756 3394 809 in
3444 773 3549 811 una
3574 759 3769 815 civitate
3789 804 3803 829 ,

2236 839 2393 909 fugite
2420 841 2470 894 in
2492 842 2645 895 aliam
2668 841 2876 912 (Matth.
2910 860 2967 908 Χ,
2998 843 3111 915 25).
3135 845 3232 915 Qui
3264 861 3390 916 ergo
3407 864 3510 902 non
3534 848 3668 921 fugit
3696 853 3805 907 ani-

2237 946 2352 998 mo,
2383 932 2539 1001 pcriit
2568 933 2633 987 ab
2659 932 2751 986 illo
2796 933 2935 1004 fuga.
2969 933 3073 989 Sed
3127 935 3348 991 interest
3376 953 3542 1008 quare
3593 957 3699 995 non
3729 943 3800 998 fu-

2239 1024 2378 1091 giat;
2414 1026 2535 1094 quia
2581 1025 2961 1082 circumclusus
2999 1037 3116 1092 est,
3169 1031 3289 1099 quia
3327 1041 3514 1101 captus
3575 1043 3697 1100 est,
3726 1050 3791 1091 an

2237 1115 2359 1185 quia
2416 1116 2567 1171 fortis
2595 1126 2675 1171 est
2710 1136 2723 1172 :
2754 1128 2808 1173 et
2846 1134 2875 1180 a
2906 1127 3062 1190 capto
3103 1120 3247 1174 enim
3306 1122 3464 1191 periit
3498 1120 3648 1192 fuga,
3676 1136 3730 1180 et
3776 1142 3803 1179 a

2234 1206 2357 1262 forti
2395 1210 2548 1277 periit
2581 1208 2722 1279 fuga.
2770 1208 2899 1277 Quae
2951 1224 3078 1278 ergo
3114 1209 3235 1281 fuga
3285 1212 3519 1268 cavenda
3546 1215 3665 1269 est?
3694 1231 3805 1285 qua:

2235 1297 2352 1368 luga
2378 1313 2408 1353 a
2447 1299 2599 1353 nobis
2638 1301 2862 1370 pereat?
2892 1300 2966 1355 De
2992 1316 3093 1370 qua
3116 1300 3371 1357 Dominus
3398 1302 3528 1358 dicit
3552 1305 3607 1359 in
3638 1305 3805 1360 Evan-

2242 1390 2405 1459 gelio,
2439 1391 2559 1459 quia
2589 1400 2760 1459 pastor
2796 1390 2954 1444 bonus
2980 1392 3203 1445 animam
3236 1408 3379 1446 suam
3403 1394 3544 1463 ponit
3577 1412 3671 1464 pro
3710 1399 3808 1450 osi-

2235 1480 2325 1533 bus
2345 1481 2448 1533 suis
2480 1496 2498 1533 :
2528 1482 2863 1535 mercenarius
2889 1492 3052 1535 autem
3072 1492 3117 1536 et
3136 1484 3218 1553 qui
3248 1499 3348 1537 non
3374 1493 3447 1538 est
3475 1496 3671 1554 pastor,
3699 1505 3807 1542 cum

2232 1573 2409 1627 viderit
2464 1573 2639 1643 lupum
2668 1576 2959 1641 venientem,
2994 1575 3144 1647 fugit.
3176 1574 3306 1630 Cum
3362 1577 3559 1632 viderit
3597 1580 3805 1649 pnrdo-

2233 1680 2376 1728 nem,
2433 1681 2596 1736 quare
2637 1666 2806 1736 fugit?
2837 1666 2968 1732 Quia
3011 1683 3113 1721 non
3158 1677 3230 1722 est
3282 1669 3328 1722 ei
3375 1685 3496 1723 cura
3534 1671 3598 1724 de
3639 1672 3803 1726 ovibus

2234 1754 2413 1828 (Joan.
2456 1773 2510 1821 ι,
2554 1757 2768 1828 11-15).
2810 1757 2953 1811 Talis
2990 1757 3107 1827 fuga
3161 1759 3229 1814 ab
3269 1760 3370 1813 isto
3402 1762 3671 1830 perierat;
3700 1765 3801 1820 sive

2232 1846 2299 1901 ab
2335 1848 2498 1917 ipsius
2528 1848 2721 1917 capitis
2758 1863 2981 1917 persona
3015 1850 3332 1919 accipiamus
3361 1850 3499 1905 hanc
3527 1868 3711 1907 vocem
3741 1853 3797 1908 il-

2233 1938 2334 1992 lius
2359 1938 2560 1993 Christi
2594 1939 2834 2005 Domini,
2869 1940 2956 2010 qui
3000 1955 3095 2009 pro
3126 1941 3371 1996 omnibus
3404 1952 3646 1998 mortuus
3678 1955 3752 1999 est
3780 1962 3793 2008 ;

2240 2030 2354 2085 sive
2381 2045 2411 2084 a
2439 2030 2691 2085 membris
2719 2032 2834 2101 ejus
2880 2032 3202 2104 martyribus
3232 2035 3452 2102 nostris,
3481 2045 3606 2105 quia
3631 2045 3684 2091 et
3708 2037 3795 2106 ipsi

2236 2136 2334 2191 pro
2360 2120 2617 2175 fratribus
2660 2124 2801 2193 passi
2848 2134 2992 2179 sunt.
3036 2125 3169 2178 Audi
3206 2124 3462 2181 Joannem
3494 2126 3793 2183 dicentem:

2233 2216 2379 2271 Sicut
2417 2216 2549 2269 enim
2598 2216 2684 2270 ille
2707 2218 2928 2272 animum
2970 2235 3112 2272 suam
3141 2235 3231 2289 pro
3270 2220 3409 2274 nobis
3439 2222 3629 2291 posuit,
3656 2224 3725 2275 sic
3757 2232 3801 2277 et

2231 2324 2322 2363 nos
2354 2307 2589 2362 debemus
2614 2310 2808 2363 animas
2847 2327 2937 2379 pro
2963 2311 3204 2381 fratribus
3240 2328 3422 2382 ponere
3449 2311 3489 2381 (l
3523 2311 3680 2365 Joan.
3712 2328 3807 2378 ιιι,

2231 2399 2344 2473 16).
2374 2400 2475 2456 Sed
2502 2415 2621 2455 cum
2654 2402 2724 2455 illi
2759 2410 2993 2471 ponunt,
3026 2401 3269 2458 Christus
3315 2402 3491 2473 ponit;
3521 2403 3645 2473 quia
3684 2418 3807 2458 cum

2229 2491 2306 2546 illi
2345 2492 2616 2562 patiuntur
2643 2494 3069 2561 persecutionem
3092 2536 3107 2559 ,
3141 2493 3253 2563 ipse
3293 2493 3509 2557 clamat,
3564 2492 3701 2560 Quid
3731 2511 3809 2549 me

2229 2586 2537 2655 persequeris
2564 2583 2699 2654 (Act.
2740 2598 2813 2649 ix,
2838 2584 2938 2654 4)?
2978 2582 3133 2637 Periit
3166 2587 3287 2655 fuga
3309 2600 3339 2637 a
3367 2600 3489 2648 me;
3523 2593 3569 2638 et
3599 2601 3703 2637 non
3734 2595 3807 2639 est

2227 2679 2312 2749 qui
2333 2678 2559 2747 exquirat
2580 2680 2800 2729 animam
2822 2692 3001 2729 nteant.
3027 2675 3165 2746 Ergo
3196 2690 3299 2730 non
3340 2684 3425 2730 est
3449 2675 3538 2746 qui
3558 2675 3811 2746 exquirat

2226 2769 2458 2824 animam
2485 2768 2689 2839 ipsius?
2712 2767 2866 2822 Videt
2888 2767 3128 2822 homines
3151 2767 3287 2822 velle
3311 2767 3498 2823 szevire
3519 2766 3573 2821 in
3614 2781 3806 2823 necem

2225 2877 2396 2925 suam,
2431 2862 2566 2917 velle
2595 2861 2865 2916 ell‘undere
2903 2862 3215 2930 sanguinem
3268 2860 3469 2930 ipsius;
3525 2859 3806 2929 quomodo

2233 2971 2339 3010 non
2367 2964 2451 3011 est.
2480 2955 2569 3023 qtti
2602 2954 2837 3024 requirat
2884 2954 3113 3008 animam
3166 2952 3315 3022 ejus?
3360 2952 3426 3007 Et
3466 2952 3565 3009 hoc
3592 2952 3806 3009 duobus

2229 3046 2403 3101 modis
2449 3045 2722 3115 accipitur.
2777 3044 3056 3112 Quomodo
3104 3046 3277 3115 perire
3324 3042 3500 3113 fugam
3544 3043 3807 3113 accipitur

2225 3137 2431 3193 duobus
2460 3137 2655 3203 modis,
2697 3137 2817 3207 quia
2846 3144 2899 3193 ct
2924 3151 2954 3189 a
2984 3144 3137 3207 capto
3162 3145 3216 3191 et
3265 3150 3293 3189 a
3321 3134 3444 3189 forti
3473 3136 3607 3204 perit
3637 3135 3803 3206 fuga;

2228 3234 2305 3287 sic
2330 3231 2540 3286 duobus
2565 3230 2737 3285 modis
2764 3230 3018 3300 quaeritur
3038 3228 3208 3282 anima
3241 3227 3487 3294 hominis,
3516 3236 3606 3282 aut
3630 3242 3660 3281 a
3688 3243 3806 3297 pcr-

2225 3325 2579 3387 secutoribus,
2608 3333 2698 3378 aut
2718 3340 2747 3378 a
2788 3321 3150 3378 dilectoribus.
3182 3319 3256 3375 Ita
3281 3334 3427 3391 ergo.
3461 3318 3581 3374 Non
3606 3329 3678 3375 est
3713 3320 3804 3391 qui

2227 3418 2449 3491 requirat
2491 3418 2717 3471 animant
2760 3432 2920 3469 meam
2941 3431 2959 3469 :
2978 3414 3045 3470 de
3072 3413 3178 3469 illis
3206 3412 3337 3467 dixit
3366 3455 3382 3481 ,
3413 3413 3570 3469 Certe
3609 3428 3799 3483 persco

2225 3519 2462 3582 quuntur
2488 3512 2505 3541 ⁸
2532 3509 2761 3563 animam
2796 3522 2966 3562 meam
2994 3547 3010 3573 ,
3055 3514 3109 3561 et
3159 3519 3263 3560 non
3297 3514 3540 3575 quaerunt
3564 3506 3800 3561 animam

2223 3617 2421 3657 meam.
2446 3600 2501 3655 Si
2531 3609 2707 3654 autem
2740 3598 3012 3668 requirunt
3040 3595 3268 3651 animam
3299 3611 3491 3661 meam,
3527 3595 3800 3651 invenient

2221 3692 2568 3751 inlucrentem
2594 3693 2719 3748 tibi:
2748 3701 2802 3748 et
2845 3692 2887 3746 si
2919 3697 3114 3745 norunt
3156 3704 3274 3745 eam
3302 3704 3557 3759 quaerere,
3599 3697 3803 3743 norunt

2222 3795 2275 3843 et
2298 3785 2509 3840 imitari.
2538 3784 2668 3839 Nam
2698 3794 2753 3839 ut
2780 3782 3030 3838 noveritis
3046 3781 3209 3853 quaeri
3236 3780 3464 3835 animam
3487 3778 3722 3833 hominis
3745 3786 3801 3833 et

2224 3894 2253 3933 a
2280 3876 2725 3949 persecutoribus,
2752 3875 2873 3931 inde
2897 3874 3019 3929 alibi
3058 3872 3251 3928 dicitur
3274 3889 3287 3927 :
3310 3869 3719 3942 Confundantur,
3751 3879 3800 3925 et

2222 3970 2631 4041 revereanturqui
2645 3977 2871 4040 quierunt
2888 3967 3106 4019 animam
3122 3980 3283 4018 meam
3299 3960 3466 4033 (Psal.
3484 3976 3662 4022 xxxix.
3680 3960 3797 4031 15).

2170 4056 2209 4115 θ’
2296 4061 2382 4117 12.
2415 4061 2575 4135 [vers.
2607 4058 2697 4132 6.]
2725 4058 2947 4112 (Παπιαυὶ
2980 4057 3048 4110 ad
3085 4065 3162 4122 te,
3190 4053 3438 4118 Domine;
3467 4052 3601 4114 dixi,
3634 4050 3678 4104 Τ
3678 4068 3710 4103 u
3749 4067 3801 4105 es

2222 4171 2335 4225 spes
2360 4170 2489 4207 mea.
2517 4152 2735 4220 Quando
2764 4150 3070 4212 tolerabam,
3100 4148 3310 4220 quando
3337 4144 3640 4211 tribulahar,
3664 4145 3797 4211 dixi,

2227 4246 2303 4301 Tu
2327 4263 2377 4300 es
2400 4263 2512 4317 spes
2536 4260 2663 4299 mea.
2694 4243 2826 4313 Spes
2855 4258 2971 4297 mea
3002 4240 3118 4303 hic;
3148 4239 3266 4293 ideo
3291 4238 3475 4291 tolero.
3501 4234 3677 4289 Portio
3701 4251 3805 4291 au-

2224 4348 2331 4394 tem
2368 4354 2511 4404 mea,
2543 4352 2646 4391 non
2688 4335 2802 4400 hic,
2831 4333 2923 4388 sed
2959 4334 3013 4385 in
3047 4342 3175 4385 terra
3213 4328 3494 4383 viventium.
3530 4326 3623 4379 Dat
3655 4326 3800 4381 Deus

2225 4432 2518 4503 portionem
2550 4429 2603 4482 in
2639 4437 2774 4483 terra
2802 4425 3118 4487 viventium;
3149 4421 3239 4476 sed
3282 4433 3385 4474 non
3421 4415 3617 4490 aliquid
3644 4432 3675 4472 a
3701 4432 3796 4485 se,

2223 4534 2376 4582 extra
2404 4538 2480 4579 se.
2508 4521 2643 4589 Quid
2669 4519 2812 4574 dabit
2835 4519 3029 4572 amanti
3052 4531 3129 4580 se,
3154 4514 3252 4569 uisi
3276 4512 3374 4570 se?

2298 4619 2384 4674 15.
2414 4616 2566 4689 (vers.
2600 4614 2684 4687 7.]
2710 4612 2921 4667 Intende
2946 4612 3013 4665 ad
3041 4610 3313 4664 orationem
3339 4623 3532 4673 meam;
3554 4609 3672 4677 quia
3698 4608 3799 4662 Im-

2225 4713 2446 4767 miliatus
2485 4726 2597 4765 sum
2645 4709 2813 4762 nimis.
2867 4705 3180 4759 llumiliatus
3220 4718 3249 4757 a
3291 4701 3715 4774 persecutoribus
3739 4702 3794 4768 ',

2226 4801 2532 4857 humiliatus
2573 4799 2628 4854 in
2670 4796 3021 4852 confessione.
3063 4793 3316 4848 liumiliat
3346 4807 3404 4848 se
3443 4788 3793 4856 invisibiliter,

2228 4892 2529 4947 humiliatus
2553 4891 2619 4945 ab
2646 4889 2881 4943 hostibus
2904 4885 3197 4941 visibiliter.
3228 4884 3455 4955 Erigitur
3471 4898 3599 4953 ergo
3618 4884 3797 4937 abillo

2226 4985 2501 5040 visibiliter
2524 4991 2578 5039 et
2614 4980 2960 5037 imisihiliter.
2993 4978 3323 5033 lnvisibiliter
3351 4977 3510 5032 erecti
3542 4987 3665 5030 sunt
3686 4976 3796 5047 jam

2227 5088 2487 5151 martyres
2516 5096 2528 5130 :
2557 5075 2828 5130 visibiliter
2853 5073 3153 5144 erigentur,
3183 5086 3301 5126 cum
3330 5070 3671 5138 corruptibile
3699 5068 3797 5123 hoc

2229 5170 2457 5227 induerit
2482 5168 2924 5237 incorruptionem
2955 5165 3006 5219 in
3034 5164 3419 5220 resurrectione
3448 5173 3793 5227 mortuorum,

2229 5280 2347 5319 cum
2377 5273 2431 5316 et
2457 5261 2555 5315 hoc
2581 5261 2750 5330 ipsum
2780 5259 2831 5313 in
2857 5257 2994 5328 quod
3024 5256 3190 5311 solum
3219 5266 3586 5326 persecutores
3615 5252 3797 5308 smvire

2228 5363 2534 5425 potuerunt,
2563 5350 2936 5407 instaurahitur
2961 5348 3004 5418 (Ι
3036 5347 3151 5401 Cor.
3181 5361 3269 5413 xv,
3296 5345 3409 5415 55).
3440 5343 3612 5399 Nolite
3631 5345 3793 5397 timere

2230 5465 2312 5503 eos
2335 5449 2422 5518 qui
2447 5462 2628 5517 corpus
2654 5442 2906 5506 occidunt,
2932 5440 3151 5493 animum
3175 5448 3339 5492 autem
3366 5453 3470 5491 non
3491 5445 3695 5506 possunt
3716 5448 3800 5487 oc-

2229 5542 2394 5597 cidere
2422 5538 2644 5611 (Matth.
2672 5553 2703 5592 x
2723 5580 2736 5605 ,
2766 5534 2835 5591 28
2855 5535 2894 5606 ).
2924 5534 2991 5589 Et
3014 5532 3136 5606 quid
3166 5531 3340 5603 perit?
3366 5529 3491 5602 quid
3519 5526 3800 5586 occidunt?

2294 5703 2311 5734 ί
2338 5709 2410 5749 Er.
2436 5696 2582 5760 Lugd.
2609 5703 2725 5745 Ven.
2752 5702 2804 5743 et
2826 5701 2952 5744 l.ov.:
2980 5700 3051 5743 De
3082 5687 3179 5741 illis
3217 5687 3345 5740 diuit
3374 5693 3503 5739 certe
3524 5684 3609 5750 qui
3643 5694 3799 5747 persc-

2228 5765 2538 5886 qz‘li’ltgvifii
2554 5818 2877 5887 peccatoribus
2900 5830 2915 5869 :
2942 5813 3337 5873 dissentientibus
3358 5811 3468 5867 Edd.
3504 5809 3609 5869 aliis
3633 5813 3679 5863 et
3694 5812 3800 5861 uss.
