4084 6450
352 391 488 449 1841

357 508 453 564 Vel
492 507 594 562 hoc
635 504 713 561 eis
749 502 1087 576 permittitur,
1117 509 1176 558 ut
1212 500 1352 572 quod
1392 499 1684 557 occiderint
1721 500 1935 570 pereat?

352 601 467 657 Non
493 599 682 669 periet.
714 597 849 653 Audi
880 596 1047 668 ipsius
1073 594 1279 651 Domini
1310 595 1715 665 promissionem
1740 611 1754 649 :
1778 593 1937 650 Amen

351 692 465 745 dico
491 688 627 745 vobis
644 730 657 755 ,
688 689 904 759 capillus
932 688 1110 760 capitis
1138 686 1286 742 uestri
1312 703 1413 741 non
1437 686 1589 757 pariet
1615 684 1780 757 (Luc.
1808 701 1897 741 χιι
1917 728 1933 752 ,

350 783 461 854 l8).
493 782 629 851 Quid
666 796 794 852 ergo
819 780 886 838 de
918 782 1125 836 exteris
1152 777 1406 835 membris
1442 777 1697 833 sollicitus
1725 791 1813 845 es,
1846 776 1935 833 ubi

348 875 598 931 damnum
631 875 806 947 capilli
835 889 941 930 non
966 872 1101 929 erit?

420 970 507 1025 14.
539 968 679 1023 Erue
714 984 795 1024 me
827 985 858 1022 a
887 966 1286 1039 persequentibus
1314 982 1412 1020 me.
1446 964 1487 1019 A
1518 963 1709 1035 quibus
1736 962 1932 1034 putatis

346 1060 489 1133 quod
514 1068 630 1117 oret
649 1068 707 1114 ut
731 1059 985 1116 eruatur?
1005 1058 1087 1114 Ab
1109 1058 1408 1113 hominibus
1427 1056 1517 1129 qui
1545 1055 1934 1127 persequeban-

348 1152 465 1208 tur?
495 1150 569 1206 ita
598 1165 726 1207 vero
756 1150 857 1221 ipsi
887 1149 1129 1205 homines
1154 1158 1278 1205 sunt
1310 1148 1490 1203 hostes
1518 1147 1725 1203 nostri?
1753 1147 1929 1202 Habe-

346 1260 463 1300 mus
487 1244 620 1299 alios
649 1242 832 1299 hostes
869 1242 1191 1307 invisibiles,
1220 1243 1309 1312 qui
1340 1241 1492 1295 aliter
1522 1248 1926 1310 persequuntur.

342 1336 514 1394 llomo
558 1334 919 1407 persequitur,
964 1342 1021 1389 ut
1064 1333 1269 1388 occidat
1312 1347 1544 1403 corpus;
1599 1331 1931 1403 persequitur

343 1428 498 1494 alius,
528 1436 588 1482 ut
612 1427 861 1497 illaqueet
888 1424 1137 1479 animam.
1161 1425 1229 1480 Et
1254 1423 1372 1480 ideo
1397 1440 1490 1493 per
1516 1438 1637 1478 vasa
1664 1438 1780 1489 sua,
1807 1422 1929 1492 quia

341 1521 407 1576 de
432 1520 525 1575 illo
549 1519 746 1574 dictum
776 1527 877 1581 est,
905 1518 1157 1587 Operatur
1182 1518 1234 1571 in
1259 1517 1379 1586 ﬁliis
1401 1516 1688 1588 diﬂidentiw
1710 1513 1925 1584 (Ep/tes.

343 1626 399 1677 ll,
429 1611 486 1682 2)
516 1628 529 1665 :
557 1626 652 1682 per
677 1625 799 1666 vasa
821 1625 937 1674 sua,
968 1608 1020 1664 id
1046 1619 1148 1676 est,
1175 1608 1420 1665 homines
1445 1611 1496 1663 in
1522 1610 1713 1680 quibus
1740 1623 1929 1677 opera-

344 1712 457 1765 tur,
486 1702 592 1774 agit
631 1701 1052 1772 persecutionem
1081 1700 1323 1769 corporis
1342 1742 1357 1766 ,
1389 1708 1444 1754 ut
1475 1700 1616 1754 intus
1646 1699 1735 1755 ﬁat
1775 1699 1927 1755 ruina

341 1795 540 1852 cordis.
561 1794 694 1849 Nam
719 1794 764 1849 si
789 1793 1011 1850 cadente
1034 1808 1256 1863 corpore
1283 1799 1387 1848 stat
1412 1791 1609 1857 anima,
1634 1792 1927 1862 muscipula

341 1886 664 1944 comminuta
695 1895 809 1951 est,
838 1893 894 1942 et
918 1900 1017 1941 nos
1046 1885 1255 1941 liberati
1294 1900 1479 1940 sumus
1506 1885 1523 1955 (
1546 1882 1693 1939 Psal.
1722 1899 1889 1940 cxxut
1908 1926 1923 1951 ,

340 1980 419 2050 7).
452 1980 591 2050 Ergo
616 1987 739 2034 sunt
762 1986 815 2034 et
838 1978 925 2033 alii
951 1978 1133 2034 hostes
1158 1978 1346 2040 nostri.
1376 1994 1405 2032 a
1437 1977 1628 2048 quibus
1653 1977 1925 2048 deprecari

342 2073 599 2128 debemus
637 2074 801 2128 Deum
841 2080 899 2127 ut
936 2079 1088 2126 eruat
1123 2086 1221 2127 nos
1245 2113 1258 2137 ,
1292 2087 1357 2125 ne
1397 2071 1652 2127 seducant
1685 2085 1814 2138 nos,
1844 2070 1926 2126 vel

340 2162 539 2219 fractos
563 2162 822 2218 molestiis
849 2162 1189 2218 sarcularibus
1208 2203 1222 2226 ,
1252 2162 1331 2216 vel
1364 2162 1605 2217 inductos
1636 2162 1921 2218 illecebris.

341 2254 439 2323 Qui
466 2264 589 2309 sunt
615 2255 699 2309 isti
724 2253 941 2310 hostes?
969 2253 1253 2309 Videamus
1279 2256 1322 2308 si
1350 2253 1417 2307 ab
1440 2253 1618 2323 aliquo
1640 2268 1796 2309 servo
1821 2253 1927 2309 Do-

339 2347 539 2402 minico
566 2356 749 2417 aperte
778 2345 1168 2414 describuntur,
1196 2346 1263 2401 ab
1287 2346 1465 2416 aliquo
1494 2346 1659 2402 milite
1686 2346 1924 2417 perfecto

337 2441 427 2510 qui
463 2455 583 2494 cum
621 2439 725 2494 illis
752 2453 1073 2511 congressus
1100 2448 1200 2495 est.
1236 2438 1371 2494 Audi
1402 2439 1710 2508 Apostolum
1738 2441 1921 2496 dicen-

338 2540 443 2588 tem
475 2551 488 2587 :
521 2531 642 2586 Non
666 2541 736 2587 est
766 2533 901 2586 vobis
928 2532 1212 2587 colluctatio
1241 2531 1479 2587 adversus
1503 2548 1703 2586 carnem
1728 2541 1773 2586 et
1798 2548 1920 2587 san-

334 2624 558 2695 guinem.
590 2623 762 2680 Nolite
785 2626 933 2695 quasi
962 2624 1082 2680 odia
1112 2632 1287 2680 vestra
1315 2635 1627 2681 convertere
1664 2625 1716 2680 in
1746 2625 1919 2681 homi-

332 2730 451 2779 nes,
476 2724 531 2771 et
555 2730 648 2771 eos
668 2716 818 2771 vobis
849 2715 1028 2771 hostes
1050 2716 1377 2783 existimare,
1400 2724 1659 2772 eteorum
1689 2717 1917 2773 inimici-

332 2810 418 2865 tiis
456 2825 553 2865 vos
588 2811 790 2865 conteri
832 2819 1014 2880 putare
1051 2827 1065 2864 :
1102 2809 1187 2864 isti
1233 2809 1475 2865 homines
1511 2826 1645 2880 quos
1685 2808 1914 2878 timetis,

328 2917 455 2958 curo
479 2911 534 2957 ct
556 2902 770 2972 sanguis
796 2911 949 2965 sunt;
979 2901 1095 2957 Non
1122 2910 1192 2957 est
1215 2902 1349 2958 vobis
1374 2902 1918 2959 colluctatioaduersus

325 3010 531 3049 carnem
559 3004 607 3048 et
634 2994 947 3066 sanguinem.
988 2992 1077 3051 Sic
1111 2994 1277 3049 voluit
1317 2992 1526 3060 dicere,
1567 3004 1916 3051 contemnens

324 3083 600 3140 hominum
643 3087 1035 3141 mortalitatem.
1075 3086 1143 3141 Et
1180 3086 1434 3141 adversus
1467 3088 1638 3157 quos?
1664 3086 1915 3143 Adversus

321 3178 595 3249 principes,
628 3178 816 3248 inquit,
845 3187 891 3231 et
921 3187 1203 3247 potestates,
1230 3187 1276 3232 et
1304 3187 1515 3232 rectores
1540 3179 1692 3251 hujus
1716 3178 1910 3246 mundi,

321 3271 635 3325 tenebrarum
675 3271 854 3324 harum
888 3270 907 3341 (
926 3269 1112 3340 Ephes.
1145 3285 1229 3335 vt,
1264 3267 1381 3339 l2).
1424 3269 1757 3339 Expaveras,
1788 3284 1910 3324 cum

318 3362 566 3427 audires,
614 3371 828 3416 rectores
869 3361 1063 3415 mundi.
1110 3359 1166 3417 Si
1216 3372 1448 3417 rectores
1494 3361 1672 3415 mundi
1718 3362 1907 3428 istius,

318 3452 577 3521 numquid
611 3462 805 3523 prattcr
836 3453 1088 3508 mundum
1122 3454 1291 3509 iturus
1313 3467 1390 3517 es,
1419 3452 1509 3509 ubi
1541 3453 1659 3509 illos
1684 3469 1788 3509 non
1816 3470 1909 3526 pa-

319 3543 510 3599 tiaris?
542 3554 735 3615 przcter
758 3545 1013 3600 mundum
1046 3546 1213 3600 iturus
1238 3559 1315 3611 es,
1346 3544 1435 3600 ubi
1464 3545 1531 3600 ab
1557 3546 1635 3601 eis
1658 3545 1906 3601 eruaris?

316 3635 403 3691 Sic
431 3652 560 3707 ergo
593 3638 775 3708 accipe
811 3638 985 3692 mundi
1013 3647 1067 3692 et
1095 3639 1407 3693 tenebrarum
1447 3639 1628 3693 harum
1656 3649 1901 3707 rectores,

314 3743 419 3781 non
449 3736 685 3784 rectores
710 3728 830 3783 caali
861 3739 913 3783 et
939 3737 1127 3795 terrae;
1158 3744 1277 3783 nam
1308 3729 1420 3800 ipsa
1447 3730 1643 3785 fabrica
1674 3729 1769 3785 Dei
1797 3739 1898 3785 est.

310 3821 520 3880 Caelum
564 3830 618 3878 ct
667 3831 811 3878 terra
856 3823 1081 3877 mundus
1128 3823 1353 3889 dicitur,
1395 3834 1447 3878 et
1491 3823 1735 3878 homines
1778 3824 1902 3880 mali

310 3914 561 3970 mundus.
595 3915 770 3983 Quare
797 3925 853 3971 et
890 3916 974 3969 isti
1009 3914 1276 3969 mundus?
1312 3914 1441 3982 Quia
1484 3915 1709 3985 diligunt
1748 3931 1902 3970 mun-

308 4007 437 4062 dum
472 4025 486 4060 :
519 4016 576 4062 et
613 4006 732 4062 ideo
768 4006 1028 4071 tenebrm,
1060 4007 1179 4077 quia
1222 4007 1387 4073 impii.
1431 4004 1657 4076 Ideoque
1694 4006 1803 4076 jam
1833 4020 1901 4081 et;

309 4098 427 4168 ipso
447 4112 673 4152 numero
693 4098 1033 4152 credentibus
1059 4098 1255 4164 multis,
1280 4095 1405 4166 quid
1426 4096 1556 4151 dicit
1580 4098 1898 4167 Apostolus?

307 4188 505 4244 Fuistis
540 4189 816 4262 aliquando
842 4190 1088 4254 tcucbrw;
1127 4206 1258 4243 nunc
1289 4198 1452 4242 autem
1483 4190 1570 4244 (ua:
1596 4191 1647 4243 in
1680 4190 1897 4247 Domino

310 4279 439 4351 (Id.
479 4296 531 4347 v,
571 4279 663 4353 8).
702 4282 997 4350 Antequam
1034 4280 1223 4336 essetis
1258 4296 1386 4351 ergo
1422 4281 1541 4349 lux,
1585 4297 1705 4337 cum
1746 4292 1894 4339 tene-

306 4373 418 4427 hrze
443 4373 653 4439 essetis,
676 4373 928 4428 attendite
952 4390 1108 4445 quem
1133 4382 1394 4430 rectorem
1423 4374 1698 4431 habuistis.
1722 4376 1891 4444 Quem

304 4474 570 4521 rectorem
603 4466 798 4521 habent
830 4467 1031 4537 iniqui,
1062 4468 1163 4522 nisi
1191 4468 1493 4537 diabolum,
1526 4470 1792 4541 quomodo
1824 4473 1892 4543 pii

303 4567 358 4612 et
386 4556 571 4612 ﬁdeles
600 4571 859 4613 rectorem
901 4558 1097 4614 habent
1127 4558 1433 4616 Christum?
1460 4562 1597 4632 Ergo
1623 4562 1890 4619 diabolum

303 4658 359 4704 ct
385 4650 603 4720 angelos
631 4650 747 4721 ejus
775 4662 986 4705 rectores
1023 4653 1200 4706 mundi
1229 4653 1544 4723 appellavit,
1578 4654 1627 4707 id
1657 4663 1772 4722 est,
1802 4672 1889 4711 re-

302 4748 481 4794 ctores
506 4739 816 4795 dilectormn
846 4742 1062 4809 mundi,
1090 4753 1324 4798 rectores
1353 4752 1686 4813 peccatorum
1704 4788 1718 4810 ,
1746 4746 1889 4817 quod

302 4838 414 4893 est,
456 4831 770 4884 tenebrarum
810 4833 988 4885 harum
1022 4849 1040 4885 :
1077 4833 1220 4903 ipsos
1260 4833 1514 4888 habemus
1554 4835 1822 4903 inimicos,
1857 4852 1887 4892 a

302 4922 496 4991 quibus
520 4923 777 4978 debemus
807 4924 1079 4995 deprecari
1112 4926 1394 4981 Dominum
1428 4935 1483 4981 ut
1510 4943 1777 4983 eruamur.

373 5015 463 5070 15.
496 5014 630 5069 Audi
659 5016 908 5070 mundum
948 5025 1003 5072 et
1045 5016 1297 5071 mundum
1340 5024 1521 5086 aperte
1550 5034 1656 5073 uno
1684 5020 1801 5075 loco
1831 5020 1885 5076 in

299 5106 575 5177 Scriptura
604 5116 785 5161 sancta
806 5148 821 5173 ,
851 5108 902 5161 in
932 5107 1217 5179 Evangelio
1250 5125 1263 5162 :
1296 5108 1547 5162 mundum
1575 5124 1730 5179 quem
1763 5110 1887 5167 fecit

300 5199 477 5264 Deus;
508 5198 761 5253 mundum
790 5214 945 5269 quem
973 5200 1107 5269 regit
1132 5199 1406 5266 diabolus,
1438 5201 1489 5255 id
1517 5210 1597 5255 est
1618 5242 1631 5264 ,
1663 5200 1884 5258 dilecto-

297 5304 387 5345 res
408 5290 613 5345 mundi.
638 5291 891 5346 Homines
915 5293 1055 5347 enim
1082 5293 1227 5363 ipsos
1255 5292 1375 5349 fecit
1401 5295 1575 5362 Deus;
1601 5295 1884 5354 dilectores

300 5381 484 5437 mundi
514 5398 619 5436 non
641 5397 732 5437 eos
758 5383 897 5437 fecit.
926 5383 1174 5439 Mundum
1206 5386 1344 5440 enim
1368 5385 1586 5457 diligere
1608 5399 1881 5458 peccatum

296 5483 413 5541 est;
454 5485 726 5545 peccatum
770 5484 947 5532 autem
982 5492 1087 5531 non
1115 5476 1238 5533 fecit
1278 5478 1435 5533 Deus.
1472 5479 1604 5534 Audi
1640 5495 1791 5551 ergo,
1826 5490 1885 5537 ut

294 5567 477 5623 dicere
502 5584 789 5639 coeperam,
820 5570 1077 5627 mundum
1106 5581 1160 5627 et
1184 5572 1457 5627 mundum.
1484 5571 1551 5627 In
1578 5574 1670 5628 hoc
1695 5576 1882 5632 mundo

292 5668 433 5725 erat,
465 5659 662 5717 dictum
693 5670 794 5715 est.
831 5662 908 5717 De
942 5678 1047 5733 quo
1082 5663 1280 5719 dictum
1312 5674 1426 5731 est,
1462 5664 1528 5720 In
1564 5666 1657 5720 hoc
1693 5669 1881 5723 mundo

291 5759 435 5815 erat,
466 5750 565 5805 nisi
596 5751 663 5807 de
692 5738 961 5821 Sapientia
990 5753 1082 5808 Dei
1102 5794 1116 5819 ,
1144 5754 1281 5825 quod
1311 5763 1393 5809 est
1420 5755 1661 5813 Christus
1688 5759 1877 5826 Jesus;

294 5840 364 5897 de
399 5856 500 5913 qua
539 5842 738 5899 dictum
777 5853 855 5900 est
895 5843 1035 5915 quod
1081 5846 1237 5915 paulo
1270 5855 1393 5902 ante
1432 5852 1838 5907 commemoravi
1862 5888 1876 5913 ,

1436 382 1825 442 ΕΝΑιιιιΑΤιυ
1864 383 1930 441 lN
1967 383 2293 445 PSALMUM
2328 387 2505 446 CXLI.

3489 410 3626 475 18η

2046 499 2308 598 Pertendit
2346 520 2379 558 a
2421 506 2525 575 ﬁne
2563 523 2714 578 usque
2750 511 2819 564 ad
2856 511 3008 582 ﬁnem
3053 517 3280 588 fortiter.
3322 530 3369 577 et
3403 522 3625 598 disponit

2044 596 2214 649 omnia
2242 599 2461 653 suaviter
2481 598 2634 692 (Sap.
2659 617 2769 669 vtu,
2794 604 2890 675 l)?
2913 609 3121 677 Attingit
3144 613 3274 669 enim
3300 596 3623 692 ubiquerpro.

2043 695 2153 754 pter
2178 703 2319 741 suam
2351 691 2675 753 munditiam.
2707 703 2754 747 et
2784 694 2914 750 nihil
2938 698 3252 767 inquinatum
3286 707 3337 762 in
3368 691 3510 764 illam
3536 710 3620 766 in-
3648 748 3659 763 ι.

2042 777 2197 829 currit
2222 778 2375 849 (Sap.
2403 796 2496 848 vu,
2524 781 2615 849 24,
2642 782 2757 857 25).
2790 785 2951 858 Ergo,
2979 787 3047 843 In
3082 794 3178 845 hoc
3204 792 3391 851 mundo
3421 810 3546 869 erat,
3571 810 3622 858 ct

2040 871 2259 927 mundus
2288 890 2376 944 per
2418 875 2583 944 ipsum
2611 878 2774 947 factus
2802 889 2874 935 est
2892 921 2907 946 ,
2952 891 2999 937 et
3024 885 3243 941 mundus
3270 904 3383 943 eum
3409 908 3508 947 non
3532 910 3622 948 co-
3646 881 3654 889 ’

2038 965 2227 1033 gnovit.
2258 966 2467 1021 Audisti
2486 966 2621 1023 duos
2655 970 2917 1027 mundos:
2952 973 3177 1031 Mundus
3205 996 3295 1049 per
3318 998 3431 1037 eum
3460 988 3625 1055 factus

2039 1064 2142 1119 est,
2172 1065 2219 1112 et
2246 1059 2463 1114 mundus
2500 1078 2613 1117 eum
2647 1079 2749 1117 non
2778 1067 3005 1136 cognouit
3033 1068 3221 1139 (Joan.
3252 1088 3302 1139 ι,
3345 1073 3464 1147 10).
3506 1076 3621 1134 Νοιι

2038 1146 2268 1201 mundus
2294 1150 2383 1219 qui
2414 1147 2584 1206 factus
2612 1160 2691 1206 est
2724 1168 2820 1224 per
2841 1153 3044 1222 Iesum,
3071 1159 3137 1214 ab
3166 1160 3271 1216 illis
3297 1146 3623 1237 principibus

2036 1245 2090 1292 et
2128 1242 2475 1308 poteStatibus
2508 1244 2843 1300 tenebrarum
2881 1249 3115 1320 regitur;
3148 1254 3240 1308 sed
3276 1259 3502 1316 mundus
3529 1264 3620 1332 qui

2037 1346 2140 1386 non
2167 1337 2416 1404 cognovit
2444 1335 2649 1405 Jesum,
2678 1340 2730 1394 id
2756 1352 2857 1409 est,
2887 1343 3173 1403 dilectores
3198 1352 3399 1411 mundi.
3432 1372 3620 1427 pecca-

2035 1433 2200 1491 tores,
2234 1428 2418 1521 iniqui,
2450 1433 2663 1502 superbi
2694 1442 2749 1487 et
2777 1434 3036 1493 inﬁdeles.
3069 1439 3219 1497 Unde
3246 1446 3473 1501 mundus
3500 1466 3627 1521 pec.

2034 1518 2275 1573 catores?
2300 1518 2428 1587 Quia
2460 1521 2686 1594 diligunt
2712 1527 3003 1593 mundum,
3033 1539 3085 1586 et
3113 1532 3381 1605 diligendo
3412 1518 3616 1601 ιιιιιὶιδι-

2034 1614 2147 1699 tant
2172 1608 2461 1673 mundum;
2492 1614 2760 1684 quomodo
2787 1616 2980 1673 domus
3003 1620 3199 1679 dicitur
3224 1635 3279 1680 et
3308 1626 3535 1699 fabrica,
3565 1645 3624 1693 et

2032 1696 2409 1757 inhabitantes.
2438 1703 2583 1759 Bona
2611 1705 2830 1774 domus,
2864 1710 3180 1785 plerumque
3216 1718 3352 1774 bona
3385 1696 3617 1796 fabrica;

2032 1799 2087 1887 et
2129 1792 2267 1848 bona
2302 1794 2525 1865 domus,
2558 1800 2681 1870 quia
2720 1799 2844 1855 boni
2874 1816 3261 1864 conversantur
3298 1811 3350 1867 in
3386 1830 3468 1870 ea.
3511 1792 3616 1887 Et,

2032 1879 2173 1939 Cave
2198 1884 2415 1941 domum
2444 1888 2628 1956 istam,
2658 1891 2778 1962 quia
2810 1891 2947 1948 mala
2972 1904 3081 1963 est,
3109 1898 3317 1956 duobus
3343 1906 3515 1963 modis
3538 1879 3621 1966 di;

2033 1974 2187 2029 citur.
2218 1976 2350 2032 Mala
2379 1990 2460 2035 est
2489 1981 2680 2037 domus
2720 1983 2834 2040 haec
2853 2027 2869 2054 ,
2892 2001 3059 2061 cave;
3090 1987 3231 2048 forte
3260 2006 3478 2067 propter
3506 2002 3619 2058 rui-

2032 2081 2173 2132 nam,
2204 2084 2270 2124 ne
2296 2070 2493 2140 aliquid
2520 2073 2674 2129 cadat
2698 2082 2751 2130 et
2772 2087 2823 2132 te
2849 2088 3054 2149 premat
3080 2097 3095 2135 :
3122 2082 3316 2140 dicitur
3337 2096 3391 2143 et
3413 2092 3491 2147 sic
3512 2093 3621 2152 alio

2031 2161 2211 2229 modo,
2240 2162 2381 2219 Cave
2414 2165 2629 2222 domum
2658 2168 2813 2224 istam
2843 2173 3060 2238 malam,
3094 2190 3161 2231 ne
3188 2177 3431 2237 iueurras
3459 2186 3508 2239 in
3539 2186 3620 2244 la-

2030 2269 2220 2323 queum
2250 2257 2573 2321 venantium,
2605 2275 2672 2316 ne
2710 2278 2911 2334 pauper
2937 2266 3253 2337 opprimaris
3277 2287 3307 2326 a
3331 2272 3510 2337 divite.
3547 2292 3618 2336 ne

2028 2342 2269 2401 fraudem
2308 2347 2536 2419 aliquam
2585 2352 2820 2421 patiaris.
2864 2354 3144 2424 Quomodo
3178 2375 3307 2431 ergo
3339 2364 3527 2421 domus
3559 2376 3616 2426 et

2027 2435 2237 2503 domus,
2265 2439 2343 2495 sic
2373 2442 2601 2499 mundus
2626 2451 2682 2498 et
2705 2445 2954 2502 mundus.
2982 2448 3158 2516 Quare
3186 2462 3361 2509 autem
3388 2466 3440 2511 et
3460 2458 3612 2528 justi,

2027 2542 2147 2583 cum
2187 2529 2294 2584 sint
2330 2541 2381 2586 et
2422 2533 2520 2603 ipsi
2561 2534 2614 2589 in
2661 2538 2893 2604 mundo,
2926 2554 3029 2595 non
3065 2541 3314 2600 dicuntur
3346 2549 3616 2608 mundus?

2026 2618 2156 2685 Quia
2187 2620 2316 2675 dicit
2341 2624 2627 2692 Apostolus
2651 2644 2664 2680 :
2692 2625 2759 2681 In
2785 2645 2935 2685 carne
2957 2642 3125 2688 autem
3151 2636 3482 2708 ambulantes,
3510 2660 3612 2700 non

2025 2711 2297 2764 secundant
2321 2729 2522 2769 carnem
2551 2716 2824 2772 militamus
2853 2720 2915 2793 (ll
2944 2720 3061 2777 Cor.
3094 2741 3150 2792 x,
3182 2727 3272 2797 '5);
3302 2739 3614 2791 conversatio

2023 2801 2155 2856 enim
2183 2812 2354 2857 nostra
2380 2805 2431 2859 in
2459 2807 2594 2861 caelis
2622 2819 2695 2863 est
2724 2808 2983 2883 (Philipp.
3020 2830 3098 2883 Ill,
3129 2816 3244 2890 20).
3285 2819 3498 2881 Habitat
3527 2826 3614 2885 hic

2016 2891 2195 2962 justus
2220 2910 2400 2960 carne,
2429 2897 2521 2953 sed
2547 2900 2710 2955 corde
2734 2916 2855 2956 cum
2886 2904 2994 2960 Deo
3020 2915 3120 2961 est.
3151 2907 3215 2963 Et
3242 2910 3353 2981 ipse
3378 2917 3616 2986 appella-

2022 2992 2108 3040 tur
2134 2988 2390 3055 mundus,
2424 2990 2469 3045 si
2495 2992 2612 3048 sine
2639 3008 2798 3049 causa
2828 2995 3006 3063 audit,
3032 2996 3254 3058 Sursum
3284 3020 3379 3061 cor
3402 3026 3415 3062 :
3441 3009 3485 3064 si
3513 3026 3611 3068 au-

2021 3085 2125 3133 tem
2154 3089 2418 3138 estcausa
2454 3099 2618 3153 quare
2654 3084 2833 3151 audit,
2875 3102 3085 3144 sursum
3121 3090 3381 3151 habitet‘.
3414 3098 3611 3158 Mortui

2017 3171 2151 3225 enim
2179 3172 2315 3237 estis,
2347 3173 2495 3240 dicit,
2522 3185 2568 3229 et
2592 3177 2693 3230 vita
2720 3188 2882 3234 vestra
2905 3180 3198 3238 abscondita
3221 3197 3293 3241 est
3320 3204 3433 3244 cunt
3459 3192 3611 3249 Chri-

2017 3272 2092 3354 sto
2121 3264 2173 3316 in
2204 3262 2312 3317 Deo
2342 3263 2554 3335 (Coloss.
2584 3283 2661 3333 ιιι,
2690 3270 2768 3339 5).
2794 3270 3031 3337 Quorum
3055 3282 3232 3331 autem
3262 3279 3363 3333 vita
3394 3281 3479 3338 hic
3498 3294 3603 3354 est,

2015 3353 2068 3409 id
2104 3364 2215 3423 est,
2250 3372 2475 3427 quorum
2516 3357 2842 3416 desiderium
2879 3371 2935 3418 et
2973 3379 3124 3421 amor
3160 3367 3245 3424 hic
3283 3371 3480 3442 hmret,
3516 3353 3606 3434 hic

2013 3450 2325 3516 conteritur,
2360 3451 2445 3506 hic
2472 3451 2791 3524 implicatur,
2824 3455 2961 3514 bene
2990 3459 3238 3519 dicuntur
3276 3464 3603 3531 habitatores

2012 3542 2195 3599 mundi
2227 3560 2241 3596 :
2271 3552 2324 3599 et
2360 3543 2497 3600 bene
2534 3545 2785 3604 dicuntur
2824 3550 3086 3619 mundus,
3120 3554 3196 3611 illi
3233 3558 3321 3629 qui
3362 3559 3602 3623 habitant

2011 3636 2296 3704 mundum;
2338 3638 2476 3694 sicut
2513 3640 2652 3697 bene
2691 3642 2939 3700 dicuntur
2974 3645 3193 3717 domus,
3223 3649 3296 3706 illi
3324 3655 3413 3724 qui
3443 3656 3596 3712 habi-

2012 3736 2124 3783 tant
2160 3729 2396 3785 domum.
2437 3732 2662 3789 Mundus
2698 3752 2826 3807 ergo
2864 3747 2919 3793 et
2957 3742 3227 3797 mundus:
3256 3743 3483 3802 Mundus
3507 3768 3599 3819 per

2008 3836 2120 3874 eum
2159 3823 2322 3892 factus
2375 3831 2480 3887 est,
2521 3834 2569 3879 et
2609 3828 2830 3882 mundus
2867 3844 2981 3883 eum
3022 3848 3123 3885 non
3168 3836 3418 3903 cognovit.
3459 3839 3595 3897 Ecce

2007 3916 2236 3970 mundus
2271 3915 2438 3970 lactus
2471 3932 2566 3987 per
2595 3918 2875 3974 Dominum
2896 3963 2910 3987 ,
2942 3938 3068 3977 ecce
3104 3925 3331 3981 mundus
3365 3931 3453 3998 qui
3484 3948 3590 3989 non

2005 4006 2254 4076 cognovit
2279 4007 2580 4062 Dominum.
2610 4007 2789 4065 Lauda
2816 4020 2870 4066 tu
2897 4012 3169 4081 labricam,
3199 4024 3253 4071 et
3277 4032 3395 4073 ama
3426 4020 3581 4077 labri-

2004 4106 2273 4162 catorem;
2306 4109 2360 4153 et
2395 4099 2504 4154 noli
2534 4114 2713 4156 amare
2744 4100 2982 4158 habitare
3014 4104 3063 4160 in
3095 4105 3328 4177 fabrica,
3364 4111 3459 4166 sed
3488 4111 3587 4168 ha-

2002 4190 2108 4245 bita
2139 4190 2189 4242 in
2219 4189 2550 4246 fabricatore.

2074 4279 2159 4335 16.
2190 4280 2329 4335 Erue
2354 4299 2431 4336 me
2457 4300 2490 4337 a
2522 4287 2930 4357 persequentibus
2957 4305 3071 4354 me;
3094 4292 3331 4365 quoniam
3353 4298 3588 4355 corrobo-

2000 4375 2096 4427 rati
2119 4383 2234 4428 sunt
2263 4392 2415 4444 super
2451 4394 2547 4430 me.
2579 4377 2708 4445 Quis
2743 4379 2910 4447 dixit,
2950 4386 3262 4443 corroborati
3288 4400 3403 4445 sunt
3428 4409 3588 4466 super

1999 4466 2116 4520 me?
2138 4466 2342 4536 Corpus
2368 4466 2563 4524 Christi
2593 4471 2790 4526 clamat
2810 4515 2824 4535 ,
2856 4474 3108 4532 Ecclesia:
3134 4494 3235 4534 vox
3266 4489 3377 4547 est,
3410 4499 3584 4542 mem-

1999 4559 2092 4613 bra
2130 4559 2325 4613 Christi
2360 4560 2631 4617 clamant:
2661 4562 2878 4621 Multum
2909 4568 3074 4623 crevit
3104 4586 3359 4626 numerus
3397 4588 3586 4643 pecca-

1999 4656 2190 4704 torum.
2226 4651 2479 4715 Quoniam
2504 4653 2776 4709 abundavit
2800 4658 3071 4727 iniquitas,
3103 4662 3389 4731 refrigescet
3414 4664 3584 4719 chari-

1998 4750 2073 4794 tas
2100 4742 2369 4794 multorum
2398 4741 2609 4816 (Matth.
2642 4762 2782 4810 xxrv,
2816 4747 2921 4818 12).
2956 4747 3097 4803 Erue
3121 4767 3199 4804 me
3224 4766 3257 4805 a
3282 4768 3581 4827 persequen-

1996 4831 2124 4885 tibus
2147 4848 2225 4885 me
2239 4846 2258 4895 ;
2283 4834 2518 4902 quoniam
2543 4837 2849 4890 corroborati
2875 4848 2992 4892 sunt
3020 4856 3172 4908 super
3194 4858 3290 4896 me.

2065 4923 2151 4977 17.
2191 4921 2352 4995 [vers.
2384 4922 2476 4997 8.]
2516 4925 2661 4979 Educ
2696 4927 2760 4981 de
2802 4944 3000 4982 carcere
3033 4931 3255 4985 animam
3287 4950 3481 5005 meam,
3525 4947 3581 4994 ut

1992 5015 2292 5084 conﬁteatur
2335 5016 2523 5069 nomini
2563 5025 2666 5069 tuo.
2699 5016 2892 5072 Career
2930 5018 3030 5074 iste
3067 5035 3097 5076 a
3140 5022 3400 5091 prioribus
3429 5034 3577 5086 varie

1993 5104 2290 5160 intellectus
2315 5114 2415 5159 est.
2444 5105 2511 5159 Et
2537 5104 2670 5161 forte
2697 5106 2810 5176 ipse
2835 5117 2917 5162 est
2935 5123 3119 5166 carcer
3142 5112 3229 5183 qui
3253 5115 3500 5172 scribitur
3521 5119 3575 5175 in

1994 5196 2167 5259 titulo,
2199 5196 2459 5268 spelunca.
2487 5196 2692 5252 Titulus
2718 5198 2859 5253 enim
2888 5200 3078 5269 psalmi
3110 5201 3267 5273 hujus
3295 5203 3367 5261 ita
3395 5222 3453 5262 se
3482 5207 3577 5264 ha-

1990 5288 2080 5343 bet
2108 5307 2120 5342 :
2148 5289 2440 5343 Intellectus
2468 5289 2567 5361 ipsi
2598 5288 2779 5355 David,
2805 5307 2920 5345 cum
2949 5303 3073 5348 esset
3094 5294 3147 5349 in
3172 5298 3428 5368 spelunca,
3458 5316 3576 5355 ora-

1992 5386 2081 5435 tto.
2109 5380 2239 5447 Quae
2264 5382 2537 5453 spelunca,
2566 5383 2679 5454 ipse
2705 5392 2758 5438 et
2780 5399 2982 5440 carcer.
3014 5385 3129 5442 Duo
3153 5389 3395 5459 quaedam
3421 5391 3578 5446 intel-

1992 5472 2194 5543 ligenda
2225 5475 2627 5543 proposuimus;
2654 5474 2748 5530 sed
2778 5492 2938 5532 unum
2968 5492 3088 5533 cum
3120 5480 3573 5549 intellexerimus,

1988 5574 2270 5637 utrumque
2296 5566 2415 5621 erit.
2447 5566 2630 5623 Merita
2668 5584 2935 5625 carcerem
2973 5569 3191 5627 faciunt.
3222 5571 3353 5629 Nam
3389 5573 3440 5627 in
3466 5586 3577 5629 uno

1988 5656 2216 5727 quodam
2240 5658 2561 5727 habitaculo,
2587 5661 2741 5717 alteri
2764 5662 2954 5718 domus
2973 5673 3072 5729 est,
3094 5665 3247 5720 alteri
3266 5680 3453 5722 carcer
3469 5678 3574 5722 csa.

1989 5748 2064 5803 Illi
2087 5749 2176 5819 qui
2202 5750 2505 5805 custodiunt
2529 5750 2773 5809 homines
2802 5754 3065 5820 inclusos;
3086 5755 3186 5811 etsi
3217 5756 3269 5811 in
3292 5756 3452 5814 domo
3475 5771 3574 5816 sua

2060 5862 2074 5891 ¹
2104 5866 2179 5910 Er.
2206 5860 2353 5927 Lugd.
2381 5868 2500 5912 Ven.
2526 5869 2579 5913 et
2598 5868 2708 5915 ιον.
2731 5876 2924 5916 sursum
2944 5876 3026 5915 cor
3049 5862 3271 5920 habitate.
3336 5872 3395 5922 II.
