4084 6496
1715 332 1797 351 .-ο
1814 334 1867 348 ρει
1888 340 1893 345 ι

494 441 633 501 1843

490 556 826 626 custodiant,
858 556 935 615 illi
972 557 1064 631 qui
1104 556 1304 614 arctius
1338 557 1743 627 custodiuntur,
1774 559 1831 614 in
1862 572 2079 614 carcere

490 642 616 707 sunt
644 669 657 705 :
690 651 943 721 numquid
970 658 1023 705 et
1052 648 1129 704 illi
1168 649 1222 705 in
1262 666 1475 706 carcere
1514 666 1635 707 esse
1672 650 1879 706 dicendi
1924 651 2079 707 sunt?

489 740 665 799 Unum
695 740 1051 799 habitaculum
1078 750 1161 797 est
1190 748 1245 797 et
1277 742 1351 798 illi
1380 751 1432 799 et
1476 742 1583 809 illi;
1626 743 1775 800 alteri
1816 743 1940 799 facit
1976 743 2076 799 do-

486 850 631 890 mum
672 832 916 898 libertas,
950 834 1104 889 alteri
1144 849 1419 891 carcerem
1460 834 1707 893 servitus.
1750 837 2076 907 Quibusdam

483 941 611 997 ergo
650 926 821 981 visum
860 933 943 981 est
971 926 1109 998 quod
1155 927 1404 1000 spelunca
1432 937 1484 985 et
1514 945 1697 985 carcer
1723 930 1950 985 mundus
1976 930 2076 987 iste

480 1018 584 1083 sit;
615 1024 668 1072 et
696 1015 799 1073 hoc
826 1026 944 1072 orat
974 1016 1211 1075 Ecclesia
1235 1061 1251 1087 ,
1282 1030 1341 1076 ut
1368 1020 1434 1077 de
1471 1036 1685 1078 carcere
1713 1022 1988 1089 educatur,
2020 1024 2074 1079 id

481 1118 597 1176 est,
624 1110 693 1167 de
721 1110 823 1168 hoc
850 1111 1082 1181 mundo,
1114 1111 1181 1168 de
1211 1102 1310 1169 sub
1338 1114 1451 1169 sole
1470 1157 1485 1181 ,
1515 1115 1605 1170 ubi
1634 1117 1808 1171 omnia
1843 1116 2069 1173 vanitas.

478 1194 683 1263 Dicitur
707 1205 872 1274 enim,
901 1204 1087 1261 Omnia
1112 1207 1325 1268 vanitas.
1356 1218 1402 1263 et
1433 1209 1757 1280 praesumptio
1785 1210 1995 1280 spiritus
2017 1209 2073 1265 in

480 1300 619 1353 omni
656 1315 806 1369 opere
848 1296 1099 1368 hominis,
1128 1317 1228 1373 quo
1262 1300 1370 1372 ipse
1403 1302 1596 1357 laborat
1620 1302 1711 1358 sub
1738 1305 1845 1359 sole
1870 1303 2067 1375 (Eccle.

479 1410 516 1462 ι,
549 1392 604 1459 ﬁ,
633 1392 709 1467 5).
742 1394 883 1466 Ergo
905 1405 1052 1451 extra
1082 1396 1238 1451 istum
1280 1398 1534 1453 mundum
1563 1400 1613 1453 in
1642 1399 1821 1454 nescio
1848 1414 1950 1471 qua
1981 1415 2069 1455 re-

480 1487 603 1557 quie
647 1486 927 1556 pollicetur
964 1487 1117 1543 nobis
1157 1489 1298 1544 Deus
1327 1489 1467 1561 quod
1506 1490 1668 1546 futuri
1702 1493 1900 1555 simus;
1933 1491 2070 1549 forte

478 1575 600 1633 ideo
625 1576 693 1632 de
720 1577 840 1632 loco
868 1578 969 1633 isto
1005 1574 1328 1649 clamamus,
1358 1579 1502 1636 Educ
1529 1582 1592 1636 de
1615 1582 1815 1638 carcere
1846 1584 2070 1639 animam

478 1686 663 1725 meam.
690 1673 882 1727 Anima
905 1684 1084 1729 nostra
1112 1692 1205 1745 per
1227 1676 1381 1731 fidem
1403 1686 1457 1733 et
1477 1692 1626 1749 spem
1651 1678 1703 1732 in
1724 1678 1939 1735 Christo
1962 1688 2064 1746 est.

480 1762 619 1818 sicut
643 1765 802 1836 paulo
829 1776 954 1822 ante
980 1767 1087 1822 dixi
1119 1786 1131 1821 :
1175 1768 1289 1823 Vita
1326 1782 1489 1826 vestra
1525 1771 1818 1828 abscondita
1848 1783 1920 1829 est
1952 1791 2069 1829 cum

478 1855 675 1912 Christo
702 1858 755 1912 in
784 1858 907 1913 Deo.
935 1859 1138 1934 Corpus
1161 1873 1337 1920 autem
1365 1874 1603 1920 nostrum
1628 1866 1679 1921 in
1707 1867 1812 1923 isto
1830 1883 2065 1936 carcere,

476 1950 531 2004 in
572 1949 673 2005 isto
712 1951 929 2006 mundo.
972 1952 1027 2009 Si
1067 1954 1303 2024 diceret,
1335 1955 1482 2012 Educ
1520 1958 1586 2014 de
1623 1974 1840 2015 carcere
1873 1976 2066 2033 corpus

475 2057 688 2110 meum;
717 2045 889 2099 securi
920 2048 1287 2119 acciperemus
1313 2066 1581 2106 carcerem
1623 2054 1898 2108 mundum.
1930 2054 2065 2110 For-

479 2144 619 2190 tasse
648 2146 820 2191 tamen
861 2149 1077 2209 propter
1110 2142 1285 2211 aliqua
1315 2159 1433 2213 quze
1463 2159 1560 2199 nos
1592 2154 1772 2201 tenent
1800 2146 2064 2202 desideria

483 2238 713 2299 terrena,
732 2243 914 2287 contra
942 2250 1060 2304 qua:
1089 2236 1349 2291 luctamur
1374 2247 1427 2292 et
1451 2239 1788 2308 dimiCamus,
1808 2241 1948 2310 quia,
1982 2241 2065 2296 Vi-

475 2322 568 2377 deo
611 2323 766 2378 aliam
812 2324 969 2397 legem
1012 2329 1066 2382 in
1112 2329 1344 2384 membris
1382 2332 1530 2397 meis,
1569 2345 1931 2403 repugnantem
1965 2335 2064 2407 legi

476 2420 656 2473 mentis
682 2435 806 2473 mea:
833 2420 1009 2490 (Rom.
1036 2439 1127 2489 vn,
1158 2422 1247 2491 25)
1273 2442 1287 2490 ;
1316 2437 1464 2481 recte
1488 2426 1735 2493 dicimus,
1769 2428 1916 2482 Educ
1942 2429 2059 2484 ani-

475 2525 615 2564 mam
648 2528 818 2565 meam
846 2512 912 2567 de
948 2513 1050 2569 hoc
1089 2515 1321 2583 mundo,
1355 2516 1405 2572 id
1443 2527 1557 2582 est,
1597 2518 1664 2573 de
1702 2519 1970 2575 laboribus
2008 2528 2063 2576 et

472 2603 740 2673 pressuris
770 2604 926 2673 hujus
955 2607 1155 2662 sa-culi.
1187 2607 1302 2663 Non
1338 2609 1480 2664 enim
1507 2625 1632 2664 caro
1660 2626 1817 2681 quam
1846 2621 1900 2666 tu
1928 2611 2060 2667 feci-

473 2696 560 2759 sti,
590 2694 685 2750 sed
713 2699 1013 2767 corruptela
1050 2700 1246 2767 carnis,
1276 2709 1329 2756 et
1357 2716 1640 2772 pressurae,
1666 2712 1721 2758 et
1745 2703 2061 2760 tentationes

473 2801 577 2842 can
595 2804 656 2843 er
681 2788 808 2842 mihi
833 2800 975 2845 sunt.

545 2882 631 2935 18.
660 2881 836 2951 Aliqui
864 2894 1039 2938 autem
1071 2884 1318 2942 dixerunt
1345 2902 1611 2944 cnrcerem
1647 2889 1803 2945 istum
1840 2899 1896 2946 et
1928 2904 2055 2960 spec

474 2970 684 3025 luncam
731 2986 924 3042 corpus
956 2974 1055 3029 hoc
1082 2992 1222 3039 esse,
1253 2987 1309 3032 ut
1334 2979 1433 3032 hoc
1458 2980 1559 3045 sit,
1584 2979 1731 3033 Educ
1763 2981 1826 3034 de
1856 2998 2057 3038 carcere

470 3067 696 3120 animam
716 3084 896 3124 meam.
925 3066 1031 3124 Sed
1052 3078 1105 3125 et
1127 3071 1225 3126 iste
1252 3072 1552 3127 intellectus
1580 3074 1786 3128 vacillat
1809 3075 2054 3146 aliquau-

472 3172 606 3217 tum.
638 3161 773 3230 Quid
821 3164 963 3219 enim
1016 3180 1266 3235 magnum
1292 3206 1308 3231 ,
1338 3165 1487 3221 Educ
1515 3167 1578 3221 de
1604 3184 1805 3222 carcere
1828 3169 2053 3224 animam

471 3271 667 3321 meam,
698 3254 846 3310 Educ
888 3255 956 3311 de
1000 3272 1225 3326 corpore
1267 3258 1495 3313 animam
1537 3260 1754 3315 meam?
1784 3260 2051 3317 latronum

468 3348 660 3402 annuae
685 3357 738 3402 et
762 3350 1145 3405 sceleratorum
1185 3367 1366 3407 nonne
1398 3361 1595 3408 exeunt
1619 3352 1688 3408 de
1721 3368 1971 3424 corpore,
1998 3362 2053 3415 et

468 3447 595 3494 eunt
634 3439 685 3493 in
730 3441 939 3509 pejores
970 3457 1152 3511 pinnas
1188 3459 1346 3513 quam
1390 3443 1479 3499 hic
1522 3445 1871 3514 pertulerunt.
1913 3444 2051 3512 Quid

467 3545 594 3599 ergo
625 3545 871 3600 magnum
899 3532 1113 3602 petitur,
1134 3532 1278 3587 Educ
1293 3535 1359 3588 de
1389 3551 1590 3591 carcere
1612 3537 1836 3589 animant
1864 3552 2050 3602 meam;

468 3636 589 3676 cum
626 3619 741 3676 sive
772 3636 931 3685 sero,
960 3623 1079 3679 sive
1122 3626 1229 3679 cito
1253 3666 1266 3688 ,
1297 3640 1516 3680 necesse
1552 3626 1621 3680 sit
1663 3626 1849 3681 exire?
1890 3626 2051 3683 Forte

461 3713 638 3784 justus
687 3713 852 3768 dicit:
882 3713 1001 3769 Jam
1032 3715 1263 3781 moriar;
1289 3716 1427 3772 educ
1455 3716 1524 3772 de
1552 3732 1768 3773 carcere
1797 3716 1900 3773 isto
1928 3733 2049 3773 cor-

465 3806 609 3876 poris
654 3805 888 3862 animam
929 3823 1124 3862 meam.
1155 3809 1209 3864 Si
1253 3809 1413 3864 nimis
1447 3808 1701 3879 festinat,
1729 3826 1837 3865 non
1890 3810 2050 3868 habet

464 3897 800 3954 charitatem.
834 3898 1148 3955 Desiderare
1176 3901 1389 3970 quidem
1419 3901 1520 3955 hoc
1562 3899 1720 3956 debet
1760 3911 1814 3956 et
1852 3916 2049 3956 concu-

465 3991 673 4059 piscere
693 4030 709 4054 ,
737 3991 878 4045 sicut
914 3991 1201 4060 Apostolus
1226 3990 1337 4046 ait:
1366 3992 1832 4060 Concupiscentiam
1857 3993 2046 4048 habens

463 4082 669 4149 dissolui
696 4091 744 4136 et
768 4098 874 4137 esse
905 4099 1018 4137 cum
1036 4083 1268 4149 Christo;
1284 4084 1441 4139 multo
1465 4088 1596 4140 enim
1622 4087 1781 4158 magis
1802 4087 2048 4156 Optimum

463 4173 722 4245 (Philipp.
740 4190 781 4239 ι,
796 4174 1114 4246 25,24).86ά
1130 4177 1216 4231 ubi
1240 4187 1321 4232 est
1340 4178 1609 4232 Charitas?
1626 4178 1764 4249 Ergo
1781 4179 2041 4250 sequitur,

463 4265 675 4321 Manere
689 4267 743 4321 in
762 4283 913 4323 carne
932 4271 1265 4323 necessarium
1283 4279 1488 4339 propter
1502 4286 1606 4325 uos.
1628 4272 1700 4326 De
1720 4288 1947 4343 corpore
1964 4288 2048 4327 er-

465 4373 534 4428 go
551 4358 741 4413 educat
765 4358 923 4425 Deus,
949 4362 1163 4433 quando
1180 4361 1422 4417 voluerit.
1443 4362 1629 4419 Posset
1643 4363 1749 4419 dici
1778 4374 1833 4420 et
1849 4380 2045 4434 corpus

462 4458 708 4505 nostrum
739 4463 945 4514 carcer,
976 4466 1081 4507 non
1106 4452 1228 4522 quia
1252 4467 1438 4508 carcer
1461 4461 1545 4509 est
1570 4454 1712 4525 quod
1737 4454 1863 4510 fecit
1880 4454 2042 4524 Deus,

460 4542 558 4599 sed
579 4541 702 4613 quia
734 4544 943 4615 panale
966 4553 1020 4600 et
1040 4546 1283 4601 mortale.
1327 4546 1442 4601 Duo
1466 4548 1610 4603 enim
1656 4548 2039 4604 consideranda

457 4644 586 4691 sunt
633 4634 688 4690 in
727 4643 913 4690 nostro
957 4650 1225 4707 corpore;
1260 4637 1570 4709 ﬁgmentum
1616 4639 1749 4709 Dei,
1793 4648 1847 4696 et
1887 4654 2044 4711 paena

459 4728 659 4784 meriti.
685 4727 819 4785 Tota
860 4728 963 4785 ista
1009 4726 1179 4785 forma
1205 4770 1221 4795 ,
1264 4738 1435 4785 status
1456 4770 1473 4797 ,
1500 4730 1770 4799 incessus,
1800 4733 2041 4790 membra

458 4820 741 4889 ordinata,
791 4835 1045 4877 sensuum
1098 4820 1517 4891 dispositiones,
1563 4822 1786 4893 videre,
1817 4825 2037 4895 audire,

460 4912 726 4982 olfacere,
757 4925 1007 4986 gustare,
1030 4914 1379 4987 contingere;
1410 4916 1585 4973 omnis
1631 4916 1744 4973 haec
1787 4932 2043 4990 compago

460 5006 515 5055 et
559 4999 774 5056 fabrica:
803 5000 1106 5069 distinctio,
1135 5016 1239 5057 non
1263 5002 1433 5072 potuit
1460 5002 1573 5056 fieri
1602 5002 1704 5057 nisi
1724 5017 1755 5057 a
1779 5002 1887 5059 Deo
1907 5043 1921 5069 ,
1950 5005 2040 5076 qui

457 5093 635 5150 omnia
674 5104 926 5164 operatus
955 5102 1070 5160 est,
1102 5096 1339 5153 caelestia
1365 5134 1380 5160 ,
1412 5098 1684 5153 terrestria
1704 5138 1721 5167 ,
1748 5112 1955 5155 summa
1985 5109 2040 5157 et

456 5184 565 5241 ima
590 5226 606 5252 ,
637 5185 861 5241 visibilia
904 5193 960 5243 et
1004 5186 1307 5242 invisibilia.
1361 5186 1500 5255 Quid
1540 5204 1670 5260 ergo
1721 5189 1795 5246 ibi
1830 5190 2040 5261 poenale

455 5276 749 5335 nostrum?
800 5278 954 5348 Quod
1001 5279 1360 5350 corruptibilis
1402 5294 1565 5349 caro,
1608 5282 1750 5353 quod
1798 5280 2037 5354 fragilis,

455 5372 598 5447 quod
644 5372 906 5437 mortalis,
932 5374 1071 5444 quod
1099 5373 1379 5445 indigens:
1409 5373 1512 5431 hoc
1535 5390 1644 5431 non
1688 5376 1791 5431 erit
1818 5377 1873 5431 in
1901 5392 2037 5447 pra:-

452 5467 584 5524 mio.
606 5465 724 5523 Non
749 5464 892 5521 enim
916 5479 1111 5535 corpus
1135 5482 1241 5523 non
1263 5467 1387 5535 erit,
1408 5482 1528 5523 cum
1558 5482 1752 5537 corpus
1772 5477 2031 5539 resurgat.

452 5560 560 5619 Sed
580 5560 709 5633 quid
734 5558 807 5616 ibi
846 5572 955 5615 non
981 5559 1084 5614 erit
1100 5560 1126 5612 ‘l
1152 5559 1437 5631 Corruptio
1466 5578 1481 5616 :
1508 5562 1853 5632 corruptibile
1891 5564 2035 5619 enim

455 5653 560 5709 hoc
606 5653 792 5710 induet
840 5650 1294 5722 incorruptionem
1324 5651 1379 5724 (l
1400 5650 1517 5710 Car.
1546 5670 1634 5722 xv,
1656 5654 1771 5728 53).
1803 5656 1942 5727 Ergo
1987 5657 2034 5711 si

451 5759 579 5802 caro
603 5746 696 5801 tibi
720 5760 909 5803 carcer
936 5756 1018 5801 est
1037 5784 1052 5812 ,
1085 5760 1190 5800 non
1220 5759 1413 5816 corpus
1436 5756 1519 5803 est
1536 5762 1721 5805 carcer
1750 5759 1871 5806 tuus
1889 5789 1905 5815 ,
1938 5749 2033 5804 sed

450 5840 725 5910 corruptio
750 5841 991 5912 corporis
1020 5839 1113 5896 tui.
1140 5838 1345 5911 Corpus
1370 5840 1514 5895 enim
1558 5849 1705 5896 tuum
1734 5842 1858 5897 fecit
1893 5844 2033 5898 Deus

447 5933 647 6002 bonum
670 5974 688 6006 ,
717 5933 840 6005 quia
870 5933 1043 5992 bonus
1060 5943 1179 6003 est;
1209 5933 1609 6017 corruptionem
1638 5935 1811 5992 intulit
1830 5938 2025 6007 justus,

1727 438 1786 498 S.
1824 430 2193 496 AUGUSTINI
2231 436 2537 501 EPISCOPI

3636 458 3768 524 ιω

2190 555 2312 626 quia
2328 555 2498 627 judex
2524 569 2608 617 est
2626 576 2639 616 :
2661 560 2790 620 illud
2816 560 2981 624 habes
2994 566 3059 623 de
3073 566 3356 638 beneficio,
3373 569 3502 626 illud
3525 569 3691 630 habes
3706 588 3768 636 ne

2185 651 2469 723 Supplicio.
2500 652 2612 711 Hoc
2654 671 2781 728 ergo
2826 657 2961 717 forte
2984 660 3136 729 dixit,
3163 660 3308 717 Educ
3333 664 3395 718 de
3417 678 3625 720 carcere
3651 670 3758 723 ani-

2188 760 2321 798 mam
2341 750 2520 809 meam,
2542 746 2691 805 Educ
2713 750 2780 806 de
2796 754 3137 825 corruptione
3156 755 3390 812 animam
3410 759 3673 816 meam.Si
3691 762 3765 818 sic

2182 832 2558 910 intelligamus,
2579 842 2685 899 non
2712 854 2795 901 est
2816 840 3177 918 blasphemia;
3202 849 3506 905 intellectus
3531 862 3764 910 constat.

2206 1008 2209 1015 Ι
2252 930 2343 986 19.
2378 933 2458 987 Ad
2507 945 2842 1006 extremum,
2892 941 3118 1007 fratres,
3162 941 3301 997 sicut
3351 942 3621 1012 arbitror,
3668 947 3766 1004 hoc

2178 1020 2331 1092 dixit,
2363 1023 2510 1081 Ednc
2543 1016 2605 1083 de
2624 1046 2827 1086 carcere
2864 1032 3090 1087 animam
3120 1051 3302 1102 meam,
3328 1035 3479 1091 Educ
3509 1037 3578 1091 ab
3603 1055 3765 1110 angu-

2176 1115 2299 1170 stia.
2335 1114 2598 1176 Gaudenti
2640 1122 2784 1177 enim
2834 1123 3037 1179 homini
3085 1133 3139 1180 et
3178 1141 3363 1181 carcer
3403 1126 3544 1183 latus
3569 1128 3682 1196 est,
3714 1142 3765 1186 et

2178 1208 2315 1264 tristi
2364 1221 2573 1280 pratum
2624 1226 2908 1285 augustum
2952 1225 3057 1272 est.
3086 1216 3225 1290 Ergo
3265 1227 3382 1274 orat
3428 1233 3487 1274 se
3517 1221 3671 1277 educi
3700 1222 3766 1278 ab

2175 1303 2439 1373 angustia.
2469 1305 2723 1373 Quamvis
2749 1307 2891 1362 enim
2936 1306 2989 1363 in
3032 1324 3127 1380 spe
3169 1310 3505 1368 latitudinem
3534 1313 3761 1385 haheat,

2176 1393 2228 1449 in
2258 1411 2315 1449 re
2347 1406 2521 1453 tamen
2553 1400 2801 1475 prQSenti
2848 1408 3180 1469 angustatur.
3224 1401 3456 1459 Attende
3494 1408 3762 1475 angustias

2175 1478 2418 1556 Aposmli
2447 1506 2460 1541 :
2494 1485 2615 1542 Non
2640 1474 2792 1544 habui
2820 1492 3039 1563 requiem
3062 1492 3245 1563 spiritu
3274 1511 3384 1549 meo
3407 1536 3421 1559 ,
3452 1474 3621 1562 dixit;
3650 1498 3763 1569 quia

2172 1578 2274 1657 non
2312 1578 2479 1633 inveni
2524 1574 2691 1635 Titum
2736 1586 2943 1654 fratrem
2987 1602 3152 1639 meum
3178 1586 3241 1657 (ll
3269 1584 3386 1643 Cor.
3420 1604 3477 1654 ll,
3508 1589 3626 1661 15).
3649 1590 3762 1648 Alio

2171 1668 2291 1724 loco
2321 1688 2332 1722 :
2364 1670 2491 1739 Quis
2526 1673 2832 1742 inﬁrmatur,
2864 1684 2913 1729 et
2941 1694 3030 1748 ego
3051 1694 3152 1731 non
3183 1678 3456 1747 inﬁrmor?
3476 1683 3588 1752 quis
3613 1700 3761 1739 scan-

2173 1762 2443 1833 dalizatur,
2473 1777 2519 1821 et
2548 1785 2639 1839 ego
2666 1786 2764 1823 non
2788 1787 2908 1823 uror
2934 1768 3125 1845 (Idan,
3148 1771 3279 1843 29)?
3302 1773 3401 1841 Qui
3431 1791 3563 1847 ergo
3592 1786 3647 1830 et
3685 1779 3761 1833 in-

2176 1855 2491 1912 lirmabatur
2528 1869 2580 1913 et
2610 1859 2883 1928 urebatur,
2920 1878 3099 1919 nonne
3141 1864 3193 1918 in
3232 1865 3404 1935 pomis
3458 1873 3515 1919 et
3547 1881 3761 1924 carcere

2170 1946 2332 2003 erat?
2358 1947 2464 2005 Sed
2495 1950 2609 2005 ista:
2658 1966 2828 2022 parum
2874 1968 2939 2008 ex
2983 1953 3242 2010 charitate
3292 1970 3545 2011 coronam
3584 1968 3758 2029 partu-

2169 2039 2333 2095 riunt.
2358 2040 2509 2097 Unde
2530 2043 2721 2099 iterum
2743 2042 2873 2100 dicit
2902 2065 2913 2098 :
2948 2046 3192 2118 Superest
3219 2048 3343 2102 mihi
3384 2066 3574 2105 corona
3604 2052 3758 2122 justi-

2168 2130 2253 2186 τίω
2276 2174 2289 2197 ,
2332 2150 2484 2203 quam
2506 2136 2678 2190 reddet
2699 2138 2822 2192 mihi
2842 2137 3089 2194 Dominus
3120 2141 3170 2194 in
3196 2142 3287 2197 illa
3312 2142 3394 2198 die
3405 2144 3579 2213 justus
3595 2145 3759 2215 judez

2169 2221 2236 2294 (ll
2253 2221 2388 2278 Tim.
2413 2241 2482 2292 tv,
2512 2226 2588 2297 8).
2619 2227 2698 2281 Ad
2726 2228 2828 2284 hoc
2853 2229 3029 2299 valet,
3063 2230 3206 2287 Educ
3226 2234 3288 2288 de
3312 2251 3513 2289 carcere
3537 2236 3759 2291 animam

2167 2332 2328 2369 meam
2351 2358 2366 2384 ,
2398 2328 2454 2371 ut
2477 2320 2777 2389 conﬁteatur
2815 2323 3007 2377 nomini
3032 2335 3137 2379 tuo.
3164 2323 3280 2381 lam
3306 2328 3496 2383 educta
3536 2330 3604 2384 de
3632 2345 3757 2385 cor-

2168 2409 2436 2478 ruptione,
2463 2410 2591 2481 quid
2616 2396 2777 2467 habet
2801 2413 3089 2471 confiteri?
3116 2416 3340 2473 Pcccata
3380 2418 3451 2474 ibi
3480 2436 3584 2473 non
3610 2429 3757 2484 sunt,

2166 2500 2260 2554 sed
2288 2500 2472 2557 laudes
2494 2511 2620 2559 sunt
2645 2522 2657 2557 :
2687 2503 2895 2560 duobus
2937 2517 3114 2562 autem
3154 2508 3326 2564 modis
3367 2510 3636 2567 confessio
3676 2514 3760 2568 in-

2168 2589 2447 2660 telligitur,
2475 2600 2530 2647 et
2558 2594 2611 2648 in
2636 2596 2866 2664 peccatis
2910 2599 3108 2654 nostris
3127 2641 3144 2667 ,
3167 2608 3222 2653 et
3267 2599 3319 2654 in
3360 2600 3519 2657 laude
3546 2602 3663 2657 Dei.
3694 2602 3755 2659 In

2166 2683 2399 2752 peccatis
2435 2686 2634 2741 nostris
2668 2697 2791 2742 nota
2818 2695 2905 2745 est
2927 2689 3195 2746 confessio
3220 2734 3236 2760 ,
3269 2699 3325 2748 et
3354 2692 3423 2747 ita
3454 2702 3575 2749 nota
3605 2697 3756 2751 omni

2164 2777 2395 2847 populo,
2437 2787 2495 2833 ut
2542 2780 2755 2850 quando
2801 2782 3037 2838 auditum
3085 2784 3239 2840 fuerit
3291 2802 3483 2842 nomen
3533 2785 3754 2843 Confes-

2161 2866 2329 2925 siouis
2357 2870 2409 2925 in
2435 2871 2683 2938 lcetione,
2714 2874 2826 2930 sive
2852 2875 2906 2929 in
2935 2874 3091 2931 laude
3112 2878 3341 2946 dicatur,
3369 2879 3488 2934 sive
3520 2878 3585 2936 de
3616 2897 3751 2951 pec-

2160 2961 2295 3017 catis
2330 2962 2567 3031 dicatur,
2602 2975 2819 3022 curraut
2857 2969 3015 3039 pugni
3054 2971 3121 3024 ad
3169 2982 3373 3041 pectus.
3419 2970 3612 3027 Notum
3664 2962 3755 3033 est

2161 3068 2292 3126 ergo
2334 3072 2528 3113 nomen
2566 3058 2925 3116 confessionis
2954 3063 3023 3118 de
3063 3073 3283 3135 peceato
3315 3082 3327 3117 :
3356 3066 3752 3122 confessionem

2159 3144 2212 3201 in
2244 3145 2401 3203 laude
2441 3150 2765 3219 quaeramus.
2807 3152 2906 3211 Ubi
2942 3152 3278 3211 invenimus?
3306 3156 3480 3213 [labes
3513 3159 3564 3213 in
3598 3158 3752 3215 Scri-

2160 3238 2328 3309 pturis
2348 3258 2360 3294 :
2383 3236 2449 3294 Et
2470 3241 2577 3297 haec
2592 3243 2767 3299 dicetis
2788 3246 2842 3299 in
2867 3245 3201 3318 confessione,
3227 3247 3396 3319 Opera
3414 3244 3621 3305 Domini
3632 3253 3752 3306 uni-

2157 3348 2298 3386 versa
2312 3334 2548 3404 quoniam
2574 3328 2705 3390 bona
2725 3337 2870 3393 valde
2888 3338 3078 3411 (Eccli.
3098 3356 3278 3408 xxxrx,
3297 3340 3368 3396 20
3388 3351 3434 3396 et
3452 3342 3567 3415 21).
3601 3342 3749 3415 Ergo

2156 3422 2243 3481 hic
2262 3426 2529 3484 confessio
2553 3429 2724 3486 laudis
2749 3440 2852 3488 est.
2877 3430 2997 3487 Alio
3022 3432 3141 3489 loco
3163 3434 3275 3505 ipse
3300 3428 3555 3491 Dominus
3572 3438 3696 3493 dicit
3723 3456 3742 3491 :

2157 3514 2411 3587 Conﬁteor
2431 3517 2552 3588 tibi,
2581 3516 2760 3587 Pater,
2792 3521 3009 3579 Domine
3034 3525 3144 3579 ειειί
3172 3536 3219 3581 et
3247 3537 3410 3582 terrae.
3443 3529 3579 3599 Quid
3608 3547 3744 3585 con-

2155 3608 2446 3665 ﬁtebatur?
2473 3614 2729 3684 numquid
2775 3626 2990 3685 peccata
3014 3617 3038 3671 ἒ)
3067 3617 3261 3674 Christi
3301 3636 3430 3691 ergo
3457 3622 3698 3679 conﬁteri
3725 3666 3745 3691 ,

2154 3713 2269 3758 erat
2314 3704 2551 3760 laudare.
2585 3700 2654 3761 Et
2693 3707 2816 3763 audi
2855 3707 3064 3766 laudem
3111 3710 3282 3768 Patris
3312 3729 3327 3766 :
3362 3713 3494 3781 Quia
3531 3713 3748 3769 abscon-

2154 3795 2274 3850 disti
2299 3796 2437 3865 haec,
2465 3794 2671 3870 inquit,
2702 3814 2737 3853 a
2754 3798 3064 3872 sapientibus
3083 3812 3129 3857 et
3156 3802 3503 3874 prudentibus,
3532 3814 3580 3859 et
3604 3822 3748 3860 reue-

2155 3884 2271 3941 lasti
2306 3904 2367 3942 ea
2397 3892 2619 3958 paruulis
2648 3890 2858 3962 (Matth.
2878 3910 2949 3958 x1,
2972 3892 3090 3965 25).
3119 3894 3253 3962 Quia
3284 3911 3412 3966 ergo
3441 3906 3561 3966 post
3610 3896 3747 3952 istas

2151 3980 2512 4051 corruptionis
2560 3986 2833 4055 angustias
2862 3986 2879 4017 ί
2913 3984 3269 4042 habitabimus
3305 3988 3357 4042 iu
3400 3988 3560 4044 domo
3600 3982 3745 4059 Dei,

2154 4081 2263 4127 tota
2294 4073 2399 4127 vita
2428 4085 2605 4130 nostra
2634 4092 2738 4131 non
2770 4077 2873 4133 erit
2901 4077 3003 4132 nisi
3034 4079 3148 4133 laus
3182 4080 3293 4134 Dei.
3325 4077 3442 4136 Jam
3468 4096 3614 4151 sape
3638 4097 3745 4137 vo-

2153 4161 2234 4219 bis
2278 4165 2574 4233 expositum
2606 4175 2688 4223 est
2714 4169 2836 4239 quia
2868 4168 3153 4226 recedente
3199 4172 3518 4227 necessitate
3554 4175 3747 4231 omnia

2154 4254 2363 4326 negotia
2413 4257 2747 4312 necessitatis
2801 4258 3156 4325 intercidunt;
3188 4262 3437 4330 quoniam
3476 4278 3581 4317 non
3635 4266 3747 4321 erit

2154 4346 2281 4417 quid
2313 4348 2382 4403 ibi
2414 4364 2634 4419 agamus
2666 4348 2763 4422 (a).
2792 4351 2907 4407 Non
2940 4352 3057 4408 dico
3083 4352 3170 4409 die
3204 4369 3268 4409 ac
3296 4365 3483 4422 nocte,
3512 4356 3601 4411 ubi
3630 4372 3742 4413 nox

2154 4458 2260 4496 non
2290 4450 2405 4508 est;
2433 4441 2527 4497 sed
2559 4450 2669 4498 toto
2702 4442 2790 4499 die
2810 4487 2823 4509 ,
2853 4460 2976 4500 cum
3030 4460 3167 4501 unus
3203 4444 3317 4501 dies
3346 4452 3462 4513 est,
3487 4464 3593 4502 non
3635 4451 3745 4504 erit

2152 4535 2280 4607 quid
2312 4534 2383 4591 ibi
2413 4551 2651 4606 agamus,
2676 4538 2776 4593 nisi
2806 4537 3084 4596 laudemus
3107 4556 3263 4612 quem
3290 4540 3576 4613 diligimus,
3612 4545 3742 4613 quia

2153 4634 2280 4683 tunc
2307 4636 2362 4684 et
2384 4628 2700 4686 videbimus.
2747 4630 2903 4687 Modo
2930 4648 3033 4688 non
3062 4636 3232 4689 visum
3260 4634 3653 4702 desideramus,
3678 4648 3743 4694 et

2151 4719 2463 4789 laudamus;
2494 4732 2621 4779 tunc
2648 4724 2819 4780 visum
2846 4725 2987 4797 quod
3013 4741 3256 4782 amamus
3275 4768 3288 4791 ,
3318 4728 3587 4797 quomodo
3616 4727 3741 4784 lau-

2151 4811 2419 4869 dabimus?
2434 4815 2561 4871 Sine
2584 4815 2688 4872 fine
2710 4816 2811 4872 erit
2836 4816 2972 4881 laus,
2990 4819 3111 4889 quia
3138 4819 3253 4875 sine
3281 4818 3384 4876 line
3407 4835 3577 4875 amor.
3599 4821 3739 4888 Quia

2150 4921 2279 4977 ergo
2309 4906 2411 4962 hoc
2448 4908 2517 4963 ibi
2556 4923 2808 4981 agemus,
2839 4910 2958 4966 ideo
2995 4912 3122 4965 educ
3161 4912 3225 4968 de
3262 4929 3462 4967 carcere
3508 4914 3740 4969 animam

2151 5017 2314 5055 meam
2334 5043 2349 5068 ,
2380 5011 2433 5056 ut
2453 5004 2755 5072 conﬁteatur
2777 5005 2968 5058 nomini
2996 5014 3101 5059 tuo.
3128 5004 3273 5060 Beati
3298 5007 3439 5062 enim
3462 5007 3553 5077 qui
3585 5007 3740 5063 habi-

2149 5102 2267 5151 tant
2296 5094 2348 5149 in
2374 5094 2535 5150 domo
2574 5104 2703 5161 tua;
2746 5095 2801 5151 in
2831 5096 3027 5152 saecula
3079 5098 3395 5154 smculorum
3444 5097 3739 5155 laudabunt

2150 5194 2202 5242 te
2248 5185 2422 5256 (Psal.
2459 5202 2696 5253 Lxxxnt,
2740 5188 2817 5259 5).
2874 5186 3029 5244 Modo
3078 5186 3297 5259 impedit
3345 5205 3563 5256 carcer,
3608 5189 3737 5261 quia

2146 5296 2329 5352 corpus
2357 5278 2495 5349 quod
2532 5282 2902 5348 corrumpitur,
2928 5290 3168 5352 aggravat
3202 5282 3424 5336 animam
3457 5282 3613 5354 (Sap.
3652 5299 3731 5350 Ix,

2148 5372 2262 5440 15).
2295 5370 2409 5427 Non
2438 5387 2634 5442 corpus
2677 5382 2927 5445 aggravat
2965 5373 3192 5427 animam
3222 5373 3369 5444 (nam
3396 5384 3451 5429 et
3471 5384 3596 5430 tunc
3628 5372 3732 5428 ha-

2148 5462 2394 5519 bebimus
2411 5465 2653 5535 corpus);
2672 5464 2766 5520 sed
2792 5481 2974 5535 corpus
2999 5466 3133 5538 quod
3152 5467 3495 5536 corrumpitur
3511 5469 3553 5521 '.
3578 5466 3730 5538 Ergo

2146 5569 2412 5612 carcerem
2456 5553 2582 5610 facit
2626 5570 2730 5612 non
2756 5571 2983 5627 corpus,
3010 5556 3104 5613 sed
3147 5559 3441 5630 corruptio.
3474 5556 3619 5613 Educ
3662 5558 3733 5615 de

2206 5698 2225 5730 ι
2248 5696 2321 5745 ste
2341 5701 2448 5744 Mss.
2474 5701 2530 5742 At
2550 5698 2621 5756 er.
2649 5697 2701 5742 et
2721 5698 2855 5749 ων..
2886 5691 3211 5756 corruptione:
3230 5698 3475 5756 tam.

2204 5759 2225 5791 ⁸
2248 5758 2321 5809 Sic
2342 5765 2442 5806 Αω.
2470 5762 2521 5806 et
2546 5754 2712 5817 plures
2734 5762 2837 5804 Mss.
2874 5761 2929 5805 At
2964 5754 3073 5805 Lov.
3097 5768 3204 5805 cum
3228 5754 3412 5818 aliQuot
3437 5763 3571 5806 3153.:
3591 5764 3727 5818 xum:

2141 5834 2315 5883 corpus
2351 5815 2581 5893 aggravat
2605 5818 2827 5893 ηηξγῃαξη
2845 5829 3056 5893 meum):
3089 5830 3200 5893 nam
3218 5823 3279 5893 et
3306 5815 3418 5893 tunc
3448 5815 3728 5869 habebimus

2141 5879 2332 5946 corpus,
2349 5879 2434 5931 sed
2458 5892 2629 5943 corpus
2652 5879 2779 5941 quod
2801 5892 2895 5929 non
2916 5879 3258 5943 corrumpitur.

2205 5945 2278 6010 (a)
2302 5952 2468 6009 Supra,
2490 5943 2542 5993 in
2562 5939 2683 5993 Psal.
2702 5954 2903 5993 ιωω.
