4084 6448
377 388 521 449 1816

375 533 587 575 carcere
606 515 831 570 animam
855 528 1053 579 meam,
1080 520 1135 566 ut
1162 510 1459 582 conﬁteatur
1485 503 1678 561 nomini
1708 512 1813 558 tuo.
1841 497 1959 557 Jam

375 628 481 666 vox
514 624 633 680 quae
679 607 953 677 sequitur,
984 622 1048 675 es
1098 605 1269 674 capite
1311 610 1494 680 sonat.
1536 595 1745 652 Domini
1793 592 1961 650 nostri

375 702 506 759 Iesu
530 678 749 754 Christi.
781 696 847 752 Et
874 704 958 753 est
983 695 1103 751 talis
1123 694 1235 766 ipsa
1252 736 1266 758 ,
1285 693 1455 762 qualis
1485 678 1730 745 hesterna
1754 685 1958 742 ultima.

374 792 640 852 Hesterna
664 791 808 846 enim
835 790 1019 845 ultima
1041 830 1055 854 ,
1088 788 1132 845 si
1163 786 1483 844 meministis
1500 828 1514 851 ,
1538 785 1653 841 haec
1677 783 1814 840 fuit:
1840 783 1963 839 Sin-

374 878 576 958 gularis
611 899 703 955 ego
744 899 855 937 sum
876 924 891 948 ,
929 880 1086 936 donec
1129 891 1381 935 transeam
1409 878 1581 951 (Paul.
1604 892 1726 945 CXL,
1751 866 1862 947 10)..
1898 874 1964 932 Et

375 976 470 1033 hic
506 992 623 1047 quae
655 983 738 1031 est
765 970 991 1031 ultima?
1017 962 1104 1029 He
1122 974 1434 1032 sustinebunt
1455 972 1613 1045 justi,
1641 970 1965 1043 quoadusque

374 1070 634 1126 retribuas
653 1066 800 1123 mihi.

392 1182 1960 1223 —__—-——-———-——————-—t——-I-i—-ﬁ

770 1277 853 1341 IN
896 1276 1274 1340 PSALMUM
1315 1275 1538 1338 CXLII

979 1390 1396 1456 ENARRATIO.

908 1530 1079 1572 SERHO
1108 1530 1175 1569 AD
1204 1516 1459 1567 POPULDI.

460 1638 511 1692 1.
544 1636 619 1692 De
644 1634 851 1708 psalmo
874 1648 1029 1704 quem
1061 1631 1391 1686 cantavimus
1414 1629 1457 1695 1,
1480 1627 1671 1698 loquar
1691 1622 1834 1696 quod
1866 1624 1969 1680 Dor

390 1729 571 1785 minus
596 1727 824 1792 dederit,
843 1723 1095 1781 Charitati
1115 1732 1324 1777 vestras.
1347 1719 1607 1775 Hesterno
1632 1718 1717 1773 die
1739 1716 1970 1787 psalmus

391 1821 609 1875 brevior
639 1817 985 1884 tractabatur,
1007 1814 1103 1871 sed
1147 1811 1375 1885 Spatium
1409 1810 1660 1881 temporis
1690 1809 1849 1863 dabat
1874 1822 1972 1862 no—

392 1911 479 1968 bis
523 1909 732 1982 copiam
790 1906 960 1964 etiam~
994 1906 1062 1963 de
1112 1904 1296 1979 paucis
1342 1902 1504 1959 multa
1548 1900 1758 1957 dicendi
1792 1917 1804 1953 :
1834 1912 1974 1955 nunc

392 2004 645 2076 quoniam
675 2001 931 2074 prolixior
957 2000 1189 2071 psalmus
1217 2009 1334 2065 est,
1357 2014 1467 2052 non
1492 1996 1749 2051 debemus
1770 2004 1973 2050 tantum

400 2096 455 2149 in
480 2093 702 2165 singulis
728 2091 968 2147 versibus
998 2089 1266 2146 immorari
1288 2105 1303 2154 ;
1327 2106 1395 2143 ne
1421 2088 1556 2143 forte
1586 2102 1691 2141 non
1717 2084 1976 2142 concedat

396 2174 654 2241 Dominus
677 2170 979 2239 facultatem
1003 2222 1019 2249 ,
1050 2190 1108 2235 ut
1136 2189 1302 2235 totum
1332 2194 1588 2250 peragere
1613 2178 1902 2232 valeamus.

465 2278 521 2332 2.
557 2276 707 2350 [vers.
735 2273 809 2348 1.]
836 2274 1042 2330 Titulus
1067 2272 1262 2328 Psalmi
1289 2281 1370 2326 est
1389 2313 1406 2337 ,
1438 2268 1551 2341 Ipsi
1573 2267 1978 2338 David,quando

396 2385 513 2422 eum
540 2366 679 2435 ﬁlius
708 2383 829 2421 suus
855 2364 1257 2437 persequebatur.
1292 2362 1348 2417 In
1376 2362 1675 2432 Regnorum
1708 2359 1858 2417 libris
1885 2376 1982 2416 uo-

399 2458 577 2513 vimus
605 2460 707 2511 hoc
738 2454 935 2511 factum
964 2469 1084 2509 esse
1107 2494 1121 2518 ,
1151 2452 1419 2508 exstitisse
1451 2451 1720 2507 inimicum
1748 2450 1978 2506 Abessa-

402 2548 490 2605 lon
519 2549 655 2619 patri
678 2562 796 2613 suo,
818 2547 1047 2617 gessisse
1074 2555 1257 2600 contra
1289 2545 1434 2599 illum
1463 2560 1567 2599 non
1599 2545 1769 2600 solum
1798 2545 1979 2609 civile,

403 2656 588 2695 verum
629 2638 788 2694 etiam
826 2635 1173 2693 domesticum
1216 2636 1451 2691 bellum:
1484 2636 1631 2691 illum
1669 2646 1843 2690 autem
1874 2650 1982 2693 non

401 2731 672 2801 deiectum
723 2730 935 2801 inique,
966 2728 1059 2784 sed
1113 2727 1447 2783 humiliatum
1490 2728 1606 2797 pie,
1638 2728 1907 2798 accepisse
1949 2743 1984 2786 a

406 2822 635 2878 Domino
692 2822 1063 2891 disciplinam;
1114 2822 1428 2877 sustinuisse
1468 2820 1824 2885 medicinam,
1874 2836 1984 2879 non

405 2914 790 2971 retribuentem
827 2914 1090 2983 iniquitati
1116 2912 1471 2984 iniquitatem,
1500 2911 1591 2967 sed
1617 2921 1859 2984 paratum
1889 2926 1985 2968 cor

404 3004 658 3062 habuisse
689 3007 753 3061 ad
802 3004 1125 3078 sequendam
1155 3003 1361 3060 Domini
1403 3004 1729 3060 voluntatem
1752 3004 1818 3078 (ll
1854 3005 1981 3077 Reg.

406 3114 497 3167 xv,
534 3100 668 3169 xv1).
697 3098 788 3155 Ille
820 3098 982 3154 David
1033 3099 1102 3153 ita
1154 3097 1434 3153 laudabilis
1469 3116 1483 3153 :
1514 3096 1606 3153 sed
1646 3098 1781 3153 alius
1821 3086 1987 3155 David

406 3206 535 3247 vere
564 3188 721 3245 Manu
745 3178 917 3257 fortis,
939 3191 1079 3260 quod
1102 3190 1477 3259 interpretatur
1510 3188 1706 3258 David,
1735 3188 1987 3245 Dominus

409 3294 596 3339 noster
623 3281 778 3338 Jesus
807 3280 1049 3337 Christus
1097 3280 1467 3352 agnoscendus
1507 3288 1590 3336 est
1630 3279 1803 3335 nobis.
1837 3280 1985 3335 Prat-

411 3378 569 3432 terita
596 3376 737 3431 enim
769 3376 855 3431 illa
883 3374 1021 3430 facta
1058 3373 1238 3446 ﬁgura:
1281 3372 1488 3428 fuerant
1521 3371 1849 3439 futurorum;
1888 3386 1989 3431 nee

408 3469 502 3524 diu
542 3465 1027 3524 commendandum
1066 3474 1151 3521 est
1188 3463 1328 3535 quod
1379 3478 1522 3535 saepe
1566 3462 1817 3527 audistis,
1846 3462 1989 3535 quod

408 3561 612 3631 optime
639 3558 897 3613 retinetis.
930 3556 1241 3626 Quaeramus
1272 3569 1400 3627 ergo
1440 3556 1492 3609 in
1514 3553 1617 3610 hoc
1643 3553 1847 3625 psalmo
1875 3553 1982 3608 Do-

414 3653 615 3707 minum
645 3660 699 3705 et
721 3649 1048 3703 Salvatorem
1079 3656 1317 3702 nostrum
1343 3642 1524 3703 Jesum
1559 3644 1827 3700 Christum
1856 3660 1991 3715 prte-

412 3744 747 3801 nuntiantem
775 3758 833 3797 se
862 3756 957 3812 per
980 3740 1116 3795 hanc
1142 3728 1469 3811 prophetiam
1491 3777 1507 3805 ,
1534 3745 1587 3792 et
1606 3737 1730 3808 quid
1758 3737 1990 3792 futurum

412 3842 564 3894 esset
592 3836 644 3891 in
674 3834 775 3889 hoc
806 3843 1043 3903 tempore
1066 3872 1083 3900 ,
1114 3846 1211 3904 per
1235 3846 1297 3886 ea
1326 3846 1442 3901 quae
1472 3828 1675 3899 pridem
1704 3826 1838 3883 facta
1868 3835 1993 3885 sunt

416 3927 817 3999 praedicantem.
844 3918 959 3997 Ipse
982 3923 1123 3979 enim
1152 3937 1211 3977 se
1241 3922 1295 3976 in
1320 3918 1601 3989 PrOphetis
1627 3918 1990 3988 prmdicabat;

413 4020 667 4093 quoniam
720 4016 833 4088 ipse
860 4026 942 4073 est
978 4014 1211 4072 Verbum
1254 4012 1351 4069 Dei
1381 4028 1397 4078 ;
1426 4025 1528 4067 nec
1554 4010 1632 4065 illi
1662 4010 1766 4065 tale
1793 4004 1993 4081 aliquid

416 4110 696 4179 dicebant,
726 4108 829 4165 nisi
876 4108 1019 4181 pleni
1065 4106 1234 4163 Verbo
1278 4105 1391 4161 Dei.
1443 4103 1839 4160 Annuutiabant
1867 4118 1995 4177 ergo

417 4206 691 4263 Christum
712 4244 728 4271 ,
752 4202 894 4275 pleni
922 4200 1168 4267 Christo;
1197 4207 1252 4255 et
1275 4196 1351 4254 illi
1386 4213 1507 4254 eum
1535 4207 1820 4254 venturum
1855 4211 1991 4267 prte-

418 4295 880 4367 cedebaut,quos
924 4288 1289 4363 praecedentes
1328 4304 1433 4345 non
1480 4286 1780 4344 deserebat.
1812 4288 1995 4359 Aguo~

418 4404 632 4446 seamus
676 4402 803 4458 ergo
829 4382 1274 4456 quemadmodum
1316 4391 1371 4439 et
1403 4380 1673 4437 Christum
1711 4391 1999 4450 perseque-

418 4481 577 4537 batur
625 4478 763 4534 ﬁlius
814 4492 942 4532 suus
974 4494 988 4531 :
1021 4474 1248 4531 habebat
1283 4475 1426 4530 enim
1476 4472 1615 4531 ﬁlios
1637 4513 1654 4539 ,
1675 4470 1744 4528 de
1807 4471 1999 4543 quibus

420 4572 671 4640 dicebat,
702 4568 827 4624 Non
844 4569 1079 4641 jejunant
1122 4567 1215 4638 ﬁlii
1250 4566 1459 4638 sponsi,
1490 4565 1731 4636 quamdiu
1777 4580 1891 4619 cum
1930 4563 2001 4620 eis

423 4674 500 4722 est
527 4680 741 4736 sponsus
764 4678 782 4716 :
807 4676 923 4716 cum
947 4668 1115 4715 autent
1143 4656 1204 4713 ab
1226 4658 1295 4712 eis
1318 4658 1516 4713 ablatus
1558 4655 1710 4730 fuerit
1749 4672 1965 4729 sponsus
1984 4696 2001 4722 ,

423 4768 547 4813 tunc
574 4750 881 4828 jejunabunt
908 4742 1003 4821 ﬁlii
1040 4750 1213 4821 sponsi
1234 4747 1446 4819 (Matth.
1474 4763 1529 4805 Ix
1548 4787 1564 4813 ,
1600 4745 1708 4818 15).
1738 4746 1879 4816 Ergo
1910 4744 2003 4803 lilii

423 4848 632 4921 Sponsi,
663 4844 903 4917 Apostoli
934 4860 947 4896 :
976 4850 1033 4899 et
1074 4841 1210 4896 inter
1236 4839 1338 4897 hos
1363 4846 1670 4909 persecutor
1698 4835 1860 4894 ludas
1890 4835 2007 4892 dia-

425 4940 604 4999 bolus.
632 4938 942 4993 Passionem
970 4933 1145 5005 itaque
1172 4946 1323 4987 suam
1349 4930 1403 4986 in
1438 4927 1539 4985 hoc
1575 4928 1779 5001 psalmo
1810 4926 2005 4998 praedi-

426 5041 648 5089 caturus
675 5039 756 5085 est
782 5026 1059 5091 Christus;
1088 5023 1385 5079 audiamus.

503 5127 557 5182 5.
600 5123 804 5178 Rursus
830 5129 1006 5176 autem
1034 5116 1101 5174 ad
1131 5118 1233 5173 hoc
1273 5116 1529 5173 intentam
1568 5113 1792 5170 facimus
1816 5110 2008 5169 Chari-

431 5224 596 5272 tatem
628 5222 880 5278 vestram,
915 5225 1017 5263 non
1045 5206 1287 5265 docendo
1312 5204 1453 5277 quod
1484 5204 1757 5276 ignoratis,
1789 5203 1883 5260 sed
1911 5192 2008 5260 ad-

432 5304 704 5362 monendo
728 5302 867 5376 quod
914 5299 1080 5356 nostis
1106 5315 1122 5365 ;
1153 5297 1435 5355 Dominum
1465 5303 1521 5353 et
1545 5286 1874 5352 Salvatorem
1910 5309 2013 5349 no-

434 5408 605 5454 strum
636 5395 815 5453 Jesum
843 5392 1112 5449 Christum
1141 5397 1298 5460 caput
1324 5404 1443 5444 esse
1470 5388 1713 5459 corporis
1739 5388 1841 5456 sui,
1866 5387 2013 5444 illum

438 5506 606 5546 unum
644 5488 991 5545 mediatorem
1021 5499 1141 5541 esse
1188 5482 1281 5537 Dei
1311 5490 1366 5537 et
1403 5480 1715 5550 hominum,
1743 5480 2013 5537 hominem

436 5579 621 5639 Jesum
655 5578 717 5650 (l
748 5578 878 5632 Tim.
924 5592 959 5632 ιι
981 5618 995 5643 ,
1036 5575 1131 5645 5),
1164 5584 1343 5629 natum
1379 5588 1443 5628 ex
1480 5572 1719 5642 virgine,
1766 5580 2017 5644 tauquam

443 5674 498 5729 in
544 5671 861 5736 solitudine,
911 5669 1048 5723 sicut
1093 5667 1145 5721 in
1186 5665 1505 5737 Apocalypsi
1548 5664 1862 5722 audivimus.
1915 5665 2020 5722 Per

443 5763 783 5823 solitudinem
841 5761 1038 5832 quippe
1102 5757 1364 5825 arbitror,
1400 5755 1542 5828 quod
1589 5758 1732 5814 solus
1759 5756 1832 5813 ita
1863 5766 2016 5815 natus

511 5881 531 5915 ι
557 5878 813 5943 de.,jam
835 5875 1022 5939 loquar.
1043 5873 1207 5933 Abest,
1223 5870 1351 5934 jam,
1374 5882 1403 5923 α
1418 5876 1523 5922 Itss.

1484 366 1880 431 ENARRATIO
1904 352 1971 422 1N
2008 364 2337 427 PSALMUM
2382 369 2584 428 CXLII.

3514 376 3653 436 1846

2067 490 2166 536 est.
2199 480 2349 538 Hunc
2372 483 2514 540 enim
2552 484 2643 541 illa
2670 485 2864 545 mulier
2888 489 3128 559 peperit,
3167 499 3437 548 recturum
3474 509 3649 568 popu-

2066 573 2175 629 lum
2219 575 2271 631 in
2315 576 2460 649 virga
2509 577 2681 635 ferrea
2718 578 2899 651 (Apoc.
2932 596 3048 648 ιιι,
3102 580 3138 639 5
3165 594 3213 638 et
3238 586 3335 657 6).
3392 585 3519 643 Hinc
3548 604 3649 647 att-.-

2067 670 2175 722 tem
2235 669 2471 735 mulier,
2501 671 2715 743 antiqua
2771 681 2854 730 est
2895 674 3082 729 civitas
3131 676 3257 742 Dei,
3302 678 3371 734 de
3429 697 3531 751 qua
3594 684 3651 741 in

2068 757 2272 837 psalmo
2296 760 2491 816 dicitur
2516 779 2529 814 :
2564 760 2797 819 Gloriosa
2820 763 2956 819 dicta
2984 775 3103 829 sunt
3129 767 3194 822 de
3219 778 3297 836 te,
3324 770 3496 828 civitas
3519 772 3632 831 Dei.

2070 846 2197 905 limo
2223 849 2409 908 civitas
2436 853 2644 909 initium
2690 856 2853 913 habet
2876 858 2943 913 ab
2983 858 3101 928 ipso
3135 858 3307 927 Abel,
3339 863 3477 920 sicut
3513 870 3653 926 mala

2069 941 2258 998 civitas
2280 958 2313 998 a
2342 941 2496 1000 Cain.
2528 945 2757 1018 Antiqua
2801 963 2931 1020 ergo
2959 949 3057 1005 ista
3078 951 3265 1008 civitas
3296 953 3413 1022 Dei,
3439 970 3655 1029 semper

2071 1034 2308 1091 tolerans
2338 1044 2536 1094 terram
2556 1054 2816 1109 ,sperans
2839 1041 3035 1099 calum
3058 1084 3075 1110 ,
3103 1060 3220 1115 qua;
3247 1048 3405 1102 etiam
3430 1048 3652 1107 Jerusa-

2070 1125 2177 1181 lem
2209 1135 2430 1183 vocatur
2455 1137 2511 1183 et
2535 1129 2684 1184 Sion.
2711 1122 2904 1201 Utique
2928 1132 2994 1189 de
3014 1144 3137 1188 nato
3163 1137 3392 1204 quodam
3426 1139 3475 1194 in
3502 1139 3651 1208 Sion,

2072 1218 2127 1272 et
2146 1215 2423 1274 conditore
2448 1218 2612 1290 ipsius
2635 1220 2785 1290 Sion,
2812 1223 3048 1292 psalmus
3065 1225 3278 1296 quidam
3303 1227 3429 1283 dicit
3453 1248 3464 1283 :
3487 1229 3655 1288 Mater

2075 1308 2221 1375 Sion,
2253 1310 2382 1364 dicet
2411 1310 2580 1366 homo.
2611 1312 2739 1381 Quis
2770 1312 2973 1369 homo?
2999 1314 3069 1369 Et
3110 1317 3259 1379 homo
3300 1318 3466 1387 [actus
3503 1330 3574 1374 est
3599 1321 3654 1377 in

2074 1418 2168 1468 ea;
2189 1412 2236 1457 et
2261 1404 2368 1474 ipse
2396 1404 2627 1473 [undavit
2653 1421 2764 1459 eam
2785 1407 3073 1464 Altissimus
3095 1406 3262 1479 (Psat.
3281 1412 3653 1485 Lxxxvr,3,5).

2074 1488 2312 1565 Denique
2357 1494 2474 1564 ipso
2514 1495 2565 1549 in
2597 1495 2723 1553 Sion
2756 1496 2926 1553 factus
2953 1510 3035 1555 est
3076 1500 3270 1566 homo,
3303 1501 3397 1555 sed
3441 1502 3654 1561 humilis

2073 1587 2241 1644 factus
2283 1594 2366 1643 est
2400 1587 2593 1655 homo;
2623 1601 2678 1646 et
2720 1587 2860 1645 idem
2909 1590 3022 1660 ipse
3063 1592 3368 1648 Altissimus
3417 1593 3656 1651 fundavit

2074 1697 2191 1736 eam
2213 1683 2480 1739 civitatem
2508 1685 2559 1738 in
2589 1699 2693 1755 qua
2717 1682 2884 1739 factus
2919 1694 3001 1741 est
3044 1685 3225 1741 homo.
3262 1686 3445 1757 Itaque
3478 1698 3535 1744 et
3562 1690 3653 1746 illa

2076 1774 2267 1831 mulier
2316 1774 2432 1831 sole
2472 1776 2906 1845 coeperiebatur,
2937 1778 3053 1831 sole
3092 1779 3207 1848 ipso
3246 1781 3463 1847 justitiue
3493 1796 3655 1850 quem

2076 1884 2182 1923 non
2241 1878 2569 1940 cognoscunt
2628 1871 2812 1942 impii;
2843 1872 2933 1943 qui
2981 1872 3175 1928 dicturi
3234 1884 3359 1929 sunt
3408 1876 3459 1928 in
3506 1877 3652 1935 ﬁne:

2078 1962 2217 2036 Ergo
2268 1968 2543 2020 erravimus
2602 1982 2636 2019 a
2677 1968 2759 2020 via
2818 1968 3078 2035 ueritatis,
3107 1977 3154 2023 et
3205 1970 3423 2042 justitia:
3486 1973 3655 2029 tamen

2078 2075 2178 2112 non
2230 2058 2360 2114 luxit
2413 2061 2591 2129 nobis,
2640 2070 2688 2117 et
2735 2058 2813 2117 sol
2858 2078 2959 2116 non
2999 2071 3139 2116 ortus
3186 2073 3256 2137 est
3304 2066 3444 2119 nobis
3497 2066 3654 2137 (Sap.

2077 2150 2132 2215 v,
2162 2149 2242 2219 6).
2277 2146 2372 2204 Est
2411 2166 2538 2220 ergo
2594 2152 2804 2222 quidam
2860 2152 2941 2207 sol
2977 2152 3197 2222 justitize
3240 2155 3326 2223 qui
3376 2171 3479 2209 non
3542 2157 3654 2211 ori—

2081 2247 2164 2294 tur
2208 2241 2401 2310 impiis.
2433 2239 2693 2297 Cazterum
2732 2242 2889 2297 istum
2932 2243 3100 2298 solem
3151 2242 3271 2300 facit
3312 2245 3440 2299 oriri
3495 2260 3658 2316 super

2081 2329 2249 2385 honos
2296 2341 2351 2387 et
2406 2333 2572 2386 malos
2600 2333 2618 2404 (
2646 2333 2829 2388 Matth.
2875 2350 2947 2401 v,
2996 2334 3129 2407 45).
3184 2335 3326 2406 Ergo
3364 2347 3418 2392 ct
3457 2339 3649 2394 amicta

2082 2434 2197 2482 erat
2223 2426 2368 2493 sole,
2397 2436 2449 2481 et
2474 2427 2715 2499 gestabat
2743 2428 3035 2484 visceribus
3063 2432 3353 2483 masculum
3401 2432 3655 2500 paritura.

2084 2514 2226 2572 idem
2254 2519 2366 2588 ipse
2403 2530 2518 2573 erat
2542 2518 2775 2574 condens
2801 2519 2964 2587 Sion,
2993 2530 3047 2575 et
3068 2536 3291 2575 nascens
3317 2521 3367 2576 in
3398 2521 3526 2576 Sion
3559 2541 3570 2575 :
3602 2534 3658 2578 et

2085 2608 2170 2666 illa
2202 2612 2392 2667 mulier
2418 2612 2603 2667 civitas
2633 2613 2723 2669 Dei
2749 2654 2763 2678 ,
2794 2613 2910 2681 ejus
2942 2613 3056 2669 luce
3078 2614 3472 2683 protegebatur,
3506 2616 3658 2685 cujus

2084 2718 2243 2758 carne
2268 2702 2663 2775 gravidabatur.
2695 2701 2881 2759 Merito
2899 2714 2952 2759 et
2980 2705 3157 2759 lunam
3186 2708 3285 2760 sub
3307 2706 3529 2775 pedibus
3559 2709 3659 2761 Ita-

2086 2797 2242 2852 bebat
2267 2795 2447 2867 (Apoc.
2479 2812 2574 2863 xu,
2604 2797 2651 2859 1,
2678 2796 2768 2868 2),
2796 2797 2916 2866 quia
2949 2796 3321 2851 mortalitatem
3367 2799 3661 2855 crescentis

2086 2896 2139 2943 et
2182 2886 2542 2942 decrescentis
2595 2887 2770 2941 carnis
2820 2889 3012 2943 virtute
3058 2888 3316 2943 calcahat.
3364 2888 3503 2959 Ergo
3550 2890 3665 2959 ipse

2090 2977 2343 3033 Dominus
2369 2977 2524 3033 Jesus
2551 2976 2792 3033 Christus
2813 2986 2973 3048 caput
2999 2988 3052 3034 et
3074 2994 3267 3049 corpus
3292 2997 3304 3033 :
3332 2980 3498 3033 voluit
3518 2982 3665 3036 enim

2087 3070 2246 3123 etiam
2272 3068 2415 3138 loqui
2444 3069 2495 3123 in
2518 3069 2690 3132 nobis,
2713 3070 2801 3139 qui
2825 3069 3072 3137 dignatus
3100 3081 3183 3126 est
3209 3072 3341 3124 mori
3373 3088 3465 3140 pro
3488 3072 3662 3138 nobis;

2090 3161 2329 3216 membra
2354 3177 2449 3216 sua
2482 3177 2578 3216 nos
2609 3161 2750 3217 fecit.
2778 3162 3080 3233 Aliquando
3122 3164 3299 3233 itaque
3344 3178 3410 3218 ex
3440 3180 3666 3233 persona

2088 3253 2449 3308 membrorum
2477 3268 2693 3309 suorum
2740 3252 3004 3324 loquitur,
3038 3254 3320 3325 aliquando
3343 3270 3409 3310 ex
3439 3270 3668 3324 persona

2089 3359 2182 3399 sua
2203 3387 2218 3412 ,
2252 3354 2500 3414 tanquam
2526 3345 2716 3414 capitis
2744 3346 2931 3399 nostri.
2971 3344 3140 3400 Habet
3177 3345 3375 3416 aliquid
3407 3346 3495 3400 ille
3523 3345 3669 3416 quod

2091 3436 2230 3492 dicat
2257 3438 2371 3492 sine
2392 3437 2546 3495 nobis
2572 3454 2589 3503 ;
2620 3452 2717 3492 nos
2741 3438 2857 3492 sine
2884 3438 2974 3492 illo
3001 3437 3130 3492 nihil
3161 3453 3442 3509 possumus
3467 3439 3667 3494 dicere.

2092 3526 2379 3599 Apostolus
2406 3529 2535 3584 dicit
2564 3547 2578 3585 :
2611 3527 2680 3586 Ut
2698 3530 2960 3601 suppleam
2977 3544 3093 3598 quin
3116 3533 3291 3584 desunt
3319 3547 3673 3601 pressurarum

2094 3620 2281 3679 Christi
2301 3666 2316 3690 ,
2337 3624 2390 3677 in
2416 3640 2568 3677 carne
2588 3640 2699 3678 mea
2729 3620 2946 3693 (Coloss.
2978 3638 3017 3689 ι,
3043 3620 3158 3694 2L).
3185 3620 3251 3678 Ut
3274 3624 3562 3692 suppleam,
3586 3623 3670 3676 in-

2093 3718 2239 3788 quit,
2269 3733 2383 3785 qute
2420 3716 2599 3773 desunt
2653 3731 3035 3785 pressurarum,
3090 3730 3197 3769 non
3246 3730 3518 3776 mearum,
3574 3713 3674 3770 sed

2095 3808 2280 3864 Christi
2300 3824 2319 3872 ;
2343 3810 2396 3862 in
2424 3825 2574 3862 carne
2593 3850 2609 3875 ,
2638 3824 2742 3862 non
2767 3808 2876 3877 jam
2905 3806 3137 3870 Christi,
3170 3806 3263 3860 sed
3290 3823 3419 3860 mea.
3444 3806 3670 3875 Patitur,

2096 3900 2302 3971 inquit,
2327 3899 2501 3954 adlme
2521 3898 2765 3955 Christus
2793 3911 3131 3970 pressuram;
3154 3912 3259 3952 non
3281 3896 3333 3951 iu
3362 3911 3524 3953 carne
3552 3912 3671 3965 sua,

2100 3990 2151 4045 in
2191 4006 2291 4058 qua
2321 3988 2561 4043 ascendit
2596 3988 2649 4042 in
2674 3982 2868 4042 omium
2894 4028 2910 4053 ,
2942 3986 3037 4041 sed
3081 3987 3135 4042 in
3175 4000 3339 4042 carne
3370 4000 3486 4040 mea
3510 4025 3525 4052 ,
3553 4000 3676 4055 qua:

2097 4083 2270 4140 adhuc
2309 4082 2514 4138 laborat
2543 4081 2594 4136 in
2642 4090 2804 4136 terra.
2835 4076 3115 4144 Christus,
3142 4078 3347 4149 inquit,
3368 4091 3678 4151 pressuratn

2099 4178 2298 4249 patitur
2334 4176 2387 4230 in
2417 4190 2579 4231 carne
2608 4189 2726 4229 mea
2758 4189 2777 4228 :
2819 4171 2941 4228 Vivo
2980 4173 3112 4227 enim
3150 4189 3250 4226 non
3268 4172 3382 4245 jam
3406 4188 3532 4244 ego,
3561 4170 3679 4229 vivit

2099 4286 2214 4325 vero
2238 4270 2292 4325 in
2319 4286 2397 4324 me
2416 4267 2645 4325 Christus
2668 4265 2862 4339 (Galat.
2893 4283 2953 4331 ιι,
2980 4264 3099 4339 20).
3125 4264 3234 4321 Nisi
3262 4266 3405 4321 enim
3434 4263 3680 4324 Christus

2101 4371 2156 4419 et
2201 4362 2252 4418 in
2308 4361 2563 4418 membris
2607 4358 2879 4426 suis,hoc
2932 4365 3016 4414 est
3063 4356 3306 4413 ﬁdelibus
3354 4358 3682 4428 suis,pres-

2103 4469 2280 4510 suram
2326 4454 2441 4524 ipse
2485 4461 2792 4524 pateretur,
2831 4450 3022 4507 Saulus
3062 4449 3117 4506 in
3160 4458 3305 4506 terra
3330 4448 3597 4506 Christum
3625 4447 3681 4506 in

2105 4546 2242 4602 cmlo
2287 4544 2562 4601 sedentem
2601 4558 2708 4599 non
2748 4551 3183 4615 persequeretur.
3225 4534 3464 4612 Denique
3500 4549 3685 4609 aperto

2106 4638 2210 4695 hoc
2233 4652 2509 4708 exponens
2532 4635 2761 4708 quodam
2788 4636 2908 4691 loco
2939 4653 2953 4690 :
2984 4633 3132 4690 Sicut
3159 4633 3291 4688 enim
3317 4648 3498 4702 corpus
3526 4647 3686 4687 unum

2108 4740 2218 4796 est,
2250 4728 2453 4798 ittquit,
2490 4738 2539 4782 et
2591 4727 2814 4782 membra
2857 4725 3015 4780 multa
3062 4724 3246 4788 habet;
3297 4722 3467 4776 omnia
3518 4730 3687 4777 autem

2111 4820 2331 4877 membra
2352 4819 2578 4890 corporis
2606 4835 2720 4873 cum
2748 4817 2847 4873 sint
2868 4815 3028 4870 multa
3045 4856 3062 4884 ,
3089 4830 3245 4869 unum
3270 4821 3342 4867 est
3361 4828 3544 4882 corpus
3568 4826 3589 4866 :
3615 4812 3688 4866 ita

2111 4926 2157 4972 et
2183 4914 2411 4972 Christus
2435 4911 2487 4982 (Ι
2511 4910 2629 4967 Cor.
2661 4925 2756 4975 xu,
2792 4907 2904 4980 12).
2926 4906 3042 4963 Νοη
3090 4905 3199 4971 ait,
3233 4905 3309 4959 lla
3349 4913 3403 4960 et
3446 4901 3689 4961 Christus

2112 5017 2167 5063 et
2194 5021 2387 5078 corpus
2410 5005 2465 5071 ¹;
2497 5001 2591 5059 sed
2609 5044 2623 5068 ,
2653 5017 2839 5073 corpus
2883 5014 3041 5053 unum
3068 4993 3290 5051 membra
3315 4995 3475 5050 multa
3498 5035 3512 5059 ,
3544 4994 3617 5048 ita
3641 5002 3691 5049 et

2115 5098 2365 5154 Christus.
2392 5095 2585 5151 Totum
2617 5108 2745 5164 ergo
2774 5090 3019 5146 Christus
3048 5107 3060 5142 :
3094 5096 3149 5144 et
3182 5087 3304 5157 quia
3332 5094 3503 5140 totum
3532 5083 3691 5139 Citri-

2116 5201 2230 5245 stus
2251 5232 2266 5257 ,
2293 5188 2413 5245 ideo
2441 5193 2603 5257 caput
2626 5169 2695 5240 de
2718 5183 2881 5249 coelo,
2913 5178 3093 5244 Saule,
3118 5178 3320 5249 inquit,
3348 5176 3511 5233 Saule
3530 5216 3544 5241 ,
3570 5172 3694 5245 quid

2119 5300 2197 5339 me
2244 5278 2555 5354 persequeris
2576 5275 2712 5349 (Act.
2744 5289 2800 5330 ιι
2821 5315 2837 5341 ,
2864 5272 2963 5346 4)⁴1
3003 5271 3206 5327 Τεηειε
3254 5269 3390 5336 hoc,
3422 5276 3477 5323 et
3529 5265 3695 5321 ﬁxum

2119 5375 2337 5431 omnino
2376 5368 2745 5427 commcndate
2773 5365 3045 5422 memoriae
3064 5406 3080 5433 ,
3108 5371 3360 5435 tanquam
3399 5360 3493 5415 ﬁlii
3525 5358 3697 5414 eccle-

2120 5469 2346 5526 siastica:
2374 5463 2687 5523 eruditionis
2713 5470 2768 5518 et
2820 5457 2941 5515 ﬁdei
2966 5457 3271 5522 catholicae,
3302 5465 3357 5510 ut
3396 5449 3698 5522 agnoscatis

2121 5561 2391 5618 Christum
2444 5565 2605 5628 caput
2649 5563 2706 5610 et
2749 5566 2978 5624 corpus,
3028 5547 3381 5616 eumdt-mque
3429 5542 3698 5598 Christum

2127 5655 2355 5710 Verbum
2396 5649 2489 5705 Dei
2514 5646 2843 5719 unigenitum
2898 5641 3157 5714 :equalem
3186 5637 3363 5701 Patri;
3391 5644 3443 5690 et
3470 5632 3593 5687 inde
3620 5630 3701 5688 vi-

2125 5746 2295 5802 deatis
2314 5752 2510 5814 quanta
2540 5740 2705 5810 gratia
2738 5735 3047 5807 pertingatis
3067 5732 3136 5786 ad
3163 5731 3350 5797 Deum,
3379 5737 3434 5782 ut
3466 5727 3579 5797 ipse
3603 5740 3700 5782 vo-

2192 5868 2207 5898 ί
2238 5873 2333 5914 Am.
2361 5868 2414 5913 et
2436 5857 2779 5911 nonnulﬁttss.
2809 5868 2821 5903 :
2854 5845 3340 5903 ttaetcltristi:sed
3365 5856 3567 5909 corpus,
3600 5850 3700 5896 etc.
