4084 6484
532 344 552 402 l
562 339 667 403 847

524 455 685 511 luerit
714 465 833 509 esse
862 448 1139 507 nobiscum
1177 457 1314 501 unus
1334 484 1349 510 ,
1373 443 1464 515 qui
1500 447 1582 499 est
1606 453 1729 499 cum
1757 439 1915 497 Patre
1934 453 2096 498 unus.

526 546 809 616 Quomodo
849 559 969 600 eum
1021 542 1176 596 Patre
1222 537 1402 592 unus?
1432 535 1545 605 Ego
1573 543 1621 591 et
1648 534 1804 590 Pater
1822 550 1978 589 unum
2012 548 2104 589 stt-

523 658 639 696 mus
672 640 847 711 (Joan.
878 652 912 690 s
932 675 947 701 ,
974 632 1090 704 50).
1135 627 1413 700 Quomodo
1459 627 1733 683 nobiscum
1779 625 1953 682 unus?
1983 622 2105 680 Non

524 733 679 795 dicit,
709 727 917 799 inquit,
950 723 1018 779 Et
1040 721 1345 785 seminibus,
1385 727 1627 789 tanquam
1670 719 1722 772 in
1768 716 1980 784 multis;
2016 715 2105 772 sed

524 833 763 892 tanquam
788 818 841 872 in
861 833 963 871 uno
984 856 998 880 ,
1030 813 1096 869 Et
1120 813 1299 869 semini
1324 821 1429 877 tuo,
1458 809 1595 883 quod
1620 820 1693 865 est
1720 809 1968 866 Christus.
1997 807 2104 865 Sed

522 914 597 969 ait
620 911 813 981 aliquis
844 926 857 962 :
887 909 941 964 Si
977 905 1220 961 Christus
1246 919 1431 960 semen
1461 903 1690 958 Abrahae
1709 942 1725 969 ,
1757 900 2013 973 numquid
2050 908 2105 957 et

518 1004 658 1059 nos?
679 1001 999 1057 Mementote
1027 999 1149 1070 quia
1178 1012 1363 1054 semen
1383 996 1615 1050 Abraluc
1635 993 1899 1059 Christus;
1923 1007 1988 1049 ac
2010 1007 2105 1063 per

522 1093 625 1150 hoc
650 1095 692 1148 si
721 1101 776 1147 et
823 1104 921 1146 nos
966 1103 1149 1145 semen
1182 1086 1408 1143 Abrahae
1430 1126 1447 1154 ,
1475 1100 1604 1157 ergo
1632 1093 1687 1141 et
1712 1100 1809 1139 nos
1834 1083 2100 1139 Christus.

527 1185 794 1252 Quomodo
824 1180 980 1238 unum
1011 1198 1193 1254 corpus
1218 1178 1379 1234 multa
1401 1178 1644 1243 membra,
1664 1178 1736 1231 ita
1762 1185 1809 1231 et
1836 1175 2101 1231 Christus:

520 1292 574 1337 et
616 1280 868 1349 Quotquot
895 1277 949 1332 in
975 1275 1173 1330 Christo
1193 1274 1435 1344 baptizati
1469 1272 1620 1337 estis,
1653 1270 1907 1326 Christum
1928 1269 2101 1323 indui-

528 1373 638 1427 stis.
670 1370 871 1440 Nempe
898 1384 1081 1425 semen
1114 1365 1339 1421 Abraha:
1370 1363 1649 1429 Christus;
1680 1376 1780 1418 nec
1806 1360 2102 1418 contradici

519 1470 700 1535 potest
727 1443 1032 1531 apostolicis
1064 1457 1411 1528 apertissimis
1456 1456 1653 1520 verbis,
1674 1453 1743 1509 Et
1770 1455 1950 1510 semini
1978 1462 2098 1522 tuo,

522 1554 663 1624 quod
686 1561 758 1607 est
787 1550 1037 1608 Christus.
1074 1549 1259 1605 Videte
1283 1547 1411 1619 quid
1450 1548 1605 1603 nobis
1631 1547 1774 1603 dicat
1804 1564 1818 1602 :
1847 1546 1907 1603 Si
1932 1556 2102 1601 autem

526 1660 611 1699 vos
638 1643 824 1700 Christi
848 1683 865 1710 ,
897 1659 1015 1715 ergo
1039 1659 1206 1696 semen
1244 1640 1461 1695 Abrahae
1507 1640 1626 1695 estis
1659 1637 1855 1711 (Galat.
1900 1655 1978 1705 ιιι,
2008 1638 2095 1706 16,

519 1736 607 1802 27,
626 1734 739 1809 29).
757 1736 883 1792 Ideo
904 1751 1153 1808 magnum
1208 1743 1291 1791 est
1317 1733 1447 1789 illud
1468 1741 1857 1789 sacramentum
1886 1750 1898 1786 :
1931 1730 2100 1787 Erunt

518 1831 618 1886 duo
648 1831 699 1884 in
725 1847 873 1884 carne
890 1846 991 1884 una
1013 1826 1165 1902 (Gen.
1190 1844 1243 1893 ιι,
1268 1825 1381 1899 24).
1400 1826 1686 1898 Apostolus
1711 1826 1839 1881 dicit
1870 1844 1883 1880 :
1910 1825 2101 1882 Sacra-

518 1932 740 1978 mentum
770 1922 864 1977 hoc
891 1938 1129 1993 magnum
1149 1930 1261 1986 est;
1287 1937 1376 1992 ego
1407 1930 1573 1974 autem
1601 1921 1714 1975 dico
1739 1921 1791 1974 in
1811 1919 2009 1974 Christo
2050 1927 2099 1975 et

520 2013 571 2067 in
600 2012 830 2068 Ecclesia
859 2014 1076 2084 (Ephes.
1117 2029 1169 2077 ν,
1202 2013 1314 2082 32).
1345 2009 1588 2067 Christus
1614 2020 1670 2067 et
1696 2010 1932 2067 Ecclesia
1953 2053 1967 2079 ,
1990 2010 2098 2067 duo

517 2108 571 2163 in
603 2120 764 2160 carne
808 2120 931 2159 una.
967 2102 1125 2159 llefer
1165 2103 1231 2157 ad
1272 2103 1575 2159 distantiam
1630 2103 1922 2174 tnajestatis
1966 2102 2093 2159 duo.

518 2199 631 2254 Duo
657 2198 834 2268 plane.
858 2197 973 2252 Non
990 2198 1132 2254 enim
1162 2206 1217 2253 et
1236 2211 1333 2252 nos
1364 2197 1613 2259 Verbum.
1634 2212 1739 2252 non
1762 2198 1902 2253 enim
1923 2208 1977 2254 et
1998 2213 2096 2255 nos

517 2291 569 2346 in
600 2291 857 2361 principio
888 2291 1027 2346 Deus
1053 2290 1189 2362 apud
1217 2291 1380 2346 Deum
1400 2332 1413 2354 ,
1446 2306 1552 2346 non
1601 2290 1743 2346 enim
1778 2299 1834 2346 et
1879 2306 1978 2346 nos
2008 2292 2097 2347 ille

520 2401 616 2455 per
636 2400 793 2455 quem
825 2383 961 2439 facta
989 2392 1112 2438 sunt
1137 2382 1313 2437 omnia
1346 2384 1365 2452 (
1387 2382 1543 2437 Joan.
1566 2398 1605 2449 ι,
1640 2384 1691 2450 1,
1719 2384 1797 2453 '5).
1822 2384 2043 2439 Venitur
2076 2385 2093 2415 ί

516 2475 583 2531 ad
614 2490 827 2531 carnem
850 2516 865 2541 ,
898 2484 952 2531 et
1008 2474 1078 2529 ibi
1109 2473 1350 2530 Christus
1389 2484 1443 2531 et
1481 2473 1569 2529 ille
1597 2482 1652 2529 et
1680 2490 1795 2529 nos.
1824 2473 1939 2529 Non
1966 2489 2095 2545 ergo

520 2567 777 2623 miremur
827 2566 879 2620 in
923 2565 1188 2621 Psalmis:
1221 2566 1383 2621 multa
1414 2566 1556 2620 enim
1597 2565 1723 2621 dicit
1769 2581 1833 2622 ex
1866 2580 2093 2636 persona

518 2660 728 2730 capitis,
762 2659 926 2713 multa
949 2675 1013 2714 ex
1041 2674 1267 2729 persona
1295 2659 1653 2714 membrorum
1678 2675 1693 2725 ;
1719 2667 1773 2714 et
1798 2659 1899 2714 hoc
1927 2669 2094 2714 totum

522 2760 773 2822 tanquam
814 2766 915 2806 una
955 2766 1185 2821 persona
1227 2750 1329 2816 sit,
1366 2749 1435 2805 ita
1463 2749 1716 2820 loquitur.
1737 2748 1847 2806 Nec
1885 2749 2095 2807 mireris

521 2842 641 2913 quia
666 2842 771 2896 duo
800 2843 851 2897 in
880 2857 1010 2897 voce
1040 2858 1139 2897 una
1166 2883 1179 2907 ,
1209 2843 1252 2897 si
1283 2841 1388 2896 duo
1416 2842 1469 2896 in
1496 2857 1655 2897 carne
1680 2857 1805 2897 una.

586 2933 637 2988 4.
679 2932 842 2988 Judas
882 2933 1023 2988 illius
1066 2935 1245 3003 sponsi
1290 2948 1618 3004 persequens
1652 2948 1926 3002 sponsum.
1980 2935 2094 2993 Hoc

516 3034 641 3080 tunc
656 3024 908 3095 contigit;
940 3039 1007 3078 an
1026 3032 1079 3080 et
1106 3022 1401 3079 futurorum
1429 3022 1729 3094 exemplum
1754 3026 2090 3096 praemissum

515 3118 631 3172 est?
658 3115 851 3171 Multos
873 3116 1014 3170 enim
1044 3114 1204 3171 falsos
1233 3114 1424 3170 fratres
1451 3130 1665 3186 passura
1688 3124 1804 3170 erat
1829 3114 2088 3184 Ecclesia,

515 3219 575 3265 ut
615 3218 669 3265 et
707 3208 880 3265 adhuc
905 3218 959 3265 et
988 3224 1153 3280 usque
1197 3208 1247 3263 in
1276 3207 1433 3265 ﬁnem
1474 3224 1726 3278 sponsum
1759 3209 1907 3264 illum
1951 3209 2092 3266 filius

515 3311 879 3372 persequatur.
912 3301 972 3355 Si
996 3300 1134 3356 enim
1153 3301 1383 3355 inimicus
1416 3300 1763 3371 exprobrasset
1802 3299 1947 3369 mihi,
1978 3318 2094 3357 sus-

516 3395 774 3449 tinuissem
820 3396 1008 3463 utique,
1034 3394 1136 3460 ait;
1168 3404 1213 3447 et
1238 3394 1283 3448 si
1314 3395 1358 3447 is
1393 3393 1478 3462 qui
1508 3392 1682 3447 oderat
1713 3409 1809 3459 me,
1838 3409 1989 3464 super
2015 3409 2094 3449 me

516 3502 701 3557 magna
738 3486 936 3539 locutus
966 3485 1172 3554 fuisset,
1221 3484 1591 3539 abscondissem
1626 3501 1704 3539 me
1730 3484 1897 3554 utique
1920 3483 1980 3537 ab
2014 3501 2093 3541 eo.

515 3577 647 3646 Quis
667 3586 748 3631 est
769 3577 1013 3631 inimicus
1029 3580 1053 3629 ’ἐ
1079 3577 1197 3647 quis
1223 3585 1305 3631 est
1331 3578 1420 3647 qui
1445 3577 1633 3631 oderat
1660 3577 1781 3631 me?
1807 3576 1905 3645 Qui
1928 3574 2092 3631 dicit:

516 3669 647 3739 Quis
688 3677 770 3724 est
814 3666 1092 3722 Christus?
1118 3668 1286 3721 llnmo
1328 3667 1426 3721 fuit
1469 3665 1742 3733 Christus,
1789 3682 1888 3722 nec
1913 3668 2094 3723 vivere

518 3764 688 3835 potuit
707 3804 721 3830 ,
749 3777 869 3817 cum
909 3761 1069 3816 vellet
1094 3760 1274 3816 vivere
1303 3780 1315 3815 :
1345 3770 1399 3817 et
1423 3769 1664 3816 mortuus
1689 3770 1802 3822 est,
1828 3761 2090 3831 inquiunt,

516 3855 736 3921 nolens,
770 3854 1007 3920 evictus,
1030 3851 1347 3917 cruciﬁxus,
1376 3852 1604 3907 occisus.
1648 3850 1848 3906 Inimici
1886 3852 1982 3906 ista
2013 3851 2097 3907 di-

516 3957 660 4005 cunt.
697 3951 926 4017 Apertus
950 3947 1049 4000 iste
1070 3946 1314 4000 inimicus
1334 3955 1437 4012 est,
1465 3946 1538 4000 ait
1564 3944 1824 4013 Christus,
1849 3945 1958 4000 odit
1981 3961 2086 4011 me,

514 4050 726 4113 apertas
755 4041 880 4095 mihi
910 4041 1095 4096 indicit
1136 4040 1471 4107 inimicitias;
1510 4038 1661 4094 facile
1693 4049 1776 4094 est
1812 4039 1967 4094 istum
2005 4040 2091 4095 vel

518 4136 749 4191 tolerare
793 4134 882 4190 vel
921 4134 1131 4189 vitare:
1171 4132 1296 4204 quid
1340 4133 1475 4187 facio
1500 4131 1567 4187 de
1608 4132 1939 4188 Abessalon?
1965 4130 2091 4202 quid

515 4229 653 4284 facio
677 4229 745 4284 de
772 4227 941 4283 Juda?
965 4228 1091 4299 quid
1117 4228 1183 4284 de
1204 4227 1350 4282 falsis
1371 4226 1662 4282 fratribus?
1689 4225 1813 4298 quid
1844 4225 1911 4281 de
1938 4225 2093 4282 malis

516 4321 639 4377 filiis
668 4328 723 4375 et
749 4328 922 4374 tamen
953 4319 1072 4375 filiis
1090 4362 1105 4385 ,
1129 4319 1217 4389 qui
1245 4334 1349 4372 non
1377 4328 1561 4373 contra
1596 4333 1693 4372 nos
1722 4316 2094 4388 blasphemant

513 4415 817 4480 Christum,
860 4412 954 4468 sed
1003 4412 1276 4467 nobiscum
1325 4411 1548 4466 adorant
1593 4409 1893 4476 Christum,
1942 4418 1997 4463 et
2039 4408 2093 4464 in

514 4506 669 4563 nobis
702 4516 1087 4576 persequuntur
1112 4501 1425 4558 Christum?
1446 4502 1520 4556 De
1542 4501 1733 4571 quibus
1760 4514 2092 4570 consequen-

523 4608 605 4655 ter
637 4598 688 4652 in
717 4596 903 4652 eodem
942 4595 1144 4667 psalmo
1170 4594 1362 4649 dicitur
1390 4612 1402 4646 :
1438 4593 1615 4648 Alium
1648 4592 1801 4647 facile
1829 4601 1941 4647 erat
1971 4606 2093 4662 per-

527 4693 688 4760 ferre,
721 4706 842 4747 eum
872 4690 959 4761 qui
988 4688 1171 4744 oderat
1201 4703 1321 4753 me;
1349 4687 1432 4742 vel
1457 4685 1784 4741 abscondere
1802 4700 1888 4742 me
1914 4685 1982 4739 ab
2002 4699 2088 4741 eo.

514 4783 812 4841 Abscondis
861 4783 1003 4838 enim
1056 4789 1106 4835 te
1152 4796 1181 4835 a
1230 4794 1467 4849 pagano,
1519 4778 1722 4833 intrans
1770 4777 2087 4833 Ecelcsiam.

517 4876 740 4945 Quando
767 4885 944 4930 autem
972 4882 1025 4928 et
1054 4873 1123 4928 ibi
1150 4873 1355 4928 invenis
1383 4870 1523 4942 quod
1549 4870 1719 4935 times,
1743 4869 1867 4941 quid
1898 4870 2091 4940 qureris

514 4970 605 5027 ubi
650 4979 700 5024 te
743 4966 1076 5023 abscondas?
1115 4965 1353 5033 Denique
1393 4962 1483 5019 ille
1524 4962 1637 5034 ipse
1679 4962 1953 5032 apostolus
1996 4962 2090 5033 qui

513 5060 677 5133 gemit
723 5058 776 5114 in
826 5056 1078 5130 periculis
1106 5072 1135 5109 a
1165 5054 1313 5109 falsis
1352 5053 1641 5109 fratribus:
1672 5050 1844 5117 Foris,
1893 5052 2085 5123 inquit,

513 5168 716 5225 pugnae,
751 5152 888 5208 intus
916 5153 1116 5207 timores
1176 5149 1239 5222 (ll
1275 5147 1393 5205 Cor.
1426 5164 1518 5214 vu,
1547 5145 1623 5220 5).
1658 5146 1719 5202 Si
1753 5159 1880 5217 ergo
1914 5145 1959 5200 is
1996 5145 2086 5216 qui

512 5246 687 5301 oderat
709 5260 805 5309 me,
824 5259 975 5316 super
994 5258 1071 5298 me
1089 5257 1271 5312 magna
1292 5243 1489 5295 locutus
1508 5239 1702 5310 fuisset,
1722 5237 2091 5293 abscondissem

512 5353 592 5392 me
617 5336 785 5405 utique
799 5336 862 5388 ab
885 5350 943 5388 eo
962 5351 980 5400 ;
1001 5342 1054 5388 tu
1070 5349 1182 5390 vero
1200 5332 1471 5388 unianimis
1488 5348 1625 5385 meus
1650 5329 1818 5403 (Psal.
1847 5345 1953 5394 Ltv,
1977 5327 2087 5400 l3).

512 5425 853 5485 Uuianimcm
892 5424 1054 5489 dicit,
1106 5434 1354 5495 tanquam
1396 5438 1560 5478 unum
1608 5422 1659 5477 in
1707 5420 1940 5478 Christo.
1994 5422 2091 5477 Est

512 5511 640 5595 ergo
661 5516 915 5574 Ecclesiae
942 5514 1083 5587 quod
1107 5513 1238 5570 ferat
1262 5515 1408 5581 foris,
1436 5523 1612 5586 gemat
1639 5513 1777 5569 intus
1807 5532 1820 5568 :
1844 5513 2089 5569 inimicos

512 5622 686 5667 tamen
718 5624 843 5665 suos
872 5607 1088 5678 deputet
1124 5603 1255 5661 foris
1283 5613 1337 5661 et
1368 5605 1542 5669 intus;
1576 5605 1702 5661 foris
1735 5605 1939 5663 facilius
1974 5604 2088 5661 evi-

512 5706 720 5767 tabiles,
750 5705 890 5758 intus
916 5699 1181 5756 difficilius
1213 5698 1538 5755 tolerabiles.

576 5821 592 5851 ι
618 5816 764 5879 Lugd.
793 5824 937 5876 γεω,
955 5811 1186 5867 veniatur.
1211 5821 1268 5863 Μ.

1754 324 1814 382 S.
1851 319 2217 382 AUGUSTINI
2255 319 2558 382 EPISCOP!

2282 444 2337 502 5.
2374 441 2525 498 Dicat
2557 452 2685 515 ergo
2714 440 2968 499 Dominus
2994 450 3179 502 uoster
3197 484 3214 512 ,
3241 443 3385 504 dicat
3416 446 3662 509 Christus
3694 467 3799 511 no-

2206 534 2414 592 biseum
2468 541 2611 590 totus
2663 532 2907 591 Christus
2938 550 2953 593 :
2981 535 3220 604 Domine,
3267 539 3457 594 exaudi
3508 546 3795 602 orationeo-

2209 642 2392 693 meam,
2420 627 2620 698 percipe
2637 625 2846 681 auribus
2868 643 3066 699 precem
3097 645 3278 684 meam.
3303 629 3417 687 Hoc
3440 640 3542 699 est,
3565 638 3797 703 mutii;

2210 719 2372 791 quod,
2410 719 2612 792 percipe
2636 720 2839 777 auribus
2863 722 3169 794 :repetitio,
3207 724 3542 783 canflrmatio
3584 738 3695 786 est.
3728 729 3801 791 lu

2206 812 2413 869 veritate
2449 821 2538 867 tua
2571 813 2757 869 exaudi
2789 830 2901 881 me,
2935 817 2990 870 in
3015 824 3103 871 tua
3118 818 3343 889 justitia.
3381 819 3461 876 Ne
3500 829 3799 895 utcumque

2207 903 2510 974 accipiatis,
2540 920 2663 960 cum
2690 904 2912 973 dicitur,
2943 907 2998 962 in
3026 918 3117 966 tua
3132 911 3353 981 justitia.
3383 909 3799 977 Commendatio

2206 1004 2289 1052 est
2315 997 2455 1053 enim
2492 998 2710 1068 gratiae,
2746 1014 2813 1054 ne
2840 1001 3202 1073 unusquisque
3242 1011 3483 1060 nostrum
3519 1004 3795 1077 justitiam

2204 1101 2355 1143 suam
2373 1096 2539 1159 putet.
2562 1089 2688 1146 Haec
2705 1092 2845 1146 enim
2863 1091 3065 1162 justitia
3094 1093 3185 1148 Dei
3207 1102 3311 1160 est,
3332 1110 3492 1166 quam
3509 1107 3570 1153 ut
3588 1098 3798 1159 habeas

2208 1178 2347 1236 Deus
2374 1179 2539 1236 dedit.
2580 1180 2712 1238 Nam
2752 1184 2841 1253 qui
2885 1184 3169 1242 voluerunt
3201 1184 3271 1243 de
3296 1201 3393 1243 sua
3424 1188 3638 1259 justiti:
3674 1193 3797 1265 glo-

2206 1270 2352 1334 riari,
2373 1271 2501 1343 quid
2539 1271 2608 1328 de
2648 1272 2754 1329 illis
2775 1275 2905 1330 dicit
2929 1276 3256 1345 Apostolus?
3278 1277 3649 1336 Testimonium
3684 1284 3792 1353 eis,

2204 1364 2393 1436 inquit,
2442 1366 2697 1436 perhibeo,
2742 1368 2862 1437 quia
2900 1366 3066 1422 selum
3101 1368 3199 1425 Dei
3241 1370 3443 1429 habent.
3478 1373 3555 1430 De
3586 1372 3796 1434 Judais

2204 1457 2447 1529 loquens,
2478 1457 2656 1514 Zetum
2677 1457 2794 1528 Dei,
2823 1460 3009 1531 inquit,
3035 1460 3237 1529 habent,
3267 1462 3356 1518 sed
3384 1480 3485 1519 non
3505 1468 3795 1523 secundum

2202 1550 2483 1606 scientiam.
2522 1551 2662 1620 Quid
2699 1561 2802 1619 est,
2838 1569 2940 1609 non
2979 1554 3251 1610 secundum
3277 1557 3537 1613 scientiam
3560 1560 3589 1614 Ρ
3617 1560 3792 1629 Quam

2201 1645 2341 1701 enim
2366 1655 2422 1700 tu
2445 1645 2790 1702 commendas
2810 1647 2993 1703 utilem
3015 1648 3335 1705 scientiam?
3358 1653 3622 1723 numquid
3648 1654 3793 1715 illam

2201 1751 2319 1807 qum
2355 1751 2476 1792 cum
2506 1738 2621 1794 sola
2658 1737 2811 1794 fuerit
2844 1739 3025 1808 inflat;
3056 1756 3174 1812 quae
3203 1743 3304 1799 nisi
3330 1746 3581 1801 comitata
3630 1745 3792 1805 fuerit

2204 1826 2487 1895 charitate,
2533 1843 2640 1883 non
2679 1828 2906 1885 aedificat
2945 1829 2989 1901 (l
3029 1829 3148 1886 Cor.
3187 1848 3299 1901 vut,
3325 1834 3417 1905 l)?
3440 1835 3557 1892 Non
3604 1838 3793 1911 utique

2201 1918 2404 1991 ipsam;
2435 1920 2529 1975 sed
2556 1920 2697 1975 illam
2731 1921 3008 1977 scientiam
3039 1924 3290 1981 comitem
3330 1925 3641 1994 eharitatis.
3669 1946 3785 1987 ma-

2199 2012 2420 2081 gistram
2454 2013 2783 2070 humilitatis.
2812 2015 2947 2072 Vide
2972 2017 3017 2072 si
3054 2018 3166 2089 ipsa
3200 2028 3285 2075 est
3310 2038 3323 2074 :
3349 2019 3551 2088 Zelum,
3587 2024 3787 2095 inquit,

2198 2102 2297 2190 Dei
2319 2105 2519 2172 habent,
2538 2107 2629 2163 sed
2648 2124 2748 2162 non
2766 2109 3035 2163 secundum
3054 2111 3331 2167 scientiam.
3355 2114 3608 2187 Exponat
3626 2133 3786 2190 quam

2199 2188 2341 2244 dicat
2394 2190 2706 2247 scientiam:
2763 2190 3064 2265 Ignorantes
3115 2194 3213 2250 Dei
3250 2199 3502 2269 justitiam
3545 2212 3599 2257 et
3645 2188 3789 2259 suam

2198 2283 2420 2339 uolentes
2470 2286 2800 2350 constituere,
2840 2287 3056 2358 justitia:
3100 2288 3201 2345 Dei
3255 2307 3354 2346 non
3403 2304 3521 2349 sunt
3565 2296 3788 2367 subjecti

2200 2372 2373 2444 (Rom.
2416 2391 2470 2440 χ,
2518 2374 2571 2442 2,
2602 2377 2683 2447 3).
2747 2377 2847 2447 Qui
2895 2393 3021 2450 ergo
3057 2381 3241 2438 volunt
3305 2387 3651 2443 constituere
3695 2389 3781 2459 ju-

2198 2465 2393 2523 stitiam
2416 2469 2603 2522 suam?
2629 2468 2727 2537 Qui
2758 2468 2899 2540 quod
2926 2471 3062 2527 bene
3088 2470 3342 2539 fecerint,
3363 2476 3462 2532 sibi
3490 2478 3785 2550 imputant,

2197 2557 2338 2628 quod
2391 2560 2551 2624 male,
2609 2559 2758 2616 Deo:
2810 2563 3026 2618 omnino
3055 2566 3308 2635 perversi.
3350 2567 3592 2640 Denique
3658 2571 3785 2630 recti

2198 2658 2374 2714 erunt.
2416 2665 2535 2705 cum
2575 2651 2677 2707 hoc
2705 2654 2876 2722 ipsum
2909 2656 3286 2712 converterint.
3316 2656 3614 2716 Perversus
3639 2660 3782 2731 ideo,

2196 2747 2319 2817 quia
2345 2746 2486 2818 quod
2518 2744 2675 2813 male,
2706 2747 2844 2814 Deo;
2876 2748 3017 2819 quod
3054 2749 3212 2818 bene,
3245 2750 3337 2805 tibi
3367 2769 3381 2807 :
3411 2764 3591 2809 rectus
3644 2755 3780 2824 eris,

2198 2839 2408 2911 quando
2433 2841 2574 2912 quod
2613 2842 2751 2898 male
2794 2842 3012 2911 feceris,
3043 2843 3166 2910 tibi;
3194 2844 3334 2915 quod
3372 2845 3509 2903 bene
3548 2847 3779 2916 feceris,

2198 2933 2327 2988 Deo.
2373 2933 2487 2987 Non
2530 2935 2672 2989 enim
2703 2950 2772 2990 ex
2815 2934 2978 3005 impio
3000 2934 3143 3005 juste
3182 2936 3411 3005 viveres,
3444 2938 3546 2992 nisi
3574 2941 3653 2995 ab
3693 2941 3779 2996 illo

2192 3027 2367 3096 justus
2398 3026 2563 3082 factus
2582 3066 2597 3091 ,
2625 3027 2714 3097 qui
2736 3026 2991 3097 justillcat
3016 3028 3233 3099 impium
3263 3027 3371 3101 (Id.
3395 3045 3468 3091 ιν,
3498 3031 3581 3099 5).
3617 3032 3776 3103 Ergo,

2197 3118 2387 3189 inquit,
2417 3117 2481 3173 In
2510 3118 2716 3174 veritate
2762 3129 2848 3173 tua
2876 3119 3061 3173 exaudi
3089 3136 3190 3184 me,
3221 3120 3276 3174 in
3304 3130 3391 3175 tua
3409 3122 3643 3191 justitia,
3677 3138 3776 3179 non

2197 3212 2250 3266 in
2278 3227 2425 3277 mea;
2456 3221 2513 3267 ut
2536 3212 2760 3267 inveniar
2787 3214 2839 3266 in
2864 3211 2955 3266 illo
2980 3227 3079 3266 non
3107 3210 3293 3267 habens
3322 3229 3482 3267 meam
3496 3214 3771 3283 justitiam,

2196 3322 2310 3375 qua:
2327 3322 2389 3361 ea:
2404 3306 2512 3377 lege
2531 3315 2627 3373 est,
2650 3305 2739 3360 sed
2758 3321 2867 3359 eam
2885 3320 2998 3376 qua:
3011 3314 3082 3359 est
3097 3321 3160 3360 ea:
3180 3305 3281 3374 ﬁde
3302 3302 3565 3378 (Philipp.
3591 3322 3672 3372 ιιι,
3697 3307 3769 3376 9).

2199 3397 2372 3465 Ecce,
2406 3397 2473 3451 In
2499 3407 2585 3452 tua
2616 3396 2809 3465 iustitia
2852 3396 3035 3451 exaudi
3082 3411 3180 3450 me.
3228 3394 3309 3450 Ad
3347 3411 3433 3451 me
3472 3397 3614 3452 enim
3651 3412 3766 3452 cum

2197 3489 2453 3560 respicio,
2500 3488 2630 3543 nihil
2659 3488 2799 3543 aliud
2829 3504 3005 3545 meum
3036 3503 3192 3559 quam
3221 3497 3494 3558 peccatum
3538 3490 3767 3546 invenio.

2268 3582 2320 3639 6.
2353 3581 2482 3655 [vers
2514 3581 2594 3654 2.]
2619 3580 2688 3636 Et
2709 3598 2770 3637 ne
2799 3582 2953 3637 intres
2976 3584 3029 3637 in
3051 3583 3307 3652 judicium
3332 3600 3445 3638 cum
3484 3601 3630 3640 seruo
3669 3594 3772 3645 tuo.

2198 3674 2296 3743 Qui
2319 3690 2438 3729 eum
2460 3674 2551 3729 illo
2572 3673 2757 3728 volunt
2776 3674 2975 3729 intrare
3003 3673 3055 3728 in
3077 3673 3355 3743 judicium,
3374 3673 3476 3730 nisi
3499 3677 3591 3746 qui
3622 3677 3772 3748 igno-

2198 3780 2379 3824 rantes
2407 3767 2499 3822 Dei
2533 3767 2793 3837 jnstitiam
2813 3808 2831 3832 ,
2857 3782 3007 3822 suam
3034 3768 3217 3823 volunt
3243 3769 3610 3825 constituere?
3641 3770 3773 3837 Quid

2198 3868 2269 3914 est
2286 3858 2419 3923 quod
2431 3859 2805 3929 jejunarimus,
2832 3867 2877 3912 et
2899 3874 2996 3912 non
3019 3858 3205 3923 vidisti,
3228 3858 3643 3927 defraudarimus
3667 3861 3775 3917 ani-

2199 3968 2307 4006 mas
2342 3960 2574 4017 nostras,
2605 3960 2654 4005 et
2679 3950 2879 4005 nescisti
2917 3948 3070 4021 (Isai.
3108 3966 3250 4013 LVIII,
3280 3950 3374 4021 5)?
3397 3960 3648 4022 tanquam
3693 3952 3771 4008 di-

2198 4052 2419 4099 centes:
2468 4042 2714 4097 Fecimus
2754 4040 2895 4112 quod
2935 4040 3168 4109 jussisti;
3224 4056 3389 4111 quare
3434 4056 3541 4097 non
3592 4044 3770 4101 reddis

2199 4136 2338 4207 quod
2390 4134 2718 4207 promisisti?
2764 4134 3071 4206 Respondet
3115 4134 3209 4189 tibi
3237 4135 3414 4191 Deus:
3445 4135 3516 4192 Ut
3543 4138 3772 4208 accipias

2198 4228 2339 4299 quod
2368 4227 2605 4298 promisi,
2628 4241 2728 4297 ego
2751 4225 2923 4291 dabo;
2952 4235 3008 4280 ut
3038 4224 3257 4291 faceres,
3286 4241 3450 4297 quare
3473 4229 3768 4300 acciperes,

2197 4333 2295 4390 ego
2310 4317 2477 4373 dedi‘.
2497 4317 2734 4387 Denique
2747 4316 2989 4386 superbis
3012 4316 3203 4371 talibus
3228 4318 3458 4388 loquitur
3478 4320 3765 4389 propheta:

2203 4412 2342 4480 Quid
2382 4411 2530 4466 vultis
2556 4425 2750 4463 mecum
2790 4410 2975 4474 iudicio
3000 4409 3338 4465 contendere?
3365 4411 3553 4467 Omnes
3590 4412 3769 4467 dereli-

2195 4505 2374 4577 quistis
2394 4519 2502 4568 me,
2524 4501 2645 4556 dicit
2676 4499 2922 4555 Dominus
2947 4498 3158 4571 (Jerem.
3194 4516 3261 4563 ιι.
3287 4500 3403 4571 29).
3440 4502 3580 4570 Quid
3614 4503 3766 4558 vultis

2199 4610 2405 4651 mecum
2432 4594 2482 4648 in
2502 4592 2758 4663 judicium
2785 4592 2983 4647 intrare
2999 4632 3015 4657 ,
3040 4600 3095 4646 et
3121 4598 3325 4647 vestras
3365 4590 3600 4660 justitias
3626 4608 3765 4648 eom-

2196 4685 2536 4746 memorare?
2556 4684 2985 4741 Commemorate
3004 4682 3237 4753 justitias
3257 4691 3493 4747 vestras;
3520 4698 3623 4755 ego
3647 4682 3763 4740 novi

2196 4779 2431 4835 facinora
2475 4786 2674 4833 vestra.
2698 4772 2976 4844 Quomodo
3012 4772 3317 4843 approbabo
3355 4772 3650 4842 justitiam,
3681 4771 3763 4827 ubi

2194 4870 2462 4929 damnabo
2489 4867 2829 4940 superbiam?
2853 4865 3040 4921 Merito
3068 4863 3169 4920 iste
3207 4862 3421 4918 humilis
3452 4862 3505 4917 in
3545 4876 3762 4934 corpore

2195 4964 2409 5030 Christi,
2438 4963 2647 5019 discens
2673 4976 2704 5017 a
2728 4960 2900 5029 capite
2924 4958 3171 5030 quoniam
3200 4956 3343 5011 mitis
3366 4965 3525 5013 estet
3554 4955 3761 5012 humilis

2198 5056 2363 5115 corde
2392 5054 2606 5127 (Matth.
2648 5069 2723 5117 XI,
2753 5050 2877 5123 29),
2915 5048 2998 5105 Ne
3027 5050 3201 5115 intres,
3234 5048 3425 5119 inquit,
3454 5048 3508 5102 in
3514 5047 3760 5119 judicium

2196 5164 2313 5205 cum
2349 5163 2491 5202 servo
2540 5154 2647 5201 tuo.
2684 5142 2801 5199 Non
2845 5141 3140 5213 litigemus;
3187 5139 3310 5195 nolo
3356 5147 3532 5193 tecum
3573 5137 3759 5193 habere

2196 5254 2435 5305 causam,
2462 5246 2523 5293 ut
2550 5250 2650 5309 ego
2688 5247 2978 5306 proponam
3016 5230 3275 5302 justitiam
3307 5243 3503 5294 meam,
3543 5237 3599 5283 tu
3640 5241 3760 5282 con-

2197 5333 2379 5390 vincas
2405 5332 2737 5403 iniquitatem
2772 5340 2985 5382 meam:
3019 5321 3103 5378 Ne
3128 5323 3283 5377 intres
3308 5321 3361 5375 in
3375 5320 3631 5393 judicium
3652 5333 3757 5373 cum

2194 5443 2335 5482 servo
2357 5436 2460 5479 tuo.
2489 5423 2664 5491 Quare
2705 5418 2843 5475 hoc?
2867 5431 3032 5488 quare
3067 5413 3254 5470 timet?
3281 5412 3536 5479 Quoniam
3565 5428 3660 5465 non
3673 5411 3758 5481 ju-

2197 5518 2495 5589 stiﬁcabitur
2528 5530 2700 5570 coram
2728 5521 2776 5566 te
2804 5510 2966 5566 omnis
3014 5509 3202 5563 vivens.
3234 5505 3412 5561 Omnis
3457 5506 3636 5570 vivens,
3675 5502 3755 5558 hic

2198 5615 2382 5686 utique
2425 5612 2632 5676 vivens,
2674 5608 2728 5663 i'n
2772 5619 2932 5662 carne
2975 5602 3179 5667 vivens,
3229 5598 3519 5656 moriturus
3559 5599 3750 5660 vivens,

2262 5750 2275 5779 ¹
2304 5746 2378 5798 sic
2394 5752 2501 5796 us.
2529 5750 2583 5793 At
2605 5741 2735 5801 Md,
2763 5735 2987 5803 egoidedi
3010 5741 3060 5787 ut
3078 5736 3294 5799 faceres;
3316 5745 3465 5795 quare
3501 5730 3751 5793 acciperes,

2200 5822 2285 5874 ego
2302 5806 2415 5859 dedi
2438 5820 2453 5857 :
2474 5806 2563 5856 nisi
2585 5804 2710 5867 quod
2732 5801 2829 5852 Am.
2855 5801 3019 5861 habet,
3041 5810 3188 5863 quare
3211 5807 3469 5863 acceperis.
