4084 6450
275 476 438 528 natus
479 464 663 532 homo,
691 476 758 519 ex
796 459 1108 519 hominibus
1130 459 1315 518 vivens
1332 501 1348 529 ,
1379 461 1447 518 de
1472 461 1664 528 Adam,
1692 460 1863 519 Adam

280 565 498 625 vivens;
524 558 699 614 omnis
719 556 793 613 ita
822 556 1007 611 vivens
1024 554 1299 625 iustiﬁcari
1326 553 1462 611 forte
1486 562 1663 627 potest
1680 569 1863 612 coram

278 669 362 719 se,
387 665 495 708 non
521 662 701 707 coram
729 656 801 705 te.
825 647 1124 715 Quomodo,
1150 662 1331 703 coram
1361 648 1453 703 se?
1481 646 1591 703 Sibi
1622 648 1861 719 placens,

280 744 380 801 tibi
405 741 733 812 displicens:
764 756 934 797 coram
957 749 1004 795 te
1028 748 1206 796 autem
1234 756 1335 795 non
1360 740 1724 813 justiﬁcabitur
1748 757 1860 796 om-

278 838 363 893 nis
396 837 585 892 vivens.
617 834 737 891 Noli
761 849 890 906 ergo
923 850 1132 891 mecum
1158 835 1358 891 intrare
1381 835 1725 906 injudicium,
1755 837 1863 891 Do-

280 934 456 996 mine,
489 930 631 985 Deus
659 943 831 985 meus.
862 929 1257 998 Qnantumlibet
1285 939 1461 986 rectus
1492 929 1623 985 mihi
1649 929 1855 999 videar,

277 1019 533 1091 producis
566 1028 619 1074 tu
658 1018 727 1076 de
752 1019 1001 1076 thesauro
1032 1029 1124 1077 tuo
1149 1022 1410 1093 regulam,
1438 1030 1657 1092 coaptas
1679 1037 1767 1079 me
1791 1021 1860 1078 ad

276 1127 420 1177 eam.
449 1122 505 1170 et
544 1128 739 1184 pravus
774 1113 1034 1169 invenior.
1068 1112 1153 1171 Ne
1177 1115 1333 1170 intres
1358 1116 1413 1171 in
1451 1116 1708 1189 judicium
1740 1133 1857 1171 cum

276 1220 421 1260 servo
447 1213 555 1260 tuo.
588 1204 751 1269 Bene,
779 1221 1052 1262 cumservo
1074 1214 1182 1263 tuo.
1205 1207 1481 1279 Indignum
1510 1217 1591 1264 est
1616 1208 1708 1263 tibi
1734 1222 1858 1263 cum

276 1311 437 1353 servo
459 1306 550 1352 tuo
571 1297 768 1352 intrare
791 1297 841 1352 in
868 1297 1149 1367 judicium.
1178 1314 1279 1354 nec
1302 1299 1517 1370 quidem
1539 1314 1661 1355 cum
1687 1300 1859 1355 amico

277 1384 411 1446 tuo:
435 1390 587 1459 quia,
631 1387 780 1443 Vobis
825 1389 938 1443 dico
964 1390 1141 1444 amicis
1178 1391 1301 1446 meis
1330 1389 1479 1463 (Luc.
1522 1390 1719 1463 xu,4),
1751 1406 1858 1446 non

274 1484 520 1548 diceres,
556 1483 658 1539 nisi
686 1497 751 1538 ex
792 1484 961 1538 servis
1003 1484 1204 1539 amicos
1244 1492 1301 1539 tu
1346 1484 1460 1555 ipse
1504 1481 1744 1539 fecisses.
1778 1483 1859 1538 Tu

274 1576 405 1633 licet
440 1575 592 1631 dicas
630 1576 893 1640 amicum,
925 1590 1043 1646 ego
1068 1574 1327 1631 conﬁteor
1368 1590 1619 1631 servum:
1652 1576 1862 1631 miseri-

276 1668 463 1724 cordia
491 1667 733 1738 indigeo,
781 1667 1029 1738 fugitivus
1066 1669 1251 1734 redeo,
1294 1683 1476 1740 pacem
1506 1684 1719 1740 quaero;
1750 1685 1858 1725 non

274 1777 396 1818 sum
426 1760 620 1831 dignus
659 1762 838 1816 vocari
868 1760 1006 1816 ﬁlius
1034 1770 1157 1816 tuus
1186 1761 1297 1836 (Id.
1323 1779 1413 1829 xv,
1449 1763 1563 1833 21),
1594 1764 1678 1818 Ne
1702 1764 1860 1818 intres

274 1857 329 1911 in
346 1854 606 1925 judicium
634 1869 751 1907 cum
777 1870 919 1909 servo
957 1864 1079 1918 tuo;
1104 1857 1347 1925 quoniam
1371 1872 1472 1911 non
1493 1856 1861 1927 justiﬁcabitur

275 1948 330 2003 in
354 1956 627 2018 conspectu
657 1957 743 2004 tuo
778 1950 942 2003 omnis
973 1950 1159 2005 vivens.
1187 1950 1318 2005 Ante
1340 1959 1550 2005 mortem
1583 1966 1647 2005 nc
1681 1950 1859 2005 laudes

273 2040 532 2096 hominem
568 2057 865 2112 quemquam
899 2041 1084 2114 (Eccli.
1116 2060 1192 2109 χι,
1223 2043 1317 2116 50)
1357 2061 1371 2097 :
1423 2045 1642 2099 omnino
1692 2044 1857 2099 omnis

270 2132 465 2188 vivens.
493 2131 629 2200 Quid
674 2133 773 2203 ipsi
802 2134 1016 2197 arietes,
1046 2134 1171 2203 quid
1199 2134 1300 2205 ipsi
1335 2135 1601 2206 Apostoli,
1627 2134 1693 2190 de
1720 2150 1855 2205 quo-

270 2241 397 2281 rum
448 2225 598 2296 prole
647 2226 840 2281 dicitur
891 2245 904 2281 :
958 2226 1149 2295 A/I'ertc
1195 2227 1411 2283 Domino
1458 2229 1593 2298 ﬁlios
1645 2229 1858 2283 arietum

275 2314 454 2391 (Psal.
482 2332 669 2384 xxvtn,
699 2316 789 2388 l)?
816 2318 891 2372 Ex
922 2318 1006 2373 his
1035 2318 1230 2374 Paulus
1258 2327 1361 2385 est,
1392 2319 1481 2389 qui
1511 2319 1640 2373 dicit
1666 2334 1771 2374 non
1797 2333 1858 2374 sc

273 2420 399 2462 esse
432 2405 722 2477 perfectum
748 2426 762 2461 :
796 2407 918 2463 Non
944 2409 1063 2479 quia
1090 2411 1195 2476 iam
1219 2410 1513 2479 acceperim,
1547 2410 1738 2479 inquit,
1769 2417 1859 2464 aut

264 2498 380 2568 jam
409 2498 660 2568 perfectus
686 2499 781 2553 sim
809 2497 1066 2571 (Philipp.
1091 2516 1169 2568 ιιι,
1201 2500 1312 2572 ιε).
1348 2502 1601 2574 Denique.
1645 2503 1853 2568 fratres,

275 2599 335 2647 ut
363 2590 475 2646 cito
502 2590 827 2660 agnoscatis,
861 2591 959 2661 ipsi
1008 2592 1309 2648 didicerunt
1356 2608 1512 2649 orare
1550 2594 1689 2663 quod
1735 2610 1859 2650 ora-

273 2698 416 2750 mus,
459 2684 585 2754 ipsis
616 2683 740 2739 data
785 2693 868 2739 est
902 2686 1082 2756 regula
1112 2687 1435 2757 postulandi,
1481 2703 1512 2743 a
1538 2688 1855 2760 Jurisperito

274 2775 481 2832 caelesti
514 2794 529 2830 :
559 2776 649 2831 Sic
676 2785 835 2841 orate,
868 2776 1058 2847 inquit,
1104 2778 1169 2833 Et
1207 2794 1327 2833 cum
1354 2780 1594 2849 quaedam
1638 2783 1853 2850 praemi-

272 2868 454 2934 sisset,
488 2867 663 2938 p05uit
683 2876 738 2922 et
762 2867 866 2924 hoc
887 2876 950 2923 ut
976 2867 1222 2924 dicerent
1250 2873 1445 2926 arietes
1472 2871 1663 2938 nostri,
1689 2872 1853 2929 duces

272 2958 451 3015 ovium
476 3000 492 3025 ,
520 2967 573 3014 et
601 2961 868 3030 pra-cipua
898 2961 1135 3017 membra
1163 2961 1397 3017 Pastoris
1422 2972 1476 3018 et
1503 2977 1852 3036 congregato-

270 3049 343 3105 ris
373 3050 391 3081 ί
436 3050 594 3105 unius
640 3051 852 3121 gregis;
900 3052 1002 3123 ipsi
1045 3052 1347 3109 didicerunt
1384 3055 1599 3112 dicere:
1642 3056 1855 3113 Dimitte

268 3142 409 3198 nobis
437 3142 603 3196 debita
640 3154 829 3210 nostra,
860 3149 990 3201 sicut
1016 3157 1063 3201 et
1088 3164 1180 3203 nos
1224 3148 1517 3205 dimittimus
1546 3151 1852 3208 debitoribus

267 3234 451 3289 nostris
480 3234 689 3307 (Matth.
722 3253 797 3303 vr,
828 3237 882 3303 9,
913 3238 1024 3311 {2).
1052 3238 1170 3295 Non
1199 3241 1466 3309 dixerunt,
1495 3243 1705 3300 Gratias
1731 3247 1846 3314 tibi,

266 3329 353 3398 qui
380 3329 631 3385 dimisisti
658 3331 811 3387 nobis
837 3332 1012 3389 debita
1064 3343 1265 3398 nostra,
1292 3336 1432 3391 sicut
1458 3344 1512 3391 et
1536 3352 1634 3392 nos
1663 3337 1845 3394 dimit-

268 3422 427 3476 timus
455 3421 786 3479 debitoribus
809 3426 1040 3490 nostris;
1071 3427 1187 3492 sed,
1216 3426 1447 3495 Dimitte,
1470 3429 1601 3483 sicut
1632 3429 1847 3485 dimitti-

266 3529 398 3568 mus.
430 3512 667 3569 Orabant
710 3525 889 3572 autem
913 3518 1095 3590 utique
1126 3522 1236 3587 jam
1267 3520 1448 3576 ﬁdeles
1470 3562 1485 3587 ,
1518 3522 1700 3592 utique
1736 3523 1845 3592 jam

264 3606 543 3674 Apostoli:
578 3622 699 3662 nam
744 3611 844 3664 ista
884 3611 1055 3667 oratio
1090 3611 1354 3668 dominica
1393 3616 1561 3687 magis
1601 3616 1845 3675 ﬁdelibus

264 3697 442 3754 datur.
472 3698 527 3756 Si
556 3700 733 3757 debita
757 3703 847 3758 illa
879 3707 1246 3763 tantummodo
1270 3707 1582 3766 dicerentur
1608 3727 1728 3782 quae
1749 3727 1846 3783 per

262 3791 593 3863 Baptismum
612 3794 969 3862 dimittuntur,
987 3801 1381 3856 catechumenis
1401 3813 1720 3873 congrueret
1733 3820 1845 3859 ma-

260 3882 340 3954 gis
390 3898 569 3952 orare,
603 3884 815 3942 Dimitte
853 3890 995 3945 nobis
1038 3889 1203 3945 debita
1241 3902 1429 3946 nostra.
1478 3893 1665 3949 Dicant
1713 3910 1842 3966 ergo

260 3974 525 4044 Apostoli,
571 3976 770 4043 dicant,
800 3977 1010 4035 Dimitte
1038 3981 1183 4034 nobis
1223 3981 1389 4036 debita
1417 3992 1610 4048 nostra,
1639 3984 1768 4039 sicut
1794 3994 1842 4041 et

259 4082 351 4121 nos
379 4066 675 4122 dimittimus
717 4069 1020 4126 debitoribus
1060 4073 1264 4127 nostris.
1308 4074 1510 4129 Etcum
1540 4075 1618 4130 eis
1637 4075 1839 4131 dictum

256 4157 438 4223 fuerit,
470 4159 646 4227 Quare
692 4160 797 4218 hoc
837 4162 1045 4218 dicitis?
1085 4181 1203 4235 quae
1241 4164 1415 4221 debita
1461 4170 1677 4224 vestra?
1734 4169 1840 4225 Re-

255 4250 578 4322 spondeant,
605 4253 859 4320 Quoniam
879 4270 981 4311 non
993 4255 1357 4327 justi/imbitur
1376 4258 1428 4311 in
1455 4268 1722 4330 conspectu
1752 4271 1838 4316 tuo

254 4343 422 4398 omnis
444 4343 629 4398 vivens.

324 4434 377 4488 7.
404 4433 553 4508 [vers.
576 4435 655 4509 5.]
680 4436 931 4504 Quoniam
952 4448 1240 4508 persecutus
1267 4450 1341 4496 est
1358 4442 1589 4499 inimicus
1612 4445 1835 4500 animam

250 4541 436 4587 meam,
465 4527 748 4582 humiliuvit
772 4529 826 4583 in
854 4539 987 4584 terra
1011 4532 1163 4586 vitam
1190 4549 1372 4588 meam.
1407 4535 1540 4592 Vide
1567 4552 1685 4605 nos,
1714 4538 1837 4595 vide

250 4626 413 4688 caput
459 4628 700 4674 nostrum
754 4634 850 4691 pro
900 4622 1095 4678 nobis:
1133 4623 1384 4692 Quoniam
1432 4638 1720 4697 persecutus
1762 4639 1836 4684 est

249 4708 486 4763 inimicus
511 4711 735 4764 animam
760 4727 941 4765 meam.
984 4712 1300 4769 Persecutus
1345 4702 1427 4771 est
1454 4716 1606 4786 plane
1635 4727 1690 4773 et
1717 4718 1833 4775 dia-

249 4801 408 4856 bolus
436 4805 668 4857 animam
689 4803 908 4873 Christi,
932 4814 986 4861 et
1026 4804 1189 4862 ludas
1213 4808 1443 4862 animam
1472 4810 1708 4879 magistri
1738 4828 1750 4865 :
1780 4820 1835 4867 et

250 4910 396 4949 nunc
423 4894 491 4950 ad
519 4898 939 4965 persecutionem
967 4898 1207 4970 corporis
1235 4898 1433 4956 Christi
1463 4902 1604 4958 idem
1643 4902 1832 4960 diabo-

246 4986 331 5041 lus
362 4996 575 5053 manet;
624 4987 789 5044 ludas
832 4998 1009 5046 autem
1050 4990 1201 5046 ludat
1241 4990 1495 5047 succedit.
1539 4992 1658 5048 Non
1701 5010 1831 5066 ergo

247 5078 403 5135 deest
430 5077 498 5134 de
526 5094 634 5150 quo
654 5080 795 5137 dicat
823 5089 877 5137 et
903 5097 1097 5153 corpus
1118 5125 1135 5151 ,
1169 5083 1419 5149 Quoniam
1446 5095 1733 5157 persecutus
1762 5096 1834 5143 est

246 5170 485 5226 inimicus
536 5172 760 5227 animam
812 5189 976 5228 meam
998 5216 1013 5241 ,
1065 5175 1346 5230 humiliavit
1395 5177 1449 5231 in
1496 5184 1629 5232 terra
1678 5178 1831 5233 vitam

247 5280 431 5319 meam.
464 5263 798 5335 Humiliavit,
841 5266 1032 5338 inquit,
1071 5267 1125 5323 in
1154 5276 1288 5323 terra
1324 5269 1476 5324 vitam
1501 5287 1684 5328 meam.
1710 5272 1831 5329 Alio

248 5356 371 5412 loco
393 5355 617 5412 dicitur:
638 5357 981 5414 Curvaverunt
1001 5360 1221 5414 animam
1242 5377 1404 5415 meam
1425 5360 1595 5435 (Psal.
1619 5378 1726 5431 Lvt,
1751 5362 1827 5437 7).

249 5447 386 5518 Quid
412 5448 555 5504 enim
583 5449 861 5507 nobiscum
904 5453 1030 5523 agit,
1062 5451 1301 5525 quisquis
1326 5454 1661 5525 persequitur
1680 5496 1694 5521 ,
1726 5455 1832 5513 nisi

244 5549 303 5595 ut
324 5540 513 5596 relicta
538 5556 633 5612 spe
673 5543 879 5598 caelesti
923 5551 1118 5600 terram
1160 5545 1458 5616 sapiamus,
1505 5548 1830 5616 persecutori

246 5632 500 5689 cedentes
528 5642 739 5690 terrena
767 5635 1086 5705 diligamus?
1113 5638 1180 5694 Et
1210 5638 1281 5694 illi
1308 5639 1542 5711 quidem,
1572 5650 1826 5712 quantum

246 5725 296 5781 in
328 5725 461 5797 ipsis
486 5735 588 5795 est,
620 5726 722 5784 hoc
746 5737 909 5800 agunt
936 5745 949 5781 :
977 5730 1127 5786 nobis
1154 5741 1328 5788 autem
1355 5732 1456 5791 hoc
1482 5749 1586 5792 non
1617 5736 1827 5792 contiu-

286 5843 299 5873 ⁸
353 5851 454 5895 am.
481 5852 533 5897 et
566 5845 789 5909 plerique
816 5854 917 5897 Mss.
944 5854 1320 5913 congregatores.

1380 340 1773 401 ENARRATIO
1810 338 1877 399 IN
1915 330 2239 404 rsALuuu
2274 346 2477 410 cxur.

1969 471 2092 534 gat,
2122 467 2316 539 quibus
2342 470 2566 541 dicitur,
2599 474 2664 532 Si
2690 478 3031 539 resurrexistis
3053 496 3167 540 cum
3191 482 3409 557 Christo,
3436 508 3552 564 qua

1966 574 2170 616 sursum
2212 572 2331 620 sunt
2375 568 2556 639 sapite,
2607 571 2693 626 ubi
2738 570 2968 632 Christus
3009 587 3085 634 est
3124 581 3176 636 in
3220 582 3425 640 dextera
3452 587 3553 645 Dei

1966 652 2181 720 sedens;
2207 672 2322 726 qua:
2348 675 2549 715 sursum
2580 673 2697 719 sunt
2718 668 2930 735 qua-rite
2949 709 2966 736 ,
3009 687 3111 727 non
3133 690 3246 744 qua:
3267 693 3421 748 super
3444 690 3547 736 ter-

1966 750 2324 834 rani:mortui
2359 752 2491 806 enim
2531 755 2648 810 estis
2686 755 2904 831 (Coloss.
2947 775 3028 830 ιιι,
3080 764 3218 834 1-5).
3266 766 3398 825 Nam
3441 787 3549 830 non

1961 832 2339 905 justiﬁeabitur
2364 857 2546 900 coram
2593 845 2706 903 Deo
2753 852 2927 908 omnis
2953 853 3156 911 vivens.
3177 832 3278 914 illi
3309 874 3437 932 ergo
3466 865 3551 921 vel

1968 936 2152 997 aperte
2176 931 2469 1003 szeviendo,
2496 937 2580 993 vel
2600 940 2806 998 occulte
2832 943 3130 1001 insidiando
3147 931 3409 1008 conantur
3430 969 3554 1024 per-

1967 1016 2161 1077 ducere
2191 1022 2350 1079 vitam
2381 1036 2618 1085 nostram
2647 1031 2715 1087 ad
2750 1040 2948 1090 terram
2973 1053 2987 1090 :
3010 1047 3193 1095 contra
3234 1041 3331 1099 hos
3357 1016 3550 1114 vigile-

1964 1126 2109 1180 mus,
2138 1123 2195 1169 ut
2222 1115 2399 1173 dicere
2427 1120 2712 1190 possimus,
2743 1122 2937 1181 Nostra
2974 1129 3105 1183 enim
3150 1133 3457 1191 conversatio
3495 1139 3551 1195 in

1964 1203 2101 1258 caelis
2123 1213 2195 1259 est
2217 1205 2474 1280 (Philipp.
2503 1227 2578 1277 ιιι,
2606 1212 2723 1285 20).
2759 1214 3077 1287 Humiliavit,
3112 1221 3301 1294 inquit,
3327 1226 3382 1282 in
3416 1238 3552 1286 terra

1962 1298 2113 1351 vitam
2137 1315 2299 1354 nteant
2321 1302 2583 1359 inimicus.

2033 1388 2087 1443 8.
2139 1388 2521 1449 Collocaverunt
2572 1414 2652 1451 me
2690 1398 2744 1453 in
2788 1401 3089 1471 tenebrosis,
3147 1406 3277 1461 sicut
3328 1419 3552 1470 mortuos

1962 1481 2157 1536 seculi.
2186 1482 2297 1540 lloc
2326 1501 2355 1539 a
2382 1488 2555 1558 capite
2595 1493 2893 1561 expeditius
2919 1497 3111 1552 auditis
3130 1539 3146 1566 ,
3178 1512 3231 1555 et
3253 1504 3551 1573 expeditius

1964 1571 2066 1627 hoc
2093 1573 2144 1627 in
2175 1576 2347 1645 capite
2373 1580 2678 1649 agnoscitis.
2712 1583 2805 1639 ille
2832 1587 2972 1641 enim
3002 1602 3099 1658 pro
3125 1591 3277 1647 nobis
3306 1571 3549 1656 mortuus

1962 1663 2133 1721 factus
2158 1677 2256 1733 est,
2290 1670 2383 1724 sed
2414 1688 2520 1726 non
2552 1685 2792 1731 mortuus
2822 1680 3023 1735 saaculi.
3053 1682 3153 1752 Qui
3184 1686 3323 1743 enim
3352 1694 3548 1750 mortui

1961 1768 2086 1813 sunt
2114 1763 2328 1817 saeculi?
2354 1773 2406 1818 et
2431 1768 2700 1835 quomodo
2731 1770 2817 1825 ille
2842 1787 2946 1826 non
2972 1785 3088 1829 erat
3110 1789 3350 1835 mortuus
3376 1796 3546 1841 saecu-

1962 1848 2040 1905 li?
2084 1851 2277 1908 Mortui
2327 1857 2530 1921 smculi,
2574 1860 2769 1915 merito
2817 1865 3032 1931 mortui,
3080 1871 3379 1928 mercedem
3408 1876 3547 1932 reci-

1961 1942 2167 2012 pientes
2208 1945 2531 2017 iniquitatis,
2574 1959 2630 2007 et
2672 1964 2897 2010 mortem
2933 1956 3190 2016 ducentes
3231 1977 3297 2019 ex
3346 1968 3547 2031 peccati

1962 2038 2277 2108 propagine;
2308 2055 2373 2095 ex
2392 2042 2479 2097 illa
2497 2058 2626 2101 voce
2642 2060 2742 2117 qua
2762 2047 2983 2105 dicitur:
3002 2050 3109 2123 Ego
3126 2054 3258 2109 enim
3279 2057 3329 2109 in
3357 2059 3547 2131 iniqui-

1960 2127 2145 2183 tatibus
2174 2142 2444 2201 conceptus
2463 2151 2596 2201 sum,
2626 2147 2673 2191 et
2693 2138 2744 2192 in
2767 2142 2981 2207 peccatis
3010 2155 3171 2199 mater
3196 2162 3305 2202 mea
3324 2149 3376 2203 in
3403 2127 3545 2209 utero

1960 2236 2039 2273 me
2076 2220 2201 2274 aluit
2241 2221 2409 2292 (Psal.
2442 2240 2494 2288 ι,
2535 2226 2613 2297 7).
2652 2227 2805 2285 Venit
2840 2239 3016 2287 autem
3048 2233 3135 2290 ille
3163 2252 3262 2307 per
3289 2240 3545 2312 virginem

1960 2327 2239 2370 assumens
2266 2331 2481 2374 carnem
2502 2361 2516 2385 ,
2547 2336 2651 2377 non
2684 2322 3013 2394 iniquitatem
3042 2330 3238 2399 carnis,
3265 2348 3543 2395 assumens

1959 2420 2173 2461 carnem
2206 2410 2454 2465 mundam
2483 2414 2889 2472 mundatricem.
2924 2419 3002 2474 Illi
3028 2434 3203 2479 autem
3230 2441 3386 2496 quem
3419 2444 3543 2500 pec-

1959 2505 2195 2553 catorem
2223 2501 2495 2570 putabant,
2534 2512 2783 2575 tanquam
2813 2517 3076 2565 mortuum
3108 2515 3289 2570 saeculi
3318 2516 3543 2589 deputa-

1958 2588 2103 2645 bant.
2131 2592 2201 2647 At
2230 2593 2321 2648 ille
2346 2595 2435 2664 qui
2463 2596 2513 2650 in
2540 2598 2645 2652 alio
2674 2600 2880 2670 psalmo
2909 2601 3062 2671 dixit,
3095 2605 3222 2671 Quae
3244 2625 3343 2663 non
3370 2588 3539 2682 rapui,

1959 2691 2078 2737 tunc
2121 2686 2430 2741 easolvebam
2479 2687 2648 2758 (Psal.
2700 2708 2885 2759 vaul,
2941 2695 3029 2767 5);
3079 2707 3133 2752 et
3176 2700 3265 2770 qui
3309 2702 3442 2758 dixit
3486 2705 3541 2763 in

1957 2776 2263 2849 Evangelio,
2286 2779 2421 2835 Ecce
2445 2784 2576 2837 venit
2597 2786 2829 2856 princeps
2844 2788 3040 2853 mundi,
3064 2795 3378 2862 praepositus
3400 2812 3542 2854 mor-

1959 2871 2025 2927 tis
2049 2913 2066 2941 ,
2096 2876 2276 2943 operis
2304 2876 2428 2930 mali
2462 2892 2778 2947 persuasor,
2809 2882 3055 2952 supplicii
3084 2897 3332 2955 exactor;
3373 2887 3539 2959 Venit,

1954 2962 2144 3035 inquit,
2175 2975 2220 3020 et
2242 2968 2297 3021 in
2321 2985 2401 3022 me
2427 2970 2555 3025 nihil
2593 2972 2824 3027 inveniet.
2870 2976 3005 3041 Quid
3042 2986 3153 3043 est,
3196 2980 3248 3034 in
3294 2998 3375 3036 me
3413 2985 3542 3040 nihil

1954 3058 2205 3114 inveniet?
2230 3059 2439 3116 Nullam
2466 3064 2673 3134 culpam
2702 3108 2717 3134 ,
2762 3067 2891 3123 nihil
2930 3085 3097 3140 quare
3125 3074 3259 3129 mori
3290 3074 3538 3136 del‘esm.

1955 3150 2063 3207 Sed
2091 3164 2147 3206 ut
2188 3155 2347 3209 sciant
2389 3173 2559 3213 omnes
2587 3160 2707 3228 quia
2742 3161 3079 3231 voluntatem,
3126 3165 3333 3236 inquit,
3366 3168 3541 3227 Patris

1953 3244 2053 3297 mei
2078 3245 2234 3314 facio,
2266 3248 2475 3317 surgite,
2498 3266 2669 3306 eamus
2699 3252 2815 3306 hinc
2846 3251 3024 3323 (Joan.
3052 3271 3140 3310 xlv
3162 3297 3180 3325 ,
3204 3257 3292 3325 30,
3322 3257 3435 3332 5i).
3468 3260 3541 3318 Ut

1954 3337 2172 3403 moriar,
2204 3338 2396 3408 inquit,
2429 3342 2755 3399 voluntatem
2797 3345 2970 3400 Patris
2995 3349 3097 3403 mei
3124 3348 3281 3413 iacio,
3309 3367 3411 3409 non
3438 3369 3538 3411 au-

1953 3436 2058 3485 tem
2103 3438 2276 3486 morte
2302 3446 2422 3487 sum
2453 3433 2662 3505 dignus.
2710 3435 2852 3492 Nihil
2879 3437 2980 3494 l‘eei
3012 3440 3153 3497 unde
3179 3444 3409 3514 moriar,
3441 3447 3537 3504 sed

1951 3522 2087 3578 iacio
2122 3532 2179 3577 ut
2215 3525 2442 3592 moriar;
2491 3536 2547 3582 ut
2584 3528 2657 3582 illi
2694 3545 2788 3600 per
2812 3530 3113 3589 innocentis
3145 3545 3372 3593 mortem
3402 3538 3535 3597 libe-

1951 3626 2153 3681 rentur,
2176 3618 2267 3688 qui
2292 3618 2557 3676 habebant
2586 3637 2749 3692 quare
2775 3635 3129 3682 morerentur.
3153 3627 3534 3689 Collocaverunt

1949 3724 2029 3763 me
2055 3710 2108 3763 in
2133 3712 2421 3778 tenebrosis,
2462 3722 2708 3785 tanquam
2739 3716 2791 3769 in
2819 3715 3062 3784 infernis,
3097 3728 3343 3790 tanquam
3371 3724 3422 3776 in
3449 3739 3535 3779 se-

1950 3799 2135 3869 pulcro
2158 3842 2173 3866 ,
2224 3808 2473 3871 tanquam
2504 3803 2555 3857 in
2584 3805 2694 3873 ipsa
2725 3805 3005 3874 passione;
3037 3808 3167 3862 velut
3190 3822 3409 3865 mortuos
3431 3828 3533 3868 ste-

1947 3893 2068 3958 culi,
2126 3908 2246 3947 eum
2288 3894 2378 3965 qui
2403 3894 2550 3961 dicit,
2587 3894 2773 3950 Factus
2795 3914 2908 3952 sum
2931 3900 3059 3954 sicut
3078 3901 3228 3956 homo
3245 3904 3354 3958 sine
3375 3906 3530 3976 adju-

1947 3984 2107 4051 torio,
2150 3985 2281 4039 inter
2305 3994 2526 4040 mortuos
2550 3985 2674 4040 liber
2700 3987 2719 4057 (
2742 3985 2886 4042 Psal.
2914 4005 3144 4052 Lxxxvu.
3174 3992 3241 4057 5,
3282 3993 3361 4065 6).
3393 3994 3529 4064 Quid

1944 4084 2027 4131 est
2049 4118 2065 4143 ,
2110 4075 2274 4130 liber?
2312 4091 2477 4147 quare
2508 4077 2674 4132 liber?
2708 4077 2841 4145 Quia
2870 4081 3043 4136 omnis
3068 4084 3156 4153 qui
3188 4082 3309 4139 facit
3339 4101 3530 4156 pecca-

1946 4177 2077 4234 tum,
2108 4183 2299 4223 servus
2324 4177 2406 4224 est
2432 4170 2631 4239 peccati
2662 4168 2840 4243 (Joan.
2873 4188 2981 4239 vin,
3010 4173 3120 4243 5h).
3153 4174 3390 4247 Denique
3419 4194 3527 4236 nou

1943 4261 2177 4315 solveret
2218 4274 2247 4313 a
2293 4260 2551 4325 vinculis,
2599 4261 2703 4316 nisi
2746 4262 2934 4318 libera
2969 4263 3213 4321 vinculis.
3259 4266 3352 4324 Ille
3392 4269 3528 4327 liber

1943 4359 2170 4406 mortem
2199 4351 2414 4417 occidit,
2442 4351 2715 4407 vinculum
2746 4354 2937 4421 vinxit,
2968 4356 3329 4426 captivitatem
3359 4362 3526 4432 captio

1942 4443 2101 4509 vavit,
2147 4453 2202 4500 et
2243 4445 2637 4503 collocaverunt
2680 4462 2801 4503 eum
2842 4447 2894 4503 in
2939 4448 3236 4507 tenebrosis
3273 4460 3524 4525 tanquam

1941 4547 2179 4594 mortuos
2208 4538 2408 4593 saeculi.

2012 4629 2063 4683 9.
2098 4628 2248 4702 [vers.
2283 4628 2361 4701 4.]
2408 4629 2475 4684 Et
2514 4631 2720 4685 taedium
2743 4672 2760 4699 ,
2800 4632 3008 4703 inquit,
3061 4650 3237 4704 passus
3263 4643 3337 4690 est
3363 4635 3417 4691 in
3447 4654 3525 4694 me

1941 4720 2146 4790 spiritus
2193 4737 2352 4788 meus,
2400 4720 2771 4777 Recordamini
2797 4765 2811 4790 ,
2861 4722 3044 4778 Tristis
3089 4734 3161 4779 est
3201 4725 3371 4779 anima
3412 4743 3525 4784 mea

1940 4830 2095 4883 usque
2106 4814 2173 4867 ad
2183 4823 2386 4869 mortem
2403 4813 2611 4884 (Matth.
2628 4832 2773 4881 xxvr,
2796 4816 3102 4888 38).Videte
3116 4833 3297 4873 vocem
3314 4824 3520 4877 unam‘.

1940 4905 2200 4977 Numquid
2230 4920 2334 4961 non
2353 4915 2573 4976 apparet
2598 4907 2711 4976 ipse
2733 4908 2984 4962 transitus
3007 4922 3037 4962 a
3065 4909 3237 4980 capite
3256 4909 3322 4965 ad
3349 4927 3522 4968 mem-

1938 5000 2032 5055 bra
2055 5040 2070 5065 ,
2114 5013 2145 5053 a
2184 4999 2439 5054 membris
2467 4998 2532 5054 ad
2558 4999 2749 5069 caput?
2788 4998 3017 5053 deium
3042 5042 3056 5065 ,
3090 5002 3294 5072 inquit,
3340 5021 3519 5075 passus

1939 5101 2010 5146 est
2038 5091 2092 5145 in
2120 5107 2198 5145 me
2217 5092 2423 5158 spiritus
2458 5107 2617 5146 meus.
2642 5091 3020 5162 Agnoscimus,
3052 5092 3230 5149 Tristis
3254 5106 3325 5150 est
3351 5099 3523 5154 anima

1939 5199 2047 5238 mea
2076 5198 2230 5253 usque
2251 5182 2318 5236 ad
2343 5192 2570 5236 mortem.
2588 5180 2759 5237 Sedet
2786 5183 2896 5240 illic
2924 5198 3023 5239 nos
3051 5200 3284 5242 eramus.
3313 5186 3517 5247 Trans-

1938 5275 2180 5348 ﬁguravit
2205 5276 2345 5332 enim
2374 5276 2427 5331 in
2458 5291 2517 5332 se
2543 5291 2740 5347 corpus
2796 5278 3104 5334 humilitatis
3134 5290 3350 5349 nostrae,
3380 5299 3514 5341 con—

1937 5370 2171 5427 formans
2196 5368 2405 5441 corpori
2427 5369 2609 5441 gloria:
2631 5385 2741 5425 suae
2760 5368 3019 5443 (Philipp.
3045 5387 3122 5438 ιιι,
3139 5371 3262 5447 2i);
3292 5384 3345 5431 et
3366 5386 3521 5434 vetus

1938 5468 2098 5523 homo
2124 5474 2304 5521 noster
2327 5464 2566 5520 conﬁxus
2594 5474 2677 5521 est
2706 5465 2851 5522 cruci
2877 5480 2997 5522 cum
3028 5467 3117 5523 illo
3141 5468 3312 5541 (Rom.
3332 5486 3405 5539 vt,
3434 5472 3515 5542 6).

1940 5558 2005 5613 In
2034 5575 2112 5612 me
2138 5558 2392 5612 turbatura
2419 5565 2495 5612 est
2523 5572 2609 5611 cor
2633 5574 2817 5612 meum.
2850 5555 2916 5612 In
2943 5576 3021 5614 me
3042 5600 3056 5625 ,
3100 5561 3301 5630 inquit,
3331 5576 3435 5617 non
3463 5562 3517 5621 in

1936 5650 2073 5708 aliis.
2103 5650 2182 5706 illi
2207 5652 2350 5707 enim
2381 5665 2467 5707 me
2496 5650 2871 5719 deseruerunt,
2895 5660 2950 5708 et
2979 5653 3054 5708 illi
3081 5652 3169 5723 qui
3193 5652 3519 5714 inhaeserant

1999 5786 2014 5816 ¹
2042 5790 2221 5849 lta__sex
2242 5790 2349 5834 Mss.
2385 5790 2439 5835 At
2473 5784 2608 5849 add,
2646 5796 2806 5834 vocem
2830 5796 3000 5834 meam.
3043 5790 3249 5849 Moxque
3273 5791 3374 5838 Am.
3405 5800 3517 5845 cum

1938 5846 2181 5898 nonnullis
2197 5854 2323 5909 Mss,
2350 5844 2589 5909 Numquid
2611 5852 2831 5910 apparet.
