4084 6472
530 508 898 573 iecesserunt,
937 512 992 561 et
1023 518 1110 560 me
1135 504 1305 573 ipsum
1335 502 1455 572 quia
1480 498 1616 557 inori
1642 498 1923 567 videbant,
1955 494 2097 552 aliud

532 600 728 672 aliquid
757 607 1099 669 putaverunt;
1139 604 1193 651 et
1230 612 1257 648 a
1291 597 1496 650 latrone
1529 594 1651 648 victi
1679 604 1823 658 sunt,
1855 592 1944 663 qui
1976 588 2100 647 tunc

532 693 759 748 credidit
782 690 931 760 (Luc.
961 704 1115 753 χχιιι,
1142 686 1350 755 40-22),
1374 686 1584 755 quando
1605 684 1677 740 illi
1699 682 2027 739 deleCerunt.

604 785 689 839 10.
738 780 887 855 [verm
932 782 1011 850 5.]
1051 780 1177 835 inde
1219 778 1284 834 ad
1335 777 1591 833 membra.
1638 774 1946 832 Memoratus
1992 792 2101 831 sum

531 878 725 933 dierum
750 876 1083 946 antiquarunt.
1116 873 1376 945 Numquid
1406 883 1729 927 memoratus
1758 883 1841 928 est
1864 872 1955 928 ille
1981 870 2101 927 die-

528 984 643 1024 rum
679 964 1045 1036 antiquorum,
1077 981 1175 1038 per
1208 978 1363 1035 quem
1408 960 1577 1019 factus
1616 974 1697 1019 est
1734 962 1906 1019 omnis
1943 962 2105 1018 dies?

531 1060 635 1118 Sed
662 1061 894 1131 loquitur
912 1072 1127 1129 corpus,
1158 1058 1388 1129 loquitur
1406 1058 1764 1128 unusquisque
1780 1048 1919 1113 illius
1934 1056 2102 1127 gratia

526 1151 845 1223 justilicatus
863 1192 878 1216 ,
914 1148 1177 1205 inbmrens
1223 1150 1296 1203 illi
1338 1150 1391 1204 in
1418 1149 1677 1204 charitate
1704 1158 1758 1204 et
1784 1148 1971 1203 devota
1999 1147 2102 1201 hu-

531 1242 811 1303 militate‘;
848 1241 1104 1309 loquitur,
1132 1247 1186 1295 et
1222 1239 1375 1304 dicit,
1420 1230 1729 1293 Hemoratus
1759 1256 1869 1294 sum
1908 1239 2103 1293 dierum

531 1333 868 1403 antiquorum,
909 1332 1175 1385 meditatus
1220 1348 1332 1384 sum
1372 1332 1424 1384 in
1467 1332 1693 1385 omnibus
1721 1331 1950 1401 aperibus
1981 1332 2099 1386 tuis.

533 1423 665 1492 Quia
694 1424 876 1493 utique
903 1423 1077 1476 omnia
1108 1421 1243 1476 bona
1275 1429 1328 1477 tu
1359 1421 1560 1485 fecisti,
1589 1428 1642 1478 et
1673 1424 1796 1477 nihil
1828 1424 2099 1479 constitis-

532 1524 614 1570 set
643 1514 782 1582 quod
823 1530 853 1569 a
902 1522 954 1569 te
991 1514 1333 1569 constitutum
1371 1520 1475 1568 non
1521 1524 1680 1569 e3set.
1714 1515 1965 1569 Creatnra
2014 1523 2101 1569 tua

532 1606 889 1675 spectaculum
933 1604 1062 1659 mihi
1102 1605 1234 1659 faeta
1266 1605 1620 1675 estzqumsivi
1654 1606 1703 1659 in
1734 1621 1894 1676 opere
1932 1604 2101 1660 artiﬁ-

530 1708 669 1756 cem.
700 1705 754 1752 et
784 1696 834 1749 in
862 1694 1087 1751 conditis
1111 1696 1359 1749 omnibus
1386 1695 1733 1751 conditorem.
1763 1700 1936 1760 Quare
1963 1696 2102 1751 hoc?

533 1788 715 1857 utquid
754 1787 886 1851 hoc,
935 1787 1035 1841 nisi
1066 1798 1121 1841 ιιι
1165 1786 1264 1842 hoc
1304 1788 1649 1857 intelligeret,
1683 1789 1933 1858 quidquid
1961 1791 2010 1844 in
2043 1807 2103 1845 se
2146 1792 2150 1797 ’

531 1880 655 1935 boni
683 1888 845 1945 esset,
872 1878 937 1934 ab
964 1879 1055 1933 illo
1082 1877 1272 1934 factum
1300 1894 1448 1941 esse;
1481 1896 1546 1935 ne
1570 1880 1816 1947 ignorans
1840 1882 2099 1950 justitiam

532 1969 623 2025 Dei
649 2010 664 2037 ,
697 1980 750 2025 et
775 1984 924 2024 suam
954 1971 1137 2024 volens
1165 1970 1489 2025 consuluere
1511 2012 1525 2035 ,
1557 1971 1776 2039 justitiae
1806 1972 1894 2027 Dei
1922 1973 2103 2040 subje-

532 2068 649 2114 ctus
679 2075 783 2114 non
813 2070 954 2114 esset
987 2056 1158 2130 (Rom.
1188 2075 1240 2127 ιι,
1267 2061 1353 2131 5);
1386 2069 1443 2116 ιιι
1470 2061 1518 2116 ei
1545 2062 1853 2117 conveniret
1878 2078 1980 2118 vox
2012 2063 2101 2120 illa

531 2154 792 2223 superior,
820 2152 888 2207 In
916 2154 1121 2207 ueritate
1146 2162 1232 2207 tua
1252 2162 1297 2208 et
1325 2154 1378 2207 in
1396 2154 1602 2224 justitia
1622 2154 1750 2208 tua?
1778 2154 1831 2209 In
1858 2154 2102 2213 omnibus

531 2259 661 2316 ergo
706 2245 793 2300 Dei
834 2245 1080 2315 operibus
1123 2255 1176 2300 et
1224 2244 1564 2300 meditatione
1607 2246 1841 2300 omnium
1881 2261 2101 2316 Operum

539 2337 629 2391 Dei
672 2336 893 2407 gratiam
936 2336 1199 2403 insinuat,
1240 2338 1462 2407 gratiam
1492 2338 1846 2402 commendat,
1878 2340 2102 2409 gratiam

531 2442 590 2483 se
620 2427 883 2482 invenisse
910 2427 1199 2497 gloriatur,
1231 2428 1454 2498 gratiam
1492 2441 1591 2499 qua
1620 2430 1781 2497 gratis
1810 2430 1940 2484 salvi
1978 2429 2105 2485 facti

534 2534 718 2573 sumus
741 2535 753 2571 :
774 2519 893 2587 quia
920 2528 973 2573 et
998 2518 1161 2589 gratis
1182 2519 1313 2573 salvi
1340 2517 1462 2573 lacti
1485 2534 1681 2573 sumus.
1707 2518 1840 2586 Quid
1860 2520 2105 2590 gloriaris

531 2611 583 2665 in
617 2620 703 2665 tua
746 2610 988 2679 justitia?
1023 2608 1147 2680 quid
1177 2618 1229 2665 te
1259 2612 1506 2677 extollis,
1540 2612 1791 2681 ignorans
1824 2612 1913 2666 Dei
1940 2612 2101 2681 justi-

532 2702 693 2756 tiam?
742 2702 938 2757 Dedisti
988 2700 1123 2757 forte
1166 2702 1382 2774 aliquid,
1431 2711 1485 2757 ut
1529 2704 1704 2757 salvus
1747 2715 1896 2759 esses
1929 2721 1942 2757 :
1974 2702 2103 2775 quid

531 2793 759 2859 dedisti,
806 2804 862 2849 ut
907 2794 1070 2848 homo
1108 2797 1293 2850 esses?
1331 2796 1558 2865 Respice
1603 2808 1729 2867 ergo
1772 2798 2103 2855 conditorem

534 2885 654 2938 vitae
686 2894 808 2949 tute,
843 2885 1150 2939 substantiae
1189 2893 1245 2941 et
1276 2886 1495 2954 justitiae
1521 2897 1575 2943 et
1600 2887 1784 2943 salutis
1808 2898 2101 2944 auctorem.

532 2975 783 3031 Meditare
823 2977 875 3031 in
902 2977 1109 3047 facturis
1146 2994 1387 3031 manuum
1429 2978 1573 3049 ejus,
1620 2980 1740 3050 quia
1767 2988 1819 3035 et
1843 2980 2103 3050 justitiam

532 3085 652 3139 quas
695 3069 749 3129 in
788 3078 840 3123 te
881 3079 982 3136 est,
1013 3070 1078 3125 ad
1109 3086 1322 3125 manum
1348 3072 1464 3141 ejus
1486 3074 1507 3105 ⁸
1550 3073 1787 3129 invenies
1814 3074 2101 3143 pertinere.

530 3160 665 3216 Audi
696 3160 1003 3231 Apostolum
1036 3161 1138 3216 hoc
1168 3170 1219 3215 te
1259 3161 1539 3219 docentem
1564 3180 1578 3216 ε
1600 3163 1721 3218 Non
1746 3181 1809 3219 es
1835 3165 2096 3236 aperibus,

529 3252 717 3323 inquit,
755 3266 817 3307 ne
852 3253 979 3319 forte
1018 3254 1127 3322 quis
1171 3253 1459 3309 extollatur.
1503 3254 1673 3325 Opera
1705 3256 1839 3310 bona
1870 3272 1975 3310 non
2004 3256 2099 3312 ha-

530 3345 755 3401 bemus?
799 3345 1065 3401 Habemus
1109 3347 1295 3416 planc;
1347 3348 1441 3403 sed
1484 3348 1605 3403 vide
1653 3348 1779 3419 quid
1822 3351 2100 3420 sequitur:

532 3435 706 3507 Ipsius
753 3438 884 3491 enim
928 3454 1100 3492 sumus
1148 3438 1468 3509 ﬁgmentum,
1515 3439 1667 3495 dixit.
1712 3438 1883 3512 Ipsius
1929 3455 2105 3495 sumus

533 3526 854 3600 ﬁgmentum:
872 3528 1008 3585 forte
1033 3539 1296 3594 naturam,
1323 3547 1425 3601 qua
1454 3530 1699 3587 homines
1724 3549 1927 3599 sumus,
1959 3548 2105 3587 com-

532 3633 830 3676 memorare
853 3620 1040 3687 voluit,
1071 3620 1173 3677 hoe
1191 3622 1454 3691 appellato
1477 3624 1760 3692 ﬁgmento?
1778 3623 1891 3678 Non
1914 3625 2101 3692 plane;

531 3712 599 3767 de
625 3713 874 3782 operibus
900 3713 1248 3785 loquebatur:
1275 3714 1413 3775 Non,
1446 3716 1634 3783 inquit,
1677 3732 1740 3770 ea:
1764 3715 2012 3787 operibus,
2043 3733 2107 3773 ne

530 3805 641 3874 quis
668 3807 798 3877 forte
820 3805 1112 3860 extollatur.
1154 3805 1258 3861 Sed
1284 3819 1390 3861 non
1415 3806 1790 3877 conjiciamus;
1821 3818 2101 3877 Sequatur:

534 3895 705 3966 Ipsius
726 3899 859 3953 enim
884 3914 1054 3953 sumus
1078 3899 1389 3971 ﬁgmentum,
1420 3900 1573 3954 creati
1601 3900 1653 3953 in
1676 3897 1875 3954 Christo
1898 3898 2023 3955 Iesu
2050 3902 2105 3956 in

533 3987 764 4059 aperibus
793 3990 932 4045 bonis
957 3989 1170 4061 (Ep/tes.
1203 4005 1271 4054 ιι,
1294 3989 1359 4051 9.
1384 3990 1496 4057 10).
1521 3988 1639 4045 Noli
1681 4005 1812 4060 ergo
1839 3998 2023 4060 putare
2052 3998 2107 4046 to

531 4078 725 4150 aliquid
766 4082 1001 4150 Operari,
1044 4082 1146 4137 nisi
1188 4082 1242 4137 in
1272 4092 1526 4153 quantum
1570 4082 1743 4139 malus
1787 4096 1866 4138 es.
1909 4083 2107 4139 Averte

533 4172 599 4225 ab
625 4185 787 4240 opere
816 4180 906 4226 tuo
933 4181 1010 4235 te,
1051 4169 1118 4227 ad
1159 4187 1295 4244 Opus
1324 4172 1464 4227 illius
1492 4173 1579 4243 qui
1608 4172 1732 4229 fecit
1757 4174 1972 4243 tezipse
1997 4173 2106 4229 for-

534 4260 699 4327 mat‘;
741 4271 794 4315 et
824 4261 937 4329 ipse
965 4262 1103 4332 quod
1146 4262 1464 4319 formaverat
1507 4273 1561 4318 et
1601 4272 1657 4318 tu
1700 4264 2102 4331 exterminasti,

534 4349 805 4405 reformet.
848 4351 915 4407 Ut
950 4353 1089 4407 enim
1118 4355 1227 4418 sis,
1270 4355 1383 4422 ipse
1410 4366 1658 4425 operatus
1687 4364 1804 4421 est;
1850 4365 1907 4410 ut
1933 4356 2106 4413 bonus

534 4443 607 4497 sis
629 4483 642 4505 ,
672 4443 715 4498 si
741 4442 911 4496 bonus
936 4457 1026 4509 es,
1055 4444 1168 4514 ipse
1190 4457 1459 4515 operatur.
1488 4445 1614 4501 Cum
1640 4457 1880 4512 tremore,
1914 4447 2105 4517 inquit,

535 4544 581 4589 et
610 4536 785 4590 tintore
821 4544 1033 4590 vestram
1071 4537 1296 4608 ipsorum
1331 4539 1544 4593 salutem
1571 4541 1868 4609 operamini.
1911 4538 1967 4597 Si
2004 4557 2104 4597 ιιοο

534 4638 697 4684 stram
725 4628 957 4698 ipsorum
980 4628 1206 4684 salutem
1231 4627 1536 4698 operemur,
1562 4645 1727 4700 quare
1746 4646 1866 4685 cum
1892 4632 2101 4700 timore,

536 4737 703 4794 quare
725 4737 845 4778 eum
873 4730 1120 4787 tremore,
1149 4734 1267 4777 cum
1296 4723 1365 4777 sit
1391 4723 1446 4777 in
1469 4730 1729 4791 potestate
1750 4732 1929 4779 nostra
1958 4725 2102 4795 quod

536 4813 889 4886 cperamur‘?
911 4814 1046 4870 Audi
1073 4829 1237 4886 quare
1262 4830 1381 4870 cum
1415 4816 1602 4872 timore
1621 4826 1674 4871 et
1699 4826 1957 4872 tremore:
1975 4816 2109 4874 Deus

535 4914 608 4960 est
642 4906 774 4961 enim
813 4906 897 4975 qui
939 4915 1181 4974 operatur
1202 4904 1255 4959 in
1290 4904 1427 4960 uobis
1452 4914 1501 4960 et
1535 4905 1659 4960 velle
1681 4915 1727 4961 et
1756 4907 1982 4976 operari,
2016 4923 2108 4978 pro

535 4998 667 5053 bona
688 4996 940 5053 uoluntate
963 4997 1217 5068 (Philipp.
1246 5012 1305 5064 ιι,
1334 4996 1421 5062 12,
1453 4996 1567 5068 15).
1608 4996 1748 5067 Ergo
1768 5014 1886 5053 cum
1919 4999 2110 5056 timore

537 5098 592 5145 et
620 5099 873 5151 tremore.
901 5097 958 5145 ut
980 5089 1211 5145 delectet
1252 5088 1305 5142 in
1342 5088 1583 5143 convalle
1610 5090 1818 5158 operari
1849 5092 2108 5145 artiﬁcem

541 5187 796 5233 nostrum.
832 5177 922 5234 Sic
945 5179 1087 5234 enim
1113 5186 1365 5248 operatur
1395 5185 1641 5248 tanquam
1672 5178 1725 5232 in
1754 5178 1991 5247 dejectis,
2019 5179 2109 5249 qui

533 5268 735 5340 judicat
764 5270 816 5324 in
843 5270 1090 5339 gentibus
1112 5308 1126 5335 ,
1158 5279 1214 5326 et
1237 5269 1409 5340 replet
1432 5270 1635 5325 ruinas.
1669 5268 1734 5323 In
1762 5272 1971 5341 facturis
1994 5288 2108 5325 ma-

536 5377 698 5417 nuum
725 5369 922 5415 tuarum
965 5362 1230 5416 meditatus
1267 5378 1399 5417 sum.
1445 5360 1566 5416 Vidi
1608 5378 1769 5432 ergo,
1811 5371 1864 5418 et
1902 5364 2109 5434 inspexi

537 5468 700 5523 opera
731 5461 815 5506 tua
840 5467 855 5517 ;
887 5451 1007 5521 quia
1035 5452 1167 5507 nihil
1197 5452 1321 5507 boni
1350 5466 1469 5507 esse
1500 5453 1551 5507 in
1582 5453 1735 5508 nobis
1764 5463 1971 5524 potest,
2005 5456 2106 5514 nisi

537 5545 633 5601 abs
662 5552 714 5601 te
743 5543 855 5612 list,
877 5542 967 5614 qui
993 5556 1089 5598 nos
1109 5542 1298 5598 fecisti.

601 5662 619 5693 ί
644 5662 717 5710 Sic
750 5668 849 5710 Am.
871 5665 923 5709 et
944 5665 1051 5709 Mss.
1073 5663 1127 5707 At
1151 5664 1225 5708 Er.
1250 5665 1303 5709 et
1317 5664 1449 5719 Ml,
1478 5662 1525 5710 et
1546 5659 1740 5712 devotus
1759 5659 1810 5712 in
1826 5659 2110 5716 humilitate.

602 5724 622 5752 ²
647 5722 835 5784 Aliquot
855 5729 984 5780 Mss.,
1008 5720 1073 5770 ad
1096 5734 1240 5784 opera
1263 5734 1486 5770 manuum
1511 5722 1631 5781 eius.

602 5786 623 5848 ξ
647 5791 720 5848 Er.
737 5783 889 5848 Lugd.
917 5792 1051 5842 νεα,
1076 5783 1260 5837 ηπηιει.
1318 5789 1374 5832 u.

605 5841 625 5873 ’⁸
643 5846 716 5896 Sic
746 5841 845 5893 Am'.
871 5849 941 5893 Er.
964 5852 1014 5895 et
1029 5852 1135 5895 Mss.
1157 5852 1211 5894 Αι
1234 5851 1478 5908 Lov.,qua
1497 5856 1771 5907 operantur.

1758 384 1817 442 s.
1855 358 2219 440 aucustmt
2256 379 2557 439 EPISGOPI

2282 497 2367 551 Η.
2394 496 2541 569 (vers.
2575 498 2655 573 6.]
2682 496 2749 556 Et
2772 494 2895 573 quid
2935 498 3057 571 feci,
3086 506 3207 560 cum
3232 506 3473 564 viderem
3495 525 3527 565 a
3553 519 3606 568 te
3630 528 3790 575 etan

2209 587 2391 645 datum
2418 593 2694 660 optimum.
2716 605 2767 650 et
2794 611 2951 651 omne
2967 594 3162 653 donum
3183 600 3471 669 perfectum
3490 604 3559 661 de
3575 618 3789 669 sursum

2210 692 2348 742 esse,
2368 679 2697 738 descendens
2714 702 2740 737 a
2763 684 2919 741 Patre
2936 688 3213 753 luminum,
3233 692 3368 759 apud
3395 706 3553 763 quem
3580 712 3683 753 non
3702 710 3789 757 est

2210 773 2575 838 commutatio,
2596 789 2691 829 nec
2715 779 2978 833 momenti
3002 778 3336 836 obunzbratio
3360 782 3565 853 (Jacobi
3588 800 3622 849 ι,
3646 785 3795 861 t7)?
3834 800 3851 867 ξ

2209 861 2338 917 Cum
2366 862 2467 919 hoc
2489 865 2740 928 viderem.
2770 883 2988 924 aversus
3012 870 3081 925 ab
3109 886 3272 941 apere
3304 877 3444 931 malo
3471 878 3617 948 quod
3647 879 3791 939 fece-

2209 970 2320 1009 ram
2349 956 2401 1011 in
2432 972 2537 1024 me,
2560 960 2764 1014 extendi
2786 974 2965 1018 manus
2983 971 3120 1020 ineas
3143 964 3216 1019 ad
3234 976 3299 1020 te.
3324 966 3566 1038 Extendi,
3595 975 3784 1046 inquit,

2208 1056 2387 1102 manus
2428 1060 2565 1103 meas
2589 1050 2657 1105 ad
2695 1061 2743 1105 te
2772 1068 2794 1107 :
2822 1056 2990 1109 auium
3034 1071 3145 1109 mea
3184 1059 3314 1111 velut
3342 1068 3477 1113 terra
3509 1064 3619 1117 sine
3654 1072 3795 1136 aqua

2208 1139 2313 1193 tibi.
2336 1140 2623 1209 Complue,
2652 1143 2848 1211 inquit,
2880 1156 2966 1201 me
3003 1147 3068 1201 ad
3110 1147 3405 1205 faciendum
3433 1152 3658 1209 fructum
3686 1157 3791 1213 bo-

2207 1245 2353 1285 num.
2387 1231 2639 1288 Dominus
2662 1237 2805 1290 enim
2827 1236 2971 1292 dabit
2990 1241 3323 1300 suavitatem.
3355 1252 3411 1298 ut
3433 1255 3573 1300 terra
3600 1252 3789 1305 nostra

2205 1320 2296 1375 det
2323 1322 2545 1376 fructum
2574 1339 2729 1378 suum
2757 1326 2924 1399 (Psal.
2956 1342 3178 1394 suam,
3214 1333 3325 1401 15).
3354 1333 3582 1391 Extendi
3607 1348 3797 1396 manus

2207 1428 2343 1467 meas
2368 1414 2435 1467 ad
2460 1425 2507 1467 te
2528 1430 2547 1469 :
2568 1418 2740 1470 anima
2766 1426 2878 1472 mea
2905 1421 3036 1474 velut
3065 1432 3198 1477 terra
3225 1425 3332 1478 sine
3356 1442 3509 1494 aqua,
3544 1443 3648 1482 non
3681 1432 3789 1485 mi-

2208 1506 2281 1572 hi,
2312 1508 2403 1562 sed
2434 1509 2540 1561 tibi.
2571 1510 2730 1564 Sitire
2759 1511 2851 1566 tibi
2882 1522 3092 1581 possum
3115 1558 3129 1580 ,
3173 1522 3258 1569 me
3284 1517 3503 1587 irrigare
3531 1536 3635 1574 non
3666 1537 3793 1591 pos-

2207 1611 2345 1652 sum.
2376 1601 2558 1653 Anima
2586 1616 2699 1655 mea
2719 1604 2851 1655 velut
2875 1606 3010 1657 terra
3036 1606 3145 1659 sine
3162 1620 3295 1679 aqua
3321 1610 3411 1663 tibi
3431 1627 3450 1663 :
3471 1613 3593 1681 quia
3620 1613 3795 1669 sit-ivit

2206 1692 2381 1745 anima
2428 1702 2545 1748 mea
2572 1693 2625 1747 in
2660 1694 2821 1747 Deum
2867 1696 3041 1750 vivum
3091 1697 3259 1767 (Psat.
3301 1716 3422 1765 xu,
3456 1702 3531 1772 5).
3560 1703 3791 1769 Quando

2206 1784 2449 1850 veniam,
2494 1783 2593 1837 nisi
2638 1783 2853 1854 quando
2897 1787 3339 1843 venerit?Sitivit
3366 1792 3539 1846 anima
3584 1796 3786 1851 meaia

2207 1872 2371 1926 Deum
2397 1875 2571 1928 vivum
2590 1889 2605 1939 ;
2632 1875 2755 1943 quia
2771 1877 2945 1928 anima
2955 1890 3069 1931 mea
3084 1877 3219 1931 velut
3238 1888 3370 1933 terra
3390 1882 3500 1936 sine
3517 1896 3653 1954 aqua
3671 1887 3778 1939 tibi.

2206 1964 2453 2018 Abundat
2480 1980 2646 2029 mare,
2680 1965 2925 2033 inundat,
2954 1968 3229 2037 cupiosum
3256 1979 3359 2036 est,
3390 1972 3610 2028 ﬂuctuat
3631 2015 3646 2035 .
3688 1974 3787 2031 sed

2206 2058 2443 2107 amarum
2469 2064 2571 2110 est.
2613 2054 2849 2110 Discreta
2888 2066 2971 2111 est
2999 2070 3158 2128 aqua,
3184 2066 3428 2130 apparuit
3450 2064 3603 2118 arida
3625 2064 3784 2137 (Gen.

2204 2160 2239 2209 ι,
2271 2145 2330 2215 9)
2363 2147 2539 2201 anima
2572 2162 2724 2212 mea;
2768 2147 2931 2218 irriga
2969 2162 3121 2217 ean),
3162 2151 3284 2220 quia
3322 2152 3457 2207 uelut
3492 2163 3625 2208 terra
3677 2157 3793 2212 sine

2206 2254 2335 2308 aqua
2363 2238 2468 2292 tibi.

2277 2329 2363 2384 12.
2392 2327 2539 2401 [oers.
2569 2329 2644 2402 7.]
2684 2330 2793 2385 Cito
2831 2332 3015 2385 exaudi
3057 2348 3154 2393 me.
3199 2330 3433 2389 Domine.
3472 2334 3605 2402 Quae
3636 2337 3789 2395 enim

2206 2438 2353 2477 mora
2378 2423 2589 2493 quando
2613 2423 2691 2477 sic
2710 2424 2853 2488 sitio,
2878 2424 2943 2479 ad
2966 2424 3397 2481 inﬂammandam
3416 2428 3561 2482 sitim
3580 2431 3786 2486 meam?

2206 2513 2440 2568 Pluviam
2466 2514 2780 2581 «titlerehas,
2811 2523 2871 2570 ut
2899 2516 3147 2571 hauriens
3174 2518 3484 2575 imbiberem
3507 2560 3521 2582 .
3557 2536 3663 2576 non
3693 2537 3788 2579 red

2206 2620 2449 2675 spuerem
2476 2605 2615 2676 quod
2643 2605 2911 2661 inllueres.
2940 2607 2994 2662 Si
3021 2623 3150 2679 ergo
3175 2608 3294 2662 ideo
3321 2609 3609 2666 diﬂerebas
3630 2652 3645 2675 ,
3670 2613 3789 2682 jam

2206 2697 2302 2762 da;
2340 2697 2585 2767 quoniam
2602 2699 2773 2752 anima
2806 2716 2916 2754 mea
2935 2702 3068 2755 velut
3102 2710 3237 2755 terra
3252 2702 3359 2756 sine
3387 2720 3520 2774 aqua
3536 2706 3643 2758 tibi.
3670 2705 3791 2761 Cito

2206 2790 2388 2842 exaudi
2416 2804 2512 2855 me,
2546 2787 2793 2853 Domine;
2821 2791 3003 2861 defecit
3028 2793 3234 2861 spiritus
3264 2809 3420 2849 meus.
3451 2794 3671 2864 Impleat
3694 2813 3789 2855 ut.

2205 2879 2421 2949 spiritus
2447 2889 2586 2948 tuus,
2608 2882 2730 2951 quia
2754 2881 2933 2954 defecit
2952 2884 3158 2952 spiritus
3177 2900 3315 2940 meus
3335 2900 3356 2940 :
3377 2887 3491 2956 ipsa
3512 2897 3595 2944 est
3620 2904 3788 2949 eam

2207 2981 2263 3025 ut
2290 2973 2397 3028 cito
2432 2974 2682 3029 exaudias
2705 3015 2720 3042 ,
2766 2977 2887 3046 quia
2931 2978 3112 3048 defecit
3152 2979 3361 3047 spiritus
3394 2995 3553 3036 meus.
3590 2982 3787 3041 Factus

2206 3078 2321 3118 sum
2338 3064 2447 3133 jam
2472 3080 2673 3135 panper
2694 3068 2916 3136 spiritu;
2944 3068 3156 3123 beatum
3182 3086 3269 3126 me
3290 3071 3373 3126 iac
3398 3072 3448 3126 in
3477 3087 3645 3145 regno
3671 3090 3787 3132 οω-

2207 3155 2377 3212 lorum
2412 3156 2621 3227 (blattis.
2650 3174 2703 3221 v,
2731 3159 2807 3228 '5).
2840 3158 2895 3213 In
2920 3176 3026 3230 quo
3054 3162 3197 3215 enim
3224 3162 3351 3217 vivit
3378 3163 3598 3233 spiritus
3626 3168 3742 3235 ejus
3760 3206 3779 3235 ,

2206 3249 2467 3318 superbus
2509 3258 2624 3315 est,
2668 3250 2854 3319 spiritu
2900 3262 2999 3307 suo
3042 3252 3320 3309 extollitur
3363 3263 3544 3311 contra
3593 3257 3779 3315 Deum.

2206 3339 2322 3395 Fiat
2354 3343 2405 3394 in
2438 3342 2527 3395 illo
2565 3341 2704 3397 bene
2746 3341 2888 3410 quod
2927 3342 3053 3397 alibi
3099 3346 3352 3415 scriptum
3404 3356 3522 3415 est,
3569 3349 3785 3420 Auferes

2204 3432 2437 3502 spiritum
2464 3448 2659 3497 eorum,
2685 3442 2732 3486 et
2759 3433 2989 3503 deﬁcient
3011 3476 3028 3498 ,
3067 3445 3113 3488 et
3135 3435 3189 3489 in
3218 3437 3470 3505 puluerem
3488 3448 3626 3494 suum
3652 3457 3780 3495 con-

2205 3534 2454 3579 vertentur
2479 3523 2649 3597 (Psal.
2676 3539 2785 3589 cut,
2814 3524 2938 3597 29);
2968 3536 3023 3580 ut
3047 3527 3365 3582 conﬁtentes
3408 3528 3615 3593 dieaut',
3656 3530 3782 3586 le-

2206 3624 2368 3670 mento
2408 3617 2527 3686 quia
2568 3616 2729 3687 pulvis
2769 3633 2943 3672 sumus
2983 3616 3154 3687 (Paul.
3182 3634 3273 3685 cn,
3307 3618 3415 3693 M).
3441 3620 3576 3678 Cum
3602 3633 3782 3681 autem

2205 3707 2466 3773 dixerint,
2497 3706 2633 3774 Quia
2668 3710 2830 3777 puluis
2869 3725 3041 3764 sumus
3077 3720 3356 3774 memento;
3399 3720 3527 3768 tunc
3564 3714 3781 3783 dicant,

2206 3800 2389 3853 Anima
2414 3816 2524 3855 mea
2556 3798 2688 3854 velut
2726 3811 2859 3854 terra
2885 3802 2993 3855 sine
3026 3817 3157 3871 aqua
3187 3800 3294 3855 tibi.
3324 3802 3460 3871 Quid
3501 3805 3648 3874 enim
3675 3816 3785 3863 tam

2209 3902 2347 3947 terra
2374 3890 2490 3946 sine
2517 3906 2652 3961 aqua
2672 3893 2688 3923 ¹
2712 3907 2728 3957 ;
2761 3907 2919 3962 quam
2947 3891 3152 3961 pulvis?
3176 3891 3281 3949 Sed
3310 3893 3410 3948 cito
3435 3897 3625 3949 exaudi
3667 3914 3784 3966 me,

2205 3980 2423 4037 Domine
2459 3985 2739 4053 :complue
2764 4000 2851 4039 me
2873 4023 2890 4050 ,
2932 3984 3187 4041 conﬁrma
3217 3998 3304 4043 me
3325 4025 3343 4053 ,
3383 4002 3452 4041 ne
3477 3988 3579 4042 sim
3611 3991 3787 4059 pulvis

2206 4087 2362 4143 quem
2377 4073 2582 4143 projieit
2592 4084 2777 4129 ventus
2792 4091 2820 4129 a
2838 4074 2973 4131 lseie
2985 4075 3159 4149 terra:(
3167 4074 3310 4132 Psat.
3327 4093 3364 4143 ι,
3379 4076 3455 4150 4).
3469 4076 3585 4134 Cito
3596 4081 3788 4137 eundi

2207 4184 2305 4231 me,
2327 4166 2576 4231 Domine;
2590 4167 2769 4239 defecit
2784 4168 2989 4239 spiritus
3005 4183 3172 4226 uicus:
3186 4184 3294 4226 nou
3312 4169 3591 4227 dlﬂ‘eratur
3607 4174 3789 4245 inopis

2208 4274 2347 4315 mea.
2374 4260 2652 4316 Abstulisti
2677 4261 2921 4331 spiritum
2952 4276 3151 4329 meum,
3196 4270 3255 4319 ut
3291 4261 3581 4321 deﬁcerem
3604 4303 3621 4331 ,
3652 4274 3710 4322 et
3731 4266 3789 4325 in

2208 4350 2483 4421 pulverem
2513 4366 2689 4405 meum
2715 4360 3074 4418 converterer,
3114 4363 3166 4407 et
3194 4353 3426 4410 dicerem
3454 4356 3573 4423 tibi,
3600 4360 3791 4413 Anima

2208 4458 2320 4496 utea
2346 4442 2475 4496 velut
2501 4450 2633 4496 terra
2655 4443 2765 4497 sine
2791 4459 2922 4512 aqua
2958 4444 3046 4499 tibi
3071 4459 3091 4499 :
3111 4442 3195 4500 fac
3231 4445 3389 4502 etiam
3415 4447 3558 4517 quod
3601 4449 3654 4505 in
3696 4451 3788 4508 illo

2208 4535 2414 4605 psalmo
2435 4536 2690 4604 sequitur,
2709 4534 2920 4591 Emittes
2938 4537 3172 4607 spiritum
3188 4547 3351 4605 tum,
3372 4546 3421 4595 et
3437 4542 3789 4608 creduntur;

2209 4636 2255 4680 et
2282 4625 2540 4682 remeabis
2566 4627 2749 4696 faciem
2775 4636 2922 4683 terra
2940 4628 3111 4698 (Psal.
3139 4643 3251 4696 cut,
3278 4628 3393 4701 ΞΟ).
3410 4630 3466 4687 Si
3492 4647 3596 4702 qua
3622 4634 3789 4703 igitur

2210 4716 2263 4771 in
2278 4715 2491 4771 Christo
2516 4730 2651 4772 nova
2666 4724 2931 4783 creatura,
2952 4726 3131 4774 vetera
3151 4718 3496 4776 transierunt.
3518 4720 3576 4776 In
3594 4724 3789 4791 spiritu

2212 4822 2310 4863 suo
2332 4818 2512 4863 vetera
2543 4807 2885 4874 transierunt,
2915 4808 2971 4865 in
2996 4809 3185 4879 spiritu
3207 4818 3294 4869 tuo
3324 4824 3462 4867 nova
3492 4810 3632 4868 facta
3660 4824 3792 4871 sunt

2213 4899 2278 4971 (ll
2299 4898 2415 4953 Cor.
2440 4915 2489 4965 ν,
2520 4900 2629 4969 17).

2283 4993 2374 5050 l3.
2395 4992 2477 5048 Ne
2494 5002 2686 5048 avertas
2704 4993 2882 5063 faciem
2902 5003 3042 5049 tuam
3057 5010 3199 5051 ante.
3215 4995 3464 5053 Avctisti
3485 5012 3519 5052 a
3537 4998 3791 5068 superbo.

2212 5086 2416 5143 Etenim
2447 5085 2729 5155 aliquando
2743 5084 3112 5153 abundabant,
3148 5094 3205 5142 et
3238 5085 3292 5141 in
3317 5086 3640 5144 abundantia
3668 5104 3792 5147 mea

2213 5178 2380 5234 elatus
2403 5185 2583 5231 erant:
2612 5174 2724 5245 Ego
2749 5175 2892 5230 enim
2920 5175 3029 5230 dimi
3057 5174 3339 5246 aliquando
3380 5176 3436 5230 in
3474 5176 3795 5236 abundantia

2218 5285 2346 5332 utea,
2375 5266 2497 5322 Non
2523 5268 2753 5322 movebar
2775 5267 2829 5320 in
2854 5276 3114 5333 sternunt.
3143 5265 3283 5330 Dixi,
3312 5263 3438 5322 Non
3460 5268 3714 5335 mouebat,
3736 5270 3793 5325 iu

2213 5360 2521 5415 abundantia
2544 5376 2655 5415 mea
2673 5399 2688 5424 ,
2718 5359 2969 5428 ignorans
2994 5358 3251 5430 justitiam
3293 5366 3437 5414 tuam
3462 5398 3478 5425 ,
3509 5369 3566 5415 et
3592 5360 3792 5417 consti-

2215 5462 2368 5508 tuens
2396 5466 2605 5516 meam;
2635 5450 2728 5506 sed
2749 5460 2824 5516 tu,
2845 5448 3063 5504 Domine
3087 5489 3102 5514 ,
3129 5449 3185 5503 in
3203 5449 3456 5505 uoluntate
3481 5460 3571 5503 tua
3593 5451 3793 5521 prasti-

2213 5548 2315 5601 tisti
2333 5546 2502 5601 decori
2529 5560 2637 5598 meo
2660 5544 2907 5598 virtutem.
2928 5542 3050 5598 Dixi
3070 5542 3123 5596 in
3147 5542 3458 5605 abundantia
3486 5554 3599 5595 mea
3616 5583 3633 5608 ,
3664 5539 3794 5599 Non

2214 5640 2473 5706 movebar;
2501 5653 2686 5693 verum
2709 5646 2885 5692 autem
2914 5653 2945 5691 a
2973 5646 3024 5692 te
3049 5635 3179 5691 mihi
3198 5644 3312 5691 erat
3337 5634 3594 5706 quidquid
3616 5635 3794 5691 abun-

2282 5847 2298 5879 ι
2323 5841 2706 5907 Sicpluresltss.
2733 5846 2788 5891 At
2816 5834 3687 5900 Edd.:Qucenimttunterrasieca.
