4084 6448
589 499 707 545 tuas
740 482 921 559 (Psal.
954 489 1186 536 cxxxvni
1207 514 1221 540 ,
1246 471 1380 529 7-10
1408 470 1450 543 ).
1484 467 1698 523 iExime
1726 480 1815 522 me
1844 464 1911 521 de
1936 463 2164 520 inimicis

582 581 717 640 meis
738 597 751 643 ;
772 575 1019 649 quoniam
1050 570 1113 625 ad
1139 580 1189 624 te
1210 564 1440 636 confugi,
1470 562 1711 618 Domine.
1749 579 1769 614 ›

654 677 741 732 17.
760 674 909 749 [vers.
943 666 1151 741 10-12.]
1168 667 1305 723 Dore
1315 681 1392 719 me
1410 671 1463 716 ut
1481 662 1667 733 facium
1687 658 1991 715 voluntatem
2006 670 2169 729 tuam;

579 769 815 843 quoniam
838 776 892 820 tu
911 781 965 820 es
991 763 1129 819 Deus
1154 778 1312 817 meus.
1345 759 1390 816 Ο
1415 758 1702 822 confessio,
1731 774 1765 813 ο
1791 759 2120 830 praescriptio
2148 758 2162 813 !

581 860 833 929 Quoniam
857 868 909 913 tu
937 873 990 912 es
1013 897 1029 921 ,
1054 854 1222 925 inquit
1251 893 1270 921 ,
1299 852 1441 906 Deus
1463 868 1619 905 meus.
1650 851 1732 907 Ad
1763 852 1923 905 alium
1951 866 2164 907 curram

575 952 720 1010 refici
754 993 770 1017 ,
811 950 856 1007 si
884 949 951 1005 ab
979 947 1085 1003 alio
1134 946 1305 1003 lactus
1348 960 1489 999 sum.
1526 944 1603 998 Tu
1649 958 1707 999 es
1739 952 1905 997 totum
1936 958 2153 1009 mcum;

572 1047 691 1116 quia
711 1052 762 1096 tu
785 1059 836 1097 es
864 1041 1000 1095 Deus
1022 1056 1179 1094 meus.
1227 1037 1439 1092 Patrem
1468 1051 1701 1107 quieram
1747 1046 1964 1106 propter
1991 1036 2161 1091 hatre-

572 1139 835 1195 ditatem?
865 1138 941 1191 Tu
966 1153 1017 1191 es
1045 1137 1177 1190 Deus
1207 1151 1345 1188 meus
1369 1175 1383 1198 ,
1417 1147 1522 1187 non
1554 1132 1725 1185 solum
1748 1131 1901 1186 dator
1931 1130 2159 1186 haeredi-

572 1236 714 1300 tatis,
762 1232 855 1287 sed
881 1232 990 1300 ipsa
1018 1230 1304 1285 hmreditas
1341 1246 1354 1283 :
1398 1226 1646 1282 Dominus
1692 1242 1811 1297 pars
1852 1225 2159 1280 hereditatis

570 1341 692 1381 mete
720 1323 740 1397 (
772 1322 917 1377 Psal.
950 1338 1047 1389 xv,
1076 1323 1109 1378 5
1138 1324 1179 1392 ).
1234 1319 1513 1374 Dominum
1539 1332 1772 1388 qua-ram
1801 1327 2019 1387 propter
2066 1331 2153 1372 re-

568 1417 927 1489 demptionem
957 1416 981 1469 ?
1037 1413 1111 1468 Tu
1141 1429 1193 1467 es
1233 1411 1372 1467 Deus
1414 1427 1571 1465 meus.
1605 1410 1891 1464 Patronem
1917 1423 2155 1479 quaeram

567 1519 786 1582 propter
829 1505 1240 1563 liberationem?
1288 1503 1364 1558 Tu
1400 1521 1452 1558 es
1488 1502 1629 1558 Deus
1670 1518 1830 1558 meus.
1874 1502 2155 1557 Postremo

564 1612 775 1657 creatus
802 1598 1033 1654 recreari
1054 1596 1254 1666 cupio?
1278 1593 1354 1649 Tu
1375 1612 1424 1649 es
1454 1592 1593 1648 Deus
1618 1610 1779 1658 meus,
1807 1593 1898 1665 qui
1928 1592 2155 1648 Creator

563 1707 733 1757 meus,
766 1692 855 1761 qui
882 1689 1074 1745 creasti
1104 1704 1189 1744 me
1218 1702 1315 1759 per
1344 1686 1575 1743 Verbum
1609 1695 1753 1742 tuum
1772 1727 1788 1752 ,
1818 1695 1870 1740 et
1896 1684 2151 1741 recreasti

563 1802 650 1843 me
679 1800 775 1857 per
795 1784 1046 1840 Verbum.
1074 1782 1178 1838 Sed
1205 1782 1395 1839 creasti
1444 1796 1531 1836 me
1580 1795 1673 1849 per
1717 1779 1948 1835 Verbum
1978 1779 2151 1834 Deum

562 1885 866 1935 manentem
913 1875 1053 1946 apud
1105 1884 1194 1941 te;
1226 1872 1478 1929 recreasti
1528 1888 1622 1942 per
1659 1871 1889 1927 Verbum
1933 1885 2148 1926 carnem

560 1973 758 2027 factum
783 1977 997 2038 propter
1024 1982 1141 2022 nos.
1169 1965 1305 2019 Doce
1318 1980 1450 2036 ergo
1469 1981 1547 2017 me
1562 1974 1616 2018 ut
1634 1964 1821 2036 faciam
1844 1963 2149 2018 voluntatem

561 2076 699 2119 tuam
722 2082 741 2129 ;
770 2062 1006 2134 quoniam
1033 2070 1085 2113 tu
1105 2076 1156 2114 es
1184 2058 1323 2113 Deus
1344 2075 1502 2112 meus.
1531 2057 1589 2113 Si
1613 2072 1717 2112 non
1746 2074 1831 2111 me
1853 2056 2101 2113 docueris
2129 2097 2144 2123 ,

559 2157 748 2215 faciam
779 2155 1101 2210 voluntatem
1136 2166 1309 2207 meam
1334 2192 1348 2216 ,
1378 2160 1427 2205 et
1458 2150 1670 2206 deseret
1696 2165 1782 2205 me
1809 2152 1946 2206 Deus
1972 2167 2143 2207 meus.

560 2249 696 2306 Doce
716 2266 795 2303 me
813 2258 866 2302 ut
887 2248 1072 2320 faciam
1097 2247 1400 2301 voluntatem
1419 2254 1580 2311 tuam;
1600 2246 1837 2317 quoniam
1857 2256 1910 2300 tu
1930 2263 1982 2301 es
2007 2247 2147 2301 Deus

558 2360 715 2399 meus.
746 2342 883 2398 Doce
911 2358 990 2398 me
1018 2356 1037 2396 :
1090 2356 1194 2395 non
1234 2341 1374 2396 enim
1407 2349 1461 2395 tu
1490 2355 1550 2396 es
1580 2340 1716 2394 Deus
1746 2356 1897 2396 meus
1921 2383 1936 2403 ,
1964 2350 2018 2396 et
2046 2356 2145 2412 ego

558 2453 650 2494 ero
670 2436 919 2506 magister
940 2448 1108 2489 meus.
1131 2432 1319 2489 Videte
1341 2432 1785 2503 quemadmodum
1812 2433 1980 2503 gratia
2007 2448 2148 2488 eom-

558 2530 857 2587 mendetur.
905 2527 1016 2584 Hoc
1045 2536 1222 2584 tenete
1251 2544 1265 2594 ;
1312 2527 1413 2582 hoc
1444 2526 1683 2582 imbibite
1706 2566 1723 2590 ,
1769 2526 1871 2581 hoc
1898 2526 2048 2581 vobis
2076 2525 2145 2582 de

557 2625 720 2681 corde
768 2622 943 2679 nullus
996 2622 1230 2677 excutiat
1262 2637 1275 2686 ;
1307 2636 1375 2675 ne
1402 2619 1641 2675 habeatis
1670 2620 1840 2675 zelum
1872 2619 1967 2674 Dei
1998 2661 2014 2685 ,
2047 2618 2144 2676 sed

557 2734 661 2775 non
680 2716 972 2773 secundum
1000 2714 1307 2777 scientiam;
1334 2729 1401 2768 ne
1426 2714 1729 2783 ignorantes
1753 2711 2138 2782 Deijustitiam,

555 2817 609 2864 ct
657 2817 888 2863 vestram
933 2807 1174 2861 voletites
1226 2805 1548 2859 constituere
1575 2805 1613 2867 ί,
1640 2804 1858 2872 justitito
1910 2804 2001 2859 Dei
2034 2818 2141 2859 non

556 2901 672 2957 sitis
723 2899 944 2968 subjecti
995 2898 1172 2969 (Rom.
1206 2913 1261 2960 x,
1292 2896 1348 2959 2,
1379 2896 1454 2966 5).
1483 2895 1657 2950 Verba
1704 2904 1850 2951 certe
1899 2895 2143 2965 Apostoli

554 2991 860 3063 agnoscitis.
883 2990 1049 3045 Dicite
1062 3004 1189 3057 ergo
1214 2989 1333 3051 ista,
1367 2986 1505 3041 Doce
1530 3003 1610 3041 me
1629 2995 1683 3040 ut
1700 2988 1888 3059 faciam
1912 2988 2142 3042 uolunta-

554 3094 651 3142 tem
680 3095 853 3148 tuam;
876 3082 1110 3153 quoniam
1133 3090 1185 3135 tu
1207 3096 1259 3135 es
1284 3078 1425 3134 Deus
1450 3095 1607 3133 uicus.

628 3176 712 3232 l8.
747 3175 970 3246 Spiritus
997 3182 1112 3228 tuus
1134 3172 1291 3227 bonus
1320 3212 1335 3239 ,
1364 3185 1469 3226 non
1500 3185 1653 3226 meus
1681 3170 1884 3225 malus:
1914 3170 2141 3242 Spiritus

553 3279 669 3325 tuus
700 3267 855 3322 bonus
882 3266 1092 3322 deducet
1122 3282 1201 3319 me
1219 3265 1271 3319 in
1298 3274 1484 3318 terram
1523 3274 1733 3318 rectam.
1758 3263 1892 3332 Quia
1921 3264 2141 3335 spiritus

553 3377 704 3418 meus
749 3360 919 3415 malus
943 3359 1211 3414 deduxit’
1234 3372 1321 3412 me
1376 3357 1432 3411 in
1480 3366 1671 3412 terram
1714 3371 2040 3427 perversam.
2074 3357 2142 3412 Et

553 3452 678 3523 quid
709 3466 809 3522 ego
838 3452 1004 3505 merui
1029 3452 1052 3504 ‘I
1082 3466 1200 3522 qua:
1229 3464 1348 3504 mea
1379 3464 1538 3520 opera
1564 3449 1700 3504 bona
1724 3449 1841 3503 sine
1870 3458 1962 3503 tuo
1990 3449 2140 3520 adju-

555 3544 691 3599 torio
713 3550 1086 3609 computantur
1107 3583 1121 3605 ,
1180 3541 1320 3596 unde
1348 3541 1688 3611 impetrarem
1717 3540 2015 3612 dignusque
2047 3556 2138 3598 es-

551 3651 663 3692 sem
694 3633 888 3689 deduci
934 3650 965 3688 a
1015 3633 1212 3703 Spiritu
1259 3642 1348 3687 tuo
1390 3634 1441 3687 in
1490 3642 1686 3688 terram
1718 3634 1956 3689 reetam?
2010 3635 2139 3703 Quae

550 3742 709 3799 opera
739 3741 877 3789 mea,
903 3725 985 3781 vel
1012 3740 1129 3795 qua:
1156 3724 1342 3779 merita
1364 3724 1524 3779 mea?
1549 3722 1769 3795 Propter
1785 3741 1962 3781 nomen
1976 3737 2135 3796 tuum,

553 3817 1063 3887 Domine,viviﬁcabis
1085 3832 1181 3870 me.
1204 3815 1475 3872 Attendite
1496 3832 1645 3888 ergo,
1678 3826 1934 3888 quantum
1986 3828 2139 3892 pote-

552 3911 650 3965 Stis
678 3952 692 3977 ,
726 3909 910 3981 gratia:
938 3907 1480 3973 commendationem,
1530 3924 1631 3979 qua
1658 3911 1824 3980 gratis
1852 3912 1982 3966 salvi
2014 3911 2137 3969 facti

548 4005 695 4059 estis.
747 4002 965 4075 Propter
1019 4019 1198 4057 nomen
1225 4010 1368 4055 tuum
1394 4043 1410 4067 ,
1438 4001 1655 4057 Domine
1681 4045 1696 4072 ,
1744 4004 2018 4072 viui/icabis
2038 4022 2134 4061 me.

547 4099 662 4153 Non
695 4098 847 4152 nobis
873 4138 887 4162 ,
922 4097 1142 4151 Domine
1172 4137 1188 4162 ,
1222 4112 1328 4150 non
1356 4097 1509 4151 nobis
1537 4138 1552 4163 ,
1600 4096 1694 4153 sed
1726 4100 1926 4153 nomini
1960 4109 2050 4155 tuo
2070 4100 2136 4156 da

546 4192 767 4263 gloriam
799 4188 968 4263 (l’sal.
992 4206 1117 4255 cxu,
1150 4190 1226 4259 1).
1257 4189 1477 4260 Propter
1499 4207 1679 4245 nomen
1706 4201 1866 4256 tuum,
1897 4191 2132 4259 Domine,

548 4284 819 4353 rivi/icabis
846 4299 963 4337 me:
994 4285 1045 4337 in
1068 4293 1154 4337 tua
1174 4285 1383 4354 justitia
1416 4326 1429 4350 ,
1464 4300 1572 4339 non
1605 4286 1658 4339 in
1685 4300 1805 4340 mea
1830 4328 1843 4350 ,
1876 4302 1983 4340 non
2012 4286 2134 4355 quia

549 4394 649 4448 ego
672 4378 845 4431 merui
872 4417 887 4442 ,
936 4376 1028 4431 sed
1059 4380 1178 4447 quia
1201 4386 1255 4431 tu
1283 4379 1579 4434 misereris.
1611 4378 1740 4433 Nam
1771 4379 1813 4433 si
1842 4396 2016 4435 meum
2040 4395 2131 4435 os-

550 4470 822 4527 tenderem
848 4469 1118 4536 meritum,
1147 4469 1273 4524 nihil
1298 4471 1394 4526 abs
1424 4479 1476 4527 te
1507 4486 1767 4538 mererer,
1798 4474 1900 4528 nisi
1928 4474 2133 4544 suppli-

546 4564 708 4620 cium.
760 4560 1012 4616 Avulsisti
1064 4561 1252 4616 merita
1312 4578 1427 4617 mea
1462 4604 1476 4628 ,
1525 4563 1793 4619 inseruisti
1853 4565 1989 4620 dona
2027 4577 2131 4621 tua.

553 4675 572 4707 ι
606 4657 829 4725 Propter
856 4668 1049 4709 nomen
1080 4662 1225 4709 tuum
1257 4694 1273 4723 ,
1304 4654 1525 4709 Domine
1557 4696 1571 4720 ,
1598 4656 1887 4713 viviﬁcabis
1913 4673 2035 4713 me:
2082 4658 2133 4713 in

549 4758 636 4803 tua
662 4747 864 4817 justitia
908 4746 1106 4802 educes
1152 4745 1220 4801 de
1272 4746 1611 4802 tribulatione
1661 4748 1891 4805 animam
1923 4765 2130 4818 meam;

546 4852 599 4900 et
626 4844 678 4897 in
710 4850 795 4897 tua
827 4839 1191 4896 misericordia
1218 4840 1285 4895 ad
1314 4841 1582 4896 interitum
1609 4841 1842 4899 deduces
1892 4845 2133 4901 inimicos

547 4949 713 4991 meos.
773 4934 839 4990 Et
886 4934 1074 5005 perdes
1098 4949 1285 4989 omnes
1314 4935 1627 4992 tribulantcs
1647 4936 1879 4994 animam
1908 4954 2080 4996 meam
2115 4957 2129 5007 ;

545 5029 793 5103 quoniam
816 5042 1003 5085 servus
1032 5036 1153 5084 tuus
1179 5042 1296 5085 sum
1326 5043 1444 5099 ego.
1495 5047 1513 5080 ι

942 5218 1023 5280 ΙΝ
1058 5217 1441 5280 PSALMUM
1472 5217 1727 5282 CXLIII

1108 5319 1525 5377 ENARRATIO.

1066 5428 1236 5471 SEBIO
1264 5431 1330 5469 AD
1355 5430 1578 5470 Ριειςειι.

620 5514 671 5568 1.
707 5509 857 5585 [vers
890 5507 966 5581 1.]
999 5507 1193 5563 Psalmi
1224 5508 1380 5578 hujus
1408 5507 1589 5563 titulus
1615 5506 1793 5564 brevis
1808 5518 1890 5566 est
1909 5524 2133 5568 numero

542 5606 865 5670 verborum,
914 5601 1010 5657 sed
1052 5599 1229 5673 gravis
1283 5600 1520 5671 pondere
1560 5602 1935 5672 mysteriorum
1975 5601 2133 5675 :lpsi

549 5697 713 5752 David
750 5696 819 5750 ad
859 5693 1075 5750 Goliam.
1120 5692 1369 5749 Prielium
1400 5692 1501 5748 hoc
1535 5692 1729 5749 factum
1766 5703 2006 5766 tempore
2036 5710 2130 5769 pa-

608 5815 622 5876 ?
649 5811 785 5876 Edd.,
808 5808 1091 5876 constituere
1111 5809 1288 5876 legem._
1306 5816 1423 5870 Vox,
1449 5807 1617 5874 legem,
1636 5809 1775 5862 abest
1791 5823 1818 5861 a
1837 5818 1939 5863 Mss.

607 5875 628 5908 ι
645 5881 746 5926 Am.
772 5871 824 5926 et
841 5872 1023 5939 aliquot
1041 5871 1171 5929 διεδ..
1191 5871 1413 5925 deducet.

1778 348 1837 407 S.
1877 344 2245 407 AUGUSTINI
2282 346 2586 412 EPlSCOPl

3714 379 3884 440 1856

2281 475 2421 524 trum
2442 480 2769 542 nostrorum,
2799 476 2868 534 de
2895 477 3181 552 Scripturis
3205 485 3404 544 sanctis
3432 490 3623 549 recolit
3648 508 3884 557 mecum

2277 560 2520 656 Charitas
2564 576 2760 625 vestra.
2810 569 2941 628 Cum
2986 576 3127 630 enim
3170 577 3426 637 adversus
3468 586 3719 656 populum
3770 592 3883 651 Dei

2264 654 2586 725 alienigena:
2607 660 2936 730 dimicarent,
2972 670 3277 737 promcavit
3304 689 3439 731 unus
3465 654 3648 747 unum,
3673 681 3884 743 Colias

2275 745 2435 848 David
2469 754 2571 848 :in
2610 768 2715 823 quo
2752 761 3041 815 certamine
3080 761 3320 820 voluntas
3356 766 3448 823 Dei
3476 786 3571 841 pro
3596 745 3885 848 cujusque

2271 839 2440 907 partis
2470 841 2683 898 victoria
2722 848 3052 916 probaretur.
3086 852 3193 909 Sed
3222 856 3347 927 quid
3370 858 3435 914 de
3462 839 3681 920 victoria
3709 839 3881 924 sata-

2269 929 2465 1000 gimus,
2501 936 2714 1004 quando
2756 952 3130 1009 provocantem
3179 959 3622 1026 provocatumque
3668 974 3880 1015 cerna-

2268 1025 2421 1078 mus?
2465 1025 2779 1086 Provocavit
2822 1034 3063 1104 impietas
3109 1038 3380 1107 pietatem,
3412 1025 3725 1114 provocavit
3766 1066 3877 1107 su-

2268 1116 2449 1185 perbia
2504 1117 2856 1179 humilitatem
2881 1166 2897 1192 ,
2940 1137 3211 1197 postremo
3261 1138 3561 1201 provocavit
3604 1139 3873 1202 diabolus

2266 1209 2556 1266 Christum.
2597 1214 2735 1283 Quid
2764 1218 3031 1275 miramini
3060 1222 3329 1280 diabolum
3362 1227 3592 1285 victum?
3616 1231 3717 1288 Ille
3743 1246 3875 1293 erat

2262 1305 2478 1371 grandis
2506 1315 2704 1363 statura
2736 1313 3007 1381 corporis;
3047 1313 3146 1372 iste
3174 1328 3351 1374 autem
3379 1332 3577 1379 Statura
3618 1342 3867 1400 parvus,

2262 1395 2368 1452 ﬁde
2407 1412 2650 1468 magnus.
2694 1404 2914 1473 Accepit
2949 1421 3094 1460 arma
3124 1407 3308 1465 bellica
3336 1423 3547 1470 sanctus
3574 1418 3774 1484 Da\id,
3808 1395 3873 1479 ut

2258 1486 2514 1545 adversus
2542 1489 2749 1547 Goliam
2779 1496 3109 1565 procederet.
3157 1499 3281 1556 Haec
3308 1518 3455 1559 arma
3484 1521 3575 1575 per
3598 1521 3867 1582 mtateni,

2258 1588 2313 1636 et
2354 1594 2604 1652 parvam,
2641 1594 2701 1641 ut
2736 1587 3001 1656 diximus,
3045 1602 3300 1649 staturam
3345 1600 3600 1669 corporis,
3630 1618 3871 1674 portare

2257 1688 2363 1727 non
2395 1676 2573 1730 valuit.
2607 1677 2818 1748 Abjecit
2839 1683 3136 1751 onerantis,
3170 1700 3276 1741 non
3307 1688 3610 1758 adjuvantia
3643 1712 3660 1749 :
3688 1711 3865 1754 acce-

2256 1765 2334 1834 pit
2357 1767 2587 1836 quinque
2619 1768 2822 1839 lapides
2848 1772 2915 1828 de
2946 1774 3187 1842 ﬂumine,
3219 1788 3274 1834 et
3306 1782 3483 1850 posuit
3513 1784 3565 1839 in
3591 1800 3718 1843 vase
3751 1804 3863 1859 pa-

2255 1859 2462 1913 storali.
2506 1861 2599 1916 His
2626 1874 2861 1919 armatus
2898 1871 3269 1938 corporaliter,
3302 1876 3518 1932 nomine
3545 1888 3735 1936 autem
3757 1882 3863 1940 Dei

2253 1950 2618 2021 spiritualiter,
2662 1958 2943 2025 processit,
2982 1971 3035 2015 et
3074 1962 3198 2017 vicit
3244 1964 3307 2035 (1
3348 1965 3474 2039 Reg.
3513 1985 3615 2025 xvn
3639 1971 3687 2043 ).
3744 1974 3863 2033 lloc

2253 2043 2467 2115 quidem
2501 2046 2592 2102 ille
2623 2047 2789 2103 David
2818 2068 2831 2104 :
2857 2050 2951 2106 sed
2984 2055 3233 2125 mysteria
3263 2069 3681 2126 perscrutemur.
3713 2064 3861 2122 Pro-

2253 2151 2602 2206 posueramus
2630 2141 2775 2195 enim
2804 2143 3015 2199 titulum
3041 2146 3197 2201 istum
3230 2148 3445 2205 brevem
3473 2168 3704 2211 numero
3734 2173 3863 2214 ver-

2252 2227 2462 2295 borum,
2489 2230 2582 2286 sed
2612 2248 2827 2302 gravem
2856 2237 3090 2305 pondere
3118 2242 3513 2312 mysteriorum.
3563 2246 3767 2304 Veniat
3804 2251 3860 2309 in

2251 2330 2487 2376 mentem
2508 2327 2801 2393 apostolica
2824 2327 2910 2382 illa
2936 2332 3223 2399 sententia,
3253 2334 3437 2390 Omnia
3462 2339 3569 2393 Iia'c
3596 2341 3651 2394 in
3674 2343 3861 2414 figura

2249 2415 2600 2487 contingebant
2631 2418 2684 2471 in
2722 2420 2825 2475 illis
2852 2420 2896 2491 (l
2919 2422 3036 2478 Cor.
3067 2440 3122 2489 ι,
3148 2426 3273 2496 11);
3302 2444 3367 2484 ne
3397 2430 3745 2501 impudenter
3774 2439 3861 2493 vi-

2249 2506 2472 2563 deantur
2498 2526 2738 2581 quaerere
2759 2514 2957 2583 aliquid
2988 2517 3355 2576 absconditum
3377 2564 3393 2586 ,
3425 2524 3511 2579 ubi
3541 2530 3721 2595 possit
3748 2530 3859 2589 dici

2249 2611 2417 2656 totum
2458 2603 2575 2658 sine
2604 2607 2845 2678 mysterii
2880 2609 3240 2678 profunditate
3266 2614 3581 2685 simpliciter
3606 2621 3856 2679 dietum.

2248 2692 2518 2749 llahemus
2558 2710 2687 2767 ergo
2726 2700 3103 2756 auctoritatem
3147 2703 3430 2763 facientem
3469 2725 3568 2764 nos
3605 2712 3857 2771 intentos

2246 2786 2312 2842 ad
2339 2789 2707 2857 qua'rendum,
2736 2792 2924 2862 vigiles
2950 2794 3016 2848 ad
3042 2796 3484 2869 investigandum,
3515 2802 3755 2861 devotos
3786 2807 3855 2865 ad

2246 2878 2600 2946 audiendum,
2634 2882 2813 2939 lideles
2856 2885 2923 2940 ad
2958 2887 3279 2944 credendum
3302 2932 3316 2953 ,
3361 2893 3612 2964 impigros
3647 2899 3727 2951 ad
3771 2899 3852 2955 fa-

2245 2970 2513 3027 ciendum.
2557 2973 2613 3029 ln
2643 2974 2803 3030 David
2834 2974 3079 3033 Christus
3105 2998 3120 3034 :
3149 2981 3242 3036 sed
3265 2983 3401 3038 sicut
3427 2986 3611 3042 soletis
3631 2988 3853 3048 intelli-

2246 3078 2370 3134 gere
2400 3066 2590 3121 eruditi
2618 3067 2671 3122 in
2701 3068 2883 3125 schola
2908 3071 3046 3141 ejus,
3077 3074 3322 3132 Christus
3349 3091 3509 3149 caput
3536 3090 3589 3136 et
3614 3098 3852 3154 corpus.

2244 3157 2361 3213 Non
2379 3174 2508 3231 ergo
2529 3161 2609 3217 sic
2634 3163 2862 3219 audiatis
2882 3165 3079 3237 aliquid
3103 3184 3167 3223 ex
3197 3186 3422 3240 persona
3442 3172 3653 3242 Christi,
3676 3182 3853 3248 quasi

2244 3250 2310 3306 ad
2342 3267 2436 3306 vos
2465 3268 2570 3307 non
2602 3256 2884 3325 pertineat,
2918 3258 3005 3327 qui
3033 3261 3163 3315 estis
3189 3263 3425 3319 membra
3455 3265 3673 3324 Christi.
3726 3270 3850 3329 Hoc

2248 3354 2493 3417 tanquam
2520 3345 2866 3404 fundamento
2893 3351 3275 3419 posito,vidcte
3304 3374 3423 3426 qua:
3450 3370 3770 3431 sequantur.

2314 3438 2370 3493 2.
2416 3439 2595 3497 Nostis
2632 3442 2814 3498 multis
2854 3448 3204 3502 sacramentis
3235 3448 3533 3509 visibilibus
3558 3463 3615 3510 et
3637 3472 3847 3529 corpo-

2245 3532 2446 3589 ralibus
2487 3544 2766 3591 oneratum
2805 3551 2924 3593 esse
2972 3542 3224 3610 populum
3259 3543 3521 3613 primum;
3552 3548 3846 3607 circumci-
3894 3608 3895 3611 η

2244 3626 2415 3692 sione,
2461 3628 2735 3697 negotioso
2781 3629 2873 3685 illo
2919 3630 3151 3701 quodam
3196 3634 3515 3703 sacerdotio,
3542 3649 3599 3695 et
3634 3644 3847 3714 templo

2244 3716 2426 3788 ﬁguris
2458 3719 2636 3788 pleno,
2663 3720 3046 3792 multiplicibus
3067 3724 3501 3784 holocaustorum
3533 3734 3837 3791 sacriﬁcio-

2241 3826 2466 3883 rumque
2495 3813 2801 3883 generibus.
2850 3815 2976 3871 llaic
3004 3818 3169 3873 David
3196 3831 3378 3876 noster
3405 3833 3653 3895 tanquam
3682 3842 3843 3886 arma

2243 3904 2559 3975 prementia,
2582 3920 2689 3961 non
2716 3906 3040 3976 adjuvantia,
3069 3911 3265 3979 posuit.
3300 3912 3363 3967 Si
3387 3915 3520 3971 enim
3547 3916 3671 3971 data
3704 3929 3843 3975 esset

2243 3998 2325 4053 lea:
2348 4015 2460 4069 qute
2479 4009 2644 4070 posset
2667 4000 2941 4069 vivi/imre,
2969 4018 3081 4056 uere
3100 4021 3163 4059 ea:
3186 4004 3317 4077 Lege
3336 4018 3461 4062 esset
3478 4010 3705 4079 justitia.
3742 4012 3844 4069 Ut-

2241 4091 2366 4162 quid
2419 4107 2547 4163 ergo
2598 4093 2747 4149 Lex?
2806 4094 3102 4165 Sequitur:
3135 4096 3241 4151 Sed
3274 4100 3520 4154 conclusit
3560 4101 3841 4173 Scriptura

2242 4184 2411 4237 omnia
2438 4183 2527 4237 sub
2555 4195 2776 4253 peccato,
2810 4196 2865 4239 ut
2886 4187 3149 4254 promissio
3176 4204 3239 4242 ea:
3258 4190 3360 4257 fide
3380 4190 3504 4245 Iesu
3529 4190 3720 4248 Christi
3743 4196 3841 4250 da-

2241 4285 2378 4329 retur
2418 4275 2728 4331 credentibus
2772 4275 2981 4349 (Galat.
3025 4294 3103 4343 In,
3136 4278 3227 4345 21,
3266 4279 3337 4335 22
3362 4282 3403 4349 ).
3446 4282 3685 4355 Denique
3735 4287 3839 4345 iste

2243 4368 2423 4434 David,
2454 4370 2658 4425 scilicet
2680 4369 2925 4426 Christus
2955 4382 3113 4443 caput
3136 4381 3190 4428 et
3210 4388 3436 4445 corpus,
3467 4385 3708 4447 tempore
3742 4394 3836 4435 re-

2240 4462 2521 4517 velationis
2556 4462 2689 4517 Novi
2737 4463 3092 4531 Testamenti,
3140 4475 3378 4536 tempore
3417 4468 3754 4526 insinuanda:
3780 4481 3838 4528 et

2241 4555 2680 4613 commendanda:
2704 4556 2887 4628 gratiae
2918 4558 3035 4623 Dei,
3061 4558 3188 4629 quid
3222 4558 3383 4614 fecit?
3430 4562 3592 4616 Arma
3623 4565 3828 4632 posuit,

2242 4649 2477 4721 quinque
2523 4650 2725 4719 lapides
2769 4650 2884 4705 tulit
2917 4668 2929 4704 :
2960 4666 3106 4705 arma
3126 4693 3142 4720 ,
3174 4661 3233 4707 ut
3268 4652 3520 4719 diximus,
3553 4657 3833 4713 onerantia

2242 4741 2449 4811 posuit;
2482 4756 2609 4813 ergo
2624 4750 2959 4797 sacramenta
2982 4742 3159 4814 Legis,
3184 4752 3513 4800 sacramenta
3534 4745 3627 4800 illa
3649 4746 3829 4818 Legis,

2239 4847 2357 4904 quae
2400 4846 2507 4887 non
2547 4841 2671 4886 sunt
2719 4832 2965 4902 imposita
3009 4831 3290 4900 Gentibus,
3332 4835 3529 4905 posuit,
3564 4851 3685 4906 qua:
3722 4851 3833 4894 non

2240 4925 2607 4981 observamus.
2651 4925 2965 4982 Meministis
2991 4928 3132 4981 enim
3162 4936 3357 4998 quanta
3388 4927 3441 4982 in
3470 4927 3653 4984 Veteri
3689 4929 3835 5002 Lege

2238 5019 2475 5090 legamus
2497 5059 2510 5085 ,
2538 5029 2592 5075 et
2620 5034 2724 5075 non
2753 5019 3135 5085 observemus;
3173 5019 3267 5076 sed
3297 5030 3473 5075 tamen
3501 5021 3570 5076 ad
3596 5022 3833 5093 aliquam

2238 5112 2678 5182 signiﬁcationem
2716 5112 2991 5182 prmmissa
3030 5120 3084 5167 et
3124 5112 3395 5183 proposita
3425 5113 3831 5185 intelligamus:

2239 5217 2347 5259 non
2374 5210 2433 5257 ut
2456 5203 2766 5274 abjiciamus
2792 5204 2986 5274 Legem
3016 5203 3133 5270 Dei,
3160 5203 3255 5260 sed
3276 5213 3329 5259 ut
3352 5217 3687 5261 sacramenta
3711 5222 3835 5277 pro~

2239 5294 2523 5360 mittentia,
2552 5294 2767 5364 impleta
2791 5294 3147 5365 promissione
3168 5308 3273 5349 non
3293 5294 3651 5351 celebremus.
3679 5296 3832 5365 Quod

2240 5388 2383 5444 enim
2414 5389 2815 5461 promittebant,
2846 5389 3012 5443 venit.
3043 5388 3223 5444 Gratia
3266 5389 3409 5446 enim
3451 5388 3591 5446 Novi
3640 5390 3831 5445 Testa-

2238 5483 2403 5540 menti
2458 5482 2509 5537 in
2560 5482 2703 5553 Lege
2752 5481 3060 5547 velabatur;
3112 5480 3166 5537 in
3214 5482 3503 5555 Evangelia
3546 5482 3832 5538 revelatur.

2244 5578 2425 5633 Velum
2455 5577 2799 5642 removimus,
2821 5575 2963 5647 quod
2990 5574 3265 5631 velabatur
3287 5574 3601 5647 agnovimus
3627 5592 3640 5628 :
3665 5588 3833 5645 agno-

2240 5674 2412 5730 vimus
2435 5679 2615 5728 autem
2646 5672 2699 5727 in
2726 5670 2929 5742 gratia‘
2979 5669 3190 5725 Domini
3229 5668 3399 5724 nostri
3434 5667 3564 5723 Jesu
3604 5665 3831 5731 Christi,

2303 5811 2320 5843 ι
2352 5816 2425 5859 Er.
2454 5816 2507 5861 et
2533 5815 2662 5869 bov.,
2691 5806 2742 5859 in
2763 5807 2939 5872 gratia,
2964 5804 3171 5871 gratiam
3189 5803 3395 5868 Domini,
3421 5812 3519 5857 etc.
3536 5804 3700 5865 Abest,
3718 5812 3836 5867 gra-

2238 5874 2382 5937 tiam,
2400 5873 2463 5924 ab
2486 5884 2585 5923 sm.
2613 5878 2665 5924 et
2686 5877 2793 5921 Mss.
