4084 6470
295 411 457 473 1857

294 525 505 600 capitis
528 531 585 581 et
610 521 900 580 Salvatoris
922 523 1113 587 nostri,
1154 522 1244 593 qui
1283 537 1381 594 pro
1418 523 1573 579 nobis
1615 523 1895 580 cruciﬁxus

299 708 530 782 (Matth.
554 723 725 773 xxvtt,
747 708 807 766 5t
822 709 861 778 ).
890 707 1129 778 Denique
1148 721 1296 761 arma
1323 706 1410 762 ille
1430 708 1623 777 posuit,
1649 718 1895 778 tauquam

300 813 483 854 onera
508 807 962 853 sacramentorum
984 796 1193 852 Veteris
1220 797 1405 866 Legis;
1432 806 1485 852 et
1511 796 1677 867 ipsam
1702 797 1895 869 Legem

295 890 542 960 accepit.
582 888 829 959 Quinque
864 889 1006 944 enim
1051 888 1251 959 lapides
1278 889 1511 958 quinque
1539 887 1701 943 libros
1728 888 1896 962 Moysi

296 984 632 1057 significant.
660 984 803 1039 Tulit
821 1000 948 1056 ergo
964 985 1084 1040 illos
1103 985 1335 1056 quinque
1351 984 1552 1055 lapides
1570 984 1636 1039 de
1656 983 1891 1038 ﬂumine.

294 1078 492 1136 Nostis
518 1077 643 1151 quid
673 1079 743 1133 sit
768 1078 975 1134 ﬂuvius.
1018 1077 1237 1133 Labitur
1278 1080 1420 1134 enim
1462 1077 1686 1133 mortale
1723 1091 1893 1132 siccu-

294 1171 449 1238 lum,
477 1181 533 1226 et
560 1170 871 1241 praeterﬂuit
894 1169 1146 1240 quidquid
1173 1170 1318 1225 venit
1343 1170 1394 1225 in
1425 1169 1699 1224 mundum.
1729 1168 1895 1223 Erant

302 1278 447 1335 ergo
476 1263 529 1317 in
559 1262 799 1327 ﬂumine,
826 1270 1078 1331 tanquam
1106 1261 1160 1316 in
1189 1261 1384 1331 populo
1413 1260 1503 1315 illo
1532 1260 1702 1330 primo
1721 1301 1735 1323 ,
1763 1259 1895 1327 lapi-

296 1355 443 1419 des;
489 1354 599 1411 illic
632 1363 787 1408 erant
828 1353 1059 1417 inutiles,
1093 1352 1372 1419 vacabant,
1414 1351 1547 1407 nihil
1575 1349 1888 1421 proderant,

296 1445 613 1502 transibant
650 1460 812 1514 super
858 1443 1046 1499 ﬂuvios
1070 1445 1111 1499 ί.
1141 1444 1277 1511 Quid
1318 1443 1441 1498 fecit
1479 1442 1664 1506 David,
1697 1451 1754 1496 ut
1781 1441 1890 1497 Lex

297 1539 427 1609 ipsa
451 1537 592 1593 utilis
616 1538 789 1593 esset?
814 1536 1030 1606 Accepit
1047 1538 1290 1607 gratiam.
1331 1536 1439 1591 Lex
1466 1537 1605 1591 enim
1635 1535 1751 1590 sine
1774 1549 1892 1605 gra-

298 1630 380 1685 tia
405 1628 744 1698 impleri'non
768 1638 940 1699 potest
970 1644 986 1685 :
1016 1626 1287 1681 Plenitudo
1324 1626 1463 1682 enim
1501 1625 1646 1695 Legis
1673 1624 1891 1679 charitas

300 1718 508 1792 (Rom.
537 1734 652 1781 xm,
682 1718 749 1772 10
771 1718 811 1788 ).
865 1718 927 1771 Ει
956 1716 1096 1772 unde
1126 1718 1220 1770 ista
1251 1716 1518 1771 charitas?
1550 1715 1680 1769 Vide
1708 1715 1752 1770 si
1783 1730 1887 1769 non

298 1828 371 1869 ex
404 1810 594 1879 gratia.
638 1809 891 1876 Charitas,
922 1809 1123 1879 inquit,
1166 1808 1257 1862 Dei
1282 1807 1468 1873 diffusa
1489 1816 1562 1861 est
1581 1807 1633 1860 in
1658 1806 1890 1860 cordibus

297 1906 497 1959 nostris
521 1919 611 1975 per
645 1900 894 1971 Spiritum
931 1910 1175 1964 sanctum,
1207 1899 1294 1968 qui
1318 1899 1466 1951 datus
1491 1907 1564 1952 est
1592 1896 1733 1951 nobis
1761 1896 1779 1965 (
1802 1895 1885 1949 Id.

297 2011 361 2063 v,
394 1995 477 2067 5).
505 1993 638 2061 Quia
664 2007 789 2061 ergo
816 1992 983 2061 gratia
1010 1990 1133 2045 fecit
1158 1988 1362 2057 impleri
1386 1987 1602 2057 Legem,
1625 1985 1889 2055 signitice-

296 2094 397 2142 ιω·
427 2093 605 2139 autem
633 2083 797 2154 gratia
832 2082 996 2145 lacte;
1035 2080 1137 2135 hoc
1168 2080 1308 2134 enim
1333 2087 1415 2134 est
1435 2079 1485 2131 in
1509 2092 1668 2132 carne
1690 2075 1889 2147 gratui-

297 2188 441 2245 tum,
469 2177 559 2233 ubi
589 2185 757 2231 mater
782 2190 885 2230 non
908 2174 1097 2245 qu:erit
1122 2172 1385 2240 accipere.
1402 2169 1496 2227 sed
1521 2168 1710 2239 satagit
1728 2167 1883 2234 dare;

296 2275 412 2329 hoc
441 2281 613 2328 mater
636 2272 799 2341 gratis
827 2270 934 2335 dat,
960 2278 1012 2325 et
1040 2267 1382 2323 contristatur
1404 2265 1449 2320 si
1477 2264 1614 2319 desit
1636 2262 1725 2333 qui
1752 2261 1887 2316 acci-

297 2364 419 2437 piat
446 2382 462 2419 :
490 2362 755 2434 quomodo
783 2377 909 2431 ergo
935 2358 1167 2415 ostendit
1207 2356 1367 2412 David
1403 2356 1597 2425 Legem
1627 2356 1740 2408 sine
1762 2367 1884 2423 gra-

295 2456 376 2512 tia
406 2453 619 2526 Operari
646 2468 749 2509 non
782 2467 959 2523 posse,
982 2451 1082 2506 nisi
1106 2465 1226 2505 cum
1258 2448 1376 2502 illos
1402 2446 1604 2517 lapides
1626 2445 1879 2514 quinque,

296 2547 501 2619 quibus
520 2544 916 2617 significabatur
940 2542 1053 2598 Lex
1092 2544 1146 2596 in
1180 2540 1327 2595 libris
1363 2539 1620 2610 quinque,
1663 2535 1885 2603 conjun-

295 2653 429 2710 gere
455 2638 641 2692 volens
665 2635 869 2707 gratiae,
896 2634 1075 2706 posuit
1100 2634 1150 2687 in
1173 2647 1297 2686 vase
1318 2629 1595 2701 pastorali,
1618 2629 1640 2659 ⁸
1667 2642 1773 2697 quo
1802 2627 1884 2682 Iac

297 2727 548 2799 mulgere
575 2725 960 2782 consueverat?
986 2724 1077 2779 llis
1102 2731 1353 2785 armatus,
1385 2720 1552 2790 gratia
1579 2719 1761 2788 utique
1789 2732 1882 2772 ar-

297 2830 500 2885 matus,
524 2827 579 2875 et
607 2817 727 2874 ideo
757 2830 1082 2887 prarsumens
1105 2829 1211 2868 non
1235 2813 1302 2868 de
1330 2827 1407 2875 se,
1440 2811 1534 2866 sed
1562 2810 1629 2865 de
1659 2809 1882 2864 Domino

297 2929 422 2981 suo,
448 2912 706 2984 processit
740 2909 993 2965 adversus
1021 2907 1225 2963 Goliam
1254 2904 1561 2975 superbum,
1592 2918 1652 2958 se
1671 2902 1880 2973 jactan-

297 3016 428 3073 tem,
456 3005 525 3060 de
554 3019 611 3060 se
635 3010 1065 3074 praesumentem.
1097 2998 1239 3053 Tulit
1258 3011 1419 3051 unum
1449 2995 1698 3066 lapidem,
1727 2992 1876 3063 jecit,

297 3098 576 3155 inimicum
620 3096 673 3150 in
700 3094 871 3150 fronte
899 3092 1191 3164 percussit;
1218 3089 1409 3146 cecidit
1429 3104 1495 3145 ex
1523 3104 1588 3143 eo
1612 3088 1732 3143 loco
1755 3102 1878 3143 cor-

297 3190 482 3262 poris,
512 3187 600 3243 ubi
639 3186 844 3256 signum
880 3183 1078 3239 Christi
1119 3198 1224 3237 non
1267 3180 1469 3236 habuit.
1518 3178 1628 3234 Hoc
1671 3193 1879 3249 quoque

297 3283 427 3340 licet
454 3279 695 3338 attendas
723 3296 736 3333 :
765 3277 995 3348 quinque
1039 3273 1243 3345 lapides
1287 3272 1482 3343 posuit,
1516 3286 1676 3326 unum
1712 3269 1876 3325 misit.

298 3374 446 3431 Libri
473 3372 707 3442 quinque
733 3368 855 3425 lecti
880 3374 1036 3431 sunt,
1080 3364 1175 3420 sed
1217 3365 1391 3419 unitas
1416 3363 1559 3418 vicit.
1606 3361 1879 3416 Plenitudo

299 3468 445 3523 enim
466 3464 629 3536 Legis,
653 3471 713 3517 ut
734 3460 889 3531 paulo
909 3467 1031 3513 ante
1050 3457 1603 3518 commemoravimus,
1622 3452 1842 3507 cltaritas
1859 3467 1879 3508 :

300 3570 356 3617 et
384 3557 667 3630 Apostolus
692 3556 787 3623 ait,
818 3551 1125 3620 Sit/ferentes
1149 3551 1357 3604 inuicem
1380 3550 1433 3602 in
1457 3547 1717 3603 dilectione
1737 3586 1751 3607 ,
1772 3555 1881 3600 stu-

302 3654 473 3707 dentes
489 3665 687 3705 seruare
706 3646 943 3701 unitatem
967 3642 1173 3715 spiritus
1198 3642 1250 3696 in
1280 3642 1477 3696 vinculo
1497 3639 1636 3710 pacis
1655 3636 1872 3708 (Epltes.

303 3760 372 3810 tv,
395 3742 453 3806 2,
481 3742 561 3812 ὅ).
590 3738 792 3796 Deinde
822 3737 912 3792 illo
938 3750 1189 3807 percusso
1210 3744 1371 3804 atque
1389 3733 1617 3802 deiecto,
1643 3730 1879 3801 gladium

301 3834 416 3905 ejus
443 3830 677 3897 abstulit,
705 3841 759 3885 et
787 3828 912 3884 inde
940 3834 1099 3896 caput
1140 3825 1211 3879 illi
1243 3824 1487 3879 abscidit.
1532 3822 1602 3877 Et
1628 3821 1729 3875 hoc
1754 3819 1881 3876 fecit

304 3935 486 3982 noster
516 3921 699 3989 David,
726 3920 921 3989 deiecit
947 3917 1217 3975 diabolum
1243 3916 1310 3971 de
1350 3914 1460 3969 suis
1494 3932 1507 3968 :
1539 3912 1753 3984 quando
1780 3926 1878 3967 au-

303 4029 411 4076 tem
439 4016 661 4074 credunt
690 4013 863 4085 magni
902 4011 1037 4081 ejus,
1062 4021 1197 4080 quos
1230 4007 1318 4061 ille
1344 4006 1396 4060 in
1430 4020 1588 4059 manu
1616 4002 1875 4072 habebat,

303 4123 356 4170 et
382 4113 449 4169 de
474 4110 669 4183 quibus
692 4118 913 4164 caeteras
952 4105 1155 4157 animas
1198 4098 1490 4155 trucidabat
1515 4138 1531 4164 ,
1562 4103 1879 4151 convertunt

304 4206 507 4277 linguas
541 4216 664 4257 suas
693 4208 877 4256 contra
903 4194 1204 4258 diabolum;
1238 4199 1292 4247 et
1316 4191 1394 4246 sic
1416 4188 1584 4245 Goliae
1609 4188 1675 4243 de
1703 4186 1879 4258 gladio

305 4313 400 4354 suo
442 4302 600 4366 caput
642 4290 906 4348 inciditur.
957 4285 1260 4359 Mysterium
1301 4282 1437 4337 tituli
1481 4295 1577 4353 pro
1623 4279 1878 4350 temporis

307 4390 562 4447 brevitate
609 4383 991 4447 tractavimus;
1035 4378 1311 4434 videamus
1356 4374 1483 4446 quid
1526 4372 1718 4429 habeat
1762 4372 1877 4442 ipse

306 4482 757 4628 Psgl.n;le:edictus
788 4565 1035 4621 Dominus
1060 4561 1196 4617 Deus
1223 4576 1393 4626 meus,
1420 4559 1508 4629 qui
1536 4557 1678 4612 docet
1701 4571 1879 4611 manus

309 4682 441 4721 meas
456 4665 507 4718 in
520 4662 771 4735 prtelium,
784 4660 965 4730 digitos
976 4672 1111 4711 meos
1130 4655 1197 4710 ad
1216 4652 1420 4708 bellum.
1443 4650 1559 4706 Vox
1579 4659 1756 4705 nostra
1774 4655 1875 4717 est,

311 4759 353 4814 si
381 4768 574 4825 corpus
600 4752 794 4806 Christi
816 4765 913 4805 nos
941 4762 1143 4805 sumus.
1174 4743 1556 4800 Benedicamus
1596 4741 1877 4795 Dominum

311 4850 473 4905 Deum
502 4855 737 4902 nostrum
779 4842 867 4913 qui
906 4841 1059 4897 docet
1088 4854 1273 4895 manus
1304 4845 1514 4891 nostras
1537 4834 1587 4889 in
1620 4833 1881 4905 prtelium,

312 4938 497 5011 digitos
509 4947 719 4993 nostros
737 4934 802 4990 ad
820 4934 1035 4990 bellum.
1066 4929 1327 5001 Repetitio
1343 4925 1618 4982 sententiae
1634 4925 1839 4980 videtur
1862 4942 1875 4979 :

312 5031 448 5104 quod
472 5039 574 5095 est,
604 5042 791 5083 manus
819 5033 1026 5080 nostras
1061 5023 1111 5076 iu
1140 5020 1377 5091 praelium
1401 5035 1416 5084 ;
1438 5017 1538 5101 hoc
1565 5014 1879 5085 est;digitos

316 5131 520 5178 nostros
542 5119 607 5174 ad
630 5118 846 5174 bellum.
876 5115 958 5169 An
981 5110 1177 5182 aliquid
1208 5111 1428 5165 interest
1454 5107 1591 5161 inter
1616 5121 1801 5161 manus
1826 5113 1881 5160 et

316 5213 534 5283 digitos?
579 5210 762 5281 Digitis
791 5207 975 5277 utique
1002 5211 1288 5275 operantur
1313 5209 1368 5256 et
1393 5214 1577 5254 manus
1603 5217 1616 5253 :
1650 5212 1752 5252 non
1785 5199 1882 5253 ita-

318 5319 414 5374 que
451 5301 678 5357 absurde
715 5298 1003 5368 accipimus
1042 5295 1236 5363 digitos
1262 5307 1358 5362 pro
1383 5290 1628 5346 manibus
1657 5289 1875 5359 positos.

319 5396 688 5452 Verumtamen
719 5393 769 5447 in
795 5390 972 5462 digitis
1009 5384 1347 5458 agnoscimus
1396 5383 1707 5439 divisionem
1755 5398 1883 5453 ope-

318 5487 551 5551 rationis,
581 5496 635 5542 et
662 5494 836 5540 tamen
863 5481 1094 5537 radicem
1125 5476 1399 5534 unitatis'.
1435 5476 1562 5531 Vide
1592 5475 1734 5529 illam
1764 5490 1883 5545 gra-

320 5582 477 5636 tiam:
510 5579 637 5636 dicit
680 5575 984 5649 Apostolus,
1039 5592 1058 5627 t
1083 5572 1187 5628 Alii
1233 5570 1447 5643 quidem
1492 5584 1585 5640 per
1626 5567 1880 5639 Spiritum

374 5716 392 5745 ι
420 5722 522 5761 Am.
559 5719 633 5762 Er.
661 5719 712 5762 et
741 5707 920 5773 aliquot
936 5704 1350 5773 ttss.,transibant
1385 5700 1710 5773 sicut/lucius.
1743 5707 1881 5754 Forte

316 5776 435 5840 Ieg.,
450 5773 678 5824 transibat
700 5764 843 5836 super
861 5764 1117 5839 ﬂuviuséid
1145 5776 1238 5826 est,
1262 5780 1409 5876 super
1434 5764 1632 5839 lapides.

373 5842 394 5870 ι
420 5844 547 5876 Ιιιυ--
572 5834 623 5876 in
642 5849 750 5876 nun.
775 5830 1021 5876 particula.
1049 5842 1116 5876 tn.
1140 5831 1281 5876 abest
1302 5842 1328 5876 a
1347 5842 1363 5876 )
1385 5826 1493 5876 alus
1515 5829 1632 5876 hbrn

373 5826 394 5870 ἶ
420 5826 549 5896 bow,
572 5834 623 5899 in
642 5826 1021 5899 quo.'t{ar'tieula,
1049 5829 1127 5899 in,
1140 5831 1281 5878 abest
1302 5826 1363 5899 ab
1385 5826 1493 5899 aliis
1515 5829 1663 5879 libris.

375 5902 397 5936 ³
416 5893 566 5952 Forte.
578 5893 696 5962 legl,
721 5903 765 5947 et
786 5894 838 5946 in
859 5907 1003 5945 manu
1017 5893 1229 5942 radicem
1252 5893 1466 5939 unitatis.

1407 412 1802 470 ENARRA'I‘IO
1836 411 1899 469 IN
1936 411 2255 470 PSALMUM
2289 412 2511 471 CXLIII.

3436 422 3579 484 i858

2004 522 2163 580 datur
2186 540 2365 581 sermo
2393 527 2686 596 sapientiae,
2715 527 2802 584 alii
2827 540 3004 585 sermo
3026 530 3262 588 scientia:
3282 535 3575 594 secundum

204 614 216 681 ξ
300 630 431 683 est;
460 632 568 688 quo
589 617 846 672 (ιι-ιιείιίχο
868 615 1027 671 etiam
1058 616 1232 670 velum
1259 614 1438 685 templi
1466 616 1791 672 conscissum
1816 624 1900 672 est
1976 616 2248 677 eumdem
2275 617 2549 688 Spiritum,
2573 619 2662 675 alii
2691 621 2821 677 fides
2843 622 2896 677 in
2921 623 3109 680 eodem
3133 625 3352 694 Spiritu,
3373 630 3461 684 alii
3481 629 3580 687 do-

2003 708 2247 764 nationes
2272 712 2603 767 curationum
2648 712 2698 767 iu
2741 729 2848 768 uno
2884 715 3102 784 Spiritu,
3129 718 3217 773 alii
3242 734 3433 788 genera
3469 721 3574 777 lin-

2000 811 2256 869 guarum,
2299 801 2385 855 alii
2435 804 2741 873 prophetia,
2791 805 2879 859 alii
2926 807 3231 876 dijudicatio
3271 811 3571 879 spirituum.

1999 887 2188 946 Omnia
2215 901 2389 947 autem
2417 894 2531 949 haec
2552 904 2801 966 operatur
2816 912 2951 952 unus
2970 907 3128 969 atque
3154 899 3295 955 idem
3321 900 3569 971 Spiritus,

1998 980 2242 1038 dividens
2287 986 2499 1056 propria
2539 987 2823 1058 unicuique
2860 1002 3013 1058 prout
3053 990 3164 1045 vult
3199 1010 3217 1042 ι
3249 992 3305 1063 (l
3335 991 3451 1048 Cor.
3475 1010 3568 1062 xtt,

1998 1074 2087 1144 8).
2122 1075 2226 1129 Alii
2248 1075 2400 1143 illud,
2433 1078 2519 1132 alii
2548 1078 2678 1145 hoc;
2728 1079 3013 1136 divisiones
3046 1091 3172 1136 sunt
3205 1085 3526 1152 operationis
3554 1105 3567 1142 :

2000 1163 2185 1218 Omnia
2218 1166 2326 1221 Itatc
2358 1177 2598 1235 operatur
2634 1184 2763 1222 unus
2800 1178 2943 1239 atque
2969 1170 3099 1224 idem
3129 1171 3384 1243 Spiritus;
3420 1176 3571 1231 radix

1997 1263 2080 1310 est
2106 1256 2339 1311 unitatis.
2381 1256 2476 1311 His
2516 1272 2644 1327 ergo
2677 1258 2856 1329 digitis
2891 1268 3085 1329 pugnat
3121 1275 3315 1331 corpus
3350 1262 3566 1332 Christi,

1997 1349 2290 1417 procedens
2320 1351 2371 1404 in
2402 1350 2617 1416 bellum,
2644 1352 2941 1421 procedens
2967 1354 3018 1407 in
3043 1354 3303 1423 prtelium.

2064 1441 2117 1495 4.
2160 1439 2276 1496 Jam
2308 1444 2608 1512 praeliorum
2645 1455 2699 1500 et
2734 1446 2993 1501 bellorum
3020 1463 3212 1517 genera
3242 1463 3567 1505 commemo-

1994 1546 2115 1587 rare
2142 1533 2368 1590 fortasse
2394 1536 2606 1608 longum
2632 1547 2732 1604 est,
2761 1548 2815 1593 et
2840 1554 3028 1609 gerere
3054 1538 3259 1594 facilius
3287 1556 3443 1610 quam
3470 1556 3564 1596 ex-

1994 1621 2213 1691 plicare.
2254 1623 2521 1680 Habemus
2569 1642 2731 1681 unum
2774 1627 2968 1682 bellum
3008 1628 3148 1698 quod
3188 1639 3568 1686 commemorat

1993 1714 2279 1783 Apostolus
2302 1733 2315 1769 :
2342 1715 2463 1771 Non
2490 1728 2561 1771 est
2579 1719 2713 1772 vobis
2733 1719 3021 1773 colluctatio
3040 1720 3275 1775 adversus
3293 1736 3495 1775 carnem
3514 1730 3562 1775 et

1992 1807 2307 1877 sanguinem,
2337 1808 2387 1862 id
2414 1818 2514 1873 est,
2542 1810 2797 1864 adversus
2840 1811 3079 1865 homines
3117 1826 3147 1864 a
3193 1812 3381 1881 quibus
3420 1812 3565 1867 vide-

1991 1898 2119 1952 mini
2162 1900 2266 1968 pati
2307 1901 2610 1965 molestias;
2658 1917 2763 1956 non
2804 1901 3058 1957 adversus
3095 1904 3237 1973 ipsos
3276 1905 3560 1975 pugnatis:

1991 1988 2079 2041 sed
2119 1988 2357 2042 adversus
2397 1991 2645 2061 principes
2684 2000 2729 2043 et
2767 2001 3032 2061 potestates
3060 2002 3105 2045 et
3130 2003 3341 2047 rectores
3368 1994 3559 2048 mundi.

2003 2078 2072 2132 Et
2101 2093 2168 2133 ne
2197 2080 2516 2149 intelligeres
2545 2082 2878 2148 tnundi,eteli
2908 2092 2961 2137 et
2989 2092 3164 2148 terrae,
3194 2083 3421 2139 ostendit
3439 2084 3563 2155 quid

1989 2168 2190 2224 diceret
2222 2187 2234 2224 :
2271 2171 2622 2234 Tenebrarum,
2647 2174 2833 2245 inquit,
2864 2175 3041 2229 Irarum
3070 2174 3091 2248 (
3120 2175 3305 2245 Epltes.
3334 2192 3402 2242 vt,
3430 2177 3496 2232 l2
3518 2178 3558 2249 ).

1989 2260 2166 2316 Mundi
2204 2262 2438 2328 scilicet,
2472 2280 2579 2319 non
2613 2266 2701 2335 qui
2741 2281 2834 2335 per
2871 2267 3041 2335 ipsum
3069 2265 3234 2321 factus
3260 2275 3375 2333 est;
3416 2267 3557 2338 quia,

1989 2351 2056 2406 Et
2098 2354 2312 2409 mundus
2360 2371 2448 2425 per
2489 2373 2602 2409 eum
2640 2359 2803 2427 factus
2844 2367 2914 2411 est
2943 2373 2963 2410 :
2989 2356 3083 2413 sed
3116 2357 3294 2412 tnundi
3321 2358 3409 2428 qui
3438 2373 3559 2414 eum

1988 2458 2095 2499 non
2143 2447 2423 2517 cognovit;
2474 2448 2630 2517 quia,
2674 2444 2743 2500 Et
2785 2450 3002 2502 mundus
3046 2466 3161 2502 eum
3198 2466 3296 2504 non
3336 2451 3561 2521 cognovit

1989 2536 2167 2610 (Joan.
2197 2554 2235 2606 ι,
2272 2539 2377 2609 10).
2422 2539 2512 2594 Hae
2553 2539 2783 2595 tenebrat
2822 2556 2928 2595 non
2954 2550 3077 2594 sunt
3106 2551 3312 2606 natura,
3342 2543 3435 2597 sed
3464 2558 3559 2598 vo-

1986 2633 2207 2690 luntate.
2237 2635 2424 2689 Anima
2448 2635 2587 2689 enim
2618 2651 2711 2704 per
2738 2637 3074 2705 semetipsum
3101 2651 3204 2689 non
3232 2636 3371 2690 lucet
3396 2654 3410 2691 :
3437 2636 3558 2707 quia

1986 2723 2254 2781 humiliter
2276 2737 2329 2781 et
2355 2726 2613 2781 veraciter
2632 2736 2811 2782 cantat
2829 2769 2844 2794 ,
2871 2725 2951 2780 Tu
2974 2727 3280 2781 illuminubis
3309 2730 3560 2783 lucernam

1984 2832 2167 2884 meam,
2210 2815 2459 2881 Domine;
2502 2816 2635 2871 Dens
2673 2835 2831 2886 meus,
2880 2817 3113 2871 illumina
3156 2820 3380 2873 tenebras
3426 2836 3561 2874 meas

1985 2906 2156 2980 (Psal.
2181 2924 2310 2975 xvu,
2341 2908 2433 2977 29)
2465 2928 2478 2963 :
2509 2918 2582 2974 et,
2613 2910 2762 2980 Apud
2793 2920 2857 2973 te,
2883 2910 3069 2980 inquit,
3094 2911 3207 2979 fons
3230 2911 3378 2975 vitaz;
3405 2912 3455 2965 in
3481 2913 3563 2967 lu-

1982 2999 2115 3053 mine
2149 3009 2234 3053 tuo
2273 2999 2545 3055 videbimus
2583 3001 2749 3053 lumen
2787 2999 2974 3069 (Psal.
3004 3016 3161 3065 xxxv,
3199 3001 3341 3070 10);
3373 3018 3476 3056 non
3505 3002 3560 3058 in

1989 3092 2189 3148 lumine
2218 3101 2422 3159 nostro,
2451 3092 2545 3149 sed
2573 3093 2624 3147 in
2650 3092 2837 3147 lumine
2857 3103 2960 3146 tuo.
2987 3092 3118 3147 Nam
3147 3102 3201 3148 et
3227 3094 3363 3149 oculi
3390 3095 3557 3149 nostri

1983 3184 2183 3239 lumina
2212 3193 2498 3250 vocantur;
2539 3192 2592 3239 et
2634 3193 2805 3239 tamen
2847 3184 2937 3239 lux
2975 3183 3305 3239 extrinsecus
3328 3185 3372 3238 si
3398 3184 3553 3251 desit,

1980 3276 2141 3332 etiam
2172 3276 2287 3331 sani
2313 3285 2366 3331 et
2389 3285 2645 3346 patentes,
2680 3275 2732 3329 in
2762 3274 2992 3330 tenebris
3018 3276 3386 3331 remanebunt.
3417 3276 3557 3347 Ergo

1982 3367 2177 3424 bellum
2200 3368 2433 3439 gerimus
2456 3367 2710 3423 adversus
2730 3376 2962 3423 rectores
2984 3367 3318 3422 tenebrarum
3345 3367 3552 3434 harum,

1980 3467 2217 3514 rectores
2244 3458 2448 3512 scilicet
2475 3456 2785 3523 inﬁdelium,
2809 3455 3077 3511 diabolum
3105 3464 3159 3512 et
3183 3458 3398 3527 angelos
3417 3458 3553 3528 ejus,

1980 3563 2213 3607 rectores
2240 3550 2400 3622 gladii
2430 3551 2545 3621 ejus
2574 3550 2643 3606 de
2670 3566 2774 3621 quo
2806 3564 3000 3621 pugnat
3024 3550 3263 3607 diabolus
3299 3552 3554 3608 adversus

1981 3641 2184 3698 ﬁdeles.
2212 3642 2316 3698 Sed
2345 3641 2613 3714 quomodo
2636 3641 2802 3698 Goliae
2824 3651 3087 3712 prostrato
3109 3643 3308 3698 tollitur
3329 3644 3553 3715 gladius,

1980 3742 2038 3789 ut
2063 3736 2159 3805 ipsi
2188 3734 2354 3791 Golite
2380 3743 2537 3805 caput
2554 3734 2621 3789 de
2646 3735 2822 3805 gladio
2842 3751 2940 3790 suo
2966 3745 3301 3805 amputetur;
3333 3738 3403 3791 ita
3431 3752 3552 3791 cum

1980 3828 2203 3882 credunt
2248 3827 2344 3895 ipsi
2394 3826 2667 3891 infideles,
2711 3826 2903 3880 dicitur
2926 3825 3257 3881 eis:Fuistis
3281 3827 3554 3896 aliquando

1981 3917 2226 3983 tenebrae;
2253 3933 2383 3970 nunc
2407 3926 2575 3970 autem
2595 3914 2685 3970 lux
2704 3916 2757 3969 in
2782 3913 3001 3969 Domino
3027 3914 3244 3986 (Ep/tes.
3265 3930 3317 3981 ν,
3345 3915 3422 3987 8).
3450 3916 3553 3971 Ριι-

1980 4008 2180 4080 guastis
2208 4007 2277 4063 de
2303 4023 2460 4064 manu
2489 4006 2687 4075 Golize,
2722 4006 2831 4077 jam
2874 4006 2930 4062 in
2972 4021 3131 4062 manu
3157 4006 3352 4064 Christi
3384 4007 3550 4065 tollite

1980 4109 2132 4172 caput
2162 4098 2349 4155 Golitn.

2051 4191 2105 4247 5.
2152 4190 2264 4247 Hoc
2288 4205 2450 4247 unum
2477 4190 2718 4261 praelium
2746 4208 2760 4245 :
2788 4190 3013 4246 alterum
3052 4199 3230 4247 autem
3274 4192 3554 4263 unicuique

1979 4282 2034 4338 in
2060 4283 2255 4352 seipso.
2285 4281 2439 4337 Modo
2453 4297 2619 4352 genus
2640 4281 2743 4337 hoc
2762 4281 2890 4337 belli
2912 4297 2978 4336 ex
2998 4282 3287 4351 apostolica
3314 4282 3553 4354 Epistola

1979 4374 2251 4445 legebatur
2282 4392 2295 4429 :
2329 4373 2458 4429 Caro
2483 4374 2789 4444 concupiscit
2814 4374 3050 4429 adversm
3076 4375 3334 4446 spiritum,
3361 4386 3407 4430 et
3440 4378 3551 4449 spi-

1979 4468 2106 4523 ritus
2129 4467 2363 4522 adversus
2388 4484 2623 4535 carnem;
2662 4476 2717 4521 ut
2754 4483 2855 4522 non
2890 4484 2949 4522 ea
2991 4483 3104 4541 qua:
3139 4470 3306 4533 vultis,
3333 4471 3551 4542 faciatis.

1980 4559 2049 4616 Et
2089 4560 2191 4615 hoc
2225 4575 2384 4631 grave
2419 4559 2638 4627 bellum,
2669 4568 2723 4615 et
2762 4558 2902 4631 quod
2940 4569 3023 4616 est
3063 4560 3359 4626 molestius,
3390 4561 3549 4617 inter-

1981 4669 2128 4708 num.
2162 4654 2215 4707 In
2238 4669 2344 4723 quo
2366 4652 2507 4708 bello
2531 4653 2577 4709 si
2600 4652 2668 4708 sit
2686 4653 2910 4723 quisque
2929 4654 3114 4715 victor,
3145 4653 3263 4707 illos
3286 4668 3421 4724 quos
3446 4669 3552 4710 non

1980 4746 2123 4802 videt
2165 4744 2426 4809 inimicos,
2453 4745 2704 4799 continuo
2738 4746 3027 4815 superabit.
3076 4744 3191 4800 Non
3220 4745 3358 4800 enim
3387 4755 3555 4803 tentat

1981 4837 2221 4893 diabolus
2246 4835 2331 4891 vel
2357 4835 2526 4906 angeli
2564 4836 2699 4904 ejus,
2728 4836 2827 4889 nisi
2855 4836 2995 4905 quod
3028 4835 3079 4889 in
3110 4846 3159 4891 te
3178 4837 3425 4893 carnale‘
3452 4838 3552 4893 do-

1980 4930 2229 4985 minatur.
2273 4926 2404 4982 Nam
2433 4926 2696 4997 quomodo
2732 4925 2991 4980 vincimus
3041 4925 3155 4981 illos
3199 4929 3377 4983 hostes
3418 4944 3552 4999 quos

1981 5039 2086 5078 non
2115 5020 2353 5076 videmus
2373 5060 2386 5082 ,
2411 5020 2509 5074 nisi
2537 5019 2659 5089 quia
2678 5018 2918 5073 carnales
2949 5018 3226 5074 interiores
3248 5029 3422 5076 motus
3451 5037 3551 5078 no-

1981 5124 2120 5173 stros
2144 5112 2435 5169 sentimus?
2468 5111 2597 5165 Cum
2632 5111 2713 5163 his
2739 5109 3101 5181 conﬂigiutus,
3137 5120 3190 5166 et
3215 5112 3332 5167 illos
3357 5128 3549 5185 percu-

1983 5209 2144 5265 timus
2159 5211 2200 5264 '.
2248 5206 2304 5261 ln
2345 5220 2528 5261 amore
2558 5204 2793 5275 pecunia:
2830 5204 3132 5259 dominatur
3160 5206 3375 5260 avaritia
3406 5225 3419 5261 :
3450 5205 3551 5263 do-

1982 5300 2203 5357 minanti
2231 5298 2321 5353 tibi
2348 5298 2580 5353 avaritize
2605 5295 2846 5351 diabolus
2873 5295 3167 5352 forinsecus
3194 5296 3397 5354 lucrum
3431 5315 3553 5356 cum

1983 5394 2165 5450 fraude
2216 5391 2482 5462 proponit.
2535 5388 2849 5459 Plerumque
2902 5389 3041 5444 enim
3089 5388 3155 5443 ad
3200 5389 3400 5445 lucrum
3448 5407 3554 5447 nou

1983 5488 2247 5560 pervenis,
2284 5483 2383 5540 nisi
2413 5482 2645 5538 fraudem
2672 5480 2883 5536 feceris.
2930 5480 3186 5551 Proponit
3210 5497 3337 5552 ergo
3362 5482 3448 5539 ille
3471 5482 3555 5539 fo-

1984 5579 2223 5634 rinsecus
2264 5576 2497 5631 avaritia:
2537 5583 2638 5630 tua:
2676 5589 2835 5645 quam
2876 5573 3016 5629 intus
3050 5588 3154 5629 nou
3181 5572 3370 5637 vicisti,
3396 5588 3555 5643 quam

2051 5760 2065 5789 ¹
2093 5759 2163 5807 Sic
2184 5763 2289 5805 Mss.
2326 5754 2436 5803 Edd.
2462 5765 2599 5813 vero,
2624 5750 2899 5802 carnaliter.
3046 5808 3056 5819 .
3206 5807 3249 5819 ω
3287 5808 3298 5819 .

2049 5823 2070 5851 ³
2094 5822 2165 5868 sic
2197 5821 2376 5880 aliquot
2408 5824 2512 5867 loss.
2552 5807 2606 5864 At
2633 5822 2706 5880 Er.
2747 5823 2799 5864 et
2837 5820 2964 5862 t.ov.:
2996 5808 3079 5862 His
3108 5807 3420 5875 conﬂigiums,
3455 5808 3557 5868 illis

1992 5878 2303 5942 vercntimm‘,
2332 5886 2376 5931 cl
2398 5881 2504 5932 illos
2521 5878 2829 5945 percatimus.
