4084 6460
646 268 785 332 1859

642 412 753 454 non
797 399 1086 467 domuisti,
1127 419 1284 475 quam
1328 420 1431 459 non
1475 406 1567 461 tibi
1622 405 1926 477 subjecisti;
1978 410 2227 476 proponit

643 499 913 562 tanquam.
940 495 1155 553 athleta)
1193 512 1293 553 suo
1330 498 1503 555 malus
1548 500 1866 568 agonotbeta
1911 499 2149 555 fraudem
2179 510 2233 559 et

641 582 872 648 lucrum,
904 602 1039 657 opus
1064 596 1115 643 et
1142 587 1421 657 praemium
1450 607 1463 641 :
1501 590 1624 655 Fac,
1657 599 1708 644 et
1738 591 1886 646 tolle.
1936 591 2015 647 Tu
2052 600 2232 655 autem

644 675 689 729 si
718 676 892 735 calcas
932 677 1242 742 avaritiam,
1268 680 1313 735 si
1356 680 1450 735 tibi
1496 681 1715 738 interius
1752 698 1862 737 non
1905 682 2230 749 dominatur,

643 781 799 835 qualn
838 768 1077 829 sentiens
1117 769 1320 834 vilicis;
1366 772 1529 831 nam1
1572 772 1844 829 diabolum
1894 773 2231 833 insidiantem

642 873 747 913 non
777 859 944 914 sentis
974 878 989 914 :
1022 860 1067 915 si
1107 876 1233 932 ergo
1258 862 1543 925 edomuisti
1571 866 1869 930 avaritiam.
1894 866 2124 929 attendis
2146 866 2230 921 al-

641 957 817 1007 terum
846 965 1237 1020 proponenleni
1262 970 1395 1023 opus
1424 965 1477 1013 et
1497 956 1795 1027 priemium.
1822 956 1959 1023 Quid
1991 958 2079 1013 ille
2104 973 2230 1028 pro-

646 1040 863 1111 posuit?
894 1042 1155 1099 Fraudem
1180 1054 1236 1100 et
1262 1046 1485 1105 lucrum.
1531 1047 1668 1115 Quid
1698 1049 1795 1105 iste
1822 1050 2111 1119 proponit?
2148 1051 2231 1109 [n—

642 1134 943 1193 nocentiam
972 1146 1026 1193 et
1053 1151 1329 1195 coronam.
1376 1138 1483 1195 Fac
1520 1150 1576 1196 et
1606 1141 1755 1207 tolle,
1784 1151 1838 1201 et
1877 1141 1967 1203 ille
1994 1142 2144 1208 dicit,
2175 1152 2233 1200 et

638 1222 767 1281 iste.
812 1223 929 1281 Jam
952 1234 1011 1282 tu
1040 1227 1307 1297 prmlalior
1332 1229 1586 1296 interior,
1619 1232 1662 1287 si
1694 1248 1800 1287 non
1827 1247 1887 1291 es
1915 1234 2087 1291 victus
2107 1250 2231 1293 ava-

636 1316 781 1381 ritia,
807 1316 899 1370 sed
938 1317 1109 1375 victor
1127 1321 1396 1387 avaritiae;
1430 1322 1577 1381 illum
1601 1324 1853 1390 atlendis,
1878 1324 2019 1381 hunc
2039 1327 2226 1383 vincis.

637 1404 911 1469 Discernis
937 1409 1077 1473 cuitu
1104 1420 1408 1481 utrumque,
1438 1426 1492 1473 et
1519 1413 1654 1470 dicis
1676 1433 1688 1470 :
1708 1415 1805 1471 Hic
1832 1415 1986 1473 video
2013 1432 2149 1487 opus
2175 1426 2229 1473 et

637 1498 914 1567 praemium
946 1539 960 1564 ,
1017 1499 1123 1556 illic
1176 1510 1355 1559 autent
1406 1519 1585 1560 escam
1629 1514 1684 1561 et
1726 1506 1996 1577 laqueum.
2047 1508 2229 1580 Neque

630 1572 778 1643 enim
808 1588 1009 1660 aliquid
1036 1591 1169 1648 dicis
1200 1593 1253 1648 in
1292 1603 1366 1660 te,
1406 1595 1549 1664 quod
1591 1612 1697 1652 non
1740 1572 2002 1668 pertineat
2038 1599 2107 1656 ad
2152 1610 2221 1657 te.

634 1680 845 1739 Etenim
887 1698 957 1738 ex
998 1696 1215 1754 peccato
1258 1687 1460 1747 divisus
1501 1704 1560 1749 es
1601 1690 1882 1749 adversum
1927 1702 1997 1749 te.
2037 1692 2228 1751 Trallis

635 1776 1084 1845 concupiscentiae
1118 1782 1462 1851 propaginem
1490 1792 1545 1839 et
1568 1783 1843 1841 traducem
1869 1786 2058 1842 mortis
2087 1805 2100 1841 :
2132 1786 2227 1843 ba-

634 1866 733 1924 bes
754 1880 941 1931 contra
969 1872 1109 1942 quod
1135 1888 1334 1943 pugnes
1362 1875 1416 1930 in
1456 1884 1528 1943 te,
1569 1876 1734 1934 babes
1770 1879 1914 1948 quod
1955 1894 2227 1951 expugnes

635 1961 692 2018 in
723 1970 790 2016 te.
819 1961 924 2017 Sed
943 1963 1108 2019 habes
1131 1980 1289 2035 quem
1321 1966 1559 2032 invoces,
1587 1976 1645 2023 ut
1667 1980 1985 2040 pugnantem
2012 1971 2226 2042 adjuvet

637 2060 710 2119 te,
739 2063 795 2110 et
820 2055 1118 2113 vincentem
1148 2068 1371 2115 coronet
1412 2067 1485 2127 te,
1516 2061 1605 2133 qui
1646 2078 1753 2118 non
1789 2064 2108 2122 esistentem
2144 2065 2223 2123 ie-

636 2145 708 2199 cit
730 2155 809 2201 te.

707 2238 760 2292 6.
801 2238 1114 2307 Quomodo,
1144 2242 1319 2314 inquis
1337 2287 1352 2312 ,
1375 2246 1774 2304 vincamiEcce
1797 2250 1910 2320 ipse
1938 2250 2225 2320 Apostolus

637 2326 1007 2385 dillicilliniunl
1036 2333 1277 2401 prailium
1322 2337 1603 2407 proponit,
1635 2348 1690 2392 ct
1710 2355 1870 2409 quam
1900 2339 2224 2396 laboriosum

636 2420 709 2474 sit
730 2430 815 2474 aut
843 2420 983 2478 forte
1010 2424 1389 2494 insuperabile,
1408 2429 1452 2481 si
1481 2444 1586 2483 non
1614 2430 1850 2501 intelligo
1868 2472 1885 2497 ,
1909 2432 2023 2501 ipse
2042 2443 2225 2489 osten-

635 2510 730 2564 dit.
780 2510 949 2577 Caro,
990 2513 1205 2585 inquit,
1234 2519 1542 2589 concupiuit
1582 2520 1827 2576 adversus
1868 2524 2127 2591 spiritum,
2178 2534 2225 2582 et

634 2606 841 2673 spiritus
862 2607 1100 2662 adversus
1124 2625 1326 2665 carnem
1349 2628 1367 2677 ;
1393 2622 1447 2667 ut
1471 2630 1573 2668 non
1602 2630 1661 2668 ea
1679 2631 1792 2685 quae
1806 2616 1978 2682 uultis,
2001 2618 2221 2687 faciatis.

635 2694 913 2761 Quomodo
958 2714 1045 2754 me
1074 2699 1229 2770 jubes
1263 2704 1510 2771 vincere,
1551 2721 1670 2761 cum
1702 2707 1792 2763 ille
1830 2709 2002 2776 dicat,
2035 2708 2104 2766 Ut
2124 2728 2224 2768 non

635 2804 693 2840 ea
740 2804 851 2857 qua:
877 2790 1025 2844 vultis
1042 2832 1055 2857 ,
1084 2794 1284 2860 faciatis
1302 2796 1328 2848 ?
1352 2795 1557 2863 Quaeris
1577 2800 1884 2869 quomodo?
1906 2803 2133 2860 Attende
2155 2804 2224 2861 ad

634 2881 857 2949 gratiam
919 2885 1061 2938 vasis
1110 2889 1390 2955 pastoralis
1422 2932 1435 2954 ,
1483 2891 1713 2961 lapidem
1746 2896 1764 2925 ²
1791 2894 1857 2949 de
1900 2896 2123 2953 ﬂumine
2168 2900 2222 2955 in

634 2973 939 3041 exceptorio
972 2976 1122 3030 lactis
1150 2992 1308 3047 pone.
1331 2980 1471 3036 Ecce
1496 2991 1551 3037 et
1578 2998 1679 3054 ego
1708 2985 1799 3039 tibi
1820 2986 1962 3055 dico,
1990 2991 2098 3045 imo
2129 2989 2221 3046 tibi

634 3061 749 3132 ipsa
767 3066 960 3121 veritas
988 3067 1133 3124 dicit.
1154 3070 1380 3127 Prorsus
1402 3090 1507 3130 non
1528 3075 1660 3133 iacis
1679 3079 1821 3147 quod
1839 3082 1938 3148 vis,
1952 3096 2223 3154 pugnante

632 3169 796 3212 carne
846 3158 1101 3215 adversus
1133 3164 1378 3233 spiritum
1423 3175 1591 3223 tuum.
1617 3168 1673 3224 Si
1695 3171 1763 3226 ad
1793 3173 1945 3229 istam
1993 3192 2220 3247 pugnam

633 3248 702 3306 de
727 3259 776 3305 te
796 3255 1072 3321 prazsumis
1092 3297 1105 3319 ,
1134 3257 1505 3316 admonendus
1530 3278 1588 3319 es
1610 3306 1624 3329 ,
1656 3280 1723 3320 ne
1749 3266 1943 3323 fruStra
1964 3270 2217 3340 audieris,

633 3339 904 3398 Exsultate
932 3346 1037 3401 Deo
1053 3347 1277 3418 adjutori
1303 3363 1472 3407 nostro
1497 3353 1669 3425 (Psal.
1702 3375 1871 3423 Lxxx,
1891 3360 1969 3431 2).
1988 3362 2044 3419 Si
2074 3339 2216 3420 enim

631 3447 729 3502 per
755 3442 805 3488 te
836 3436 1086 3506 impleres
1117 3450 1307 3506 totum,
1326 3460 1429 3498 non
1458 3456 1600 3501 esset
1630 3452 1963 3508 necessarius
1985 3455 2215 3526 adjutor.

632 3524 857 3590 Rursus,
892 3528 937 3581 si
968 3537 1023 3584 tu
1068 3530 1181 3601 ipse
1231 3545 1319 3589 tua
1352 3536 1626 3593 voluntate
1674 3541 1806 3596 nihil
1858 3524 2075 3614 ageres,
2110 3563 2215 3603 non

634 3628 919 3677 vocaretur
970 3621 1185 3690 adjutor
1224 3640 1238 3676 :
1280 3625 1492 3693 adjutor
1540 3629 1682 3685 enim
1727 3633 1925 3704 aliquid
1972 3648 2214 3708 agentem

630 3706 865 3777 adjuvat.
902 3711 1137 3784 Denique
1161 3730 1281 3770 cum
1327 3716 1582 3787 dixisset,
1612 3721 1746 3778 Caro
1794 3706 2097 3798 concupiscit
2122 3732 2217 3784 ad-

630 3816 802 3856 versus
830 3805 1101 3873 spiritum,
1131 3817 1177 3861 et
1202 3809 1411 3877 spiritus
1458 3811 1697 3868 adversus
1742 3832 1985 3884 carnem;
2010 3829 2064 3874 ut
2113 3838 2216 3878 non

630 3909 689 3947 ea
723 3910 835 3965 qua!
863 3897 1030 3961 vultis,
1060 3898 1294 3967 faciatis;
1332 3912 1388 3958 et
1434 3908 1800 3975 proposuisset
1854 3922 1906 3967 te
1956 3923 2081 3971 ante
2122 3925 2173 3973 te
2195 3961 2211 3987 ,

633 3985 797 4040 veluti
820 3985 1233 4048 deiicientemte
1264 3993 1316 4047 in
1344 4002 1428 4057 te,
1450 3998 1707 4055 continuo
1734 4002 1879 4057 misit
1904 4003 1971 4059 ad
1998 3985 2209 4078 adjuto¥

627 4092 776 4133 rem:
811 4080 960 4147 Quod
1005 4083 1049 4135 si
1095 4086 1275 4147 spiritu
1320 4087 1584 4157 ducimini,
1616 4109 1718 4148 non
1764 4094 1932 4152 adhuc
1978 4101 2096 4155 estis
2120 4105 2213 4159 sub

627 4167 779 4241 Lege.
805 4169 903 4237 Qui
931 4173 1073 4227 enim
1104 4175 1206 4230 sub
1234 4177 1347 4249 lege
1385 4189 1488 4247 est,
1521 4197 1625 4237 non
1656 4184 1840 4255 implet
1883 4188 2051 4259 legem
2074 4234 2086 4256 ,
2115 4194 2209 4249 sed

626 4264 930 4333 premitura
952 4266 1109 4337 lege;
1132 4270 1269 4324 sicut
1291 4270 1378 4326 ille
1399 4274 1563 4328 David
1587 4275 1687 4331 sub
1711 4280 1878 4335 armis
1906 4293 2040 4338 erat.
2070 4286 2209 4357 Ergo

625 4352 671 4408 si
701 4354 889 4421 spiritu
911 4355 1121 4413 duceris
1138 4400 1154 4426 ,
1183 4360 1305 4417 vide
1330 4365 1448 4433 quis
1476 4376 1527 4420 te
1552 4367 1823 4437 adjuvabit
1848 4413 1865 4439 ,
1901 4384 1957 4429 ut
1982 4352 2203 4448 impleas

624 4442 765 4513 quod
820 4445 970 4501 velis.
1000 4448 1222 4517 Adjutor
1272 4462 1723 4528 tuus,susceptor
1761 4472 1914 4532 tuus,
1943 4442 2073 4537 spes
2117 4480 2202 4526 tua

624 4535 713 4605 qui
743 4534 903 4592 docet
931 4553 1118 4593 manus
1150 4550 1266 4596 tuas
1294 4543 1345 4597 in
1370 4547 1609 4614 praelium
1632 4592 1648 4617 ,
1672 4561 1726 4606 et
1750 4553 1943 4623 digitos
1974 4534 2105 4614 tuos
2134 4563 2201 4619 ad

622 4625 845 4682 bellum.
877 4628 1151 4702 Manifesta
1199 4634 1333 4687 enim
1386 4647 1501 4692 sunt
1525 4680 1540 4704 ,
1575 4640 1764 4711 inquit,
1795 4660 1949 4715 Opera
1998 4654 2165 4708 carnis
2186 4698 2199 4720 ,

620 4736 736 4792 qua:
753 4733 870 4777 sunt
894 4723 1249 4794 fornicationes
1270 4768 1282 4787 ,
1306 4728 1658 4798 immunditiis,
1682 4735 1933 4793 idolorum
1972 4745 2198 4815 seruitus,

621 4814 826 4868 luxuria
844 4855 859 4880 ,
889 4816 1129 4885 veneﬁcia
1149 4861 1162 4883 ,
1191 4820 1548 4889 contentiones,
1587 4826 1862 4882 inimicitiae
1879 4872 1892 4891 ,
1919 4832 2197 4906 ebrietates,

621 4908 1006 4964 comessationes
1024 4950 1040 4969 .
1070 4921 1117 4964 et
1144 4912 1222 4965 Itis
1266 4914 1452 4968 similia
1474 4932 1493 4980 ;
1512 4933 1625 4987 quis
1646 4920 1867 4991 prtedico
1887 4926 2021 4981 vobis
2036 4969 2052 4995 ,
2074 4931 2200 4985 sicut

620 5002 852 5067 prwdixi,
882 5002 1122 5071 quoniam
1162 5006 1249 5074 qui
1297 5006 1422 5060 talia
1472 5018 1660 5079 agunt,
1705 5029 1914 5083 regnum
1968 5018 2061 5073 Dei
2099 5039 2197 5079 non,

620 5093 948 5161 possidebunt
972 5092 1169 5166 (Galat.
1195 5111 1250 5164 v,
1282 5098 1495 5170 17-21).
1518 5101 1633 5157 Non
1673 5106 1759 5174 qui
1788 5108 2048 5166 adversus
2075 5115 2195 5171 talia

618 5185 937 5253 conﬂigunt,
969 5188 1065 5241 sed
1094 5190 1182 5258 qui
1208 5191 1329 5245 talia
1365 5205 1543 5262 agunt.
1573 5196 1705 5251 Cum
1750 5204 1892 5255 enim
1918 5204 2192 5276 conﬂigis,

614 5276 756 5331 aliud
786 5286 867 5332 est
887 5294 1051 5349 opus;
1084 5298 1202 5337 cum
1231 5284 1417 5351 vincis,
1436 5287 1575 5343 aliud
1594 5305 1727 5358 opus
1743 5304 1990 5360 est;cum
2012 5313 2193 5367 pacem

614 5377 669 5423 ct
696 5370 930 5438 requiem
962 5374 1146 5438 habes,
1172 5376 1312 5431 aliud
1340 5392 1473 5449 opus
1500 5389 1601 5435 est.
1631 5381 1751 5438 Haec
1782 5385 1909 5441 dum
1934 5392 2193 5460 exemplis

616 5460 928 5517 demonstro
965 5465 1173 5532 paucis,
1198 5469 1477 5525 advertite.
1508 5471 1819 5545 Suggeritur
1854 5480 2066 5551 aliquod
2104 5486 2189 5541 lu-

676 5573 1027 5659 L'EIEElFBE‘S
1052 5584 1325 5659 estesse.
1342 5588 1540 5659 eum»
1565 5597 1711 5649 «luam
1729 5587 1992 5659 smnia»
2021 5594 2188 5659 υξηείε,

631 5649 711 5685 am
735 5635 1008 5723 demtum,
1048 5647 1143 5723 etc.
1179 5646 1254 5691 Er.
1280 5646 1334 5695 et
1366 5650 1497 5709 Lov.,

631 5649 711 5685 am
746 5640 779 5685 α
793 5640 1008 5699 allatum,
1048 5647 1113 5690 ett

601 5640 711 5769 iam
722 5696 991 5769 ἐωθοιιξηιι
1017 5707 1113 5769 eis

676 5762 699 5797 ³
721 5765 890 5811 Plures
908 5767 1038 5835 las,
1070 5763 1275 5828 lapides.

1936 5916 1969 5927 νρι

1879 286 1939 341 S.
1978 282 2343 341 AUGUSTINI
2383 286 2684 351 EPISCOPI

3762 329 3863 390 i860

2344 418 2527 508 crum,
2573 411 2843 481 delectat;
2872 416 3032 476 habet
3076 418 3361 492 fraudem,
3414 432 3506 488 sed
3550 450 3769 508 magnum
3802 462 3859 507 est

2342 496 2582 568 lucrum;
2634 504 2895 575 delectat,
2950 527 3058 569 non
3104 520 3383 579 conseptis
3426 540 3440 576 :
3492 496 3710 598 μεηῇ

2340 592 2515 659 adhuc
2551 598 2825 669 suadetur,
2857 604 3032 665 adhuc
3058 608 3311 679 instatur,
3336 592 3518 675 adhuc
3559 592 3858 693 ἇθιὼθηιιῖξξ

2341 700 2470 757 ergo
2496 689 2588 758 qui
2612 704 2807 763 pugnat
2824 738 2838 763 ,
2869 700 3223 768 periclitatur.
3257 704 3501 768 Vidimus
3524 728 3759 790 ptlgnam,

2344 789 2455 837 tera
2515 784 2808 845 videamus.
2853 791 3189 866 Contempsit
3236 799 3531 871 justitiam,
3580 784 3636 865 ut
3670 784 3860 879 fraudein

2340 872 2573 941 taceret;
2604 880 2776 937 victus
2801 893 2885 939 est
2907 902 2921 938 :
2944 890 3273 961 contempsit
3325 892 3565 965 lucrum,
3604 912 3656 959 ut
3690 872 3861 976 justiti;

2339 969 2599 1034 serviret;
2632 970 2778 1029 vicit.
2806 974 2863 1033 in
2886 975 2969 1032 his
2986 979 3152 1036 tribus
3172 1023 3186 1045 ,
3216 984 3423 1043 victum
3450 989 3601 1048 doleo
3618 1037 3633 1063 .
3663 969 3859 1071 Pilumni

2338 1069 2538 1127 metuo,
2564 1062 2748 1121 victori
2803 1071 3130 1138 congaudeo.
3152 1073 3260 1137 Sed
3289 1078 3456 1137 etiam
3496 1082 3579 1143 ille
3725 1062 3856 1163 vvicit,

2337 1153 2593 1222 numquid
2614 1158 2834 1213 omnino
2858 1162 2965 1231 egit
2986 1162 3041 1216 in
3071 1178 3153 1230 se,
3186 1175 3249 1225 ut
3282 1184 3505 1238 prorsus
3537 1153 3651 1235 eum

2337 1255 2444 1305 non
2482 1252 2739 1312 attentet,
2762 1259 2855 1307 aut
2902 1253 3033 1307 nihil
3078 1258 3129 1310 in
3161 1272 3230 1314 eo
3286 1262 3488 1323 excitet
3525 1266 3853 1347 delectationis,

2334 1338 2576 1438 quamvis
2600 1344 2942 1411 superabilis,
2962 1352 3204 1417 quamvis
3219 1361 3653 1433 contemptibilis,
3671 1338 3855 1438 quamvis

2335 1439 2441 1485 non
2484 1428 2659 1485 solum
2709 1434 2796 1488 cui
2846 1451 2949 1491 non
2994 1445 3333 1510 consentiat,
3371 1428 3467 1506 sed
3513 1428 3749 1530 cilm'qua
3785 1428 3854 1523 nec

2335 1531 2574 1617 pugnare
2619 1522 2909 1617 dignetur?
2936 1530 3079 1588 Inest
3119 1544 3302 1595 tamen
3352 1542 3526 1615 aliqua
3558 1522 3853 1617 delectationis

2335 1610 2589 1670 titillatio.
2621 1613 2724 1672 Ista
2754 1620 3005 1692 titillatio,
3032 1635 3089 1682 et
3115 1628 3207 1685 ille
3234 1630 3409 1690 hostis
3428 1610 3536 1707 jam
3562 1657 3654 1699 nec
3682 1610 3846 1718 pnituit,

2333 1718 2435 1760 nec
2461 1716 2649 1778 regnat
2683 1729 2696 1765 ε
2728 1712 2866 1769 inest
2892 1724 3070 1774 tamen
3092 1763 3106 1788 ,
3137 1732 3195 1778 et
3222 1728 3379 1795 quasi
3407 1743 3637 1791 moratur
3668 1712 3710 1795 in
3728 1712 3849 1802 carni

2332 1798 2542 1852 mortali
2568 1839 2583 1863 ,
2607 1802 2747 1870 quod
2772 1820 2879 1861 non
2908 1809 3030 1864 erit.
3076 1811 3315 1871 Ducetur
3350 1821 3494 1875 enim
3540 1834 3691 1883 totum
3724 1833 3765 1887 in

2332 1890 2553 1944 ctoriam
2573 1931 2587 1954 ,
2619 1892 2714 1948 sed
2761 1907 2943 1964 postea
2993 1920 3007 1956 :
3038 1904 3202 1960 modo
3241 1919 3458 1981 autem,
3504 1913 3684 1988 Corpus
3704 1925 3847 1993 quidem

2331 1990 2583 2036 mortuum
2619 1994 2693 2039 est
2716 2000 2925 2058 propter
2946 2006 3251 2063 peccatum;
3279 2011 3334 2056 et
3355 2004 3475 2060 ideo
3493 2009 3654 2065 eidem
3693 1990 3844 2085 corpori

2331 2070 2471 2127 inest
2494 2085 2771 2145 peccatum
2794 2122 2809 2146 ,
2837 2084 2939 2138 etsi
2980 2101 3084 2141 non
3132 2102 3330 2161 regnat
3379 2109 3671 2165 peccatum:

2335 2176 2503 2221 autem
2532 2170 2635 2225 vita
2655 2183 2728 2228 est
2749 2186 2953 2245 propter
2965 2180 3247 2251 justitiam.
3284 2188 3347 2242 Si
3374 2201 3536 2246 autem
3558 2170 3845 2265 qui-siticittlrit

2332 2258 2586 2319 Christum
2641 2282 2675 2319 a
2719 2273 2950 2337 mortuis,
2995 2275 3205 2331 habitat
3240 2281 3296 2334 in
3320 2281 3497 2350 vobis;
3532 2258 3614 2359 qui
3654 2295 3843 2350 suscitavit

2330 2348 2586 2408 Christum
2608 2361 2875 2425 emortuis,
2901 2364 3237 2433 viviﬁcabitet
3258 2348 3494 2430 mortalia
3518 2348 3704 2451 corpora
3713 2348 3839 2452 uestra,

2330 2453 2535 2513 propter
2553 2446 2911 2506 inhabitantem
2934 2453 3186 2526 Spiritum
3216 2463 3330 2533 ejus
3354 2465 3409 2520 in
3431 2468 3562 2524 vobis
3586 2446 3732 2540 limit.
3752 2446 3837 2541 Vill,

2330 2534 2419 2599 10,
2443 2538 2598 2607 etc.).
2634 2540 2707 2595 lbi
2732 2542 2841 2610 jam
2896 2561 2996 2602 nec
3041 2552 3183 2620 quod
3242 2568 3441 2625 pugnet
3473 2534 3601 2629 erit,
3625 2578 3710 2619 nec

2331 2628 2544 2696 titillet;
2573 2640 2743 2689 totum
2797 2638 2948 2694 cedet
2998 2640 3052 2695 in
3084 2648 3265 2714 pace‘.
3306 2649 3421 2706 Non
3462 2656 3593 2711 enim
3639 2628 3834 2714 contrarii

2330 2728 2517 2776 natura
2542 2734 2726 2781 contra
2756 2728 2912 2785 aliam
2962 2742 3211 2791 naturam
3271 2752 3498 2811 pugnat,
3527 2746 3613 2802 sed
3651 2756 3835 2819 laetitiam

2329 2809 2382 2865 in
2409 2812 2569 2869 domo
2594 2818 2815 2876 maritus
2845 2832 2899 2876 et
2922 2839 3077 2880 uxor.
3117 2826 3172 2884 Si
3200 2809 3467 2892 adversus
3485 2809 3831 2907 sedissentiant,

2328 2905 2587 2961 molestus
2617 2917 2671 2963 et
2697 2912 3027 2980 periculosus
3053 2918 3205 2976 labor
3231 2940 3245 2988 ;
3276 2926 3322 2979 si
3354 2929 3567 2985 maritus
3585 2931 3833 2987 vincaturet

2328 3009 2464 3050 uxor
2492 2998 2793 3057 dominetur
2815 3046 2830 3071 ,
2856 3021 2955 3076 pax
2976 3023 3270 3078 perversa:
3293 3018 3338 3072 si
3367 3029 3536 3076 autem
3564 3038 3679 3078 uxor
3693 3026 3830 3080 marito

2327 3086 2620 3146 dominanti
2652 3095 2982 3167 subjiciatur,
3008 3117 3109 3173 pax
3168 3118 3355 3177 recta;
3386 3128 3488 3168 non
3540 3123 3693 3171 tamen
3729 3117 3830 3171 aliud

2325 3195 2393 3237 ex
2424 3184 2527 3241 alia
2578 3196 2765 3243 natura
2790 3233 2803 3254 ,
2834 3195 2956 3262 quia
2999 3212 3062 3255 ex
3088 3198 3314 3259 homine
3364 3204 3496 3262 facta
3542 3210 3701 3265 mulier
3730 3210 3826 3263 viro.

2324 3273 2465 3331 Caro
2486 3287 2573 3333 tua
2593 3322 2606 3344 ,
2638 3283 2833 3353 conjllx
2861 3294 2978 3354 tua,
3012 3290 3209 3348 famula
3248 3305 3335 3352 tua
3357 3317 3370 3353 :
3395 3301 3640 3371 quodlibet
3664 3303 3821 3373 deputa.

2324 3381 2459 3437 opus
2482 3382 2563 3426 est
2585 3382 2638 3427 ut
2660 3376 2940 3445 subjicias;
2970 3392 3023 3435 et
3072 3385 3117 3439 si
3142 3393 3403 3458 pugnas',
3428 3403 3481 3447 ut
3507 3395 3653 3465 prosit
3682 3410 3821 3466 pugna.

2326 3460 2439 3517 Hoc
2464 3466 2604 3519 enim
2659 3469 2908 3538 expedit,
2934 3473 3159 3533 inferius
3204 3482 3403 3553 subjici
3435 3460 3693 3556 superiori;
3716 3460 3757 3539 ui
3784 3492 3821 3539 et

2330 3551 2423 3607 ille
2445 3556 2534 3624 qui
2563 3556 2663 3611 sibi
2694 3559 2885 3629 subjici
2913 3565 3024 3619 vult
3053 3569 3196 3638 quod
3234 3551 3327 3628 est
3356 3551 3563 3632 interius
3587 3592 3664 3644 se,
3698 3573 3818 3644 subji-

2322 3643 2492 3700 ciatur
2520 3650 2780 3716 superiori
2812 3668 2890 3707 se.
2923 3656 3166 3727 Agnosce
3186 3664 3452 3731 ordinem,
3480 3683 3636 3739 quaere
3666 3680 3813 3738 pacein.

2322 3732 2400 3789 -Tu
2434 3738 2560 3803 Deo,
2596 3741 2687 3797 tibi
2736 3759 2881 3801 caro.
2900 3748 3043 3816 Quid
3066 3753 3306 3822 justius?
3331 3760 3452 3830 quid
3495 3732 3813 3832 pulchliilsiTn

2320 3832 2538 3901 majori,
2572 3837 2747 3893 minor
2777 3841 2868 3896 tibi
2912 3862 2927 3899 :
2958 3848 3097 3901 servi
3133 3857 3187 3904 tu
3216 3852 3269 3906 ei
3310 3855 3397 3923 qui
3437 3854 3633 3922 fecitte,
3667 3864 3711 3907 ut
3744 3851 3812 3907 tibi

2316 4105 2527 4163 damus.
2570 4110 2687 4167 Tibi
2736 4129 2862 4171 caro
2905 4128 2960 4174 et
3014 4130 3070 4176 tu
3103 4123 3244 4191 Deo;
3277 4128 3403 4196 sed,
3437 4129 3510 4184 Tu
3534 4130 3642 4194 Deo,
3681 4136 3723 4183 et
3744 4126 3807 4181 tibi

2315 4212 2463 4253 caro.
2509 4199 2565 4257 Si
2602 4214 2778 4260 autem
2804 4214 3101 4268 contemnis
3120 4214 3201 4271 Tu
3229 4219 3356 4288 Deo,
3386 4237 3627 4292 nunquam
3660 4217 3806 4275 efﬁcies

2315 4299 2373 4345 ut
2397 4290 2512 4348 Tibi
2538 4296 2714 4350 caro'.
2740 4297 2843 4365 Qui
2864 4316 2968 4356 non
2993 4305 3332 4379 obtemperas
3350 4290 3580 4379 Domino,
3611 4307 3805 4381 torqueris

2312 4396 2343 4437 a
2373 4399 2547 4441 servo.
2580 4386 2845 4460 Numquid
2869 4394 2913 4448 si
2941 4410 3043 4450 non
3072 4400 3221 4469 prius
3252 4412 3305 4457 tu
3326 4404 3451 4465 Deo.
3477 4414 3531 4458 ut
3546 4402 3706 4459 deinde
3738 4397 3803 4452 tibi

2312 4489 2458 4541 caro,
2493 4480 2690 4546 poteris
2710 4480 2888 4538 dicere
2920 4484 3036 4543 hzec
3074 4491 3267 4558 verba,
3296 4493 3577 4549 Benedictus
3614 4490 3801 4545 Domina:

2312 4564 2448 4621 Deus
2472 4585 2630 4633 meus,
2662 4572 2748 4641 qui
2775 4573 2916 4628 docet
2932 4593 3260 4638 manusmeas
3286 4586 3339 4639 in
3361 4585 3590 4655 pristiam,
3608 4591 3648 4636 et
3668 4579 3800 4650 digitos

2311 4673 2447 4712 meos
2471 4662 2539 4712 ad
2580 4659 2811 4718 bellum?
2836 4665 3069 4722 Prteliuri
3120 4672 3201 4727 vis
3246 4675 3481 4729 indoctus
3498 4716 3511 4737 ,
3537 4665 3798 4728 damnaberis

2307 4747 2499 4803 victus.
2530 4750 2710 4806 Primo
2734 4769 2861 4826 ergo
2883 4766 2934 4811 te
2957 4761 3152 4816 subdas
3180 4764 3314 4831 Deo;
3338 4766 3521 4821 deinde
3541 4765 3619 4819 illo
3630 4763 3797 4818 docente

2300 4847 2362 4895 te
2386 4851 2441 4895 et
2460 4841 2741 4911 adjuvantc
2785 4848 3046 4917 prallieris
3067 4894 3082 4918 ,
3113 4862 3171 4908 et
3204 4856 3376 4921 dicas,
3402 4856 3497 4923 Qui
3512 4856 3637 4909 docet
3665 4862 3797 4904 manu

2306 4948 2443 4988 meas
2466 4934 2520 4989 in
2546 4938 2778 5006 praelium
2797 4981 2810 5002 ,
2843 4952 2892 4996 et
2904 4941 3089 5014 digitos
3111 4964 3247 5004 meos
3274 4950 3342 5003 ad
3360 4951 3548 5005 bellum.

2376 5029 2429 5082 7-
2471 5027 2618 5102 [νενε-
2645 5032 2726 5107 2ο]
2768 5035 2971 5091 Etcum
2997 5043 3276 5110 praeliaris,
3299 5044 3417 5113 quia
3440 5042 3554 5097 dum
3578 5032 3791 5109 praliaris.

2302 5122 2619 5192 pericliteris
2638 5167 2651 5189 ,
2682 5126 2765 5183 die
2789 5145 2907 5199 qua:
2924 5144 3233 5203 sequuntur,
3260 5139 3309 5191 in
3338 5132 3586 5207 praelisndi
3613 5124 3792 5200 pericli]0

2301 5216 2639 5273 constitutus.
2677 5219 3029 5278 Misericordia
3056 5243 3185 5282 mea.
3222 5228 3333 5284 Non
3377 5230 3560 5282 vincar.
3581 5220 3691 5290 Quid
3732 5223 3790 5270 est

2301 5306 2432 5375 hoc,
2458 5309 2807 5368 Misericordia
2838 5319 2986 5373 mea?
3003 5318 3216 5378 Prtebes
3240 5322 3363 5377 mibi
3410 5312 3783 5376 misericordiam.

2298 5401 2433 5454 etin
2471 5418 2557 5457 me
2600 5406 2785 5459 existis
2810 5408 3263 5479 nlisericors?au,
3302 5411 3506 5469 Donasti
3538 5404 3652 5501 mihi
3687 5403 3788 5501 tlte!

2297 5490 2412 5561 ipse
2438 5494 2536 5547 sim
2577 5496 2924 5554 misericors?
2947 5503 3019 5558 De
3070 5506 3211 5561 nulla
3255 5505 3390 5562 enim
3425 5518 3481 5560 re
3510 5502 3578 5557 sic
3611 5490 3786 5551 νίηοίιυτ

2362 5602 2378 5673 ξ
2405 5601 2630 5673 Plerique
2662 5615 2786 5667 Mss.,
2809 5607 2861 5662 in
2878 5624 3061 5673 pacem.

2358 5664 2586 5756 inliqutn
2610 5664 2934 5781 ilssgfugria.
3304 5738 3317 5751 _

2401 5732 2473 5775 sic
2495 5735 2599 5777 Mss.
2624 5738 2679 5781 At
2765 5733 2895 5781 d.:sz
2915 5742 3075 5781 autem
3091 5747 3315 5781 mnum

2359 5723 2473 5796 ἲέίς
2487 5723 2599 5796 Μελ
2624 5738 2684 5796 Μ
2701 5723 2847 5784 ἑάᾱὲ
2847 5733 2895 5787 si
2907 5723 3075 5791 autem
3091 5738 3403 5794 committat
3422 5745 3577 5796 Detur.
3591 5730 3789 5789 nam

2294 5783 2576 5850 subjicietur
2598 5789 2685 5843 tibi
2704 5783 2840 5848 caro.
