4084 6448
303 326 431 385 1861

288 440 549 501 inimicus
570 478 585 502 .
625 446 785 507 quam
819 443 942 487 cum
994 421 1370 482 misericordes
1414 430 1618 475 sumus.
1652 411 1884 471 Omnino

290 542 454 608 pret
496 504 801 586 calurbnias
836 520 909 581 ad
965 517 1257 590 iam,
1291 521 1345 570 et
1380 526 1494 569 non
1546 504 1887 608 pOIestdaIs-‘t

1413 291 1809 358 ENABRATIO
1846 288 1913 347 IN
1950 284 2279 353 PSALMUM
2302 293 2528 352 CXLIII.

3448 311 3470 366 4
3482 313 3587 370 862

1991 411 2282 465 remetiatur
2300 412 2441 469 vobis
2485 413 2695 484 (Matth.
2729 415 2821 485 vit,
2852 416 2933 489 2).
2962 419 3042 474 Ad
3071 418 3172 477 hoc
3200 425 3339 481 enim
3359 469 3375 494 ,
3402 428 3469 485 In
3486 449 3586 504 qua

1995 518 2236 567 mensura
2261 522 2280 559 :
2304 520 2417 569 non
2462 508 2608 573 enim
2641 525 2887 573 niertsura
2910 512 3155 583 eiusdem
3204 521 3416 588 generis
3467 535 3583 595 est;

298 596 568 698 ξιδῇρω-θ,
587 621 712 693 quia
732 632 847 673 inon
869 611 1107 684 est.apud
1132 626 1313 682 quem.
1338 608 1399 663 Si
1420 606 1562 663 enim
1607 601 1748 673 apud
1780 600 1889 659 bo-
1990 596 2090 657 sed
2122 598 2189 698 ad
2219 598 2529 663 boceadem
2552 618 2802 665 mensura
2822 646 2837 672 ,
2862 605 3082 675 Ignosce
3100 650 3114 672 .
3144 621 3201 666 et
3227 611 3468 683 ignosco.
3492 619 3587 680 Est

297 723 505 778 minem
802 707 1080 764 nobiscum
1115 709 1296 773 ageret
1315 742 1329 767 ,
1368 705 1548 770 posset
1575 710 1695 751 eum
1734 708 1889 753 men-

302 808 1167 875 tiendofallere,etnmg,ravare
1202 791 1663 850 criminationibus
1708 787 1888 847 falsis:

302 907 428 977 quia
450 917 583 957 .vero
601 896 743 967 apud
762 896 928 955 talem
962 891 1196 963 judieem
1224 901 1389 944 causa
1418 893 1603 940 nostra
1620 897 1749 939 cum
1794 879 1894 935 sil-lo

302 1010 385 1056 est
406 1040 421 1062 ,
446 997 540 1067 qui
562 994 671 1050 falli
698 998 1001 1061 non-potest
1020 1004 1036 1053 ;
1056 986 1185 1043 ideo
1214 983 1389 1039 ambit
1429 988 1488 1035 ut
1516 978 1583 1033 ad
1608 983 1893 1046 peccatum

304 1091 548 1152 seducet,
574 1095 641 1142 ut
661 1085 853 1140 habeat
878 1096 1007 1141 vera
1028 1095 1147 1151 quae
1167 1076 1404 1145 obiiciat.
1427 1073 1496 1135 Et
1519 1071 1605 1127 ubi
1624 1068 1765 1125 forte
1788 1067 1894 1122 ali-

306 1181 507 1251 quibus
534 1179 651 1248 ejus
690 1176 965 1231 fraudibus
993 1170 1294 1227 succumbit
1324 1168 1553 1222 humana
1598 1162 1858 1233 fragilitas
1877 1202 1893 1227 ,

304 1279 572 1341 sequatur
594 1269 647 1324 in
682 1267 1025 1322 confessione
1052 1277 1189 1333 opus
1217 1258 1552 1322 humilitatis,
1585 1262 1900 1311 exerceatur

294 1362 363 1418 in
390 1360 644 1432 operibus
673 1355 1053 1413 misericordia:
1068 1364 1126 1411 et
1142 1353 1395 1423 pietatis‘.
1414 1349 1607 1408 Omnia
1628 1346 1894 1409 delentur,

294 1470 435 1511 cum
467 1469 531 1509 ex
560 1466 688 1507 vero
704 1449 873 1507 corde
899 1456 958 1504 et
1004 1448 1160 1518 plena
1194 1445 1390 1501 .tiducia
1410 1442 1637 1498 dicimus
1686 1438 1762 1493 illi
1809 1437 1898 1507 qui

294 1546 733 1606 viden-Dimitte
781 1543 943 1607 nobis,
967 1542 1097 1597 sicut
1140 1551 1185 1595 et
1222 1555 1319 1593 nos
1355 1537 1653 1592 dimittimus
1681 1531 1895 1606 (Matth.

299 1657 386 1705 va,
414 1639 532 1711 di).
560 1639 655 1692 hic
682 1646 794 1691 toto
812 1634 1001 1701 corde,
1022 1633 1116 1687 die
1138 1639 1253 1685 tota
1276 1627 1499 1693 tiducia,
1532 1626 1619 1680 die
1640 1638 1889 1688 securus,

300 1733 533 1790 Dimitte
568 1730 731 1795 nobis,
755 1730 883 1782 sicut
904 1736 949 1779 et
987 1741 1080 1781 nos
1124 1722 1420 1776 dimittimus
1432 1736 1451 1785 ;
1478 1727 1569 1772 aut
1588 1714 1699 1770 noli
1719 1713 1901 1769 dimit-

302 1833 451 1890 tere,
488 1824 532 1877 si
556 1835 663 1876 non
708 1817 1046 1874 dimittimus.
1066 1814 1228 1883 Quod
1250 1813 1349 1868 etsi
1389 1824 1493 1866 non
1535 1809 1753 1872 dixeris,
1774 1805 1902 1861 vNoli

304 1916 607 1979 dimittere,
634 1913 679 1968 si
710 1928 818 1967 non
842 1910 1199 1973 dimittimus;
1231 1920 1450 1977 prorsus
1494 1918 1602 1958 non
1656 1898 1899 1967 dimittit,

298 2010 491 2065 sinon
534 2005 872 2061 dimittimus.
894 2001 1083 2071 Neque
1109 2000 1253 2055 enim
1301 2007 1360 2052 ut
1403 2006 1457 2053 tu
1499 1996 1574 2051 sis
1611 1992 1903 2063 impunitus

298 2109 589 2173 peccator,
612 2098 713 2153 erit
737 2096 824 2150 ille
841 2095 1068 2150 mendax
1100 2092 1415 2163 promissor.
1434 2089 1568 2155 'Vis,
1600 2087 1798 2157 inquit,
1846 2094 1905 2139 ut

304 2190 622 2249 dimittam?
656 2188 891 2243 Dimitte.
942 2186 1039 2240 Est
1089 2184 1231 2239 aliud
1290 2198 1425 2253 opus
1469 2179 1897 2237 misericordia):

307 2283 415 2341 Vis
438 2292 496 2337 ut
537 2280 658 2337 dem
679 2280 820 2335 ?i)a.
854 2278 973 2337 Uno
999 2278 1115 2331 loco
1144 2276 1371 2346 positum
1394 2282 1475 2329 est
1502 2274 1557 2328 in
1577 2272 1867 2341 Evangetio
1886 2312 1901 2338 ,

307 2375 595 2438 Dimittite,
618 2382 663 2427 et
678 2371 958 2427 dimittetur
975 2368 1143 2431 vobis;
1162 2368 1300 2431 date,
1318 2376 1365 2419 et
1378 2363 1580 2418 dabitur
1592 2364 1728 2417 vobis
1753 2360 1901 2434 (Luc.

312 2484 400 2531 vr.
426 2468 518 2533 57,
540 2466 665 2537 ὃὸ).
697 2461 1148 2541 Aliquid,inquit,
1171 2468 1356 2515 contra
1388 2467 1439 2513 te
1486 2466 1661 2520 teneo,
1702 2452 1906 2523 aliquid

312 2568 456 2616 ettu
481 2566 667 2613 contra
714 2556 938 2610 alterum
986 2562 1155 2617 tenes;
1182 2552 1413 2615 dimitte,
1442 2558 1497 2605 et
1543 2549 1773 2603 dimitto.
1793 2546 1907 2601 Ali-

302 2650 454 2721 quid
476 2650 615 2719 petis
651 2663 810 2709 ame.
840 2646 1040 2717 aliquid
1064 2646 1194 2715 petit
1232 2644 1373 2699 alter
1414 2658 1446 2696 a
1480 2650 1564 2707 te;
1599 2641 1688 2704 da.
1716 2651 1772 2695 et
1814 2639 1904 2694 do.

304 2740 397 2799 Et
423 2758 541 2811 qua?
570 2740 829 2803 dimittit?
865 2755 985 2810 qua:
1005 2736 1346 2793 datiiNonne
1371 2733 1646 2790 obaritas?
1674 2732 1742 2786 Et
1767 2729 1909 2795 unde

310 2836 558 2893 olnaritas
598 2834 697 2889 nisi
751 2848 845 2904 per
894 2832 1152 2903 Spiritum
1190 2839 1441 2885 .sanctum
1486 2827 1575 2897 qui
1622 2825 1778 2880 datus
1826 2832 1911 2881 est

308 2929 483 2985 nobis
511 2928 702 2999 .(Rom.
729 2943 785 2993 v,
806 2926 872 2995 ὃ)
894 2926 921 2980 .?
954 2926 1021 2982 Si
1073 2940 1198 2995 ergo
1250 2938 1350 2993 per
1393 2936 1554 2992 opera
1596 2920 1909 2975 misericor-

302 3022 433 3079 dia:
462 3032 644 3078 noster
668 3022 908 3077 vincitur
933 3019 1208 3084 inimicus,
1238 3028 1291 3073 et
1331 3031 1489 3087 opera
1530 3012 1910 3070 misericordia:

324 3113 532 3171 habere
562 3129 665 3169 non
698 3127 1020 3183 possemus,
1044 3112 1151 3167 nisi
1192 3109 1505 3167 cbaritatem
1546 3106 1909 3169 haberemus;

308 3207 761 3261 .cbaritasautem
811 3205 965 3259 nobis
1000 3203 1149 3261 nulla
1172 3210 1355 3266 esset,
1383 3200 1483 3253 nisi
1534 3213 1628 3268 per
1654 3196 1911 3266 Spiritum

322 3297 1022 3367 sanctumaccipercmus‘:
1051 3295 1141 3350 ille
1181 3295 1338 3349 docet
1366 3307 1551 3346 manus
1605 3300 1813 3345 nostras
1854 3288 1912 3344 in

308 3390 572 3460 .prailium
593 3429 609 3454 ,
637 3399 692 3443 et
710 3389 903 3458 digitos
924 3396 1139 3443 nostros
1164 3385 1481 3445 adhellum;
1506 3384 1580 3437 illi
1610 3392 1754 3438 recte
1783 3381 1916 3437 dici-

310 3494 478 3543 .mus,
534 3479 885 3534 Misericordia
926 3493 1063 3543 mea,
1106 3492 1142 3530 a
1188 3492 1297 3546 quo
1342 3475 1605 3530 habemus
1652 3472 1812 3527 etiam
1846 3478 1918 3525 ut

316 3571 708 3628 misericordes
750 3570 937 3623 simus.
964 3568 1230 3622 Iudicium
1244 3567 1385 3621 enim
1423 3567 1533 3620 sine
1570 3560 1917 3618 misericordia

334 3664 443 3729 illi,
471 3665 555 3735 qui
581 3679 680 3717 non
706 3661 818 3731 fecit
835 3659 1249 3715 misericordiam.

409 3756 463 3811 8.
494 3756 669 3810 Parva
702 3755 897 3823 putatis
922 3767 1085 3823 opera
1127 3749 1508 3807 misericordim
1528 3747 1725 3803 ?Libet
1756 3754 1821 3800 et
1849 3744 1918 3800 de

326 3848 426 3904 his
444 3846 643 3917 aliquid
670 3846 869 3901 dicere.
903 3843 1174 3903 Attendite
1202 3844 1371 3913 primo
1394 3842 1555 3896 istam
1596 3838 1917 3895 sententiam

336 3941 409 3998 de
435 3951 616 3997 sancta
638 3939 918 4008 Scriptura
940 3939 1309 4009 depromptum
1327 3978 1342 4003 ,
1388 3950 1544 4005 quam
1568 3933 1735 3987 modo
1762 3947 1919 3987 com-

336 4036 631 4092 memoravi
653 4053 666 4088 :
689 4033 721 4087 J
727 4034 949 4088 udicium
971 4035 1102 4087 enim
1122 4031 1231 4085 sine
1250 4028 1593 4085 misericordia
1620 4028 1700 4081 illi
1715 4027 1800 4096 qui
1816 4041 1921 4079 non

339 4129 459 4202 fecit
478 4128 893 4183 misericordiam.
922 4127 1063 4182 'Sine
1090 4122 1450 4180 misericordia
1474 4121 1800 4191 judicabitur
1828 4120 1919 4189 qui

336 4219 761 4275 miscricordiam
800 4234 904 4273 non
932 4218 1054 4273 fecit
1102 4225 1383 4285 antequam
1407 4213 1754 4283 judicaretur.
1782 4210 1918 4279 Quid

337 4311 571 4368 deinde?
600 4312 723 4381 quid
755 4310 1029 4381 sequitur?
1055 4309 1409 4381 Superexaltat
1428 4316 1599 4360 autem
1635 4304 1922 4360 misericor-

338 4406 431 4461 dia
457 4405 680 4476 judicio‘
708 4404 907 4479 (Jacobi
947 4421 1006 4468 ιι,
1046 4404 1168 4473 +5).
1198 4400 1333 4471 Quid
1382 4410 1463 4454 est
1494 4400 1601 4454 hoc
1622 4441 1636 4466 ,
1692 4396 1884 4452 fratres
1904 4440 1919 4466 ,

332 4498 707 4569 'Superexaltat
730 4497 1075 4552 misericordia
1085 4496 1286 4567 judicio
1308 4495 1332 4548 ἵ
1354 4494 1741 4566 Superponitur
1762 4494 1923 4547 misc-

338 4593 574 4650 ricordia
597 4591 800 4663 judicio
828 4610 841 4645 :
873 4592 923 4644 in
948 4606 1054 4661 quo
1081 4591 1349 4644 inventum
1374 4588 1533 4643 fuerit
1551 4604 1683 4658 Opus
1707 4587 1925 4641 miseri-

343 4685 566 4750 cordiae,
615 4685 714 4739 etsi
754 4683 1008 4738 habuerit
1051 4682 1245 4753 aliquid
1284 4680 1421 4735 forte
1472 4681 1523 4735 in
1565 4680 1765 4749 judicio
1816 4694 1924 4749 quo

344 4778 621 4849 puniatur,
647 4785 897 4845 tanquam
934 4774 1073 4830 unda
1117 4772 1495 4829 misericordiae
1541 4772 1740 4842 peccati
1790 4772 1927 4841 ignis

343 4871 721 4942 exsuinguitur.
755 4868 1112 4939 Superexaltat
1161 4868 1303 4923 enim
1350 4865 1691 4920 misericordia
1718 4863 1931 4933 judicio.

341 4961 484 5032 Quid
513 4962 724 5018 autem?
762 4971 817 5017 et
860 4976 982 5018 cum
1032 4960 1225 5015 talibus
1247 4957 1521 5019 subvenit,
1545 4966 1599 5012 et
1637 4972 1756 5011 cum
1799 4957 1931 5010 tales

330 5055 572 5119 ‘Iiberat,
601 5064 798 5109 etcum
834 5054 1024 5108 talibus
1066 5051 1326 5122 ignoscit,
1352 5049 1579 5119 injustas
1615 5057 1697 5102 est
1747 5046 1930 5101 Deus?

350 5147 525 5204 Absit.
565 5147 633 5203 Et
659 5147 729 5201 ibi
776 5147 952 5218 justus
986 5153 1108 5200 est:
1137 5157 1241 5197 non
1291 5142 1338 5195 ei
1386 5140 1522 5194 tollit
1563 5136 1927 5193 misericordia

347 5240 608 5312 justitiam
631 5282 644 5301 .
680 5254 781 5294 nec
814 5238 1013 5307 justitia
1061 5232 1499 5290 misericordiam.
1532 5230 1671 5285 :Vide
1699 5230 1841 5284 enim
1886 5228 1929 5283 si

351 5348 463 5392 non
489 5335 664 5403 justus
681 5343 794 5387 est:
828 5331 1040 5386 Dimitte
1064 5372 1078 5397 ,
1109 5338 1163 5383 et
1209 5328 1418 5382 dimitto
1440 5344 1453 5392 ;
1472 5326 1535 5381 da
1558 5369 1572 5392 ,
1600 5334 1651 5379 et
1679 5324 1769 5379 do.
1798 5321 1934 5377 Vide

349 5427 401 5485 si
426 5441 533 5481 non
556 5426 735 5497 justus
751 5434 863 5481 est:
894 5422 961 5478 In
984 5438 1083 5493 qua
1102 5436 1336 5475 mensura
1382 5419 1541 5472 mensi
1561 5418 1773 5488 fueritis,
1801 5416 1853 5469 in
1873 5432 1934 5469 ea

418 5630 441 5694 ξ
464 5626 653 5694 Aliquot
686 5633 817 5687 Mss,
850 5626 1135 5675 exerceatur
1152 5620 1207 5671 in
1233 5617 1453 5684 operibus
1484 5613 1818 5666 misericordia
1840 5613 1936 5678 pie-

737 5743 1578 5825 .sririiuesmmmsceiveterw;
1620 5802 1631 5814 .
1669 5801 1763 5825 λ..

414 5818 440 5850 ³
453 5814 569 5866 ΕΜ.
869 5810 1083 5862 sedatae.
1102 5805 1380 5859 constanter
1400 5805 1811 5867 babeutJudicio.

1993 690 2137 759 apud
2179 699 2233 749 te
2260 707 2515 759 mensura
2558 697 2725 753 venia:
2771 696 2995 762 dandae;
3022 701 3261 765 invenies
3312 709 3451 775 apud
3501 726 3586 771 me

1994 796 2307 848 mensuram
2342 787 2515 849 venia:
2541 787 2897 865 accipiendae:
2922 799 3011 845 .est
3037 793 3176 862 apud
3231 804 3281 851 te
3336 815 3586 861 mensura

1997 874 2268 939 tribuendi
2308 879 2453 947 quod
2478 878 2944 949 babesmtvcnies
2970 885 3111 954 apud
3148 902 3245 953 me
3280 904 3587 949 mensuram

1997 966 2294 1039 accipiendi
2312 970 2456 1039 quod
2487 986 2589 1030 non
2615 972 2801 1031 habes.

2074 1063 2129 1118 9.
2162 1062 2517 1121 Misericordia
2550 1082 2664 1123 mea
2700 1076 2745 1122 ct
2785 1069 3040 1140 reiugium
3074 1088 3243 1131 meum
3265 1116 3279 1139 ,
3328 1088 3589 1149 susceptor

2000 1170 2146 1211 meus
2173 1165 2219 1211 et
2249 1166 2421 1213 erutor
2447 1176 2606 1214 meus.
2638 1159 2860 1216 Multum
2910 1162 3116 1220 laborat
3144 1169 3415 1237 prmliater
3458 1173 3548 1229 hic
3568 1216 3584 1241 ,

1992 1255 2195 1305 tenens
2245 1253 2712 1319 concupiscentem
2758 1255 3017 1312 adversus
3062 1261 3305 1329 spiritum
3352 1281 3586 1325 carnem.

2004 1341 2151 1398 Tene
2176 1343 2321 1414 quod
2348 1354 2514 1401 tenes.
2541 1346 2692 1402 Tunc
2720 1350 2822 1402 erit
2848 1350 3000 1417 pit-ne
3028 1354 3166 1423 quod
3196 1358 3275 1411 vis
3295 1399 3309 1423 ,
3336 1374 3455 1414 cum
3494 1363 3591 1417 ab-

2000 1443 2184 1503 sorpta
2210 1434 2369 1491 fuerit
2423 1452 2569 1493 mors
2613 1438 2664 1492 in
2693 1440 3003 1509 victoriam;
3049 1448 3264 1514 quando
3306 1453 3592 1507 resuscita-

2005 1533 2116 1583 tum
2154 1528 2378 1583 mortale
2402 1528 2507 1585 hoc
2542 1546 2740 1601 corpus
2785 1534 3107 1592 transfertur
3151 1539 3203 1595 in
3228 1542 3591 1602 habitudinem

2006 1622 2334 1691 angelicam,
2400 1626 2550 1679 etin
2600 1628 2879 1684 caelestem
2952 1631 3201 1688 subvolat
3262 1638 3589 1706 qualitatem.

2013 1714 2252 1779 «Mortui.
2268 1718 2484 1789 iinquit,
2509 1738 2529 1771 ς
2556 1720 2607 1774 in
2632 1720 2870 1790 Christo,
2888 1737 3167 1795 resurgant
3186 1729 3339 1797 primi
3363 1750 3373 1784 :
3398 1732 3590 1791 deinde

2007 1815 2062 1861 et
2089 1823 2185 1861 nos
2215 1807 2456 1865 viventes
2481 1812 2570 1881 qui
2620 1813 2808 1884 reliqui
2837 1829 3056 1881 sumus,
3114 1818 3167 1873 in
3208 1820 3439 1878 adventu
3486 1826 3593 1881 De-

2008 1900 2139 1955 mini
2182 1902 2341 1956 simul
2393 1904 2661 1972 rapiemur
2682 1921 2801 1960 cum
2868 1908 2971 1962 illis
3017 1910 3068 1964 in
3115 1912 3343 1969 nubibus
3386 1918 3593 1974 obviam

2008 1992 2223 2048 Christo
2285 1994 2338 2048 in
2380 2010 2539 2060 aera;
2584 2007 2635 2051 et
2682 1998 2761 2054 sic
2804 2014 3019 2071 semper
3071 2017 3191 2058 cum
3225 2006 3447 2062 Domino
3488 2014 3593 2067 eri-

2009 2100 2131 2139 mus
2167 2104 2185 2137 ι
2242 2085 2297 2157 (ιι
2324 2085 2497 2141 Thess.
2529 2103 2605 2151 tv,
2646 2090 2733 2153 I5,
2781 2091 2893 2161 16).
2928 2092 3000 2147 Ibi
3047 2095 3417 2154 absorbebitur
3452 2118 3599 2159 mors

2010 2178 2063 2232 iu
2095 2178 2371 2232 victoriam
2403 2197 2417 2232 :
2450 2179 2519 2234 ibi
2548 2180 2757 2236 dicetur
2800 2225 2814 2249 ,
2842 2181 2943 2237 Ubi
2984 2194 3055 2239 est
3079 2227 3093 2251 ,
3137 2203 3272 2242 mors
3294 2230 3310 2256 ,
3340 2195 3591 2248 contentio

2011 2270 2141 2324 tua?
2187 2270 2271 2325 ubi
2292 2281 2397 2335 est,
2431 2289 2597 2339 mors,
2628 2274 2830 2329 aculeus
2856 2284 2975 2329 tuus
3003 2275 3060 2349 (Ι
3087 2275 3205 2333 Cor.
3231 2296 3298 2334 xv
3316 2325 3330 2348 ,
3365 2284 3453 2348 64,
3473 2286 3600 2359 55.)?

2012 2363 2129 2419 Non
2160 2366 2303 2419 enim
2333 2364 2689 2434 relinquetur,
2714 2381 2814 2422 nec
2840 2367 2892 2421 in
2918 2369 3098 2425 animo
3117 2413 3130 2437 ,
3156 2386 3253 2427 nec
3280 2374 3329 2427 iu
3353 2390 3597 2445 corpore,

2012 2456 2155 2527 quod
2199 2457 2424 2512 rebellet
2462 2457 2720 2513 adversus
2764 2473 3003 2515 amorem
3042 2462 3157 2517 Dei.
3192 2464 3351 2521 Plena
3379 2468 3601 2524 victoria

2014 2550 2170 2619 plena
2199 2565 2321 2619 pax.
2358 2549 2441 2603 De
2460 2548 2567 2603 bac
2587 2551 2743 2605 nobis
2767 2552 3131 2620 prmliantibus
3153 2554 3347 2611 dicitur
3386 2577 3398 2611 :
3443 2557 3597 2613 Veni-

2015 2650 2063 2693 te
2087 2682 2100 2707 ,
2126 2641 2220 2709 ﬁlii
2241 2683 2253 2706 ,
2302 2640 2473 2695 audite
2506 2657 2625 2706 me;
2655 2642 2884 2695 timorem
2927 2642 3137 2698 Domini
3164 2646 3350 2701 docebo
3395 2664 3501 2703 vos.
3545 2648 3601 2705 In

2017 2734 2203 2805 proelio
2256 2735 2423 2801 estis,
2470 2735 2523 2788 in
2580 2737 2923 2793 contentione
2974 2738 3255 2809 conﬂigitis
3284 2756 3299 2803 ;
3332 2752 3385 2797 et
3427 2752 3603 2800 tamen

2017 2827 2299 2897 quamdam
2328 2829 2567 2895 requiem
2599 2828 2933 2885 desideratis.
2970 2831 3092 2897 Quis
3121 2843 3194 2887 est
3220 2834 3368 2889 homo
3389 2839 3475 2907 qui
3499 2838 3606 2894 vult

2016 2922 2200 2985 vitam,
2231 2931 2276 2976 ct
2311 2920 2477 2993 diligit
2508 2922 2674 2977 videre
2712 2924 2819 2978 dies
2850 2926 3051 2980 bonos?
3076 2926 3209 2995 Quis
3237 2939 3320 2984 est
3366 2931 3452 3001 qui
3496 2947 3601 2987 non

2019 3013 2163 3067 dicat
2195 3030 2206 3065 :
2244 3012 2495 3082 Egpoi
2524 3015 2628 3068 vita
2653 3057 2668 3081 ,
2703 3015 2770 3069 ibi
2792 3015 2909 3069 dies
2932 3016 3054 3071 boni
3081 3060 3095 3083 ,
3127 3019 3211 3073 ubi
3247 3020 3262 3051 ί
3300 3022 3430 3075 nihil
3469 3022 3603 3078 con-

2020 3106 2248 3177 cupiscit
2275 3108 2533 3162 adversus
2554 3109 2797 3178 Spiritum
2831 3126 2843 3161 :
2875 3109 2962 3163 ubi
2991 3126 3095 3163 non
3128 3112 3355 3177 dicitur,
3388 3113 3599 3184 l’ugna;

2020 3202 2114 3256 sed
2143 3201 2346 3257 Gaude.
2386 3199 2490 3256 Sed
2522 3203 2641 3271 quis
2670 3210 2751 3256 est
2778 3202 2868 3271 qui
2902 3202 2999 3256 hos
3025 3203 3140 3258 dies
3178 3205 3306 3260 velit
3332 3208 3352 3237 ²
3374 3206 3396 3258 ?
3421 3206 3606 3262 Omnis

2018 3295 2184 3349 homo
2208 3304 2355 3350 certe
2384 3294 2513 3349 dicit
2545 3293 2724 3365 :Ego.
2771 3294 2908 3349 Audi
2954 3295 3078 3364 quid
3129 3296 3388 3366 sequitur.
3440 3297 3607 3353 Video

2023 3392 2148 3460 quia
2177 3390 2387 3443 laboras
2409 3432 2422 3453 ,
2448 3388 2603 3444 video
2631 3390 2749 3458 quia
2778 3391 2828 3442 in
2855 3404 3027 3459 pugna
3050 3433 3063 3454 ,
3092 3388 3142 3443 in
3167 3392 3404 3461 periculo
3431 3391 3610 3447 diver-

2025 3485 2195 3538 saris:
2227 3482 2347 3536 audi
2380 3480 2503 3547 quid
2534 3481 2809 3551 sequitur;
2841 3481 3000 3537 docet
3027 3498 3216 3537 manus
3247 3482 3297 3537 in
3332 3483 3570 3553 prmlium
3591 3529 3606 3551 ,

2026 3578 2220 3649 digitos
2251 3577 2303 3631 in
2334 3576 2551 3630 bellum.
2582 3574 2792 3629 Contine
2809 3576 3036 3647 linguam
3057 3586 3195 3629 tuam
3219 3594 3248 3628 (ι
3269 3578 3403 3632 malo
3429 3620 3442 3643 ,
3470 3590 3513 3632 et
3532 3580 3609 3632 la-

2026 3670 2108 3724 bia
2132 3680 2217 3723 tua
2247 3686 2309 3722 ne
2330 3670 2599 3737 loquantur
2624 3668 2792 3720 dolum
2816 3683 2833 3730 ;
2864 3667 3063 3721 declina
3093 3685 3123 3720 a
3164 3669 3319 3729 male,
3345 3679 3389 3721 ct
3411 3671 3492 3739 fac
3519 3669 3610 3724 bo-

2027 3780 2166 3817 num.
2198 3762 2475 3829 Quomodo
2502 3760 2642 3814 enim
2671 3760 2870 3829 poteris
2902 3758 3076 3814 facere
3109 3759 3302 3813 bonum
3323 3801 3338 3825 ,
3373 3760 3473 3813 nisi
3517 3759 3613 3815 de-

2027 3855 2315 3909 clinaveris
2344 3870 2373 3907 a
2422 3852 2598 3906 male?
2627 3851 2762 3915 Quid
2816 3866 3000 3920 qurere
3044 3860 3101 3903 ut
3127 3850 3355 3915 vestias,
3401 3851 3614 3920 quando

2028 3946 2204 4001 adhuc
2261 3943 2569 4013 exspolias?
2620 3941 2746 4012 quid
2791 3956 2972 4011 qua-ro
3021 3950 3079 3995 ut
3126 3941 3294 3996 dones
3324 3983 3338 4009 ,
3401 3944 3614 4013 quando

2031 4037 2204 4093 adhuc
2234 4034 2419 4104 rapis?
2446 4033 2659 4087 Declina
2681 4051 2712 4085 tt
2733 4033 2895 4094 malo,
2930 4042 2976 4086 et
3000 4034 3081 4104 [ac
3123 4033 3325 4086 bonum.
3356 4031 3471 4088 Non
3514 4035 3614 4089 sub

2030 4141 2084 4188 te
2114 4132 2286 4200 ploret
2311 4130 2480 4199 primo
2506 4143 2706 4198 pauper
2725 4170 2738 4191 ,
2765 4134 2825 4180 ut
2844 4126 3068 4195 gaudeat
3094 4126 3161 4181 de
3184 4138 3233 4181 te
3260 4142 3480 4197 pauper.
3510 4126 3615 4181 De-

2032 4223 2169 4277 clina
2190 4239 2222 4275 a
2248 4222 2402 4288 male,
2434 4229 2480 4274 et
2500 4220 2582 4288 [ac
2609 4217 2813 4272 bonum.
2841 4218 2954 4283 Qua
2985 4215 3265 4272 mercede“?
3294 4217 3423 4271 Nam
3460 4218 3617 4274 modo

2035 4328 2258 4385 pugnas.
2293 4311 2474 4379 Quaere
2503 4326 2708 4381 pacem,
2755 4317 2800 4362 et
2826 4324 3031 4379 sequere
3059 4324 3167 4361 eam
3204 4306 3375 4377 (Psal.
3417 4324 3616 4374 xxxtu,

2038 4408 2266 4479 12-15).
2316 4406 2499 4471 Disce,
2549 4404 2666 4467 dic,
2720 4401 3073 4456 Misericordia
3121 4418 3232 4455 mea
3270 4411 3316 4455 et
3370 4401 3620 4473 refugium

2037 4518 2203 4557 meum
2220 4544 2233 4567 ,
2265 4507 2521 4568 susceptor
2546 4513 2685 4550 meus
2708 4503 2754 4548 et
2790 4503 2958 4548 crutor
2980 4510 3146 4561 ηιεαδ,
3187 4502 3435 4562 protector
3461 4510 3619 4545 meus.

2041 4594 2321 4663 Susceptor
2345 4635 2356 4651 .
2388 4608 2455 4645 ne
2482 4590 2702 4652 cadam;
2733 4598 2932 4653 erutor,
2964 4602 3030 4641 ne
3056 4587 3319 4647 lucremur;
3351 4595 3620 4654 protector,

2040 4704 2107 4742 ne
2135 4687 2311 4741 feriar.
2341 4682 2605 4736 Protcclor
2625 4698 2782 4747 meus,
2800 4692 2844 4733 et
2861 4681 2911 4733 in
2936 4680 3045 4748 ipso
3071 4678 3285 4746 speravi.
3323 4675 3377 4729 In
3400 4676 3479 4729 his
3501 4693 3622 4730 om-

2042 4781 2232 4844 nibus,
2266 4777 2319 4831 in
2352 4784 2462 4829 toto
2492 4774 2674 4829 labore
2699 4788 2817 4825 meo
2853 4814 2866 4835 ,
2892 4771 2942 4824 in
2971 4768 3217 4823 omnibus
3242 4767 3434 4836 prteliis
3464 4767 3619 4831 meis,

2044 4878 2097 4932 in
2131 4870 2379 4928 omnibus
2408 4867 2807 4922 dillicultatibus
2835 4862 2967 4917 meis
3008 4861 3060 4914 in
3093 4861 3207 4928 ipso
3252 4858 3480 4928 Speravi.
3525 4857 3625 4924 Qui

2043 4963 2258 5023 subdit’
2286 4961 2527 5033 populant
2565 4973 2729 5010 meum
2758 4953 2847 5009 sub
2881 4968 2978 5006 me.
3010 4951 3146 5006 Ecce
3185 4959 3344 5019 caput
3385 4957 3624 5003 nostrum

2044 5060 2280 5131 loquitur
2309 5055 2603 5110 nobiscum.

2117 5155 2205 5210 10.
2236 5149 2386 5225 [vers.
2414 5145 2491 5218 5.]
2520 5145 2749 5206 Domine,
2777 5139 2899 5213 quid
2922 5148 2992 5193 est
3022 5139 3201 5202 homo,
3223 5137 3461 5208 quoniam
3484 5136 3629 5191 inno-

2048 5247 2187 5303 tuisti
2213 5248 2256 5299 ei
2274 5246 2298 5298 ?
2327 5243 2517 5296 Totum
2540 5234 2679 5307 quod
2703 5243 2784 5290 est
2806 5276 2820 5300 ,
2850 5231 2950 5286 hoc
2982 5241 3062 5285 est
3096 5230 3334 5299 quoniam
3371 5228 3630 5282 innotuisti

2048 5343 2112 5395 ei.
2164 5335 2299 5406 Quid
2328 5342 2399 5389 est
2446 5333 2628 5394 homo,
2680 5326 2915 5398 quoniam
2947 5321 3212 5375 innotuisti
3236 5322 3279 5375 ei
3295 5323 3320 5375 ?
3366 5331 3453 5375 aut
3494 5322 3632 5390 ﬁlias

2049 5434 2265 5490 hominis
2284 5474 2299 5498 ,
2328 5428 2563 5501 quoniam
2594 5424 2811 5477 restituas
2839 5419 2991 5474 eum?
3018 5417 3273 5474 [Estimas
3302 5432 3419 5470 eum
3444 5456 3458 5480 ,
3504 5413 3631 5467 tanti

2050 5530 2211 5596 facis,
2254 5526 2380 5583 tanti
2431 5521 2619 5596 pendis
2654 5538 2665 5573 :
2692 5516 2907 5572 ordinas
2933 5557 2946 5581 ,
2979 5514 3119 5568 nosti
3171 5512 3269 5566 sub
3298 5526 3403 5581 quo
3433 5520 3595 5579 ponas
3617 5546 3631 5573 ,

2113 5674 2131 5704 ι
2156 5664 2290 5724 Fdd.,
2313 5660 2395 5714 ubi
2414 5653 2690 5724 curaui/tit,
2712 5651 2999 5724 etclabest,
3014 5658 3148 5705 caro,
3169 5657 3198 5693 a
3221 5651 3325 5693 MSS.

2114 5736 2135 5767 s
2156 5713 2238 5779 sic
2257 5713 2358 5776 uss.
2382 5733 2435 5773 At.
2457 5721 2589 5777 add,
2614 5713 2861 5779 ηοηλυειίζ.
3056 5768 3068 5779 .
3104 5768 3133 5779 ..

2120 5797 2141 5829 ι
2160 5768 2356 5855 Χῦᾠῖόί
2376 5768 2513 5848 nisi;
2530 5768 2763 5836 subdidit.
2791 5776 2977 5835 Nares,
2992 5768 3173 5824 subdit.
