4084 6466
623 412 766 475 1865

621 544 784 600 supra
809 524 935 599 quid
965 536 1152 595 ponas.
1180 518 1487 579 Estimatio
1516 517 1659 573 enim
1684 523 1800 580 est,
1840 512 2023 584 quanti
2045 509 2197 582 pretii

623 622 697 678 sit
715 612 1162 691 quidque.Quanti
1180 610 1461 667 aestimavit
1477 608 1770 668 hominem.
1789 604 1877 675 qui
1891 619 1988 673 pro
2005 617 2070 658 eo
2084 601 2204 657 lini-

623 716 673 771 ci
689 715 998 783 sanguinem
1016 706 1185 763 fudit?
1208 705 1342 774 Quid
1379 711 1451 757 est
1465 702 1647 766 homo,
1683 699 1922 770 quoniam
1947 695 2205 751 innotuisti

632 806 719 862 ei?
765 803 896 870 Cui,
944 801 1064 870 quis
1111 796 1460 854 innotuisti?‘
1488 794 1624 864 Quid
1672 802 1755 849 est
1783 793 1919 863 ﬁlius
1963 790 2200 855 hominis,

622 895 861 966 quoniam
897 893 1117 947 testimas
1145 890 1298 944 eum?
1324 887 1582 957 Quoniam
1614 884 1743 940 tanti
1792 898 1914 939 eum
1971 881 2157 952 pendis
2182 923 2197 947 ,

620 987 753 1042 tanti
776 999 895 1041 enm
917 983 1149 1037 aestimas
1168 1023 1183 1048 ,
1211 980 1500 1050 pretiosum
1523 975 1775 1047 quiddam
1796 987 1916 1031 esse
1936 972 2197 1028 ostendis.

621 1075 737 1132 Non
759 1076 902 1130 enim
924 1074 1063 1130 Deus
1086 1073 1165 1127 sic
1189 1071 1416 1127 aestimat
1442 1069 1734 1135 hominem,
1754 1064 2020 1137 quomodo
2040 1064 2200 1119 homo

624 1167 853 1222 aestimat
880 1159 1412 1232 hominem:quando
1440 1160 1640 1215 invenit
1676 1173 1884 1213 servum
1916 1156 2154 1212 venalem
2180 1196 2197 1223 ,

618 1257 795 1312 carius
807 1256 936 1311 emit
953 1270 1169 1325 equum,
1192 1268 1348 1324 quam
1368 1252 1657 1306 hominem.
1677 1250 1767 1305 Ille
1787 1249 1967 1320 quanti
1984 1256 2035 1303 te
2055 1248 2198 1303 lBSIl-

619 1358 731 1404 met
753 1347 892 1414 vide,
922 1357 980 1401 ut
1007 1346 1175 1416 possis
1193 1344 1370 1399 dicere
1392 1362 1406 1397 :
1428 1344 1487 1398 Si
1507 1341 1642 1396 Deus
1665 1357 1756 1411 pro
1773 1340 1934 1406 nobis,
1953 1339 2065 1409 quis
2081 1356 2200 1393 con-

622 1448 699 1494 tra
729 1437 860 1492 nos?
890 1438 951 1491 Et
974 1437 1155 1506 quanti
1182 1443 1234 1489 te
1262 1434 1577 1497 aestimavit,
1599 1433 1684 1501 qui
1710 1430 1846 1485 Filio
1868 1431 2073 1501 proprio
2096 1445 2197 1483 non

626 1530 883 1602 pepercit,
936 1528 1021 1581 sed
1052 1544 1143 1597 pro
1189 1525 1332 1580 nobis
1371 1526 1600 1579 omnibus
1643 1523 1849 1576 tradidit
1877 1521 2033 1575 eum?
2060 1520 2199 1587 Quo-

622 1621 773 1675 modo
800 1635 900 1673 non
923 1628 968 1672 et
997 1634 1110 1672 cum
1135 1617 1225 1671 illo
1245 1617 1415 1671 omnia
1441 1616 1582 1669 nobis
1627 1613 1830 1667 donavit
1861 1612 2035 1685 (Rom.
2063 1627 2155 1665 vm
2177 1652 2193 1678 ,

618 1713 708 1779 3i,
735 1711 863 1779 52)?
882 1710 980 1778 Qui
1000 1709 1137 1765 hanc
1151 1724 1414 1764 annonam
1440 1707 1587 1763 dedit
1621 1705 1901 1777 pugnanti,
1928 1704 2054 1774 quid
2084 1718 2195 1759 ser-

618 1815 710 1859 vat
755 1803 1030 1859 vincenti?
1079 1800 1193 1873 Ego
1222 1818 1337 1856 sum
1360 1843 1375 1868 ,
1423 1800 1629 1870 inquit,
1654 1800 1801 1869 panis
1827 1800 1986 1864 vivus,
2024 1796 2111 1866 qui
2134 1796 2197 1850 de

617 1895 742 1951 caelo
781 1894 1011 1948 descendi
1039 1891 1214 1961 (Joan.
1249 1908 1318 1958 vr,
1364 1893 1479 1962 41).
1514 1892 1636 1946 11ωο
1670 1899 1753 1946 est
1800 1904 2009 1945 annona
2057 1903 2196 1960 pra:-

618 1988 859 2044 liantinm
886 2028 901 2053 ,
954 1986 1020 2041 de
1057 1985 1263 2040 horreis
1306 1986 1513 2040 invecta
1543 1983 1863 2051 dominicis,
1908 1981 2046 2037 unde
2101 1996 2194 2051 pa-

618 2089 837 2136 scuntur
866 2078 1052 2146 Angeli
1084 2096 1096 2131 :
1129 2077 1250 2146 quia
1270 2117 1284 2142 ,
1311 2076 1502 2130 Panem
1533 2075 1839 2146 Angelorum
1875 2073 2194 2127 manducavit

617 2172 765 2226 homo
791 2174 809 2240 (
832 2169 975 2224 Psal.
1031 2184 1204 2223 Lxxvn
1231 2210 1246 2235 ,
1295 2167 1413 2235 25).
1442 2166 1570 2222 Post
1596 2166 1776 2236 praslia
1799 2181 1924 2221 vero
1968 2175 2023 2220 et
2057 2164 2194 2219 hanc

614 2277 882 2319 atinonam
929 2261 1055 2331 quid
1109 2260 1323 2316 servat?
1378 2260 1503 2331 quid
1544 2259 1691 2314 dabit
1741 2259 2061 2324 victoribus,
2092 2256 2192 2313 nisi

617 2358 758 2430 quod
787 2358 839 2412 in
865 2357 969 2411 alio
1000 2355 1205 2426 psalmo
1225 2354 1417 2409 dicitur
1449 2372 1461 2407 :
1500 2353 1666 2409 Unam
1711 2354 1828 2423 petii
1852 2370 1884 2406 a
1929 2352 2149 2406 Domino
2172 2392 2188 2419 ,

615 2450 745 2502 hanc
772 2448 1021 2518 requiram
1041 2487 1055 2510 ,
1084 2455 1140 2499 ut
1172 2446 1446 2500 inhabilem
1475 2445 1528 2498 in
1552 2444 1701 2498 domo
1733 2443 1938 2498 Domini
1965 2460 2053 2512 per
2082 2458 2190 2495 ont-

614 2559 701 2598 nes
728 2543 835 2596 dies
855 2541 965 2595 vita:
986 2555 1142 2603 mete;
1164 2548 1219 2592 ut
1238 2536 1543 2607 contempler
1562 2535 1938 2590 delectationem
1960 2533 2187 2602 Domini,

613 2645 660 2690 et
705 2645 938 2705 protegar
973 2632 1210 2703 templum
1245 2629 1546 2702 ejus(Psal.
1582 2645 1739 2695 xxvr,
1792 2627 1885 2700 4)?
1933 2627 2067 2691 Quid
2118 2635 2190 2682 est

614 2726 765 2780 homo
790 2767 805 2791 ,
836 2726 1074 2794 quoniam
1098 2723 1359 2777 innotuisti
1384 2722 1475 2776 ei?
1499 2729 1587 2776 aut
1614 2722 1751 2791 ﬁlius
1772 2719 1991 2775 hominis
2014 2760 2028 2786 ,
2057 2734 2186 2788 quo-

612 2818 749 2872 niam
774 2817 990 2871 testimas
1016 2816 1173 2869 eum?

683 2908 771 2962 11.
802 2905 951 2978 [vers.
979 2904 1058 2977 4.]
1088 2904 1256 2959 Homo
1276 2905 1485 2959 vanitati
1509 2904 1688 2959 similis
1708 2909 1873 2977 factus
1898 2911 2006 2970 est;
2032 2911 2086 2959 et
2113 2912 2189 2958 la-

611 3014 734 3055 men
764 2998 1036 3053 innotuisti
1062 2998 1132 3064 ei,
1156 3006 1211 3052 et
1235 2998 1467 3051 aestimas
1500 3012 1641 3051 eum.
1691 2994 1859 3050 Homo
1879 2996 2090 3050 vanitati
2112 2996 2186 3050 si-

611 3091 746 3145 milis
785 3093 948 3162 factus
989 3098 1080 3143 est.
1121 3087 1218 3143 Cui
1256 3088 1513 3142 vanitati?
1538 3087 1886 3158 Temporibus
1907 3087 2185 3158 prseterla-

612 3180 861 3236 bentibus
887 3187 940 3235 et
967 3178 1466 3250 przelerlluentibus.
1499 3179 1711 3234 Vanitas
1739 3180 1880 3235 enim
1925 3180 2024 3234 ista
2050 3179 2185 3234 diei-

619 3280 703 3326 tur
737 3271 789 3325 in
830 3272 1226 3340 comparatione
1270 3286 1482 3340 semper
1524 3270 1791 3324 manentis
1825 3279 1880 3325 et
1920 3285 2184 3340 nunquam

613 3362 909 3418 deﬁcientis
931 3363 1189 3419 veritatis.
1218 3361 1349 3417 Nam
1367 3370 1422 3417 et
1450 3363 1548 3418 ista
1574 3372 1814 3418 creatura
1842 3371 1924 3418 est
1950 3362 2050 3418 loci
2081 3362 2182 3418 sui.

611 3452 845 3524 Implevit
873 3454 1013 3508 enim
1035 3453 1174 3509 Deus
1198 3464 1412 3519 terram,
1453 3453 1589 3509 sicut
1615 3453 1868 3525 scriptum
1897 3462 1978 3509 est
1996 3495 2012 3521 ,
2044 3454 2184 3508 bonis

609 3546 715 3599 suis
745 3542 931 3616 (Eccli.
960 3560 1046 3599 xvt
1066 3585 1081 3611 ,
1107 3543 1219 3618 30).
1246 3544 1380 3612 Quid
1411 3553 1493 3600 est
1511 3585 1527 3611 ,
1556 3544 1705 3600 suis?
1732 3544 1844 3600 Sibi
1884 3559 2183 3615 congruen-

611 3638 770 3692 tibus.
795 3636 900 3693 Sed
923 3638 1035 3694 hrec
1055 3638 1234 3693 omnia
1263 3647 1490 3705 terrena,
1538 3637 1761 3692 volatica
1785 3677 1800 3702 ,
1846 3637 2144 3692 transitoria
2164 3678 2181 3706 ,

609 3729 657 3786 si
675 3738 1050 3800 comparentur
1076 3731 1154 3786 illi
1174 3730 1405 3799 veritati,
1434 3730 1523 3786 ubi
1543 3730 1742 3786 dictum
1769 3739 1851 3786 est
1871 3773 1886 3796 ,
1918 3729 2032 3802 Ego
2072 3747 2184 3786 sum

607 3823 693 3893 qui
717 3839 825 3878 sum
852 3821 1046 3894 (Exod.
1077 3838 1130 3878 ιιι
1151 3864 1166 3890 ,
1197 3823 1320 3895 Il);
1353 3831 1522 3878 totum
1549 3821 1652 3878 hoc
1672 3822 1813 3894 quod
1836 3824 2054 3890 transit,
2089 3838 2182 3880 va-

608 3915 745 3970 nitas
771 3914 984 3970 dicitur.
1010 3915 1290 3971 Evanescit
1335 3915 1480 3970 enim
1510 3930 1606 3985 per
1635 3924 1843 3986 tempus
1862 3956 1877 3982 ,
1931 3924 2183 3987 tanquam

610 4007 665 4063 in
687 4023 843 4063 auras
863 4007 1059 4064 fumus.
1085 4008 1150 4063 Et
1171 4008 1300 4080 quid
1323 4008 1492 4065 dicam
1515 4009 1765 4078 amplius,
1783 4024 1940 4080 quam
1965 4009 2017 4065 id
2042 4008 2184 4081 quod

609 4098 886 4166 apostolus
914 4098 1145 4154 Jacobns
1165 4098 1328 4166 dixit,
1348 4100 1531 4155 volens
1562 4098 1807 4155 homines
1835 4101 2092 4171 superbos
2116 4100 2184 4157 ad

608 4185 962 4243 humilitatem
1014 4188 1290 4261 redigere?
1335 4190 1461 4257 Qua:
1510 4201 1583 4245 est
1610 4193 1740 4245 enim
1772 4231 1788 4259 ,
1836 4193 2034 4262 inquit,
2083 4193 2187 4247 vita

610 4288 771 4332 vestra
796 4278 822 4332 ?
880 4277 1050 4349 Vapor
1094 4289 1165 4335 est
1216 4279 1284 4333 ad
1333 4282 1581 4336 modicum
1625 4300 1920 4355 apparens;
1952 4284 2184 4357 deinceps

612 4370 1024 4426 exterminabitur
1055 4372 1074 4443 (
1103 4371 1284 4427 Jacobi
1309 4390 1360 4429 ιν
1383 4416 1400 4442 ,
1434 4375 1544 4446 15).
1574 4376 1738 4446 Ergo,
1780 4376 1948 4432 Homo
1976 4380 2187 4433 vanitati

612 4460 791 4517 similis
817 4465 982 4532 {actus
1009 4472 1102 4517 est.
1150 4464 1425 4520 Peccando
1453 4468 1665 4521 vanitati
1696 4470 1873 4524 similis
1902 4475 2065 4542 factus
2088 4480 2181 4527 est.

612 4553 744 4612 Nam
774 4554 987 4626 quando
1011 4566 1095 4612 est
1145 4557 1373 4627 primum
1420 4560 1694 4629 conditus,
1735 4562 1945 4617 veritati
1994 4563 2184 4621 similis

608 4646 778 4704 factus
799 4655 918 4715 est;
946 4648 1039 4705 sed
1066 4649 1187 4720 quia
1216 4651 1490 4720 peccavit,
1547 4654 1668 4722 quia
1691 4655 1709 4685 ²
1746 4655 1946 4726 recepit
1984 4653 2142 4726 digna
2164 4697 2180 4726 ,

608 4739 819 4804 vanitati
837 4740 1015 4795 similis
1046 4745 1210 4813 factus
1254 4753 1345 4796 est.
1385 4742 1494 4797 Pro
1522 4744 1780 4818 iniquitate
1808 4748 1947 4802 enim
1978 4748 2187 4803 erudisli

612 4830 898 4899 hominem,
927 4830 1059 4886 dixit
1083 4832 1135 4886 in
1166 4831 1269 4888 alio
1293 4834 1519 4903 psalmo,
1540 4846 1585 4890 et
1615 4836 1864 4891 tabescere
1883 4834 2186 4906 fecistisicut

616 4938 856 4977 araneam
881 4924 1104 4978 animam
1127 4926 1257 4990 eius.
1290 4925 1419 4982 Inde
1444 4936 1499 4982 et
1519 4928 1650 4995 hoc,
1688 4927 1855 4982 Homo
1887 4931 2095 4985 vanitati
2116 4932 2189 4986 si-

620 5014 755 5070 milis
775 5018 941 5087 factus
966 5025 1059 5071 est.
1085 5017 1159 5072 Ibi
1181 5017 1305 5088 quid
1337 5019 1410 5074 ait
1436 5061 1450 5086 ,
1484 5019 1616 5074 Ecce
1635 5031 1819 5076 veteres
1845 5023 2055 5093 posuisti
2079 5023 2186 5080 dies

618 5123 753 5161 meos
771 5106 945 5180 (Psal.
972 5125 1196 5178 xxxvrn,
1216 5111 1362 5183 12,6)
1376 5151 1390 5165 .
1415 5111 1510 5168 Hic
1530 5113 1654 5185 quid
1671 5114 1778 5169 ait?
1797 5113 1918 5170 Dies
1935 5118 2042 5183 eius
2062 5118 2190 5174 sicut

617 5200 795 5254 umbra
827 5212 1147 5272 prtelerelnl.
1176 5204 1425 5259 Attendat
1452 5207 1550 5261 sibi
1578 5206 1739 5262 homo
1767 5207 1820 5263 in
1842 5207 2028 5264 diebus
2072 5227 2192 5268 um-

612 5291 726 5347 bra:
747 5307 890 5361 suae,
922 5303 981 5348 ut
999 5293 1161 5350 faciat
1184 5295 1385 5367 aliquid
1434 5297 1651 5370 dignum
1693 5301 2006 5359 desiderata:
2055 5303 2190 5361 lucis

617 5398 762 5449 suat;
792 5391 848 5438 et
874 5385 919 5439 si
946 5385 998 5439 in
1035 5387 1208 5444 noctis
1236 5389 1424 5445 umbra
1454 5399 1569 5458 est,
1612 5402 1817 5464 quaerat
1856 5395 2020 5451 diem.
2066 5396 2190 5453 Dies

612 5477 762 5537 enim
793 5476 951 5549 hujus
976 5480 1224 5535 vanitatis
1248 5523 1263 5548 ,
1310 5487 1649 5555 cognoscenti
1678 5487 1908 5558 homini,
1954 5489 2069 5546 dies
2106 5500 2190 5548 est

614 5568 969 5626 tribulationis
989 5587 1003 5636 ;
1030 5571 1142 5626 sive
1162 5572 1333 5643 aliqua
1358 5576 1790 5635 incommoditate
1809 5590 1863 5635 et
1881 5582 2054 5653 aliqua
2074 5597 2190 5640 mo-

619 5657 771 5716 lestia
797 5671 988 5718 noceat
1015 5662 1199 5731 nobis,
1231 5664 1346 5721 sive
1371 5665 1541 5736 aliqua
1570 5673 1922 5741 prosperitate
1961 5674 2190 5731 mundus

676 5795 697 5866 ξ
721 5801 785 5845 lla
809 5797 1025 5866 quinque
1054 5803 1162 5866 Mss.
1190 5804 1244 5849 At
1267 5799 1397 5850 Edd.:
1424 5801 1527 5866 Cui,
1554 5804 1669 5866 quid
1692 5805 1974 5861 innotuisti?

676 5858 697 5888 ¹
723 5858 853 5920 Apud
876 5858 956 5908 Er.
973 5861 1121 5923 Lugd.
1148 5869 1266 5912 ven.
1295 5870 1344 5913 ct
1367 5869 1477 5915 Lov.
1501 5858 1670 5929 deest,
1696 5870 1825 5930 quia.

1853 399 1910 457 8.
1951 392 2317 456 AUGUSTINI
2355 392 2657 456 EPISCOPI

2311 511 2546 569 arrideat
2565 556 2579 583 ,
2627 522 2795 570 totum
2825 516 3119 574 timendum
3156 527 3212 576 et
3245 524 3559 592 gemendum
3592 537 3698 597 est,
3721 549 3826 607 quo.

2310 607 2453 660 niam
2479 608 2703 663 tentatio
2727 619 2810 664 est
2829 610 2933 665 vita
2953 610 3180 667 humana
3203 626 3365 683 super
3411 626 3597 674 terram
3618 621 3719 689 (Job
3741 643 3821 696 vn,

2310 695 2364 767 1)
2394 714 2406 750 :
2438 697 2580 754 unde
2621 699 2815 755 dicitur
2847 703 2890 767 ³,
2919 701 3049 757 Τοια
3078 703 3159 758 die
3199 709 3523 764 contristatus
3558 695 3822 776 ambulatum

2307 783 2483 856 (Psal.
2530 804 2736 856 xxxvn,
2782 792 2862 862 7).
2907 793 3121 850 Solatiis
3150 811 3284 867 opus
3313 798 3599 869 hebennus,
3636 817 3683 861 et
3702 812 3821 879 quid-

2308 878 2435 948 quid
2466 881 2619 936 nobis
2640 899 2778 939 nunc
2793 884 3008 941 exhibet
3033 887 3192 955 Deus,
3214 904 3336 945 cum
3362 907 3610 964 prospere
3628 878 3817 970 exhibet,

2307 983 2415 1025 non
2442 979 2526 1026 est
2549 972 2795 1042 gaudium
2845 975 3118 1033 beatorum
3139 1020 3155 1046 ,
3181 979 3274 1034 sed
3313 984 3600 1040 consolatio
3635 990 3816 1049 miscro-

2306 1077 2446 1117 rum.
2476 1062 2657 1134 Itaque
2684 1074 2807 1137 agat
2830 1066 3028 1138 aliquid
3050 1109 3066 1133 ,
3098 1069 3313 1141 inquam
3332 1112 3347 1135 ,
3377 1072 3534 1130 homo
3547 1075 3737 1148 dignum
3751 1082 3820 1139 de-

2303 1154 2530 1211 siderata
2566 1156 2682 1212 lucc
2710 1158 2764 1213 in
2794 1159 2907 1214 istis
2931 1160 3117 1216 diebus
3152 1162 3354 1219 umbrae
3392 1179 3500 1220 sua:
3519 1208 3535 1233 ,
3564 1179 3613 1224 ct
3634 1172 3678 1226 in
3700 1187 3818 1233 nocte

2303 1245 2531 1317 inquirat
2561 1249 2747 1316 Deum,
2776 1251 2913 1305 sicut
2930 1251 3182 1321 scriptum
3206 1263 3290 1309 est
3315 1272 3329 1310 :
3357 1254 3426 1310 In
3451 1258 3531 1313 die
3543 1261 3817 1322 tribulationis

2303 1356 2427 1395 mete
2453 1339 2615 1395 Deum
2644 1343 2883 1411 exquisivi
2921 1344 3149 1398 manibus
3177 1347 3299 1400 meis
3329 1356 3473 1401 nocte
3507 1364 3663 1405 eorum
3685 1370 3759 1419 eo,
3781 1368 3814 1410 et

2302 1448 2403 1487 non
2430 1450 2540 1487 sum
2565 1433 2798 1504 deceptus
2825 1434 3009 1507 (Psal.
3038 1451 3214 1504 Lxxw,
3243 1438 3277 1494 '5
3319 1438 3362 1509 ).
3396 1439 3559 1508 Quam
3578 1443 3691 1499 dicit
3709 1447 3813 1504 diem

2304 1524 2677 1593 tribulationis,
2696 1528 2793 1582 nisi
2813 1542 2970 1598 quam
2995 1527 3121 1583 dicit
3145 1538 3200 1584 et
3223 1533 3475 1587 noctem?
3499 1533 3708 1592 Manibus
3723 1541 3812 1596 meis

2301 1626 2444 1672 nocte
2463 1634 2633 1672 coram
2662 1635 2738 1673 eo.
2766 1618 2955 1675 Adhuc
2984 1621 3036 1675 in
3062 1631 3220 1678 nocte
3246 1638 3453 1691 sumus,
3482 1634 3534 1680 et
3551 1627 3612 1682 ad
3635 1631 3811 1700 prophe-

2302 1708 2387 1762 tiae
2413 1707 2680 1764 lucernam
2709 1709 3001 1779 vigilamus.
3045 1711 3261 1781 Aliquid
3292 1715 3600 1784 promissum
3619 1728 3688 1774 est
3706 1722 3807 1791 quod

2299 1799 2473 1855 adlmc
2514 1811 2889 1871 exspectatur:
2928 1802 3022 1857 sed
3054 1803 3181 1873 quid
3227 1804 3303 1859 ait
3346 1807 3605 1876 apostolus
3633 1809 3804 1866 Petrus?

2299 1891 2558 1947 Habemus
2587 1896 2844 1949 certiorem
2868 1896 3215 1967 propheticum
3240 1915 3536 1967 sermonem,
3558 1903 3634 1956 cui
3653 1909 3802 1974 benefa-

2299 1988 2407 2042 citis
2441 1989 2770 2051 intendentes,
2814 1999 3052 2058 tanquam
3093 1990 3314 2045 lucerna:
3345 1992 3525 2046 lucenti
3563 1994 3611 2046 in
3649 1996 3804 2050 obscura

2299 2073 2428 2139 loco,
2458 2074 2613 2128 donec
2642 2075 2748 2130 dies
2771 2074 3003 2140 lucescat,
3041 2084 3088 2129 et
3131 2077 3316 2146 lucifer
3355 2077 3540 2131 oriatur
3564 2077 3804 2136 incordibus

2297 2165 2470 2220 vestris
2497 2165 2563 2235 (11
2598 2164 2733 2222 Petr.
2760 2183 2799 2233 ι,
2827 2166 2936 2237 19).
2971 2166 3085 2236 Ipse
3104 2166 3219 2222 dies
3243 2169 3512 2237 praemium
3536 2180 3735 2224 nostrum
3753 2171 3803 2225 ibi

2297 2267 2398 2312 est.
2441 2256 2596 2312 Mane
2627 2259 2863 2313 exaudies
2891 2273 3059 2314 vocem
3092 2275 3292 2324 meam;
3332 2276 3477 2314 mane
3496 2262 3651 2316 astabo
3671 2262 3753 2329 tibi,
3772 2271 3802 2316 et

2297 2352 2669 2420 contemplabor
2696 2352 2879 2422 (Psal.
2911 2370 2963 2420 v,
2991 2354 3045 2419 4,
3075 2353 3153 2424 5).
3198 2353 3344 2424 Ergo
3367 2369 3596 2424 Operare,
3619 2356 3802 2426 quamvis

2298 2445 2350 2501 in
2378 2455 2551 2515 nocte,
2582 2447 2825 2502 manibus
2848 2447 2980 2512 tuis;
3012 2446 3062 2502 id
3087 2455 3188 2511 est,
3220 2447 3374 2503 bonis
3394 2449 3626 2518 operibus
3648 2448 3801 2516 inquire

2296 2538 2484 2605 Deum,
2514 2548 2794 2610 antequam
2836 2539 3010 2594 veniat
3049 2538 3163 2595 dies
3192 2539 3286 2596 ille
3309 2541 3398 2610 qui
3440 2550 3488 2596 te
3523 2539 3732 2601 lzetiﬁcet,
3754 2554 3800 2593 ne

2295 2635 2471 2689 veniat
2511 2636 2597 2706 qui
2638 2645 2693 2692 te
2733 2634 3052 2693 maestiﬁcet.
3102 2636 3236 2692 Vide
3277 2638 3416 2693 enim
3453 2654 3597 2708 quam
3633 2649 3798 2693 securus

2295 2731 2551 2801 opereris,
2577 2731 2699 2801 quia
2737 2746 2840 2786 non
2884 2731 3151 2787 desereris
3189 2731 3264 2786 ab
3301 2732 3392 2787 illo
3432 2745 3575 2803 quem
3616 2729 3794 2801 quavis:

2297 2824 2535 2879 Manibus
2579 2826 2721 2891 meis,
2758 2825 2945 2895 inquit,
2973 2823 3137 2880 Deum
3161 2825 3406 2896 exquisivi
3430 2824 3564 2878 nocte
3585 2838 3723 2876 coram
3739 2835 3794 2874 eo.

2293 2917 2362 2974 Ut
2382 2917 2540 2974 Pater
2568 2929 2687 2974 tuus
2707 2919 2796 2989 qui
2818 2918 2960 2974 videt
2984 2918 3039 2974 in
3063 2918 3295 2985 occulto,
3323 2918 3503 2974 reddat
3525 2916 3606 2972 tibi
3633 2914 3793 2987 (Matth.

2293 3025 2362 3076 vt,
2396 3011 2451 3081 4)
2476 3028 2489 3076 ;
2539 3009 2676 3075 ideo,
2705 3026 2875 3065 coram
2894 3026 2970 3065 eo.
3015 3010 3160 3065 Intus
3184 3008 3386 3067 habeas
3411 3006 3791 3068 misericordiam,

2291 3102 2637 3170 cbaritatem;
2687 3118 2753 3160 ne
2791 3103 2990 3174 aliquid
3034 3104 3195 3160 facias
3235 3105 3387 3175 quasi
3417 3101 3576 3158 studio
3608 3094 3792 3170 placendi

2291 3193 2613 3249 hominibus.
2659 3194 2895 3250 Manibus
2916 3196 3058 3260 meis,
3091 3196 3346 3266 operibus
3370 3194 3498 3251 meis
3524 3211 3536 3248 :
3562 3192 3607 3246 in
3633 3188 3787 3251 umbra,

2291 3286 2344 3340 in
2374 3285 2474 3340 hac
2503 3287 2608 3340 vita
2640 3305 2652 3341 :
2678 3286 2767 3342 ubi
2808 3288 2920 3357 ipse
2945 3287 3104 3353 videt,
3137 3302 3247 3343 non
3276 3286 3363 3342 ubi
3397 3286 3590 3357 placere
3618 3276 3789 3335 homini-

2289 3377 2389 3434 bus
2414 3378 2621 3434 studeo.
2657 3378 2724 3433 Et
2761 3380 2887 3450 quid
2925 3380 3195 3451 sequitur?
3246 3380 3311 3435 Et
3337 3396 3435 3434 non
3463 3393 3563 3433 sunt
3594 3374 3784 3440 deceptus-

2293 3461 2460 3517 Homo
2486 3464 2693 3518 vanitati
2728 3464 2905 3519 similis
2945 3468 3111 3536 [actus
3146 3475 3220 3519 cst
3239 3482 3263 3531 ;
3301 3466 3406 3520 dies
3447 3463 3572 3518 illius
3606 3467 3785 3526 tanquam

2287 3556 2465 3609 umbra
2501 3564 2803 3611 transeunt:
2831 3564 2886 3613 et
2913 3564 3086 3613 tamen
3120 3556 3398 3614 innotuisti
3433 3554 3499 3624 ei,
3535 3562 3581 3609 et
3611 3547 3783 3606 testim”

2285 3662 2447 3789 cui];
2481 3733 2627 3807 [vers.
2657 3734 2735 3808 5.]
2765 3733 3004 3802 Domine,
3034 3736 3228 3791 inclina
3254 3735 3403 3792 caelos
3425 3743 3547 3798 tuos,
3570 3726 3775 3783 etdesten-

2287 3830 2350 3884 de
2372 3843 2391 3882 :
2416 3839 2563 3901 tange
2599 3839 2819 3898 montes,
2851 3839 2896 3884 et
2923 3829 3263 3902 fumigabunt.
3309 3830 3517 3885 Corusca
3549 3811 3776 3876 εοῖυεεαιίο·

2289 3935 2422 3987 "em.
2445 3929 2491 3974 ει
2515 3919 2771 3992 disperget
2795 3935 2915 3988 eos;
2942 3920 3107 3975 emitte
3132 3922 3345 3992 sagittas
3371 3929 3493 3979 tuas,
3519 3923 3560 3968 et
3580 3902 3781 3965 conturba-

2289 4009 2363 4064 bis
2400 4025 2501 4065 eos.
2544 4007 2730 4065 Emitte
2754 4028 2957 4066 manum
2996 4020 3132 4066 tuam
3159 4028 3225 4067 ea:
3254 4013 3389 4077 alto;
3416 4017 3461 4064 et
3480 4005 3617 4061 exime
3636 4012 3721 4057 me.
3748 3998 3781 4043 εί

2290 4118 2407 4158 erue
2433 4119 2511 4157 me
2532 4102 2595 4158 de
2615 4104 2759 4175 aquis
2785 4105 2976 4159 multis.
3007 4102 3212 4175 Corpus
3238 4101 3466 4167 Christi,
3508 4090 3686 4154 humilis

2288 4193 2397 4258 vid,
2426 4195 2594 4264 gratia
2620 4194 2838 4264 plenus,
2879 4194 2947 4250 de
2976 4196 3084 4250 Deo
3113 4207 3442 4266 praesumens
3460 4230 3476 4256 ,
3517 4190 3711 4257 pugnans
3735 4185 3780 4266 _"'

2290 4286 2393 4342 hoc
2435 4286 2659 4352 saaculo,
2704 4287 2913 4341 invocat
2949 4264 3269 4358 adiutorium
3307 4285 3398 4342 Dei
3427 4301 3440 4336 :
3467 4277 3643 4335 Inclina
3672 4264 3780 4358 calo:

2291 4389 2421 4447 tuos,
2446 4389 2493 4434 et
2515 4380 2773 4436 descende.
2796 4379 2895 4447 Qui
2919 4356 3041 4434 sunt
3064 4381 3183 4436 coeti
3205 4375 3466 4436 inclinati?
3492 4359 3690 4456 Apostoli
3711 4356 3779 4456 bi-

2290 4472 2496 4529 miliati.
2526 4473 2615 4528 Isti
2643 4475 2784 4529 enim
2807 4475 2920 4529 caeli
2938 4485 3175 4530 enarrant
3200 4474 3413 4548 gloriam
3436 4466 3558 4523 Dei:
3582 4469 3627 4515 et
3648 4454 3700 4509 de
3721 4447 3779 4548 his

2291 4567 2443 4628 cmlis
2470 4568 2839 4625 enarrantibus
2858 4569 3078 4640 gloriam
3104 4569 3199 4625 Dei
3220 4584 3343 4624 mox
3367 4562 3561 4620 dicitur,
3582 4549 3680 4606 Non
3695 4543 3779 4596 8"“

2292 4663 2504 4736 loquelis
2530 4680 2687 4734 neque
2718 4678 3254 4732 sermones,~quorum
3282 4674 3381 4715 non
3408 4651 3647 4736 audianlut

2292 4773 2463 4812 eorum
2483 4773 2501 4811 :
2530 4756 2583 4810 in
2611 4772 2807 4810 omnem
2827 4765 3010 4808 terram
3037 4755 3185 4808 exivit
3209 4766 3359 4808 sonus
3376 4756 3550 4803 comm.
3572 4741 3611 4789 et
3630 4730 3671 4782 in
3686 4723 3777 4812 ﬁt!“

2291 4811 2424 4905 orbis
2472 4858 2616 4904 teme
2651 4850 2797 4904 verba
2839 4863 3010 4904 eorum
3047 4845 3214 4917 (Psal.
3244 4858 3393 4906 xvru,
3423 4835 3472 4900 2,
3503 4835 3558 4894 4,
3591 4819 3654 4893 5).
3679 4811 3775 4917 συξη

2248 4992 2254 4998 .
2292 4957 2419 5014 ergo
2446 4942 2529 4997 isti
2559 4941 2676 4998 caeli
2697 4942 3000 4997 emitterent
3022 4954 3180 4995 voces
3200 4951 3321 4994 snas
3341 4945 3429 5004 per
3449 4931 3614 5014 omnes
3632 4912 3774 5014 “iis:

2293 4999 2610 5092 etvfacerent
2634 5033 2916 5100 mirabilia,
2943 5040 3254 5089 coruscante
3278 5028 3343 5083 de
3372 5020 3469 5078 illis
3493 5021 3542 5070 et
3564 4999 3776 5100 intonante

2293 5132 2519 5187 Domino
2539 5129 2807 5186 miraculis
2827 5136 2881 5183 et
2900 5096 3197 5198 praeceptis,
3221 5118 3378 5194 putati
3391 5117 3505 5168 sunt
3520 5096 3776 5198 dii‘desﬁ:

2293 5176 2516 5187 --.μνη
2540 5176 2806 5186 .....-.-_.._
2830 5176 2881 5183 _-
2902 5176 3164 5198 rmur---
3182 5176 3197 5193 ,
3221 5176 3270 5194 r,
3690 5179 3699 5189 ,

2293 5223 2436 5279 disse
2461 5222 2528 5279 de
2550 5221 2687 5278 oculo
2723 5221 2790 5277 ad
2820 5220 3079 5276 homines.
3114 5217 3244 5273 Nam
3270 5207 3470 5313 quidam
3494 5210 3550 5252 ex
3577 5176 3775 5313 δἐηὲῗέ

2294 5315 2395 5372 hoc
2424 5324 2669 5387 Ρυίτιιιῐθε
2688 5356 2702 5381 ,
2749 5314 2826 5369 eis
2854 5314 3012 5368 etiam
3057 5311 3348 5366 sacriﬁcare
3374 5288 3638 5387 voluerunt:

2294 5409 2371 5464 illi
2399 5366 2637 5465 videntes
2660 5366 2760 5463 sibi
2785 5404 2979 5462 deferri
3005 5402 3288 5458 indebitnm
3315 5395 3570 5450 honorem.
3589 5378 3634 5426 ει

2299 5510 2592 5564 vescentes,
2626 5508 2679 5554 et
2704 5497 3044 5563 detestantes,
3073 5506 3128 5550 et
3149 5508 3239 5550 eos
3263 5486 3344 5559 (lui
3366 5481 3440 5584 sic
3457 5457 3773 5589 iam

2295 5592 2547 5663 rigentes,
2579 5600 2637 5647 ut
2654 5589 2993 5647 ostenderent
3012 5589 3090 5645 eis
3114 5597 3307 5644 motum
3332 5567 3481 5663 animi
3503 5556 3592 5663 Sili:

2295 5621 2547 5663 “ﬁctura,
2581 5621 2637 5647 ιιι
2654 5621 2993 5647 υθιωιυσιυιιι
3012 5621 3090 5645 cra
3115 5621 3307 5644 ιυυιυι..
3332 5621 3457 5674 -----;γ

2295 5684 2485 5741 derunt
2508 5685 2821 5742 vestimenta
2845 5699 2957 5751 sua,
2986 5692 3039 5739 et
3067 5681 3324 5739 dixerunt,
3355 5659 3481 5735 Quid
3516 5639 3641 5711 hoc!
3726 5744 3734 5751 Ι

2362 5817 2375 5846 ¹
2405 5818 2477 5861 Er.
2502 5809 2647 5872 Lugd.
2685 5817 2800 5860 Ven.
2826 5816 2875 5859 et
2913 5815 3039 5869 Lota,
3070 5810 3194 5861 unde
3229 5797 3345 5854 enim
3368 5785 3579 5843 dicitur...
3609 5744 3758 5812 ambiti“

2301 5878 2404 5926 bam
2427 5876 2448 5924 ἒ)
2472 5882 2525 5922 Μ.
