4084 6446
247 407 256 411 ’
327 421 462 488 582:5

327 530 572 588 Homines
594 541 640 588 et
664 549 754 588 nos
784 549 954 590 sumus
983 533 1239 605 passibiles
1257 573 1274 602 ,
1303 542 1432 588 sicut
1459 542 1508 588 et
1541 548 1646 587 vos.
1691 531 1754 586 Et
1781 545 1892 586 cm-

321 639 515 698 peruut
545 628 646 681 sub
671 628 753 681 his
780 629 956 682 verbis
997 626 1368 683 commendare
1393 626 1759 683 excellentiam
1789 624 1895 679 Do-

320 719 451 773 mini
481 719 646 772 nostri
672 717 796 772 .lcsu
825 717 1020 772 Christi
1054 719 1184 790 (Act.
1215 735 1325 782 xiv,
1353 718 1525 788 7-17),
1558 715 1896 772 humiliantes

320 823 379 861 se
407 819 465 861 ut
485 807 947 862 commendaretur
973 809 1110 863 Deus
1134 824 1148 873 ;
1180 809 1299 878 quia
1322 807 1556 862 inclinati
1583 814 1734 861 erant
1752 805 1891 870 cceli,

321 909 379 954 ut
407 898 758 954 descenderet
795 900 953 954 Deus.
986 897 1186 952 Inclina
1211 914 1338 969 ergo
1364 899 1512 953 ctelos
1554 907 1663 952 tuos
1683 938 1696 963 ,
1727 907 1774 951 et
1811 897 1898 951 de-

316 985 525 1045 scende.
565 989 782 1043 Factum
825 997 926 1044 est.
964 989 1134 1060 Tange
1181 999 1402 1055 montes,
1451 997 1496 1042 et
1541 988 1897 1060 fumigabunt:

319 1085 534 1132 montes
561 1079 836 1148 superbos,
865 1079 1121 1134 elationes
1151 1089 1406 1146 terrenas,
1436 1078 1660 1134 tumidas
1685 1078 1897 1147 grandi.-

318 1177 498 1223 tates:
531 1167 732 1238 Tange,
776 1169 972 1238 inquit,
1023 1177 1172 1238 tange
1213 1171 1342 1224 istos
1381 1177 1607 1232 montes;
1637 1168 1703 1223 de
1731 1170 1896 1238 gratia

317 1267 409 1312 tua
438 1258 504 1313 da
531 1259 645 1313 istis
668 1260 971 1314 montibus:
1005 1269 1048 1313 et
1074 1259 1422 1330 fmuigabunt;
1451 1259 1570 1329 quia
1600 1259 1898 1313 fatebuntur

319 1358 540 1418 peccata
571 1363 685 1403 sua.
726 1348 924 1403 Fumus
950 1349 1311 1403 conﬁtentium
1354 1357 1687 1418 peccatorum
1716 1357 1897 1402 extor-

315 1440 505 1510 quebit
533 1450 587 1494 et
614 1439 873 1511 lacrymas
908 1439 1302 1494 humiliatorum
1329 1439 1696 1509 superborum.
1727 1437 1901 1508 Tange

315 1537 537 1597 tuentes,
565 1537 609 1583 et
638 1530 973 1601 fumigabunt.
1003 1528 1258 1597 Quamdiu
1288 1544 1393 1582 non
1422 1529 1566 1593 tacti,
1600 1528 1772 1597 magni
1799 1528 1898 1582 sibi

313 1621 592 1676 videntur.
626 1620 823 1675 Dicturi
852 1630 1007 1685 sunt,
1047 1621 1124 1674 Tu
1164 1636 1415 1689 magnus,
1457 1620 1674 1674 Domine
1717 1617 1895 1688 (Psal.

315 1727 488 1777 ιινιι,
519 1712 613 1784 9.);
645 1711 836 1767 dicturi
865 1722 987 1767 sunt
1016 1722 1069 1768 et
1100 1722 1325 1776 montes,
1358 1711 1437 1765 Tu
1468 1713 1602 1766 solus
1629 1711 1899 1764 altissimus

311 1821 476 1873 super
504 1820 699 1857 onmem
731 1815 908 1856 terram
935 1802 1105 1869 (Psal.
1138 1803 1488 1878 LXXXII,‘19).

392 1896 468 1950 15
504 1893 654 1966 [υρνε.
702 1891 780 1966 6.]
819 1893 922 1948 Sed
950 1903 1071 1948 sunt
1099 1893 1310 1963 quidam
1339 1894 1703 1962 conspirantes
1728 1935 1742 1957 ,
1774 1907 1900 1946 con-

313 1985 600 2041 venientes
631 1984 683 2037 in
724 1999 883 2036 unum
915 1983 1168 2038 adversus
1215 1983 1493 2036 Dominum
1519 2023 1533 2044 ,
1566 1989 1621 2035 et
1647 1980 1903 2035 adversus

312 2077 594 2132 Christum
620 2076 736 2144 ejus
764 2073 944 2147 (Psal.
985 2090 1042 2140 ιι,
1072 2073 1141 2137 2;
1171 2075 1282 2126 Act.
1317 2089 1382 2138 tv,
1413 2073 1483 2126 26
1502 2115 1515 2138 ,
1546 2071 1670 2143 27).
1699 2070 1902 2126 Conve-

315 2175 544 2230 nerunt,
574 2167 1028 2235 conspiravcrunt.
1061 2163 1277 2218 Corusca
1297 2164 1696 2227 coruscationcs,
1725 2173 1769 2217 et
1799 2164 1902 2217 dis-

315 2275 503 2330 perges
548 2275 650 2312 eos.
681 2257 971 2313 (Irebresce
999 2257 1264 2310 miraculis
1294 2256 1415 2322 tuis,
1438 2265 1492 2309 et
1520 2256 1751 2310 solvetur
1770 2271 1901 2310 con-

313 2351 549 2420 Spiratio
569 2366 774 2404 eorum.
807 2349 1024 2404 Coruscu
1051 2349 1432 2410 rorttsrationes,
1457 2357 1498 2400 et
1526 2347 1777 2417 disperges
1797 2363 1898 2401 eos.

315 2443 444 2498 Jatn
474 2442 744 2496 miraculis
770 2441 957 2506 territi,
979 2457 1084 2494 nun
1113 2439 1378 2494 audebunt
1403 2439 1598 2509 aliquid
1626 2450 1802 2492 contra
1831 2449 1900 2501 te,

316 2545 380 2588 ct
411 2535 464 2587 in
497 2534 625 2604 ipsis
653 2533 920 2588 miraculis
952 2541 1361 2601 expavescentes
1392 2531 1729 2584 hacsitabuut.
1777 2531 1905 2598 Quis

319 2634 413 2680 est
442 2625 541 2678 iste
569 2625 656 2694 qui
690 2633 830 2678 tanta
861 2625 1070 2694 potest?
1108 2623 1224 2693 quis
1249 2631 1332 2677 est
1359 2623 1455 2676 iste
1481 2623 1567 2692 qui
1598 2622 1675 2676 sic
1703 2621 1904 2676 exalta-

321 2725 436 2782 tur,
463 2716 612 2785 cujus
637 2731 828 2770 nomen
859 2724 1059 2769 tantum
1088 2716 1262 2768 valet?
1291 2714 1420 2769 Cum
1451 2714 1651 2776 dicunt,
1675 2714 1802 2780 Quis
1826 2724 1906 2770 est

323 2807 468 2873 iste,
497 2806 747 2860 credituri
790 2816 912 2859 sunt
933 2792 954 2858 ’τ
985 2806 1269 2860 coruscasti
1300 2806 1597 2870 miraculis,
1627 2814 1679 2860 et
1705 2805 1909 2874 disper-

323 2898 447 2952 sisti
471 2898 657 2953 tnalam
681 2900 1081 2952 consensionem
1105 2912 1306 2950 eorum.
1340 2895 1521 2949 Emitte
1542 2897 1748 2966 sagittas
1772 2906 1902 2962 tuas,

323 2999 380 3042 et
408 2989 722 3042 conturbabis
751 3005 850 3042 eos.
887 2989 1096 3058 Sagith
1135 2988 1346 3058 potentis
1372 2997 1530 3040 acutce
1557 2987 1731 3060 (Psal.
1762 3002 1904 3054 cxtx,

323 3079 433 3149 4);
463 3090 720 3149 praecepta
747 3088 830 3132 tua
855 3117 869 3142 ,
893 3078 1029 3132 dicta
1055 3088 1136 3131 tua
1166 3079 1352 3132 feriant
1384 3093 1476 3130 cor
1494 3093 1696 3131 eorum.
1726 3077 1908 3132 Emitte

323 3174 543 3239 sagittas
565 3179 695 3231 tuas,
713 3178 756 3223 et
777 3169 1088 3222 conturbabis
1110 3185 1209 3222 eos.
1236 3167 1589 3222 Vttlneremttr
1609 3169 1746 3222 male
1768 3169 1903 3234 sani,

333 3269 398 3315 ut
425 3270 677 3315 sanentur
702 3261 836 3316 bene
864 3261 1152 3325 vulnerati;
1183 3270 1235 3315 et
1259 3261 1433 3315 dicant
1457 3261 1564 3331 jam
1594 3262 1642 3316 in
1672 3260 1906 3315 Ecclesia

326 3360 390 3404 et
416 3352 468 3404 in
492 3365 713 3420 corpore
735 3350 930 3405 Christi
960 3352 1247 3416 constituti,
1277 3351 1454 3404 dicant
1479 3367 1598 3404 cum
1631 3350 1862 3404 Ecclesia
1888 3366 1902 3405 :

331 3441 588 3507 Quoniam
614 3442 868 3494 vulnerata
895 3441 1133 3494 charitate
1162 3457 1248 3511 rgo
1274 3457 1385 3493 sum
1414 3441 1430 3509 (
1455 3439 1602 3495 Cant.
1634 3457 1689 3504 tt,
1721 3439 1774 3507 5,
1803 3457 1902 3495 sec.

329 3531 478 3586 LXX
502 3531 540 3600 ).
573 3531 760 3586 Emitte
783 3532 994 3602 sagittas
1021 3543 1151 3593 tuas,
1186 3540 1232 3584 et
1253 3532 1566 3585 conturbatis
1590 3549 1692 3587 eos.

409 3621 493 3675 14.
526 3618 672 3693 [vers
695 3620 770 3693 7.]
791 3620 975 3674 Emitte
997 3639 1196 3674 manum
1225 3631 1358 3674 tuam
1375 3639 1437 3675 ea:
1453 3623 1575 3676 alto.
1602 3623 1736 3688 Quid
1761 3633 1904 3694 post-

325 3725 397 3765 ea
419 3711 442 3762 ?
467 3710 592 3780 quid
647 3715 698 3763 In
754 3711 894 3765 ﬁne?
923 3711 1196 3779 Quomodo
1226 3713 1386 3766 vincit
1414 3727 1604 3781 corpus
1631 3714 1820 3767 Christi
1855 3712 1906 3767 ‘?

329 3801 547 3855 Caelesti
577 3801 856 3870 adjutorio.
907 3801 1092 3855 Veniet
1135 3803 1274 3856 enim
1305 3803 1412 3870 ipse
1439 3803 1686 3858 Dominus
1712 3804 1762 3856 in
1792 3819 1907 3856 voce

329 3889 657 3960 archangeli,
691 3898 736 3942 et
765 3891 816 3943 in
842 3891 960 3943 tuba
996 3890 1090 3944 Dei
1119 3891 1376 3944 descendet
1403 3891 1463 3945 de
1492 3891 1614 3946 caelo
1645 3892 1696 3963 (I
1728 3892 1901 3946 Thess.

332 3995 410 4047 tv,
428 3980 517 4048 15)
537 3995 552 4045 ;
576 3979 689 4050 ipse
708 3980 946 4035 Salvator
966 3982 1222 4050 corporis,
1249 3997 1432 4035 manus
1449 3983 1560 4036 Dei.
1589 3982 1772 4036 Emitte
1800 4001 1904 4037 ma-

332 4085 456 4121 num
480 4079 614 4121 tuam
630 4085 694 4123 ea:
707 4070 842 4134 alto;
872 4079 916 4125 et
935 4071 1095 4124 exime
1122 4087 1217 4133 me,
1239 4080 1283 4124 et
1317 4087 1432 4124 erue
1456 4088 1533 4125 me
1548 4072 1610 4125 de
1628 4074 1768 4141 aquis
1787 4075 1905 4128 mul-

333 4160 416 4211 tis.
437 4159 568 4226 Quid
589 4170 688 4223 est,
708 4161 769 4215 de
787 4163 928 4230 aquis
946 4162 1154 4215 multis?
1174 4163 1244 4215 De
1267 4163 1472 4231 p0pulis
1494 4164 1689 4218 multis.
1707 4165 1904 4231 Quibus

333 4251 583 4318 populis?
604 4253 943 4323 Alienigenis,
969 4253 1284 4317 inﬁdelibus,
1312 4255 1423 4308 sive
1449 4255 1576 4308 loris
1598 4269 1904 4326 oppugnan-

333 4341 496 4406 tibus,
522 4345 632 4396 sive
655 4343 793 4397 intus
822 4344 1205 4397 insidiantibus.
1238 4343 1414 4399 Exime
1433 4361 1509 4398 me
1534 4347 1596 4399 de
1614 4348 1754 4416 aquis
1776 4348 1903 4402 ntul-

330 4432 416 4494 tis,
447 4431 497 4484 in
523 4433 714 4501 quibus
739 4448 822 4487 me
847 4433 1132 4487 exercebas
1158 4475 1170 4495 ,
1205 4434 1253 4486 in
1283 4435 1470 4504 quibus
1497 4452 1580 4490 me
1609 4435 1674 4490 ad
1700 4453 1901 4492 exuen-

329 4523 460 4576 dum
487 4537 515 4574 a
543 4524 786 4577 sordibus
814 4523 1080 4578 volvebas.
1112 4524 1234 4578 Ha‘e
1263 4535 1343 4578 est
1369 4526 1454 4579 illa
1479 4541 1610 4596 aqua
1633 4529 1903 4582 contradi-

329 4615 580 4669 dictionis
601 4617 618 4685 (
642 4613 798 4667 Num.
822 4631 910 4682 xx,
931 4616 998 4669 l5
1014 4617 1051 4685 ).
1079 4613 1260 4670 Exime
1276 4633 1370 4683 me,
1389 4626 1432 4668 et
1455 4633 1571 4672 erue
1591 4634 1666 4671 tne
1686 4619 1746 4673 de
1763 4619 1904 4690 aquis

329 4705 523 4758 multis.

404 4797 494 4852 15.
526 4795 689 4868 [vers.
721 4795 815 4870 8.]
859 4799 1266 4868 Andiamusjam
1297 4799 1362 4856 de
1391 4801 1504 4855 istis
1526 4802 1674 4872 aquis
1701 4805 1898 4870 multis,

327 4901 356 4940 a
380 4887 569 4956 quibus
584 4895 734 4941 eruet
763 4887 900 4942 Deus
925 4902 1116 4957 corpus
1141 4888 1332 4944 Christi
1355 4891 1456 4955 sui,
1487 4905 1516 4943 a
1541 4892 1729 4961 quibus
1754 4903 1904 4948 eruet

328 4978 472 5032 Deus
497 4977 844 5033 humilitatem
888 4979 1072 5034 David.
1105 4979 1240 5046 Quid
1271 4990 1352 5034 est
1375 5022 1388 5045 ,
1419 4981 1482 5034 de
1522 4984 1665 5052 aquis
1691 4983 1904 5038 multis?

327 5067 466 5134 Quid
489 5068 686 5131 dixisti,
717 5083 784 5123 ne
811 5085 960 5138 aqua:
985 5071 1137 5124 aliter
1163 5071 1554 5141 intelligantur?
1577 5073 1698 5141 quid
1721 5073 1898 5128 dixisti

325 5175 491 5230 aquas
516 5161 749 5214 multas?
775 5161 908 5226 Quid
937 5161 1067 5226 dixi,
1093 5161 1236 5215 audi.
1267 5161 1341 5215 De
1361 5179 1512 5216 manu
1533 5164 1754 5230 ﬁliorum
1780 5165 1905 5219 alie-

321 5265 528 5304 norum.
564 5249 756 5303 Audito
775 5289 790 5314 ,
820 5252 1040 5314 fratres,
1074 5251 1210 5303 inter
1234 5265 1368 5320 quos
1397 5251 1582 5317 simus,
1613 5253 1749 5306 inter
1769 5269 1902 5322 quos

320 5341 584 5404 vivamus,
613 5356 642 5394 a
667 5340 857 5410 quibus
881 5341 997 5395 erui
1026 5340 1412 5395 desideremus.
1445 5342 1666 5408 Quorum
1693 5360 1746 5396 os
1771 5344 1904 5398 locu-

320 5439 431 5483 tum
457 5437 530 5482 est
568 5431 853 5482 vanitatem.
886 5429 1054 5484 llodie
1083 5443 1176 5484 vos
1214 5445 1400 5485 omnes
1423 5471 1438 5497 ,
1468 5431 1511 5485 si
1552 5447 1656 5486 non
1693 5432 1758 5486 ad
1791 5433 1903 5488 haec

322 5521 503 5574 divina
531 5521 832 5590 spectacula
863 5520 1006 5575 verbi
1048 5520 1138 5576 Dei
1165 5523 1465 5592 congregati
1492 5524 1678 5578 essetis
1699 5564 1714 5590 ,
1746 5533 1800 5577 et
1825 5525 1903 5579 eis

389 5633 406 5664 ι
433 5640 534 5696 Am.
560 5638 613 5681 et
633 5638 728 5691 Er.,
753 5629 987 5696 quomodo
1010 5630 1181 5696 inquit.
1217 5639 1348 5696 _t.ov.,
1388 5635 1626 5696 quomodo
1656 5630 1782 5682 vicit.
1803 5631 1904 5683 Flo-

322 5694 558 5756 riacensis
597 5702 696 5754 Ms,
747 5691 978 5756 quomodo
1001 5691 1159 5742 vincit.
1183 5691 1467 5756 Aliiplur'es
1514 5696 1906 5756 Mss.,quomodo

323 5753 438 5802 hinc
477 5760 525 5816 ut
544 5752 732 5816 corpus
759 5752 964 5816 ξσΙυ-ξδιὶ.
1010 5759 1060 5803 Et
1091 5752 1324 5813 nonnulli,
1361 5757 1594 5815 quomodo
1614 5752 1694 5804 hic
1707 5760 1903 5816 alicar-

325 5827 417 5880 pus
439 5814 523 5866 Clu
536 5812 615 5864 isti
642 5812 658 5864 ἓ
683 5815 772 5866 sed
798 5816 846 5864 in
869 5814 944 5863 his
963 5817 1220 5876 postremis
1239 5812 1430 5868 additur
1455 5818 1674 5877 verbum,
1697 5814 1898 5878 indiget.

516 5897 738 5957 δικοτ.
789 5897 1065 5957 Areum.
1117 5894 1217 5958 IV.

1385 417 1781 477 ENARRATIO
1821 417 1883 472 IN
1926 417 2242 480 PSALMUM
2282 423 2508 480 CXLIII.

2006 530 2105 585 hac
2136 532 2263 588 hora
2309 537 2552 604 permixti
2582 536 2825 593 viveretis
2849 582 2863 606 ,
2894 550 3114 609 quantas
3140 542 3395 599 vanitates
3422 546 3572 602 audi-

2001 624 2130 677 retis
2158 624 2170 678 !
2207 625 2430 692 Quorum
2461 645 2514 681 os
2540 628 2757 682 locutunt
2797 640 2868 684 est
2913 632 3197 687 vanitatem.
3224 635 3444 700 Quando
3472 636 3570 693 de-

2003 712 2162 782 nique
2190 715 2465 784 loquentes
2487 718 2560 772 illi
2587 720 2893 785 vanitatem,
2919 721 3157 776 audirent
3179 739 3270 776 vos
3297 724 3570 794 loquentes

2003 803 2310 857 veritatem?
2334 805 2560 872 Quorum
2580 823 2634 860 os
2658 808 2877 861 locutum
2905 820 2974 862 est
2997 812 3280 877 vanitatem,
3301 824 3345 866 et
3370 814 3571 869 dextera

2002 909 2173 947 eorum
2197 894 2398 950 dextera
2426 898 2718 966 iniquitatis.

2076 984 2163 1039 16.
2194 983 2343 1057 [vers.
2373 985 2450 1060 9.]
2491 989 2623 1055 Quid
2658 1001 2710 1044 tu
2738 991 2873 1046 inter
2893 1009 2983 1048 eos
3008 1009 3126 1049 cum
3150 1011 3272 1050 vase
3300 999 3570 1067 pastorali,

2005 1072 2233 1132 habente
2269 1080 2502 1149 quinque
2531 1081 2767 1150 lapides?
2810 1085 2898 1137 Dic
2937 1086 3064 1139 mihi
3105 1087 3300 1143 aliter:
3330 1091 3570 1145 eamdem

2004 1161 2197 1235 Legem
2227 1183 2381 1237 quam
2415 1170 2720 1239 signiﬁcasti
2753 1175 2979 1242 quinque
3013 1175 3270 1244 lapidibus
3293 1221 3307 1241 ,
3337 1181 3572 1250 signiﬁca

2003 1263 2057 1308 et
2075 1255 2246 1310 aliter.
2272 1257 2430 1324 Deus,
2457 1261 2705 1313 canticum
2731 1279 2907 1315 novum
2935 1265 3144 1318 cantabo
3170 1268 3274 1320 tibi.
3303 1267 3572 1324 Canticum

2005 1358 2224 1412 novum,
2248 1348 2429 1416 gratia:
2458 1361 2539 1404 est
2568 1352 2581 1381 ¹
2609 1368 2623 1415 ;
2653 1355 2914 1407 canticum
2948 1369 3165 1421 novum,
3203 1357 3428 1412 hominis
3457 1362 3575 1416 novi

2004 1445 2082 1488 est
2099 1452 2111 1497 ;
2130 1437 2388 1491 canticum
2409 1455 2623 1504 novum,
2640 1441 3216 1504 TcstameutiNuvicst.
3237 1447 3579 1505 Cautabotibt-

2006 1525 2190 1593 inquit,
2222 1529 2468 1582 canticum
2496 1547 2696 1584 novum.
2729 1532 2830 1588 Sed
2865 1550 2928 1587 ne
2962 1544 3108 1603 putes
3130 1538 3349 1606 gratiam
3379 1555 3406 1592 a
3439 1540 3579 1610 Lege

2005 1614 2296 1683 discedere,
2331 1635 2448 1673 eum
2483 1623 2647 1692 magis
2673 1638 2764 1692 per
2785 1629 3005 1693 gratiam
3037 1625 3140 1680 Lex
3173 1628 3485 1697 impleatur:
3512 1630 3579 1685 In

2007 1707 2240 1774 psalterio
2285 1708 2453 1762 decem
2496 1713 2799 1764 chordarum
2841 1715 3056 1784 psallam
3103 1717 3208 1770 tibi.
3244 1717 3307 1771 In
3337 1721 3574 1788 psalterio

2007 1796 2171 1848 decem
2202 1798 2542 1866 chordarum,
2576 1803 2626 1854 in
2656 1801 2796 1872 Lege
2837 1804 3018 1858 decem
3051 1819 3430 1878 prmceptorum
3461 1829 3473 1864 :
3505 1813 3575 1867 ibi

2010 1886 2100 1939 tibi
2120 1888 2356 1955 psallam,
2379 1889 2449 1944 ibi
2475 1891 2561 1945 tibi
2584 1893 2862 1960 gaudeam,
2883 1895 2950 1946 ibi
2979 1895 3068 1949 tibi
3087 1908 3292 1952 cantem
3313 1902 3574 1956 canticum

2009 1991 2238 2042 novum;
2269 1979 2387 2048 quia
2420 1980 2687 2050 plenitudo
2714 1982 2869 2052 chis
2895 1985 3124 2039 charitas
3148 1997 3228 2041 est
3258 1989 3432 2058 (Rom.
3464 2009 3580 2054 xm.

2010 2067 2129 2138 10).
2171 2069 2427 2124 Cartcrum
2472 2072 2561 2141 qui
2605 2087 2708 2126 non
2757 2075 2948 2130 habent
2987 2076 3338 2147 charitatcm,
3373 2094 3581 2152 portare

2010 2157 2313 2226 psalterium
2341 2170 2581 2230 possunt,
2609 2173 2823 2218 cantare
2847 2181 2947 2218 non
2980 2178 3215 2236 possunt.
3247 2169 3357 2240 Ego
3383 2173 3580 2242 itaque,

2009 2247 2200 2320 inquit,
2232 2250 2371 2306 inter
2398 2267 2564 2321 aquas
2591 2256 3025 2312 contradictionis
3046 2260 3270 2314 cantabo
3293 2263 3384 2316 tibi
3413 2267 3582 2320 cauti-

2008 2352 2128 2392 cum
2161 2355 2389 2406 novum;
2433 2351 2485 2396 ct
2527 2359 2793 2414 nunquam
2827 2349 3046 2416 strepitu
3077 2364 3173 2402 suo
3200 2350 3395 2407 facient
3432 2371 3580 2426 aqua:

2009 2427 2461 2494 contradictionis,
2491 2441 2546 2485 ut
2576 2432 2905 2490 ohlumcseat
2938 2438 3242 2505 psalterium
3273 2457 3445 2496 meum
3476 2463 3488 2497 :
3518 2444 3580 2500 In

2011 2515 2248 2584 psalterio
2275 2518 2443 2572 decem
2480 2521 2781 2574 chordarum
2811 2527 3026 2593 psallunt
3054 2529 3158 2581 tibi.

2083 2607 2168 2661 17.
2199 2605 2346 2679 [rem
2376 2609 2442 2664 10
2465 2651 2479 2675 ,
2515 2610 2625 2684 11.]
2668 2613 2764 2680 Qui
2794 2615 2879 2667 dat
2905 2618 2924 2646 ¹
2955 2619 3166 2673 salutent
3206 2624 3399 2692 regibus
3425 2642 3444 2681 :
3473 2627 3580 2695 jam

2011 2693 2333 2752 iuuantibus
2355 2701 2640 2756 montibus.
2671 2704 2770 2768 Qui
2794 2705 2989 2760 redimit
3015 2708 3181 2763 David
3200 2730 3392 2768 srrrum
3411 2693 3580 2772 suum.

2011 2787 2308 2856 Aguoscitis
2338 2789 2502 2846 David
2527 2833 2540 2854 ,
2575 2803 2744 2848 estote
2774 2796 2957 2851 David.
2998 2799 3148 2854 Unde
3176 2803 3382 2858 redimit
3424 2808 3580 2864 David

2010 2890 2224 2930 Servum
2255 2881 2445 2934 suum?
2473 2883 2609 2937 unde
2639 2885 2848 2939 redimit
2877 2888 3140 2944 Christum
3164 2893 3186 2944 ?
3215 2896 3351 2948 unde
3377 2899 3580 2958 redimit

2010 2983 2203 3040 Corpus
2229 2969 2464 3026 Christi?
2491 2972 2569 3027 De
2593 2975 2765 3045 gladio
2792 2980 3011 3050 maligno
3035 2999 3149 3036 (rue
3173 3001 3268 3037 me.
3295 2986 3372 3040 De
3391 2991 3579 3058 gladio,

2012 3075 2115 3113 nou
2144 3063 2372 3128 sufﬁcit;
2405 3065 2568 3130 addit,
2607 3068 2847 3135 maligno.
2880 3071 3066 3125 Procul
3094 3073 3250 3128 dubio
3277 3087 3356 3130 cst
3381 3080 3580 3146 gladius

2011 3149 2289 3218 benignus.
2317 3151 2448 3218 Quis
2469 3163 2549 3207 est
2568 3155 2775 3224 gladius
2799 3157 3090 3228 benignus?
3114 3163 3186 3216 De
3207 3180 3308 3232 quo
3333 3165 3581 3224 Dominus
3631 3177 3638 3183 ‘

2010 3238 2137 3294 dicit
2165 3258 2178 3292 :
2211 3239 2330 3295 Non
2360 3244 2468 3296 veni
2499 3261 2670 3315 pacem
2702 3249 2892 3301 mittere
2920 3251 2970 3301 in
2999 3260 3181 3305 terram
3206 3295 3218 3318 ,
3250 3257 3336 3309 sed
3358 3261 3582 3327 gladium

2014 3327 2035 3396 (
2055 3329 2239 3382 Matth.
2261 3347 2312 3396 x,
2334 3331 2453 3404 54).
2501 3334 2849 3403 Separaturus
2865 3341 3004 3393 enim
3027 3347 3143 3397 erat
3174 3345 3355 3401 lidcles
3376 3350 3442 3404 ab
3470 3351 3582 3405 inﬁ-

2009 3417 2234 3488 delibus,
2264 3420 2400 3477 ﬁlios
2428 3437 2455 3475 a
2487 3427 2806 3493 parentibus,
2837 3439 2890 3483 ct
2915 3441 3134 3488 caeteras
3169 3441 3583 3498 necessitudines

2009 3507 2386 3580 dirempturus,
2406 3514 2580 3584 gladio
2611 3521 2939 3587 putredincm
2969 3524 3330 3596 ahsciudente,
3351 3535 3584 3590 membra

2008 3609 2186 3655 autem
2221 3601 2415 3657 Christi
2443 3617 2684 3662 sanante.
2721 3609 2815 3662 Est
2843 3626 2969 3681 ergo
2999 3615 3250 3685 benignus
3277 3620 3480 3689 gladius
3509 3625 3585 3678 hii

2008 3701 2212 3758 acutus,
2230 3702 2449 3765 utroque
2465 3700 2704 3753 acumine
2724 3713 3038 3772 praepotens,
3059 3707 3260 3763 Veteris
3277 3719 3326 3764 et
3344 3713 3469 3767 Novi
3493 3715 3587 3770 Te.

2009 3787 2275 3852 stamenti,
2302 3791 2598 3844 narratione
2627 3793 3009 3858 prieteiiforum
3036 3806 3088 3850 et
3115 3801 3466 3867 promissione
3495 3805 3548 3860 fu
3571 3837 3582 3845 -

2012 3883 2270 3929 turorum.
2305 3877 2398 3931 Est
2426 3895 2551 3948 ergo
2580 3881 2678 3934 iste
2704 3883 2911 3949 gladius
2938 3886 3193 3955 benignus
3234 3907 3248 3944 :
3290 3891 3378 3946 ille
3404 3903 3580 3949 autem

2009 3963 2269 4032 malignus
2299 3975 2377 4020 est
2415 3982 2522 4036 quo
2559 3969 2629 4022 illi
2671 3969 2957 4036 loqimntur
2983 3975 3266 4032 vanitatem
3293 3997 3307 4044 ;
3340 3984 3460 4051 quia
3493 3983 3579 4038 be-

2011 4055 2198 4124 nignus
2218 4064 2318 4121 est,
2343 4072 2446 4127 quo
2474 4058 2613 4112 Deus
2637 4059 2866 4129 loquitur
2888 4065 3182 4120 veritatem.
3218 4071 3372 4141 Ergo,
3403 4073 3446 4126 Α
3465 4075 3581 4144 gla-

2010 4146 2094 4200 dio
2120 4147 2339 4218 maligno
2368 4166 2482 4204 erue
2510 4167 2605 4206 me.
2639 4151 2764 4206 Filii
2791 4156 2983 4224 quippe
3013 4158 3268 4214 hominum
3298 4165 3464 4218 dentes
3493 4185 3577 4221 eo-

2009 4251 2120 4288 rum
2150 4252 2291 4290 arma
2320 4247 2366 4291 et
2407 4241 2602 4310 sagitta:
2625 4283 2638 4305 ,
2668 4251 2714 4295 et
2751 4242 2923 4314 lingua
2965 4263 3134 4301 eorum
3179 4253 3377 4322 gladius
3407 4268 3583 4312 acutus

2011 4321 2188 4394 (Psal.
2238 4342 2339 4392 Lvt,
2387 4329 2458 4398 5)
2501 4345 2512 4382 :
2558 4331 2622 4384 ab
2661 4331 2761 4386 hoc
2803 4335 2977 4403 gladio
3027 4321 3256 4410 maligno
3300 4360 3426 4401 erue
3471 4363 3575 4402 me.

2009 4414 2175 4481 Quem
2206 4418 2341 4472 dixit
2369 4421 2525 4474 modo
2549 4422 2799 4491 gladium,
2831 4427 2969 4495 ipsas
2995 4432 3236 4498 superius
3262 4434 3391 4490 dixit
3420 4452 3583 4508 aquas

2009 4507 2200 4562 multas
2237 4526 2250 4562 :
2289 4508 2426 4565 Erue
2463 4528 2541 4566 me
2578 4514 2640 4568 de
2678 4517 2820 4584 aquis
2859 4519 3047 4574 multis.
3092 4523 3233 4590 Onus
3269 4528 3380 4582 dixi
3419 4507 3583 4600 aquas

2010 4597 2199 4651 multas
2223 4641 2237 4664 ,
2268 4599 2436 4668 ipsum
2481 4603 2599 4657 dico
2640 4606 2869 4674 gladium
2903 4612 3208 4681 malignum.
3256 4597 3486 4688 Denique
3511 4621 3577 4676 de

2008 4690 2159 4757 aquis
2181 4691 2356 4745 multis
2378 4708 2496 4746 cum
2524 4694 2783 4761 dixisset;
2809 4709 3021 4755 secutus
3046 4711 3144 4763 est,
3170 4703 3246 4758 De
3271 4723 3421 4759 numu
3438 4709 3546 4776 ﬁlio
3563 4742 3575 4751 -

2008 4794 2119 4831 runt
2140 4777 2435 4847 alienarunt,
2464 4800 2673 4852 quarunt
2701 4802 2755 4840 os
2780 4787 2999 4841 locutum
3025 4801 3097 4844 est
3116 4793 3400 4851 vanitatem.
3432 4797 3494 4851 Et
3520 4810 3576 4854 ut

2009 4869 2221 4923 noveris
2248 4869 2388 4938 ipsos
2410 4871 2510 4925 dici
2537 4893 2550 4937 ;
2582 4887 2700 4927 cum
2729 4886 2780 4928 et
2809 4876 2892 4930 hic
2917 4878 3153 4942 dixisset,
3185 4883 3257 4937 De
3273 4886 3443 4954 gladio
3468 4907 3578 4942 ma-

2009 4958 2145 5029 ligno
2169 4975 2285 5013 erue
2313 4977 2407 5022 me,
2427 4970 2637 5017 secutus
2664 4973 2763 5028 est,
2790 4965 2854 5018 Et
2883 4969 3041 5020 exime
3070 4989 3146 5022 me
3172 4973 3234 5024 de
3261 4990 3408 5028 manu
3439 4979 3577 5045 filia-

2007 5065 2120 5101 rum
2145 5049 2421 5103 alienorum
2443 5092 2455 5113 ,
2482 5068 2692 5121 quorum
2720 5071 2772 5108 os
2799 5055 3018 5110 locutum
3061 5071 3129 5113 est
3158 5065 3423 5119 vanitatem
3452 5083 3472 5122 :
3499 5069 3543 5123 si
3560 5099 3574 5107 -

2007 5139 2204 5193 militer
2230 5139 2370 5193 sicut
2407 5142 2495 5194 ibi.
2541 5142 2604 5196 Et
2652 5145 2790 5212 quod
2837 5148 3105 5216 sequitur,
3148 5151 3367 5207 Dextera
3405 5173 3575 5214 eorum

2009 5229 2212 5283 dextera
2237 5231 2542 5300 iniquitatis;
2574 5235 2672 5290 hoc
2699 5245 2748 5290 et
2778 5251 2934 5306 supra
2964 5254 3228 5308 posuerat,
3259 5248 3468 5314 quando
3485 5265 3578 5306 eos

2007 5319 2213 5374 dixerat
2234 5336 2398 5390 aquas
2423 5323 2634 5378 multas.
2661 5325 2738 5378 Tu
2759 5327 2898 5379 etiim
2923 5343 2988 5380 ue
3011 5345 3175 5398 aquas
3201 5335 3393 5390 multas
3414 5339 3583 5396 bonas

2009 5421 2257 5479 putares,
2299 5414 2539 5483 exposuit
2565 5429 2654 5468 eas
2693 5416 2746 5470 in
2784 5415 2961 5486 gladio
2990 5420 3238 5491 maligno.
3275 5424 3427 5482 Nunc
3451 5443 3578 5500 ergo

2008 5511 2235 5569 exponat
2264 5503 2401 5572 quod
2431 5502 2580 5568 dixit,
2615 5504 2840 5571 Quarum
2869 5524 2923 5562 os
2945 5509 3164 5566 locutum
3192 5525 3265 5568 est
3288 5518 3574 5586 vanitatem,

2076 5637 2093 5702 ξ
2119 5637 2401 5702 [tequidem
2427 5643 2532 5702 Mss.
2550 5645 2614 5702 Ast
2636 5640 2769 5698 Edd.,
2793 5641 2952 5702 gratia
2981 5651 3067 5694 est.

2071 5697 2248 5772 gaudi,
2273 5698 2356 5772 dat
2377 5707 2471 5772 ;.et
2494 5698 2634 5772 intra,
2659 5697 2878 5772 redemit.
2903 5710 2970 5772 at
2990 5712 3095 5772 ttss.
3137 5705 3337 5772 aliquot,
3360 5708 3486 5772 das:
3529 5726 3577 5768 et

2027 5764 2204 5830 mica;
2230 5759 2450 5830 redemit.
2477 5761 3100 5830 vel,_.redemist_i._ouidam,
3127 5759 3233 5830 dat;
3255 5779 3308 5821 et
3325 5759 3574 5827 viavia:

2027 5771 2195 5812 resuta,
2230 5771 2450 5818 redemit,
2477 5771 2575 5818 vel,
2602 5771 2863 5813 redemisti.
2890 5771 3100 5824 Quidam,
3127 5771 3172 5818 dt

2008 5771 2150 5881 iuxta
2171 5826 2318 5871 Graec.
2344 5829 2469 5883 LXX,
2497 5822 2543 5873 td
2564 5821 2767 5875 didanti.
2794 5827 2840 5875 te
2863 5825 3172 5879 lutrountcnd.

2727 5907 3316 5986 (Cingunntcmm/Zi
