4084 6448
519 462 648 520 1867

513 591 560 635 st
589 579 792 634 dextera
829 591 1001 631 eorum
1027 574 1228 627 dextera
1259 570 1552 641 iniquitatis.
1601 566 1768 636 Quam
1802 565 2090 620 vanitatem

518 670 750 725 locutum
773 675 854 721 est
874 682 932 718 os
955 664 1176 719 eorum?
1203 675 1252 717 et
1275 661 1540 732 quomodo
1562 659 1764 714 dextera
1787 672 1959 711 eorum
1982 655 2099 707 dex-

516 769 622 815 tera
651 754 967 825 iniquitatis?

591 852 678 907 i8.
709 849 871 923 [vcrs.
905 843 1132 918 1245.]
1175 844 1401 910 Quorum
1445 843 1538 912 ﬁlii
1573 842 1793 910 ipsorum
1832 836 1960 891 velut
2001 851 2094 887 no-

519 945 662 998 vella:
686 941 1014 996 constabilita?
1055 940 1106 991 in
1143 939 1400 1008 juvcntnte
1438 950 1546 986 sua.
1582 931 1909 986 Felicitatem
1951 927 2094 994 ipso—

515 1050 636 1090 rum
663 1031 776 1086 vult
805 1043 1136 1083 enumerare.
1173 1025 1456 1086 Attendite,
1491 1022 1580 1076 ﬁlii
1613 1020 1764 1082 lueis,
1793 1017 1881 1071 lilii
1916 1016 2091 1085 pacis;

516 1124 773 1179 attendite
798 1163 811 1185 ,
845 1120 934 1174 ﬁlii
965 1119 1216 1174 Ecclesia:
1239 1158 1251 1181 ,
1296 1115 1529 1168 membra
1574 1111 1767 1164 (Ihristi
1796 1125 1809 1173 ;
1841 1107 2095 1160 attendite

517 1229 650 1284 quos
677 1213 817 1268 dicat
847 1209 1190 1276 alienigenas,
1220 1221 1350 1275 quos
1379 1204 1519 1258 dicat
1551 1201 1686 1254 ﬁlios
1713 1199 1934 1259 alienos,
1961 1208 2095 1265 quos

516 1305 658 1361 dicat
679 1317 841 1372 aquas
865 1298 1296 1353 contt'adittionis
1320 1339 1333 1362 ,
1363 1310 1494 1364 quos
1524 1293 1662 1345 dicat
1685 1289 1916 1360 gladium
1947 1287 2096 1339 mali-

514 1409 696 1464 gnum.
725 1391 995 1446 Attendite
1017 1431 1029 1454 ,
1061 1389 1314 1450 obsecro;
1348 1385 1466 1455 quia
1499 1384 1635 1436 inter
1662 1381 1792 1435 istos
1825 1377 2092 1448 periclita-

515 1485 685 1548 mini,
732 1483 868 1536 inter
912 1481 1098 1533 horum
1147 1478 1352 1546 linguas
1397 1475 1652 1528 adversus
1698 1471 1870 1524 carnis
1904 1476 2094 1521 vestrae

516 1573 777 1628 desideria
815 1571 1077 1625 dimicatis
1108 1587 1119 1620 :
1156 1569 1292 1622 inter
1335 1566 1523 1620 hmum
1572 1564 1775 1631 linguas
1814 1560 2010 1628 positas
2041 1559 2092 1611 in

515 1679 675 1718 manu
705 1663 899 1716 diaboli
927 1705 940 1728 ,
971 1662 1036 1715 de
1066 1661 1254 1731 quibus
1283 1666 1513 1728 pugnat,
1541 1652 1964 1709 colluctationem
1998 1650 2091 1702 ba-

513 1755 672 1820 belis,
701 1771 800 1807 non
831 1755 1067 1806 adversus
1096 1768 1294 1804 carnem
1325 1759 1370 1802 et
1398 1747 1709 1817 sanguinem,
1741 1744 1830 1797 sed
1857 1743 2094 1796 adversus

515 1847 768 1916 principes
791 1855 834 1898 et
859 1853 1140 1915 potestates.
1165 1851 1208 1896 et
1236 1851 1448 1894 rectores
1474 1837 1647 1890 mundi
1670 1834 1981 1889 tenebrarum
2004 1833 2093 1884 Ita-

511 1953 625 1989 rum
656 1934 883 2007 (Ephes.
906 1951 957 1988 vr
976 1975 990 2000 ,
1019 1935 1085 1988 12
1104 1933 1120 2000 )
1142 1974 1155 1996 ,
1180 1933 1281 1985 hoc
1308 1939 1387 1983 est
1408 1971 1421 1992 ,
1451 1929 1772 1996 iniquorum.
1801 1923 2088 1986 Attendite,

514 2036 574 2080 ut
593 2026 904 2081 discernatis
929 2040 1024 2079 vos
1048 2040 1062 2088 ;
1090 2021 1366 2084 attendite,
1399 2036 1462 2073 ne
1495 2017 1686 2087 putetis
1711 2031 1890 2069 veram
1925 2013 2090 2067 fclici-

515 2127 675 2172 tatem
704 2133 842 2182 esse,
873 2132 1027 2186 quam
1060 2115 1160 2169 sibi
1188 2123 1372 2184 optant
1399 2111 1639 2165 hetnines
1664 2119 1753 2162 aut
1783 2107 1975 2161 inﬁrmi
2003 2115 2092 2158 aut

512 2211 748 2280 maligni.
785 2209 939 2272 Ecce,
973 2207 1182 2272 fratres,
1208 2213 1352 2258 certe
1387 2201 1521 2254 ﬁlios
1551 2200 1750 2253 alienos
1773 2197 1921 2260 dixit,
1948 2205 2091 2249 certe

511 2320 677 2375 aquas
707 2303 918 2363 multas,
952 2309 1096 2354 certe
1123 2296 1351 2368 gladium
1385 2294 1694 2361 malignum.
1725 2289 1908 2343 Videte
1941 2285 2089 2338 vani-

511 2404 676 2450 tatem
704 2408 859 2463 quam
889 2393 1192 2460 loquuntur,
1225 2397 1276 2441 et
1304 2393 1489 2440 cavete
1514 2401 1580 2436 tte
1612 2382 1732 2434 talia
1763 2377 2085 2449 loquamini,

510 2493 693 2539 cavete
723 2498 786 2537 ne
815 2482 936 2536 talia
976 2480 1250 2550 loquentes
1277 2473 1572 2530 imitemini.
1608 2474 1833 2539 Quorum
1871 2485 1926 2522 os
1952 2469 2088 2520 locu-

513 2587 615 2628 tum
644 2585 717 2629 est
745 2573 1029 2636 vanitatem,
1063 2579 1109 2623 et
1135 2569 1339 2622 dextera
1367 2581 1535 2618 eorum
1563 2563 1764 2616 dextera
1792 2559 2084 2630 iniquitatis.

510 2669 678 2734 Quam
701 2665 981 2718 vanitatem
1005 2662 1236 2714 locutum
1257 2666 1338 2711 est
1357 2670 1416 2709 os
1438 2669 1643 2716 eorum,
1662 2662 1710 2705 et
1734 2667 1849 2720 qua:
1871 2649 2087 2702 dextera

511 2772 695 2811 θυι-ιιι]
739 2754 1022 2823 iniquitatis
1067 2759 1150 2806 est
1187 2748 1454 2804 dextera?
1494 2745 1627 2800 Audi
1675 2761 1686 2796 :
1731 2743 1955 2810 Quorum
1994 2741 2088 2809 ﬁlii

511 2852 735 2920 ipsorum
761 2847 890 2901 velut
917 2846 1125 2900 novella:
1143 2841 1472 2898 constabilita:
1496 2857 1526 2892 a
1542 2840 1800 2908 juventutc
1823 2851 1946 2898 sua;
1969 2832 2089 2901 [ilia-2

510 2958 681 2996 eorum
712 2939 998 3009 composita:
1020 2979 1034 3003 ,
1066 2946 1111 2991 et
1157 2944 1347 2990 ornata:
1383 2933 1510 2987 sicut
1552 2929 1826 2985 similitudo
1870 2924 2040 2992 templi
2067 2943 2085 2979 :

511 3029 718 3084 cellaria
767 3046 938 3084 eorum
983 3029 1129 3098 plena
1155 3068 1168 3092 ,
1214 3025 1489 3080 eructantia
1527 3039 1586 3076 ex
1615 3022 1706 3074 hoc
1735 3021 1784 3072 in
1813 3019 1904 3071 hoc
1928 3035 1945 3070 :
1977 3032 2088 3070 oves

513 3140 687 3176 eorum
705 3122 952 3192 fecundae,
982 3119 1373 3189 multiplicantes
1394 3117 1446 3169 in
1476 3114 1750 3185 egressibus
1775 3112 1876 3166 suis
1898 3127 1916 3174 ;
1944 3109 2087 3164 boves

508 3232 677 3269 eorum
705 3215 863 3268 crassi
895 3228 912 3265 :
940 3229 1039 3266 non
1078 3220 1151 3265 est
1189 3210 1336 3263 ruina
1373 3209 1504 3279 scpis
1525 3248 1541 3274 ,
1583 3222 1672 3259 nec
1701 3205 1891 3269 exitus;
1931 3218 2088 3272 neque

506 3305 699 3358 clamor
728 3304 778 3356 in
813 3302 989 3374 pluteis
1025 3317 1214 3354 eorum.
1255 3299 1394 3368 Ergo
1435 3312 1540 3351 non
1580 3305 1661 3350 est
1692 3296 1791 3349 ista
1821 3291 2087 3348 felicitas?

509 3397 781 3466 Interrogo
810 3396 941 3449 ﬁlios
973 3394 1119 3463 regni
1149 3393 1402 3447 caelorum
1425 3431 1438 3455 ,
1471 3390 1739 3458 interrogo
1779 3385 2084 3457 progeniem

508 3487 916 3542 resurrectionis
943 3484 994 3538 in
1025 3493 1302 3546 aeternum,
1334 3483 1599 3548 interrogo
1629 3493 1822 3547 corpus
1848 3475 2040 3532 Christi
2068 3518 2082 3542 ,

506 3577 744 3631 membra
776 3575 1004 3640 Christi,
1035 3573 1286 3642 templum
1320 3571 1410 3625 Dei
1438 3587 1450 3621 :
1483 3570 1620 3637 Ergo
1649 3584 1754 3622 non
1779 3576 1862 3622 est
1887 3568 1984 3621 ista
2015 3567 2087 3622 l'e-

507 3672 679 3734 lieitas
700 3712 713 3736 ,
747 3669 941 3722 habere
973 3667 1109 3721 ﬁlios
1139 3665 1430 3720 incolumes
1454 3705 1466 3729 ,
1499 3663 1630 3716 ﬁlias
1656 3670 1868 3716 ornatas
1888 3701 1901 3724 ,
1928 3661 2084 3731 plena

506 3761 742 3825 cellaria,
772 3757 1090 3812 abundantia
1124 3770 1333 3826 pecora,
1365 3753 1561 3808 nullam
1586 3752 1814 3817 ruinam,
1838 3766 1940 3806 non
1968 3751 2086 3805 dico

507 3851 745 3922 parietis,
769 3850 858 3904 Sed
889 3864 986 3903 nec
1007 3848 1177 3918 sepis;
1203 3847 1400 3900 nullum
1426 3845 1702 3899 tumultum
1725 3851 1778 3897 et
1797 3844 2083 3897 clamorem

509 3944 560 3994 in
585 3941 789 4010 plateis,
817 3941 907 3992 sed
937 3939 1187 4005 quietem,
1216 3951 1419 4006 pacem,
1454 3933 1848 3998 abundantiam,
1880 3934 2083 4002 copiam

506 4048 684 4087 rerum
728 4032 778 4085 in
809 4029 1082 4093 domibus,
1121 4029 1170 4081 in
1204 4026 1536 4082 civitatibus?
1571 4026 1706 4095 Ergo
1736 4035 1948 4079 nonest
1986 4027 2083 4078 ista

506 4121 770 4175 felicitas?
796 4130 881 4172 aut
914 4119 1108 4174 debent
1137 4133 1250 4170 eam
1281 4117 1405 4186 justi
1435 4115 1726 4184 defugere?
1753 4122 1842 4167 aut
1869 4131 1970 4168 non
2001 4115 2085 4167 in-

508 4211 658 4264 venis
681 4218 731 4262 et
757 4209 968 4262 domum
991 4207 1115 4277 justi
1143 4206 1496 4260 abundantem
1529 4205 1687 4258 rebus
1714 4203 1795 4256 his
1817 4203 2082 4268 omnibus,

507 4305 715 4374 plenam
741 4301 835 4354 ista
866 4298 1148 4353 felicitate?
1177 4297 1291 4351 Non
1323 4305 1436 4350 erat
1460 4296 1648 4349 domus
1674 4294 1896 4349 Abrahze
1917 4295 2085 4349 abun-

508 4393 642 4448 dans
662 4406 809 4452 auro,
834 4399 1073 4458 argento,
1102 4388 1240 4452 ﬁliis,
1269 4388 1485 4451 familia,
1515 4386 1792 4454 pecoribus
1817 4384 1963 4457 (Gen.
1987 4401 2079 4450 xu,

508 4485 581 4549 5;
609 4491 653 4536 et
686 4495 795 4541 χιιι,
822 4479 996 4548 2-6)?
1035 4477 1219 4532 Nonne
1249 4476 1410 4530 Jaeoh
1441 4485 1654 4530 sanctus
1685 4475 1975 4544 patriarcha
2008 4475 2088 4528 l'u-

507 4576 659 4645 giens
684 4589 710 4624 a
746 4571 876 4625 facie
906 4571 1039 4624 Esau
1082 4567 1259 4621 fratris
1289 4567 1368 4620 sui
1401 4568 1450 4620 in
1483 4567 1908 4637 Mesopotamiam
1929 4609 1943 4632 ,
1973 4581 2084 4620 ser-

509 4669 658 4722 viens
683 4667 877 4721 ditatus
899 4704 914 4730 ,
954 4675 1228 4732 regressus
1255 4670 1372 4724 est,
1414 4670 1467 4715 et
1492 4661 1598 4728 egit
1638 4660 1832 4727 gratias
1864 4660 2084 4713 Domino

510 4760 620 4814 Deo
639 4773 757 4823 suo,
773 4757 892 4825 quia
916 4755 967 4810 in
981 4755 1122 4822 virga
1145 4768 1239 4806 sua
1263 4753 1469 4806 transiit
1490 4751 1723 4815 ﬂuvium,
1743 4761 1794 4804 et
1813 4765 2086 4821 regressus

512 4857 597 4905 est
619 4863 736 4903 cum
762 4856 900 4901 tanta
924 4844 1244 4899 abundantia
1269 4858 1515 4912 pecorum
1542 4851 1699 4911 atque
1724 4843 1946 4896 ﬁliorum
1971 4841 2078 4912 (Id.

512 4955 658 5003 xxxt,
691 4938 756 4993 18
776 4954 789 5002 ;
810 4947 853 4990 et
880 4953 1044 5001 χχιιι,
1066 4934 1271 5002 7-10)’ἓ
1300 4934 1431 5001 Quid
1460 4933 1684 4986 dicimus
1703 4931 1726 4984 ’ἶ
1755 4948 1858 4986 non
1885 4943 1962 4987 est
1987 4934 2081 4988 ista

511 5028 780 5086 felicitas?
817 5029 898 5082 Sit
926 5027 1087 5090 licet,
1119 5025 1212 5080 sed
1255 5025 1486 5079 sinistra.
1533 5022 1666 5088 Quid
1695 5032 1770 5076 est
1796 5063 1812 5088 ,
1845 5023 2078 5078 sinistra.

513 5119 864 5190 Temporalis,
893 5117 1150 5180 mortalis,
1182 5115 1490 5184 corporalis.
1523 5113 1653 5166 Nolo
1686 5113 1823 5167 illam
1847 5113 1955 5182 jam
1986 5113 2086 5168 dif-

513 5210 706 5281 fugias,
731 5208 823 5264 sed
847 5221 1018 5278 neque
1044 5207 1318 5262 dexteram
1351 5215 1520 5274 putes.
1545 5201 1660 5257 Non
1688 5204 1827 5258 enim
1859 5203 1944 5257 isti
1966 5203 2086 5258 ideo

514 5301 751 5371 maligni,
781 5299 899 5353 ideo
929 5299 1070 5361 vani,
1103 5297 1224 5366 quia
1258 5295 1339 5349 his
1367 5294 1732 5358 abundabant;
1761 5293 1853 5348 sed
1883 5295 2002 5362 quia
2031 5292 2083 5348 id

511 5393 651 5466 quod
679 5381 947 5446 sinistrum
969 5403 1086 5443 esse
1107 5387 1307 5449 debuit,
1334 5387 1382 5438 itt
1409 5386 1625 5440 dextera
1647 5386 1933 5456 ponebant.
1963 5385 2084 5442 Ideo

510 5496 557 5541 et
585 5486 788 5539 dextera
813 5495 983 5534 eorum
1008 5478 1212 5532 dextera
1241 5477 1554 5546 iniquitatis;
1584 5476 1701 5531 ideo
1730 5493 1784 5530 os
1808 5493 1979 5531 eorum
2010 5478 2086 5531 lo-

510 5586 679 5632 cutum
704 5583 775 5630 est
799 5573 1065 5627 vanitatem
1098 5585 1116 5623 :
1143 5571 1265 5640 quia
1297 5569 1397 5623 hoc
1435 5569 1486 5622 in
1513 5567 1730 5623 dextera
1758 5561 2080 5637 posuerunt,

511 5667 657 5738 quod
681 5671 731 5721 in
756 5666 964 5721 sinistra
993 5661 1189 5718 habere
1212 5661 1528 5716 debuerunt.
1555 5660 1689 5727 Quid
1717 5661 1856 5714 enim
1885 5661 1936 5714 in
1954 5660 2084 5716 des-

511 5766 627 5814 tera
657 5771 851 5827 ponere
893 5753 1222 5810 debuerunt?
1263 5752 1427 5806 Deum
1452 5793 1468 5817 ,
1499 5754 1846 5806 mternitatcm
1873 5794 1887 5818 ,
1915 5768 2083 5808 annos

511 5847 605 5906 Dei
645 5863 748 5901 non
791 5845 1132 5910 deficientes,
1166 5845 1232 5900 de
1261 5844 1450 5915 quibus
1491 5843 1717 5908 dicitur,
1755 5841 1819 5895 Et
1862 5845 1983 5896 anni
2011 5845 2085 5898 tui

1747 451 1802 505 S.
1846 451 1882 503 Α
1895 443 2204 504 [CESTI-Nl
2246 445 2546 506 EPlSCOPi

3639 466 3790 522 1868

2201 580 2300 646 non
2323 565 2552 633 deﬁcient
2575 566 2744 640 (Psal.
2768 585 2838 636 et,
2865 569 2966 641 28)
2993 593 3004 626 :
3028 573 3094 628 ibi
3117 576 3362 645 dextera,
3387 579 3458 635 ibi
3479 596 3600 639 esse
3620 584 3795 642 debet

2199 654 2520 711 desiderium
2548 667 2808 716 nostrum.
2834 662 3056 718 Sinistra
3081 675 3289 730 utamur
3311 670 3378 724 ad
3402 681 3626 742 tempus,
3651 675 3797 732 dex-

2201 755 2366 801 teram
2399 748 2760 805 desideremus
2789 753 2840 807 itt
2880 767 3161 811 internum.
3195 759 3397 815 Divitis:
3423 762 3468 816 si
3492 763 3678 832 ﬂuant,
3708 783 3795 823 ne

2199 842 2475 908 apponatis
2501 857 2593 896 eor
2619 842 2790 913 (Psal.
2821 862 2926 913 ut,
2961 849 3016 902 ll
3041 850 3082 919 ).
3125 848 3180 905 Si
3217 852 3357 907 enim
3387 854 3581 910 divitiis
3609 857 3795 914 fluen-

2201 931 2337 985 tibus
2365 949 2458 987 σοι·
2487 939 2838 1003 apposueritis
2862 979 2876 1005 ,
2910 941 3049 1008 quod
3076 941 3347 997 sinistrum
3385 955 3467 999 est
3486 987 3500 1010 ,
3529 947 3794 1007 dextrum

2198 1020 2420 1076 facietis.
2455 1022 2712 1095 Corrigite
2741 1043 2834 1083 vos
2859 1070 2873 1095 ,
2905 1032 3176 1099 agnoscite
3218 1035 3532 1106 sapientiam
3574 1043 3796 1110 ample.
3822 1041 3834 1048 ’

2197 1122 2427 1168 ctentem
2458 1131 2553 1169 vos
2579 1133 2592 1180 ;
2623 1118 2708 1172 cui
2738 1119 2935 1175 dictum
2965 1132 3083 1189 est,
3117 1124 3341 1180 Sinistra
3369 1131 3479 1197 eius
3501 1133 3590 1186 sub
3616 1137 3792 1204 capite

2198 1221 2325 1268 meo,
2351 1216 2397 1259 et
2425 1207 2627 1263 dextera
2653 1213 2760 1280 ejus
2785 1214 3139 1284 complectetur
3165 1235 3243 1273 me
3269 1218 3442 1292 (Cant.
3477 1240 3535 1290 ﬂ,
3567 1226 3658 1293 6).
3688 1211 3810 1283 ιιι-⁸

2197 1293 2316 1350 dcte
2337 1301 2592 1354 amatoria
2623 1313 2802 1357 saneta
2832 1307 3071 1373 cantica;
3101 1309 3275 1366 videte
3300 1312 3518 1370 Cantica
3546 1303 3818 1375 eantico-°

2196 1403 2335 1455 rum,
2369 1392 2669 1461 nuptiarum
2699 1395 2994 1452 cmlestium
3024 1401 3223 1456 Christi
3250 1414 3303 1458 et
3335 1405 3610 1464 Ecclesia.
3643 1411 3784 1478 Quid

2197 1479 2321 1534 dicit
2352 1496 2546 1550 Sponsa
2577 1483 2642 1539 de
2671 1489 2906 1554 Sponsa?
2938 1490 3160 1546 Sinistra
3197 1495 3305 1563 ejus
3330 1497 3420 1550 sub
3444 1499 3608 1567 capite
3638 1518 3780 1569 meo,

2197 1579 2243 1661 et
2281 1570 2485 1625 dextera
2522 1575 2629 1642 ejus
2669 1580 3023 1647 complectetur
3054 1599 3149 1637 me.
3176 1583 3400 1641 Sinistra
3441 1591 3542 1643 sub
3568 1593 3740 1661 capite
3763 1637 3782 1660 ,

2196 1659 2419 1716 dextera
2441 1677 2601 1733 Super
2624 1678 2797 1736 caput.
2828 1671 3209 1738 Amplectentis
3236 1678 3377 1731 enim
3400 1659 3784 1751 desuper—bra;-

2195 1751 2372 1808 chinm
2400 1769 2560 1824 super
2587 1768 2744 1828 caput
2765 1801 2780 1827 ,
2813 1761 3025 1816 sinistra
3066 1773 3241 1820 autem
3272 1767 3457 1824 subter
3485 1783 3660 1842 caput.
3692 1776 3783 1830 Si-

2196 1845 2353 1898 nistra
2374 1887 2386 1909 ,
2420 1847 2588 1917 inquit
2614 1890 2628 1912 ,
2659 1851 2768 1921 ejus
2797 1855 2886 1906 sub
2916 1855 3079 1925 capite
3106 1873 3236 1911 meo.
3262 1857 3376 1913 Non
3403 1863 3547 1916 enim
3580 1880 3664 1920 me
3686 1866 3783 1921 de-

2195 1949 2339 2028 seret
2379 1938 2430 1992 in
2473 1943 2852 2011 temporalibus
2899 1951 3214 2005 necessariis
3253 1970 3268 2006 :
3302 1955 3394 2008 sed
3444 1965 3619 2012 tamen
3664 1960 3782 2028 ipsa

2195 2027 2406 2082 sinistra
2434 2029 2534 2083 sub
2569 2034 2742 2101 capite
2767 2035 2864 2089 erit
2891 2052 2905 2102 ;
2951 2053 3055 2093 non
3083 2041 3241 2110 capiti
3270 2055 3610 2113 przeponetur
3632 2090 3648 2115 ,
3682 2027 3781 2104 sed

2193 2117 2294 2170 erit
2329 2118 2427 2171 sub
2469 2122 2674 2188 capite;
2724 2132 2780 2176 ut
2821 2124 3040 2181 dextera
3083 2129 3197 2198 ejus
3243 2135 3623 2204 complectatur
3653 2156 3778 2206 me,

2193 2207 2449 2273 pollicens
2471 2209 2631 2263 vitam
2653 2221 2926 2269 aeternam.
2961 2215 3033 2270 ita
3059 2219 3199 2274 enim
3226 2221 3437 2278 sinistra
3462 2227 3560 2280 sub
3579 2230 3779 2298 capite.

2193 2296 2236 2349 si
2267 2296 2482 2352 dextera
2508 2315 2668 2369 super
2688 2313 2845 2373 caput
2871 2322 2884 2371 ;
2915 2306 3266 2381 impleturque
3291 2316 3431 2384 quod
3455 2318 3470 2348 ¹
3496 2319 3562 2372 ad
3591 2296 3780 2376 Timo-

2195 2390 2370 2444 theum
2402 2393 2656 2462 scriptum
2688 2407 2768 2450 est
2807 2414 2820 2450 :
2863 2399 3253 2458 Promissionem
3293 2406 3478 2464 habens
3507 2413 3619 2466 vita:
3646 2431 3781 2482 pra:-

2191 2482 2342 2572 scntis
2367 2492 2411 2534 et
2440 2487 2625 2552 futurw
2652 2483 2701 2555 (Ι
2727 2485 2856 2540 Tim.
2880 2503 2951 2552 tv,
2977 2489 3062 2561 8).
3106 2491 3497 2552 Promissionem
3517 2543 3532 2566 ,
3569 2503 3736 2572 inquit
3758 2547 3777 2570 ,

2193 2569 2376 2625 habens
2403 2574 2515 2626 vitm
2543 2579 2801 2645 prwsentis
2828 2589 2872 2632 et
2899 2580 3100 2648 futura’.
3132 2585 3266 2652 Quid
3297 2587 3348 2641 in
3380 2569 3671 2659 praesenti?
3699 2569 3782 2651 Si;

2191 2662 2349 2716 nistra
2378 2665 2467 2720 sub
2494 2668 2674 2758 capite.
2706 2670 2843 2737 Quid
2865 2673 2914 2724 in
2945 2671 3160 2729 futuro?
3185 2675 3405 2734 Dextera
3429 2685 3537 2752 ejus
3563 2689 3778 2758 comple-

2191 2763 2348 2807 ctetur
2372 2772 2467 2808 me.
2500 2756 2748 2826 Tempori
2777 2767 3074 2819 necessaria
3102 2769 3374 2836 qmeritis?
3417 2774 3638 2838 Quazrite
3662 2756 3774 2847 pri-

2191 2861 2324 2898 mum
2365 2863 2572 2917 regnum
2613 2849 2743 2919 Dei,
2775 2853 2828 2907 id
2869 2865 2983 2925 est,
3015 2857 3324 2928 dexteram;
3371 2875 3417 2919 et
3461 2869 3568 2923 laws:
3603 2876 3778 2928 omnia

2189 2950 2503 3031 opponentur
2544 2941 2678 2996 vobis
2733 2943 2962 3015 (Matth.
3012 2964 3065 3004 vt
3091 2991 3105 3016 ,
3153 2951 3279 3022 53).
3323 2955 3598 3016 liabebitis
3643 2961 3770 3031 hic,

2191 3027 2356 3099 inquit
2375 3070 2388 3092 ,
2423 3039 2476 3084 et
2501 3031 2714 3086 divitias
2738 3043 2790 3088 et
2818 3037 3036 3106 gloriam
3063 3080 3076 3104 ,
3108 3051 3160 3095 et
3187 3043 3238 3097 in
3268 3044 3441 3102 futuro
3466 3053 3661 3106 saeculo
3690 3027 3772 3108 vi;

2194 3126 2296 3172 tam
2325 3130 2578 3176 mternam
2606 3141 2621 3177 :
2649 3133 2704 3178 et
2733 3126 2946 3183 sinistra
2973 3132 3255 3189 continebo
3287 3136 3643 3197 inﬁrmitatem
3674 3161 3770 3202 ve-

2190 3217 2352 3264 stram
2379 3251 2394 3277 ,
2425 3220 2478 3265 et
2524 3212 2744 3270 dextera
2790 3220 3055 3297 coronabo
3104 3225 3483 3292 perfectionem
3516 3243 3768 3292 vestram.

2299 3301 2436 3357 forte
2463 3303 2702 3397 hpostoli
2733 3309 3090 3380 relinquentes
3112 3318 3287 3371 omnia
3315 3334 3428 3385 sua,
3457 3333 3550 3378 aut
3575 3341 3773 3397 paupe-

2189 3391 2336 3447 ribus
2355 3395 2494 3463 quod
2523 3395 2787 3452 habebant
2811 3401 3207 3471 distribuentes,
3232 3408 3348 3465 sine
3373 3391 3644 3470 divitiis-iu
3670 3391 3773 3474 hoc

2190 3484 2386 3539 szeeulo
2416 3491 2823 3544 remanserunt?
2861 3491 2927 3545 Et
2957 3494 3043 3547 ubi
3072 3504 3155 3549 est
3188 3497 3276 3552 illa
3317 3504 3602 3568 promissio
3636 3507 3770 3562 sini-

2190 3585 2312 3667 stra:
2338 3592 2352 3630 :
2375 3575 2597 3648 Accipiet
2623 3580 2673 3632 in
2701 3581 2795 3634 hoc
2824 3585 3008 3638 swculo
3033 3589 3213 3656 septies
3238 3599 3431 3646 tantum
3448 3595 3774 3667 ’2’Multipli-

2191 3665 2453 3720 cntionem
2479 3671 2736 3736 promisit.
2766 3673 2830 3726 Et
2859 3689 3064 3741 revera,
3095 3679 3220 3748 quid
3245 3680 3383 3736 desit
3412 3685 3608 3742 homini
3631 3665 3723 3745 Dei
3743 3692 3769 3744 2

2190 3754 2244 3811 Si
2275 3757 2392 3826 quis
2435 3760 2570 3814 forte
2610 3761 2838 3817 inﬁdelis
2877 3775 2995 3831 est,
3029 3783 3185 3824 unam
3213 3769 3431 3828 domum
3462 3786 3550 3831 aut
3575 3794 3765 3847 paucas

2190 3848 2346 3903 habet
2387 3870 2399 3902 :
2433 3849 2625 3907 Fidelis
2664 3854 2879 3910 hominis
2922 3867 3054 3913 totus
3089 3863 3303 3918 mundus
3331 3866 3619 3924 divitiarum
3651 3883 3725 3926 est
3747 3872 3768 3903 ⁸

2189 3936 2378 4008 (Prov.
2408 3956 2544 4006 xvn,
2572 3942 2605 3997 6
2629 3985 2641 4008 ,
2671 3946 2809 4015 apud
2833 3947 2968 4002 LXX
2989 3948 3028 4020 ).
3054 3949 3186 4007 Vide
3223 3954 3494 4012 sinistram
3524 3960 3638 4028 eius
3659 3963 3772 4032 ple-

2190 4045 2308 4083 nam
2334 4033 2432 4088 sub
2456 4035 2628 4104 capite
2656 4054 2668 4088 :
2699 4037 2919 4107 Accipiet
2943 4041 2994 4094 in
3022 4042 3114 4096 hoc
3139 4047 3320 4101 swculo
3345 4052 3527 4118 septies
3551 4061 3769 4108 tantum.

2195 4123 2327 4180 Vide
2357 4125 2629 4181 dexteram
2671 4133 3110 4201 complectentem
3149 4154 3161 4189 :
3207 4137 3275 4191 Et
3301 4144 3352 4193 in
3379 4146 3549 4212 futuro
3583 4149 3772 4202 steculo

2188 4218 2340 4270 vitam
2365 4228 2603 4274 cateruam
2631 4221 2852 4292 (Matth.
2873 4241 2980 4287 XIX,
3003 4225 3118 4297 29).
3144 4228 3328 4284 Merito
3353 4239 3406 4286 et
3429 4234 3536 4287 alio
3561 4236 3681 4292 loco
3703 4238 3774 4292 de

2190 4309 2300 4379 ipsa
2327 4309 2590 4380 Sapientia
2621 4313 2813 4368 dicitur
2838 4331 2850 4366 :
2883 4314 2948 4370 In
2973 4319 3176 4372 dextera
3202 4323 3312 4388 ejus
3339 4325 3461 4377 anni
3489 4326 3622 4391 vitta,
3650 4339 3696 4382 et
3719 4331 3772 4383 in

2188 4400 2393 4454 sinistra
2417 4404 2526 4474 ejus
2552 4403 2738 4458 divitia
2761 4416 2809 4459 et
2835 4407 2996 4462 honor
3023 4410 3039 4480 (
3066 4409 3218 4467 Prov.
3251 4429 3326 4478 Ill,
3362 4415 3478 4484 l6).

2262 4492 2347 4546 l9.
2398 4491 2562 4564 [vers.
2612 4493 2741 4568 l5.)
2786 4495 2940 4554 Unde
2984 4516 3110 4571 ergo
3142 4502 3227 4556 isti
3260 4506 3574 4576 vaniloqui?
3605 4526 3772 4578 quare

2189 4585 2475 4640 vanitatem
2505 4586 2735 4641 locutum
2767 4598 2848 4643 est
2877 4604 2937 4644 os
2962 4606 3143 4647 eorum
3165 4595 3189 4634 ν
3213 4594 3345 4662 Quia
3368 4598 3574 4653 dextera
3593 4617 3770 4654 eorum

2189 4674 2390 4727 dextera
2417 4676 2708 4747 iniquitatis.
2755 4677 2867 4733 Non
2895 4696 3021 4751 ergo
3047 4699 3140 4737 eos
3167 4700 3351 4756 arguo,
3383 4690 3506 4758 quia
3553 4690 3644 4745 ﬁlii
3669 4708 3768 4746 eo-

2189 4781 2305 4820 rum
2336 4766 2480 4822 velut
2523 4769 2745 4824 novella:
2774 4772 3120 4830 constabilitze
3146 4793 3176 4831 a
3203 4777 3477 4848 juventute
3505 4796 3624 4850 sua,
3666 4801 3767 4840 nec

2188 4860 2306 4931 quia
2337 4861 2454 4915 lilia:
2496 4878 2678 4917 eorum
2707 4874 2906 4918 ornatae
2948 4867 3083 4922 sicut
3111 4869 3397 4926 similitudo
3428 4875 3633 4943 templi,
3665 4893 3766 4933 nec

2188 4951 2308 5020 quia
2357 4959 2548 5006 caetera
2592 4953 2912 5009 abundantia
2941 4965 2994 5010 et
3038 4973 3137 5026 pax
3171 4968 3378 5015 terrena
3425 4963 3611 5023 aderat
3637 4966 3764 5022 eis:

2189 5039 2282 5095 sed
2326 5056 2488 5111 quare
2513 5043 2720 5113 arguo?
2749 5042 2960 5097 Beatum
3003 5047 3239 5101 dixerunt
3281 5053 3522 5120 populum
3548 5057 3628 5107 cui
3659 5055 3770 5111 hec

2189 5143 2324 5186 sunt.
2356 5133 2400 5188 Ο
2429 5134 2706 5204 loquentes
2747 5135 2989 5194 homines
3024 5141 3344 5197 vanitatem!
3377 5143 3588 5199 Beatum
3619 5149 3768 5203 dixe-

2189 5233 2305 5278 runt
2329 5225 2567 5295 populant
2596 5227 2676 5280 cui
2700 5226 2806 5281 lucc
2829 5236 2964 5282 sunt.
2996 5229 3347 5288 Perdiderunt
3374 5249 3552 5290 veram
3580 5235 3768 5295 dexte-

2254 5424 2271 5456 ¹
2299 5421 2522 5494 Plerique
2545 5430 2672 5494 Mss:
2704 5430 2775 5474 tta
2796 5425 2922 5494 enim
2935 5426 3143 5494 sinistra
3165 5429 3252 5480 sub
3271 5431 3442 5494 capite,
3465 5433 3666 5485 dea-tera
3684 5447 3767 5485 su-

2189 5498 2275 5549 per
2299 5485 2458 5542 caput,
2483 5485 2708 5548 impletur
2731 5490 2859 5549 quod
2877 5489 2960 5546 ad,
2988 5496 3079 5538 etc.

2253 5548 2506 5618 "Quatuor
2533 5548 2865 5618 atss.,_centie_s
2902 5556 3100 5600 tantum.
3141 5550 3226 5618 alii
3262 5566 3372 5618 eum
3403 5554 3535 5615 Edd.,
3589 5554 3766 5618 septies

2189 5613 2372 5657 tantum
2400 5620 2417 5680 ς
2443 5615 2494 5680 et
2515 5609 2585 5680 sic
2617 5608 2734 5680 alias
2767 5612 2920 5680 refert
2937 5614 3249 5680 _Augustittus
3271 5615 3399 5680 hunc
3434 5608 3673 5680 Evangelii
3698 5617 3767 5667 lo-

2189 5670 2564 5780 (ἒιὲιιὶῖυἳέἐὶἓῗῖιὲξθ
2579 5685 2667 5733 pro
2676 5670 3128 5736 ehotontaplasiona,
3140 5674 3352 5726 habebat
3376 5678 3423 5726 in
3441 5670 3613 5739 graec—"is
3631 5679 3767 5728 libris

2203 5744 2541 5781 entanutswna.

2231 5744 2541 5824 ρέαριαδιοηα-
2681 5793 2774 5812 .,..
3087 5803 3097 5810 ,
3707 5801 3717 5811 .

2231 5861 2235 5862 ν
2293 5799 2424 5862 Lam,
2449 5791 2616 5862 plenus
2639 5795 2914 5844 dutttarum
2950 5802 3037 5862 est.
3064 5803 3181 5862 ιω,
3205 5796 3389 5856 plenus,
3423 5799 3484 5847 ab
3507 5799 3618 5848 Fdd.
3641 5801 3768 5862 aliis,

2194 5861 2244 5902 et
2267 5865 2292 5902 a
2318 5861 2419 5903 Mss.
2448 5855 2602 5915 abest,
2625 5868 2783 5918 neque
2801 5859 3046 5918 reperitur
3079 5858 3124 5906 iu
3145 5855 3304 5908 Gra‘eo
3328 5865 3454 5924 cxx.
