4084 6456
635 513 764 570 1871
841 462 850 474 .

634 629 692 684 in
713 624 935 682 Domino
957 621 1063 676 Deo
1093 625 1201 686 tuo,
1224 616 1407 674 audies
1422 615 1683 674 dicentem
1711 615 2036 688 Scripturam
2060 635 2072 668 :
2094 616 2196 672 Do-

635 719 815 772 lectare
841 714 893 766 in
913 711 1127 765 Domino
1153 708 1322 777 (Psal.
1351 723 1532 770 xxxvi.
1561 708 1639 779 4).
1663 706 1831 762 Tanto
1855 707 2055 761 ﬁrmius
2075 722 2200 776 gau-

633 807 800 870 debis,
825 810 1020 874 quanto
1039 809 1123 857 est
1147 801 1233 856 ille
1258 800 1454 854 certior
1475 799 1527 852 in
1553 812 1658 868 quo
1677 797 1948 868 gaudebis.
1981 795 2035 851 Si
2057 797 2198 851 enim

630 898 829 970 gaudes
857 895 924 950 de
953 907 1192 958 nummo,
1225 892 1378 945 times
1407 889 1607 953 furem;
1636 889 1678 942 si
1708 900 1880 942 autem
1911 887 2109 958 gaudes
2134 887 2199 942 de

631 990 762 1054 Deo,
805 984 931 1056 quid
959 982 1154 1038 times?
1180 981 1256 1036 Ne
1299 980 1389 1034 tibi
1433 980 1708 1049 quisquam
1748 977 1951 1033 auferat
1993 978 2199 1031 Deum?

633 1082 798 1135 Deum
831 1077 922 1132 tibi
952 1089 1110 1131 nemo
1152 1073 1376 1137 auferet,
1421 1073 1466 1128 si
1499 1081 1552 1125 tu
1598 1087 1717 1126 eum
1764 1086 1868 1125 non
1913 1069 2195 1124 dimiseris.

630 1172 745 1228 Non
783 1171 922 1226 enim
952 1170 1029 1224 sic
1069 1174 1150 1222 est
1195 1167 1357 1230 Deus,
1401 1163 1664 1233 quomodo
1711 1163 1799 1241 lux
1841 1163 1938 1216 ista
1969 1162 2035 1216 de
2063 1161 2200 1217 coelo

631 1267 854 1336 fulgens.
883 1262 998 1317 Non
1023 1258 1234 1330 quando
1255 1257 1495 1311 volumus
1523 1255 1586 1309 ad
1612 1269 1728 1309 eam
1755 1253 2056 1308 accedimus
2078 1253 2198 1322 quia

632 1371 736 1411 non
779 1355 832 1409 in
861 1352 1003 1408 omni
1053 1351 1170 1407 loco
1216 1349 1376 1402 lucet.
1422 1346 1524 1401 Per
1567 1345 1921 1399 inlirmitatcm
1966 1354 2197 1396 neStram

632 1447 767 1500 forte
795 1445 872 1507 ﬁt,
920 1451 978 1496 ut
1017 1441 1190 1495 hieme
1229 1452 1327 1493 nos
1357 1436 1582 1491 delectet
1620 1449 1738 1490 esse
1786 1434 1837 1487 in
1890 1434 2000 1503 ipsa
2044 1434 2196 1487 luce:

626 1553 770 1591 nunc
812 1543 985 1588 autem
1017 1547 1112 1601 per
1139 1537 1375 1585 aestatem
1406 1526 1597 1581 videtis
1622 1525 1741 1595 quia
1772 1524 1937 1594 magis
1967 1538 2087 1577 eum
2120 1523 2198 1575 lo-

629 1642 749 1682 cum
777 1624 1135 1696 qumsivimus,
1185 1628 1241 1673 ut
1285 1619 1334 1672 in
1365 1619 1474 1686 ipsa
1513 1617 1630 1671 luce
1675 1630 1779 1669 non
1827 1621 2108 1668 staremus.
2143 1611 2197 1666 In

631 1719 739 1773 Deo
759 1724 932 1771 autem
953 1723 1042 1767 tuo
1067 1709 1275 1780 quando
1303 1716 1430 1770 stas,
1459 1716 1511 1762 et
1539 1707 1590 1760 in
1615 1705 1810 1758 lumine
1831 1704 2066 1759 veritatis
2086 1702 2202 1771 ejus

630 1810 931 1872 delectaris,
968 1821 1070 1860 non
1101 1802 1293 1872 quaeris
1319 1799 1493 1854 locum
1535 1813 1639 1867 quo
1679 1795 1746 1849 ad
1775 1811 1894 1849 eum
1917 1793 2196 1856 accedas;

630 1899 723 1954 sed
750 1894 1070 1952 conscientia
1101 1890 1321 1952 accedit,
1353 1887 1672 1942 conscientia
1700 1885 1917 1940 recedit.
1947 1883 2096 1951 Quod
2116 1883 2199 1935 di-

630 2000 772 2046 ctum
813 1996 913 2050 est,
959 1983 1187 2038 Accedite
1223 1981 1289 2033 ad
1336 1995 1466 2043 eum,
1513 1987 1560 2030 et
1603 1975 1962 2029 illuminamini
2011 1971 2196 2044 (Psal.

631 2096 813 2142 χχχιιι,
848 2078 901 2146 6)
937 2093 950 2130 :
979 2076 1155 2129 animo
1192 2072 1388 2126 dictum
1415 2077 1516 2134 est,
1549 2082 1654 2120 non
1688 2065 1968 2128 vehiculo;
1999 2062 2200 2116 aﬁ‘ecti-

629 2175 728 2230 bus
757 2173 952 2226 dictum
993 2176 1092 2230 cst,
1123 2181 1226 2220 non
1259 2163 1498 2234 pedibus.
1548 2161 1611 2214 Et
1640 2174 1760 2214 eum
1806 2158 1856 2211 in
1887 2171 1952 2211 eo
1995 2155 2158 2209 stabis
2181 2195 2197 2220 ,

630 2273 792 2318 aestus
820 2277 924 2316 non
958 2258 1192 2329 patieris.
1223 2254 1450 2324 Spiritus
1478 2251 1619 2307 enim
1639 2249 1861 2320 spirabit
1889 2245 2075 2312 tibi,ct
2102 2245 2201 2299 sub

631 2356 726 2410 alis
754 2355 870 2422 ejus
909 2350 1148 2421 sperabis
1176 2346 1345 2418 (Psal.
1380 2358 1471 2410 xc,
1502 2339 1580 2413 4).

701 2448 754 2501 4.
793 2445 952 2500 Vides
983 2459 1111 2512 ergo
1162 2439 1357 2493 habere
1387 2446 1437 2492 te
1478 2433 1742 2505 quomodo
1785 2431 2065 2487 delecteris
2108 2445 2202 2499 per

630 2538 864 2608 singulos
893 2537 1026 2591 dies.
1057 2533 1168 2588 Non
1196 2531 1336 2586 enim
1367 2538 1417 2583 te
1446 2527 1675 2582 dimittet
1704 2525 1843 2578 Deus
1871 2533 2013 2586 tuus,
2042 2521 2197 2574 etiam

630 2634 674 2688 si
703 2631 898 2701 aliquid
927 2630 1074 2682 triste
1094 2624 1364 2680 acciderit.
1392 2622 1560 2690 Quam
1581 2620 1720 2675 enim
1741 2619 1888 2673 triste
1907 2624 2040 2681 erat,
2059 2612 2199 2684 quod

628 2730 814 2777 sancto
834 2721 946 2774 viro
961 2718 1060 2773 Job
1085 2714 1346 2771 acciderat
1369 2714 1382 2767 l
1412 2713 1577 2780 Quam
1599 2717 1840 2778 repente,
1856 2723 2009 2777 quam
2033 2703 2198 2758 multa

631 2812 807 2866 mala!
839 2807 1278 2880 quemadmodum
1310 2805 1486 2858 omnia
1531 2802 1598 2856 de
1623 2801 1812 2871 quibus
1839 2797 2068 2868 gaudere
2101 2811 2198 2864 pu-

631 2904 857 2968 labatur,
909 2916 1011 2954 non
1057 2899 1124 2953 de
1169 2897 1359 2967 quibus
1401 2893 1682 2964 gaudebat,
1713 2889 1925 2946 diabolo
1965 2895 2200 2942 tentante

629 2994 895 3051 subtracta
931 2989 1082 3044 sunt!
1111 2984 1554 3058 quemadmodum
1585 2993 1638 3037 et
1685 2981 1775 3035 lilii
1818 2979 2009 3034 mortui
2037 2978 2195 3032 sunt!

630 3087 793 3142 Periit
817 3083 956 3155 quod
983 3081 1308 3143 servabatur,
1339 3078 1607 3146 perierunt
1631 3074 1824 3144 quibus
1851 3072 2196 3133 servabatur;

628 3194 728 3234 nec
756 3187 928 3232 tamen
959 3174 1111 3244 periit
1152 3171 1241 3242 qui
1285 3180 1340 3226 et
1371 3168 1498 3224 illud
1543 3177 1596 3223 et
1625 3169 1742 3221 illos
1788 3166 1952 3219 dedit.
2003 3165 2068 3217 Et
2100 3164 2197 3232 ipsi

628 3269 719 3321 lilii
767 3263 1010 3336 praesenti
1049 3263 1244 3317 saeculo
1275 3260 1568 3330 perierunt,
1617 3256 1934 3326 agnoscendi
1963 3264 2015 3308 ct
2059 3253 2198 3307 reci-

628 3356 806 3428 piendi
849 3357 902 3408 in
952 3353 1146 3407 futuro.
1180 3351 1271 3405 llle
1315 3360 1492 3403 tamen
1533 3348 1612 3401 vir
1643 3346 1843 3400 habens
1886 3343 2027 3397 aliud
2059 3343 2198 3396 unde

628 3447 902 3517 gauderet,
921 3447 972 3499 in
994 3460 1098 3514 quo
1116 3458 1296 3498 verum
1325 3450 1438 3495 erat
1465 3440 1604 3510 quod
1635 3438 1792 3492 modo
1808 3450 2197 3491 commemora-

628 3538 822 3599 vimus,
857 3533 962 3587 Per
990 3533 1211 3602 singulos
1236 3532 1339 3583 dies
1380 3529 1660 3582 benedicam
1687 3537 1731 3579 te
1754 3543 1772 3590 ;
1797 3525 2047 3596 numquid
2078 3526 2197 3592 quia

629 3629 721 3683 ille
744 3626 858 3680 dies
883 3640 988 3695 quo
1033 3633 1196 3676 totum
1240 3621 1488 3690 perierat,
1532 3618 1699 3670 tristis
1735 3617 1923 3675 illuxit,
1969 3613 2085 3667 ideo
2114 3614 2196 3665 lux

630 3720 851 3774 interior
874 3719 923 3772 in
951 3714 1110 3770 corde
1126 3713 1360 3768 defecit?
1389 3711 1545 3765 Stetit
1569 3708 1760 3778 quippe
1788 3709 1838 3759 in
1868 3708 1951 3760 illa
1987 3707 2122 3768 luce,
2147 3716 2198 3759 ct

627 3811 701 3864 ait
729 3827 743 3863 :
775 3808 1021 3862 Dominus
1063 3803 1215 3866 dedit,
1250 3801 1496 3855 Dominus
1541 3799 1778 3860 abstulit;
1823 3796 1951 3849 sicut
1981 3793 2199 3849 Domino

627 3902 834 3974 placuit,
881 3901 949 3952 ita
981 3901 1166 3968 factum
1205 3904 1275 3948 est
1304 3911 1322 3948 :
1347 3894 1409 3946 sit
1437 3907 1614 3946 nomen
1644 3890 1848 3943 Domini
1891 3888 2199 3941 benedictum

630 3991 748 4063 (Job
781 3992 843 4060 ι).
868 3990 1006 4060 Ergo
1036 4002 1130 4056 per
1158 3984 1392 4054 singulos
1416 3982 1531 4036 dies
1556 3979 1821 4043 laudavit,
1855 3978 1942 4047 qui
1969 3975 2197 4031 etiamin

629 4084 715 4138 die
746 4094 850 4136 tam
899 4079 1034 4132 tristi
1080 4075 1328 4130 laudavit.
1373 4073 1539 4127 Breve
1585 4070 1943 4140 magisterium
1992 4076 2094 4133 est,
2143 4077 2200 4121 ut

631 4186 840 4240 semper
859 4168 1041 4222 laudes
1072 4166 1254 4231 Deum,
1285 4177 1515 4232 veroque
1536 4161 1715 4224 corde,
1743 4175 1846 4212 non
1873 4157 2002 4212 falso
2032 4158 2195 4211 dicas:

633 4261 932 4315 Benedicam
976 4256 1247 4309 Dominum
1294 4254 1346 4306 in
1388 4253 1523 4306 omni
1568 4262 1824 4319 tempore;
1853 4245 2047 4316 semper
2089 4249 2200 4302 laus

633 4356 740 4425 ejus
766 4353 818 4404 in
849 4367 933 4404 ore
966 4365 1080 4401 meo
1109 4346 1278 4419 (Psal.
1303 4360 1493 4408 sunt,
1519 4343 1597 4414 Ξ),
1645 4343 1811 4396 Breve
1843 4341 2199 4410 magisterium

633 4453 735 4509 est,
773 4440 972 4495 scilicet
1005 4447 1060 4492 ut
1087 4439 1296 4491 noveris
1324 4449 1443 4489 eum
1472 4432 1883 4487 misericorditer
1925 4432 2051 4486 dare
2079 4447 2199 4486 cmn

633 4536 743 4597 dat,
787 4528 1199 4587 misericorditer
1227 4525 1437 4580 auferre
1462 4541 1580 4579 cum
1612 4525 1777 4586 tollit;
1809 4539 1906 4577 nec
1932 4534 1982 4577 te
2016 4521 2200 4576 credas

633 4643 660 4679 n
689 4620 1046 4680 misericordia
1077 4619 1192 4686 ejus
1213 4615 1536 4685 derelinqui,
1574 4614 1661 4684 qui
1693 4614 1783 4668 tibi
1812 4624 1900 4667 aut
1938 4613 2203 4668 blanditur

631 4715 826 4779 dando,
859 4729 925 4766 ne
951 4710 1164 4765 delicias
1189 4725 1203 4772 ;
1225 4716 1322 4760 aut
1344 4705 1563 4774 corripit
1589 4704 1962 4768 exsultantem,
1997 4719 2060 4758 ne
2079 4719 2201 4772 per-

632 4822 744 4863 eas.
779 4807 899 4861 Sive
943 4819 1067 4872 crgo
1110 4802 1162 4855 in
1206 4800 1321 4868 ejus
1360 4797 1533 4858 donis,
1566 4797 1678 4849 sive
1708 4796 1758 4849 in
1798 4796 1913 4866 ejus
1943 4794 2162 4863 ﬂagellis
2185 4835 2200 4858 ,

634 4897 788 4953 lauda
831 4905 885 4949 tu
915 4896 954 4946 ¹.
986 4893 1126 4947 Laus
1150 4889 1478 4959 ﬂagellantis,
1521 4885 1781 4940 medicina
1825 4895 1906 4940 est
1949 4886 2202 4940 vulneris.

634 4989 741 5043 Per
763 4987 1006 5058 singulos,
1049 4983 1237 5050 inquit,
1269 4981 1374 5033 dies
1401 4977 1687 5032 benedicam
1727 4985 1792 5028 te.
1844 4975 2069 5029 Prorsus
2115 4993 2206 5044 per

636 5080 872 5148 singulos
901 5077 1035 5138 dies,
1080 5074 1287 5132 fratres,
1333 5069 1662 5129 benedicite;
1695 5066 1912 5120 omnino
1955 5065 2206 5135 quidquid

637 5167 912 5231 acciderit,
940 5163 1233 5218 benedicite
1254 5163 1437 5214 Deum.
1467 5158 1676 5212 Etenim
1700 5173 1764 5210 ne
1783 5156 1989 5211 accidat
2008 5156 2207 5225 aliquid

637 5256 777 5325 quod
805 5255 941 5309 ferre
968 5270 1070 5309 non
1104 5252 1345 5322 potestis,
1376 5251 1488 5320 ipse
1528 5249 1671 5304 facit.
1705 5249 1827 5303 Ideo
1866 5263 1987 5302 cum
2019 5248 2208 5302 timore

636 5348 803 5404 debes
843 5360 983 5409 esse,
1028 5344 1238 5416 quando
1269 5343 1359 5396 tibi
1393 5343 1526 5397 bene
1571 5351 1679 5406 est;
1710 5357 1883 5410 neque
1924 5349 1974 5394 te
2012 5339 2077 5393 ad
2107 5339 2210 5393 hoc

638 5452 846 5511 parare,
872 5435 1021 5506 quasi
1049 5443 1105 5488 ut
1125 5448 1386 5502 nunquam
1412 5431 1652 5486 tenteris.
1685 5429 1740 5484 Si
1768 5430 1907 5484 enim
1939 5443 2207 5498 nunquam

639 5529 883 5594 tentaris,
936 5539 1201 5594 nunquam
1232 5521 1493 5592 probaris.
1537 5520 1723 5576 Nonne
1752 5521 1941 5574 melius
1970 5528 2051 5573 est
2095 5529 2211 5573 ten-

641 5623 740 5677 tari
786 5630 843 5676 et
889 5617 1119 5690 probari,
1152 5629 1311 5685 quam
1355 5627 1460 5667 non
1513 5620 1769 5667 tentatum
1797 5609 2112 5680 reprobari?
2145 5609 2210 5663 Et

642 5709 859 5766 laudabo
885 5723 1064 5762 nomen
1092 5716 1230 5758 tuum
1252 5703 1304 5756 in
1324 5703 1582 5765 saxulum,
1606 5712 1653 5756 et
1673 5703 1724 5754 in
1751 5700 1990 5754 sarculum
2015 5697 2206 5755 urenti.

712 5801 766 5858 5.
789 5797 956 5872 [ειη.
992 5794 1088 5868 3.]
1117 5794 1331 5866 Magnus
1361 5791 1608 5847 Dominus
1651 5801 1696 5846 et
1740 5790 2008 5846 laudabilis
2045 5789 2206 5844 valde.

705 5915 726 5948 ι
758 5915 831 5964 sic
853 5918 954 5962 llas.
981 5909 1283 5968 amantem,
1304 5904 1450 5956 liuida
1470 5917 1596 5953 eum.

1867 503 2299 569 3.AUGUSTINI
2339 501 2634 567 EPXSCOPI

3713 525 3822 586 187!

2308 617 2567 684 Quantum
2587 620 2820 677 dicturus
2841 633 2953 678 erat
2969 624 2992 678 l
3006 640 3123 696 qua:
3143 627 3296 684 verba
3320 631 3663 700 quaesiturus!
3680 639 3821 707 Quan.

2306 717 2408 762 tam
2432 713 2825 781 conceptionem
2845 717 3102 772 conclusit
3118 718 3168 772 in
3189 735 3291 774 uno
3309 723 3491 778 valde?
3509 725 3674 797 Cogita
3690 747 3821 801 quan-

2306 806 2413 853 tum
2445 801 2539 853 vis.
2568 801 2788 866 Quando
2812 815 2985 860 autem
3018 817 3189 877 potest
3229 810 3485 881 cogitari,
3507 816 3592 884 qui
3615 821 3715 889 capi
3736 838 3818 880 non

2305 892 2518 959 potest?
2545 892 2838 950 Laudabilis
2874 907 2956 952 est
2981 899 3160 966 valde;
3185 910 3231 955 et
3255 903 3606 975 magnitudinis
3628 912 3724 979 ejus
3741 930 3820 970 non

2303 994 2374 1038 est
2402 986 2537 1054 ﬁnis.
2570 986 2691 1042 Ideo
2721 989 2869 1055 dixit,
2901 992 3066 1058 valde;
3085 993 3226 1062 quia,
3255 997 3608 1066 magnitudinis
3626 1005 3722 1072 ejus
3741 1022 3819 1060 non

2304 1084 2374 1127 est
2399 1075 2514 1144 ﬁnis
2539 1093 2558 1130 :
2587 1093 2650 1132 ne
2679 1077 2811 1133 forte
2849 1079 3064 1150 incipias
3090 1083 3227 1138 velle
3265 1083 3483 1141 laudare
3503 1126 3519 1152 ,
3550 1097 3600 1144 et
3632 1103 3760 1159 putes
3780 1103 3820 1148 to

2304 1167 2566 1224 laudando
2604 1185 2760 1240 posse
2805 1171 2990 1239 linire,
3021 1174 3171 1244 cujus
3215 1177 3522 1246 magnitudo
3553 1180 3698 1238 ﬁnem
3734 1199 3816 1242 non

2303 1270 2472 1327 potest
2506 1260 2718 1317 habere.
2750 1262 2865 1316 Noli
2895 1279 3020 1334 ergo
3050 1271 3100 1319 te
3128 1275 3307 1335 putare
3336 1283 3460 1322 eum
3487 1269 3630 1339 cujus
3654 1277 3819 1343 magni-

2305 1349 2497 1405 tudinis
2525 1351 2640 1406 linis
2669 1368 2772 1406 non
2796 1365 2893 1420 est,
2919 1355 3239 1412 sufﬁcienter
3255 1371 3413 1427 posse
3429 1359 3649 1417 laudare.
3673 1362 3817 1421 Nonne

2303 1456 2429 1511 ergo
2451 1443 2636 1496 melius
2663 1452 2742 1496 cst
2767 1453 2822 1496 ut
2843 1447 3108 1514 quomodo
3137 1448 3245 1516 ipse
3273 1463 3382 1502 non
3411 1448 3599 1515 linitur,
3625 1466 3710 1508 nec
3732 1454 3819 1509 laus

2305 1531 2465 1600 ipsius
2495 1533 2739 1586 ﬁniatur?
2770 1533 2911 1587 Illius
2940 1536 3242 1618 m‘agnitudo
3272 1537 3391 1593 sine
3419 1539 3521 1595 line
3548 1549 3622 1596 est
3646 1583 3658 1605 ,
3685 1553 3728 1598 et
3752 1553 3816 1598 tua

2305 1623 2533 1677 laudatio
2579 1625 2691 1678 sine
2732 1625 2834 1679 ﬁne
2879 1627 2966 1680 sit.
3004 1627 3075 1682 De
3104 1629 3464 1698 magnitudine
3502 1632 3608 1700 ejus
3631 1633 3734 1703 quid
3755 1635 3816 1689 dio

2302 1723 2442 1768 ctum
2465 1715 2580 1768 est?
2607 1715 2972 1786 Magnitudinis
2999 1719 3106 1788 ejus
3126 1735 3223 1772 non
3243 1729 3316 1773 est
3336 1721 3473 1787 ﬁnis.
3509 1722 3577 1777 De
3601 1733 3675 1778 tua
3700 1725 3816 1780 laudo

2303 1804 2719 1874 quid?Laudabo
2746 1822 2922 1860 nomen
2951 1815 3091 1860 tuum
3117 1808 3168 1860 in
3195 1809 3461 1875 swcnlum,
3488 1812 3601 1866 etin
3628 1815 3816 1867 suculam

2303 1896 2491 1950 sa’cnli.
2521 1897 2659 1966 Ergo
2685 1898 2820 1952 sicut
2845 1898 2959 1966 ejus
2986 1900 3364 1969 magnitudinis
3388 1917 3492 1956 non
3517 1912 3595 1959 est
3620 1903 3736 1968 linis,
3759 1907 3814 1959 sic

2305 1996 2405 2041 tuae
2428 1987 2595 2042 laudis
2613 2004 2715 2041 non
2741 1990 2838 2042 erit
2857 1990 2994 2043 linis.
3014 1990 3128 2044 Non
3147 1991 3286 2045 enim
3311 2007 3429 2045 cum
3454 2004 3671 2048 mortuus
3692 1993 3817 2050 lueris

2304 2078 2354 2132 in
2387 2077 2484 2132 hac
2513 2093 2670 2132 carne
2691 2121 2704 2143 ,
2733 2079 2942 2134 desines
2980 2080 3194 2136 laudare
3237 2081 3536 2136 Dominum.
3566 2083 3736 2138 Dictum
3757 2096 3816 2139 est

2302 2169 2535 2239 quidem,
2568 2169 2686 2223 Non
2704 2173 2884 2224 mortui
2907 2172 3179 2224 laudabunt
3203 2181 3268 2238 te,
3298 2172 3508 2227 Domine
3535 2174 3682 2244 (Psal.
3703 2191 3814 2238 cxut,

2304 2262 2390 2332 l7)
2421 2279 2434 2314 :
2464 2262 2555 2317 sed
2586 2262 2660 2316 illi
2709 2262 2774 2317 de
2819 2263 3007 2332 quibus
3036 2263 3260 2330 dicitur,
3291 2265 3335 2317 Α
3377 2275 3567 2319 mortuo
3587 2308 3600 2331 ,
3627 2265 3733 2319 velut
3754 2267 3816 2335 qui

2302 2369 2400 2405 non
2427 2353 2490 2405 sit
2511 2394 2524 2419 ,
2546 2353 2670 2422 perit
2697 2355 2942 2422 confessio
2973 2352 3171 2424 (Eccli.
3204 2370 3348 2423 xvn,
3371 2355 3440 2410 26
3461 2357 3511 2424 );
3543 2371 3636 2411 non
3675 2357 3732 2410 illi
3767 2355 3816 2409 de

2302 2444 2492 2513 quibus
2519 2445 2616 2509 ait,
2642 2443 2739 2510 Qui
2763 2445 2916 2498 credit
2935 2445 2984 2498 in
3007 2461 3084 2498 me
3107 2487 3120 2508 ,
3139 2447 3249 2500 licet
3275 2447 3518 2500 moriatur
3539 2448 3647 2501 vivet
3664 2445 3679 2517 (
3697 2445 3812 2499 Joau.

2303 2549 2356 2586 χι
2379 2573 2394 2599 ,
2423 2534 2534 2601 ‘25)
2564 2553 2576 2588 :
2607 2535 2725 2604 quia
2757 2534 2890 2588 Dens
2919 2534 3171 2588 Abraham
3213 2545 3260 2588 et
3289 2534 3429 2590 Deus
3466 2536 3606 2590 Isaac
3641 2546 3679 2590 et
3710 2535 3814 2589 Dem

2301 2622 2459 2679 Jacob
2480 2668 2494 2692 ,
2523 2642 2622 2678 non
2645 2634 2714 2679 est
2741 2625 2878 2679 Deus
2907 2635 3214 2678 mortuorum
3235 2667 3247 2689 ,
3277 2627 3372 2679 sed
3397 2627 3602 2680 vivorum
3629 2626 3645 2696 (
3672 2625 3810 2680 llattlt.

2304 2732 2413 2770 xsu
2438 2756 2454 2783 ,
2485 2716 2605 2785 52).
2639 2715 2692 2770 Si
2738 2717 2877 2769 enim
2918 2731 3182 2784 nunquam
3229 2717 3335 2771 nisi
3365 2717 3526 2787 ipsius
3559 2718 3683 2783 eris,
3709 2731 3813 2770 nua~

2301 2827 2457 2881 quam
2484 2827 2510 2863 a
2542 2810 2697 2864 laude
2728 2811 2891 2880 ipsius
2919 2811 3131 2864 tacebis.
3161 2810 3377 2866 Timere
3404 2812 3607 2880 poteris,
3626 2826 3698 2874 ne,
3716 2809 3810 2863 dum

2303 2902 2387 2955 bic
2417 2901 2566 2967 vivis,
2588 2900 2750 2970 ipsius
2771 2900 2863 2965 sis;
2888 2909 3072 2954 etcum
3101 2912 3346 2955 mortuus
3374 2900 3547 2968 fueris,
3571 2915 3662 2954 non
3685 2898 3811 2969 ipsius

2301 2993 2411 3048 sis?
2437 2993 2572 3047 Audi
2602 2993 2907 3061 Apostolum
2936 2992 3334 3060 promittentem
3376 2992 3464 3045 tibi
3493 2989 3808 3045 securitatem:

2303 3083 2421 3138 Sive
2430 3084 2652 3148 vivimus,
2664 3081 2874 3135 Domino
2887 3083 3111 3147 virimns;
3124 3083 3224 3136 sive
3235 3083 3492 3147 morimur,
3503 3080 3686 3134 Domino
3697 3078 3811 3131 mari-

2302 3192 2412 3228 mur
2429 3175 2556 3229 :sive
2573 3189 2688 3244 ergo
2709 3173 2936 3238 vivimus,
2961 3173 3059 3226 sive
3075 3175 3339 3236 morimur,
3364 3171 3560 3227 Domini
3579 3185 3738 3225 sumus.
3763 3168 3811 3220 Et

2303 3267 2440 3319 unde
2458 3263 2652 3318 factum
2675 3273 2754 3318 est
2775 3271 2827 3316 ut
2859 3264 2973 3330 ejus
2991 3263 3062 3317 sis
3084 3271 3136 3316 et
3158 3263 3435 3318 mortuus?
3455 3263 3574 3329 Quia
3591 3260 3727 3331 pretio
3747 3258 3807 3312 sui

2301 3357 2570 3427 sanguinis
2610 3365 2661 3409 te
2699 3353 2922 3408 redemit
2960 3363 3012 3406 et
3057 3363 3291 3407 mortuus
3322 3356 3359 3406 ¹.
3390 3352 3640 3420 Quomodo
3671 3346 3809 3419 perdit

2302 3463 2510 3504 servum
2541 3453 2829 3510 mortuum,
2857 3445 3005 3513 cujus
3025 3461 3165 3498 mors
3188 3452 3267 3497 est
3295 3445 3519 3514 pretium
3545 3441 3695 3496 tuum?
3715 3437 3806 3494 Ideo

2303 3556 2422 3594 cum
2450 3539 2668 3592 dixisset
2695 3578 2708 3601 ,
2739 3535 2855 3590 Sive
2881 3535 3104 3599 vivimus,
3131 3536 3234 3589 sive
3254 3536 3496 3589 morimur
3521 3574 3534 3600 ,
3563 3530 3728 3588 Domini
3741 3543 3805 3581 ss-

2303 3646 2435 3694 mus;
2462 3639 2515 3682 ut
2545 3627 2849 3682 ostenderet
2880 3627 3045 3696 ipsum
3075 3628 3300 3695 pretium
3332 3670 3346 3692 ,
3377 3626 3455 3680 Ad
3475 3627 3560 3679 hoc
3584 3625 3718 3684 enim,
3740 3620 3801 3673 in-

2303 3722 2443 3792 quit,
2474 3721 2698 3775 Christus
2725 3731 2947 3774 mortuus
2974 3730 3042 3774 cst
3067 3730 3113 3773 et
3155 3721 3440 3775 rerurrexit
3461 3762 3474 3784 ,
3503 3727 3549 3772 ut
3575 3726 3615 3772 et
3637 3718 3798 3768 virorum

2302 3824 2347 3867 et
2377 3821 2682 3866 mortuorum
2711 3813 2989 3865 dominetur
3014 3811 3188 3880 (Rom.
3222 3827 3336 3878 xw,
3365 3812 3416 3878 8,
3448 3811 3520 3881 9).

2373 3904 2424 3958 6.
2454 3901 2619 3975 [vers.
2647 3904 2697 3958 4.
2720 3901 2740 3974 ]
2781 3903 3148 3956 Verumtamen
3171 3942 3184 3966 ,
3224 3905 3349 3971 quia
3380 3897 3694 3972 magnitudinis
3720 3892 3801 3963 (sz

2302 4011 2400 4048 non
2443 4004 2512 4047 est
2557 3994 2708 4061 ﬁnis,
2741 4000 2794 4046 et
2839 4007 2958 4046 eum
3003 4007 3158 4060 quem
3204 4007 3308 4045 non
3357 3992 3577 4062 capimus
3604 3983 3802 4050 ,laudare

2303 4085 2554 4139 debemus
2586 4082 2667 4156 (si
2703 4082 2842 4137 cnim
2896 4083 3131 4150 capimus
3161 4122 3175 4147 ,
3209 4081 3570 4152 magnitudinis
3614 4076 3706 4144 ejus
3743 4078 3802 4125 est

2306 4178 2464 4231 linis:
2504 4179 2546 4232 si
2587 4187 2758 4232 autem
2805 4178 3174 4247 magnitudinis
3206 4177 3325 4246 ejus
3355 4192 3454 4230 non
3495 4182 3568 4229 est
3595 4170 3801 4230 ﬁnis,cr

2306 4284 2430 4338 pere
2477 4283 2539 4323 ex
2583 4284 2648 4322 eo
2697 4268 2890 4338 aliquid
2944 4281 3258 4337 possumus;
3289 4268 3452 4322 Deum
3488 4274 3638 4319 tamen
3677 4263 3801 4310 ιοιιιιη

2303 4375 2493 4430 capere
2524 4376 2626 4413 non
2659 4360 2961 4428 possumus)
2987 4377 3001 4424 ;
3036 4367 3280 4428 tauquam
3332 4355 3617 4412 delicientcs
3649 4347 3691 4403 in
3714 4345 3801 4409 ejus

2305 4450 2696 4520 magnitudine,
2720 4458 2778 4504 ut
2816 4449 3116 4504 reﬁciamur
3157 4448 3270 4516 ejus
3319 4448 3540 4502 bonitate
3561 4485 3574 4510 ,
3594 4439 3650 4494 ad
3681 4444 3799 4503 Ope"

2304 4543 2667 4613 respiciamus,
2699 4552 2752 4596 et
2779 4541 2845 4596 de
2867 4541 3114 4611 operibus
3143 4540 3417 4594 laudemus
3443 4539 3728 4608 operantem,
3749 4521 3798 4576 de

2307 4633 2530 4687 conditis
2559 4631 2897 4685 Conditorem
2923 4672 2938 4696 ,
2965 4630 3031 4684 de
3057 4639 3292 4684 creatura
3325 4629 3625 4683 Creatorem.
3655 4613 3799 4671 Vides'

2307 4741 2423 4779 mus
2452 4739 2569 4792 qua:
2597 4723 2681 4776 hic
2711 4723 2910 4787 fecerit,
2942 4737 3058 4792 qua:
3087 4721 3236 4776 nobis
3263 4729 3382 4775 nota
3410 4725 3542 4782 sunt,
3569 4725 3668 4782 qua:
3688 4701 3799 4759 nobis

2309 4815 2582 4870 manifesta
2605 4823 2746 4868 sunt.
2770 4813 2912 4867 Illius
2941 4813 3082 4866 enim
3113 4812 3365 4866 immensa
3396 4809 3586 4863 bonitas
3610 4807 3657 4855 et
3681 4799 3800 4849 inter-

2309 4905 2571 4959 minabilis
2612 4903 2941 4974 magnitudo,
2981 4909 3175 4970 quanta
3213 4902 3312 4954 alia
3355 4899 3469 4952 fecit
3493 4907 3598 4962 qua:
3621 4899 3700 4941 nos
3722 4893 3798 4933 non

2312 4993 2584 5050 novimus?
2604 4993 2823 5060 Quando
2859 4992 3068 5062 quidem
3097 4991 3263 5045 aciem
3285 4989 3540 5043 oculorum
3558 4981 3798 5034 nostrorum

2311 5103 2478 5157 usque
2520 5086 2585 5139 ad
2613 5087 2803 5140 coelum
2830 5083 3159 5138 extendimus
3182 5123 3198 5150 ,
3221 5092 3274 5136 et
3302 5097 3328 5134 a
3356 5078 3461 5134 sole
3483 5083 3532 5128 et
3553 5085 3578 5124 a
3602 5069 3700 5122 luna
3721 5067 3761 5112 el
3779 5069 3801 5107 ³

2311 5177 2480 5232 stellis
2521 5189 2702 5229 rursus
2729 5187 3044 5227 revocamus
3083 5171 3148 5226 ad
3189 5180 3376 5225 terram
3408 5183 3422 5231 ;
3451 5174 3501 5218 et
3548 5159 3636 5213 hoc
3672 5158 3798 5245 totqu

2313 5271 2536 5338 spatium
2563 5277 2643 5323 cst
2670 5266 2758 5320 ubi
2780 5274 2995 5334 vagatur
3019 5266 3160 5320 acies
3187 5272 3358 5317 nostra
3383 5258 3541 5314 :ultra
3562 5247 3802 5338 animi!“

2313 5357 2567 5414 extendat
2595 5357 2672 5413 vel
2700 5357 2864 5410 aciem
2889 5356 3078 5409 mentis
3103 5396 3117 5422 ,
3147 5370 3250 5408 non
3293 5353 3456 5406 dicam
3488 5335 3674 5400 carnis?
3697 5331 3799 5395 Ειΐο

2314 5460 2563 5523 quantum
2587 5458 2707 5504 nota
2723 5458 2842 5504 sunt
2859 5448 3010 5502 nobis
3034 5463 3191 5518 Opera
3213 5449 3344 5516 ejus,
3363 5439 3610 5497 laudemus
3621 5439 3718 5492 eum
3732 5430 3801 5523 ρετ

2314 5557 2474 5612 opera
2494 5543 2626 5611 ejus.
2643 5540 2922 5594 lnvisibilia
2936 5540 3073 5593 enim
3093 5539 3222 5606 ejus,
3244 5553 3270 5590 a
3289 5527 3628 5590 constitutione
3642 5507 3797 5612 mundi.

2315 5597 2410 5705 per
2440 5597 2656 5702 ca'quae
2695 5630 2828 5684 facta
2868 5639 2989 5684 sunt
3041 5597 3298 5683 intellecta
3335 5597 3797 5705 conspiciuntur-(hi:

2315 5696 2353 5793 ἱ,
2381 5724 2491 5795 20).
2513 5696 2775 5778 Generatio
2798 5730 2844 5775 et
2865 5721 3113 5792 generatio
3143 5717 3358 5774 laudabit
3382 5724 3520 5781 opera
3544 5715 3636 5758 tua.
3659 5696 3797 5750 0mm

2383 5904 2397 5933 ι
2435 5899 2619 5960 Aliquot
2641 5904 2762 5957 uss,
2788 5899 3039 5944 mutum.
