4084 6452
324 390 459 449 ηπ

318 502 589 575 generatio
612 486 839 553 laudabit
858 509 1017 564 opera
1046 501 1151 547 tua.
1179 490 1339 545 Forte
1360 488 1499 543 enim
1530 486 1703 541 omnis
1724 498 1882 554 gene-

319 593 451 649 ratio
478 590 619 645 dicta
644 596 726 642 est
749 628 764 654 ,
796 584 1047 657 generatio
1076 591 1120 636 et
1146 579 1414 651 generatio.
1443 576 1556 631 Non
1586 576 1726 630 enim
1755 583 1887 627 tam-

316 684 404 739 diu
459 683 698 737 dicturus
739 686 891 743 erat,
931 674 1179 745 generatio
1212 680 1257 725 et
1304 669 1589 741 generatio,
1640 663 1887 735 quamdiu

316 774 494 829 ﬁniret
522 784 796 827 numerum
829 767 1064 822 omnium
1085 763 1502 833 generatiouum;
1527 758 1619 813 sed
1650 757 1890 826 repetitio

316 863 598 934 loquentis,
631 860 681 915 in
708 860 965 913 inﬁnitum
996 855 1137 909 misit
1164 854 1396 906 animum
1423 848 1723 919 cogitantis.
1754 846 1891 900 Ecce

316 954 417 1009 ista
447 951 719 1023 generatio
742 964 860 1019 qua:
892 960 1033 1001 nunc
1062 946 1112 997 in
1142 957 1301 997 carne
1330 950 1431 1006 est,
1464 938 1743 993 transitura
1772 937 1893 990 hinc

313 1044 455 1097 sicut
482 1040 662 1103 venit,
693 1038 869 1092 laudat
898 1050 1057 1104 opera
1105 1034 1232 1094 Dei;
1262 1041 1312 1086 et
1359 1032 1445 1084 illa
1478 1030 1560 1083 eui
1590 1025 1892 1083 soecedenti

314 1132 459 1187 cedit
485 1173 499 1196 ,
530 1129 764 1185 laudabit
805 1128 983 1195 utique
1022 1137 1180 1193 opera
1212 1124 1298 1176 Dei
1325 1138 1338 1186 ;
1368 1130 1421 1175 ct
1468 1129 1583 1188 post
1614 1119 1749 1171 illam
1793 1118 1893 1169 erit

313 1224 416 1278 alia
442 1240 457 1287 ;
483 1232 537 1277 et
579 1235 743 1290 usque
774 1220 824 1272 in
871 1218 1026 1271 linem
1070 1214 1247 1269 surculi
1285 1228 1440 1282 quam
1474 1212 1649 1264 multa)
1676 1223 1894 1278 genera-

314 1315 520 1369 tiones!
554 1311 663 1366 Hoc
689 1308 993 1379 signiﬁcans
1018 1308 1111 1372 ait,
1144 1304 1409 1359 Generatio
1431 1313 1471 1355 et
1501 1300 1749 1373 generatio
1779 1299 1892 1351 lau-

312 1406 455 1460 dabit
497 1421 651 1474 opera
690 1414 793 1457 tua.
820 1404 898 1455 An
930 1400 1063 1454 forte
1092 1399 1225 1453 duas
1252 1396 1501 1467 quasdam
1528 1394 1894 1464 generationes

312 1498 588 1553 insinuare
624 1495 786 1549 voluit
816 1494 911 1546 ista
940 1488 1284 1561 repetitione?
1313 1487 1506 1542 Sumus
1539 1485 1676 1538 enim
1720 1484 1769 1536 in
1798 1484 1893 1535 ista

311 1589 659 1660 generatione
701 1586 792 1639 ﬁlii
836 1586 959 1647 Dei;
987 1584 1187 1637 erimus
1226 1581 1276 1633 in
1307 1580 1407 1633 alia
1436 1576 1774 1647 generatione
1804 1572 1896 1626 ﬁlii

312 1677 740 1734 resurrectionis.
772 1674 1067 1745 Appellavit
1095 1670 1363 1739 Scriptura
1394 1668 1529 1720 lilios
1554 1663 1896 1719 resurrectio-

312 1772 438 1837 nis;
472 1772 637 1841 ipsam
680 1767 1123 1823 resurrectionem
1171 1760 1623 1830 regenerationem
1670 1754 1894 1808 vocavit.

312 1861 384 1916 In
423 1858 793 1930 regeneratione
817 1898 829 1917 ,
861 1854 1027 1923 inquit
1049 1894 1064 1917 ,
1097 1868 1209 1903 cum
1230 1849 1408 1902 sedrrit
1434 1848 1569 1914 ﬁlius
1602 1843 1816 1897 hominis
1845 1843 1897 1895 in

312 1951 581 2022 majestate
607 1965 699 2001 sua
725 1946 937 2017 (Matth.
963 1959 1075 2007 tux,
1100 1941 1211 2010 28).
1239 1940 1367 1993 ltetn
1398 1938 1447 1989 in
1470 1936 1571 1988 alio
1596 1935 1712 1987 loco
1738 1950 1750 1985 :
1780 1931 1897 1985 Non

312 2043 455 2097 enim
482 2042 664 2093 nubent
685 2082 697 2103 ,
722 2053 877 2107 neque
909 2050 1087 2088 uxores
1113 2034 1321 2095 ducent,
1350 2045 1463 2081 cum
1488 2027 1584 2079 sint
1610 2025 1703 2092 ﬁlii
1730 2039 1896 2077 resur-

313 2132 554 2185 rectionis
577 2129 720 2199 (Luc.
752 2143 844 2192 xx,
876 2127 964 2190 35,
998 2126 1109 2193 56).
1142 2123 1299 2190 Ergo,
1333 2118 1596 2172 Generatio
1618 2126 1663 2169 et
1688 2131 1896 2186 genera-

315 2223 389 2276 tio
409 2220 636 2274 laudabit
663 2235 812 2286 opera
838 2226 942 2270 tua.
967 2214 1265 2268 Laudamus
1293 2224 1431 2263 nunc
1460 2222 1620 2276 opera
1648 2205 1849 2259 Domini
1880 2245 1894 2267 ,

313 2329 441 2368 cum
472 2313 522 2365 in
560 2312 656 2364 hac
687 2309 1002 2363 mortalitate
1028 2306 1284 2367 vivimus;
1309 2311 1362 2357 et
1388 2301 1430 2355 si
1457 2299 1729 2353 laudamus
1755 2312 1898 2352 com-

315 2404 511 2475 pcditi,
530 2400 795 2473 quomodo
818 2401 901 2453 lau
922 2398 1145 2451 labimus
1166 2393 1434 2449 coronati!
1462 2392 1595 2460 Ergo
1622 2388 1655 2442 b
1676 2404 1737 2442 rc
1760 2402 1899 2441 nunc

315 2495 657 2550 attendamus
685 2496 733 2545 in
772 2490 867 2544 bac
898 2489 1236 2558 generatione
1262 2498 1421 2552 opera
1454 2480 1682 2544 Domini,
1717 2480 1766 2532 in
1807 2493 1899 2531 cu-

314 2587 406 2656 jus
436 2584 592 2638 laude
612 2582 824 2643 dicitur,
846 2578 1109 2633 Generatio
1132 2584 1175 2629 et
1204 2574 1474 2645 generatio,
1501 2570 1720 2625 laudabit
1748 2584 1901 2636 Opera

321 2687 450 2740 tua;
473 2674 719 2744 quoniam
752 2668 1124 2739 magnitudinis
1166 2674 1267 2720 tuae
1312 2678 1415 2717 non
1444 2672 1523 2716 est
1553 2662 1687 2713 ﬁnis.
1729 2660 1898 2729 Opera

321 2781 413 2822 tua
445 2765 634 2820 intueri
659 2765 776 2817 licet
796 2805 811 2829 ,
840 2770 896 2815 ut
926 2772 982 2814 tu
1002 2758 1233 2815 lauderis
1256 2756 1344 2824 qui
1378 2754 1503 2808 talia
1532 2751 1790 2821 operaris.

396 2861 448 2913 7.
504 2855 571 2911 Et
620 2858 846 2909 virtutem
896 2864 1033 2906 tuam
1090 2847 1478 2902 annuntiabunt.
1529 2844 1708 2913 Neque
1758 2843 1897 2896 enim

318 2965 487 3019 opera
510 2959 594 3001 tua
616 2946 919 3006 laudabunt,
939 2943 1037 2997 nisi
1059 2951 1113 2995 ut
1132 2941 1378 2993 virtutem
1404 2947 1545 2991 tuam
1567 2937 1897 2990 annuntient.

323 3040 702 3108 Proponuutur
738 3034 917 3089 laudes
955 3032 1135 3103 pueris
1162 3030 1212 3083 in
1252 3028 1428 3083 schola
1452 3067 1466 3092 ,
1494 3038 1547 3080 et
1575 3026 1749 3079 omnia
1778 3024 1899 3077 talia

325 3136 694 3199 proponuntur
722 3141 838 3195 qum
864 3123 1141 3177 laudentur
1159 3162 1173 3185 ,
1197 3136 1313 3189 quae
1345 3118 1480 3171 Deus
1501 3124 1583 3171 est
1607 3123 1857 3185 operatus
1883 3131 1896 3167 :

322 3219 640 3292 proponitur
667 3216 861 3269 homini
903 3214 1015 3268 laus
1044 3212 1170 3265 solis
1194 3251 1208 3275 ,
1240 3210 1351 3262 laus
1377 3208 1497 3263 cmli
1523 3250 1537 3272 ,
1560 3208 1673 3260 laus
1704 3215 1855 3259 terrae
1882 3222 1896 3269 ;

327 3321 385 3363 ut
414 3311 479 3363 ad
513 3308 715 3362 minora
746 3306 901 3360 etiam
938 3303 1173 3364 veniam,
1202 3300 1317 3353 laus
1361 3312 1495 3351 rosas
1522 3339 1535 3361 ,
1564 3298 1678 3350 laus
1722 3295 1852 3349 lauri
1886 3312 1898 3348 :

326 3403 507 3455 omnia
554 3401 650 3454 ista
692 3412 850 3466 opera
882 3396 969 3449 Dei
998 3403 1151 3458 sunt,
1187 3400 1581 3462 proponuntur,
1606 3388 1901 3457 suscipiun-

331 3506 437 3557 tur,
468 3492 763 3553 laudantur;
790 3504 945 3557 opera
975 3487 1330 3547 celebrantur,
1362 3484 1429 3537 de
1458 3493 1731 3551 operatore
1759 3490 1900 3535 tace-

332 3594 437 3638 tur.
471 3584 579 3653 Ego
601 3582 650 3634 in
674 3580 919 3650 operibus
933 3578 1051 3632 volo
1073 3575 1269 3629 laudari
1289 3574 1615 3637 Creatorem;
1642 3573 1901 3641 ingratum

333 3692 438 3730 non
478 3690 598 3726 amo
646 3671 990 3725 laudatorem.
1022 3664 1228 3721 Laudas
1269 3664 1407 3733 quod
1454 3664 1612 3727 fecit,
1657 3672 1796 3716 taces
1838 3662 1902 3716 de

332 3765 425 3819 illo
450 3766 537 3835 qui
566 3763 729 3817 fecit?
756 3760 915 3828 Quasi
948 3774 1072 3812 vero
1098 3755 1195 3810 nisi
1228 3756 1313 3809 ille
1342 3763 1515 3808 tantus
1542 3761 1720 3814 esset,
1754 3754 1902 3806 inve-

333 3856 476 3908 nires
500 3853 639 3924 quod
671 3851 931 3905 laudares.
968 3848 1020 3901 ln
1052 3862 1115 3901 eo
1146 3844 1284 3914 quod
1316 3844 1458 3897 rides
1484 3886 1496 3908 ,
1528 3843 1651 3911 quid
1684 3842 1753 3894 ibi
1795 3842 1904 3894 lau-

332 3944 530 3999 datur!
555 3944 787 4014 Species,
817 3941 1028 4003 utilitas,
1051 3938 1222 4007 aliqua
1244 3936 1407 3987 virtus
1430 3973 1443 3994 ,
1470 3933 1641 4001 aliqua
1672 3932 1903 4000 putentia

334 4052 514 4092 rerum
539 4035 778 4089 istarum.
805 4032 859 4087 Si
900 4027 1233 4099 pulchritudo
1259 4036 1307 4079 te
1336 4026 1559 4079 delectat
1581 4065 1594 4087 ,
1622 4022 1744 4092 quid
1788 4023 1904 4089 pul-

335 4130 517 4183 chrius
541 4123 800 4180 faciente?
820 4122 872 4177 Si
902 4122 1100 4176 utilitas
1127 4117 1389 4179 laudatur,
1413 4113 1535 4181 quid
1570 4113 1657 4165 illo
1688 4112 1864 4166 utitius
1885 4154 1899 4177 ,

335 4220 429 4289 qui
468 4218 588 4273 fecit
622 4215 832 4271 omnia?
859 4213 914 4270 Si
950 4213 1114 4265 virtus
1146 4209 1420 4270 laudatur,
1453 4206 1576 4275 quid
1607 4205 1695 4259 illo
1724 4214 1907 4275 poten-

335 4315 444 4367 tius
468 4354 481 4374 ,
505 4326 534 4365 a
559 4324 663 4380 quo
692 4310 824 4362 facta
851 4314 973 4360 sunt
999 4304 1173 4357 omnia
1199 4319 1212 4366 ;
1240 4317 1268 4355 a
1295 4318 1398 4371 quo
1424 4300 1580 4353 etiam
1627 4297 1758 4352 facta
1802 4313 1905 4351 non

336 4407 692 4467 dimittuntur,
711 4402 803 4457 sed
830 4409 1081 4470 reguntur
1107 4407 1159 4452 et
1180 4397 1543 4466 gubernantur
1563 4392 1773 4447 omnia?
1794 4390 1904 4444 Non

337 4512 467 4567 ergo
490 4492 925 4566 quemadmodum
947 4489 1158 4561 quidam
1184 4490 1493 4557 eloquentes
1514 4486 1664 4550 muti,
1692 4484 1907 4539 laudan-

339 4597 422 4642 tes
450 4594 742 4641 creaturam
768 4624 782 4647 ,
814 4580 1187 4635 obliviscentes
1223 4578 1556 4640 Creatorem;
1587 4589 1689 4628 non
1730 4574 1806 4627 sic
1856 4580 1909 4627 te

338 4679 520 4735 laudat
547 4675 813 4748 generatio
839 4683 892 4728 et
920 4670 1190 4742 generatio
1213 4670 1264 4723 in
1290 4669 1457 4722 servis
1488 4666 1609 4729 tuis,
1643 4679 1762 4720 cum
1792 4664 1908 4717 lau-

339 4773 433 4827 dat
457 4786 615 4839 opera
640 4780 742 4823 tua.
773 4765 875 4822 Sed
899 4763 1163 4834 quomodo
1189 4760 1409 4815 laudat?
1434 4758 1497 4811 Et
1526 4761 1759 4811 virtutem
1774 4771 1911 4809 tuam

338 4862 723 4917 annnntiabunt.
778 4859 833 4913 lu
878 4856 1148 4912 laudandis
1186 4854 1435 4924 operibus
1481 4851 1618 4915 tuis,
1667 4850 1909 4903 virtutem

340 4966 489 5009 tuatn
532 4949 932 5004 annuntialnmt.
962 4946 1285 5001 Laudatorcs
1329 4942 1457 5006 isti,
1489 4940 1653 4994 sancti
1694 4949 1747 4993 et
1789 4938 1909 4991 boni

339 5044 553 5108 ﬁdeles,
579 5040 689 5094 veri
715 5039 1013 5093 laudatores
1036 5077 1050 5100 ,
1083 5050 1186 5089 non
1218 5033 1401 5103 ingrati
1430 5032 1631 5101 gratim,
1660 5028 1909 5083 cumlau-

336 5138 472 5192 dant
500 5150 658 5205 opera
691 5133 781 5187 Dei
818 5131 930 5185 tunc
968 5138 1125 5197 atque
1153 5127 1238 5180 illa
1262 5166 1276 5190 ,
1303 5139 1511 5179 summa
1536 5133 1589 5177 et
1633 5123 1734 5175 ima
1760 5161 1773 5183 ,
1804 5135 1913 5175 εω-

340 5228 497 5283 lestia
519 5236 572 5281 et
598 5222 885 5286 terrestria,
914 5222 1049 5274 inter
1076 5220 1184 5287 ipsa
1212 5231 1372 5286 opera
1404 5214 1490 5267 Dei
1515 5228 1634 5283 qua:
1656 5211 1869 5265 laudant
1894 5251 1909 5277 ,

341 5326 401 5371 et
440 5319 642 5386 seipsos
683 5314 958 5369 inveniunt
986 5351 999 5375 ,
1030 5308 1152 5379 quia
1200 5308 1254 5360 in
1299 5304 1545 5374 Operibus
1588 5303 1682 5357 Dei
1726 5310 1778 5356 et
1816 5302 1915 5370 ipsi

343 5419 490 5463 sunt.
512 5409 609 5475 Qui
632 5406 771 5461 enim
796 5404 918 5458 fecit
937 5402 1134 5466 omnia,
1162 5399 1274 5467 ipse
1298 5410 1394 5449 nos
1420 5394 1542 5449 fecit
1563 5395 1697 5447 inter
1717 5394 1911 5447 omnia.

345 5497 579 5554 Proinde
599 5498 643 5551 si
674 5495 855 5549 laudas
878 5507 1039 5562 Opera
1066 5490 1182 5555 Dei,
1206 5497 1259 5543 et
1285 5498 1335 5541 te
1365 5485 1671 5540 laudaturos
1693 5499 1768 5549 es;
1793 5485 1914 5553 quia

347 5597 405 5645 et
429 5599 484 5644 tu
508 5603 641 5657 opus
669 5586 763 5640 Dei
788 5599 864 5639 es.
893 5582 986 5637 Ubi
1008 5589 1258 5649 estergo,
1282 5576 1399 5631 Non
1425 5588 1471 5630 te
1498 5574 1667 5629 laudet
1694 5591 1749 5629 os
1777 5583 1915 5628 tuum

350 5679 544 5757 (Prov.
576 5694 717 5733 χχιιι
739 5719 753 5743 ,
778 5676 813 5730 2
841 5676 897 5747 )‘t
924 5675 1058 5729 Ecce
1093 5674 1361 5727 inventum
1390 5678 1471 5724 εει
1497 5668 1761 5741 quomodo
1788 5675 1917 5757 etle

347 5756 566 5828 laudare
592 5768 783 5840 possis,
802 5774 855 5822 ct
883 5777 1133 5833 arrogans
1157 5776 1257 5816 non
1284 5762 1374 5816 sis.
1406 5760 1567 5815 Deum
1597 5758 1646 5812 in
1669 5767 1718 5813 te
1740 5756 1909 5823 lauda,

1373 372 1761 435 ENABRATIO
1799 371 1863 429 IN
1903 371 2219 428 ΡεΑιΜωι
2260 370 2483 429 CXLIV.

3421 373 3558 429 ιιιτι

1994 499 2099 538 non
2132 494 2181 540 te
2205 502 2218 539 :
2242 499 2347 538 non
2371 485 2492 554 quia
2522 492 2577 538 tu
2599 496 2657 539 et
2682 482 2822 548 talis,
2844 481 2941 540 sed
2961 483 3083 554 quia
3110 483 3199 539 ille
3221 483 3346 540 facit
3366 493 3436 551 te;
3452 501 3559 541 non

1992 576 2112 644 quia
2135 585 2190 629 tu
2215 575 2412 644 aliquid
2436 583 2584 644 potes
2608 615 2623 641 ,
2646 573 2739 629 sed
2763 574 2885 645 quia
2911 582 3085 645 potest
3112 574 3201 630 ille
3226 575 3277 629 in
3308 582 3361 631 te
3387 584 3440 630 et
3465 588 3562 646 per

1996 676 2064 721 te.
2096 668 2173 720 Ac
2198 682 2291 735 per
2316 666 2415 721 hoc
2440 665 2731 722 laudabunt
2758 676 2829 732 te,
2860 674 2905 720 et
2933 666 3163 720 virtutem
3191 674 3330 720 tuam
3357 682 3562 722 aminn-

1996 754 2224 821 tiabunt;
2252 772 2356 810 non
2404 771 2551 810 suam
2576 798 2591 821 ,
2623 755 2717 811 sed
2757 764 2913 809 tuam.
2941 755 3137 811 Discite
3165 771 3294 827 ergo
3324 756 3562 814 laudaro.

1997 844 2265 900 lntuentcs
2288 862 2467 916 opera,
2500 846 2762 900 miramini
2790 845 3081 911 artiﬁcem;
3110 848 3306 916 gratias
3332 846 3563 917 agendo,

1998 953 2104 991 non
2129 938 2442 1008 arrogando.
2472 938 2705 992 Laudate
2728 939 2851 1007 quia
2879 939 2991 1008 ipse
3012 938 3163 1005 fecit,
3186 939 3308 1010 quia
3331 940 3409 995 sic
3432 954 3565 996 con-

1996 1030 2185 1097 stituit,
2218 1032 2337 1101 quia
2371 1031 2491 1085 talia
2519 1030 2755 1084 donavit.

2068 1121 2120 1176 8.
2164 1120 2306 1192 [vers.
2348 1122 2401 1187 5,
2434 1120 2510 1193 6.]
2541 1120 2772 1191 Denique
2798 1120 2916 1175 vide
2941 1136 3057 1189 qua:
3085 1133 3415 1191 sequuntur:
3453 1122 3568 1178 Vir—

1999 1220 2152 1265 tutem
2172 1252 2186 1276 ,
2217 1212 2414 1281 inquit,
2446 1222 2583 1265 tuam
2621 1211 3011 1265 annuntiabunt.
3041 1211 3107 1263 Et
3137 1215 3564 1283 magniﬁcentiora

1998 1302 2171 1372 glorise
2188 1306 2460 1357 sanctitatis
2485 1312 2582 1357 tua:
2608 1306 2867 1373 loquentur
2884 1345 2898 1370 ,
2927 1315 2972 1360 et
3001 1306 3249 1359 mirabilia
3275 1302 3361 1359 tu’a
3385 1322 3567 1359 narra-

1999 1394 2139 1449 bunt.
2175 1394 2236 1446 Et
2265 1396 2489 1448 virtutem
2518 1395 2892 1449 mctuendorum
2928 1406 3125 1449 tuorum
3152 1397 3316 1450 dicent
3341 1438 3355 1461 ,
3387 1406 3437 1451 et
3465 1413 3573 1449 ma-

1999 1485 2307 1553 gnitudinem
2332 1494 2467 1538 tuam
2494 1485 2790 1538 enarrabunt
2820 1501 2951 1539 eam.
2985 1484 3281 1540 Memoriam
3306 1486 3572 1539 abundan-

2001 1573 2085 1625 ιῑω
2111 1574 2366 1626 suavitatis
2391 1581 2490 1626 tua:
2521 1573 2812 1626 eructabunt
2840 1589 2858 1626 :
2882 1574 3090 1628 nonnisi
3118 1583 3280 1627 tuam.
3306 1575 3408 1629 Iste
3448 1589 3576 1644 ope-

2000 1677 2117 1715 rum
2143 1662 2507 1716 considerator
2524 1705 2536 1726 ,
2565 1664 2683 1717 vide
2704 1665 2746 1719 si
2777 1664 3011 1719 deﬁexus
3033 1674 3113 1720 cst
3133 1667 3200 1719 ab
3227 1677 3478 1735 operante
3507 1669 3574 1720 ad

2000 1766 2167 1820 opus;
2196 1751 2311 1806 vide
2339 1752 2382 1806 si
2413 1752 2606 1807 decidit
2633 1755 2698 1807 ab
2724 1770 2787 1809 ea
2813 1756 2903 1824 qui
2926 1756 3043 1809 fecit
3067 1796 3080 1820 ,
3111 1755 3176 1809 ad
3202 1771 3261 1810 ea
3285 1772 3402 1827 qua:
3429 1757 3573 1815 fecit.

2000 1841 2081 1894 Ab
2103 1840 2184 1894 his
2207 1858 2323 1911 qua:
2356 1841 2489 1897 facta
2511 1852 2659 1908 sunt,
2683 1845 2900 1914 gradum
2930 1844 3029 1899 sibi
3054 1845 3174 1899 iecit
3194 1845 3257 1900 ad
3284 1862 3401 1899 eum
3426 1889 3439 1913 ,
3470 1864 3575 1901 non

2001 1934 2066 1988 ab
2114 1934 2202 1988 illo
2237 1933 2302 1988 ad
2339 1933 2437 1990 ista
2476 1950 2677 1988 casum.
2726 1935 2783 1989 Si
2828 1938 2965 1990 enim
3006 1938 3267 1991 amaveris
3310 1937 3424 1992 lucc
3464 1939 3578 2008 plus

2000 2039 2157 2094 quam
2186 2025 2334 2078 illum
2356 2066 2370 2089 ,
2400 2040 2503 2077 non
2542 2024 2759 2078 habebis
2788 2025 2952 2078 illum.
2989 2025 3050 2078 Et
3078 2026 3200 2093 quid
3243 2027 3331 2079 tibi
3366 2028 3579 2096 prodest

2000 2116 2266 2171 abundare
2292 2116 2558 2185 operibus,
2590 2116 2632 2168 si
2667 2125 2716 2169 te
2743 2116 2939 2169 deserit
2968 2118 3245 2185 operat-ir?
3272 2118 3427 2172 Certe
3456 2134 3574 2171 atra

2000 2218 2052 2261 et
2079 2206 2212 2272 bare;
2236 2207 2329 2261 sed
2354 2207 2469 2277 plus
2492 2207 2635 2259 illum
2662 2222 2798 2270 ama,
2822 2217 2875 2261 et
2897 2208 3006 2260 lucc
3032 2216 3249 2276 propter
3272 2209 3414 2261 illum
3438 2224 3577 2262 ama.

2001 2298 2266 2351 Annuntia
2293 2299 2537 2351 virtutem
2567 2297 2680 2366 ejus
2703 2340 2715 2358 ,
2748 2298 3187 2365 magniﬁcentiam
3231 2299 3410 2368 gloriae
3457 2315 3578 2353 san-

2002 2389 2201 2442 etitatis
2240 2388 2354 2457 ejus
2395 2389 2632 2457 loquere,
2665 2389 2920 2441 mirabilia
2951 2388 3066 2456 ejus
3091 2403 3297 2452 enarra,
3333 2390 3578 2443 virtutem

2002 2478 2404 2532 mctuendorum
2434 2479 2535 2531 dic.
2571 2479 2671 2532 Istc
2698 2479 2837 2532 enim
2863 2478 3104 2531 amabilis
3126 2488 3203 2531 est
3228 2488 3282 2533 et
3307 2480 3577 2533 terribilis.

2000 2569 2115 2623 Non
2146 2570 2285 2623 enim
2329 2568 2595 2623 blanditur
2621 2578 2673 2622 et
2717 2584 2820 2621 non
2854 2571 3102 2623 minatur.
3127 2571 3187 2623 Si
3227 2585 3329 2623 non
3374 2570 3578 2624 blandi-

2003 2674 2169 2726 retur,
2204 2662 2342 2714 nulla
2373 2671 2513 2715 esset
2543 2661 2861 2725 exhortatio;
2894 2662 2935 2713 si
2961 2677 3063 2715 non
3094 2662 3403 2725 minaretur,
3436 2664 3579 2719 nulla

2002 2760 2143 2805 esset
2178 2752 2461 2820 correptio.
2495 2751 2679 2805 Dicent
2702 2766 2827 2820 ergo
2856 2751 3157 2806 laudatores
3188 2753 3261 2805 tui
3287 2763 3331 2806 et
3353 2754 3580 2808 virtutem

2002 2845 2374 2898 mctuendorum
2398 2859 2416 2907 ,'
2446 2844 2691 2897 virtutem
2718 2853 2974 2898 creaturm
3007 2853 3107 2897 tute
3136 2845 3400 2913 punientis
3424 2856 3475 2900 et
3502 2846 3578 2900 di-

2003 2937 2276 3006 sciplinam
2298 2936 2471 2991 dantis
2496 2936 2692 3002 dicent,
2717 2951 2820 2989 non
2850 2936 3116 2991 tacebunt.
3137 2937 3247 2991 Non
3277 2939 3415 2992 enim
3444 2954 3579 3008 prm-

2002 3029 2249 3083 dirabunt
2286 3043 2505 3103 regnum
2553 3037 2697 3082 tuum
2721 3037 2977 3082 aeternum
3000 3069 3015 3093 ,
3038 3039 3091 3083 et
3121 3030 3367 3084 tacebunt
3407 3033 3579 3100 ignem

2002 3126 2282 3173 aeternum.
2332 3119 2471 3172 Laus
2529 3120 2669 3173 enim
2716 3119 2807 3172 Dei
2865 3119 2915 3171 in
2964 3121 3045 3173 via
3099 3127 3149 3173 te
3204 3121 3527 3175 constituens
3562 3163 3577 3187 ,

2003 3210 2286 3265 ostendere
2318 3211 2411 3264 tibi
2435 3210 2593 3265 debet
2620 3219 2674 3264 ει
2702 3211 2826 3279 quid
2864 3210 3049 3280 diligas
3074 3253 3088 3276 ,
3121 3221 3172 3265 et
3197 3212 3323 3280 quid
3351 3214 3538 3268 timeas
3562 3231 3577 3278 ;

2002 3311 2054 3355 et
2081 3302 2203 3369 quid
2230 3310 2446 3370 appetas
2471 3343 2485 3367 ,
2515 3309 2568 3355 et
2594 3301 2716 3369 quid
2760 3301 2954 3370 fugias;
2981 3301 3107 3370 quid
3138 3302 3303 3372 eligas
3326 3343 3341 3369 ,
3375 3312 3427 3358 et
3455 3305 3579 3373 quid

2004 3394 2231 3462 rejicias.
2286 3394 2515 3462 Tempus
2565 3393 2837 3447 electionis
2887 3408 3029 3447 nunc
3079 3402 3203 3461 est,
3260 3396 3580 3463 acceptionis

2006 3496 2184 3557 postea
2213 3487 2331 3539 erit.
2353 3485 2565 3539 Dicatur
2590 3500 2715 3555 ergo
2741 3486 2907 3539 virtus
2928 3486 3351 3541 mctuendorum.
3372 3485 3439 3539 Et
3468 3504 3579 3540 ma-

2004 3578 2311 3649 gnitudinem
2330 3586 2483 3642 tuam,
2509 3578 2694 3645 inquit,
2720 3576 3016 3629 enarrabunt
3042 3593 3168 3630 eam.
3193 3576 3281 3631 Sic
3304 3577 3577 3643 infinitam,

2007 3669 2083 3722 sic
2112 3667 2375 3737 quomodo
2402 3667 2776 3737 magnitudinis
2807 3674 2909 3720 tua:
2948 3682 3050 3720 non
3091 3675 3174 3721 est
3201 3667 3346 3733 ﬁnis;
3379 3683 3481 3721 non
3513 3669 3583 3723 de

2008 3759 2092 3812 illa
2126 3759 2388 3813 taetebunt.
2421 3756 2565 3811 Illam
2588 3800 2601 3820 ,
2633 3758 2841 3826 inquam
2866 3799 2879 3822 ,
2904 3758 3297 3826 magnitudinem
3319 3768 3453 3811 tuam
3473 3799 3486 3823 ,
3514 3758 3582 3813 de

2006 3866 2107 3920 qua
2151 3851 2391 3918 superius
2438 3848 2670 3902 dixeram
2698 3890 2711 3913 ,
2748 3846 2812 3899 Et
2855 3848 3213 3918 magnitudinis
3256 3858 3355 3902 tusc
3384 3866 3481 3902 non
3512 3862 3582 3902 est

2008 3941 2154 4008 finis,
2186 3939 2485 3993 enarrabunt
2523 3955 2649 3991 eam.
2684 3938 2963 4005 Quomodo
3003 3938 3323 3993 enarrabunt
3352 3954 3467 3994 eam
3493 3982 3506 4002 ,
3535 3942 3578 3994 si

2010 4030 2127 4085 ﬁnis
2152 4047 2252 4084 non
2281 4030 2402 4084 est?
2432 4030 2759 4083 Enarrahunl
2793 4045 2931 4096 eam,
2961 4046 3078 4083 cum
3110 4030 3395 4086 laudabunt
3422 4047 3537 4087 eam
3563 4050 3577 4095 ;

2009 4131 2061 4176 et
2090 4122 2205 4190 quia
2239 4122 2355 4175 linis
2382 4122 2496 4189 ejus
2527 4135 2628 4174 non
2656 4130 2731 4175 εει
2756 4163 2773 4186 ,
2798 4121 2873 4175 sic
2915 4130 2965 4175 ct
2993 4121 3162 4175 laudis
3203 4124 3316 4191 ejus
3347 4137 3448 4176 non
3480 4124 3582 4178 erit

2012 4214 2150 4268 ﬁnis.
2185 4215 2475 4269 Probemus
2500 4214 2620 4284 quia
2652 4229 2754 4268 non
2786 4216 2885 4268 erit
2915 4215 3030 4269 ﬁnis
3062 4215 3228 4270 laudis
3251 4218 3382 4285 ejus.
3412 4215 3577 4279 Beati,

2012 4306 2198 4375 inquit,
2229 4306 2311 4375 qni
2342 4306 2569 4357 habitant
2592 4306 2642 4357 in
2669 4306 2815 4357 domo
2846 4315 2961 4367 ttat;
2992 4305 3040 4358 in
3068 4306 3253 4360 strcula
3282 4307 3580 4361 sa'culorunt

2014 4396 2289 4449 laudabunt
2307 4406 2352 4448 te
2372 4396 2389 4464 (
2412 4394 2554 4449 Psal.
2588 4411 2801 4459 Lxxxm,
2827 4396 2904 4464 5).
2934 4394 3000 4448 Et
3028 4398 3419 4467 magnitudinem
3446 4407 3580 4451 tuam

2014 4487 2175 4550 illaut,
2203 4487 2343 4541 illam
2375 4485 2654 4552 inﬁnitam,
2684 4487 2983 4540 enarrabunt
3012 4503 3137 4541 eam.

2085 4580 2137 4635 9.
2171 4580 2330 4652 [vers
2358 4579 2433 4651 7.]
2482 4579 2779 4633 Memoriam
2812 4580 3135 4635 abundantia:
3173 4583 3433 4636 suavitatis
3480 4590 3579 4636 tua:

2013 4672 2324 4726 eructabnnt.
2367 4670 2410 4723 0
2439 4671 2622 4739 epulas
2650 4670 2866 4725 felices!
2915 4670 3047 4736 Quid
3081 4671 3469 4725 manducabunt
3492 4672 3582 4740 qui

2015 4762 2093 4815 sic
2121 4760 2467 4814 eructabunt?
2504 4759 2803 4813 Illemoriam
2833 4760 3156 4813 abundantia?
3179 4762 3435 4814 suavitatis
3461 4771 3578 4815 tum.

2016 4853 2149 4919 Quid
2181 4863 2261 4905 est
2282 4893 2294 4913 ,
2328 4854 2613 4904 memoriam
2639 4852 2962 4905 abundantim
2988 4853 3245 4906 suavitatis
3271 4856 3407 4908 tum?
3450 4854 3579 4920 Quia

2017 4959 2114 4997 nos
2134 4942 2325 4996 oblitus
2358 4958 2458 4993 non
2485 4956 2559 5003 es,
2583 4956 2699 4994 cum
2728 4942 2870 4995 obliti
2897 4950 2945 4995 te
2976 4955 3070 4995 nos
3101 4940 3371 4998 fuerimus.
3399 4943 3582 4997 Omnis

2017 5034 2155 5085 enim
2178 5047 2300 5085 caro
2321 5030 2477 5084 oblita
2505 5038 2618 5083 erat
2640 5030 2835 5093 Deum;
2868 5030 2955 5084 ille
2979 5039 3152 5085 tamen
3179 5045 3336 5099 Opera
3358 5048 3449 5087 sua
3478 5049 3580 5086 non

2018 5132 2099 5177 εει
2126 5122 2336 5176 oblitus.
2392 5121 2513 5175 llme
2549 5123 2800 5174 memoria
2830 5122 2943 5190 ejus
2971 5139 3131 5193 super
3158 5139 3253 5178 nos
3273 5166 3287 5190 ,
3330 5126 3449 5194 quia
3480 5142 3583 5179 non

2018 5228 2117 5266 nos
2154 5212 2347 5266 oblitus
2372 5220 2489 5274 est,
2536 5210 2865 5280 prmdieanda
2895 5222 3010 5276 est,
3052 5214 3344 5269 enarranda
3376 5226 3496 5282 est;
3533 5226 3587 5271 et

2021 5305 2139 5374 quia
2170 5303 2321 5357 valde
2358 5302 2529 5356 dulcis
2556 5312 2636 5356 est
2660 5343 2674 5369 ,
2707 5304 3067 5359 manducanda
3094 5316 3146 5359 et
3172 5308 3455 5361 ernetauda
3484 5318 3583 5362 est.

2022 5393 2109 5448 Sic
2138 5392 2414 5458 manduca,
2443 5403 2497 5447 ut
2524 5404 2734 5448 eruetcs
2760 5411 2773 5459 ;
2804 5394 2882 5449 sic
2909 5396 3109 5466 accipe,
3143 5406 3198 5451 ut
3221 5397 3333 5453 des.
3367 5398 3587 5452 Mandu-

2021 5496 2132 5547 cas,
2155 5496 2273 5535 cum
2298 5482 2492 5547 discis;
2519 5490 2749 5549 eructas,
2772 5499 2892 5537 eum
2914 5484 3108 5551 doces;
3136 5486 3439 5553 inanducas,
3466 5502 3584 5541 cum

2021 5574 2210 5639 audis;
2258 5583 2469 5628 eructas
2491 5614 2505 5639 ,
2554 5590 2673 5628 cum
2702 5574 2955 5645 prmdicas
2983 5595 2997 5631 :
3023 5575 3123 5631 hoc
3167 5584 3342 5631 tamen
3378 5588 3587 5631 eructas

2023 5663 2163 5734 quod
2195 5663 2541 5719 manducasti.
2586 5666 2816 5733 Denique
2853 5666 2941 5719 ille
2979 5665 3315 5719 avidissimus
3344 5667 3587 5734 cpnlator

2025 5754 2253 5810 Joannes
2302 5757 2606 5823 apostolus,
2653 5755 2740 5808 cui
2794 5770 2895 5807 non
2953 5753 3243 5809 sufﬁciebat
3275 5756 3381 5825 ipsa
3413 5773 3593 5814 mensa
