4084 6456
512 366 514 369 ’
559 363 693 418 i875

555 474 783 538 Domini,
813 475 911 528 nisi
941 473 1299 528 discumberet
1319 490 1476 542 super
1499 485 1678 544 pectus
1709 474 1909 528 Domini
1943 475 2120 544 (Joan.

552 581 678 628 xm,
707 565 796 633 25)
823 606 838 630 ,
885 573 939 619 et
983 565 1047 617 de
1088 579 1281 617 arcano
1317 564 1430 630 ejus
1463 564 1666 616 biberet
1697 564 1868 617 divina
1898 576 2122 631 si-rri-ta,

551 656 672 724 quid
701 655 999 710 eruc'avit?
1043 652 1107 706 In
1141 654 1388 722 principio
1415 665 1520 706 erat
1561 653 1790 716 Verbum,
1829 665 1872 706 et
1910 653 2124 706 Verbum

550 757 655 800 erat
679 747 815 815 aput!
840 745 996 798 Deum
1025 744 1134 813 (Id.
1168 760 1183 798 l
1210 786 1222 804 ,
1260 746 1336 811 1).
1383 745 1434 797 Μ
1441 746 1680 797 emoriam
1707 760 1835 814 ergo
1859 745 2123 798 abundan-

547 839 631 892 tia!
665 839 923 891 suavitatis
957 847 1055 890 tum
1087 835 1392 890 eructabunt.
1445 835 1721 902 Quomodo
1762 853 1865 889 non
1907 836 2119 898 sufﬁcit,

547 928 856 981 memoriam
905 934 1084 991 tuam,
1139 941 1235 979 nec
1281 926 1589 979 memoriam
1617 925 1952 978 abundantite
1995 935 2118 989 tum,

546 1019 626 1073 vel
667 1019 974 1072 memoriam
1013 1018 1282 1071 suavitatis
1323 1025 1462 1080 ture;
1510 1017 1602 1070 sed
1650 1018 1936 1070 memoriam
1966 1017 2124 1069 abim-

546 1110 733 1163 dantitr
755 1109 1016 1162 suavitatis
1046 1107 1188 1160 tute?
1234 1106 1442 1160 Etenim
1474 1107 1595 1175 quid
1629 1106 1842 1175 prodi-st
1880 1106 1924 1160 si
1950 1108 2119 1159 aliun-

544 1198 636 1255 dat
671 1210 723 1254 et
763 1199 985 1254 insuave
1023 1196 1143 1253 est?
1174 1197 1299 1251 item
1343 1198 1620 1251 molestmn
1647 1238 1660 1260 ,
1691 1197 1734 1252 si
1763 1211 1923 1250 suave
1949 1206 2001 1250 ct
2025 1212 2119 1265 pa-

546 1307 660 1345 rum
684 1300 784 1345 εει.

617 1380 704 1435 10.
738 1379 896 1450 Ergo,
931 1377 1227 1432 Memoriam
1248 1377 1568 1430 abundantia:
1587 1377 1844 1430 suavitatis
1875 1387 1974 1430 tua!
1999 1394 2116 1430 cru-

545 1473 746 1524 ctabuut
777 1485 796 1524 :
816 1470 936 1538 quia
964 1485 1066 1524 non
1093 1483 1150 1523 es
1176 1477 1231 1521 tu
1258 1468 1452 1522 oblitus
1481 1469 1642 1520 nostri
1671 1485 1683 1529 ;
1717 1477 1769 1522 et
1798 1485 1900 1522 non
1925 1469 2119 1524 oblitus

543 1561 913 1616 commonuisti
961 1574 1091 1623 nos,
1137 1567 1193 1613 ut
1232 1569 1285 1614 et
1315 1575 1412 1613 nos
1442 1559 1661 1613 reducas
1689 1560 1738 1612 in
1783 1562 2116 1615 memoriam.

544 1649 1075 1706 Commemorabuutur
1099 1649 1239 1703 cnim
1284 1659 1330 1702 et
1374 1660 1718 1702 convertentur
1741 1651 1808 1701 ad
1847 1649 2118 1704 Dominum

544 1743 763 1796 universi
787 1743 912 1806 lines
940 1751 1086 1795 terra:
1106 1740 1274 1810 (Psal.
1307 1757 1391 1794 xxr
1412 1781 1426 1804 ,
1458 1740 1577 1810 28).
1621 1741 1749 1807 Quia
1776 1756 1904 1810 ergo
1933 1759 2119 1796 mento-

541 1833 672 1885 riam
697 1831 1018 1886 abundantia:
1041 1832 1300 1885 suavitatis
1325 1843 1425 1884 tute
1453 1834 1745 1884 eructabunt
1769 1872 1782 1894 ,
1817 1833 2115 1901 intelligen-

544 1931 623 1976 tes
651 1923 702 1977 in
744 1937 802 1977 se
833 1921 964 1976 nihil
993 1921 1115 1976 boni
1154 1936 1274 1976 esse
1303 1921 1444 1990 quod
1474 1937 1503 1974 a
1533 1929 1718 1975 te'nou
1747 1923 1845 1985 sit;
1896 1938 1991 1977 nec
2013 1939 2114 1993 po-

544 2014 708 2068 tuisse
735 2013 973 2068 converti
1018 2012 1082 2066 ad
1124 2020 1175 2066 te
1199 2053 1214 2078 ,
1237 2012 1358 2066 nisi
1400 2020 1867 2066 commoncrcntur
1903 2015 1998 2067 abs
2028 2022 2110 2079 te;

541 2121 641 2160 nec
671 2103 850 2158 reduci
875 2103 1112 2174 potuisse
1135 2102 1184 2155 in
1218 2103 1527 2156 memoriam
1558 2102 1652 2166 tui,
1685 2104 1727 2156 si
1755 2113 1805 2155 ιιι
1835 2103 2114 2157 oblivisce-

539 2197 674 2252 rcris
717 2196 924 2249 illorum
959 2210 972 2246 :
1003 2194 1114 2248 haec
1157 2192 1558 2247 considerantes
1601 2192 1650 2245 in
1691 2193 1858 2262 gratia
1887 2203 1969 2246 tua
1994 2235 2007 2253 ,
2045 2193 2110 2247 lit

535 2287 731 2358 justitia
760 2295 845 2339 tua
887 2285 1222 2339 exsultabant.
1257 2282 1380 2337 Haec
1405 2324 1420 2348 ,
1462 2283 1707 2352 inquam,
1744 2283 1792 2336 in
1829 2293 1912 2336 tua
1943 2285 2111 2353 gratia

538 2377 958 2440 considerantes,
990 2371 1309 2428 exsultabant
1337 2373 1529 2437 iustitia
1557 2383 1664 2437 tua,
1698 2387 1802 2425 non
1832 2387 1945 2426 sua.
1977 2373 2075 2427 Fra
2094 2405 2109 2414 -

537 2465 667 2532 tr'es,
699 2466 743 2519 si
774 2465 932 2519 vultis
961 2474 1202 2518 eructare
1228 2463 1470 2530 gratiam,
1505 2461 1667 2515 bibite
1690 2463 1934 2530 gratiam.
1965 2463 2099 2530 Quid

538 2567 652 2621 est,
701 2555 863 2610 bibite
888 2554 1153 2625 gratiam?
1183 2552 1377 2607 Discite
1406 2553 1653 2621 gratiam,
1687 2551 1964 2622 inti-lligite
1985 2569 2107 2623 gra-

537 2650 686 2703 tiam.
733 2647 841 2703 Nos
863 2657 1142 2716 antequam
1169 2661 1410 2700 essemus
1432 2689 1447 2708 ,
1473 2645 1690 2699 omnino
1722 2659 1825 2698 non
1853 2662 2067 2702 eramus
2091 2665 2105 2712 ;

536 2751 590 2796 et
632 2740 749 2796 iacti
796 2754 979 2793 smnus
1022 2738 1300 2801 homines,
1343 2751 1462 2789 cum
1502 2744 1624 2789 ante
1665 2734 1792 2788 nihil
1823 2751 2105 2792 essemus:

537 2831 730 2885 deinde
753 2830 860 2897 jam
889 2828 986 2898 ipsi
1017 2827 1260 2881 homines
1285 2841 1347 2879 ex
1380 2825 1596 2879 traduce
1625 2825 1762 2878 illius
1789 2826 2104 2892 peccatoris,

535 2930 583 2975 et
615 2920 822 2990 maligni
845 2935 1054 2974 eramus
1079 2959 1093 2983 ,
1136 2927 1185 2971 et
1219 2917 1306 2970 ﬁlii
1340 2918 1430 2970 ine
1453 2927 1660 2980 natura,
1691 2916 1900 2970 sicutet
1927 2919 2106 2972 c-.ctcri

536 3010 748 3084 (Ephes.
779 3025 836 3072 ιι,
869 3010 947 3068 5).
972 3008 1322 3063 Attendamus
1343 3023 1468 3076 ergo
1491 3008 1712 3076 gratiam
1743 3007 1856 3070 Dei,
1885 3024 1988 3061 non
2019 3025 2107 3062 so-

535 3101 642 3154 lum
673 3115 774 3171 qua
798 3099 919 3154 fecit
946 3115 1063 3163 nos,
1097 3114 1278 3152 verum
1303 3099 1460 3152 etiam
1489 3114 1588 3166 qua
1617 3098 1819 3152 refecit.
1855 3097 1950 3152 Cui
1977 3115 2105 3168 ergo

534 3187 788 3241 debemus
818 3185 938 3255 quia
965 3199 1146 3238 sumus
1169 3223 1185 3248 ,
1223 3182 1294 3236 illi
1326 3182 1578 3237 debemus
1609 3183 1730 3252 quia
1759 3190 1813 3237 et
1834 3181 2102 3253 justiﬁcati

533 3293 735 3334 sumus.
766 3276 932 3332 Nemo
956 3276 1104 3346 quasi
1147 3275 1340 3328 tribuat
1373 3274 1480 3328 Deo
1503 3274 1623 3343 quia
1653 3283 1764 3340 est,
1805 3284 1858 3329 et
1885 3274 1982 3328 sibi
2009 3275 2103 3329 tri-

532 3371 659 3426 buat
702 3371 821 3440 quia
863 3370 1036 3438 justus
1083 3375 1183 3422 est.
1236 3367 1420 3420 Melius
1447 3373 1527 3419 cst
1564 3367 1704 3420 enim
1736 3365 1876 3436 quod
1909 3366 1998 3420 tibi
2027 3367 2103 3420 vis

533 3460 803 3524 tribucre,
847 3473 1004 3527 quam
1043 3454 1182 3526 quod
1228 3455 1302 3510 illi
1337 3473 1350 3508 :
1399 3455 1590 3509 melius
1628 3455 1767 3509 enim
1811 3455 2006 3525 aliquid
2045 3471 2104 3510 es

534 3552 657 3619 quia
697 3549 869 3618 justus
895 3562 953 3602 es
983 3548 999 3578 ¹
1023 3587 1036 3612 ,
1065 3560 1221 3616 quam
1261 3546 1380 3614 quia
1419 3544 1578 3600 homo
1612 3561 1691 3599 es.
1746 3544 1968 3598 Inferius
2003 3545 2101 3598 ali-

534 3638 660 3712 quid
690 3641 784 3694 das
827 3640 970 3704 Deo;
1015 3648 1068 3693 et
1105 3638 1350 3706 superius
1391 3638 1503 3692 tibi.
1559 3637 1746 3690 Totum
1798 3637 1868 3691 illi
1899 3637 2000 3703 ila,
2050 3638 2102 3692 in

533 3743 644 3787 toto
672 3733 843 3802 ipsum
895 3729 1046 3784 lauda
1081 3747 1094 3783 :
1128 3743 1234 3782 non
1272 3727 1431 3782 cadas
1460 3727 1527 3783 de
1571 3743 1726 3782 manu
1768 3727 2004 3782 artilicis.
2036 3728 2104 3784 Ut

534 3839 681 3878 esses
721 3824 841 3891 quis
886 3820 1050 3876 fecit?
1089 3818 1272 3874 Nonne
1316 3818 1571 3887 scriptum
1613 3826 1693 3872 cst
1732 3819 1851 3887 quia
1881 3819 2104 3885 sumpsit

535 3915 675 3968 Deus
716 3913 897 3966 linuun
927 3911 995 3966 de
1039 3920 1216 3977 terra,
1258 3918 1312 3964 et
1353 3908 1598 3963 formavit
1651 3908 1916 3962 hominem
1951 3908 2100 3980 (Gen.

533 4022 591 4072 ιι,
627 4007 680 4077 7)
702 4005 726 4056 ‘?
751 4007 1044 4075 Antequam
1074 4004 1231 4056 homo
1260 4017 1429 4068 esses,
1460 4001 1617 4055 limus
1646 4015 1792 4065 eras;
1821 4009 2102 4070 antequam

534 4099 692 4153 limus
713 4112 876 4160 esses,
907 4096 1036 4150 nihil
1065 4109 1206 4149 eras.
1233 4093 1338 4149 Sed
1365 4109 1467 4148 non
1494 4093 1560 4148 de
1592 4093 1692 4146 isto
1719 4093 1834 4146 solo
1857 4095 2104 4162 ﬁgmento

534 4189 732 4260 gratias
763 4201 888 4258 agas
913 4185 1101 4240 artiﬁci
1129 4195 1217 4239 tuo
1241 4201 1257 4250 ;
1279 4183 1402 4238 audi
1425 4183 1566 4236 aliud
1599 4181 1904 4253 ﬁgmentum
1935 4182 2020 4235 ubi
2055 4193 2105 4237 te

536 4281 679 4335 fecit.
732 4278 852 4330 Non
877 4293 939 4332 ea:
963 4275 1194 4345 operibus
1214 4317 1229 4342 ,
1257 4277 1365 4341 ait,
1405 4291 1467 4327 ne
1495 4277 1624 4345 forte
1667 4273 1775 4342 quis
1812 4271 2100 4326 extollatur.

534 4370 638 4426 Sed
663 4368 754 4438 qui
783 4368 952 4432 dixit,
987 4365 1106 4420 Non
1131 4382 1192 4420 ea:
1211 4365 1460 4437 operibus,
1498 4380 1561 4418 ne
1590 4367 1720 4434 forte
1747 4363 1858 4433 quis
1887 4363 2105 4417 extolla-

535 4473 619 4516 tur
643 4478 661 4526 ;
683 4461 927 4529 superius
950 4458 1075 4528 quid
1102 4455 1619 4513 commemoravit’?
1647 4455 1820 4510 Gratia
1839 4456 1964 4509 salvi
1984 4456 2105 4520 facti

534 4554 652 4609 estis
682 4567 771 4621 per
801 4549 954 4620 ﬁdem
971 4566 990 4614 ;
1031 4558 1075 4602 et
1103 4549 1194 4600 hoc
1222 4547 1242 4577 ³
1268 4562 1367 4600 non
1399 4563 1462 4602 ea:
1490 4547 1646 4599 vobis.
1679 4545 1916 4614 Apostoli
1944 4545 2105 4600 verba

535 4652 658 4698 sunt
685 4683 700 4706 ,
728 4657 832 4696 non
863 4655 978 4694 mea
1005 4656 1017 4691 :
1062 4636 1239 4692 Gratia
1274 4635 1400 4691 salvi
1429 4637 1550 4706 [acti
1579 4635 1697 4690 estis
1731 4650 1819 4706 per
1843 4634 2031 4703 fidem;
2061 4643 2106 4688 et

534 4738 629 4791 hoc
659 4736 746 4803 (ut
775 4733 903 4789 salvi
929 4731 1118 4787 essetis
1145 4745 1243 4799 per
1272 4729 1468 4794 ﬁdem)
1498 4744 1597 4782 non
1629 4743 1690 4780 ea:
1718 4727 1873 4782 vobis.
1904 4727 2103 4795 Quam-

536 4828 620 4883 vis
658 4831 756 4882 hoc
796 4828 964 4896 ipsum
995 4823 1137 4894 quod
1165 4823 1405 4886 dixerat,
1433 4819 1644 4883 Gratia;
1672 4820 1888 4889 utique,
1921 4835 2018 4872 non
2046 4832 2109 4872 ex

532 4919 668 4974 vobis
695 4935 714 4973 :
742 4917 834 4972 sed
881 4932 948 4972 ne
985 4915 1104 4986 quis
1147 4913 1303 4968 aliter
1351 4911 1706 4982 intelligeret,
1755 4910 1963 4981 planius
2005 4910 2107 4966 hoc

533 5013 743 5080 aperire
766 5012 1008 5081 dignatus
1027 5016 1129 5064 est.
1157 5008 1226 5060 Da
1254 5005 1659 5068 intellectorem,
1677 4992 1731 5056 et
1753 5011 1919 5056 totum
1941 4999 2104 5056 dixit:

537 5103 716 5158 Gratia
753 5103 878 5157 salvi
921 5101 1042 5171 facti
1071 5098 1205 5153 estis.
1251 5095 1352 5152 Ubi
1377 5094 1556 5156 audis,
1588 5093 1754 5163 gratia
1776 5133 1791 5159 ,
1820 5090 1995 5147 Gratis
2023 5092 2105 5146 in-

536 5195 737 5264 tellige.
763 5193 818 5248 Si
848 5207 974 5262 ergo
999 5192 1163 5261 gratis
1182 5229 1198 5255 ,
1227 5187 1356 5242 nihil
1386 5196 1440 5240 tu
1467 5184 1713 5250 attulisti,
1751 5183 1884 5238 nihil
1907 5182 2106 5237 merui-

537 5287 607 5342 sti
644 5303 658 5340 :
686 5299 805 5339 nam
829 5285 872 5340 si
894 5282 1097 5338 meritis
1125 5279 1323 5351 aliquid
1351 5278 1616 5334 redditum
1644 5285 1744 5344 est,
1772 5289 1980 5331 merces
2003 5282 2105 5342 est,

598 5423 616 5454 ί
652 5418 726 5469 sic
760 5423 868 5468 Mss.
907 5423 960 5467 Αῑ
993 5415 1123 5464 laid;
1165 5411 1330 5465 Melius
1362 5416 1431 5462 est
1456 5409 1583 5462 enim
1619 5406 1807 5474 aliquid
1839 5420 1960 5469 esse,
1995 5405 2111 5471 quia

533 5489 786 5592 mining;
809 5539 899 5591 sed
922 5535 1038 5600 quid
1063 5533 1210 5600 dixit,
1231 5545 1328 5585 Non
1349 5546 1412 5583 ex
1429 5533 1666 5600 operibus,
1689 5531 1889 5600 neforte
1909 5528 2015 5589 quis
2026 5541 2112 5600 est:

535 5605 728 5657 tollatur
756 5591 773 5654 ἒ
797 5591 1015 5666 superius
1032 5598 1148 5664 quid
1171 5591 1592 5647 commemoravit?
1615 5601 1686 5642 Er.
1721 5591 1779 5642 et'
1811 5600 1928 5640 ven.
1953 5591 2111 5641 secuti

534 5679 717 5729 sumus!
780 5670 845 5729 δίε
931 5723 976 5729 --
1151 5725 1158 5729 λ
1433 5716 1462 5729 ,.

600 5712 735 5776 ῖῖἶὶὸ
752 5725 863 5776 ltdd.
889 5723 1086 5783 addunt,
1109 5725 1160 5772 ut
1182 5718 1302 5771 salvi
1324 5716 1485 5769 essetis
1502 5729 1586 5780 per
1609 5714 1754 5780 [idem
1775 5712 1934 5778 :quod
1954 5727 1979 5760 a
2003 5719 2108 5760 Mss.

534 5790 689 5839 abest.

1768 366 1821 420 S.
1875 367 2234 423 Al'Cl'S'l'lNl
2278 369 2568 424 EI’ISCOPI

3681 381 3798 438 1376

2243 495 2344 532 non
2373 483 2560 548 gratia.
2607 481 2783 535 Gratia
2802 524 2817 546 ,
2850 482 3048 552 inquit,
3081 485 3203 539 salvi
3229 487 3351 554 [acti
3376 491 3494 543 estis
3523 507 3614 560 per
3636 493 3795 560 ﬁdem.

2235 568 2451 637 Expone
2480 569 2601 622 illud
2629 572 2860 640 apertius
2883 584 3097 642 propter
3116 587 3448 646 arrogantes,
3471 589 3692 648 preptcr
3710 584 3794 640 sibi

2232 659 2527 726 placentes,
2575 671 2790 730 propter
2828 663 3128 732 ignorantes
3163 666 3249 720 Dei
3277 668 3543 734 justitiam
3576 683 3630 726 ct
3658 688 3794 728 suam

2230 750 2468 803 volentes
2515 753 2858 807 constituere.
2910 755 3046 807 Audi
3094 755 3193 810 hoc
3239 758 3376 812 idem
3421 763 3704 827 apertius:
3737 763 3794 818 Et

2230 839 2321 890 hoc
2342 878 2355 901 ,
2387 841 2587 907 inquit,
2611 843 2748 909 quod
2775 844 2937 912 gratia
2964 843 3093 896 salvi
3117 846 3239 915 facti
3265 848 3403 910 estis,
3429 865 3532 902 non
3562 867 3624 902 ex
3646 855 3789 918 vobis,

2227 927 2315 980 sed
2346 927 2438 980 Dei
2467 930 2654 982 donum
2680 942 2768 984 est.
2814 931 2917 987 Sed
2943 944 2996 988 et
3025 950 3123 988 nos
3162 935 3296 990 forte
3325 938 3525 1007 aliquid
3557 941 3786 1010 fecimus,

2228 1028 2283 1071 ut
2312 1018 2445 1072 dona
2485 1022 2571 1074 Dei
2603 1038 2942 1078 mererentur.
2983 1025 3102 1080 Non
3128 1044 3190 1080 ea:
3209 1032 3473 1097 operibus,
3502 1031 3704 1104 inquit,
3735 1054 3792 1093 ne

2226 1110 2354 1179 forte
2378 1113 2489 1180 quis
2509 1115 2798 1180 extollatur,
2829 1116 2962 1182 Quid
2993 1119 3162 1186 ergo?
3187 1135 3287 1174 nos
3315 1121 3450 1176 bene
3482 1140 3586 1177 non
3614 1141 3789 1194 Opera-

2225 1204 2376 1256 rnur?
2421 1204 2529 1258 Ιιιιο
2569 1220 2872 1272 aperamur.
2923 1209 3025 1262 Sed
3057 1211 3360 1279 quomodo?
3407 1213 3534 1282 Ipso
3570 1216 3620 1269 in
3649 1221 3789 1273 nobis

2225 1303 2477 1360 operante
2503 1310 2516 1360 ;
2545 1296 2665 1364 quia
2709 1312 2803 1364 per
2833 1298 2989 1351 ﬁdem
3023 1299 3193 1352 locum
3225 1302 3417 1356 damus
3440 1307 3492 1358 in
3519 1308 3677 1363 corde
3704 1326 3792 1364 no-

2223 1392 2336 1436 stro
2360 1383 2408 1437 ci
2437 1386 2522 1454 qui
2553 1387 2604 1439 in
2641 1388 2792 1441 nobis
2821 1398 2872 1442 et
2917 1404 3010 1458 per
3055 1405 3152 1444 nos
3190 1391 3329 1446 bona
3355 1407 3630 1463 operatur.
3662 1399 3792 1454 Audi

2224 1475 2362 1527 cnim
2391 1475 2528 1529 unde
2558 1481 2796 1546 opercris
2820 1479 2952 1532 bona
2988 1498 3001 1533 :
3035 1479 3206 1548 Ipsius
3228 1489 3359 1536 enim
3393 1503 3570 1540 sumus
3592 1490 3796 1557 ﬁgmen.

2225 1571 2348 1628 tum,
2380 1567 2533 1618 creati
2555 1568 2604 1620 in
2635 1569 2831 1622 (.‘In-isto
2855 1569 2890 1622 Ι
2896 1587 2982 1623 esu
3008 1571 3060 1624 in
3089 1573 3322 1642 Operibus
3347 1575 3513 1642 bonis,
3541 1589 3597 1632 ut
3622 1581 3671 1633 in
3693 1581 3796 1638 illis

2223 1655 2530 1712 ambulemus
2557 1658 2770 1727 (Ep/tes.
2794 1675 2829 1714 ιι
2855 1702 2868 1722 ,
2892 1661 3074 1731 8-10).
3127 1663 3225 1717 Ista
3252 1674 3332 1718 est
3361 1669 3597 1724 suavitas
3633 1671 3795 1726 abun-

2225 1747 2354 1800 dans
2400 1751 2671 1804 memoria:
2721 1752 2884 1820 ipsius
2929 1754 3070 1808 circa
3120 1769 3236 1808 nos.
3290 1755 3436 1812 Hanc
3483 1763 3791 1829 eructsiido,

2225 1837 2598 1906 pra'dicatorcs
2627 1841 2743 1909 ejus
2766 1843 2966 1909 justitia
2994 1844 3110 1911 ejus
3133 1847 3474 1901 exsultabuut
3498 1891 3514 1914 ,
3547 1867 3651 1905 non
3679 1869 3792 1908 sua.

2221 1929 2353 1996 Quid
2398 1946 2524 2000 ergo
2573 1941 2629 1985 ut
2671 1932 2870 1999 simus,
2912 1943 2968 1987 ut
3018 1935 3314 1999 laudemus,
3366 1951 3424 1993 ut
3463 1940 3668 2011 justitia
3711 1954 3794 2002 tua

2221 2022 2586 2086 cxsultemns,
2641 2031 2697 2077 ut
2752 2027 3062 2080 memoriam
3123 2027 3466 2085 abundantia:
3520 2035 3795 2092 suavitatis

2221 2120 2323 2166 tua:
2372 2125 2710 2177 crnctemus,
2761 2116 2887 2185 quid
2939 2132 3067 2186 erga
3097 2119 3112 2149 ¹
3141 2133 3240 2172 nos
3287 2119 3494 2186 iecisti,
3537 2124 3793 2193 Domine,

2220 2219 2375 2272 quem
2425 2205 2740 2261 laudamus?
2794 2207 3070 2274 Dicamus,
3115 2219 3170 2266 et
3208 2226 3328 2266 cum
3371 2213 3632 2283 dicimus,
3676 2217 3794 2272 lau-

2218 2295 2422 2351 demus.

2290 2389 2373 2444 il.
2401 2388 2548 2461 iners.
2577 2388 2655 2462 8.]
2693 2390 2979 2448 Misericors
3005 2402 3050 2448 et
3083 2393 3343 2449 miserator
3365 2394 3616 2451 Dominus
3637 2441 3652 2464 ,
3683 2401 3796 2455 lon-

2217 2481 2429 2550 ganimis
2449 2492 2492 2534 et
2513 2483 2721 2535 multum
2740 2484 3036 2538 misericors.
3061 2485 3242 2540 Suavis
3264 2486 3512 2542 Dominus
3536 2490 3792 2558 omnibus,

2219 2580 2263 2622 et
2285 2573 2631 2626 miserationes
2658 2575 2767 2643 ejus
2805 2574 2856 2627 in
2887 2577 3055 2628 omnia
3083 2592 3234 2645 opera
3256 2579 3384 2646 ejus.
3414 2577 3523 2632 Nisi
3553 2581 3642 2634 ille
3673 2583 3796 2637 talis

2215 2670 2391 2726 esset,
2422 2660 2488 2714 de
2517 2662 2666 2716 nobis
2704 2664 2949 2732 repetitio
2973 2665 3111 2718 nulla
3137 2677 3282 2720 esset
3309 2668 3355 2719 ¹.
3388 2669 3620 2723 Attende
3643 2671 3712 2724 ad
3746 2680 3796 2728 te

2216 2750 2423 2818 ipsum;
2463 2751 2588 2819 quid
2635 2752 2926 2807 merebat-is
2966 2756 3251 2824 peccator?
3295 2768 3632 2828 contemptor
3670 2761 3790 2824 Dei,

2215 2840 2337 2909 quid
2387 2841 2717 2895 merebaris‘t
2769 2843 2896 2898 Vide
2925 2843 2967 2897 si
2993 2846 3226 2899 occurrit
3267 2847 3359 2900 tibi
3400 2847 3502 2902 nisi
3533 2863 3725 2917 paena,
3752 2851 3792 2904 si

2214 2932 2444 2985 occurrit
2475 2933 2564 2986 tibi
2592 2933 2688 2986 nisi
2717 2933 3054 3002 supplicium.
3091 2934 3250 2990 Vides
3273 2951 3401 3006 ergo
3427 2938 3553 3005 quid
3583 2939 3675 2993 tibi
3706 2939 3795 2994 de.

2216 3018 2454 3085 bcbatur,
2490 3029 2540 3076 et
2572 3021 2696 3090 quid
2724 3022 2930 3077 dederit
2953 3023 3039 3093 qui
3065 3024 3227 3094 gratis
3253 3024 3416 3079 dedit.
3448 3026 3577 3080 Data
3603 3037 3686 3082 est
3713 3043 3794 3083 ve.

2215 3112 2297 3165 nia
2337 3114 2598 3182 peccatori
2624 3153 2639 3179 ,
2671 3113 2824 3168 datus
2847 3122 2930 3169 est
2967 3114 3183 3183 spiritus
3205 3115 3603 3184 justiﬁcationis
3622 3159 3638 3183 ,
3665 3118 3790 3173 data

2213 3211 2292 3256 est
2319 3201 2548 3256 charitas
2577 3211 2630 3256 et
2655 3202 2893 3267 dilectio,
2924 3203 2976 3257 in
3001 3218 3103 3273 qua
3124 3206 3302 3259 omnia
3323 3204 3458 3260 bona
3490 3207 3652 3260 facias
3677 3224 3694 3271 ;
3741 3216 3792 3263 et

2212 3308 2371 3364 super
2408 3292 2522 3348 haec
2565 3293 2708 3348 dabit
2737 3303 2789 3349 et
2828 3295 2988 3348 vitam
3031 3306 3284 3351 aeternam
3308 3337 3324 3361 ,
3378 3307 3434 3352 et
3470 3299 3788 3354 societatem

2213 3384 2531 3454 Angelorum
2562 3401 2574 3438 :
2604 3392 2767 3438 totum
2798 3384 2865 3438 de
2891 3385 3272 3440 misericordia.
3322 3386 3505 3442 Merita
3542 3396 3631 3442 tua
3661 3404 3790 3443 uns-

2211 3494 2366 3547 quam
2394 3478 2584 3547 jactes,
2616 3478 2737 3547 quia
2757 3486 2811 3532 ct
2833 3478 2940 3548 ipsa
2970 3488 3054 3532 tua
3083 3480 3270 3532 merita
3301 3478 3436 3533 illius
3455 3478 3594 3533 dona
3623 3489 3783 3533 sunt:

2211 3565 2280 3620 Et
2318 3568 2520 3634 justitia
2565 3577 2651 3621 tua
2695 3566 3035 3621 exsultabunt.
3095 3567 3385 3623 Misericors
3426 3579 3473 3624 et
3522 3571 3786 3624 miseratur

2211 3658 2496 3713 Dominus:
2516 3660 2606 3729 qui
2636 3659 2804 3717 feciSti
2827 3659 3001 3714 omnia
3018 3661 3201 3729 gratis.
3231 3661 3559 3732 Longanimis
3580 3679 3600 3716 :
3619 3678 3785 3733 quan-

2213 3760 2292 3805 tos
2317 3751 2458 3805 enim
2488 3753 2716 3805 sustinet
2746 3761 3052 3820 peccatores
3077 3752 3100 3804 ?
3130 3751 3418 3806 Misericors
3445 3763 3491 3807 et
3515 3754 3776 3807 misererer

2211 3843 2457 3898 Dominus
2481 3886 2495 3908 ,
2544 3844 2594 3897 in
2629 3845 2708 3898 his
2737 3844 2927 3913 quibus
2953 3843 3161 3898 veniam
3191 3844 3334 3898 dedit
3365 3862 3376 3898 :
3411 3845 3461 3899 in
3485 3845 3571 3900 his
3592 3847 3779 3915 quibus

2211 3934 2382 3988 adhuc
2410 3950 2513 3988 non
2545 3934 2689 3990 dedit
2715 3975 2730 4001 ,
2771 3935 3090 4004 longanimis,
3121 3949 3224 3988 non
3253 3935 3533 3997 damnans,
3563 3937 3658 3990 sed
3691 3953 3780 3991 es-

2210 4034 2476 4096 spectans,
2502 4027 2610 4095 ipsa
2639 4027 3030 4095 exspectatiOne
3053 4025 3308 4090 clamans,
3334 4025 3692 4079 Convertimiui
3716 4029 3780 4080 ad

2212 4131 2306 4179 me,
2335 4125 2379 4167 et
2401 4126 2658 4168 convertar
2685 4115 2752 4167 ad
2772 4131 2854 4168 vos
2881 4114 3131 4182 (Malae/3.
3165 4130 3241 4178 nt,
3272 4116 3361 4182 7);
3388 4123 3441 4169 et
3470 4116 3631 4169 nimia
3664 4117 3774 4170 lon-

2210 4205 2512 4274 ganimitate
2542 4203 2562 4234 ³
2581 4245 2595 4269 ,
2631 4203 2767 4258 Nolo
2790 4246 2804 4269 ,
2839 4205 3006 4274 inquit
3030 4245 3044 4270 ,
3073 4213 3278 4258 mortem
3303 4205 3476 4274 impii,
3505 4216 3703 4258 tantum
3730 4215 3781 4258 ut

2210 4306 2485 4350 revertatur
2525 4307 2572 4350 et
2614 4300 2744 4350 vivat
2787 4297 2995 4365 (Ezech.
3027 4311 3226 4358 xxxnt,
3271 4297 3381 4366 il).
3434 4296 3526 4350 Ille
3569 4297 3780 4361 quidem

2213 4389 2532 4459 longanimis
2556 4406 2569 4452 ;
2616 4397 2668 4442 tu
2697 4398 2872 4443 autem
2903 4389 3192 4442 secundum
3219 4387 3466 4441 duritiam
3493 4387 3679 4441 cordis
3711 4388 3779 4440 tui

2213 4488 2266 4533 et
2289 4495 2382 4534 cor
2410 4479 2748 4547 impmuilens
2779 4477 3105 4532 thesaurizas
3132 4477 3224 4532 tibi
3251 4478 3381 4531 iram
3410 4477 3461 4531 in
3495 4477 3582 4531 die
3614 4479 3708 4532 irte
3733 4485 3782 4531 et

2212 4569 2554 4626 revelationis
2580 4569 2707 4639 justi
2744 4569 2926 4638 judicii
2959 4569 3093 4634 Dei,
3139 4568 3228 4637 qui
3271 4567 3455 4622 reddet
3497 4569 3779 4638 unicuique

2212 4662 2501 4718 secundum
2530 4677 2686 4731 opera
2718 4676 2811 4717 sua
2847 4661 3018 4732 (Rom.
3050 4676 3109 4726 ιι,
3134 4661 3187 4724 5.
3217 4659 3291 4730 6).
3319 4658 3433 4713 Νοιι
3455 4660 3596 4714 enim
3627 4659 3780 4713 modo

2212 4753 2288 4808 sic
2318 4752 2632 4823 longanimis
2674 4753 2726 4806 in
2771 4750 3102 4816 sustinendo,
3155 4759 3213 4804 ut
3242 4750 3705 4820 nunquamjustus
3730 4749 3777 4802 in

2213 4844 2534 4899 vindicando
2564 4842 2606 4901 ⁸.
2663 4843 2934 4898 Distribuit
2981 4851 3263 4911 tempora:
3298 4849 3454 4894 vocat
3504 4850 3554 4895 te
3603 4855 3777 4900 nunc,

2213 4935 2527 4991 exhortatur
2555 4944 2603 4989 te
2626 4949 2793 4996 nunc;
2822 4941 3097 5002 exSpectat
3123 4931 3294 4986 donec
3320 4931 3620 4998 resipiseas,
3645 4940 3698 4983 et
3727 4935 3778 4980 tu

2215 5027 2391 5082 tardas
2417 5029 2430 5080 ι
2465 5027 2646 5093 Magna
2674 5024 2787 5094 ejus
2815 5021 3177 5078 misericordia
3201 5032 3252 5076 et
3282 5023 3332 5075 in
3361 5021 3460 5075 hoc
3475 5019 3613 5089 quod
3643 5019 3778 5073 diem

2214 5119 2335 5173 vita:
2366 5117 2457 5172 tibi
2486 5118 2744 5171 incertum
2777 5113 2922 5180 fecit,
2956 5123 3011 5167 ut
3036 5113 3238 5167 nescias
3267 5111 3478 5181 quando
3505 5111 3628 5164 hinc
3652 5108 3778 5164 emi-

2214 5211 2392 5283 grabis
2417 5228 2430 5276 ;
2454 5219 2504 5265 et
2531 5224 2648 5263 cum
2678 5207 2912 5278 quotidie
2941 5219 3123 5276 speras
3153 5213 3203 5260 te
3227 5207 3473 5273 migrare,
3503 5200 3780 5271 aliquando

2215 5303 2540 5360 convcrtaris
2569 5319 2581 5354 :
2608 5309 2662 5356 et
2691 5301 2744 5353 in
2772 5299 2871 5354 hoc
2897 5313 3084 5368 magna
3110 5300 3227 5367 ejus
3256 5293 3636 5350 misericordia.
3664 5292 3778 5344 (2a:-

2280 5461 2295 5491 ¹
2331 5459 2403 5508 sic
2423 5463 2530 5506 Mss.
2547 5453 2660 5519 πεδὰ.
2686 5465 2819 5510 vero,
2843 5450 2960 5511 quid
2980 5463 3213 5519 ergonos,
3238 5458 3333 5499 etc.
3448 5511 3476 5519 Α
3534 5518 3541 5519 7
3583 5508 3611 5519 __

2280 5523 2301 5555 ²
2333 5504 2406 5570 ir.
2425 5504 2577 5582 Lago.
2594 5525 2711 5566 Ven.
2732 5523 2784 5564 et
2805 5504 2937 5574 Lov.,
2961 5504 3172 5576 repetitio
3194 5504 3239 5562 et
3261 5511 3507 5574 reparatio
3526 5508 3634 5560 talis
3654 5504 3782 5556 nulla

2217 5588 2560 5704 css'ai‘lei'ique
2585 5647 2708 5704 uss:
2731 5642 2788 5704 ξι
2800 5634 3002 5704 numam
3021 5632 3436 5704 ιοιιῃειῙιἱηιὶιιιιρηιἶ
3600 5693 3611 5703 ·

2283 5707 2304 5738 ι
2338 5683 3029 5761 Eiliﬁjiidiiaiida:
3054 5683 3382 5761 et'sic_|.lures
3404 5701 3508 5761 Mss.
3533 5693 3611 5753 qui
3643 5683 3783 5750 paulo

2222 5752 2457 5831 postcum
2477 5752 2668 5814 trieteris
2689 5752 2884 5818 habent,
2912 5763 3150 5820 ca'spectat
3177 5752 3326 5806 donec
3346 5752 3514 5818 facias.
