4084 6450
353 367 485 423 1877

350 485 520 534 terum
551 476 594 533 si
621 476 893 534 statuisset
919 477 1060 533 diem
1084 476 1328 532 omnibus
1353 517 1367 542 ,
1416 475 1612 531 faceret
1653 474 1921 530 abundare

351 583 564 645 peccata
595 573 662 628 de
709 573 1014 628 securitate.
1067 572 1222 628 Dedit
1262 586 1390 641 ergo
1435 586 1582 640 spem
1628 570 1829 635 venim,
1862 585 1929 625 ne

349 663 687 735 desperando
730 664 959 733 amplius
988 678 1195 732 pecces.
1252 664 1315 716 Et
1350 678 1507 733 spes,
1551 671 1604 716 et
1631 660 1930 730 desperatio

346 755 585 811 timenda
628 763 709 809 est
760 754 811 808 in
856 755 1106 824 peccatis.
1161 753 1343 808 Videte
1388 768 1569 806 vocem
1601 752 1931 819 desperantis

346 846 412 902 ad
458 844 696 914 augenda
735 852 985 914 peccata,
1030 852 1083 898 et
1116 844 1291 898 videte
1332 858 1514 897 vocem
1561 843 1824 911 sperantis
1864 841 1929 894 ad

347 936 589 1005 augenda
636 945 850 1004 peccata
876 976 892 999 ,
932 944 986 988 et
1028 934 1293 1002 quowodo
1318 934 1529 1002 utrique
1556 933 1671 986 voci
1699 932 1931 985 occurrit

347 1024 680 1095 providentia
719 1035 769 1079 et
798 1023 1157 1080 misericordia
1199 1025 1310 1078 Dei.
1371 1024 1504 1078 Audi
1532 1038 1714 1078 vocem
1742 1021 1932 1088 desire-

347 1118 516 1173 rantis
550 1132 564 1171 :
604 1116 722 1171 Jam
750 1155 766 1182 ,
809 1116 1011 1185 inquit,
1057 1114 1387 1170 damnandus
1421 1130 1571 1179 smn;
1616 1128 1779 1185 quare
1824 1129 1929 1167 non

348 1207 486 1261 facio
513 1206 766 1277 quidquid
801 1207 960 1260 volo?
980 1206 1116 1261 Audi
1148 1214 1202 1261 et
1224 1222 1408 1261 vocem
1440 1207 1701 1275 sperantis
1734 1223 1747 1259 :
1775 1206 1932 1260 Mise-

348 1296 580 1351 ricordia
613 1296 821 1350 Domini
850 1311 1040 1367 magna
1067 1306 1183 1361 est;
1235 1297 1445 1367 quando
1486 1312 1569 1349 me
1597 1305 1929 1361 convcrlcro,

345 1388 583 1442 dimittet
614 1387 743 1441 mihi
769 1388 945 1441 omnia
977 1406 990 1441 :
1021 1403 1184 1458 quare
1215 1403 1319 1441 non
1351 1387 1483 1441 facio
1502 1386 1753 1457 quidquid
1773 1386 1932 1441 volo?

349 1479 648 1547 Desperat,
696 1487 752 1533 ut
793 1487 1009 1548 peccet;
1057 1488 1267 1548 sperat,
1302 1487 1358 1533 nt
1384 1486 1589 1549 peccet.
1639 1476 1932 1547 Utrumque

348 1567 695 1624 metuendum
742 1575 857 1636 est,
908 1576 1192 1638 utrumque
1232 1569 1629 1639 periculosum;
1678 1582 1755 1619 ναι
1782 1582 1811 1621 a
1843 1568 1934 1622 de-

350 1659 697 1730 speratione!
742 1674 822 1713 va:
865 1673 894 1713 a
936 1673 1182 1728 perversa
1214 1659 1343 1727 spe!
1396 1659 1616 1729 Utrique
1647 1657 1768 1711 huic
1794 1657 1931 1727 peri.

349 1754 476 1809 culo
503 1763 558 1808 et
594 1754 807 1822 utrique
851 1752 993 1807 malo
1021 1751 1286 1821 quomodo
1311 1752 1544 1806 occurrit
1572 1749 1933 1804 misericordia

354 1844 499 1899 Dei?
528 1843 664 1911 Quid
692 1843 825 1898 dicis
851 1850 928 1910 tu,
961 1843 1049 1912 qui
1075 1841 1406 1912 desperando
1436 1841 1649 1895 volebas
1676 1840 1935 1910 peccare?

351 1935 469 1991 Jam
499 1935 827 1991 damnandus
848 1950 963 1989 sum
991 1951 1005 2000 ;
1036 1950 1201 2006 quare
1224 1950 1325 1989 non
1356 1934 1490 1989 facio
1517 1933 1773 2005 quidquid
1790 1933 1933 1988 volo.

352 2026 491 2084 Audi
522 2026 849 2095 Scripturam
877 2044 890 2080 :
922 2025 1060 2080 Nolo
1096 2034 1304 2079 mortent
1339 2025 1515 2094 impii,
1553 2034 1747 2078 tantum
1772 2033 1826 2077 ut
1850 2040 1934 2077 re-

356 2126 581 2172 vertatur
606 2126 651 2171 et
687 2117 835 2171 vivat.
882 2116 991 2172 Hac
1018 2130 1148 2171 voce
1195 2115 1286 2170 Dei
1326 2114 1594 2170 reducitur
1636 2114 1688 2169 in
1736 2129 1883 2183 spem
1918 2133 1931 2169 :

352 2210 449 2264 sed
480 2208 744 2263 timendus
775 2217 857 2263 est
881 2209 1015 2263 alius
1063 2209 1285 2279 laqueus
1306 2248 1320 2273 ,
1362 2222 1429 2262 ne
1457 2208 1567 2275 ipsa
1593 2221 1687 2277 Spe
1711 2207 1936 2276 amplius

355 2308 561 2370 peccet.
612 2299 745 2366 Quid
772 2314 901 2370 ergo
924 2307 979 2355 et
1006 2307 1061 2353 tu
1087 2300 1302 2354 dicebas
1332 2339 1348 2364 ,
1378 2298 1468 2367 qui
1495 2313 1588 2367 spe
1614 2299 1781 2368 magis
1808 2313 1935 2368 pec-

355 2392 493 2446 ras?
539 2391 765 2459 Quando
790 2407 875 2446 me
906 2400 1222 2446 convertero
1244 2431 1258 2456 ,
1305 2391 1483 2444 omnia
1521 2390 1648 2444 mihi
1683 2390 1821 2443 Deus
1850 2389 1934 2444 di-

356 2483 534 2537 mittet
561 2500 575 2547 ;
604 2482 791 2538 faciam
814 2481 1066 2552 quidquid
1094 2481 1234 2535 volo.
1262 2480 1399 2536 Audi
1428 2488 1481 2536 et
1509 2489 1560 2534 tn
1579 2480 1935 2549 Scripturam:

357 2570 442 2626 Ne
468 2571 635 2626 tardes
672 2574 887 2625 converti
912 2572 979 2625 ad
999 2572 1269 2625 Dominum
1295 2612 1311 2638 ,
1348 2587 1505 2642 neque
1532 2570 1742 2638 ὤθει-αδ
1773 2572 1834 2623 de
1858 2572 1937 2624 die

353 2662 408 2715 in
431 2662 562 2715 diem
584 2679 602 2725 ;
628 2662 789 2715 subito
816 2663 946 2716 enim
972 2663 1129 2717 veniet
1157 2662 1232 2715 ira
1253 2663 1407 2725 illius,
1439 2665 1556 2716 etin
1583 2672 1803 2733 tempore
1829 2662 1937 2716 vin-

357 2753 508 2806 dicta:
532 2753 782 2822 disperdet
818 2762 866 2807 te
889 2752 1073 2823 (Eccli.
1100 2769 1132 2807 v
1154 2796 1167 2815 ,
1198 2754 1231 2807 8
1251 2796 1265 2819 ,
1296 2752 1372 2824 9).
1422 2753 1539 2808 Noli
1560 2769 1687 2823 ergo
1712 2753 1889 2808 dicere
1920 2770 1933 2806 :

358 2842 493 2897 Cras
544 2857 629 2896 me
671 2852 1003 2906 convertam,
1046 2857 1163 2898 cras
1207 2843 1316 2897 Deo
1361 2842 1613 2912 placebo;
1667 2851 1723 2897 et
1759 2844 1934 2897 omnia

360 2934 615 2989 hodierna
644 2943 699 2989 et
736 2934 982 2989 hesterna
1012 2934 1350 2989 dimittuntur
1387 2934 1537 2988 mihi.
1580 2933 1778 2989 Verum
1817 2935 1935 3004 qui-

357 3024 481 3079 dem
514 3024 644 3079 dicis
667 3064 680 3091 ,
727 3025 846 3094 quia
879 3026 1018 3080 Deus
1055 3025 1388 3080 conversioni
1423 3034 1524 3079 tum
1553 3023 1936 3094 indulgentiam

357 3116 643 3186 promisit;
699 3114 792 3171 sed
847 3114 1085 3169 dilationi
1142 3124 1245 3171 tua:
1295 3115 1435 3171 diem
1486 3114 1776 3170 crastinum
1831 3130 1938 3170 non

359 3208 622 3279 promisit.

434 3298 520 3352 1‘2.
551 3296 700 3371 [vers.
733 3297 811 3371 9.]
841 3298 1023 3353 Suavis
1051 3297 1294 3353 Dominus
1323 3299 1569 3365 omnibus,
1593 3308 1641 3353 et
1670 3300 1937 3353 miseratio-

359 3407 448 3445 nes
477 3392 586 3460 ejus
633 3391 685 3443 in
716 3391 883 3444 omnia
925 3407 1078 3460 opera
1120 3392 1247 3461 ejus.
1304 3390 1479 3458 Quare
1517 3406 1643 3460 ergo
1684 3388 1940 3444 damnat?

358 3496 525 3552 quare
570 3481 829 3551 flagellat?
878 3482 958 3535 An
989 3497 1123 3551 quos
1146 3481 1395 3545 damnat,
1433 3497 1499 3534 an
1528 3497 1661 3552 quos
1684 3481 1933 3552 ﬂagellat,

360 3590 469 3629 non
498 3584 621 3629 sunt
644 3590 804 3643 opera
832 3574 992 3644 ejus?
1021 3574 1180 3629 Planc
1207 3590 1368 3644 opera
1398 3574 1532 3645 ejus.
1585 3576 1650 3629 Et
1670 3576 1749 3629 vis
1780 3588 1939 3629 nosse

359 3669 483 3738 quia
515 3664 665 3738 super
691 3668 857 3721 omnia
886 3684 1039 3737 opera
1077 3668 1184 3736 eius
1222 3668 1564 3721 miserationes
1604 3669 1713 3734 ejus
1735 3666 1761 3719 ?
1811 3664 1941 3721 lnde

356 3767 447 3813 est
476 3759 560 3811 illa
597 3758 972 3828 longanimitas
1004 3773 1107 3828 qua
1154 3757 1277 3813 facit
1309 3759 1475 3811 solem
1516 3773 1666 3812 suum
1696 3757 1825 3811 oriri
1851 3772 1941 3811 sn-

362 3866 464 3919 per
491 3849 659 3904 bonos
687 3858 740 3904 et
766 3850 935 3903 malos
963 3866 973 3901 :
1002 3864 1177 3903 nonne
1207 3849 1545 3902 miserationes
1569 3850 1675 3919 ejus
1698 3850 1748 3900 in
1770 3848 1940 3901 omnia

362 3956 521 4011 Opera
554 3942 661 4012 ejus
681 3982 693 4002 ,
724 3942 809 4010 qui
839 3942 968 4010 pluit
997 3956 1157 4009 super
1179 3941 1351 4008 justos
1378 3949 1425 3994 et
1467 3942 1694 4007 injusms
1725 3939 1935 4007 (Matth.

360 4047 422 4096 ν,
452 4033 589 4100 45)?
620 4047 792 4087 nonne
820 4033 1162 4087 miserationes
1188 4033 1294 4099 ejus
1326 4032 1375 4084 in
1406 4034 1573 4085 omnia
1609 4049 1761 4101 opera
1788 4032 1942 4102 ejus?

363 4121 711 4189 Louganimis
735 4130 1003 4189 exspectat
1037 4131 1365 4191 peccatorem
1390 4162 1404 4184 ,
1436 4120 1637 4184 dicens,
1682 4120 1940 4174 Converti-

363 4210 493 4262 mini
518 4211 584 4262 ad
616 4227 693 4264 me
715 4251 729 4277 ,
776 4221 818 4263 et
859 4221 1116 4263 convertar
1144 4210 1210 4262 ad
1236 4227 1318 4263 vos
1348 4226 1364 4261 :
1396 4225 1569 4263 nonne
1598 4212 1940 4263 miserationes

363 4302 475 4371 ejus
509 4302 561 4354 in
591 4304 758 4355 omnia
788 4318 939 4373 Opera
966 4302 1118 4371 ejus?
1147 4301 1207 4355 Et
1236 4318 1352 4355 cum
1381 4302 1508 4355 dicit
1528 4344 1541 4363 ,
1588 4301 1664 4355 Ite
1694 4303 1743 4355 in
1781 4303 1944 4369 ignem

362 4400 640 4457 a’ternum,
688 4392 771 4461 qui
814 4402 1020 4460 paratus
1058 4403 1128 4445 est
1168 4392 1365 4445 diabolo
1393 4402 1436 4446 et
1466 4392 1657 4462 angelis
1692 4395 1801 4462 ejus
1829 4393 1935 4463 (Id.

364 4497 502 4545 xxv,
532 4482 621 4549 41)
652 4499 665 4548 ;
696 4481 780 4535 hic
806 4497 909 4537 non
939 4482 1206 4536 miseratio
1235 4483 1369 4551 ejus,
1396 4482 1487 4535 sed
1525 4484 1777 4537 seueritas
1808 4484 1939 4551 ejus.

362 4574 638 4628 Miseratio
680 4576 796 4641 ejus
848 4574 1050 4628 reddita
1081 4584 1160 4627 est
1204 4574 1454 4643 operibus
1482 4575 1633 4642 ejus;
1688 4577 1944 4629 severitas

365 4663 486 4733 ejus
510 4672 592 4717 est
622 4679 727 4718 non
756 4665 805 4717 in
833 4678 994 4733 Opera
1022 4680 1113 4717 sua
1138 4705 1151 4728 ,
1182 4664 1273 4719 sed
1301 4665 1350 4717 in
1380 4680 1539 4732 opera
1571 4672 1677 4718 tua.
1711 4666 1943 4734 Denique

366 4756 413 4809 si
438 4756 593 4809 tollas
621 4771 779 4827 opera
808 4765 892 4810 tua
932 4757 1070 4811 mala
1094 4798 1107 4820 ,
1151 4766 1204 4810 et
1243 4772 1344 4810 non
1388 4757 1436 4810 in
1470 4765 1519 4808 te
1545 4769 1813 4811 remaneat
1846 4758 1943 4811 nisi

366 4862 505 4915 opus
534 4847 648 4915 ejus
673 4888 688 4911 ,
728 4864 832 4902 non
862 4858 913 4902 te
940 4848 1168 4901 dimittet
1200 4846 1471 4901 miseratio
1501 4846 1616 4915 ejus
1650 4865 1661 4901 :
1693 4849 1735 4901 si
1767 4858 1943 4902 autem

369 4946 426 4991 tu
449 4954 553 4991 non
578 4937 797 4991 dimittis
822 4953 981 5007 opera
1012 4946 1121 5005 tua,
1150 4938 1249 4993 erit
1276 4937 1530 4992 severitas
1556 4938 1671 5007 ejus
1703 4939 1752 4991 in
1782 4954 1943 5009 opera

368 5036 457 5082 tua
480 5069 494 5094 ,
528 5046 631 5082 non
656 5030 708 5083 in
735 5045 893 5097 opera
922 5044 1037 5083 sua.

442 5122 529 5175 15.
590 5120 737 5194 [vers.
782 5120 891 5193 10.]
936 5120 1281 5188 Con/iteantur
1324 5120 1448 5186 tibi,
1494 5119 1745 5188 Domine,
1778 5122 1945 5177 omnia

368 5230 524 5285 apera
553 5224 638 5266 tua
660 5255 676 5280 ,
709 5223 753 5268 et
780 5215 937 5267 sancti
964 5214 1035 5266 tui
1063 5214 1349 5267 benedicant
1376 5224 1440 5267 te.
1474 5213 1657 5267 Omnia
1684 5230 1835 5283 opera
1861 5225 1946 5269 tua

369 5306 704 5371 conﬁteantur
732 5305 837 5358 tibi.
866 5305 999 5372 Quid
1027 5304 1209 5358 enim?
1239 5314 1375 5357 terra
1403 5317 1504 5356 non
1532 5313 1614 5357 est
1637 5318 1768 5373 opus
1793 5305 1945 5374 ejus?

367 5396 508 5465 ligna
555 5412 659 5449 non
702 5406 823 5449 sunt
844 5412 1003 5465 opera
1035 5395 1186 5464 ejus?
1225 5408 1412 5463 pecora
1434 5435 1448 5459 ,
1482 5394 1663 5449 bestiae
1688 5435 1703 5459 ,
1735 5395 1903 5464 pisces
1928 5438 1943 5462 ,

365 5485 605 5540 volatilia
652 5502 754 5540 non
798 5496 921 5539 sunt
963 5501 1123 5554 Opera
1167 5485 1316 5551 ejus?
1362 5484 1523 5538 Plane
1562 5493 1614 5537 ct
1653 5483 1765 5538 haec
1787 5500 1944 5555 opera

366 5576 503 5645 ejus.
536 5577 599 5630 Et
626 5577 891 5646 quomodo
912 5578 958 5630 ei
981 5576 1369 5631 conﬁtebuntur
1391 5585 1441 5628 ct
1468 5575 1615 5630 hmo?
1642 5576 1805 5631 Video
1826 5578 1942 5647 qni-

364 5667 487 5722 dem
517 5669 566 5722 in
602 5668 815 5737 Angelis
842 5667 1081 5722 confiteri
1112 5669 1181 5721 illi
1218 5682 1376 5736 opera
1405 5666 1553 5736 ejus;
1583 5670 1776 5722 etenim
1818 5684 1943 5737 0pc-

367 5774 421 5814 ττι
454 5760 568 5828 ejus
599 5770 719 5814 sunt
759 5760 939 5829 Angeli
972 5778 983 5811 :
1021 5769 1067 5813 et
1104 5759 1346 5814 homines
1374 5774 1530 5830 opera
1561 5759 1673 5829 ejus
1703 5771 1857 5828 sunt;
1888 5773 1937 5815 et

1424 363 1814 420 ENARllATlO
1855 360 1918 416 IN
1959 363 2271 420 PSALMUM
2312 366 2529 421 CXLIV.

3476 376 3605 432 ιετι

2042 492 2160 531 cum
2190 478 2506 534 confitentur
2534 482 2601 535 illi
2634 482 2893 546 homines,
2920 496 3077 551 opera
3108 486 3220 555 ejus
3250 487 3319 539 illi
3348 489 3571 541 currite...
3596 516 3611 526 ι

2038 577 2124 623 tur
2152 588 2165 623 :
2194 571 2443 637 numquid
2477 572 2615 641 ligna
2640 582 2693 628 et
2722 574 2921 644 lapides
2962 591 3143 631 vocem
3173 577 3368 632 habent
3397 578 3609 632 eonfes-

2036 661 2244 714 sionis?
2289 663 2509 717 Prorsus
2557 665 2904 720 confiteantur
2951 668 2998 722 ei
3047 670 3223 723 oumia
3270 685 3431 737 opera
3475 670 3611 737 ejus.

2036 750 2169 815 Quid
2194 752 2355 807 dicis?
2384 756 2446 809 Et
2470 764 2607 808 terra
2629 765 2679 808 et
2701 757 2876 823 ligna?
2898 758 3081 812 Omnia
3102 775 3259 828 opera
3273 760 3409 828 ejus.
3425 760 3481 815 Si
3501 776 3616 814 om-

2036 839 2121 891 nia
2168 841 2416 905 lamlant,
2447 860 2541 896 cur
2582 861 2685 898 non
2726 848 2901 900 omnia
2943 849 3301 904 confitentur?
3335 851 3616 907 Confessio

2037 930 2176 984 enim
2208 948 2311 985 non
2342 946 2678 1000 peccatorum
2712 948 2910 991 tantum
2940 938 3129 994 dicitur
3149 984 3163 1008 ,
3193 942 3284 995 Sed
3315 953 3366 998 et
3396 944 3569 998 laudis
3602 963 3615 998 :

2038 1038 2105 1077 ne
2132 1022 2265 1077 forte
2293 1026 2607 1095 ubicumque
2635 1029 2826 1083 auditis
2852 1030 3257 1091 confessionem.
3290 1036 3485 1102 putetis
3505 1035 3613 1102 jam

2036 1127 2142 1167 non
2175 1129 2293 1168 eSse
2325 1116 2422 1168 ιιίδί
2452 1119 2672 1185 peccati.
2707 1118 2883 1187 Usque
2912 1122 3042 1175 adeo
3069 1124 3209 1177 enim
3239 1124 3337 1178 hoc
3367 1134 3609 1194 putatur.

2038 1213 2094 1258 ut
2128 1205 2338 1273 quando
2380 1211 2617 1262 senuerit
2654 1210 2719 1263 de
2749 1210 2942 1266 divinis
2971 1212 3193 1282 eloquiis
3221 1256 3235 1280 ,
3270 1217 3520 1270 continuo
3548 1217 3617 1271 sit

2037 1296 2365 1349 consuetudo
2407 1310 2614 1363 pectora
2662 1302 2900 1356 tundere.
2940 1303 3074 1357 Audi
3105 1304 3224 1373 quia
3257 1315 3336 1359 est
3365 1316 3417 1360 et
3448 1306 3615 1361 laudis

2037 1385 2319 1439 confessio.
2362 1387 2619 1458 Numquid
2655 1392 2904 1445 Dominus
2930 1392 3083 1447 Jesns
3113 1393 3357 1447 Christus
3387 1394 3615 1450 habebat

2039 1477 2351 1542 peccatum?
2383 1477 2444 1530 Et
2472 1486 2641 1532 tamen
2666 1480 2737 1533 ait
2763 1498 2774 1533 :
2799 1480 3051 1549 Confiteor
3073 1485 3177 1547 tibi,
3202 1483 3375 1543 Pater,
3401 1484 3616 1539 Domine

2038 1564 2147 1616 σαιιὶ
2180 1573 2226 1617 et
2268 1574 2411 1619 terra:
2448 1566 2672 1635 (Matth.
2711 1586 2764 1623 .vt
2786 1613 2798 1631 ,
2830 1571 2958 1643 ‘25).
3000 1572 3273 1627 Confessio
3304 1584 3387 1629 est
3413 1591 3537 1643 ergo
3562 1575 3613 1629 in

2038 1654 2211 1709 laude.
2255 1655 2486 1711 Proinde
2525 1660 2647 1728 quid
2681 1662 3041 1731 accipiendum
3069 1705 3081 1727 ,
3114 1661 3459 1731 Con/iteantur
3488 1666 3612 1730 tibi,

2039 1743 2253 1799 Domine
2275 1790 2288 1813 ,
2335 1751 2501 1801 omnia
2535 1768 2685 1818 Opera
2724 1754 2854 1805 tua?
2895 1752 3131 1807 Laudent
3166 1764 3216 1809 te
3245 1756 3419 1809 omnia
3451 1770 3611 1826 opera

2042 1845 2149 1892 tua.
2179 1838 2281 1893 Sed
2313 1840 2427 1894 talis
2453 1846 2673 1912 qnzestio
2699 1845 2835 1898 redit
2863 1845 2925 1898 ad
2954 1845 3159 1900 laudem
3182 1889 3196 1913 ,
3225 1848 3394 1917 qualis
3418 1858 3529 1902 crat
3557 1850 3609 1902 in

2041 1930 2397 1984 confessione.
2428 1932 2482 1986 Si
2509 1933 2647 1985 enim
2678 1945 2950 2005 propterea
2978 1936 3217 1990 confiteri
3243 1953 3345 1992 non
3369 1946 3617 2008 poterunt

2040 2028 2198 2088 terra,
2234 2024 2369 2093 ligna
2400 2033 2450 2078 et
2476 2042 2694 2095 qumque
2722 2027 3005 2091 inseusata,
3034 2028 3155 2097 quia
3182 2044 3364 2084 vocem
3392 2044 3493 2083 non
3524 2028 3617 2085 ha-

2039 2111 2166 2167 bent
2190 2115 2506 2178 confitendi;
2537 2117 2652 2168 ideo
2676 2132 2773 2170 nec
2795 2117 3080 2172 laudabunt
3106 2159 3118 2180 ,
3152 2119 3270 2188 quia
3301 2134 3482 2174 vocem
3510 2136 3613 2174 non

2040 2203 2239 2260 habent
2268 2208 2606 2275 prredicandi.
2639 2208 2821 2263 Nonne
2845 2218 3017 2264 tamen
3044 2211 3219 2264 omnia
3245 2222 3350 2265 tres
3373 2212 3444 2265 illi
3470 2213 3615 2281 pueri

2041 2306 2391 2363 enumerant,
2433 2298 2832 2355 deambulautrs
2880 2301 3018 2355 inter
3058 2301 3297 2356 flammas
3341 2302 3613 2367 innoxias;

2041 2386 2229 2455 quibus
2267 2389 2490 2456 spatimu
2536 2400 2649 2443 erat
2673 2432 2687 2453 ,
2732 2406 2834 2444 non
2879 2392 3051 2446 soluat
3090 2409 3192 2447 non
3223 2393 3439 2449 ardendi
3467 2436 3481 2458 ,
3522 2396 3614 2449 sed

2041 2476 2200 2530 etiam
2237 2477 2479 2532 laudandi
2513 2480 2671 2534 Deum
2695 2480 2718 2534 ?
2744 2478 2997 2535 Omnibus
3036 2482 3217 2536 dicunt
3246 2499 3275 2538 a
3312 2486 3617 2541 cmlestihus

2042 2580 2206 2635 usque
2235 2566 2297 2620 ad
2328 2577 2534 2622 terrena
2561 2588 2572 2620 :
2595 2569 2895 2636 Benedicite,
2920 2572 3157 2641 ltymnttm
3180 2573 3344 2639 dicite,
3370 2585 3414 2628 et
3440 2592 3617 2646 super-

2042 2657 2256 2709 exaltate
2281 2674 2390 2710 eum
2420 2660 2471 2711 in
2500 2661 2683 2713 sa'cufa
2714 2660 2732 2733 (
2758 2662 2889 2717 Dan.
2921 2678 2996 2727 Ill,
3027 2664 3125 2726 20,
3155 2664 3223 2720 90
3249 2668 3284 2733 ).
3319 2666 3459 2721 Ecce
3488 2684 3616 2737 quo-

2041 2746 2200 2801 modo
2226 2748 2404 2801 dicunt
2430 2751 2699 2821 hymnum.
2726 2752 2891 2806 Nemo
2920 2754 3017 2808 hoc
3044 2756 3253 2821 sentiat,
3282 2756 3418 2826 quod
3444 2767 3616 2812 mutus

2042 2836 2175 2907 lapis
2204 2848 2292 2893 aut
2329 2850 2528 2896 tnntum
2567 2843 2761 2899 animal
2794 2844 2984 2900 haheat
3011 2845 3264 2902 rationem
3295 2847 3558 2919 intelliget)
3584 2849 3615 2904 'i

2044 2931 2208 2986 Deum
2240 2952 2252 2987 :
2285 2934 2384 2989 hoc
2410 2935 2496 3005 qui
2530 2947 2839 3007 putaverunt
2868 2980 2881 3004 ,
2914 2940 3134 2993 tnultmn
3167 2956 3195 2993 a
3226 2942 3445 2995 veritate
3468 2942 3620 2996 aber-

2043 3033 2314 3079 raverunt.
2350 3026 2491 3080 Deus
2516 3027 2775 3083 ordinavit
2800 3030 2999 3093 omnia,
3027 3040 3079 3083 ct
3106 3029 3227 3085 fecit
3254 3031 3428 3085 omnia
3462 3049 3475 3085 :
3504 3033 3622 3101 qui-

2042 3113 2264 3169 busdam
2300 3115 2446 3171 dedit
2475 3133 2686 3171 sensum
2715 3159 2727 3182 ,
2761 3130 2812 3173 et
2843 3119 3159 3173 intellectum
3182 3161 3195 3183 ,
3226 3131 3276 3173 et
3310 3120 3618 3175 immortali-

2042 3214 2241 3270 tatem,
2288 3207 2422 3261 sicut
2468 3208 2718 3278 Angelis:
2759 3210 3070 3279 quibusdam
3122 3209 3266 3265 dedit
3310 3226 3521 3265 sensum
3566 3222 3617 3268 et

2044 3295 2366 3349 intellectum
2409 3312 2526 3349 cum
2572 3298 2925 3361 mortalitate,
2965 3299 3099 3352 sicut
3139 3298 3470 3366 hominibus;
3502 3301 3615 3370 qui-

2042 3386 2263 3443 busdam
2293 3388 2437 3443 dedit
2464 3405 2676 3444 sensum
2708 3392 2979 3458 corporis,
3014 3406 3109 3445 nec
3141 3392 3483 3457 intellectum,
3519 3408 3619 3447 nec

2044 3479 2489 3534 immortalitatem
2538 3480 2721 3541 dedit,
2766 3482 2895 3535 sicut
2948 3482 3260 3551 pecoribus:
3307 3482 3618 3551 quibusdam

2043 3585 2170 3625 vero
2197 3585 2293 3625 nec
2322 3585 2533 3625 sensum
2562 3614 2573 3633 ,
2610 3586 2705 3625 nce
2733 3571 3055 3627 intellectum
3079 3615 3091 3638 ,
3126 3587 3223 3627 nec
3250 3572 3619 3629 immortalita-

2044 3668 2172 3727 tem,
2205 3662 2340 3716 sicut
2365 3662 2559 3725 hcrbis,
2593 3663 2765 3732 lignis.
2797 3664 3054 3733 lapidibus
3087 3681 3099 3716 :
3133 3675 3303 3718 tamen
3333 3674 3385 3718 et
3414 3664 3525 3732 ipsa
3566 3665 3615 3718 in

2044 3767 2235 3821 genere
2276 3768 2371 3806 suo
2408 3752 2592 3807 deesse
2624 3769 2726 3806 non
2757 3762 3009 3822 possunt,
3044 3763 3093 3807 et
3124 3753 3370 3822 gradibus
3405 3753 3620 3822 quibus-

2045 3840 2165 3895 dam
2206 3841 2467 3896 ordinavit
2506 3844 2520 3873 ¹
2548 3852 2863 3906 creaturam,
2897 3857 2922 3892 a
2956 3850 3092 3895 terra
3120 3856 3283 3910 usque
3308 3841 3371 3894 ad
3398 3842 3612 3902 crelnm.

2044 3947 2074 3987 a
2104 3932 2403 3985 visibilibus
2432 3931 2495 3985 ad
2526 3932 2824 3995 invisibilia,
2858 3948 2886 3985 a
2920 3931 3226 3985 mortalibus
3253 3931 3319 3985 ad
3348 3931 3618 3987 immorta-

2044 4023 2133 4077 lia.
2167 4022 2269 4076 lsta
2309 4023 2577 4076 contextio
2617 4033 2872 4076 creaturae
2898 4064 2911 4085 ,
2944 4022 3041 4076 ista
3072 4022 3460 4079 ordinatissinta
3503 4026 3619 4094 pnl—

2045 4115 2305 4179 chritudo,
2340 4114 2407 4167 ab
2440 4116 2559 4168 imis
2587 4114 2650 4167 ad
2678 4130 2880 4168 summa
2910 4115 3275 4170 conscendens
3296 4160 3311 4182 ,
3344 4134 3369 4169 a
3398 4118 3621 4173 summis

2046 4208 2111 4262 ad
2146 4208 2245 4261 ima
2276 4206 2627 4271 descendens,
2658 4222 2913 4277 nusquam
2944 4208 3254 4274 interrupta,
3281 4210 3373 4265 scd
3395 4210 3623 4266 dissimi-

2044 4303 2183 4357 libus
2223 4311 2511 4370 temperata
2538 4343 2552 4367 ,
2586 4311 2691 4355 tota
2729 4302 2905 4356 laudat
2934 4300 3122 4356 Deum.
3153 4303 3326 4371 Quare
3360 4320 3487 4372 ergo
3515 4313 3623 4360 tota

2048 4394 2225 4449 laudat
2252 4393 2415 4447 Deum
2440 4394 2462 4447 ?
2489 4393 2618 4461 Quia
2649 4408 2766 4446 cmn
2795 4408 2909 4447 cam
2938 4394 3243 4449 consideras
3271 4404 3324 4449 ct
3352 4395 3620 4464 pulchram

2048 4484 2215 4549 vides,
2251 4494 2301 4537 ιιι
2328 4484 2379 4537 in
2412 4484 2497 4537 illa
2529 4483 2708 4537 laudas
2737 4484 2921 4538 Deum.
2951 4482 3065 4538 Vox
3093 4485 3332 4553 qumdam
3359 4495 3439 4540 est
3464 4496 3625 4538 mutu:

2049 4584 2234 4641 terrm,
2265 4576 2470 4644 species
2498 4582 2675 4628 terr-se.
2704 4574 2948 4627 Attendis
2977 4582 3030 4628 et
3054 4574 3200 4627 vides
3229 4574 3342 4643 ejus
3368 4574 3620 4642 speciem,

2048 4665 2195 4720 vides
2232 4666 2344 4734 ejus
2386 4663 2755 4719 fecunditatem
2785 4706 2799 4730 ,
2835 4664 2981 4718 vides
3010 4666 3123 4731 ejus
3153 4665 3291 4717 vires
3314 4705 3329 4728 ,
3358 4663 3584 4730 quomod
3612 4684 3624 4714 ι

2048 4756 2309 4824 concipiat
2354 4771 2533 4809 semen
2561 4796 2574 4818 ,
2605 4754 2869 4825 quomodo
2914 4754 3220 4823 plerumque
3258 4754 3441 4807 atl‘erat
3478 4756 3617 4824 quod

2049 4864 2152 4902 non
2183 4858 2262 4904 est
2289 4849 2604 4901 setninatum
2633 4866 2643 4899 :
2668 4847 2835 4912 vides,
2867 4856 2917 4900 et
2941 4846 3362 4900 consideratione
3392 4857 3473 4898 tua
3505 4856 3618 4899 tan-

2050 4956 2205 5010 quam
2238 4940 2534 5009 interrogas
2572 4952 2687 4991 eam
2714 4954 2727 4998 ;
2761 4946 2813 4990 et
2844 4936 2952 5005 ipsa
2985 4936 3251 5005 inquisitio
3282 4936 3622 5005 interrogatio

2050 5042 2149 5086 est.
2181 5032 2310 5086 Cum
2337 5042 2509 5084 autem
2540 5029 2840 5098 inquisieris
2864 5028 3151 5091 admirans,
3182 5038 3234 5081 et
3261 5039 3619 5095 perscrutatus

2052 5124 2233 5192 fueris,
2257 5134 2308 5179 et
2330 5138 2567 5193 magnam
2590 5122 2715 5186 vim,
2741 5136 2980 5189 magnam
3006 5120 3467 5189 pulchritudinem,
3496 5137 3618 5188 [mr-

2049 5219 2350 5287 claramque
2380 5217 2624 5269 virtutem
2656 5214 2948 5273 inveneris,
2986 5213 3231 5283 quoniam
3261 5212 3396 5283 apud
3428 5228 3487 5268 se
3512 5222 3563 5266 et
3589 5229 3615 5265 a

2051 5324 2109 5363 se
2152 5309 2343 5361 habere
2386 5306 2521 5359 hanc
2558 5306 2803 5358 virtutem
2846 5320 2949 5356 non
2996 5313 3209 5371 posset;
3249 5306 3497 5358 continuo
3529 5303 3618 5355 tibi

2049 5398 2193 5451 venit
2222 5398 2273 5449 in
2306 5404 2535 5450 mentem
2564 5436 2577 5458 ,
2610 5394 2727 5461 quia
2758 5409 2860 5446 non
2894 5393 3057 5461 potuit
3085 5409 3113 5444 a
3150 5409 3207 5446 se
3233 5409 3351 5447 esse
3378 5432 3391 5455 ,
3428 5393 3523 5444 nisi
3554 5396 3619 5446 ah

2054 5489 2142 5542 illo
2172 5488 2444 5541 Creatore.
2481 5486 2542 5539 Et
2570 5486 2666 5540 hoc
2693 5484 2829 5553 quod
2873 5484 2921 5537 in
2954 5500 3014 5538 ea
3058 5485 3295 5539 invenisti
3322 5524 3335 5543 ,
3365 5497 3461 5533 vov
3489 5497 3618 5534 cou-

2054 5578 2296 5631 fessiouis
2323 5576 2489 5645 ipsius
2517 5585 2615 5639 est,
2648 5585 2699 5627 ut
2731 5574 2911 5628 laudes
2938 5574 3259 5628 Creatorem.
3288 5572 3472 5626 Nonne
3494 5588 3617 5625 cor.-

2049 5771 2063 5817 l
2111 5713 2128 5781 f
2168 5710 2249 5757 ttic
2271 5715 2341 5755 Er.
2370 5716 2415 5755 et
2442 5715 2545 5756 tov.
2576 5707 2771 5767 addunt,
2801 5715 2844 5755 et
2878 5706 3058 5755 amarit
3084 5718 3098 5753 :
3124 5705 3248 5766 quod
3287 5717 3314 5753 a
3348 5706 3537 5754 cateris
3567 5706 3618 5754 ιι,

2084 5783 2148 5817 ris
2171 5773 2321 5817 a‘rest.

2084 5773 2148 5817 ris
2171 5773 2321 5817 a‘rest.
