  <div class='ocr_page' id='page_1' title='image "/cluster/home/n/w/nwhite01/storage/ocr_20150623/37/uva.x000827106/437.png"; bbox 0 0 4084 6444; ppageno 0'>
   <div class='ocr_carea' id='block_1_1' title="bbox 569 399 704 455">
    <p class='ocr_par' dir='ltr' id='par_1_1' title="bbox 569 399 704 455">
     <span class='ocr_line' id='line_1_1' title="bbox 569 399 704 455; baseline -0.007 -1"><span class='ocrx_word' id='word_1_1' title='bbox 569 399 704 455; x_wconf 81' lang='grc'><strong>1879</strong></span> 
     </span>
    </p>
   </div>
   <div class='ocr_carea' id='block_1_2' title="bbox 561 511 2139 582">
    <p class='ocr_par' dir='ltr' id='par_1_2' title="bbox 561 511 2139 582">
     <span class='ocr_line' id='line_1_2' title="bbox 561 511 2139 582; baseline -0.002 -15"><span class='ocrx_word' id='word_1_2' title='bbox 561 514 791 568; x_wconf 79' lang='lat' dir='ltr'><strong>siderata</strong></span> <span class='ocrx_word' id='word_1_3' title='bbox 820 514 1057 568; x_wconf 79' lang='lat' dir='ltr'><strong>universa</strong></span> <span class='ocrx_word' id='word_1_4' title='bbox 1082 511 1468 581; x_wconf 72' lang='lat' dir='ltr'><strong>pulchritudine</strong></span> <span class='ocrx_word' id='word_1_5' title='bbox 1483 511 1662 567; x_wconf 90' lang='lat' dir='ltr'><strong>mundi</strong></span> <span class='ocrx_word' id='word_1_6' title='bbox 1689 512 1862 582; x_wconf 87' lang='lat' dir='ltr'><strong>hujus,</strong></span> <span class='ocrx_word' id='word_1_7' title='bbox 1893 521 2139 581; x_wconf 84' lang='lat' dir='ltr'><strong>tanquam</strong></span> 
     </span>
    </p>
   </div>
   <div class='ocr_carea' id='block_1_3' title="bbox 567 603 2142 676">
    <p class='ocr_par' dir='ltr' id='par_1_3' title="bbox 567 603 2142 676">
     <span class='ocr_line' id='line_1_3' title="bbox 567 603 2142 676; baseline 0.001 -18"><span class='ocrx_word' id='word_1_8' title='bbox 567 622 666 659; x_wconf 86' lang='lat' dir='ltr'><strong>una</strong></span> <span class='ocrx_word' id='word_1_9' title='bbox 701 623 825 660; x_wconf 83' lang='lat' dir='ltr'><strong>voce</strong></span> <span class='ocrx_word' id='word_1_10' title='bbox 856 606 943 660; x_wconf 89' lang='lat' dir='ltr'><strong>tibi</strong></span> <span class='ocrx_word' id='word_1_11' title='bbox 972 606 1173 676; x_wconf 65' lang='lat' dir='ltr'><strong>species</strong></span> <span class='ocrx_word' id='word_1_12' title='bbox 1201 605 1310 675; x_wconf 87' lang='lat' dir='ltr'><strong>ipsa</strong></span> <span class='ocrx_word' id='word_1_13' title='bbox 1336 605 1620 674; x_wconf 93' lang='lat' dir='ltr'><strong>respondet</strong></span> <span class='ocrx_word' id='word_1_14' title='bbox 1646 622 1657 658; x_wconf 91' lang='lat'>:</span> <span class='ocrx_word' id='word_1_15' title='bbox 1683 603 1795 659; x_wconf 83' lang='lat' dir='ltr'><strong>Non</strong></span> <span class='ocrx_word' id='word_1_16' title='bbox 1830 620 1914 660; x_wconf 90' lang='lat' dir='ltr'><strong>me</strong></span> <span class='ocrx_word' id='word_1_17' title='bbox 1942 621 2039 673; x_wconf 89' lang='lat' dir='ltr'><strong>ego</strong></span> <span class='ocrx_word' id='word_1_18' title='bbox 2067 606 2142 660; x_wconf 84' lang='lat' dir='ltr'><strong>lc-</strong></span> 
     </span>
    </p>
   </div>
   <div class='ocr_carea' id='block_1_4' title="bbox 567 695 968 757">
    <p class='ocr_par' dir='ltr' id='par_1_4' title="bbox 567 695 968 757">
     <span class='ocr_line' id='line_1_4' title="bbox 567 695 968 757; baseline -0.002 -7"><span class='ocrx_word' id='word_1_19' title='bbox 567 696 633 757; x_wconf 90' lang='lat' dir='ltr'><strong>ei,</strong></span> <span class='ocrx_word' id='word_1_20' title='bbox 665 696 756 750; x_wconf 83' lang='lat' dir='ltr'><strong>sed</strong></span> <span class='ocrx_word' id='word_1_21' title='bbox 791 695 968 750; x_wconf 81' lang='lat' dir='ltr'><strong>Deus?</strong></span> 
     </span>
    </p>
   </div>
   <div class='ocr_carea' id='block_1_5' title="bbox 635 783 2139 858">
    <p class='ocr_par' dir='ltr' id='par_1_5' title="bbox 635 783 2139 858">
     <span class='ocr_line' id='line_1_5' title="bbox 635 783 2139 858; baseline 0.001 -20"><span class='ocrx_word' id='word_1_22' title='bbox 635 785 716 839; x_wconf 75' lang='grc'><strong>14.</strong></span> <span class='ocrx_word' id='word_1_23' title='bbox 753 783 897 856; x_wconf 82' lang='lat' dir='ltr'><strong>[vers.</strong></span> <span class='ocrx_word' id='word_1_24' title='bbox 921 788 936 840; x_wconf 89' lang='lat' dir='ltr'><strong>l</strong></span> <span class='ocrx_word' id='word_1_25' title='bbox 957 784 1025 858; x_wconf 87' lang='lat' dir='ltr'><strong>l.]</strong></span> <span class='ocrx_word' id='word_1_26' title='bbox 1056 785 1212 855; x_wconf 85' lang='lat' dir='ltr'><strong>Ergo,</strong></span> <span class='ocrx_word' id='word_1_27' title='bbox 1229 785 1566 854; x_wconf 78' lang='lat' dir='ltr'><strong>Conﬁteantur</strong></span> <span class='ocrx_word' id='word_1_28' title='bbox 1586 786 1691 852; x_wconf 89' lang='lat' dir='ltr'><strong>tibi,</strong></span> <span class='ocrx_word' id='word_1_29' title='bbox 1716 785 1947 846; x_wconf 83' lang='lat' dir='ltr'><strong>Domine,</strong></span> <span class='ocrx_word' id='word_1_30' title='bbox 1972 786 2139 839; x_wconf 88' lang='lat' dir='ltr'><strong>ontnia</strong></span> 
     </span>
    </p>
   </div>
   <div class='ocr_carea' id='block_1_6' title="bbox 562 877 2140 944">
    <p class='ocr_par' dir='ltr' id='par_1_6' title="bbox 562 877 2140 944">
     <span class='ocr_line' id='line_1_6' title="bbox 562 877 2140 944; baseline 0.003 -17"><span class='ocrx_word' id='word_1_31' title='bbox 562 890 713 944; x_wconf 79' lang='lat' dir='ltr'><strong>Opera</strong></span> <span class='ocrx_word' id='word_1_32' title='bbox 741 884 852 939; x_wconf 90' lang='lat' dir='ltr'><strong>tua,</strong></span> <span class='ocrx_word' id='word_1_33' title='bbox 887 886 932 928; x_wconf 82' lang='lat' dir='ltr'><strong>et</strong></span> <span class='ocrx_word' id='word_1_34' title='bbox 962 877 1123 929; x_wconf 74' lang='lat' dir='ltr'><strong>sancti</strong></span> <span class='ocrx_word' id='word_1_35' title='bbox 1150 878 1222 930; x_wconf 85' lang='lat' dir='ltr'><strong>tui</strong></span> <span class='ocrx_word' id='word_1_36' title='bbox 1252 877 1538 931; x_wconf 77' lang='lat' dir='ltr'><strong>bettedicant</strong></span> <span class='ocrx_word' id='word_1_37' title='bbox 1558 887 1622 930; x_wconf 85' lang='lat' dir='ltr'><strong>te.</strong></span> <span class='ocrx_word' id='word_1_38' title='bbox 1649 877 1716 932; x_wconf 83' lang='lat' dir='ltr'><strong>Ut</strong></span> <span class='ocrx_word' id='word_1_39' title='bbox 1738 879 1786 931; x_wconf 88' lang='lat' dir='ltr'><strong>in</strong></span> <span class='ocrx_word' id='word_1_40' title='bbox 1809 877 2140 932; x_wconf 71' lang='lat' dir='ltr'><strong>confessione</strong></span> 
     </span>
    </p>
   </div>
   <div class='ocr_carea' id='block_1_7' title="bbox 560 968 2135 1037">
    <p class='ocr_par' dir='ltr' id='par_1_7' title="bbox 560 968 2135 1037">
     <span class='ocr_line' id='line_1_7' title="bbox 560 968 2135 1037; baseline 0.004 -22"><span class='ocrx_word' id='word_1_41' title='bbox 560 978 778 1032; x_wconf 85' lang='lat' dir='ltr'><strong>operum</strong></span> <span class='ocrx_word' id='word_1_42' title='bbox 811 975 1017 1020; x_wconf 90' lang='lat' dir='ltr'><strong>tuorum</strong></span> <span class='ocrx_word' id='word_1_43' title='bbox 1039 968 1203 1021; x_wconf 90' lang='lat' dir='ltr'><strong>sancti</strong></span> <span class='ocrx_word' id='word_1_44' title='bbox 1229 969 1298 1022; x_wconf 90' lang='lat' dir='ltr'><strong>tui</strong></span> <span class='ocrx_word' id='word_1_45' title='bbox 1325 977 1372 1022; x_wconf 87' lang='lat' dir='ltr'><strong>te</strong></span> <span class='ocrx_word' id='word_1_46' title='bbox 1396 968 1727 1031; x_wconf 83' lang='lat' dir='ltr'><strong>benedicanl,</strong></span> <span class='ocrx_word' id='word_1_47' title='bbox 1756 969 1850 1037; x_wconf 85' lang='lat' dir='ltr'><strong>ipsi</strong></span> <span class='ocrx_word' id='word_1_48' title='bbox 1873 968 2038 1023; x_wconf 90' lang='lat' dir='ltr'><strong>sancti</strong></span> <span class='ocrx_word' id='word_1_49' title='bbox 2063 969 2135 1022; x_wconf 86' lang='lat' dir='ltr'><strong>lui</strong></span> 
     </span>
    </p>
   </div>
   <div class='ocr_carea' id='block_1_8' title="bbox 560 1055 2133 1122">
    <p class='ocr_par' dir='ltr' id='par_1_8' title="bbox 560 1055 2133 1122">
     <span class='ocr_line' id='line_1_8' title="bbox 560 1055 2133 1122; baseline 0.005 -17"><span class='ocrx_word' id='word_1_50' title='bbox 560 1055 840 1122; x_wconf 80' lang='lat' dir='ltr'><strong>iuspiciant</strong></span> <span class='ocrx_word' id='word_1_51' title='bbox 878 1067 1173 1110; x_wconf 85' lang='lat' dir='ltr'><strong>creaturam</strong></span> <span class='ocrx_word' id='word_1_52' title='bbox 1218 1060 1576 1113; x_wconf 78' lang='lat' dir='ltr'><strong>conlitenletn.</strong></span> <span class='ocrx_word' id='word_1_53' title='bbox 1612 1061 1675 1112; x_wconf 82' lang='lat' dir='ltr'><strong>Et</strong></span> <span class='ocrx_word' id='word_1_54' title='bbox 1709 1061 1913 1112; x_wconf 89' lang='lat' dir='ltr'><strong>illorum</strong></span> <span class='ocrx_word' id='word_1_55' title='bbox 1954 1076 2133 1113; x_wconf 86' lang='lat' dir='ltr'><strong>vocem</strong></span> 
     </span>
    </p>
   </div>
   <div class='ocr_carea' id='block_1_9' title="bbox 557 1145 2138 1204">
    <p class='ocr_par' dir='ltr' id='par_1_9' title="bbox 557 1145 2138 1204">
     <span class='ocr_line' id='line_1_9' title="bbox 557 1145 2138 1204; baseline 0.004 -7"><span class='ocrx_word' id='word_1_56' title='bbox 557 1145 678 1199; x_wconf 85' lang='lat' dir='ltr'><strong>audi</strong></span> <span class='ocrx_word' id='word_1_57' title='bbox 712 1147 1135 1201; x_wconf 87' lang='lat' dir='ltr'><strong>benedicenletn.</strong></span> <span class='ocrx_word' id='word_1_58' title='bbox 1161 1149 1366 1203; x_wconf 86' lang='lat' dir='ltr'><strong>Etenim</strong></span> <span class='ocrx_word' id='word_1_59' title='bbox 1389 1165 1508 1204; x_wconf 93' lang='lat' dir='ltr'><strong>cum</strong></span> <span class='ocrx_word' id='word_1_60' title='bbox 1532 1150 1698 1204; x_wconf 90' lang='lat' dir='ltr'><strong>sancti</strong></span> <span class='ocrx_word' id='word_1_61' title='bbox 1723 1150 1792 1203; x_wconf 90' lang='lat' dir='ltr'><strong>tui</strong></span> <span class='ocrx_word' id='word_1_62' title='bbox 1819 1148 2138 1204; x_wconf 83' lang='lat' dir='ltr'><strong>benedicunt</strong></span> 
     </span>
    </p>
   </div>
   <div class='ocr_carea' id='block_1_10' title="bbox 559 1239 2136 1312">
    <p class='ocr_par' dir='ltr' id='par_1_10' title="bbox 559 1239 2136 1312">
     <span class='ocr_line' id='line_1_10' title="bbox 559 1239 2136 1312; baseline 0.003 -21"><span class='ocrx_word' id='word_1_63' title='bbox 559 1248 632 1305; x_wconf 90' lang='lat' dir='ltr'><strong>te,</strong></span> <span class='ocrx_word' id='word_1_64' title='bbox 664 1239 787 1309; x_wconf 84' lang='lat' dir='ltr'><strong>quid</strong></span> <span class='ocrx_word' id='word_1_65' title='bbox 816 1240 1033 1294; x_wconf 85' lang='lat' dir='ltr'><strong>dicunt?</strong></span> <span class='ocrx_word' id='word_1_66' title='bbox 1061 1240 1287 1294; x_wconf 75' lang='lat' dir='ltr'><strong>Gloriam</strong></span> <span class='ocrx_word' id='word_1_67' title='bbox 1317 1243 1457 1312; x_wconf 88' lang='lat' dir='ltr'><strong>regni</strong></span> <span class='ocrx_word' id='word_1_68' title='bbox 1484 1243 1556 1295; x_wconf 88' lang='lat' dir='ltr'><strong>tui</strong></span> <span class='ocrx_word' id='word_1_69' title='bbox 1579 1243 1761 1302; x_wconf 87' lang='lat' dir='ltr'><strong>dicent,</strong></span> <span class='ocrx_word' id='word_1_70' title='bbox 1791 1252 1835 1295; x_wconf 88' lang='lat' dir='ltr'><strong>et</strong></span> <span class='ocrx_word' id='word_1_71' title='bbox 1868 1243 2136 1311; x_wconf 83' lang='lat' dir='ltr'><strong>potentiam</strong></span> 
     </span>
    </p>
   </div>
   <div class='ocr_carea' id='block_1_11' title="bbox 559 1331 2132 1402">
    <p class='ocr_par' dir='ltr' id='par_1_11' title="bbox 559 1331 2132 1402">
     <span class='ocr_line' id='line_1_11' title="bbox 559 1331 2132 1402; baseline 0.004 -20"><span class='ocrx_word' id='word_1_72' title='bbox 559 1340 696 1382; x_wconf 81' lang='lat' dir='ltr'><strong>luant</strong></span> <span class='ocrx_word' id='word_1_73' title='bbox 721 1331 1000 1400; x_wconf 76' lang='lat' dir='ltr'><strong>loquentur.</strong></span> <span class='ocrx_word' id='word_1_74' title='bbox 1029 1332 1194 1397; x_wconf 84' lang='lat' dir='ltr'><strong>Quam</strong></span> <span class='ocrx_word' id='word_1_75' title='bbox 1226 1341 1412 1402; x_wconf 82' lang='lat' dir='ltr'><strong>potens</strong></span> <span class='ocrx_word' id='word_1_76' title='bbox 1445 1334 1599 1397; x_wconf 84' lang='lat' dir='ltr'><strong>Deus,</strong></span> <span class='ocrx_word' id='word_1_77' title='bbox 1631 1335 1717 1402; x_wconf 89' lang='lat' dir='ltr'><strong>qui</strong></span> <span class='ocrx_word' id='word_1_78' title='bbox 1753 1333 1875 1388; x_wconf 82' lang='lat' dir='ltr'><strong>fecit</strong></span> <span class='ocrx_word' id='word_1_79' title='bbox 1903 1336 2132 1388; x_wconf 84' lang='lat' dir='ltr'><strong>terram!</strong></span> 
     </span>
    </p>
   </div>
   <div class='ocr_carea' id='block_1_12' title="bbox 562 1423 2132 1494">
    <p class='ocr_par' dir='ltr' id='par_1_12' title="bbox 562 1423 2132 1494">
     <span class='ocr_line' id='line_1_12' title="bbox 562 1423 2132 1494; baseline 0.004 -23"><span class='ocrx_word' id='word_1_80' title='bbox 562 1435 718 1490; x_wconf 86' lang='lat' dir='ltr'><strong>quam</strong></span> <span class='ocrx_word' id='word_1_81' title='bbox 753 1432 936 1490; x_wconf 88' lang='lat' dir='ltr'><strong>potens</strong></span> <span class='ocrx_word' id='word_1_82' title='bbox 970 1423 1125 1487; x_wconf 90' lang='lat' dir='ltr'><strong>Deus,</strong></span> <span class='ocrx_word' id='word_1_83' title='bbox 1159 1425 1246 1492; x_wconf 91' lang='lat' dir='ltr'><strong>qui</strong></span> <span class='ocrx_word' id='word_1_84' title='bbox 1279 1425 1510 1494; x_wconf 84' lang='lat' dir='ltr'><strong>implevit</strong></span> <span class='ocrx_word' id='word_1_85' title='bbox 1535 1435 1727 1478; x_wconf 88' lang='lat' dir='ltr'><strong>terram</strong></span> <span class='ocrx_word' id='word_1_86' title='bbox 1759 1424 1943 1478; x_wconf 86' lang='lat' dir='ltr'><strong>bonis!</strong></span> <span class='ocrx_word' id='word_1_87' title='bbox 1976 1440 2132 1493; x_wconf 87' lang='lat' dir='ltr'><strong>quam</strong></span> 
     </span>
    </p>
   </div>
   <div class='ocr_carea' id='block_1_13' title="bbox 561 1515 2128 1586">
    <p class='ocr_par' dir='ltr' id='par_1_13' title="bbox 561 1515 2128 1586">
     <span class='ocr_line' id='line_1_13' title="bbox 561 1515 2128 1586; baseline 0.004 -21"><span class='ocrx_word' id='word_1_88' title='bbox 561 1523 751 1582; x_wconf 85' lang='lat' dir='ltr'><strong>potens</strong></span> <span class='ocrx_word' id='word_1_89' title='bbox 776 1515 930 1577; x_wconf 83' lang='lat' dir='ltr'><strong>Deus,</strong></span> <span class='ocrx_word' id='word_1_90' title='bbox 956 1515 1044 1584; x_wconf 86' lang='lat' dir='ltr'><strong>qui</strong></span> <span class='ocrx_word' id='word_1_91' title='bbox 1067 1515 1213 1571; x_wconf 91' lang='lat' dir='ltr'><strong>dedit</strong></span> <span class='ocrx_word' id='word_1_92' title='bbox 1235 1517 1366 1571; x_wconf 88' lang='lat' dir='ltr'><strong>vitas</strong></span> <span class='ocrx_word' id='word_1_93' title='bbox 1387 1531 1510 1570; x_wconf 90' lang='lat' dir='ltr'><strong>suas</strong></span> <span class='ocrx_word' id='word_1_94' title='bbox 1533 1517 1770 1586; x_wconf 86' lang='lat' dir='ltr'><strong>proprias</strong></span> <span class='ocrx_word' id='word_1_95' title='bbox 1790 1518 2128 1572; x_wconf 82' lang='lat' dir='ltr'><strong>animalibus!</strong></span> 
     </span>
    </p>
   </div>
   <div class='ocr_carea' id='block_1_14' title="bbox 556 1605 2133 1676">
    <p class='ocr_par' dir='ltr' id='par_1_14' title="bbox 556 1605 2133 1676">
     <span class='ocr_line' id='line_1_14' title="bbox 556 1605 2133 1676; baseline 0.004 -20"><span class='ocrx_word' id='word_1_96' title='bbox 556 1617 712 1671; x_wconf 89' lang='lat' dir='ltr'><strong>quam</strong></span> <span class='ocrx_word' id='word_1_97' title='bbox 743 1613 929 1674; x_wconf 91' lang='lat' dir='ltr'><strong>potens</strong></span> <span class='ocrx_word' id='word_1_98' title='bbox 958 1605 1129 1669; x_wconf 91' lang='lat' dir='ltr'><strong>Deus,</strong></span> <span class='ocrx_word' id='word_1_99' title='bbox 1161 1607 1249 1676; x_wconf 88' lang='lat' dir='ltr'><strong>qui</strong></span> <span class='ocrx_word' id='word_1_100' title='bbox 1281 1608 1481 1662; x_wconf 85' lang='lat' dir='ltr'><strong>semina</strong></span> <span class='ocrx_word' id='word_1_101' title='bbox 1509 1609 1713 1662; x_wconf 76' lang='lat' dir='ltr'><strong>diversa</strong></span> <span class='ocrx_word' id='word_1_102' title='bbox 1742 1608 1885 1662; x_wconf 87' lang='lat' dir='ltr'><strong>dedit</strong></span> <span class='ocrx_word' id='word_1_103' title='bbox 1913 1608 2133 1662; x_wconf 76' lang='lat' dir='ltr'><strong>visceri-</strong></span> 
     </span>
    </p>
   </div>
   <div class='ocr_carea' id='block_1_15' title="bbox 560 1693 2131 1768">
    <p class='ocr_par' dir='ltr' id='par_1_15' title="bbox 560 1693 2131 1768">
     <span class='ocr_line' id='line_1_15' title="bbox 560 1693 2131 1768; baseline 0.004 -21"><span class='ocrx_word' id='word_1_104' title='bbox 560 1693 659 1748; x_wconf 85' lang='lat' dir='ltr'><strong>bus</strong></span> <span class='ocrx_word' id='word_1_105' title='bbox 701 1704 887 1758; x_wconf 71' lang='lat' dir='ltr'><strong>terrie,</strong></span> <span class='ocrx_word' id='word_1_106' title='bbox 935 1706 989 1751; x_wconf 93' lang='lat' dir='ltr'><strong>ut</strong></span> <span class='ocrx_word' id='word_1_107' title='bbox 1024 1701 1381 1768; x_wconf 81' lang='lat' dir='ltr'><strong>germinarent</strong></span> <span class='ocrx_word' id='word_1_108' title='bbox 1422 1709 1616 1754; x_wconf 85' lang='lat' dir='ltr'><strong>lautam</strong></span> <span class='ocrx_word' id='word_1_109' title='bbox 1645 1702 1949 1755; x_wconf 82' lang='lat' dir='ltr'><strong>varietatem</strong></span> <span class='ocrx_word' id='word_1_110' title='bbox 1979 1699 2131 1755; x_wconf 81' lang='lat' dir='ltr'><strong>fruti-</strong></span> 
     </span>
    </p>
   </div>
   <div class='ocr_carea' id='block_1_16' title="bbox 555 1790 2127 1860">
    <p class='ocr_par' dir='ltr' id='par_1_16' title="bbox 555 1790 2127 1860">
     <span class='ocr_line' id='line_1_16' title="bbox 555 1790 2127 1860; baseline 0.005 -22"><span class='ocrx_word' id='word_1_111' title='bbox 555 1800 675 1839; x_wconf 94' lang='lat' dir='ltr'><strong>cum</strong></span> <span class='ocrx_word' id='word_1_112' title='bbox 697 1826 712 1852; x_wconf 93' lang='lat'><strong>,</strong></span> <span class='ocrx_word' id='word_1_113' title='bbox 746 1795 942 1841; x_wconf 83' lang='lat' dir='ltr'><strong>tantam</strong></span> <span class='ocrx_word' id='word_1_114' title='bbox 974 1791 1205 1857; x_wconf 66' lang='lat' dir='ltr'><strong>speciem</strong></span> <span class='ocrx_word' id='word_1_115' title='bbox 1237 1790 1484 1844; x_wconf 91' lang='lat' dir='ltr'><strong>arborum</strong></span> <span class='ocrx_word' id='word_1_116' title='bbox 1512 1791 1524 1843; x_wconf 76' lang='grc' dir='ltr'><strong><em>ε</em></strong></span> <span class='ocrx_word' id='word_1_117' title='bbox 1554 1807 1708 1860; x_wconf 88' lang='lat' dir='ltr'><strong>quam</strong></span> <span class='ocrx_word' id='word_1_118' title='bbox 1740 1801 1924 1860; x_wconf 81' lang='lat' dir='ltr'><strong>potens</strong></span> <span class='ocrx_word' id='word_1_119' title='bbox 1956 1793 2092 1846; x_wconf 86' lang='lat' dir='ltr'><strong>Deus</strong></span> <span class='ocrx_word' id='word_1_120' title='bbox 2112 1833 2127 1859; x_wconf 94' lang='lat'><strong>,</strong></span> 
     </span>
    </p>
   </div>
   <div class='ocr_carea' id='block_1_17' title="bbox 556 1879 2131 1951">
    <p class='ocr_par' dir='ltr' id='par_1_17' title="bbox 556 1879 2131 1951">
     <span class='ocr_line' id='line_1_17' title="bbox 556 1879 2131 1951; baseline 0.006 -23"><span class='ocrx_word' id='word_1_121' title='bbox 556 1891 713 1945; x_wconf 88' lang='lat' dir='ltr'><strong>quam</strong></span> <span class='ocrx_word' id='word_1_122' title='bbox 755 1893 975 1948; x_wconf 89' lang='lat' dir='ltr'><strong>magnus</strong></span> <span class='ocrx_word' id='word_1_123' title='bbox 1005 1879 1175 1934; x_wconf 90' lang='lat' dir='ltr'><strong>Deus!</strong></span> <span class='ocrx_word' id='word_1_124' title='bbox 1205 1879 1284 1935; x_wconf 94' lang='lat' dir='ltr'><strong>Tu</strong></span> <span class='ocrx_word' id='word_1_125' title='bbox 1313 1881 1575 1950; x_wconf 87' lang='lat' dir='ltr'><strong>interroga</strong></span> <span class='ocrx_word' id='word_1_126' title='bbox 1601 1922 1613 1942; x_wconf 90' lang='lat'><strong>,</strong></span> <span class='ocrx_word' id='word_1_127' title='bbox 1643 1890 1879 1934; x_wconf 82' lang='lat' dir='ltr'><strong>creatura</strong></span> <span class='ocrx_word' id='word_1_128' title='bbox 1909 1898 2131 1951; x_wconf 85' lang='lat' dir='ltr'><strong>respon-</strong></span> 
     </span>
    </p>
   </div>
   <div class='ocr_carea' id='block_1_18' title="bbox 555 1966 2126 2041">
    <p class='ocr_par' dir='ltr' id='par_1_18' title="bbox 555 1966 2126 2041">
     <span class='ocr_line' id='line_1_18' title="bbox 555 1966 2126 2041; baseline 0.004 -20"><span class='ocrx_word' id='word_1_129' title='bbox 555 1966 674 2032; x_wconf 91' lang='lat' dir='ltr'><strong>det;</strong></span> <span class='ocrx_word' id='word_1_130' title='bbox 696 1968 832 2023; x_wconf 89' lang='lat' dir='ltr'><strong>etde</strong></span> <span class='ocrx_word' id='word_1_131' title='bbox 852 1971 1215 2040; x_wconf 85' lang='lat' dir='ltr'><strong>responsione,</strong></span> <span class='ocrx_word' id='word_1_132' title='bbox 1237 1981 1480 2041; x_wconf 89' lang='lat' dir='ltr'><strong>tauquam</strong></span> <span class='ocrx_word' id='word_1_133' title='bbox 1501 1973 1832 2026; x_wconf 55' lang='lat' dir='ltr'><strong>confessione</strong></span> <span class='ocrx_word' id='word_1_134' title='bbox 1852 1983 2126 2038; x_wconf 64' lang='lat' dir='ltr'><strong>creaturae,</strong></span> 
     </span>
    </p>
   </div>
   <div class='ocr_carea' id='block_1_19' title="bbox 558 2060 2124 2132">
    <p class='ocr_par' dir='ltr' id='par_1_19' title="bbox 558 2060 2124 2132">
     <span class='ocr_line' id='line_1_19' title="bbox 558 2060 2124 2132; baseline 0.005 -22"><span class='ocrx_word' id='word_1_135' title='bbox 558 2065 633 2123; x_wconf 92' lang='lat' dir='ltr'><strong>tu,</strong></span> <span class='ocrx_word' id='word_1_136' title='bbox 661 2069 840 2114; x_wconf 87' lang='lat' dir='ltr'><strong>sancte</strong></span> <span class='ocrx_word' id='word_1_137' title='bbox 859 2060 970 2125; x_wconf 85' lang='lat' dir='ltr'><strong>Dei,</strong></span> <span class='ocrx_word' id='word_1_138' title='bbox 995 2061 1263 2116; x_wconf 87' lang='lat' dir='ltr'><strong>benedicis</strong></span> <span class='ocrx_word' id='word_1_139' title='bbox 1285 2062 1545 2125; x_wconf 63' lang='lat' dir='ltr'><strong>Dcum,,et</strong></span> <span class='ocrx_word' id='word_1_140' title='bbox 1568 2063 1851 2131; x_wconf 87' lang='lat' dir='ltr'><strong>potentiam</strong></span> <span class='ocrx_word' id='word_1_141' title='bbox 1877 2063 2124 2132; x_wconf 85' lang='lat' dir='ltr'><strong>loqueris.</strong></span> 
     </span>
    </p>
   </div>
   <div class='ocr_carea' id='block_1_20' title="bbox 631 2148 2128 2224">
    <p class='ocr_par' dir='ltr' id='par_1_20' title="bbox 631 2148 2128 2224">
     <span class='ocr_line' id='line_1_20' title="bbox 631 2148 2128 2224; baseline 0.004 -22"><span class='ocrx_word' id='word_1_142' title='bbox 631 2148 716 2202; x_wconf 80' lang='grc'>15.</span> <span class='ocrx_word' id='word_1_143' title='bbox 759 2148 905 2219; x_wconf 74' lang='lat' dir='ltr'><strong>(vers.</strong></span> <span class='ocrx_word' id='word_1_144' title='bbox 938 2148 1049 2221; x_wconf 62' lang='grc' dir='ltr'><strong>η]</strong></span> <span class='ocrx_word' id='word_1_145' title='bbox 1095 2150 1159 2204; x_wconf 89' lang='lat' dir='ltr'><strong>Ut</strong></span> <span class='ocrx_word' id='word_1_146' title='bbox 1187 2161 1354 2204; x_wconf 86' lang='lat' dir='ltr'><strong>nolam</strong></span> <span class='ocrx_word' id='word_1_147' title='bbox 1384 2153 1572 2223; x_wconf 76' lang='lat' dir='ltr'><strong>faciant</strong></span> <span class='ocrx_word' id='word_1_148' title='bbox 1601 2153 1720 2220; x_wconf 81' lang='lat' dir='ltr'><strong>ﬁliis</strong></span> <span class='ocrx_word' id='word_1_149' title='bbox 1747 2153 2000 2206; x_wconf 81' lang='lat' dir='ltr'><strong>hominum</strong></span> <span class='ocrx_word' id='word_1_150' title='bbox 2035 2171 2128 2224; x_wconf 84' lang='lat' dir='ltr'><strong>p0-</strong></span> 
     </span>
    </p>
   </div>
   <div class='ocr_carea' id='block_1_21' title="bbox 557 2241 2124 2314">
    <p class='ocr_par' dir='ltr' id='par_1_21' title="bbox 557 2241 2124 2314">
     <span class='ocr_line' id='line_1_21' title="bbox 557 2241 2124 2314; baseline 0.005 -25"><span class='ocrx_word' id='word_1_151' title='bbox 557 2241 758 2291; x_wconf 88' lang='lat' dir='ltr'><strong>tentiam</strong></span> <span class='ocrx_word' id='word_1_152' title='bbox 782 2249 938 2303; x_wconf 88' lang='lat' dir='ltr'><strong>tuam,</strong></span> <span class='ocrx_word' id='word_1_153' title='bbox 964 2251 1009 2293; x_wconf 85' lang='lat' dir='ltr'><strong>et</strong></span> <span class='ocrx_word' id='word_1_154' title='bbox 1033 2241 1242 2310; x_wconf 82' lang='lat' dir='ltr'><strong>gloriam</strong></span> <span class='ocrx_word' id='word_1_155' title='bbox 1265 2243 1622 2313; x_wconf 78' lang='lat' dir='ltr'><strong>magnitudinis</strong></span> <span class='ocrx_word' id='word_1_156' title='bbox 1648 2243 1840 2296; x_wconf 86' lang='lat' dir='ltr'><strong>decoris</strong></span> <span class='ocrx_word' id='word_1_157' title='bbox 1866 2245 2005 2314; x_wconf 86' lang='lat' dir='ltr'><strong>regni</strong></span> <span class='ocrx_word' id='word_1_158' title='bbox 2032 2245 2124 2297; x_wconf 88' lang='lat' dir='ltr'><strong>tui.</strong></span> 
     </span>
    </p>
   </div>
   <div class='ocr_carea' id='block_1_22' title="bbox 553 2328 2127 2402">
    <p class='ocr_par' dir='ltr' id='par_1_22' title="bbox 553 2328 2127 2402">
     <span class='ocr_line' id='line_1_22' title="bbox 553 2328 2127 2402; baseline 0.003 -21"><span class='ocrx_word' id='word_1_159' title='bbox 553 2328 728 2382; x_wconf 88' lang='lat' dir='ltr'><strong>Sancti</strong></span> <span class='ocrx_word' id='word_1_160' title='bbox 765 2345 892 2397; x_wconf 90' lang='lat' dir='ltr'><strong>ergo</strong></span> <span class='ocrx_word' id='word_1_161' title='bbox 916 2331 984 2382; x_wconf 90' lang='lat' dir='ltr'><strong>tui</strong></span> <span class='ocrx_word' id='word_1_162' title='bbox 1010 2331 1380 2385; x_wconf 86' lang='lat' dir='ltr'><strong>commendant</strong></span> <span class='ocrx_word' id='word_1_163' title='bbox 1399 2331 1618 2402; x_wconf 78' lang='lat' dir='ltr'><strong>gloriam</strong></span> <span class='ocrx_word' id='word_1_164' title='bbox 1643 2333 2015 2402; x_wconf 84' lang='lat' dir='ltr'><strong>magnitudinis</strong></span> <span class='ocrx_word' id='word_1_165' title='bbox 2036 2333 2127 2386; x_wconf 90' lang='lat' dir='ltr'><strong>de-</strong></span> 
     </span>
    </p>
   </div>
   <div class='ocr_carea' id='block_1_23' title="bbox 553 2418 2126 2492">
    <p class='ocr_par' dir='ltr' id='par_1_23' title="bbox 553 2418 2126 2492">
     <span class='ocr_line' id='line_1_23' title="bbox 553 2418 2126 2492; baseline 0.004 -22"><span class='ocrx_word' id='word_1_166' title='bbox 553 2420 693 2472; x_wconf 89' lang='lat' dir='ltr'><strong>coris</strong></span> <span class='ocrx_word' id='word_1_167' title='bbox 717 2418 863 2488; x_wconf 84' lang='lat' dir='ltr'><strong>regni</strong></span> <span class='ocrx_word' id='word_1_168' title='bbox 887 2420 954 2473; x_wconf 91' lang='lat' dir='ltr'><strong>tni</strong></span> <span class='ocrx_word' id='word_1_169' title='bbox 975 2437 988 2483; x_wconf 92' lang='lat'><strong>;</strong></span> <span class='ocrx_word' id='word_1_170' title='bbox 1007 2421 1374 2489; x_wconf 84' lang='lat' dir='ltr'><strong>magnitudinis</strong></span> <span class='ocrx_word' id='word_1_171' title='bbox 1394 2421 1599 2476; x_wconf 90' lang='lat' dir='ltr'><strong>decoris</strong></span> <span class='ocrx_word' id='word_1_172' title='bbox 1619 2423 1861 2491; x_wconf 86' lang='lat' dir='ltr'><strong>gloriam.</strong></span> <span class='ocrx_word' id='word_1_173' title='bbox 1884 2423 1975 2476; x_wconf 87' lang='lat' dir='ltr'><strong>Est</strong></span> <span class='ocrx_word' id='word_1_174' title='bbox 1993 2440 2126 2492; x_wconf 80' lang='lat' dir='ltr'><strong>qum-</strong></span> 
     </span>
    </p>
   </div>
   <div class='ocr_carea' id='block_1_24' title="bbox 554 2509 2123 2585">
    <p class='ocr_par' dir='ltr' id='par_1_24' title="bbox 554 2509 2123 2585">
     <span class='ocr_line' id='line_1_24' title="bbox 554 2509 2123 2585; baseline 0.003 -21"><span class='ocrx_word' id='word_1_175' title='bbox 554 2509 674 2564; x_wconf 91' lang='lat' dir='ltr'><strong>dam</strong></span> <span class='ocrx_word' id='word_1_176' title='bbox 717 2510 1024 2581; x_wconf 88' lang='lat' dir='ltr'><strong>magnitudo</strong></span> <span class='ocrx_word' id='word_1_177' title='bbox 1063 2514 1269 2567; x_wconf 90' lang='lat' dir='ltr'><strong>decoris</strong></span> <span class='ocrx_word' id='word_1_178' title='bbox 1308 2514 1451 2584; x_wconf 81' lang='lat' dir='ltr'><strong>regni</strong></span> <span class='ocrx_word' id='word_1_179' title='bbox 1486 2515 1591 2577; x_wconf 87' lang='lat' dir='ltr'><strong>tui;</strong></span> <span class='ocrx_word' id='word_1_180' title='bbox 1623 2514 1723 2569; x_wconf 84' lang='lat' dir='ltr'><strong>hoc</strong></span> <span class='ocrx_word' id='word_1_181' title='bbox 1751 2524 1867 2578; x_wconf 90' lang='lat' dir='ltr'><strong>est,</strong></span> <span class='ocrx_word' id='word_1_182' title='bbox 1907 2532 2123 2585; x_wconf 87' lang='lat' dir='ltr'><strong>regnum</strong></span> 
     </span>
    </p>
   </div>
   <div class='ocr_carea' id='block_1_25' title="bbox 555 2602 2122 2674">
    <p class='ocr_par' dir='ltr' id='par_1_25' title="bbox 555 2602 2122 2674">
     <span class='ocr_line' id='line_1_25' title="bbox 555 2602 2122 2674; baseline 0.003 -19"><span class='ocrx_word' id='word_1_183' title='bbox 555 2609 698 2655; x_wconf 87' lang='lat' dir='ltr'><strong>tuum</strong></span> <span class='ocrx_word' id='word_1_184' title='bbox 727 2602 882 2656; x_wconf 86' lang='lat' dir='ltr'><strong>habet</strong></span> <span class='ocrx_word' id='word_1_185' title='bbox 910 2603 1153 2657; x_wconf 85' lang='lat' dir='ltr'><strong>decorem</strong></span> <span class='ocrx_word' id='word_1_186' title='bbox 1179 2645 1192 2668; x_wconf 94' lang='lat'><strong>,</strong></span> <span class='ocrx_word' id='word_1_187' title='bbox 1220 2612 1273 2658; x_wconf 90' lang='lat' dir='ltr'><strong>et</strong></span> <span class='ocrx_word' id='word_1_188' title='bbox 1301 2619 1544 2674; x_wconf 89' lang='lat' dir='ltr'><strong>magnum</strong></span> <span class='ocrx_word' id='word_1_189' title='bbox 1574 2605 1840 2660; x_wconf 80' lang='lat' dir='ltr'><strong>deCorem.</strong></span> <span class='ocrx_word' id='word_1_190' title='bbox 1871 2606 2122 2674; x_wconf 85' lang='lat' dir='ltr'><strong>Quando-</strong></span> 
     </span>
    </p>
   </div>
   <div class='ocr_carea' id='block_1_26' title="bbox 552 2694 2119 2766">
    <p class='ocr_par' dir='ltr' id='par_1_26' title="bbox 552 2694 2119 2766">
     <span class='ocr_line' id='line_1_26' title="bbox 552 2694 2119 2766; baseline 0.004 -20"><span class='ocrx_word' id='word_1_191' title='bbox 552 2694 764 2762; x_wconf 84' lang='lat' dir='ltr'><strong>quidem</strong></span> <span class='ocrx_word' id='word_1_192' title='bbox 787 2697 1038 2766; x_wconf 85' lang='lat' dir='ltr'><strong>quidquid</strong></span> <span class='ocrx_word' id='word_1_193' title='bbox 1064 2697 1217 2751; x_wconf 83' lang='lat' dir='ltr'><strong>habet</strong></span> <span class='ocrx_word' id='word_1_194' title='bbox 1243 2697 1508 2763; x_wconf 85' lang='lat' dir='ltr'><strong>decorem,</strong></span> <span class='ocrx_word' id='word_1_195' title='bbox 1533 2713 1561 2752; x_wconf 86' lang='lat' dir='ltr'><strong>a</strong></span> <span class='ocrx_word' id='word_1_196' title='bbox 1587 2709 1634 2752; x_wconf 87' lang='lat' dir='ltr'><strong>te</strong></span> <span class='ocrx_word' id='word_1_197' title='bbox 1657 2699 1812 2753; x_wconf 89' lang='lat' dir='ltr'><strong>habet</strong></span> <span class='ocrx_word' id='word_1_198' title='bbox 1834 2699 2078 2753; x_wconf 88' lang='lat' dir='ltr'><strong>decorem</strong></span> <span class='ocrx_word' id='word_1_199' title='bbox 2105 2716 2119 2764; x_wconf 91' lang='lat'><strong>;</strong></span> 
     </span>
    </p>
   </div>
   <div class='ocr_carea' id='block_1_27' title="bbox 555 2784 2123 2857">
    <p class='ocr_par' dir='ltr' id='par_1_27' title="bbox 555 2784 2123 2857">
     <span class='ocr_line' id='line_1_27' title="bbox 555 2784 2123 2857; baseline 0.004 -19"><span class='ocrx_word' id='word_1_200' title='bbox 555 2784 726 2853; x_wconf 91' lang='lat' dir='ltr'><strong>ipsum</strong></span> <span class='ocrx_word' id='word_1_201' title='bbox 757 2803 973 2855; x_wconf 85' lang='lat' dir='ltr'><strong>regnum</strong></span> <span class='ocrx_word' id='word_1_202' title='bbox 1000 2797 1142 2841; x_wconf 91' lang='lat' dir='ltr'><strong>tuum</strong></span> <span class='ocrx_word' id='word_1_203' title='bbox 1172 2787 1379 2857; x_wconf 82' lang='lat' dir='ltr'><strong>qualem</strong></span> <span class='ocrx_word' id='word_1_204' title='bbox 1401 2787 1645 2843; x_wconf 90' lang='lat' dir='ltr'><strong>decorem</strong></span> <span class='ocrx_word' id='word_1_205' title='bbox 1677 2789 1862 2844; x_wconf 89' lang='lat' dir='ltr'><strong>habet!</strong></span> <span class='ocrx_word' id='word_1_206' title='bbox 1887 2789 1998 2843; x_wconf 90' lang='lat' dir='ltr'><strong>Non</strong></span> <span class='ocrx_word' id='word_1_207' title='bbox 2027 2804 2123 2844; x_wconf 87' lang='lat' dir='ltr'><strong>nos</strong></span> 
     </span>
    </p>
   </div>
   <div class='ocr_carea' id='block_1_28' title="bbox 555 2878 2119 2949">
    <p class='ocr_par' dir='ltr' id='par_1_28' title="bbox 555 2878 2119 2949">
     <span class='ocr_line' id='line_1_28' title="bbox 555 2878 2119 2949; baseline 0.005 -20"><span class='ocrx_word' id='word_1_208' title='bbox 555 2884 751 2931; x_wconf 89' lang='lat' dir='ltr'><strong>terreat</strong></span> <span class='ocrx_word' id='word_1_209' title='bbox 788 2893 1040 2945; x_wconf 86' lang='lat' dir='ltr'><strong>regnum,</strong></span> <span class='ocrx_word' id='word_1_210' title='bbox 1085 2878 1238 2932; x_wconf 89' lang='lat' dir='ltr'><strong>habet</strong></span> <span class='ocrx_word' id='word_1_211' title='bbox 1280 2888 1335 2933; x_wconf 88' lang='lat' dir='ltr'><strong>et</strong></span> <span class='ocrx_word' id='word_1_212' title='bbox 1373 2879 1614 2933; x_wconf 82' lang='lat' dir='ltr'><strong>decnrem</strong></span> <span class='ocrx_word' id='word_1_213' title='bbox 1645 2897 1748 2949; x_wconf 90' lang='lat' dir='ltr'><strong>quo</strong></span> <span class='ocrx_word' id='word_1_214' title='bbox 1777 2882 2119 2937; x_wconf 49' lang='lat' dir='ltr'><strong>delectemur.</strong></span> 
     </span>
    </p>
   </div>
   <div class='ocr_carea' id='block_1_29' title="bbox 553 2964 2119 3038">
    <p class='ocr_par' dir='ltr' id='par_1_29' title="bbox 553 2964 2119 3038">
     <span class='ocr_line' id='line_1_29' title="bbox 553 2964 2119 3038; baseline 0.003 -18"><span class='ocrx_word' id='word_1_215' title='bbox 553 2964 764 3020; x_wconf 83' lang='lat' dir='ltr'><strong>Etenim</strong></span> <span class='ocrx_word' id='word_1_216' title='bbox 790 2967 942 3034; x_wconf 91' lang='lat' dir='ltr'><strong>quale</strong></span> <span class='ocrx_word' id='word_1_217' title='bbox 968 2967 1090 3020; x_wconf 93' lang='lat' dir='ltr'><strong>illud</strong></span> <span class='ocrx_word' id='word_1_218' title='bbox 1116 2967 1277 3022; x_wconf 89' lang='lat' dir='ltr'><strong>decus</strong></span> <span class='ocrx_word' id='word_1_219' title='bbox 1303 2977 1384 3022; x_wconf 90' lang='lat' dir='ltr'><strong>est</strong></span> <span class='ocrx_word' id='word_1_220' title='bbox 1409 2985 1514 3038; x_wconf 88' lang='lat' dir='ltr'><strong>quo</strong></span> <span class='ocrx_word' id='word_1_221' title='bbox 1548 2971 1884 3038; x_wconf 80' lang='lat' dir='ltr'><strong>perfruentur</strong></span> <span class='ocrx_word' id='word_1_222' title='bbox 1912 2973 2078 3026; x_wconf 89' lang='lat' dir='ltr'><strong>saneti</strong></span> <span class='ocrx_word' id='word_1_223' title='bbox 2103 3013 2119 3038; x_wconf 95' lang='lat'><strong>,</strong></span> 
     </span>
    </p>
   </div>
   <div class='ocr_carea' id='block_1_30' title="bbox 553 3055 2124 3131">
    <p class='ocr_par' dir='ltr' id='par_1_30' title="bbox 553 3055 2124 3131">
     <span class='ocr_line' id='line_1_30' title="bbox 553 3055 2124 3131; baseline 0.006 -24"><span class='ocrx_word' id='word_1_224' title='bbox 553 3055 743 3126; x_wconf 86' lang='lat' dir='ltr'><strong>quibus</strong></span> <span class='ocrx_word' id='word_1_225' title='bbox 759 3055 980 3122; x_wconf 84' lang='lat' dir='ltr'><strong>dicetur,</strong></span> <span class='ocrx_word' id='word_1_226' title='bbox 1013 3056 1200 3120; x_wconf 76' lang='lat' dir='ltr'><strong>Venite,</strong></span> <span class='ocrx_word' id='word_1_227' title='bbox 1223 3059 1462 3112; x_wconf 81' lang='lat' dir='ltr'><strong>benedicti</strong></span> <span class='ocrx_word' id='word_1_228' title='bbox 1479 3057 1646 3113; x_wconf 85' lang='lat' dir='ltr'><strong>Patris</strong></span> <span class='ocrx_word' id='word_1_229' title='bbox 1662 3062 1775 3122; x_wconf 84' lang='lat' dir='ltr'><strong>mei,</strong></span> <span class='ocrx_word' id='word_1_230' title='bbox 1800 3063 2035 3131; x_wconf 79' lang='lat' dir='ltr'><strong>percipile</strong></span> <span class='ocrx_word' id='word_1_231' title='bbox 2053 3079 2124 3117; x_wconf 83' lang='lat' dir='ltr'><strong>re-</strong></span> 
     </span>
    </p>
   </div>
   <div class='ocr_carea' id='block_1_31' title="bbox 552 3147 2122 3221">
    <p class='ocr_par' dir='ltr' id='par_1_31' title="bbox 552 3147 2122 3221">
     <span class='ocr_line' id='line_1_31' title="bbox 552 3147 2122 3221; baseline 0.008 -20"><span class='ocrx_word' id='word_1_232' title='bbox 552 3162 704 3219; x_wconf 86' lang='lat' dir='ltr'><strong>gnum</strong></span> <span class='ocrx_word' id='word_1_233' title='bbox 723 3147 934 3221; x_wconf 76' lang='lat' dir='ltr'><strong>(Mattlt.</strong></span> <span class='ocrx_word' id='word_1_234' title='bbox 960 3166 1078 3216; x_wconf 84' lang='lat' dir='ltr'><strong>xxv,</strong></span> <span class='ocrx_word' id='word_1_235' title='bbox 1105 3151 1226 3220; x_wconf 63' lang='lat' dir='ltr'><strong>3’s)!</strong></span> <span class='ocrx_word' id='word_1_236' title='bbox 1251 3149 1400 3205; x_wconf 90' lang='lat' dir='ltr'><strong>Unde</strong></span> <span class='ocrx_word' id='word_1_237' title='bbox 1425 3151 1607 3206; x_wconf 92' lang='lat' dir='ltr'><strong>ibunt?</strong></span> <span class='ocrx_word' id='word_1_238' title='bbox 1628 3153 1741 3220; x_wconf 87' lang='lat' dir='ltr'><strong>Quo</strong></span> <span class='ocrx_word' id='word_1_239' title='bbox 1764 3154 1945 3208; x_wconf 88' lang='lat' dir='ltr'><strong>ibunt?</strong></span> <span class='ocrx_word' id='word_1_240' title='bbox 1967 3155 2122 3213; x_wconf 84' lang='lat' dir='ltr'><strong>Vide-</strong></span> 
     </span>
    </p>
   </div>
   <div class='ocr_carea' id='block_1_32' title="bbox 555 3239 2122 3317">
    <p class='ocr_par' dir='ltr' id='par_1_32' title="bbox 555 3239 2122 3317">
     <span class='ocr_line' id='line_1_32' title="bbox 555 3239 2122 3317; baseline 0.007 -25"><span class='ocrx_word' id='word_1_241' title='bbox 555 3248 606 3293; x_wconf 92' lang='lat' dir='ltr'><strong>te</strong></span> <span class='ocrx_word' id='word_1_242' title='bbox 631 3281 645 3305; x_wconf 95' lang='lat'><strong>,</strong></span> <span class='ocrx_word' id='word_1_243' title='bbox 675 3239 891 3306; x_wconf 76' lang='lat' dir='ltr'><strong>fratres;</strong></span> <span class='ocrx_word' id='word_1_244' title='bbox 915 3241 1028 3294; x_wconf 89' lang='lat' dir='ltr'><strong>etsi</strong></span> <span class='ocrx_word' id='word_1_245' title='bbox 1054 3243 1291 3310; x_wconf 85' lang='lat' dir='ltr'><strong>potestis,</strong></span> <span class='ocrx_word' id='word_1_246' title='bbox 1338 3253 1586 3312; x_wconf 89' lang='lat' dir='ltr'><strong>quantum</strong></span> <span class='ocrx_word' id='word_1_247' title='bbox 1613 3247 1858 3312; x_wconf 87' lang='lat' dir='ltr'><strong>potestis,</strong></span> <span class='ocrx_word' id='word_1_248' title='bbox 1896 3249 2122 3317; x_wconf 83' lang='lat' dir='ltr'><strong>cogitate</strong></span> 
     </span>
    </p>
   </div>
   <div class='ocr_carea' id='block_1_33' title="bbox 551 3329 2122 3402">
    <p class='ocr_par' dir='ltr' id='par_1_33' title="bbox 551 3329 2122 3402">
     <span class='ocr_line' id='line_1_33' title="bbox 551 3329 2122 3402; baseline 0.005 -19"><span class='ocrx_word' id='word_1_249' title='bbox 551 3329 798 3386; x_wconf 89' lang='lat' dir='ltr'><strong>decorem</strong></span> <span class='ocrx_word' id='word_1_250' title='bbox 818 3332 961 3401; x_wconf 81' lang='lat' dir='ltr'><strong>regni</strong></span> <span class='ocrx_word' id='word_1_251' title='bbox 982 3332 1116 3384; x_wconf 84' lang='lat' dir='ltr'><strong>illius</strong></span> <span class='ocrx_word' id='word_1_252' title='bbox 1134 3333 1271 3402; x_wconf 88' lang='lat' dir='ltr'><strong>quod</strong></span> <span class='ocrx_word' id='word_1_253' title='bbox 1285 3343 1558 3388; x_wconf 84' lang='lat' dir='ltr'><strong>venturum</strong></span> <span class='ocrx_word' id='word_1_254' title='bbox 1573 3343 1680 3401; x_wconf 92' lang='lat' dir='ltr'><strong>est;</strong></span> <span class='ocrx_word' id='word_1_255' title='bbox 1703 3335 1839 3390; x_wconf 91' lang='lat' dir='ltr'><strong>unde</strong></span> <span class='ocrx_word' id='word_1_256' title='bbox 1855 3347 1933 3389; x_wconf 90' lang='lat' dir='ltr'><strong>est</strong></span> <span class='ocrx_word' id='word_1_257' title='bbox 1949 3338 1996 3391; x_wconf 92' lang='lat' dir='ltr'><strong>iu</strong></span> <span class='ocrx_word' id='word_1_258' title='bbox 2011 3353 2122 3391; x_wconf 77' lang='lat' dir='ltr'><strong>ora-</strong></span> 
     </span>
    </p>
   </div>
   <div class='ocr_carea' id='block_1_34' title="bbox 556 3422 2120 3499">
    <p class='ocr_par' dir='ltr' id='par_1_34' title="bbox 556 3422 2120 3499">
     <span class='ocr_line' id='line_1_34' title="bbox 556 3422 2120 3499; baseline 0.006 -25"><span class='ocrx_word' id='word_1_259' title='bbox 556 3422 698 3475; x_wconf 84' lang='lat' dir='ltr'><strong>tione</strong></span> <span class='ocrx_word' id='word_1_260' title='bbox 720 3432 917 3487; x_wconf 86' lang='lat' dir='ltr'><strong>nostra,</strong></span> <span class='ocrx_word' id='word_1_261' title='bbox 943 3425 1182 3477; x_wconf 74' lang='lat' dir='ltr'><strong>Advrniot</strong></span> <span class='ocrx_word' id='word_1_262' title='bbox 1201 3442 1407 3496; x_wconf 78' lang='lat' dir='ltr'><strong>regnum</strong></span> <span class='ocrx_word' id='word_1_263' title='bbox 1427 3437 1562 3479; x_wconf 90' lang='lat' dir='ltr'><strong>tuum</strong></span> <span class='ocrx_word' id='word_1_264' title='bbox 1587 3425 1693 3494; x_wconf 88' lang='lat' dir='ltr'><strong>(Id.</strong></span> <span class='ocrx_word' id='word_1_265' title='bbox 1715 3444 1787 3492; x_wconf 72' lang='grc' dir='ltr'>γι,</span> <span class='ocrx_word' id='word_1_266' title='bbox 1811 3426 1918 3499; x_wconf 84' lang='lat' dir='ltr'><strong>l0).</strong></span> <span class='ocrx_word' id='word_1_267' title='bbox 1946 3427 2120 3497; x_wconf 85' lang='lat' dir='ltr'><strong>Ipsum</strong></span> 
     </span>
    </p>
   </div>
   <div class='ocr_carea' id='block_1_35' title="bbox 554 3512 2120 3588">
    <p class='ocr_par' dir='ltr' id='par_1_35' title="bbox 554 3512 2120 3588">
     <span class='ocr_line' id='line_1_35' title="bbox 554 3512 2120 3588; baseline 0.005 -22"><span class='ocrx_word' id='word_1_268' title='bbox 554 3512 696 3566; x_wconf 89' lang='lat' dir='ltr'><strong>enim</strong></span> <span class='ocrx_word' id='word_1_269' title='bbox 735 3527 950 3580; x_wconf 89' lang='lat' dir='ltr'><strong>regnum</strong></span> <span class='ocrx_word' id='word_1_270' title='bbox 979 3523 1220 3581; x_wconf 85' lang='lat' dir='ltr'><strong>Optamus</strong></span> <span class='ocrx_word' id='word_1_271' title='bbox 1251 3524 1303 3568; x_wconf 90' lang='lat' dir='ltr'><strong>Ill</strong></span> <span class='ocrx_word' id='word_1_272' title='bbox 1330 3517 1529 3580; x_wconf 76' lang='lat' dir='ltr'><strong>veniat;</strong></span> <span class='ocrx_word' id='word_1_273' title='bbox 1555 3516 1652 3570; x_wconf 92' lang='lat' dir='ltr'><strong>hoc</strong></span> <span class='ocrx_word' id='word_1_274' title='bbox 1685 3533 1900 3588; x_wconf 79' lang='lat' dir='ltr'><strong>regnum</strong></span> <span class='ocrx_word' id='word_1_275' title='bbox 1932 3529 2120 3574; x_wconf 76' lang='lat' dir='ltr'><strong>ventu-</strong></span> 
     </span>
    </p>
   </div>
   <div class='ocr_carea' id='block_1_36' title="bbox 551 3601 2120 3673">
    <p class='ocr_par' dir='ltr' id='par_1_36' title="bbox 551 3601 2120 3673">
     <span class='ocr_line' id='line_1_36' title="bbox 551 3601 2120 3673; baseline 0.003 -17"><span class='ocrx_word' id='word_1_276' title='bbox 551 3617 672 3659; x_wconf 89' lang='lat' dir='ltr'><strong>rum</strong></span> <span class='ocrx_word' id='word_1_277' title='bbox 708 3602 872 3656; x_wconf 89' lang='lat' dir='ltr'><strong>sancti</strong></span> <span class='ocrx_word' id='word_1_278' title='bbox 914 3601 1217 3670; x_wconf 76' lang='lat' dir='ltr'><strong>pra-dicant.</strong></span> <span class='ocrx_word' id='word_1_279' title='bbox 1249 3603 1497 3658; x_wconf 81' lang='lat' dir='ltr'><strong>Mundum</strong></span> <span class='ocrx_word' id='word_1_280' title='bbox 1525 3605 1680 3658; x_wconf 89' lang='lat' dir='ltr'><strong>istum</strong></span> <span class='ocrx_word' id='word_1_281' title='bbox 1708 3607 1996 3673; x_wconf 87' lang='lat' dir='ltr'><strong>attendite;</strong></span> <span class='ocrx_word' id='word_1_282' title='bbox 2026 3609 2120 3662; x_wconf 90' lang='lat' dir='ltr'><strong>de-</strong></span> 
     </span>
    </p>
   </div>
   <div class='ocr_carea' id='block_1_37' title="bbox 551 3692 2120 3767">
    <p class='ocr_par' dir='ltr' id='par_1_37' title="bbox 551 3692 2120 3767">
     <span class='ocr_line' id='line_1_37' title="bbox 551 3692 2120 3767; baseline 0.003 -19"><span class='ocrx_word' id='word_1_283' title='bbox 551 3706 729 3748; x_wconf 90' lang='lat' dir='ltr'><strong>corem</strong></span> <span class='ocrx_word' id='word_1_284' title='bbox 757 3692 931 3747; x_wconf 86' lang='lat' dir='ltr'><strong>habet.</strong></span> <span class='ocrx_word' id='word_1_285' title='bbox 969 3693 1133 3760; x_wconf 85' lang='lat' dir='ltr'><strong>Quem</strong></span> <span class='ocrx_word' id='word_1_286' title='bbox 1162 3693 1407 3750; x_wconf 88' lang='lat' dir='ltr'><strong>decorem</strong></span> <span class='ocrx_word' id='word_1_287' title='bbox 1437 3695 1588 3751; x_wconf 89' lang='lat' dir='ltr'><strong>habet</strong></span> <span class='ocrx_word' id='word_1_288' title='bbox 1619 3704 1779 3763; x_wconf 80' lang='lat' dir='ltr'><strong>terra,</strong></span> <span class='ocrx_word' id='word_1_289' title='bbox 1811 3714 1975 3762; x_wconf 89' lang='lat' dir='ltr'><strong>mare,</strong></span> <span class='ocrx_word' id='word_1_290' title='bbox 2008 3715 2120 3767; x_wconf 88' lang='lat' dir='ltr'><strong>aer,</strong></span> 
     </span>
    </p>
   </div>
   <div class='ocr_carea' id='block_1_38' title="bbox 551 3787 2124 3851">
    <p class='ocr_par' dir='ltr' id='par_1_38' title="bbox 551 3787 2124 3851">
     <span class='ocr_line' id='line_1_38' title="bbox 551 3787 2124 3851; baseline 0.003 -9"><span class='ocrx_word' id='word_1_291' title='bbox 551 3787 766 3851; x_wconf 67' lang='lat' dir='ltr'><strong>caelum,</strong></span> <span class='ocrx_word' id='word_1_292' title='bbox 798 3787 966 3841; x_wconf 89' lang='lat' dir='ltr'><strong>sidera</strong></span> <span class='ocrx_word' id='word_1_293' title='bbox 989 3788 1002 3841; x_wconf 89' lang='lat'><strong>!</strong></span> <span class='ocrx_word' id='word_1_294' title='bbox 1030 3787 1212 3842; x_wconf 89' lang='lat' dir='ltr'><strong>Omnia</strong></span> <span class='ocrx_word' id='word_1_295' title='bbox 1240 3787 1352 3842; x_wconf 76' lang='lat' dir='ltr'><strong>bmc</strong></span> <span class='ocrx_word' id='word_1_296' title='bbox 1382 3804 1556 3844; x_wconf 91' lang='lat' dir='ltr'><strong>nonne</strong></span> <span class='ocrx_word' id='word_1_297' title='bbox 1584 3805 1793 3846; x_wconf 88' lang='lat' dir='ltr'><strong>onmem</strong></span> <span class='ocrx_word' id='word_1_298' title='bbox 1818 3791 2124 3847; x_wconf 85' lang='lat' dir='ltr'><strong>considera-</strong></span> 
     </span>
    </p>
   </div>
   <div class='ocr_carea' id='block_1_39' title="bbox 554 3878 2124 3950">
    <p class='ocr_par' dir='ltr' id='par_1_39' title="bbox 554 3878 2124 3950">
     <span class='ocr_line' id='line_1_39' title="bbox 554 3878 2124 3950; baseline 0.004 -18"><span class='ocrx_word' id='word_1_299' title='bbox 554 3889 722 3934; x_wconf 87' lang='lat' dir='ltr'><strong>toretn</strong></span> <span class='ocrx_word' id='word_1_300' title='bbox 757 3880 993 3934; x_wconf 85' lang='lat' dir='ltr'><strong>terrent?</strong></span> <span class='ocrx_word' id='word_1_301' title='bbox 1018 3878 1202 3934; x_wconf 82' lang='lat' dir='ltr'><strong>Nonne</strong></span> <span class='ocrx_word' id='word_1_302' title='bbox 1229 3879 1560 3949; x_wconf 85' lang='lat' dir='ltr'><strong>pulchritudo</strong></span> <span class='ocrx_word' id='word_1_303' title='bbox 1587 3881 1697 3950; x_wconf 91' lang='lat' dir='ltr'><strong>ipsa</strong></span> <span class='ocrx_word' id='word_1_304' title='bbox 1718 3881 1794 3936; x_wconf 91' lang='lat' dir='ltr'><strong>sic</strong></span> <span class='ocrx_word' id='word_1_305' title='bbox 1819 3883 2035 3949; x_wconf 88' lang='lat' dir='ltr'><strong>eminet,</strong></span> <span class='ocrx_word' id='word_1_306' title='bbox 2067 3894 2124 3938; x_wconf 86' lang='lat' dir='ltr'><strong>ut</strong></span> 
     </span>
    </p>
   </div>
   <div class='ocr_carea' id='block_1_40' title="bbox 548 3971 2118 4042">
    <p class='ocr_par' dir='ltr' id='par_1_40' title="bbox 548 3971 2118 4042">
     <span class='ocr_line' id='line_1_40' title="bbox 548 3971 2118 4042; baseline 0.003 -17"><span class='ocrx_word' id='word_1_307' title='bbox 548 3972 699 4042; x_wconf 87' lang='lat' dir='ltr'><strong>quasi</strong></span> <span class='ocrx_word' id='word_1_308' title='bbox 724 3971 993 4042; x_wconf 89' lang='lat' dir='ltr'><strong>pulchrius</strong></span> <span class='ocrx_word' id='word_1_309' title='bbox 1022 3972 1150 4025; x_wconf 88' lang='lat' dir='ltr'><strong>nihil</strong></span> <span class='ocrx_word' id='word_1_310' title='bbox 1181 3972 1400 4027; x_wconf 77' lang='lat' dir='ltr'><strong>inveniri</strong></span> <span class='ocrx_word' id='word_1_311' title='bbox 1434 3974 1634 4042; x_wconf 88' lang='lat' dir='ltr'><strong>possit?</strong></span> <span class='ocrx_word' id='word_1_312' title='bbox 1666 3972 1730 4027; x_wconf 85' lang='lat' dir='ltr'><strong>Et</strong></span> <span class='ocrx_word' id='word_1_313' title='bbox 1756 3974 1840 4028; x_wconf 89' lang='lat' dir='ltr'><strong>hic</strong></span> <span class='ocrx_word' id='word_1_314' title='bbox 1866 3975 2046 4029; x_wconf 79' lang='lat' dir='ltr'><strong>vivunt</strong></span> <span class='ocrx_word' id='word_1_315' title='bbox 2070 3977 2118 4030; x_wconf 93' lang='lat' dir='ltr'><strong>in</strong></span> 
     </span>
    </p>
   </div>
   <div class='ocr_carea' id='block_1_41' title="bbox 549 4065 2117 4136">
    <p class='ocr_par' dir='ltr' id='par_1_41' title="bbox 549 4065 2117 4136">
     <span class='ocr_line' id='line_1_41' title="bbox 549 4065 2117 4136; baseline 0.003 -18"><span class='ocrx_word' id='word_1_316' title='bbox 549 4066 653 4119; x_wconf 89' lang='lat' dir='ltr'><strong>isto</strong></span> <span class='ocrx_word' id='word_1_317' title='bbox 676 4065 888 4132; x_wconf 79' lang='lat' dir='ltr'><strong>decore,</strong></span> <span class='ocrx_word' id='word_1_318' title='bbox 921 4066 970 4118; x_wconf 91' lang='lat' dir='ltr'><strong>in</strong></span> <span class='ocrx_word' id='word_1_319' title='bbox 999 4065 1095 4118; x_wconf 87' lang='lat' dir='ltr'><strong>ista</strong></span> <span class='ocrx_word' id='word_1_320' title='bbox 1125 4065 1510 4134; x_wconf 87' lang='lat' dir='ltr'><strong>pulchritudine</strong></span> <span class='ocrx_word' id='word_1_321' title='bbox 1533 4081 1693 4135; x_wconf 90' lang='lat' dir='ltr'><strong>prope</strong></span> <span class='ocrx_word' id='word_1_322' title='bbox 1714 4066 1820 4136; x_wconf 89' lang='lat' dir='ltr'><strong>jam</strong></span> <span class='ocrx_word' id='word_1_323' title='bbox 1849 4067 2117 4136; x_wconf 74' lang='lat' dir='ltr'><strong>ineffabili,</strong></span> 
     </span>
    </p>
   </div>
   <div class='ocr_carea' id='block_1_42' title="bbox 550 4155 2120 4222">
    <p class='ocr_par' dir='ltr' id='par_1_42' title="bbox 550 4155 2120 4222">
     <span class='ocr_line' id='line_1_42' title="bbox 550 4155 2120 4222; baseline 0.002 -13"><span class='ocrx_word' id='word_1_324' title='bbox 550 4156 637 4210; x_wconf 88' lang='lat' dir='ltr'><strong>hic</strong></span> <span class='ocrx_word' id='word_1_325' title='bbox 666 4157 848 4209; x_wconf 86' lang='lat' dir='ltr'><strong>vivunt</strong></span> <span class='ocrx_word' id='word_1_326' title='bbox 875 4165 1042 4210; x_wconf 90' lang='lat' dir='ltr'><strong>tecum</strong></span> <span class='ocrx_word' id='word_1_327' title='bbox 1072 4164 1123 4208; x_wconf 91' lang='lat' dir='ltr'><strong>et</strong></span> <span class='ocrx_word' id='word_1_328' title='bbox 1151 4155 1417 4209; x_wconf 85' lang='lat' dir='ltr'><strong>vermieuli</strong></span> <span class='ocrx_word' id='word_1_329' title='bbox 1447 4163 1498 4208; x_wconf 88' lang='lat' dir='ltr'><strong>et</strong></span> <span class='ocrx_word' id='word_1_330' title='bbox 1521 4171 1717 4222; x_wconf 88' lang='lat' dir='ltr'><strong>mures,</strong></span> <span class='ocrx_word' id='word_1_331' title='bbox 1742 4165 1793 4211; x_wconf 91' lang='lat' dir='ltr'><strong>et</strong></span> <span class='ocrx_word' id='word_1_332' title='bbox 1814 4158 1986 4212; x_wconf 87' lang='lat' dir='ltr'><strong>omnia</strong></span> <span class='ocrx_word' id='word_1_333' title='bbox 2011 4166 2120 4214; x_wconf 91' lang='lat' dir='ltr'><strong>tcr-</strong></span> 
     </span>
    </p>
   </div>
   <div class='ocr_carea' id='block_1_43' title="bbox 551 4245 2122 4316">
    <p class='ocr_par' dir='ltr' id='par_1_43' title="bbox 551 4245 2122 4316">
     <span class='ocr_line' id='line_1_43' title="bbox 551 4245 2122 4316; baseline 0.003 -17"><span class='ocrx_word' id='word_1_334' title='bbox 551 4262 625 4299; x_wconf 69' lang='lat' dir='ltr'><strong>rae</strong></span> <span class='ocrx_word' id='word_1_335' title='bbox 653 4247 922 4316; x_wconf 90' lang='lat' dir='ltr'><strong>repentia;</strong></span> <span class='ocrx_word' id='word_1_336' title='bbox 956 4247 1053 4300; x_wconf 86' lang='lat' dir='ltr'><strong>ista</strong></span> <span class='ocrx_word' id='word_1_337' title='bbox 1086 4256 1254 4298; x_wconf 90' lang='lat' dir='ltr'><strong>tecum</strong></span> <span class='ocrx_word' id='word_1_338' title='bbox 1287 4246 1472 4299; x_wconf 85' lang='lat' dir='ltr'><strong>vivunt</strong></span> <span class='ocrx_word' id='word_1_339' title='bbox 1498 4246 1548 4299; x_wconf 87' lang='lat' dir='ltr'><strong>in</strong></span> <span class='ocrx_word' id='word_1_340' title='bbox 1575 4245 1766 4301; x_wconf 90' lang='lat' dir='ltr'><strong>decore</strong></span> <span class='ocrx_word' id='word_1_341' title='bbox 1804 4247 1926 4301; x_wconf 89' lang='lat' dir='ltr'><strong>isto.</strong></span> <span class='ocrx_word' id='word_1_342' title='bbox 1959 4248 2122 4315; x_wconf 87' lang='lat' dir='ltr'><strong>Quale</strong></span> 
     </span>
    </p>
   </div>
   <div class='ocr_carea' id='block_1_44' title="bbox 550 4335 2118 4405">
    <p class='ocr_par' dir='ltr' id='par_1_44' title="bbox 550 4335 2118 4405">
     <span class='ocr_line' id='line_1_44' title="bbox 550 4335 2118 4405; baseline 0.002 -15"><span class='ocrx_word' id='word_1_343' title='bbox 550 4337 713 4390; x_wconf 85' lang='lat' dir='ltr'><strong>decus</strong></span> <span class='ocrx_word' id='word_1_344' title='bbox 742 4345 820 4388; x_wconf 85' lang='lat' dir='ltr'><strong>est</strong></span> <span class='ocrx_word' id='word_1_345' title='bbox 852 4336 990 4388; x_wconf 90' lang='lat' dir='ltr'><strong>illius</strong></span> <span class='ocrx_word' id='word_1_346' title='bbox 1019 4336 1187 4405; x_wconf 80' lang='lat' dir='ltr'><strong>regni,</strong></span> <span class='ocrx_word' id='word_1_347' title='bbox 1219 4335 1303 4388; x_wconf 93' lang='lat' dir='ltr'><strong>ubi</strong></span> <span class='ocrx_word' id='word_1_348' title='bbox 1335 4344 1506 4390; x_wconf 91' lang='lat' dir='ltr'><strong>tecum</strong></span> <span class='ocrx_word' id='word_1_349' title='bbox 1540 4350 1642 4390; x_wconf 93' lang='lat' dir='ltr'><strong>non</strong></span> <span class='ocrx_word' id='word_1_350' title='bbox 1671 4337 1850 4390; x_wconf 79' lang='lat' dir='ltr'><strong>vivunt</strong></span> <span class='ocrx_word' id='word_1_351' title='bbox 1879 4337 1975 4391; x_wconf 59' lang='lat' dir='ltr'><strong>nisi</strong></span> <span class='ocrx_word' id='word_1_352' title='bbox 2007 4339 2118 4393; x_wconf 85' lang='lat' dir='ltr'><strong>An-</strong></span> 
     </span>
    </p>
   </div>
   <div class='ocr_carea' id='block_1_45' title="bbox 551 4428 2120 4499">
    <p class='ocr_par' dir='ltr' id='par_1_45' title="bbox 551 4428 2120 4499">
     <span class='ocr_line' id='line_1_45' title="bbox 551 4428 2120 4499; baseline 0.001 -17"><span class='ocrx_word' id='word_1_353' title='bbox 551 4429 695 4497; x_wconf 82' lang='lat' dir='ltr'><strong>geli?</strong></span> <span class='ocrx_word' id='word_1_354' title='bbox 724 4428 845 4482; x_wconf 88' lang='lat' dir='ltr'><strong>Ideo</strong></span> <span class='ocrx_word' id='word_1_355' title='bbox 873 4443 1054 4497; x_wconf 81' lang='lat' dir='ltr'><strong>parum</strong></span> <span class='ocrx_word' id='word_1_356' title='bbox 1084 4429 1176 4482; x_wconf 88' lang='lat' dir='ltr'><strong>luit</strong></span> <span class='ocrx_word' id='word_1_357' title='bbox 1202 4439 1258 4482; x_wconf 92' lang='lat' dir='ltr'><strong>ut</strong></span> <span class='ocrx_word' id='word_1_358' title='bbox 1287 4429 1485 4483; x_wconf 87' lang='lat' dir='ltr'><strong>diceret</strong></span> <span class='ocrx_word' id='word_1_359' title='bbox 1512 4428 1730 4499; x_wconf 89' lang='lat' dir='ltr'><strong>gloriam</strong></span> <span class='ocrx_word' id='word_1_360' title='bbox 1761 4428 1988 4484; x_wconf 88' lang='lat' dir='ltr'><strong>decoris.</strong></span> <span class='ocrx_word' id='word_1_361' title='bbox 2021 4429 2120 4483; x_wconf 80' lang='lat' dir='ltr'><strong>Po-</strong></span> 
     </span>
    </p>
   </div>
   <div class='ocr_carea' id='block_1_46' title="bbox 552 4519 2118 4589">
    <p class='ocr_par' dir='ltr' id='par_1_46' title="bbox 552 4519 2118 4589">
     <span class='ocr_line' id='line_1_46' title="bbox 552 4519 2118 4589; baseline 0 -15"><span class='ocrx_word' id='word_1_362' title='bbox 552 4520 652 4574; x_wconf 91' lang='lat' dir='ltr'><strong>tuit</strong></span> <span class='ocrx_word' id='word_1_363' title='bbox 676 4519 816 4573; x_wconf 88' lang='lat' dir='ltr'><strong>enim</strong></span> <span class='ocrx_word' id='word_1_364' title='bbox 840 4519 941 4578; x_wconf 84' lang='lat' dir='ltr'><strong>dici</strong></span> <span class='ocrx_word' id='word_1_365' title='bbox 965 4527 1018 4572; x_wconf 91' lang='lat' dir='ltr'><strong>et</strong></span> <span class='ocrx_word' id='word_1_366' title='bbox 1037 4519 1200 4588; x_wconf 84' lang='lat' dir='ltr'><strong>gloria</strong></span> <span class='ocrx_word' id='word_1_367' title='bbox 1221 4519 1428 4573; x_wconf 89' lang='lat' dir='ltr'><strong>decoris</strong></span> <span class='ocrx_word' id='word_1_368' title='bbox 1448 4519 1727 4588; x_wconf 82' lang='lat' dir='ltr'><strong>cujuslibet</strong></span> <span class='ocrx_word' id='word_1_369' title='bbox 1747 4520 1938 4589; x_wconf 90' lang='lat' dir='ltr'><strong>speciei</strong></span> <span class='ocrx_word' id='word_1_370' title='bbox 1962 4519 2118 4574; x_wconf 90' lang='lat' dir='ltr'><strong>etiam</strong></span> 
     </span>
    </p>
   </div>
   <div class='ocr_carea' id='block_1_47' title="bbox 551 4609 2118 4676">
    <p class='ocr_par' dir='ltr' id='par_1_47' title="bbox 551 4609 2118 4676">
     <span class='ocr_line' id='line_1_47' title="bbox 551 4609 2118 4676; baseline -0.001 -11"><span class='ocrx_word' id='word_1_371' title='bbox 551 4612 603 4665; x_wconf 92' lang='lat' dir='ltr'><strong>in</strong></span> <span class='ocrx_word' id='word_1_372' title='bbox 633 4611 730 4664; x_wconf 88' lang='lat' dir='ltr'><strong>hoc</strong></span> <span class='ocrx_word' id='word_1_373' title='bbox 759 4609 954 4664; x_wconf 90' lang='lat' dir='ltr'><strong>mundo</strong></span> <span class='ocrx_word' id='word_1_374' title='bbox 982 4610 1276 4663; x_wconf 76' lang='lat' dir='ltr'><strong>constituta:</strong></span> <span class='ocrx_word' id='word_1_375' title='bbox 1299 4648 1311 4671; x_wconf 95' lang='lat'><strong>,</strong></span> <span class='ocrx_word' id='word_1_376' title='bbox 1342 4609 1425 4663; x_wconf 72' lang='lat' dir='ltr'><strong>vel</strong></span> <span class='ocrx_word' id='word_1_377' title='bbox 1452 4609 1517 4663; x_wconf 91' lang='lat' dir='ltr'><strong>de</strong></span> <span class='ocrx_word' id='word_1_378' title='bbox 1545 4619 1682 4664; x_wconf 86' lang='lat' dir='ltr'><strong>terra</strong></span> <span class='ocrx_word' id='word_1_379' title='bbox 1712 4609 1928 4664; x_wconf 85' lang='lat' dir='ltr'><strong>virentis</strong></span> <span class='ocrx_word' id='word_1_380' title='bbox 1954 4611 1971 4641; x_wconf 79' lang='grc' dir='ltr'>ί</span> <span class='ocrx_word' id='word_1_381' title='bbox 1995 4651 2009 4676; x_wconf 95' lang='grc'><strong>,</strong></span> <span class='ocrx_word' id='word_1_382' title='bbox 2037 4609 2118 4664; x_wconf 86' lang='lat' dir='ltr'><strong>vel</strong></span> 
     </span>
    </p>
   </div>
   <div class='ocr_carea' id='block_1_48' title="bbox 549 4699 2115 4772">
    <p class='ocr_par' dir='ltr' id='par_1_48' title="bbox 549 4699 2115 4772">
     <span class='ocr_line' id='line_1_48' title="bbox 549 4699 2115 4772; baseline -0.003 -16"><span class='ocrx_word' id='word_1_383' title='bbox 549 4703 615 4757; x_wconf 91' lang='lat' dir='ltr'><strong>de</strong></span> <span class='ocrx_word' id='word_1_384' title='bbox 644 4704 780 4758; x_wconf 76' lang='lat' dir='ltr'><strong>cmlo</strong></span> <span class='ocrx_word' id='word_1_385' title='bbox 809 4701 1053 4772; x_wconf 79' lang='lat' dir='ltr'><strong>fulgentis</strong></span> <span class='ocrx_word' id='word_1_386' title='bbox 1083 4717 1094 4753; x_wconf 91' lang='lat'><strong>:</strong></span> <span class='ocrx_word' id='word_1_387' title='bbox 1127 4699 1218 4754; x_wconf 90' lang='lat' dir='ltr'><strong>sed</strong></span> <span class='ocrx_word' id='word_1_388' title='bbox 1245 4699 1606 4769; x_wconf 80' lang='lat' dir='ltr'><strong>magnitudinis</strong></span> <span class='ocrx_word' id='word_1_389' title='bbox 1632 4699 1822 4754; x_wconf 85' lang='lat' dir='ltr'><strong>decoris</strong></span> <span class='ocrx_word' id='word_1_390' title='bbox 1845 4701 1986 4770; x_wconf 85' lang='lat' dir='ltr'><strong>regni</strong></span> <span class='ocrx_word' id='word_1_391' title='bbox 2008 4700 2082 4753; x_wconf 89' lang='lat' dir='ltr'><strong>tui</strong></span> <span class='ocrx_word' id='word_1_392' title='bbox 2100 4741 2115 4765; x_wconf 93' lang='lat'><strong>,</strong></span> 
     </span>
    </p>
   </div>
   <div class='ocr_carea' id='block_1_49' title="bbox 549 4791 2122 4868">
    <p class='ocr_par' dir='ltr' id='par_1_49' title="bbox 549 4791 2122 4868">
     <span class='ocr_line' id='line_1_49' title="bbox 549 4791 2122 4868; baseline -0.003 -18"><span class='ocrx_word' id='word_1_393' title='bbox 549 4797 744 4868; x_wconf 87' lang='lat' dir='ltr'><strong>aliquid</strong></span> <span class='ocrx_word' id='word_1_394' title='bbox 767 4794 1103 4851; x_wconf 88' lang='lat' dir='ltr'><strong>commendat</strong></span> <span class='ocrx_word' id='word_1_395' title='bbox 1125 4791 1262 4863; x_wconf 90' lang='lat' dir='ltr'><strong>quod</strong></span> <span class='ocrx_word' id='word_1_396' title='bbox 1289 4792 1518 4846; x_wconf 91' lang='lat' dir='ltr'><strong>nondum</strong></span> <span class='ocrx_word' id='word_1_397' title='bbox 1543 4791 1802 4857; x_wconf 86' lang='lat' dir='ltr'><strong>videmus,</strong></span> <span class='ocrx_word' id='word_1_398' title='bbox 1827 4794 1966 4862; x_wconf 89' lang='lat' dir='ltr'><strong>quod</strong></span> <span class='ocrx_word' id='word_1_399' title='bbox 1989 4808 2122 4848; x_wconf 80' lang='lat' dir='ltr'><strong>non-</strong></span> 
     </span>
    </p>
   </div>
   <div class='ocr_carea' id='block_1_50' title="bbox 550 4882 2117 4953">
    <p class='ocr_par' dir='ltr' id='par_1_50' title="bbox 550 4882 2117 4953">
     <span class='ocr_line' id='line_1_50' title="bbox 550 4882 2117 4953; baseline -0.001 -11"><span class='ocrx_word' id='word_1_400' title='bbox 550 4888 674 4942; x_wconf 93' lang='lat' dir='ltr'><strong>dum</strong></span> <span class='ocrx_word' id='word_1_401' title='bbox 715 4888 882 4940; x_wconf 86' lang='lat' dir='ltr'><strong>visum</strong></span> <span class='ocrx_word' id='word_1_402' title='bbox 918 4885 1215 4948; x_wconf 89' lang='lat' dir='ltr'><strong>credimus,</strong></span> <span class='ocrx_word' id='word_1_403' title='bbox 1251 4882 1391 4953; x_wconf 92' lang='lat' dir='ltr'><strong>quod</strong></span> <span class='ocrx_word' id='word_1_404' title='bbox 1424 4882 1681 4938; x_wconf 86' lang='lat' dir='ltr'><strong>creditum</strong></span> <span class='ocrx_word' id='word_1_405' title='bbox 1720 4883 2117 4953; x_wconf 87' lang='lat' dir='ltr'><strong>desideramus,</strong></span> 
     </span>
    </p>
   </div>
   <div class='ocr_carea' id='block_1_51' title="bbox 550 4974 2120 5048">
    <p class='ocr_par' dir='ltr' id='par_1_51' title="bbox 550 4974 2120 5048">
     <span class='ocr_line' id='line_1_51' title="bbox 550 4974 2120 5048; baseline 0 -16"><span class='ocrx_word' id='word_1_406' title='bbox 550 4986 765 5048; x_wconf 82' lang='lat' dir='ltr'><strong>propter</strong></span> <span class='ocrx_word' id='word_1_407' title='bbox 792 4978 940 5047; x_wconf 79' lang='lat' dir='ltr'><strong>ettjus</strong></span> <span class='ocrx_word' id='word_1_408' title='bbox 967 4976 1288 5031; x_wconf 85' lang='lat' dir='ltr'><strong>desiderium</strong></span> <span class='ocrx_word' id='word_1_409' title='bbox 1317 4974 1492 5028; x_wconf 86' lang='lat' dir='ltr'><strong>omnia</strong></span> <span class='ocrx_word' id='word_1_410' title='bbox 1513 4975 1853 5029; x_wconf 88' lang='lat' dir='ltr'><strong>sustinemus.</strong></span> <span class='ocrx_word' id='word_1_411' title='bbox 1877 4976 1970 5030; x_wconf 88' lang='lat' dir='ltr'><strong>Est</strong></span> <span class='ocrx_word' id='word_1_412' title='bbox 1993 4993 2120 5046; x_wconf 86' lang='lat' dir='ltr'><strong>ergo</strong></span> 
     </span>
    </p>
   </div>
   <div class='ocr_carea' id='block_1_52' title="bbox 552 5066 2120 5140">
    <p class='ocr_par' dir='ltr' id='par_1_52' title="bbox 552 5066 2120 5140">
     <span class='ocr_line' id='line_1_52' title="bbox 552 5066 2120 5140; baseline -0.002 -15"><span class='ocrx_word' id='word_1_413' title='bbox 552 5069 854 5140; x_wconf 87' lang='lat' dir='ltr'><strong>magnitudo</strong></span> <span class='ocrx_word' id='word_1_414' title='bbox 874 5069 1080 5123; x_wconf 92' lang='lat' dir='ltr'><strong>decoris</strong></span> <span class='ocrx_word' id='word_1_415' title='bbox 1100 5066 1370 5136; x_wconf 83' lang='lat' dir='ltr'><strong>cujusdam</strong></span> <span class='ocrx_word' id='word_1_416' title='bbox 1393 5085 1405 5119; x_wconf 88' lang='lat'><strong>:</strong></span> <span class='ocrx_word' id='word_1_417' title='bbox 1425 5075 1629 5121; x_wconf 89' lang='lat' dir='ltr'><strong>ametur</strong></span> <span class='ocrx_word' id='word_1_418' title='bbox 1643 5075 1921 5136; x_wconf 86' lang='lat' dir='ltr'><strong>antequam</strong></span> <span class='ocrx_word' id='word_1_419' title='bbox 1946 5067 2120 5122; x_wconf 80' lang='lat' dir='ltr'><strong>videa-</strong></span> 
     </span>
    </p>
   </div>
   <div class='ocr_carea' id='block_1_53' title="bbox 553 5157 1486 5223">
    <p class='ocr_par' dir='ltr' id='par_1_53' title="bbox 553 5157 1486 5223">
     <span class='ocr_line' id='line_1_53' title="bbox 553 5157 1486 5223; baseline -0.003 -12"><span class='ocrx_word' id='word_1_420' title='bbox 553 5169 656 5223; x_wconf 89' lang='lat' dir='ltr'><strong>tur,</strong></span> <span class='ocrx_word' id='word_1_421' title='bbox 686 5167 744 5210; x_wconf 90' lang='lat' dir='ltr'><strong>ut</strong></span> <span class='ocrx_word' id='word_1_422' title='bbox 769 5173 886 5211; x_wconf 83' lang='lat' dir='ltr'><strong>cum</strong></span> <span class='ocrx_word' id='word_1_423' title='bbox 913 5157 1022 5210; x_wconf 90' lang='lat' dir='ltr'><strong>visa</strong></span> <span class='ocrx_word' id='word_1_424' title='bbox 1053 5157 1205 5211; x_wconf 82' lang='lat' dir='ltr'><strong>fuerit.</strong></span> <span class='ocrx_word' id='word_1_425' title='bbox 1230 5166 1486 5210; x_wconf 90' lang='lat' dir='ltr'><strong>teneatur.</strong></span> 
     </span>
    </p>
   </div>
   <div class='ocr_carea' id='block_1_54' title="bbox 621 5246 2120 5320">
    <p class='ocr_par' dir='ltr' id='par_1_54' title="bbox 621 5246 2120 5320">
     <span class='ocr_line' id='line_1_54' title="bbox 621 5246 2120 5320; baseline -0.001 -16"><span class='ocrx_word' id='word_1_426' title='bbox 621 5248 706 5304; x_wconf 76' lang='grc'><strong>16.</strong></span> <span class='ocrx_word' id='word_1_427' title='bbox 750 5248 898 5320; x_wconf 83' lang='lat' dir='ltr'><strong>[vers.</strong></span> <span class='ocrx_word' id='word_1_428' title='bbox 943 5247 1055 5320; x_wconf 69' lang='lat'><strong>15.]</strong></span> <span class='ocrx_word' id='word_1_429' title='bbox 1097 5249 1324 5317; x_wconf 76' lang='lat' dir='ltr'><strong>Regnum</strong></span> <span class='ocrx_word' id='word_1_430' title='bbox 1349 5257 1509 5300; x_wconf 88' lang='lat' dir='ltr'><strong>tuum.</strong></span> <span class='ocrx_word' id='word_1_431' title='bbox 1538 5246 1684 5314; x_wconf 89' lang='lat' dir='ltr'><strong>Quod</strong></span> <span class='ocrx_word' id='word_1_432' title='bbox 1713 5261 1928 5317; x_wconf 86' lang='lat' dir='ltr'><strong>regnum</strong></span> <span class='ocrx_word' id='word_1_433' title='bbox 1958 5247 2120 5302; x_wconf 85' lang='lat' dir='ltr'><strong>dico?</strong></span> 
     </span>
    </p>
   </div>
   <div class='ocr_carea' id='block_1_55' title="bbox 550 5337 2118 5413">
    <p class='ocr_par' dir='ltr' id='par_1_55' title="bbox 550 5337 2118 5413">
     <span class='ocr_line' id='line_1_55' title="bbox 550 5337 2118 5413; baseline -0.001 -18"><span class='ocrx_word' id='word_1_434' title='bbox 550 5341 778 5413; x_wconf 81' lang='lat' dir='ltr'><strong>Regnum</strong></span> <span class='ocrx_word' id='word_1_435' title='bbox 822 5339 1044 5393; x_wconf 87' lang='lat' dir='ltr'><strong>omnium</strong></span> <span class='ocrx_word' id='word_1_436' title='bbox 1085 5341 1405 5392; x_wconf 73' lang='lat' dir='ltr'><strong>saeculorum.</strong></span> <span class='ocrx_word' id='word_1_437' title='bbox 1447 5338 1574 5392; x_wconf 87' lang='lat' dir='ltr'><strong>Nam</strong></span> <span class='ocrx_word' id='word_1_438' title='bbox 1611 5347 1665 5392; x_wconf 89' lang='lat' dir='ltr'><strong>et</strong></span> <span class='ocrx_word' id='word_1_439' title='bbox 1706 5354 1921 5408; x_wconf 87' lang='lat' dir='ltr'><strong>regnum</strong></span> <span class='ocrx_word' id='word_1_440' title='bbox 1965 5337 2118 5409; x_wconf 83' lang='lat' dir='ltr'><strong>hujus</strong></span> 
     </span>
    </p>
   </div>
   <div class='ocr_carea' id='block_1_56' title="bbox 547 5428 2113 5498">
    <p class='ocr_par' dir='ltr' id='par_1_56' title="bbox 547 5428 2113 5498">
     <span class='ocr_line' id='line_1_56' title="bbox 547 5428 2113 5498; baseline -0.003 -10"><span class='ocrx_word' id='word_1_441' title='bbox 547 5433 725 5488; x_wconf 83' lang='lat' dir='ltr'><strong>saeculi</strong></span> <span class='ocrx_word' id='word_1_442' title='bbox 771 5430 926 5485; x_wconf 87' lang='lat' dir='ltr'><strong>habet</strong></span> <span class='ocrx_word' id='word_1_443' title='bbox 960 5428 1204 5484; x_wconf 87' lang='lat' dir='ltr'><strong>decorem</strong></span> <span class='ocrx_word' id='word_1_444' title='bbox 1233 5443 1426 5494; x_wconf 88' lang='lat' dir='ltr'><strong>suum;</strong></span> <span class='ocrx_word' id='word_1_445' title='bbox 1454 5428 1544 5482; x_wconf 90' lang='lat' dir='ltr'><strong>sed</strong></span> <span class='ocrx_word' id='word_1_446' title='bbox 1574 5443 1678 5483; x_wconf 91' lang='lat' dir='ltr'><strong>non</strong></span> <span class='ocrx_word' id='word_1_447' title='bbox 1709 5438 1788 5483; x_wconf 90' lang='lat' dir='ltr'><strong>est</strong></span> <span class='ocrx_word' id='word_1_448' title='bbox 1814 5428 1882 5482; x_wconf 87' lang='lat' dir='ltr'><strong>ibi</strong></span> <span class='ocrx_word' id='word_1_449' title='bbox 1913 5431 2113 5498; x_wconf 55' lang='lat' dir='ltr'><strong>magni.</strong></span> 
     </span>
    </p>
   </div>
   <div class='ocr_carea' id='block_1_57' title="bbox 550 5518 2119 5588">
    <p class='ocr_par' dir='ltr' id='par_1_57' title="bbox 550 5518 2119 5588">
     <span class='ocr_line' id='line_1_57' title="bbox 550 5518 2119 5588; baseline -0.003 -11"><span class='ocrx_word' id='word_1_450' title='bbox 550 5523 674 5577; x_wconf 90' lang='lat' dir='ltr'><strong>tudo</strong></span> <span class='ocrx_word' id='word_1_451' title='bbox 706 5522 789 5576; x_wconf 84' lang='lat' dir='ltr'><strong>illa</strong></span> <span class='ocrx_word' id='word_1_452' title='bbox 820 5518 1048 5581; x_wconf 83' lang='lat' dir='ltr'><strong>deceris,</strong></span> <span class='ocrx_word' id='word_1_453' title='bbox 1071 5518 1238 5588; x_wconf 88' lang='lat' dir='ltr'><strong>qualis</strong></span> <span class='ocrx_word' id='word_1_454' title='bbox 1264 5526 1346 5572; x_wconf 84' lang='lat' dir='ltr'><strong>est</strong></span> <span class='ocrx_word' id='word_1_455' title='bbox 1373 5520 1424 5572; x_wconf 91' lang='lat' dir='ltr'><strong>in</strong></span> <span class='ocrx_word' id='word_1_456' title='bbox 1452 5533 1613 5588; x_wconf 86' lang='lat' dir='ltr'><strong>regno</strong></span> <span class='ocrx_word' id='word_1_457' title='bbox 1639 5518 1872 5573; x_wconf 89' lang='lat' dir='ltr'><strong>omnium</strong></span> <span class='ocrx_word' id='word_1_458' title='bbox 1897 5521 2119 5574; x_wconf 68' lang='lat' dir='ltr'><strong>saeculo-</strong></span> 
     </span>
    </p>
   </div>
   <div class='ocr_carea' id='block_1_58' title="bbox 544 5607 2119 5680">
    <p class='ocr_par' dir='ltr' id='par_1_58' title="bbox 544 5607 2119 5680">
     <span class='ocr_line' id='line_1_58' title="bbox 544 5607 2119 5680; baseline -0.003 -12"><span class='ocrx_word' id='word_1_459' title='bbox 544 5624 683 5668; x_wconf 81' lang='lat' dir='ltr'><strong>rum.</strong></span> <span class='ocrx_word' id='word_1_460' title='bbox 717 5612 778 5666; x_wconf 81' lang='lat' dir='ltr'><strong>Et</strong></span> <span class='ocrx_word' id='word_1_461' title='bbox 803 5610 1076 5665; x_wconf 86' lang='lat' dir='ltr'><strong>dominatio</strong></span> <span class='ocrx_word' id='word_1_462' title='bbox 1102 5617 1187 5662; x_wconf 90' lang='lat' dir='ltr'><strong>tua</strong></span> <span class='ocrx_word' id='word_1_463' title='bbox 1207 5607 1259 5660; x_wconf 84' lang='lat' dir='ltr'><strong>in</strong></span> <span class='ocrx_word' id='word_1_464' title='bbox 1283 5609 1419 5661; x_wconf 87' lang='lat' dir='ltr'><strong>omni</strong></span> <span class='ocrx_word' id='word_1_465' title='bbox 1438 5609 1749 5680; x_wconf 84' lang='lat' dir='ltr'><strong>generatione</strong></span> <span class='ocrx_word' id='word_1_466' title='bbox 1770 5619 1816 5664; x_wconf 84' lang='lat' dir='ltr'><strong>et</strong></span> <span class='ocrx_word' id='word_1_467' title='bbox 1842 5611 2119 5679; x_wconf 78' lang='lat' dir='ltr'><strong>generatio-</strong></span> 
     </span>
    </p>
   </div>
   <div class='ocr_carea' id='block_1_59' title="bbox 549 5685 2115 5770">
    <p class='ocr_par' dir='ltr' id='par_1_59' title="bbox 549 5685 2115 5770">
     <span class='ocr_line' id='line_1_59' title="bbox 549 5685 2115 5770; baseline -0.001 -13"><span class='ocrx_word' id='word_1_468' title='bbox 549 5718 626 5757; x_wconf 83' lang='lat' dir='ltr'><strong>ne.</strong></span> <span class='ocrx_word' id='word_1_469' title='bbox 662 5701 784 5757; x_wconf 72' lang='lat' dir='ltr'><strong>llmc</strong></span> <span class='ocrx_word' id='word_1_470' title='bbox 822 5685 904 5756; x_wconf 81' lang='lat' dir='ltr'><strong>est</strong></span> <span class='ocrx_word' id='word_1_471' title='bbox 941 5702 1025 5756; x_wconf 90' lang='lat' dir='ltr'><strong>illa</strong></span> <span class='ocrx_word' id='word_1_472' title='bbox 1055 5698 1300 5770; x_wconf 89' lang='lat' dir='ltr'><strong>repetitio</strong></span> <span class='ocrx_word' id='word_1_473' title='bbox 1324 5739 1337 5761; x_wconf 91' lang='lat'><strong>,</strong></span> <span class='ocrx_word' id='word_1_474' title='bbox 1369 5698 1452 5752; x_wconf 80' lang='lat' dir='ltr'><strong>vel</strong></span> <span class='ocrx_word' id='word_1_475' title='bbox 1481 5713 1692 5753; x_wconf 87' lang='lat' dir='ltr'><strong>omnem</strong></span> <span class='ocrx_word' id='word_1_476' title='bbox 1721 5701 2115 5768; x_wconf 82' lang='lat' dir='ltr'><strong>generationem</strong></span> 
     </span>
    </p>
   </div>
   <div class='ocr_carea' id='block_1_60' title="bbox 611 5801 1928 5868">
    <p class='ocr_par' dir='ltr' id='par_1_60' title="bbox 611 5801 1928 5868">
     <span class='ocr_line' id='line_1_60' title="bbox 611 5801 1928 5868; baseline -0.002 -8"><span class='ocrx_word' id='word_1_477' title='bbox 611 5815 625 5846; x_wconf 80' lang='grc' dir='ltr'><strong>ι</strong></span> <span class='ocrx_word' id='word_1_478' title='bbox 661 5819 791 5868; x_wconf 73' lang='grc' dir='ltr'>ιον..</span> <span class='ocrx_word' id='word_1_479' title='bbox 816 5809 1005 5861; x_wconf 69' lang='lat' dir='ltr'><strong>urentis</strong></span> <span class='ocrx_word' id='word_1_480' title='bbox 1033 5823 1049 5860; x_wconf 95' lang='lat'><strong><em>:</em></strong></span> <span class='ocrx_word' id='word_1_481' title='bbox 1073 5808 1473 5860; x_wconf 63' lang='lat' dir='ltr'><strong>dissentientium</strong></span> <span class='ocrx_word' id='word_1_482' title='bbox 1491 5801 1599 5844; x_wconf 66' lang='lat' dir='ltr'><strong>Et“.</strong></span> <span class='ocrx_word' id='word_1_483' title='bbox 1625 5806 1732 5852; x_wconf 75' lang='lat' dir='ltr'><strong>aliis</strong></span> <span class='ocrx_word' id='word_1_484' title='bbox 1755 5819 1804 5856; x_wconf 80' lang='lat' dir='ltr'><strong>ot</strong></span> <span class='ocrx_word' id='word_1_485' title='bbox 1827 5817 1928 5859; x_wconf 74' lang='lat' dir='ltr'><strong>uss.</strong></span> 
     </span>
    </p>
   </div>
   <div class='ocr_carea' id='block_1_61' title="bbox 1797 395 2583 455">
    <p class='ocr_par' dir='ltr' id='par_1_61' title="bbox 1797 395 2583 455">
     <span class='ocr_line' id='line_1_61' title="bbox 1797 395 2583 455; baseline -0.001 -2"><span class='ocrx_word' id='word_1_486' title='bbox 1797 397 1853 453; x_wconf 76' lang='grc'><strong>8.</strong></span> <span class='ocrx_word' id='word_1_487' title='bbox 1894 395 2253 455; x_wconf 75' lang='lat' dir='ltr'><strong>AUGUSTINI</strong></span> <span class='ocrx_word' id='word_1_488' title='bbox 2287 397 2583 455; x_wconf 81' lang='lat' dir='ltr'><strong>EPISCOPI</strong></span> 
     </span>
    </p>
   </div>
   <div class='ocr_carea' id='block_1_62' title="bbox 3685 411 3827 467">
    <p class='ocr_par' dir='ltr' id='par_1_62' title="bbox 3685 411 3827 467">
     <span class='ocr_line' id='line_1_62' title="bbox 3685 411 3827 467; baseline 0.007 -1"><span class='ocrx_word' id='word_1_489' title='bbox 3685 411 3706 466; x_wconf 74' lang='grc' dir='ltr'><strong>Ι</strong></span> <span class='ocrx_word' id='word_1_490' title='bbox 3719 411 3827 467; x_wconf 62' lang='grc' dir='ltr'><strong>δε.</strong></span> 
     </span>
    </p>
   </div>
   <div class='ocr_carea' id='block_1_63' title="bbox 2250 511 3825 592">
    <p class='ocr_par' dir='ltr' id='par_1_63' title="bbox 2250 511 3825 592">
     <span class='ocr_line' id='line_1_63' title="bbox 2250 511 3825 592; baseline 0.01 -29"><span class='ocrx_word' id='word_1_491' title='bbox 2250 511 2570 579; x_wconf 82' lang='lat' dir='ltr'><strong>signiﬁcans,</strong></span> <span class='ocrx_word' id='word_1_492' title='bbox 2596 512 2674 566; x_wconf 80' lang='lat' dir='ltr'><strong>vel</strong></span> <span class='ocrx_word' id='word_1_493' title='bbox 2699 514 3092 582; x_wconf 85' lang='lat' dir='ltr'><strong>generationem</strong></span> <span class='ocrx_word' id='word_1_494' title='bbox 3119 514 3260 571; x_wconf 83' lang='lat' dir='ltr'><strong>illaut</strong></span> <span class='ocrx_word' id='word_1_495' title='bbox 3283 534 3397 588; x_wconf 74' lang='lat' dir='ltr'><strong>qua:</strong></span> <span class='ocrx_word' id='word_1_496' title='bbox 3416 521 3517 575; x_wconf 88' lang='lat' dir='ltr'><strong>erit</strong></span> <span class='ocrx_word' id='word_1_497' title='bbox 3535 533 3654 592; x_wconf 89' lang='lat' dir='ltr'><strong>post</strong></span> <span class='ocrx_word' id='word_1_498' title='bbox 3679 515 3825 579; x_wconf 77' lang='lat' dir='ltr'><strong>hanc</strong></span> 
     </span>
    </p>
   </div>
   <div class='ocr_carea' id='block_1_64' title="bbox 2245 604 2662 671">
    <p class='ocr_par' dir='ltr' id='par_1_64' title="bbox 2245 604 2662 671">
     <span class='ocr_line' id='line_1_64' title="bbox 2245 604 2662 671; baseline 0.002 -16"><span class='ocrx_word' id='word_1_499' title='bbox 2245 604 2662 671; x_wconf 80' lang='lat' dir='ltr'><strong>generationem.</strong></span> 
     </span>
    </p>
   </div>
   <div class='ocr_carea' id='block_1_65' title="bbox 2319 691 3824 762">
    <p class='ocr_par' dir='ltr' id='par_1_65' title="bbox 2319 691 3824 762">
     <span class='ocr_line' id='line_1_65' title="bbox 2319 691 3824 762; baseline 0.01 -17"><span class='ocrx_word' id='word_1_500' title='bbox 2319 693 2402 745; x_wconf 83' lang='lat' dir='ltr'><strong>l7.</strong></span> <span class='ocrx_word' id='word_1_501' title='bbox 2449 691 2639 747; x_wconf 82' lang='lat' dir='ltr'><strong>Fidelis</strong></span> <span class='ocrx_word' id='word_1_502' title='bbox 2665 693 2910 749; x_wconf 86' lang='lat' dir='ltr'><strong>Dominus</strong></span> <span class='ocrx_word' id='word_1_503' title='bbox 2935 695 2985 750; x_wconf 87' lang='lat' dir='ltr'><strong>in</strong></span> <span class='ocrx_word' id='word_1_504' title='bbox 3012 697 3168 751; x_wconf 74' lang='lat' dir='ltr'><strong>verbis</strong></span> <span class='ocrx_word' id='word_1_505' title='bbox 3194 698 3312 762; x_wconf 84' lang='lat' dir='ltr'><strong>suis.</strong></span> <span class='ocrx_word' id='word_1_506' title='bbox 3343 707 3388 754; x_wconf 85' lang='lat' dir='ltr'><strong>et</strong></span> <span class='ocrx_word' id='word_1_507' title='bbox 3407 711 3601 758; x_wconf 85' lang='lat' dir='ltr'><strong>sanctus</strong></span> <span class='ocrx_word' id='word_1_508' title='bbox 3623 705 3680 759; x_wconf 85' lang='lat' dir='ltr'><strong>in</strong></span> <span class='ocrx_word' id='word_1_509' title='bbox 3703 722 3824 759; x_wconf 81' lang='lat' dir='ltr'><strong>om-</strong></span> 
     </span>
    </p>
   </div>
   <div class='ocr_carea' id='block_1_66' title="bbox 2247 782 3826 866">
    <p class='ocr_par' dir='ltr' id='par_1_66' title="bbox 2247 782 3826 866">
     <span class='ocr_line' id='line_1_66' title="bbox 2247 782 3826 866; baseline 0.011 -33"><span class='ocrx_word' id='word_1_510' title='bbox 2247 782 2388 835; x_wconf 75' lang='lat' dir='ltr'><strong>nibus</strong></span> <span class='ocrx_word' id='word_1_511' title='bbox 2407 783 2637 852; x_wconf 82' lang='lat' dir='ltr'><strong>aperibus</strong></span> <span class='ocrx_word' id='word_1_512' title='bbox 2658 785 2779 837; x_wconf 83' lang='lat' dir='ltr'><strong>suis.</strong></span> <span class='ocrx_word' id='word_1_513' title='bbox 2807 785 2999 839; x_wconf 78' lang='lat' dir='ltr'><strong>Fidelis</strong></span> <span class='ocrx_word' id='word_1_514' title='bbox 3018 787 3266 842; x_wconf 85' lang='lat' dir='ltr'><strong>Dominus</strong></span> <span class='ocrx_word' id='word_1_515' title='bbox 3285 790 3336 842; x_wconf 88' lang='lat' dir='ltr'><strong>in</strong></span> <span class='ocrx_word' id='word_1_516' title='bbox 3359 791 3512 846; x_wconf 84' lang='lat' dir='ltr'><strong>verbis</strong></span> <span class='ocrx_word' id='word_1_517' title='bbox 3529 796 3630 848; x_wconf 85' lang='lat' dir='ltr'><strong>suis</strong></span> <span class='ocrx_word' id='word_1_518' title='bbox 3652 811 3674 849; x_wconf 92' lang='lat'><strong><em>:</em></strong></span> <span class='ocrx_word' id='word_1_519' title='bbox 3689 797 3826 866; x_wconf 83' lang='lat' dir='ltr'><strong>quid</strong></span> 
     </span>
    </p>
   </div>
   <div class='ocr_carea' id='block_1_67' title="bbox 2245 874 3827 944">
    <p class='ocr_par' dir='ltr' id='par_1_67' title="bbox 2245 874 3827 944">
     <span class='ocr_line' id='line_1_67' title="bbox 2245 874 3827 944; baseline 0.01 -18"><span class='ocrx_word' id='word_1_520' title='bbox 2245 874 2384 927; x_wconf 89' lang='lat' dir='ltr'><strong>enim</strong></span> <span class='ocrx_word' id='word_1_521' title='bbox 2415 877 2672 944; x_wconf 87' lang='lat' dir='ltr'><strong>promisit,</strong></span> <span class='ocrx_word' id='word_1_522' title='bbox 2705 885 2754 930; x_wconf 89' lang='lat' dir='ltr'><strong>et</strong></span> <span class='ocrx_word' id='word_1_523' title='bbox 2779 893 2879 930; x_wconf 92' lang='lat' dir='ltr'><strong>non</strong></span> <span class='ocrx_word' id='word_1_524' title='bbox 2901 877 3083 931; x_wconf 74' lang='lat' dir='ltr'><strong>dedit?</strong></span> <span class='ocrx_word' id='word_1_525' title='bbox 3110 879 3301 934; x_wconf 77' lang='lat' dir='ltr'><strong>Fidelis</strong></span> <span class='ocrx_word' id='word_1_526' title='bbox 3327 881 3560 939; x_wconf 86' lang='lat' dir='ltr'><strong>Dominus</strong></span> <span class='ocrx_word' id='word_1_527' title='bbox 3578 889 3629 940; x_wconf 88' lang='lat' dir='ltr'><strong>in</strong></span> <span class='ocrx_word' id='word_1_528' title='bbox 3653 888 3827 944; x_wconf 69' lang='lat' dir='ltr'><strong>verbis</strong></span> 
     </span>
    </p>
   </div>
   <div class='ocr_carea' id='block_1_68' title="bbox 2241 964 3826 1038">
    <p class='ocr_par' dir='ltr' id='par_1_68' title="bbox 2241 964 3826 1038">
     <span class='ocr_line' id='line_1_68' title="bbox 2241 964 3826 1038; baseline 0.011 -23"><span class='ocrx_word' id='word_1_529' title='bbox 2241 964 2364 1015; x_wconf 86' lang='lat' dir='ltr'><strong>suis.</strong></span> <span class='ocrx_word' id='word_1_530' title='bbox 2411 964 2592 1018; x_wconf 78' lang='lat' dir='ltr'><strong>Adhuc</strong></span> <span class='ocrx_word' id='word_1_531' title='bbox 2629 967 2866 1033; x_wconf 68' lang='lat' dir='ltr'><strong>quardam</strong></span> <span class='ocrx_word' id='word_1_532' title='bbox 2897 968 3134 1034; x_wconf 84' lang='lat' dir='ltr'><strong>promisit</strong></span> <span class='ocrx_word' id='word_1_533' title='bbox 3163 979 3215 1022; x_wconf 90' lang='lat' dir='ltr'><strong>et</strong></span> <span class='ocrx_word' id='word_1_534' title='bbox 3243 985 3344 1023; x_wconf 93' lang='lat' dir='ltr'><strong>non</strong></span> <span class='ocrx_word' id='word_1_535' title='bbox 3374 972 3545 1038; x_wconf 89' lang='lat' dir='ltr'><strong>dedit;</strong></span> <span class='ocrx_word' id='word_1_536' title='bbox 3572 975 3668 1030; x_wconf 86' lang='lat' dir='ltr'><strong>sed</strong></span> <span class='ocrx_word' id='word_1_537' title='bbox 3697 991 3826 1031; x_wconf 81' lang='lat' dir='ltr'><strong>cre-</strong></span> 
     </span>
    </p>
   </div>
   <div class='ocr_carea' id='block_1_69' title="bbox 2243 1053 3824 1124">
    <p class='ocr_par' dir='ltr' id='par_1_69' title="bbox 2243 1053 3824 1124">
     <span class='ocr_line' id='line_1_69' title="bbox 2243 1053 3824 1124; baseline 0.009 -18"><span class='ocrx_word' id='word_1_538' title='bbox 2243 1053 2396 1108; x_wconf 89' lang='lat' dir='ltr'><strong>datur</strong></span> <span class='ocrx_word' id='word_1_539' title='bbox 2426 1055 2494 1108; x_wconf 89' lang='lat' dir='ltr'><strong>illi</strong></span> <span class='ocrx_word' id='word_1_540' title='bbox 2535 1072 2594 1107; x_wconf 77' lang='lat' dir='ltr'><strong>cx</strong></span> <span class='ocrx_word' id='word_1_541' title='bbox 2632 1055 2712 1110; x_wconf 91' lang='lat' dir='ltr'><strong>his</strong></span> <span class='ocrx_word' id='word_1_542' title='bbox 2743 1073 2858 1124; x_wconf 70' lang='lat' dir='ltr'><strong>qum</strong></span> <span class='ocrx_word' id='word_1_543' title='bbox 2889 1057 3052 1110; x_wconf 89' lang='lat' dir='ltr'><strong>dedit.</strong></span> <span class='ocrx_word' id='word_1_544' title='bbox 3084 1057 3272 1113; x_wconf 78' lang='lat' dir='ltr'><strong>Fidelis</strong></span> <span class='ocrx_word' id='word_1_545' title='bbox 3302 1059 3546 1117; x_wconf 86' lang='lat' dir='ltr'><strong>Dominus</strong></span> <span class='ocrx_word' id='word_1_546' title='bbox 3571 1066 3620 1119; x_wconf 86' lang='lat' dir='ltr'><strong>in</strong></span> <span class='ocrx_word' id='word_1_547' title='bbox 3651 1069 3824 1120; x_wconf 79' lang='lat' dir='ltr'><strong>verbis</strong></span> 
     </span>
    </p>
   </div>
   <div class='ocr_carea' id='block_1_70' title="bbox 2241 1147 3824 1212">
    <p class='ocr_par' dir='ltr' id='par_1_70' title="bbox 2241 1147 3824 1212">
     <span class='ocr_line' id='line_1_70' title="bbox 2241 1147 3824 1212; baseline 0.009 -15"><span class='ocrx_word' id='word_1_548' title='bbox 2241 1150 2360 1207; x_wconf 75' lang='lat' dir='ltr'><strong>suis.</strong></span> <span class='ocrx_word' id='word_1_549' title='bbox 2399 1147 2680 1201; x_wconf 82' lang='lat' dir='ltr'><strong>Possemus</strong></span> <span class='ocrx_word' id='word_1_550' title='bbox 2711 1148 2780 1201; x_wconf 89' lang='lat' dir='ltr'><strong>illi</strong></span> <span class='ocrx_word' id='word_1_551' title='bbox 2811 1149 3028 1203; x_wconf 84' lang='lat' dir='ltr'><strong>credere</strong></span> <span class='ocrx_word' id='word_1_552' title='bbox 3060 1152 3418 1206; x_wconf 88' lang='lat' dir='ltr'><strong>tantummodo</strong></span> <span class='ocrx_word' id='word_1_553' title='bbox 3447 1154 3635 1210; x_wconf 86' lang='lat' dir='ltr'><strong>dicenti</strong></span> <span class='ocrx_word' id='word_1_554' title='bbox 3673 1175 3689 1210; x_wconf 92' lang='lat'>:</span> <span class='ocrx_word' id='word_1_555' title='bbox 3719 1174 3824 1212; x_wconf 85' lang='lat' dir='ltr'><strong>no-</strong></span> 
     </span>
    </p>
   </div>
   <div class='ocr_carea' id='block_1_71' title="bbox 2241 1234 3822 1316">
    <p class='ocr_par' dir='ltr' id='par_1_71' title="bbox 2241 1234 3822 1316">
     <span class='ocr_line' id='line_1_71' title="bbox 2241 1234 3822 1316; baseline 0.009 -29"><span class='ocrx_word' id='word_1_556' title='bbox 2241 1234 2335 1287; x_wconf 92' lang='lat' dir='ltr'><strong>luit</strong></span> <span class='ocrx_word' id='word_1_557' title='bbox 2378 1236 2475 1290; x_wconf 88' lang='lat' dir='ltr'><strong>sibi</strong></span> <span class='ocrx_word' id='word_1_558' title='bbox 2517 1238 2658 1290; x_wconf 87' lang='lat' dir='ltr'><strong>credi</strong></span> <span class='ocrx_word' id='word_1_559' title='bbox 2702 1239 2897 1292; x_wconf 80' lang='lat' dir='ltr'><strong>dicenti</strong></span> <span class='ocrx_word' id='word_1_560' title='bbox 2927 1279 2942 1302; x_wconf 93' lang='lat'><strong>,</strong></span> <span class='ocrx_word' id='word_1_561' title='bbox 2975 1239 3064 1292; x_wconf 88' lang='lat' dir='ltr'><strong>sed</strong></span> <span class='ocrx_word' id='word_1_562' title='bbox 3098 1241 3258 1293; x_wconf 79' lang='lat' dir='ltr'><strong>voluit</strong></span> <span class='ocrx_word' id='word_1_563' title='bbox 3291 1244 3455 1297; x_wconf 86' lang='lat' dir='ltr'><strong>teneri</strong></span> <span class='ocrx_word' id='word_1_564' title='bbox 3482 1245 3822 1316; x_wconf 88' lang='lat' dir='ltr'><strong>Scripturam</strong></span> 
     </span>
    </p>
   </div>
   <div class='ocr_carea' id='block_1_72' title="bbox 2239 1328 3820 1408">
    <p class='ocr_par' dir='ltr' id='par_1_72' title="bbox 2239 1328 3820 1408">
     <span class='ocr_line' id='line_1_72' title="bbox 2239 1328 3820 1408; baseline 0.01 -31"><span class='ocrx_word' id='word_1_565' title='bbox 2239 1339 2386 1378; x_wconf 77' lang='lat' dir='ltr'><strong>Suam</strong></span> <span class='ocrx_word' id='word_1_566' title='bbox 2411 1343 2422 1388; x_wconf 87' lang='lat'><strong>;</strong></span> <span class='ocrx_word' id='word_1_567' title='bbox 2452 1328 2717 1396; x_wconf 88' lang='lat' dir='ltr'><strong>quomodo</strong></span> <span class='ocrx_word' id='word_1_568' title='bbox 2744 1330 2785 1382; x_wconf 91' lang='lat' dir='ltr'><strong>si</strong></span> <span class='ocrx_word' id='word_1_569' title='bbox 2813 1329 3019 1384; x_wconf 88' lang='lat' dir='ltr'><strong>diceres</strong></span> <span class='ocrx_word' id='word_1_570' title='bbox 3044 1331 3196 1384; x_wconf 89' lang='lat' dir='ltr'><strong>alicui</strong></span> <span class='ocrx_word' id='word_1_571' title='bbox 3228 1333 3445 1400; x_wconf 90' lang='lat' dir='ltr'><strong>homini,</strong></span> <span class='ocrx_word' id='word_1_572' title='bbox 3468 1351 3582 1389; x_wconf 90' lang='lat' dir='ltr'><strong>cum</strong></span> <span class='ocrx_word' id='word_1_573' title='bbox 3603 1338 3820 1408; x_wconf 84' lang='lat' dir='ltr'><strong>aliquid</strong></span> 
     </span>
    </p>
   </div>
   <div class='ocr_carea' id='block_1_73' title="bbox 2241 1416 3820 1484">
    <p class='ocr_par' dir='ltr' id='par_1_73' title="bbox 2241 1416 3820 1484">
     <span class='ocr_line' id='line_1_73' title="bbox 2241 1416 3820 1484; baseline 0.011 -18"><span class='ocrx_word' id='word_1_574' title='bbox 2241 1416 2590 1483; x_wconf 77' lang='lat' dir='ltr'><strong>promittet-es,</strong></span> <span class='ocrx_word' id='word_1_575' title='bbox 2617 1416 2728 1470; x_wconf 85' lang='lat' dir='ltr'><strong>Non</strong></span> <span class='ocrx_word' id='word_1_576' title='bbox 2753 1419 2876 1470; x_wconf 92' lang='lat' dir='ltr'><strong>mihi</strong></span> <span class='ocrx_word' id='word_1_577' title='bbox 2900 1420 3092 1484; x_wconf 90' lang='lat' dir='ltr'><strong>credis,</strong></span> <span class='ocrx_word' id='word_1_578' title='bbox 3117 1435 3242 1476; x_wconf 87' lang='lat' dir='ltr'><strong>ecce</strong></span> <span class='ocrx_word' id='word_1_579' title='bbox 3263 1423 3438 1478; x_wconf 85' lang='lat' dir='ltr'><strong>scribo</strong></span> <span class='ocrx_word' id='word_1_580' title='bbox 3462 1425 3566 1479; x_wconf 90' lang='lat' dir='ltr'><strong>tibi.</strong></span> <span class='ocrx_word' id='word_1_581' title='bbox 3594 1428 3820 1483; x_wconf 83' lang='lat' dir='ltr'><strong>Etenim</strong></span> 
     </span>
    </p>
   </div>
   <div class='ocr_carea' id='block_1_74' title="bbox 2239 1507 3820 1578">
    <p class='ocr_par' dir='ltr' id='par_1_74' title="bbox 2239 1507 3820 1578">
     <span class='ocr_line' id='line_1_74' title="bbox 2239 1507 3820 1578; baseline 0.011 -21"><span class='ocrx_word' id='word_1_582' title='bbox 2239 1507 2358 1574; x_wconf 83' lang='lat' dir='ltr'><strong>quia</strong></span> <span class='ocrx_word' id='word_1_583' title='bbox 2390 1509 2664 1576; x_wconf 83' lang='lat' dir='ltr'><strong>generatio</strong></span> <span class='ocrx_word' id='word_1_584' title='bbox 2694 1508 2852 1574; x_wconf 79' lang='lat' dir='ltr'><strong>vadit,</strong></span> <span class='ocrx_word' id='word_1_585' title='bbox 2883 1518 2934 1562; x_wconf 81' lang='lat' dir='ltr'><strong>et</strong></span> <span class='ocrx_word' id='word_1_586' title='bbox 2962 1512 3233 1578; x_wconf 88' lang='lat' dir='ltr'><strong>generatio</strong></span> <span class='ocrx_word' id='word_1_587' title='bbox 3261 1513 3420 1576; x_wconf 82' lang='lat' dir='ltr'><strong>venit,</strong></span> <span class='ocrx_word' id='word_1_588' title='bbox 3451 1522 3502 1568; x_wconf 90' lang='lat' dir='ltr'><strong>et</strong></span> <span class='ocrx_word' id='word_1_589' title='bbox 3527 1516 3598 1570; x_wconf 91' lang='lat' dir='ltr'><strong>sic</strong></span> <span class='ocrx_word' id='word_1_590' title='bbox 3629 1529 3820 1574; x_wconf 63' lang='lat' dir='ltr'><strong>trans</strong></span> 
     </span>
    </p>
   </div>
   <div class='ocr_carea' id='block_1_75' title="bbox 2237 1597 3820 1678">
    <p class='ocr_par' dir='ltr' id='par_1_75' title="bbox 2237 1597 3820 1678">
     <span class='ocr_line' id='line_1_75' title="bbox 2237 1597 3820 1678; baseline 0.009 -28"><span class='ocrx_word' id='word_1_591' title='bbox 2237 1607 2456 1651; x_wconf 87' lang='lat' dir='ltr'><strong>currunt</strong></span> <span class='ocrx_word' id='word_1_592' title='bbox 2487 1597 2582 1650; x_wconf 87' lang='lat' dir='ltr'><strong>ista</strong></span> <span class='ocrx_word' id='word_1_593' title='bbox 2602 1599 2792 1653; x_wconf 71' lang='lat' dir='ltr'><strong>saecula</strong></span> <span class='ocrx_word' id='word_1_594' title='bbox 2819 1600 3124 1654; x_wconf 84' lang='lat' dir='ltr'><strong>cedentibus</strong></span> <span class='ocrx_word' id='word_1_595' title='bbox 3140 1603 3637 1678; x_wconf 84' lang='lat' dir='ltr'><strong>succedentibusque</strong></span> <span class='ocrx_word' id='word_1_596' title='bbox 3663 1625 3820 1665; x_wconf 82' lang='lat' dir='ltr'><strong>mor-</strong></span> 
     </span>
    </p>
   </div>
   <div class='ocr_carea' id='block_1_76' title="bbox 2239 1688 3813 1770">
    <p class='ocr_par' dir='ltr' id='par_1_76' title="bbox 2239 1688 3813 1770">
     <span class='ocr_line' id='line_1_76' title="bbox 2239 1688 3813 1770; baseline 0.01 -28"><span class='ocrx_word' id='word_1_597' title='bbox 2239 1689 2464 1751; x_wconf 87' lang='lat' dir='ltr'><strong>talibus;</strong></span> <span class='ocrx_word' id='word_1_598' title='bbox 2511 1688 2779 1759; x_wconf 85' lang='lat' dir='ltr'><strong>Scriptura</strong></span> <span class='ocrx_word' id='word_1_599' title='bbox 2818 1692 2904 1745; x_wconf 85' lang='lat' dir='ltr'><strong>Dei</strong></span> <span class='ocrx_word' id='word_1_600' title='bbox 2943 1707 3154 1748; x_wconf 91' lang='lat' dir='ltr'><strong>manere</strong></span> <span class='ocrx_word' id='word_1_601' title='bbox 3193 1694 3409 1766; x_wconf 86' lang='lat' dir='ltr'><strong>debuit,</strong></span> <span class='ocrx_word' id='word_1_602' title='bbox 3446 1706 3497 1753; x_wconf 91' lang='lat' dir='ltr'><strong>et</strong></span> <span class='ocrx_word' id='word_1_603' title='bbox 3534 1703 3813 1770; x_wconf 88' lang='lat' dir='ltr'><strong>quoddam</strong></span> 
     </span>
    </p>
   </div>
   <div class='ocr_carea' id='block_1_77' title="bbox 2235 1778 3810 1861">
    <p class='ocr_par' dir='ltr' id='par_1_77' title="bbox 2235 1778 3810 1861">
     <span class='ocr_line' id='line_1_77' title="bbox 2235 1778 3810 1861; baseline 0.011 -30"><span class='ocrx_word' id='word_1_604' title='bbox 2235 1778 2639 1849; x_wconf 85' lang='lat' dir='ltr'><strong>chirographum</strong></span> <span class='ocrx_word' id='word_1_605' title='bbox 2669 1781 2781 1846; x_wconf 88' lang='lat' dir='ltr'><strong>Dei,</strong></span> <span class='ocrx_word' id='word_1_606' title='bbox 2813 1781 2951 1851; x_wconf 92' lang='lat' dir='ltr'><strong>quod</strong></span> <span class='ocrx_word' id='word_1_607' title='bbox 2977 1798 3162 1838; x_wconf 90' lang='lat' dir='ltr'><strong>omnes</strong></span> <span class='ocrx_word' id='word_1_608' title='bbox 3191 1792 3521 1843; x_wconf 86' lang='lat' dir='ltr'><strong>transeuntes</strong></span> <span class='ocrx_word' id='word_1_609' title='bbox 3543 1790 3810 1861; x_wconf 84' lang='lat' dir='ltr'><strong>legerent,</strong></span> 
     </span>
    </p>
   </div>
   <div class='ocr_carea' id='block_1_78' title="bbox 2235 1870 3814 1950">
    <p class='ocr_par' dir='ltr' id='par_1_78' title="bbox 2235 1870 3814 1950">
     <span class='ocr_line' id='line_1_78' title="bbox 2235 1870 3814 1950; baseline 0.012 -27"><span class='ocrx_word' id='word_1_610' title='bbox 2235 1878 2288 1923; x_wconf 92' lang='lat' dir='ltr'><strong>ct</strong></span> <span class='ocrx_word' id='word_1_611' title='bbox 2317 1870 2453 1922; x_wconf 67' lang='lat' dir='ltr'><strong>riam</strong></span> <span class='ocrx_word' id='word_1_612' title='bbox 2493 1871 2508 1902; x_wconf 74' lang='grc' dir='ltr'>ί</span> <span class='ocrx_word' id='word_1_613' title='bbox 2538 1870 2900 1938; x_wconf 59' lang='lat' dir='ltr'><strong>promissionis</strong></span> <span class='ocrx_word' id='word_1_614' title='bbox 2931 1872 3047 1941; x_wconf 89' lang='lat' dir='ltr'><strong>ejus</strong></span> <span class='ocrx_word' id='word_1_615' title='bbox 3079 1883 3336 1930; x_wconf 61' lang='lat' dir='ltr'><strong>tenerent.</strong></span> <span class='ocrx_word' id='word_1_616' title='bbox 3367 1877 3431 1931; x_wconf 90' lang='lat' dir='ltr'><strong>Et</strong></span> <span class='ocrx_word' id='word_1_617' title='bbox 3458 1892 3647 1950; x_wconf 87' lang='lat' dir='ltr'><strong>quanta</strong></span> <span class='ocrx_word' id='word_1_618' title='bbox 3680 1896 3814 1942; x_wconf 84' lang='lat' dir='ltr'><strong>sunt</strong></span> 
     </span>
    </p>
   </div>
   <div class='ocr_carea' id='block_1_79' title="bbox 2233 1958 3812 2033">
    <p class='ocr_par' dir='ltr' id='par_1_79' title="bbox 2233 1958 3812 2033">
     <span class='ocr_line' id='line_1_79' title="bbox 2233 1958 3812 2033; baseline 0.014 -23"><span class='ocrx_word' id='word_1_619' title='bbox 2233 1973 2351 2026; x_wconf 68' lang='lat' dir='ltr'><strong>qua:</strong></span> <span class='ocrx_word' id='word_1_620' title='bbox 2379 1958 2605 2012; x_wconf 86' lang='lat' dir='ltr'><strong>reddidit</strong></span> <span class='ocrx_word' id='word_1_621' title='bbox 2638 1975 2701 2014; x_wconf 83' lang='lat' dir='ltr'><strong>ex</strong></span> <span class='ocrx_word' id='word_1_622' title='bbox 2741 1961 2842 2014; x_wconf 89' lang='lat' dir='ltr'><strong>isto</strong></span> <span class='ocrx_word' id='word_1_623' title='bbox 2868 1962 3255 2033; x_wconf 86' lang='lat' dir='ltr'><strong>chirographo?</strong></span> <span class='ocrx_word' id='word_1_624' title='bbox 3287 1967 3527 2022; x_wconf 89' lang='lat' dir='ltr'><strong>Dubitant</strong></span> <span class='ocrx_word' id='word_1_625' title='bbox 3555 1971 3812 2032; x_wconf 88' lang='lat' dir='ltr'><strong>homines</strong></span> 
     </span>
    </p>
   </div>
   <div class='ocr_carea' id='block_1_80' title="bbox 2233 2049 3810 2122">
    <p class='ocr_par' dir='ltr' id='par_1_80' title="bbox 2233 2049 3810 2122">
     <span class='ocr_line' id='line_1_80' title="bbox 2233 2049 3810 2122; baseline 0.012 -20"><span class='ocrx_word' id='word_1_626' title='bbox 2233 2049 2453 2105; x_wconf 88' lang='lat' dir='ltr'><strong>credere</strong></span> <span class='ocrx_word' id='word_1_627' title='bbox 2485 2051 2557 2104; x_wconf 93' lang='lat' dir='ltr'><strong>illi</strong></span> <span class='ocrx_word' id='word_1_628' title='bbox 2589 2051 2654 2105; x_wconf 91' lang='lat' dir='ltr'><strong>de</strong></span> <span class='ocrx_word' id='word_1_629' title='bbox 2682 2054 3068 2108; x_wconf 79' lang='lat' dir='ltr'><strong>resurrectione</strong></span> <span class='ocrx_word' id='word_1_630' title='bbox 3098 2065 3423 2111; x_wconf 87' lang='lat' dir='ltr'><strong>mortuorum</strong></span> <span class='ocrx_word' id='word_1_631' title='bbox 3454 2070 3505 2115; x_wconf 91' lang='lat' dir='ltr'><strong>et</strong></span> <span class='ocrx_word' id='word_1_632' title='bbox 3529 2061 3592 2116; x_wconf 89' lang='lat' dir='ltr'><strong>de</strong></span> <span class='ocrx_word' id='word_1_633' title='bbox 3615 2063 3810 2122; x_wconf 85' lang='lat' dir='ltr'><strong>futuro</strong></span> 
     </span>
    </p>
   </div>
   <div class='ocr_carea' id='block_1_81' title="bbox 2232 2138 3806 2222">
    <p class='ocr_par' dir='ltr' id='par_1_81' title="bbox 2232 2138 3806 2222">
     <span class='ocr_line' id='line_1_81' title="bbox 2232 2138 3806 2222; baseline 0.012 -32"><span class='ocrx_word' id='word_1_634' title='bbox 2232 2138 2445 2202; x_wconf 61' lang='lat' dir='ltr'><strong>sarculo,</strong></span> <span class='ocrx_word' id='word_1_635' title='bbox 2473 2139 2611 2208; x_wconf 91' lang='lat' dir='ltr'><strong>quod</strong></span> <span class='ocrx_word' id='word_1_636' title='bbox 2641 2141 2808 2193; x_wconf 80' lang='lat' dir='ltr'><strong>solum</strong></span> <span class='ocrx_word' id='word_1_637' title='bbox 2832 2142 2939 2209; x_wconf 87' lang='lat' dir='ltr'><strong>jam</strong></span> <span class='ocrx_word' id='word_1_638' title='bbox 2971 2141 3293 2198; x_wconf 74' lang='lat' dir='ltr'><strong>reddendum</strong></span> <span class='ocrx_word' id='word_1_639' title='bbox 3326 2159 3519 2215; x_wconf 87' lang='lat' dir='ltr'><strong>restat;</strong></span> <span class='ocrx_word' id='word_1_640' title='bbox 3545 2155 3766 2221; x_wconf 82' lang='lat' dir='ltr'><strong>quando</strong></span> <span class='ocrx_word' id='word_1_641' title='bbox 3787 2197 3806 2222; x_wconf 81' lang='grc'><strong>,</strong></span> 
     </span>
    </p>
   </div>
   <div class='ocr_carea' id='block_1_82' title="bbox 2230 2229 3806 2301">
    <p class='ocr_par' dir='ltr' id='par_1_82' title="bbox 2230 2229 3806 2301">
     <span class='ocr_line' id='line_1_82' title="bbox 2230 2229 3806 2301; baseline 0.011 -18"><span class='ocrx_word' id='word_1_642' title='bbox 2230 2229 2275 2283; x_wconf 90' lang='lat' dir='ltr'><strong>si</strong></span> <span class='ocrx_word' id='word_1_643' title='bbox 2301 2230 2454 2283; x_wconf 79' lang='lat' dir='ltr'><strong>faciat</strong></span> <span class='ocrx_word' id='word_1_644' title='bbox 2488 2232 2744 2285; x_wconf 89' lang='lat' dir='ltr'><strong>rationem</strong></span> <span class='ocrx_word' id='word_1_645' title='bbox 2771 2247 2888 2286; x_wconf 89' lang='lat' dir='ltr'><strong>cmn</strong></span> <span class='ocrx_word' id='word_1_646' title='bbox 2923 2234 3240 2298; x_wconf 80' lang='lat' dir='ltr'><strong>inﬁdelibus,</strong></span> <span class='ocrx_word' id='word_1_647' title='bbox 3269 2239 3578 2296; x_wconf 87' lang='lat' dir='ltr'><strong>erubescunt</strong></span> <span class='ocrx_word' id='word_1_648' title='bbox 3607 2245 3806 2301; x_wconf 87' lang='lat' dir='ltr'><strong>inlide-</strong></span> 
     </span>
    </p>
   </div>
   <div class='ocr_carea' id='block_1_83' title="bbox 2232 2318 3802 2402">
    <p class='ocr_par' dir='ltr' id='par_1_83' title="bbox 2232 2318 3802 2402">
     <span class='ocr_line' id='line_1_83' title="bbox 2232 2318 3802 2402; baseline 0.011 -30"><span class='ocrx_word' id='word_1_649' title='bbox 2232 2319 2350 2373; x_wconf 85' lang='lat' dir='ltr'><strong>les?</strong></span> <span class='ocrx_word' id='word_1_650' title='bbox 2380 2318 2434 2373; x_wconf 94' lang='lat' dir='ltr'><strong>Si</strong></span> <span class='ocrx_word' id='word_1_651' title='bbox 2461 2319 2601 2373; x_wconf 87' lang='lat' dir='ltr'><strong>dicat</strong></span> <span class='ocrx_word' id='word_1_652' title='bbox 2623 2319 2712 2373; x_wconf 91' lang='lat' dir='ltr'><strong>tibi</strong></span> <span class='ocrx_word' id='word_1_653' title='bbox 2750 2321 2884 2374; x_wconf 56' lang='lat' dir='ltr'><strong>[Mus</strong></span> <span class='ocrx_word' id='word_1_654' title='bbox 2915 2340 2926 2376; x_wconf 90' lang='lat'>:</span> <span class='ocrx_word' id='word_1_655' title='bbox 2955 2323 3374 2393; x_wconf 85' lang='lat' dir='ltr'><strong>Chirographum</strong></span> <span class='ocrx_word' id='word_1_656' title='bbox 3407 2346 3575 2386; x_wconf 89' lang='lat' dir='ltr'><strong>meum</strong></span> <span class='ocrx_word' id='word_1_657' title='bbox 3603 2343 3802 2402; x_wconf 87' lang='lat' dir='ltr'><strong>tenes;</strong></span> 
     </span>
    </p>
   </div>
   <div class='ocr_carea' id='block_1_84' title="bbox 2224 2409 3802 2483">
    <p class='ocr_par' dir='ltr' id='par_1_84' title="bbox 2224 2409 3802 2483">
     <span class='ocr_line' id='line_1_84' title="bbox 2224 2409 3802 2483; baseline 0.014 -22"><span class='ocrx_word' id='word_1_658' title='bbox 2224 2409 2476 2478; x_wconf 91' lang='lat' dir='ltr'><strong>judicium</strong></span> <span class='ocrx_word' id='word_1_659' title='bbox 2509 2413 2742 2479; x_wconf 54' lang='lat' dir='ltr'><strong>promisi.</strong></span> <span class='ocrx_word' id='word_1_660' title='bbox 2773 2412 3176 2482; x_wconf 87' lang='lat' dir='ltr'><strong>diremptionem</strong></span> <span class='ocrx_word' id='word_1_661' title='bbox 3208 2421 3228 2450; x_wconf 82' lang='grc'>²</span> <span class='ocrx_word' id='word_1_662' title='bbox 3261 2421 3513 2476; x_wconf 87' lang='lat' dir='ltr'><strong>bonorum</strong></span> <span class='ocrx_word' id='word_1_663' title='bbox 3541 2434 3592 2479; x_wconf 90' lang='lat' dir='ltr'><strong>et</strong></span> <span class='ocrx_word' id='word_1_664' title='bbox 3623 2429 3802 2483; x_wconf 82' lang='lat' dir='ltr'><strong>malo-</strong></span> 
     </span>
    </p>
   </div>
   <div class='ocr_carea' id='block_1_85' title="bbox 2230 2503 3801 2573">
    <p class='ocr_par' dir='ltr' id='par_1_85' title="bbox 2230 2503 3801 2573">
     <span class='ocr_line' id='line_1_85' title="bbox 2230 2503 3801 2573; baseline 0.013 -21"><span class='ocrx_word' id='word_1_665' title='bbox 2230 2516 2342 2553; x_wconf 90' lang='lat' dir='ltr'><strong>rum</strong></span> <span class='ocrx_word' id='word_1_666' title='bbox 2368 2540 2380 2563; x_wconf 91' lang='lat'><strong>,</strong></span> <span class='ocrx_word' id='word_1_667' title='bbox 2418 2515 2631 2569; x_wconf 84' lang='lat' dir='ltr'><strong>regnum</strong></span> <span class='ocrx_word' id='word_1_668' title='bbox 2659 2503 3035 2571; x_wconf 90' lang='lat' dir='ltr'><strong>sempiternum</strong></span> <span class='ocrx_word' id='word_1_669' title='bbox 3059 2507 3330 2572; x_wconf 73' lang='lat' dir='ltr'><strong>lidelibas,</strong></span> <span class='ocrx_word' id='word_1_670' title='bbox 3361 2520 3413 2564; x_wconf 89' lang='lat' dir='ltr'><strong>et</strong></span> <span class='ocrx_word' id='word_1_671' title='bbox 3444 2527 3543 2566; x_wconf 91' lang='lat' dir='ltr'><strong>non</strong></span> <span class='ocrx_word' id='word_1_672' title='bbox 3576 2516 3653 2568; x_wconf 86' lang='lat' dir='ltr'><strong>vis</strong></span> <span class='ocrx_word' id='word_1_673' title='bbox 3682 2533 3801 2573; x_wconf 80' lang='lat' dir='ltr'><strong>cre-</strong></span> 
     </span>
    </p>
   </div>
   <div class='ocr_carea' id='block_1_86' title="bbox 2228 2594 3798 2680">
    <p class='ocr_par' dir='ltr' id='par_1_86' title="bbox 2228 2594 3798 2680">
     <span class='ocr_line' id='line_1_86' title="bbox 2228 2594 3798 2680; baseline 0.008 -30"><span class='ocrx_word' id='word_1_674' title='bbox 2228 2594 2387 2650; x_wconf 85' lang='lat' dir='ltr'><strong>dcrc?</strong></span> <span class='ocrx_word' id='word_1_675' title='bbox 2410 2595 2481 2650; x_wconf 90' lang='lat' dir='ltr'><strong>lbi</strong></span> <span class='ocrx_word' id='word_1_676' title='bbox 2506 2596 2556 2650; x_wconf 90' lang='lat' dir='ltr'><strong>in</strong></span> <span class='ocrx_word' id='word_1_677' title='bbox 2577 2595 2927 2667; x_wconf 85' lang='lat' dir='ltr'><strong>chirographo</strong></span> <span class='ocrx_word' id='word_1_678' title='bbox 2949 2614 3066 2652; x_wconf 90' lang='lat' dir='ltr'><strong>meo</strong></span> <span class='ocrx_word' id='word_1_679' title='bbox 3089 2600 3200 2670; x_wconf 81' lang='lat' dir='ltr'><strong>lege</strong></span> <span class='ocrx_word' id='word_1_680' title='bbox 3223 2604 3395 2658; x_wconf 86' lang='lat' dir='ltr'><strong>omnia</strong></span> <span class='ocrx_word' id='word_1_681' title='bbox 3417 2620 3532 2674; x_wconf 71' lang='lat' dir='ltr'><strong>qua:</strong></span> <span class='ocrx_word' id='word_1_682' title='bbox 3554 2611 3798 2680; x_wconf 84' lang='lat' dir='ltr'><strong>promisi,</strong></span> 
     </span>
    </p>
   </div>
   <div class='ocr_carea' id='block_1_87' title="bbox 2227 2687 3798 2771">
    <p class='ocr_par' dir='ltr' id='par_1_87' title="bbox 2227 2687 3798 2771">
     <span class='ocr_line' id='line_1_87' title="bbox 2227 2687 3798 2771; baseline 0.011 -31"><span class='ocrx_word' id='word_1_683' title='bbox 2227 2687 2398 2741; x_wconf 90' lang='lat' dir='ltr'><strong>deduc</strong></span> <span class='ocrx_word' id='word_1_684' title='bbox 2428 2704 2631 2742; x_wconf 86' lang='lat' dir='ltr'><strong>mecum</strong></span> <span class='ocrx_word' id='word_1_685' title='bbox 2664 2690 2921 2744; x_wconf 89' lang='lat' dir='ltr'><strong>rationem</strong></span> <span class='ocrx_word' id='word_1_686' title='bbox 2960 2707 2972 2742; x_wconf 92' lang='lat'>:</span> <span class='ocrx_word' id='word_1_687' title='bbox 3012 2703 3154 2746; x_wconf 86' lang='lat' dir='ltr'><strong>certe</strong></span> <span class='ocrx_word' id='word_1_688' title='bbox 3185 2694 3265 2749; x_wconf 72' lang='lat' dir='ltr'><strong>vel</strong></span> <span class='ocrx_word' id='word_1_689' title='bbox 3296 2700 3648 2766; x_wconf 89' lang='lat' dir='ltr'><strong>computando</strong></span> <span class='ocrx_word' id='word_1_690' title='bbox 3678 2718 3798 2771; x_wconf 62' lang='lat' dir='ltr'><strong>quae</strong></span> 
     </span>
    </p>
   </div>
   <div class='ocr_carea' id='block_1_88' title="bbox 2225 2777 3796 2860">
    <p class='ocr_par' dir='ltr' id='par_1_88' title="bbox 2225 2777 3796 2860">
     <span class='ocr_line' id='line_1_88' title="bbox 2225 2777 3796 2860; baseline 0.011 -29"><span class='ocrx_word' id='word_1_691' title='bbox 2225 2777 2428 2832; x_wconf 89' lang='lat' dir='ltr'><strong>reddidi</strong></span> <span class='ocrx_word' id='word_1_692' title='bbox 2455 2820 2470 2845; x_wconf 93' lang='lat'><strong>,</strong></span> <span class='ocrx_word' id='word_1_693' title='bbox 2502 2789 2654 2850; x_wconf 91' lang='lat' dir='ltr'><strong>potes</strong></span> <span class='ocrx_word' id='word_1_694' title='bbox 2681 2796 2762 2834; x_wconf 89' lang='lat' dir='ltr'><strong>me</strong></span> <span class='ocrx_word' id='word_1_695' title='bbox 2788 2781 3006 2836; x_wconf 89' lang='lat' dir='ltr'><strong>credere</strong></span> <span class='ocrx_word' id='word_1_696' title='bbox 3037 2784 3358 2840; x_wconf 85' lang='lat' dir='ltr'><strong>redditurum</strong></span> <span class='ocrx_word' id='word_1_697' title='bbox 3390 2803 3508 2844; x_wconf 88' lang='lat' dir='ltr'><strong>esse</strong></span> <span class='ocrx_word' id='word_1_698' title='bbox 3535 2793 3676 2860; x_wconf 87' lang='lat' dir='ltr'><strong>quod</strong></span> <span class='ocrx_word' id='word_1_699' title='bbox 3701 2794 3796 2849; x_wconf 83' lang='lat' dir='ltr'><strong>de-</strong></span> 
     </span>
    </p>
   </div>
   <div class='ocr_carea' id='block_1_89' title="bbox 2227 2867 3796 2946">
    <p class='ocr_par' dir='ltr' id='par_1_89' title="bbox 2227 2867 3796 2946">
     <span class='ocr_line' id='line_1_89' title="bbox 2227 2867 3796 2946; baseline 0.011 -26"><span class='ocrx_word' id='word_1_700' title='bbox 2227 2867 2346 2923; x_wconf 90' lang='lat' dir='ltr'><strong>beo.</strong></span> <span class='ocrx_word' id='word_1_701' title='bbox 2375 2868 2429 2922; x_wconf 91' lang='lat' dir='ltr'><strong>ln</strong></span> <span class='ocrx_word' id='word_1_702' title='bbox 2473 2870 2586 2939; x_wconf 92' lang='lat' dir='ltr'><strong>ipso</strong></span> <span class='ocrx_word' id='word_1_703' title='bbox 2611 2869 2964 2941; x_wconf 88' lang='lat' dir='ltr'><strong>chirographo</strong></span> <span class='ocrx_word' id='word_1_704' title='bbox 3007 2871 3171 2929; x_wconf 85' lang='lat' dir='ltr'><strong>habes</strong></span> <span class='ocrx_word' id='word_1_705' title='bbox 3218 2879 3532 2946; x_wconf 59' lang='lat' dir='ltr'><strong>promissum</strong></span> <span class='ocrx_word' id='word_1_706' title='bbox 3584 2885 3796 2938; x_wconf 89' lang='lat' dir='ltr'><strong>unicum</strong></span> 
     </span>
    </p>
   </div>
   <div class='ocr_carea' id='block_1_90' title="bbox 2225 2957 3791 3033">
    <p class='ocr_par' dir='ltr' id='par_1_90' title="bbox 2225 2957 3791 3033">
     <span class='ocr_line' id='line_1_90' title="bbox 2225 2957 3791 3033; baseline 0.01 -21"><span class='ocrx_word' id='word_1_707' title='bbox 2225 2957 2538 3024; x_wconf 90' lang='lat' dir='ltr'><strong>Filium,cui</strong></span> <span class='ocrx_word' id='word_1_708' title='bbox 2568 2977 2669 3014; x_wconf 89' lang='lat' dir='ltr'><strong>non</strong></span> <span class='ocrx_word' id='word_1_709' title='bbox 2695 2963 2923 3030; x_wconf 86' lang='lat' dir='ltr'><strong>peperci,</strong></span> <span class='ocrx_word' id='word_1_710' title='bbox 2952 2962 3043 3017; x_wconf 88' lang='lat' dir='ltr'><strong>sed</strong></span> <span class='ocrx_word' id='word_1_711' title='bbox 3072 2981 3166 3033; x_wconf 91' lang='lat' dir='ltr'><strong>pro</strong></span> <span class='ocrx_word' id='word_1_712' title='bbox 3189 2966 3337 3021; x_wconf 89' lang='lat' dir='ltr'><strong>vobis</strong></span> <span class='ocrx_word' id='word_1_713' title='bbox 3353 2971 3602 3026; x_wconf 89' lang='lat' dir='ltr'><strong>omnibus</strong></span> <span class='ocrx_word' id='word_1_714' title='bbox 3630 2975 3791 3028; x_wconf 81' lang='lat' dir='ltr'><strong>tradi-</strong></span> 
     </span>
    </p>
   </div>
   <div class='ocr_carea' id='block_1_91' title="bbox 2224 3049 3793 3136">
    <p class='ocr_par' dir='ltr' id='par_1_91' title="bbox 2224 3049 3793 3136">
     <span class='ocr_line' id='line_1_91' title="bbox 2224 3049 3793 3136; baseline 0.013 -34"><span class='ocrx_word' id='word_1_715' title='bbox 2224 3049 2275 3102; x_wconf 93' lang='lat' dir='ltr'><strong>di</strong></span> <span class='ocrx_word' id='word_1_716' title='bbox 2293 3065 2411 3104; x_wconf 90' lang='lat' dir='ltr'><strong>eum</strong></span> <span class='ocrx_word' id='word_1_717' title='bbox 2432 3049 2601 3123; x_wconf 82' lang='lat' dir='ltr'><strong>(Rom.</strong></span> <span class='ocrx_word' id='word_1_718' title='bbox 2628 3066 2738 3115; x_wconf 78' lang='lat' dir='ltr'><strong>vui,</strong></span> <span class='ocrx_word' id='word_1_719' title='bbox 2763 3051 2851 3122; x_wconf 69' lang='lat'><strong>32)</strong></span> <span class='ocrx_word' id='word_1_720' title='bbox 2877 3056 3017 3120; x_wconf 79' lang='lat' dir='ltr'><strong>:jam</strong></span> <span class='ocrx_word' id='word_1_721' title='bbox 3042 3067 3281 3126; x_wconf 89' lang='lat' dir='ltr'><strong>computa</strong></span> <span class='ocrx_word' id='word_1_722' title='bbox 3311 3058 3360 3112; x_wconf 94' lang='lat' dir='ltr'><strong>in</strong></span> <span class='ocrx_word' id='word_1_723' title='bbox 3384 3060 3624 3116; x_wconf 87' lang='lat' dir='ltr'><strong>redditis.</strong></span> <span class='ocrx_word' id='word_1_724' title='bbox 3652 3064 3793 3136; x_wconf 85' lang='lat' dir='ltr'><strong>Lege</strong></span> 
     </span>
    </p>
   </div>
   <div class='ocr_carea' id='block_1_92' title="bbox 2223 3137 3800 3217">
    <p class='ocr_par' dir='ltr' id='par_1_92' title="bbox 2223 3137 3800 3217">
     <span class='ocr_line' id='line_1_92' title="bbox 2223 3137 3800 3217; baseline 0.01 -21"><span class='ocrx_word' id='word_1_725' title='bbox 2223 3137 2628 3211; x_wconf 83' lang='lat' dir='ltr'><strong>chirographum</strong></span> <span class='ocrx_word' id='word_1_726' title='bbox 2653 3158 2668 3205; x_wconf 90' lang='lat'><strong>;</strong></span> <span class='ocrx_word' id='word_1_727' title='bbox 2702 3141 2916 3211; x_wconf 78' lang='lat' dir='ltr'><strong>promisi</strong></span> <span class='ocrx_word' id='word_1_728' title='bbox 2944 3144 3012 3197; x_wconf 90' lang='lat' dir='ltr'><strong>ibi</strong></span> <span class='ocrx_word' id='word_1_729' title='bbox 3042 3146 3224 3214; x_wconf 85' lang='lat' dir='ltr'><strong>pignus</strong></span> <span class='ocrx_word' id='word_1_730' title='bbox 3247 3149 3476 3217; x_wconf 79' lang='lat' dir='ltr'><strong>Spiritus</strong></span> <span class='ocrx_word' id='word_1_731' title='bbox 3509 3156 3684 3208; x_wconf 89' lang='lat' dir='ltr'><strong>sancti</strong></span> <span class='ocrx_word' id='word_1_732' title='bbox 3714 3173 3800 3213; x_wconf 79' lang='lat' dir='ltr'><strong>me</strong></span> 
     </span>
    </p>
   </div>
   <div class='ocr_carea' id='block_1_93' title="bbox 2175 3231 3790 3314">
    <p class='ocr_par' dir='ltr' id='par_1_93' title="bbox 2175 3231 3790 3314">
     <span class='ocr_line' id='line_1_93' title="bbox 2175 3231 3790 3314; baseline 0.009 -29"><span class='ocrx_word' id='word_1_733' title='bbox 2175 3265 2179 3269; x_wconf 68' lang='grc' dir='ltr'><strong>ι</strong></span> <span class='ocrx_word' id='word_1_734' title='bbox 2225 3231 2470 3286; x_wconf 89' lang='lat' dir='ltr'><strong>daturum</strong></span> <span class='ocrx_word' id='word_1_735' title='bbox 2500 3247 2592 3301; x_wconf 90' lang='lat' dir='ltr'><strong>per</strong></span> <span class='ocrx_word' id='word_1_736' title='bbox 2619 3232 2807 3287; x_wconf 89' lang='lat' dir='ltr'><strong>Filium</strong></span> <span class='ocrx_word' id='word_1_737' title='bbox 2841 3249 3013 3288; x_wconf 90' lang='lat' dir='ltr'><strong>meum</strong></span> <span class='ocrx_word' id='word_1_738' title='bbox 3041 3253 3054 3290; x_wconf 91' lang='lat'><strong>:</strong></span> <span class='ocrx_word' id='word_1_739' title='bbox 3078 3246 3321 3306; x_wconf 88' lang='lat' dir='ltr'><strong>computa</strong></span> <span class='ocrx_word' id='word_1_740' title='bbox 3351 3241 3614 3297; x_wconf 88' lang='lat' dir='ltr'><strong>redditum</strong></span> <span class='ocrx_word' id='word_1_741' title='bbox 3645 3247 3790 3314; x_wconf 79' lang='lat' dir='ltr'><strong>(Act.</strong></span> 
     </span>
    </p>
   </div>
   <div class='ocr_carea' id='block_1_94' title="bbox 2225 3321 3793 3398">
    <p class='ocr_par' dir='ltr' id='par_1_94' title="bbox 2225 3321 3793 3398">
     <span class='ocr_line' id='line_1_94' title="bbox 2225 3321 3793 3398; baseline 0.016 -29"><span class='ocrx_word' id='word_1_742' title='bbox 2225 3337 2238 3375; x_wconf 90' lang='grc' dir='ltr'><strong>ι</strong></span> <span class='ocrx_word' id='word_1_743' title='bbox 2266 3364 2280 3388; x_wconf 78' lang='grc'><strong>,</strong></span> <span class='ocrx_word' id='word_1_744' title='bbox 2311 3321 2380 3386; x_wconf 89' lang='grc'><strong>8;</strong></span> <span class='ocrx_word' id='word_1_745' title='bbox 2412 3332 2456 3376; x_wconf 86' lang='lat' dir='ltr'><strong>et</strong></span> <span class='ocrx_word' id='word_1_746' title='bbox 2481 3337 2517 3376; x_wconf 91' lang='grc' dir='ltr'><strong>ιι</strong></span> <span class='ocrx_word' id='word_1_747' title='bbox 2542 3364 2556 3388; x_wconf 88' lang='grc'><strong>,</strong></span> <span class='ocrx_word' id='word_1_748' title='bbox 2586 3321 2750 3394; x_wconf 74' lang='grc'><strong>2-4).</strong></span> <span class='ocrx_word' id='word_1_749' title='bbox 2795 3324 3014 3379; x_wconf 79' lang='lat' dir='ltr'><strong>Promisi</strong></span> <span class='ocrx_word' id='word_1_750' title='bbox 3054 3326 3122 3380; x_wconf 89' lang='lat' dir='ltr'><strong>ibi</strong></span> <span class='ocrx_word' id='word_1_751' title='bbox 3164 3329 3469 3398; x_wconf 87' lang='lat' dir='ltr'><strong>sanguinem</strong></span> <span class='ocrx_word' id='word_1_752' title='bbox 3496 3344 3549 3388; x_wconf 90' lang='lat' dir='ltr'><strong>et</strong></span> <span class='ocrx_word' id='word_1_753' title='bbox 3575 3349 3793 3393; x_wconf 79' lang='lat' dir='ltr'><strong>coronas</strong></span> 
     </span>
    </p>
   </div>
   <div class='ocr_carea' id='block_1_95' title="bbox 2226 3413 3796 3491">
    <p class='ocr_par' dir='ltr' id='par_1_95' title="bbox 2226 3413 3796 3491">
     <span class='ocr_line' id='line_1_95' title="bbox 2226 3413 3796 3491; baseline 0.011 -26"><span class='ocrx_word' id='word_1_754' title='bbox 2226 3422 2513 3484; x_wconf 83' lang='lat' dir='ltr'><strong>martyrum</strong></span> <span class='ocrx_word' id='word_1_755' title='bbox 2539 3413 3040 3483; x_wconf 91' lang='lat' dir='ltr'><strong>gloriosissimornm</strong></span> <span class='ocrx_word' id='word_1_756' title='bbox 3068 3435 3079 3470; x_wconf 92' lang='lat'>:</span> <span class='ocrx_word' id='word_1_757' title='bbox 3103 3430 3348 3489; x_wconf 83' lang='lat' dir='ltr'><strong>computa</strong></span> <span class='ocrx_word' id='word_1_758' title='bbox 3376 3423 3678 3491; x_wconf 89' lang='lat' dir='ltr'><strong>redditum;</strong></span> <span class='ocrx_word' id='word_1_759' title='bbox 3705 3430 3796 3482; x_wconf 83' lang='lat' dir='ltr'><strong>ad-</strong></span> 
     </span>
    </p>
   </div>
   <div class='ocr_carea' id='block_1_96' title="bbox 2225 3507 3791 3580">
    <p class='ocr_par' dir='ltr' id='par_1_96' title="bbox 2225 3507 3791 3580">
     <span class='ocr_line' id='line_1_96' title="bbox 2225 3507 3791 3580; baseline 0.012 -23"><span class='ocrx_word' id='word_1_760' title='bbox 2225 3514 2438 3560; x_wconf 89' lang='lat' dir='ltr'><strong>moneat</strong></span> <span class='ocrx_word' id='word_1_761' title='bbox 2465 3516 2514 3561; x_wconf 91' lang='lat' dir='ltr'><strong>te</strong></span> <span class='ocrx_word' id='word_1_762' title='bbox 2540 3507 2705 3560; x_wconf 81' lang='lat' dir='ltr'><strong>Massa</strong></span> <span class='ocrx_word' id='word_1_763' title='bbox 2742 3508 2813 3580; x_wconf 81' lang='lat' dir='ltr'><strong>(a)</strong></span> <span class='ocrx_word' id='word_1_764' title='bbox 2848 3509 3034 3563; x_wconf 81' lang='lat' dir='ltr'><strong>redditi</strong></span> <span class='ocrx_word' id='word_1_765' title='bbox 3070 3509 3088 3540; x_wconf 86' lang='grc'><em>³</em></span> <span class='ocrx_word' id='word_1_766' title='bbox 3123 3510 3283 3566; x_wconf 88' lang='lat' dir='ltr'><strong>debiti</strong></span> <span class='ocrx_word' id='word_1_767' title='bbox 3315 3514 3440 3569; x_wconf 90' lang='lat' dir='ltr'><strong>mei.</strong></span> <span class='ocrx_word' id='word_1_768' title='bbox 3470 3515 3573 3572; x_wconf 87' lang='lat' dir='ltr'><strong>Sed</strong></span> <span class='ocrx_word' id='word_1_769' title='bbox 3605 3530 3659 3574; x_wconf 91' lang='lat' dir='ltr'><strong>et</strong></span> <span class='ocrx_word' id='word_1_770' title='bbox 3684 3520 3791 3576; x_wconf 75' lang='lat' dir='ltr'><strong>lucc</strong></span> 
     </span>
    </p>
   </div>
   <div class='ocr_carea' id='block_1_97' title="bbox 2222 3595 3781 3674">
    <p class='ocr_par' dir='ltr' id='par_1_97' title="bbox 2222 3595 3781 3674">
     <span class='ocr_line' id='line_1_97' title="bbox 2222 3595 3781 3674; baseline 0.01 -26"><span class='ocrx_word' id='word_1_771' title='bbox 2222 3595 2387 3664; x_wconf 86' lang='lat' dir='ltr'><strong>gloria</strong></span> <span class='ocrx_word' id='word_1_772' title='bbox 2422 3597 2703 3669; x_wconf 86' lang='lat' dir='ltr'><strong>Martyrum</strong></span> <span class='ocrx_word' id='word_1_773' title='bbox 2736 3606 2790 3652; x_wconf 91' lang='lat' dir='ltr'><strong>ut</strong></span> <span class='ocrx_word' id='word_1_774' title='bbox 2820 3600 3125 3656; x_wconf 85' lang='lat' dir='ltr'><strong>redderetur</strong></span> <span class='ocrx_word' id='word_1_775' title='bbox 3145 3643 3159 3666; x_wconf 95' lang='lat'><strong>,</strong></span> <span class='ocrx_word' id='word_1_776' title='bbox 3191 3603 3281 3657; x_wconf 92' lang='lat' dir='ltr'><strong>tibi</strong></span> <span class='ocrx_word' id='word_1_777' title='bbox 3313 3608 3570 3674; x_wconf 85' lang='lat' dir='ltr'><strong>promissa</strong></span> <span class='ocrx_word' id='word_1_778' title='bbox 3599 3610 3651 3664; x_wconf 93' lang='lat' dir='ltr'><strong>in</strong></span> <span class='ocrx_word' id='word_1_779' title='bbox 3675 3613 3781 3664; x_wconf 90' lang='lat' dir='ltr'><strong>cbi-</strong></span> 
     </span>
    </p>
   </div>
   <div class='ocr_carea' id='block_1_98' title="bbox 2226 3688 3778 3768">
    <p class='ocr_par' dir='ltr' id='par_1_98' title="bbox 2226 3688 3778 3768">
     <span class='ocr_line' id='line_1_98' title="bbox 2226 3688 3778 3768; baseline 0.008 -27"><span class='ocrx_word' id='word_1_780' title='bbox 2226 3688 2486 3758; x_wconf 84' lang='lat' dir='ltr'><strong>rographo</strong></span> <span class='ocrx_word' id='word_1_781' title='bbox 2509 3730 2523 3755; x_wconf 90' lang='lat'><strong>,</strong></span> <span class='ocrx_word' id='word_1_782' title='bbox 2564 3691 2648 3744; x_wconf 89' lang='lat' dir='ltr'><strong>ubi</strong></span> <span class='ocrx_word' id='word_1_783' title='bbox 2679 3693 2927 3760; x_wconf 84' lang='lat' dir='ltr'><strong>scriptum</strong></span> <span class='ocrx_word' id='word_1_784' title='bbox 2964 3701 3076 3760; x_wconf 84' lang='lat' dir='ltr'><strong>est,</strong></span> <span class='ocrx_word' id='word_1_785' title='bbox 3110 3693 3323 3764; x_wconf 67' lang='lat' dir='ltr'><strong>Promer</strong></span> <span class='ocrx_word' id='word_1_786' title='bbox 3353 3708 3399 3752; x_wconf 89' lang='lat' dir='ltr'><strong>te</strong></span> <span class='ocrx_word' id='word_1_787' title='bbox 3429 3702 3778 3768; x_wconf 78' lang='lat' dir='ltr'><strong>mortiﬁcamur</strong></span> 
     </span>
    </p>
   </div>
   <div class='ocr_carea' id='block_1_99' title="bbox 2224 3781 3775 3857">
    <p class='ocr_par' dir='ltr' id='par_1_99' title="bbox 2224 3781 3775 3857">
     <span class='ocr_line' id='line_1_99' title="bbox 2224 3781 3775 3857; baseline 0.006 -22"><span class='ocrx_word' id='word_1_788' title='bbox 2224 3790 2327 3835; x_wconf 86' lang='lat' dir='ltr'><strong>tota</strong></span> <span class='ocrx_word' id='word_1_789' title='bbox 2347 3781 2607 3854; x_wconf 88' lang='lat' dir='ltr'><strong>die(l&quot;sal.</strong></span> <span class='ocrx_word' id='word_1_790' title='bbox 2624 3799 2767 3849; x_wconf 81' lang='lat' dir='ltr'><strong>xun,</strong></span> <span class='ocrx_word' id='word_1_791' title='bbox 2781 3783 2902 3854; x_wconf 68' lang='lat'><strong>2‘2);</strong></span> <span class='ocrx_word' id='word_1_792' title='bbox 2924 3796 2978 3839; x_wconf 91' lang='lat' dir='ltr'><strong>ut</strong></span> <span class='ocrx_word' id='word_1_793' title='bbox 2997 3785 3094 3840; x_wconf 90' lang='lat' dir='ltr'><strong>hoc</strong></span> <span class='ocrx_word' id='word_1_794' title='bbox 3109 3787 3436 3857; x_wconf 87' lang='lat' dir='ltr'><strong>redderetur,</strong></span> <span class='ocrx_word' id='word_1_795' title='bbox 3457 3791 3775 3846; x_wconf 77' lang='lat' dir='ltr'><strong>Frenntenmt</strong></span> 
     </span>
    </p>
   </div>
   <div class='ocr_carea' id='block_1_100' title="bbox 2223 3875 3773 3956">
    <p class='ocr_par' dir='ltr' id='par_1_100' title="bbox 2223 3875 3773 3956">
     <span class='ocr_line' id='line_1_100' title="bbox 2223 3875 3773 3956; baseline 0.008 -31"><span class='ocrx_word' id='word_1_796' title='bbox 2223 3884 2390 3943; x_wconf 80' lang='lat' dir='ltr'><strong>gentes</strong></span> <span class='ocrx_word' id='word_1_797' title='bbox 2409 3916 2422 3939; x_wconf 95' lang='lat'><strong>,</strong></span> <span class='ocrx_word' id='word_1_798' title='bbox 2453 3884 2500 3926; x_wconf 89' lang='lat' dir='ltr'><strong>el</strong></span> <span class='ocrx_word' id='word_1_799' title='bbox 2531 3875 2704 3943; x_wconf 81' lang='lat' dir='ltr'><strong>populi</strong></span> <span class='ocrx_word' id='word_1_800' title='bbox 2727 3876 2950 3929; x_wconf 85' lang='lat' dir='ltr'><strong>meditati</strong></span> <span class='ocrx_word' id='word_1_801' title='bbox 2976 3887 3090 3930; x_wconf 87' lang='lat' dir='ltr'><strong>sunt</strong></span> <span class='ocrx_word' id='word_1_802' title='bbox 3116 3879 3326 3946; x_wconf 88' lang='lat' dir='ltr'><strong>inania;</strong></span> <span class='ocrx_word' id='word_1_803' title='bbox 3355 3883 3621 3936; x_wconf 86' lang='lat' dir='ltr'><strong>astiterunt</strong></span> <span class='ocrx_word' id='word_1_804' title='bbox 3645 3901 3773 3956; x_wconf 46' lang='lat' dir='ltr'><strong>reges</strong></span> 
     </span>
    </p>
   </div>
   <div class='ocr_carea' id='block_1_101' title="bbox 2224 3967 3787 4036">
    <p class='ocr_par' dir='ltr' id='par_1_101' title="bbox 2224 3967 3787 4036">
     <span class='ocr_line' id='line_1_101' title="bbox 2224 3967 3787 4036; baseline 0.006 -16"><span class='ocrx_word' id='word_1_805' title='bbox 2224 3974 2388 4031; x_wconf 69' lang='lat' dir='ltr'><strong>tori-tv,</strong></span> <span class='ocrx_word' id='word_1_806' title='bbox 2419 3975 2464 4018; x_wconf 89' lang='lat' dir='ltr'><strong>el</strong></span> <span class='ocrx_word' id='word_1_807' title='bbox 2494 3967 2741 4035; x_wconf 83' lang='lat' dir='ltr'><strong>principes</strong></span> <span class='ocrx_word' id='word_1_808' title='bbox 2767 3979 3094 4022; x_wconf 84' lang='lat' dir='ltr'><strong>convenerunt</strong></span> <span class='ocrx_word' id='word_1_809' title='bbox 3123 3971 3174 4024; x_wconf 91' lang='lat' dir='ltr'><strong>in</strong></span> <span class='ocrx_word' id='word_1_810' title='bbox 3203 3989 3352 4024; x_wconf 88' lang='lat' dir='ltr'><strong>unum</strong></span> <span class='ocrx_word' id='word_1_811' title='bbox 3378 4015 3391 4036; x_wconf 92' lang='lat'><strong>,</strong></span> <span class='ocrx_word' id='word_1_812' title='bbox 3424 3975 3666 4030; x_wconf 81' lang='lat' dir='ltr'><strong>adversus</strong></span> <span class='ocrx_word' id='word_1_813' title='bbox 3693 3976 3787 4030; x_wconf 54' lang='lat' dir='ltr'><strong>Do-</strong></span> 
     </span>
    </p>
   </div>
   <div class='ocr_carea' id='block_1_102' title="bbox 2224 4056 3787 4134">
    <p class='ocr_par' dir='ltr' id='par_1_102' title="bbox 2224 4056 3787 4134">
     <span class='ocr_line' id='line_1_102' title="bbox 2224 4056 3787 4134; baseline 0.008 -26"><span class='ocrx_word' id='word_1_814' title='bbox 2224 4057 2433 4122; x_wconf 78' lang='lat' dir='ltr'><strong>tttt&#39;nunt,</strong></span> <span class='ocrx_word' id='word_1_815' title='bbox 2462 4065 2507 4110; x_wconf 85' lang='lat' dir='ltr'><strong>et</strong></span> <span class='ocrx_word' id='word_1_816' title='bbox 2532 4056 2767 4111; x_wconf 84' lang='lat' dir='ltr'><strong>adversus</strong></span> <span class='ocrx_word' id='word_1_817' title='bbox 2791 4056 3044 4112; x_wconf 78' lang='lat' dir='ltr'><strong>Christum</strong></span> <span class='ocrx_word' id='word_1_818' title='bbox 3069 4061 3175 4126; x_wconf 79' lang='lat' dir='ltr'><strong>eius</strong></span> <span class='ocrx_word' id='word_1_819' title='bbox 3197 4059 3361 4131; x_wconf 88' lang='lat' dir='ltr'><strong>(Psal.</strong></span> <span class='ocrx_word' id='word_1_820' title='bbox 3387 4079 3440 4128; x_wconf 90' lang='lat' dir='ltr'><strong>lt,</strong></span> <span class='ocrx_word' id='word_1_821' title='bbox 3470 4065 3520 4131; x_wconf 82' lang='lat' dir='ltr'><strong>l,</strong></span> <span class='ocrx_word' id='word_1_822' title='bbox 3543 4065 3622 4134; x_wconf 74' lang='lat'><strong>2).</strong></span> <span class='ocrx_word' id='word_1_823' title='bbox 3647 4067 3787 4120; x_wconf 60' lang='lat' dir='ltr'><strong>Prin-</strong></span> 
     </span>
    </p>
   </div>
   <div class='ocr_carea' id='block_1_103' title="bbox 2223 4146 3780 4220">
    <p class='ocr_par' dir='ltr' id='par_1_103' title="bbox 2223 4146 3780 4220">
     <span class='ocr_line' id='line_1_103' title="bbox 2223 4146 3780 4220; baseline 0.007 -20"><span class='ocrx_word' id='word_1_824' title='bbox 2223 4146 2367 4215; x_wconf 86' lang='lat' dir='ltr'><strong>cipes</strong></span> <span class='ocrx_word' id='word_1_825' title='bbox 2404 4155 2765 4200; x_wconf 80' lang='lat' dir='ltr'><strong>convenerunt</strong></span> <span class='ocrx_word' id='word_1_826' title='bbox 2806 4148 2856 4200; x_wconf 93' lang='lat' dir='ltr'><strong>in</strong></span> <span class='ocrx_word' id='word_1_827' title='bbox 2895 4164 3054 4202; x_wconf 78' lang='lat' dir='ltr'><strong>unum</strong></span> <span class='ocrx_word' id='word_1_828' title='bbox 3083 4191 3096 4215; x_wconf 99' lang='lat'><strong>,</strong></span> <span class='ocrx_word' id='word_1_829' title='bbox 3125 4151 3490 4220; x_wconf 82' lang='lat' dir='ltr'><strong>conspirantes</strong></span> <span class='ocrx_word' id='word_1_830' title='bbox 3531 4155 3780 4211; x_wconf 81' lang='lat' dir='ltr'><strong>adversus</strong></span> 
     </span>
    </p>
   </div>
   <div class='ocr_carea' id='block_1_104' title="bbox 2222 4236 3785 4312">
    <p class='ocr_par' dir='ltr' id='par_1_104' title="bbox 2222 4236 3785 4312">
     <span class='ocr_line' id='line_1_104' title="bbox 2222 4236 3785 4312; baseline 0.006 -20"><span class='ocrx_word' id='word_1_831' title='bbox 2222 4236 2570 4293; x_wconf 83' lang='lat' dir='ltr'><strong>Christianos.</strong></span> <span class='ocrx_word' id='word_1_832' title='bbox 2616 4237 2796 4305; x_wconf 90' lang='lat' dir='ltr'><strong>Quid?</strong></span> <span class='ocrx_word' id='word_1_833' title='bbox 2825 4238 3056 4308; x_wconf 88' lang='lat' dir='ltr'><strong>ipsorum</strong></span> <span class='ocrx_word' id='word_1_834' title='bbox 3093 4258 3274 4312; x_wconf 87' lang='lat' dir='ltr'><strong>regum</strong></span> <span class='ocrx_word' id='word_1_835' title='bbox 3307 4244 3462 4298; x_wconf 80' lang='lat' dir='ltr'><strong>ﬁdem</strong></span> <span class='ocrx_word' id='word_1_836' title='bbox 3492 4286 3507 4310; x_wconf 94' lang='lat'><strong>,</strong></span> <span class='ocrx_word' id='word_1_837' title='bbox 3539 4262 3711 4302; x_wconf 88' lang='lat' dir='ltr'><strong>nonne</strong></span> <span class='ocrx_word' id='word_1_838' title='bbox 3737 4257 3785 4302; x_wconf 88' lang='lat' dir='ltr'><strong>et</strong></span> 
     </span>
    </p>
   </div>
   <div class='ocr_carea' id='block_1_105' title="bbox 2226 4327 3784 4398">
    <p class='ocr_par' dir='ltr' id='par_1_105' title="bbox 2226 4327 3784 4398">
     <span class='ocr_line' id='line_1_105' title="bbox 2226 4327 3784 4398; baseline 0.008 -19"><span class='ocrx_word' id='word_1_839' title='bbox 2226 4328 2442 4396; x_wconf 90' lang='lat' dir='ltr'><strong>promisi</strong></span> <span class='ocrx_word' id='word_1_840' title='bbox 2473 4328 2524 4382; x_wconf 93' lang='lat' dir='ltr'><strong>in</strong></span> <span class='ocrx_word' id='word_1_841' title='bbox 2553 4327 2923 4398; x_wconf 83' lang='lat' dir='ltr'><strong>chirographo,</strong></span> <span class='ocrx_word' id='word_1_842' title='bbox 2948 4339 3000 4385; x_wconf 89' lang='lat' dir='ltr'><strong>et</strong></span> <span class='ocrx_word' id='word_1_843' title='bbox 3025 4331 3223 4386; x_wconf 86' lang='lat' dir='ltr'><strong>reddidi</strong></span> <span class='ocrx_word' id='word_1_844' title='bbox 3247 4333 3297 4387; x_wconf 91' lang='lat' dir='ltr'><strong>in</strong></span> <span class='ocrx_word' id='word_1_845' title='bbox 3321 4335 3549 4390; x_wconf 79' lang='lat' dir='ltr'><strong>effectu?</strong></span> <span class='ocrx_word' id='word_1_846' title='bbox 3573 4339 3784 4393; x_wconf 79' lang='lat' dir='ltr'><strong>Attende</strong></span> 
     </span>
    </p>
   </div>
   <div class='ocr_carea' id='block_1_106' title="bbox 2225 4415 3785 4496">
    <p class='ocr_par' dir='ltr' id='par_1_106' title="bbox 2225 4415 3785 4496">
     <span class='ocr_line' id='line_1_106' title="bbox 2225 4415 3785 4496; baseline 0.01 -27"><span class='ocrx_word' id='word_1_847' title='bbox 2225 4415 2310 4471; x_wconf 87' lang='lat' dir='ltr'><strong>ubi</strong></span> <span class='ocrx_word' id='word_1_848' title='bbox 2340 4417 2554 4486; x_wconf 89' lang='lat' dir='ltr'><strong>promisi</strong></span> <span class='ocrx_word' id='word_1_849' title='bbox 2587 4434 2599 4469; x_wconf 88' lang='lat'><strong>:</strong></span> <span class='ocrx_word' id='word_1_850' title='bbox 2629 4416 2917 4473; x_wconf 77' lang='lat' dir='ltr'><strong>Adorabunt</strong></span> <span class='ocrx_word' id='word_1_851' title='bbox 2949 4438 3060 4475; x_wconf 88' lang='lat' dir='ltr'><strong>eum</strong></span> <span class='ocrx_word' id='word_1_852' title='bbox 3081 4439 3248 4478; x_wconf 87' lang='lat' dir='ltr'><strong>omnes</strong></span> <span class='ocrx_word' id='word_1_853' title='bbox 3269 4443 3405 4496; x_wconf 80' lang='lat' dir='ltr'><strong>rcges</strong></span> <span class='ocrx_word' id='word_1_854' title='bbox 3429 4435 3608 4494; x_wconf 71' lang='lat' dir='ltr'><strong>terrm;</strong></span> <span class='ocrx_word' id='word_1_855' title='bbox 3629 4447 3785 4484; x_wconf 85' lang='lat' dir='ltr'><strong>omnes</strong></span> 
     </span>
    </p>
   </div>
   <div class='ocr_carea' id='block_1_107' title="bbox 2222 4507 3781 4588">
    <p class='ocr_par' dir='ltr' id='par_1_107' title="bbox 2222 4507 3781 4588">
     <span class='ocr_line' id='line_1_107' title="bbox 2222 4507 3781 4588; baseline 0.01 -30"><span class='ocrx_word' id='word_1_856' title='bbox 2222 4515 2388 4577; x_wconf 79' lang='lat' dir='ltr'><strong>gentes</strong></span> <span class='ocrx_word' id='word_1_857' title='bbox 2407 4508 2616 4561; x_wconf 86' lang='lat' dir='ltr'><strong>servient</strong></span> <span class='ocrx_word' id='word_1_858' title='bbox 2637 4508 2712 4561; x_wconf 88' lang='lat' dir='ltr'><strong>illi</strong></span> <span class='ocrx_word' id='word_1_859' title='bbox 2733 4507 2901 4580; x_wconf 88' lang='lat' dir='ltr'><strong>(Pasl.</strong></span> <span class='ocrx_word' id='word_1_860' title='bbox 2931 4525 3073 4578; x_wconf 74' lang='lat' dir='ltr'><strong>uxr,</strong></span> <span class='ocrx_word' id='word_1_861' title='bbox 3097 4511 3209 4583; x_wconf 84' lang='lat' dir='ltr'><strong>ll).</strong></span> <span class='ocrx_word' id='word_1_862' title='bbox 3238 4514 3460 4585; x_wconf 89' lang='lat' dir='ltr'><strong>lugrate,</strong></span> <span class='ocrx_word' id='word_1_863' title='bbox 3486 4518 3618 4588; x_wconf 83' lang='lat' dir='ltr'><strong>legis</strong></span> <span class='ocrx_word' id='word_1_864' title='bbox 3640 4521 3781 4574; x_wconf 82' lang='lat' dir='ltr'><strong>debi-</strong></span> 
     </span>
    </p>
   </div>
   <div class='ocr_carea' id='block_1_108' title="bbox 2225 4599 3782 4680">
    <p class='ocr_par' dir='ltr' id='par_1_108' title="bbox 2225 4599 3782 4680">
     <span class='ocr_line' id='line_1_108' title="bbox 2225 4599 3782 4680; baseline 0.009 -29"><span class='ocrx_word' id='word_1_865' title='bbox 2225 4607 2331 4651; x_wconf 89' lang='lat' dir='ltr'><strong>tum</strong></span> <span class='ocrx_word' id='word_1_866' title='bbox 2341 4599 2533 4663; x_wconf 87' lang='lat' dir='ltr'><strong>,cernis</strong></span> <span class='ocrx_word' id='word_1_867' title='bbox 2552 4599 2942 4667; x_wconf 91' lang='lat' dir='ltr'><strong>redditum,non</strong></span> <span class='ocrx_word' id='word_1_868' title='bbox 2959 4604 3131 4658; x_wconf 89' lang='lat' dir='ltr'><strong>credis</strong></span> <span class='ocrx_word' id='word_1_869' title='bbox 3146 4607 3486 4673; x_wconf 85' lang='lat' dir='ltr'><strong>promissum?</strong></span> <span class='ocrx_word' id='word_1_870' title='bbox 3500 4609 3642 4680; x_wconf 85' lang='lat' dir='ltr'><strong>Lege</strong></span> <span class='ocrx_word' id='word_1_871' title='bbox 3654 4610 3782 4665; x_wconf 86' lang='lat' dir='ltr'><strong>aliud</strong></span> 
     </span>
    </p>
   </div>
   <div class='ocr_carea' id='block_1_109' title="bbox 2223 4688 3785 4770">
    <p class='ocr_par' dir='ltr' id='par_1_109' title="bbox 2223 4688 3785 4770">
     <span class='ocr_line' id='line_1_109' title="bbox 2223 4688 3785 4770; baseline 0.007 -28"><span class='ocrx_word' id='word_1_872' title='bbox 2223 4688 2275 4742; x_wconf 93' lang='lat' dir='ltr'><strong>in</strong></span> <span class='ocrx_word' id='word_1_873' title='bbox 2293 4689 2644 4760; x_wconf 84' lang='lat' dir='ltr'><strong>chirographo</strong></span> <span class='ocrx_word' id='word_1_874' title='bbox 2669 4707 2786 4747; x_wconf 92' lang='lat' dir='ltr'><strong>meo</strong></span> <span class='ocrx_word' id='word_1_875' title='bbox 2807 4710 2820 4744; x_wconf 90' lang='lat'><strong>:</strong></span> <span class='ocrx_word' id='word_1_876' title='bbox 2841 4693 3097 4758; x_wconf 88' lang='lat' dir='ltr'><strong>Quoniam</strong></span> <span class='ocrx_word' id='word_1_877' title='bbox 3119 4696 3421 4764; x_wconf 79' lang='lat' dir='ltr'><strong>fremuerunt</strong></span> <span class='ocrx_word' id='word_1_878' title='bbox 3438 4715 3609 4770; x_wconf 86' lang='lat' dir='ltr'><strong>gentes</strong></span> <span class='ocrx_word' id='word_1_879' title='bbox 3625 4719 3642 4754; x_wconf 94' lang='lat'><strong><em>:</em></strong></span> <span class='ocrx_word' id='word_1_880' title='bbox 3656 4702 3785 4770; x_wconf 83' lang='lat' dir='ltr'><strong>Quo-</strong></span> 
     </span>
    </p>
   </div>
   <div class='ocr_carea' id='block_1_110' title="bbox 2223 4782 3781 4851">
    <p class='ocr_par' dir='ltr' id='par_1_110' title="bbox 2223 4782 3781 4851">
     <span class='ocr_line' id='line_1_110' title="bbox 2223 4782 3781 4851; baseline 0.004 -15"><span class='ocrx_word' id='word_1_881' title='bbox 2223 4782 2362 4836; x_wconf 80' lang='lat' dir='ltr'><strong>niam</strong></span> <span class='ocrx_word' id='word_1_882' title='bbox 2392 4783 2581 4836; x_wconf 85' lang='lat' dir='ltr'><strong>inimici</strong></span> <span class='ocrx_word' id='word_1_883' title='bbox 2608 4784 2704 4836; x_wconf 85' lang='lat' dir='ltr'><strong>moi</strong></span> <span class='ocrx_word' id='word_1_884' title='bbox 2728 4785 2960 4839; x_wconf 71' lang='lat' dir='ltr'><strong>dixerunt</strong></span> <span class='ocrx_word' id='word_1_885' title='bbox 2987 4787 3121 4841; x_wconf 89' lang='lat' dir='ltr'><strong>mala</strong></span> <span class='ocrx_word' id='word_1_886' title='bbox 3150 4789 3289 4851; x_wconf 83' lang='lat' dir='ltr'><strong>mihi,</strong></span> <span class='ocrx_word' id='word_1_887' title='bbox 3322 4789 3421 4844; x_wconf 89' lang='lat' dir='ltr'><strong>hoc</strong></span> <span class='ocrx_word' id='word_1_888' title='bbox 3448 4792 3781 4848; x_wconf 83' lang='lat' dir='ltr'><strong>estCliristo:</strong></span> 
     </span>
    </p>
   </div>
   <div class='ocr_carea' id='block_1_111' title="bbox 2228 4871 3785 4951">
    <p class='ocr_par' dir='ltr' id='par_1_111' title="bbox 2228 4871 3785 4951">
     <span class='ocr_line' id='line_1_111' title="bbox 2228 4871 3785 4951; baseline 0.007 -27"><span class='ocrx_word' id='word_1_889' title='bbox 2228 4871 2441 4940; x_wconf 82' lang='lat' dir='ltr'><strong>Quando</strong></span> <span class='ocrx_word' id='word_1_890' title='bbox 2487 4876 2726 4928; x_wconf 86' lang='lat' dir='ltr'><strong>morietur</strong></span> <span class='ocrx_word' id='word_1_891' title='bbox 2765 4885 2808 4929; x_wconf 87' lang='lat' dir='ltr'><strong>et</strong></span> <span class='ocrx_word' id='word_1_892' title='bbox 2835 4877 3010 4946; x_wconf 89' lang='lat' dir='ltr'><strong>peribit</strong></span> <span class='ocrx_word' id='word_1_893' title='bbox 3051 4894 3229 4932; x_wconf 85' lang='lat' dir='ltr'><strong>nomen</strong></span> <span class='ocrx_word' id='word_1_894' title='bbox 3251 4881 3358 4950; x_wconf 81' lang='lat' dir='ltr'><strong>ejus</strong></span> <span class='ocrx_word' id='word_1_895' title='bbox 3381 4880 3557 4951; x_wconf 85' lang='lat' dir='ltr'><strong>(Psal.</strong></span> <span class='ocrx_word' id='word_1_896' title='bbox 3592 4899 3677 4950; x_wconf 76' lang='lat' dir='ltr'><strong>XL,</strong></span> <span class='ocrx_word' id='word_1_897' title='bbox 3706 4883 3785 4949; x_wconf 59' lang='grc' dir='ltr'><strong>δη</strong></span> 
     </span>
    </p>
   </div>
   <div class='ocr_carea' id='block_1_112' title="bbox 2222 4965 3782 5045">
    <p class='ocr_par' dir='ltr' id='par_1_112' title="bbox 2222 4965 3782 5045">
     <span class='ocr_line' id='line_1_112' title="bbox 2222 4965 3782 5045; baseline 0.006 -26"><span class='ocrx_word' id='word_1_898' title='bbox 2222 4965 2479 5034; x_wconf 88' lang='lat' dir='ltr'><strong>Quoniam</strong></span> <span class='ocrx_word' id='word_1_899' title='bbox 2497 4965 2609 5022; x_wconf 66' lang='lat' dir='ltr'><strong>haec</strong></span> <span class='ocrx_word' id='word_1_900' title='bbox 2625 4967 2798 5022; x_wconf 90' lang='lat' dir='ltr'><strong>omnia</strong></span> <span class='ocrx_word' id='word_1_901' title='bbox 2817 4967 3217 5040; x_wconf 86' lang='lat' dir='ltr'><strong>lecernntatque</strong></span> <span class='ocrx_word' id='word_1_902' title='bbox 3233 4970 3498 5040; x_wconf 74' lang='lat' dir='ltr'><strong>dixerunt,</strong></span> <span class='ocrx_word' id='word_1_903' title='bbox 3520 4974 3637 5044; x_wconf 86' lang='lat' dir='ltr'><strong>lege</strong></span> <span class='ocrx_word' id='word_1_904' title='bbox 3653 4974 3782 5045; x_wconf 89' lang='lat' dir='ltr'><strong>quod</strong></span> 
     </span>
    </p>
   </div>
   <div class='ocr_carea' id='block_1_113' title="bbox 2286 5161 3025 5219">
    <p class='ocr_par' dir='ltr' id='par_1_113' title="bbox 2286 5161 3025 5219">
     <span class='ocr_line' id='line_1_113' title="bbox 2286 5161 3025 5219; baseline 0.003 -9"><span class='ocrx_word' id='word_1_905' title='bbox 2286 5161 2304 5196; x_wconf 79' lang='grc' dir='ltr'><strong>ι</strong></span> <span class='ocrx_word' id='word_1_906' title='bbox 2339 5169 2439 5211; x_wconf 81' lang='lat' dir='ltr'><strong>uno</strong></span> <span class='ocrx_word' id='word_1_907' title='bbox 2462 5169 2587 5219; x_wconf 70' lang='lat' dir='ltr'><strong>Mss,</strong></span> <span class='ocrx_word' id='word_1_908' title='bbox 2614 5161 2724 5210; x_wconf 79' lang='lat' dir='ltr'><strong>vim.</strong></span> <span class='ocrx_word' id='word_1_909' title='bbox 3022 5218 3025 5219; x_wconf 22' lang='grc' dir='ltr'><em>ν</em></span> 
     </span>
    </p>
   </div>
   <div class='ocr_carea' id='block_1_114' title="bbox 2284 5221 3794 5292">
    <p class='ocr_par' dir='ltr' id='par_1_114' title="bbox 2284 5221 3794 5292">
     <span class='ocr_line' id='line_1_114' title="bbox 2284 5221 3794 5292; baseline 0.003 -23"><span class='ocrx_word' id='word_1_910' title='bbox 2284 5225 2310 5292; x_wconf 37' lang='grc' dir='ltr'><strong>ι,</strong></span> <span class='ocrx_word' id='word_1_911' title='bbox 2335 5225 2410 5292; x_wconf 65' lang='lat' dir='ltr'><strong>sit;</strong></span> <span class='ocrx_word' id='word_1_912' title='bbox 2445 5222 2612 5284; x_wconf 87' lang='lat' dir='ltr'><strong>plures</strong></span> <span class='ocrx_word' id='word_1_913' title='bbox 2647 5229 2753 5272; x_wconf 74' lang='lat' dir='ltr'><strong>Mss.</strong></span> <span class='ocrx_word' id='word_1_914' title='bbox 2779 5228 2834 5271; x_wconf 79' lang='lat' dir='ltr'><strong>At</strong></span> <span class='ocrx_word' id='word_1_915' title='bbox 2856 5229 2976 5282; x_wconf 78' lang='lat' dir='ltr'><strong>Am.,</strong></span> <span class='ocrx_word' id='word_1_916' title='bbox 3019 5221 3350 5286; x_wconf 73' lang='lat' dir='ltr'><strong>diremptione.</strong></span> <span class='ocrx_word' id='word_1_917' title='bbox 3390 5228 3464 5271; x_wconf 81' lang='lat' dir='ltr'><strong>Fr.</strong></span> <span class='ocrx_word' id='word_1_918' title='bbox 3506 5230 3560 5274; x_wconf 88' lang='lat' dir='ltr'><strong>et</strong></span> <span class='ocrx_word' id='word_1_919' title='bbox 3583 5231 3715 5285; x_wconf 83' lang='lat' dir='ltr'><strong>Lov.,</strong></span> <span class='ocrx_word' id='word_1_920' title='bbox 3737 5223 3794 5273; x_wconf 78' lang='lat' dir='ltr'><strong>de</strong></span> 
     </span>
    </p>
   </div>
   <div class='ocr_carea' id='block_1_115' title="bbox 2221 5285 3791 5456">
    <p class='ocr_par' dir='ltr' id='par_1_115' title="bbox 2221 5285 3791 5456">
     <span class='ocr_line' id='line_1_115' title="bbox 2221 5285 3791 5456; baseline 0.003 -66"><span class='ocrx_word' id='word_1_921' title='bbox 2221 5285 2520 5456; x_wconf 45' lang='lat' dir='ltr'><strong>“(iﬁlli-petiti.</strong></span> <span class='ocrx_word' id='word_1_922' title='bbox 2546 5345 2771 5395; x_wconf 84' lang='lat' dir='ltr'><strong>omissum</strong></span> <span class='ocrx_word' id='word_1_923' title='bbox 2795 5351 2917 5404; x_wconf 85' lang='lat' dir='ltr'><strong>erat,</strong></span> <span class='ocrx_word' id='word_1_924' title='bbox 2942 5342 3126 5396; x_wconf 84' lang='lat' dir='ltr'><strong>redditi</strong></span> <span class='ocrx_word' id='word_1_925' title='bbox 3147 5355 3165 5394; x_wconf 91' lang='lat'><em>:</em></span> <span class='ocrx_word' id='word_1_926' title='bbox 3184 5344 3311 5409; x_wconf 91' lang='lat' dir='ltr'><strong>quod</strong></span> <span class='ocrx_word' id='word_1_927' title='bbox 3337 5357 3401 5395; x_wconf 79' lang='lat' dir='ltr'><strong>ex</strong></span> <span class='ocrx_word' id='word_1_928' title='bbox 3423 5345 3673 5396; x_wconf 76' lang='lat' dir='ltr'><strong>nonnullis</strong></span> <span class='ocrx_word' id='word_1_929' title='bbox 3692 5353 3791 5394; x_wconf 72' lang='lat' dir='ltr'><strong>uss.</strong></span> 
     </span>
     <span class='ocr_line' id='line_1_116' title="bbox 2221 5418 2532 5456; baseline -0.003 0"><span class='ocrx_word' id='word_1_930' title='bbox 2221 5418 2304 5456; x_wconf 89' lang='lat' dir='ltr'><strong>res</strong></span> <span class='ocrx_word' id='word_1_931' title='bbox 2325 5421 2340 5455; x_wconf 94' lang='grc' dir='ltr'><strong>ι</strong></span> <span class='ocrx_word' id='word_1_932' title='bbox 2361 5418 2532 5455; x_wconf 73' lang='lat' dir='ltr'><strong>ulmus.</strong></span> 
     </span>
    </p>
   </div>
   <div class='ocr_carea' id='block_1_116' title="bbox 2221 5418 2532 5456">
    <p class='ocr_par' dir='ltr' id='par_1_116' title="bbox 2221 5418 2532 5456">
     <span class='ocr_line' id='line_1_117' title="bbox 2221 5418 2532 5456; baseline -0.003 0"><span class='ocrx_word' id='word_1_933' title='bbox 2221 5418 2532 5456; x_wconf 71' lang='grc' dir='ltr'>ι’θδιιιιιιιηυε.</span> 
     </span>
    </p>
   </div>
   <div class='ocr_carea' id='block_1_117' title="bbox 2286 5484 3776 5549">
    <p class='ocr_par' dir='ltr' id='par_1_117' title="bbox 2286 5484 3776 5549">
     <span class='ocr_line' id='line_1_118' title="bbox 2286 5484 3776 5549; baseline 0.001 -14"><span class='ocrx_word' id='word_1_934' title='bbox 2286 5486 2358 5548; x_wconf 90' lang='lat' dir='ltr'><strong>(a)</strong></span> <span class='ocrx_word' id='word_1_935' title='bbox 2382 5487 2463 5536; x_wconf 82' lang='lat' dir='ltr'><strong>Hic</strong></span> <span class='ocrx_word' id='word_1_936' title='bbox 2486 5492 2720 5549; x_wconf 73' lang='lat' dir='ltr'><strong>martyres</strong></span> <span class='ocrx_word' id='word_1_937' title='bbox 2755 5484 2901 5549; x_wconf 76' lang='lat' dir='ltr'><strong>vulgo</strong></span> <span class='ocrx_word' id='word_1_938' title='bbox 2939 5493 3096 5536; x_wconf 75' lang='lat' dir='ltr'><strong>Massa</strong></span> <span class='ocrx_word' id='word_1_939' title='bbox 3133 5485 3362 5544; x_wconf 84' lang='lat' dir='ltr'><strong>candida,</strong></span> <span class='ocrx_word' id='word_1_940' title='bbox 3387 5485 3661 5549; x_wconf 82' lang='lat' dir='ltr'><strong>laudantur,</strong></span> <span class='ocrx_word' id='word_1_941' title='bbox 3685 5499 3776 5548; x_wconf 81' lang='lat' dir='ltr'><strong>quo</strong></span> 
     </span>
    </p>
   </div>
   <div class='ocr_carea' id='block_1_118' title="bbox 2223 5547 3794 5608">
    <p class='ocr_par' dir='ltr' id='par_1_118' title="bbox 2223 5547 3794 5608">
     <span class='ocr_line' id='line_1_119' title="bbox 2223 5547 3794 5608; baseline 0.001 -12"><span class='ocrx_word' id='word_1_942' title='bbox 2223 5547 2402 5597; x_wconf 78' lang='lat' dir='ltr'><strong>rumin</strong></span> <span class='ocrx_word' id='word_1_943' title='bbox 2425 5547 2636 5606; x_wconf 76' lang='lat' dir='ltr'><strong>basilica,</strong></span> <span class='ocrx_word' id='word_1_944' title='bbox 2660 5547 2786 5608; x_wconf 83' lang='lat' dir='ltr'><strong>apud</strong></span> <span class='ocrx_word' id='word_1_945' title='bbox 2808 5548 3003 5606; x_wconf 86' lang='lat' dir='ltr'><strong>Uticam,</strong></span> <span class='ocrx_word' id='word_1_946' title='bbox 3029 5560 3306 5597; x_wconf 83' lang='lat' dir='ltr'><strong>sermonem</strong></span> <span class='ocrx_word' id='word_1_947' title='bbox 3343 5548 3559 5596; x_wconf 86' lang='lat' dir='ltr'><strong>habitum</strong></span> <span class='ocrx_word' id='word_1_948' title='bbox 3597 5547 3713 5596; x_wconf 79' lang='lat' dir='ltr'><strong>esse</strong></span> <span class='ocrx_word' id='word_1_949' title='bbox 3733 5559 3794 5598; x_wconf 79' lang='lat' dir='ltr'><strong>ex</strong></span> 
     </span>
    </p>
   </div>
   <div class='ocr_carea' id='block_1_119' title="bbox 2221 5609 3794 5672">
    <p class='ocr_par' dir='ltr' id='par_1_119' title="bbox 2221 5609 3794 5672">
     <span class='ocr_line' id='line_1_120' title="bbox 2221 5609 3794 5672; baseline 0.001 -16"><span class='ocrx_word' id='word_1_950' title='bbox 2221 5609 2508 5658; x_wconf 74' lang='lat' dir='ltr'><strong>Floriaeensi</strong></span> <span class='ocrx_word' id='word_1_951' title='bbox 2534 5617 2611 5672; x_wconf 73' lang='lat' dir='ltr'><strong>ius.</strong></span> <span class='ocrx_word' id='word_1_952' title='bbox 2629 5609 3058 5672; x_wconf 75' lang='lat' dir='ltr'><strong>deprehendimus.</strong></span> <span class='ocrx_word' id='word_1_953' title='bbox 3084 5617 3150 5657; x_wconf 89' lang='lat' dir='ltr'><strong>De</strong></span> <span class='ocrx_word' id='word_1_954' title='bbox 3188 5609 3364 5672; x_wconf 82' lang='lat' dir='ltr'><strong>iisdem</strong></span> <span class='ocrx_word' id='word_1_955' title='bbox 3385 5609 3679 5672; x_wconf 58' lang='lat' dir='ltr'><strong>n&#39;eartyrihus</strong></span> <span class='ocrx_word' id='word_1_956' title='bbox 3704 5610 3794 5672; x_wconf 71' lang='lat' dir='ltr'><strong>jam</strong></span> 
     </span>
    </p>
   </div>
   <div class='ocr_carea' id='block_1_120' title="bbox 2221 5669 3791 5731">
    <p class='ocr_par' dir='ltr' id='par_1_120' title="bbox 2221 5669 3791 5731">
     <span class='ocr_line' id='line_1_121' title="bbox 2221 5669 3791 5731; baseline -0.002 -12"><span class='ocrx_word' id='word_1_957' title='bbox 2221 5682 2365 5731; x_wconf 86' lang='lat' dir='ltr'><strong>supra</strong></span> <span class='ocrx_word' id='word_1_958' title='bbox 2389 5672 2437 5718; x_wconf 90' lang='lat' dir='ltr'><strong>in</strong></span> <span class='ocrx_word' id='word_1_959' title='bbox 2457 5669 2572 5718; x_wconf 76' lang='lat' dir='ltr'><strong>nsal.</strong></span> <span class='ocrx_word' id='word_1_960' title='bbox 2600 5683 2731 5728; x_wconf 68' lang='lat' dir='ltr'><strong>ms,</strong></span> <span class='ocrx_word' id='word_1_961' title='bbox 2757 5683 2805 5717; x_wconf 93' lang='lat' dir='ltr'><strong>n.</strong></span> <span class='ocrx_word' id='word_1_962' title='bbox 2839 5669 2888 5717; x_wconf 86' lang='lat'><strong>9.</strong></span> <span class='ocrx_word' id='word_1_963' title='bbox 2905 5669 3334 5731; x_wconf 65' lang='lat' dir='ltr'><strong>Conﬁsermonem</strong></span> <span class='ocrx_word' id='word_1_964' title='bbox 3356 5669 3528 5719; x_wconf 77' lang='lat' dir='ltr'><strong>306dé</strong></span> <span class='ocrx_word' id='word_1_965' title='bbox 3555 5669 3791 5731; x_wconf 74' lang='lat' dir='ltr'><strong>Diversis,</strong></span> 
     </span>
    </p>
   </div>
   <div class='ocr_carea' id='block_1_121' title="bbox 2222 5729 3787 5838">
    <p class='ocr_par' dir='ltr' id='par_1_121' title="bbox 2222 5729 3787 5838">
     <span class='ocr_line' id='line_1_122' title="bbox 2222 5729 3787 5838; baseline -0.002 -59"><span class='ocrx_word' id='word_1_966' title='bbox 2222 5729 2578 5838; x_wconf 56' lang='lat' dir='ltr'><strong>necnﬁnlserm.</strong></span> <span class='ocrx_word' id='word_1_967' title='bbox 2595 5732 2648 5781; x_wconf 77' lang='lat' dir='ltr'><strong>5t</strong></span> <span class='ocrx_word' id='word_1_968' title='bbox 2662 5733 2706 5790; x_wconf 83' lang='lat' dir='ltr'><strong>t,</strong></span> <span class='ocrx_word' id='word_1_969' title='bbox 2729 5732 2866 5793; x_wconf 84' lang='lat' dir='ltr'><strong>cujus</strong></span> <span class='ocrx_word' id='word_1_970' title='bbox 2879 5741 2981 5794; x_wconf 69' lang='lat' dir='ltr'><strong>cap.</strong></span> <span class='ocrx_word' id='word_1_971' title='bbox 3002 5730 3078 5781; x_wconf 79' lang='grc'><strong>10.</strong></span> <span class='ocrx_word' id='word_1_972' title='bbox 3109 5749 3129 5777; x_wconf 74' lang='grc' dir='ltr'><strong>ι</strong></span> <span class='ocrx_word' id='word_1_973' title='bbox 3141 5733 3374 5781; x_wconf 75' lang='lat' dir='ltr'><strong>Uticensis</strong></span> <span class='ocrx_word' id='word_1_974' title='bbox 3391 5738 3536 5781; x_wconf 71' lang='lat' dir='ltr'><strong>nassa</strong></span> <span class='ocrx_word' id='word_1_975' title='bbox 3550 5729 3747 5781; x_wconf 72' lang='lat' dir='ltr'><strong>candida</strong></span> <span class='ocrx_word' id='word_1_976' title='bbox 3764 5743 3787 5776; x_wconf 76' lang='grc' dir='ltr'><strong>ι</strong></span> 
     </span>
     <span class='ocr_line' id='line_1_123' title="bbox 2222 5803 2508 5838; baseline 0 0"><span class='ocrx_word' id='word_1_977' title='bbox 2222 5803 2344 5838; x_wconf 79' lang='lat' dir='ltr'><strong>anne</strong></span> <span class='ocrx_word' id='word_1_978' title='bbox 2386 5806 2412 5838; x_wconf 66' lang='grc' dir='ltr'><strong>ιι</strong></span> <span class='ocrx_word' id='word_1_979' title='bbox 2434 5805 2508 5838; x_wconf 87' lang='lat' dir='ltr'><strong>nr.</strong></span> 
     </span>
    </p>
   </div>
   <div class='ocr_carea' id='block_1_122' title="bbox 2222 5798 2508 5854">
    <p class='ocr_par' dir='ltr' id='par_1_122' title="bbox 2222 5798 2508 5854">
     <span class='ocr_line' id='line_1_124' title="bbox 2222 5798 2508 5854; baseline -0.014 -13"><span class='ocrx_word' id='word_1_980' title='bbox 2222 5798 2508 5854; x_wconf 81' lang='lat' dir='ltr'><strong>appellatur.</strong></span> 
     </span>
    </p>
   </div>
  </div>
