  <div class='ocr_page' id='page_1' title='image "/cluster/home/n/w/nwhite01/storage/ocr_20150623/37/uva.x000827106/438.png"; bbox 0 0 4084 6476; ppageno 0'>
   <div class='ocr_carea' id='block_1_1' title="bbox 271 451 408 510">
    <p class='ocr_par' dir='ltr' id='par_1_1' title="bbox 271 451 408 510">
     <span class='ocr_line' id='line_1_1' title="bbox 271 451 408 510; baseline 0 -2"><span class='ocrx_word' id='word_1_1' title='bbox 271 453 304 508; x_wconf 81' lang='grc' dir='ltr'><strong>Ι</strong></span> <span class='ocrx_word' id='word_1_2' title='bbox 317 451 408 510; x_wconf 68' lang='grc'><strong>881</strong></span> 
     </span>
    </p>
   </div>
   <div class='ocr_carea' id='block_1_2' title="bbox 262 557 1845 635">
    <p class='ocr_par' dir='ltr' id='par_1_2' title="bbox 262 557 1845 635">
     <span class='ocr_line' id='line_1_2' title="bbox 262 557 1845 635; baseline -0.005 -15"><span class='ocrx_word' id='word_1_3' title='bbox 262 560 515 635; x_wconf 75' lang='lat' dir='ltr'><strong>promisi,</strong></span> <span class='ocrx_word' id='word_1_4' title='bbox 527 563 611 617; x_wconf 89' lang='lat' dir='ltr'><strong>eui</strong></span> <span class='ocrx_word' id='word_1_5' title='bbox 627 577 708 615; x_wconf 87' lang='lat' dir='ltr'><strong>me</strong></span> <span class='ocrx_word' id='word_1_6' title='bbox 722 558 974 617; x_wconf 84' lang='lat' dir='ltr'><strong>solvendo</strong></span> <span class='ocrx_word' id='word_1_7' title='bbox 987 560 1242 615; x_wconf 78' lang='lat' dir='ltr'><strong>obstrinxi</strong></span> <span class='ocrx_word' id='word_1_8' title='bbox 1264 579 1274 613; x_wconf 87' lang='lat'><strong>:</strong></span> <span class='ocrx_word' id='word_1_9' title='bbox 1294 559 1587 612; x_wconf 72' lang='lat' dir='ltr'><strong>Prwvalebit</strong></span> <span class='ocrx_word' id='word_1_10' title='bbox 1600 557 1845 612; x_wconf 84' lang='lat' dir='ltr'><strong>Dominus</strong></span> 
     </span>
    </p>
   </div>
   <div class='ocr_carea' id='block_1_3' title="bbox 260 649 1843 717">
    <p class='ocr_par' dir='ltr' id='par_1_3' title="bbox 260 649 1843 717">
     <span class='ocr_line' id='line_1_3' title="bbox 260 649 1843 717; baseline -0.006 -8"><span class='ocrx_word' id='word_1_11' title='bbox 260 658 511 709; x_wconf 83' lang='lat' dir='ltr'><strong>adversus</strong></span> <span class='ocrx_word' id='word_1_12' title='bbox 522 670 624 716; x_wconf 90' lang='lat' dir='ltr'><strong>eos,</strong></span> <span class='ocrx_word' id='word_1_13' title='bbox 640 664 684 705; x_wconf 90' lang='lat' dir='ltr'><strong>et</strong></span> <span class='ocrx_word' id='word_1_14' title='bbox 695 651 1038 705; x_wconf 77' lang='lat' dir='ltr'><strong>exterminabit</strong></span> <span class='ocrx_word' id='word_1_15' title='bbox 1057 666 1224 703; x_wconf 83' lang='lat' dir='ltr'><strong>omnes</strong></span> <span class='ocrx_word' id='word_1_16' title='bbox 1237 649 1354 702; x_wconf 86' lang='lat' dir='ltr'><strong>deos</strong></span> <span class='ocrx_word' id='word_1_17' title='bbox 1370 649 1589 717; x_wconf 87' lang='lat' dir='ltr'><strong>gentium</strong></span> <span class='ocrx_word' id='word_1_18' title='bbox 1610 656 1785 713; x_wconf 82' lang='lat' dir='ltr'><strong>teme;</strong></span> <span class='ocrx_word' id='word_1_19' title='bbox 1799 657 1843 700; x_wconf 92' lang='lat' dir='ltr'><strong>et</strong></span> 
     </span>
    </p>
   </div>
   <div class='ocr_carea' id='block_1_4' title="bbox 260 737 1843 810">
    <p class='ocr_par' dir='ltr' id='par_1_4' title="bbox 260 737 1843 810">
     <span class='ocr_line' id='line_1_4' title="bbox 260 737 1843 810; baseline -0.005 -11"><span class='ocrx_word' id='word_1_20' title='bbox 260 744 550 799; x_wconf 81' lang='lat' dir='ltr'><strong>adorabunt</strong></span> <span class='ocrx_word' id='word_1_21' title='bbox 563 742 695 807; x_wconf 82' lang='lat' dir='ltr'><strong>eum,</strong></span> <span class='ocrx_word' id='word_1_22' title='bbox 714 740 1048 810; x_wconf 70' lang='lat' dir='ltr'><strong>unusquisque</strong></span> <span class='ocrx_word' id='word_1_23' title='bbox 1064 740 1124 792; x_wconf 89' lang='lat' dir='ltr'><strong>de</strong></span> <span class='ocrx_word' id='word_1_24' title='bbox 1140 739 1247 792; x_wconf 90' lang='lat' dir='ltr'><strong>loco</strong></span> <span class='ocrx_word' id='word_1_25' title='bbox 1267 754 1357 791; x_wconf 90' lang='lat' dir='ltr'><strong>suo</strong></span> <span class='ocrx_word' id='word_1_26' title='bbox 1375 738 1626 805; x_wconf 79' lang='lat' dir='ltr'><strong>(Saphon.</strong></span> <span class='ocrx_word' id='word_1_27' title='bbox 1643 754 1699 803; x_wconf 82' lang='grc' dir='ltr'><strong>ιι,</strong></span> <span class='ocrx_word' id='word_1_28' title='bbox 1722 737 1843 806; x_wconf 77' lang='lat' dir='ltr'><strong>ll)?</strong></span> 
     </span>
    </p>
   </div>
   <div class='ocr_carea' id='block_1_5' title="bbox 257 827 1842 904">
    <p class='ocr_par' dir='ltr' id='par_1_5' title="bbox 257 827 1842 904">
     <span class='ocr_line' id='line_1_5' title="bbox 257 827 1842 904; baseline -0.007 -13"><span class='ocrx_word' id='word_1_29' title='bbox 257 835 473 904; x_wconf 79' lang='lat' dir='ltr'><strong>Nempe</strong></span> <span class='ocrx_word' id='word_1_30' title='bbox 497 833 604 903; x_wconf 90' lang='lat' dir='ltr'><strong>jam</strong></span> <span class='ocrx_word' id='word_1_31' title='bbox 630 830 935 904; x_wconf 78' lang='lat' dir='ltr'><strong>przevaluit;</strong></span> <span class='ocrx_word' id='word_1_32' title='bbox 966 829 1334 884; x_wconf 77' lang='lat' dir='ltr'><strong>exterminavit</strong></span> <span class='ocrx_word' id='word_1_33' title='bbox 1358 842 1545 882; x_wconf 91' lang='lat' dir='ltr'><strong>omnes</strong></span> <span class='ocrx_word' id='word_1_34' title='bbox 1566 827 1693 880; x_wconf 90' lang='lat' dir='ltr'><strong>deos</strong></span> <span class='ocrx_word' id='word_1_35' title='bbox 1713 841 1842 896; x_wconf 83' lang='lat' dir='ltr'><strong>gen-</strong></span> 
     </span>
    </p>
   </div>
   <div class='ocr_carea' id='block_1_6' title="bbox 257 908 1841 989">
    <p class='ocr_par' dir='ltr' id='par_1_6' title="bbox 257 908 1841 989">
     <span class='ocr_line' id='line_1_6' title="bbox 257 908 1841 989; baseline -0.007 -7"><span class='ocrx_word' id='word_1_36' title='bbox 257 928 402 989; x_wconf 75' lang='lat' dir='ltr'><strong>tium</strong></span> <span class='ocrx_word' id='word_1_37' title='bbox 434 935 607 979; x_wconf 69' lang='lat' dir='ltr'><strong>terrm.</strong></span> <span class='ocrx_word' id='word_1_38' title='bbox 636 908 820 976; x_wconf 83' lang='lat' dir='ltr'><strong>Nonne</strong></span> <span class='ocrx_word' id='word_1_39' title='bbox 846 929 900 976; x_wconf 90' lang='lat' dir='ltr'><strong>et</strong></span> <span class='ocrx_word' id='word_1_40' title='bbox 936 920 1038 974; x_wconf 88' lang='lat' dir='ltr'><strong>hoc</strong></span> <span class='ocrx_word' id='word_1_41' title='bbox 1065 918 1188 973; x_wconf 92' lang='lat' dir='ltr'><strong>facit</strong></span> <span class='ocrx_word' id='word_1_42' title='bbox 1212 960 1226 985; x_wconf 91' lang='lat'><strong>,</strong></span> <span class='ocrx_word' id='word_1_43' title='bbox 1256 926 1309 973; x_wconf 92' lang='lat' dir='ltr'><strong>et</strong></span> <span class='ocrx_word' id='word_1_44' title='bbox 1336 916 1436 971; x_wconf 89' lang='lat' dir='ltr'><strong>hoc</strong></span> <span class='ocrx_word' id='word_1_45' title='bbox 1464 916 1678 971; x_wconf 90' lang='lat' dir='ltr'><strong>reddit?</strong></span> <span class='ocrx_word' id='word_1_46' title='bbox 1706 917 1841 971; x_wconf 87' lang='lat' dir='ltr'><strong>Ante</strong></span> 
     </span>
    </p>
   </div>
   <div class='ocr_carea' id='block_1_7' title="bbox 254 1007 1836 1080">
    <p class='ocr_par' dir='ltr' id='par_1_7' title="bbox 254 1007 1836 1080">
     <span class='ocr_line' id='line_1_7' title="bbox 254 1007 1836 1080; baseline -0.009 -8"><span class='ocrx_word' id='word_1_47' title='bbox 254 1015 455 1072; x_wconf 89' lang='lat' dir='ltr'><strong>oculos</strong></span> <span class='ocrx_word' id='word_1_48' title='bbox 481 1012 713 1067; x_wconf 91' lang='lat' dir='ltr'><strong>omnium</strong></span> <span class='ocrx_word' id='word_1_49' title='bbox 746 1010 894 1080; x_wconf 88' lang='lat' dir='ltr'><strong>ponit</strong></span> <span class='ocrx_word' id='word_1_50' title='bbox 919 1009 1233 1064; x_wconf 85' lang='lat' dir='ltr'><strong>solutionem</strong></span> <span class='ocrx_word' id='word_1_51' title='bbox 1260 1007 1556 1061; x_wconf 79' lang='lat' dir='ltr'><strong>debitorum</strong></span> <span class='ocrx_word' id='word_1_52' title='bbox 1584 1020 1836 1060; x_wconf 88' lang='lat' dir='ltr'><strong>suorum:</strong></span> 
     </span>
    </p>
   </div>
   <div class='ocr_carea' id='block_1_8' title="bbox 253 1101 1837 1179">
    <p class='ocr_par' dir='ltr' id='par_1_8' title="bbox 253 1101 1837 1179">
     <span class='ocr_line' id='line_1_8' title="bbox 253 1101 1837 1179; baseline -0.008 -16"><span class='ocrx_word' id='word_1_53' title='bbox 253 1107 509 1179; x_wconf 62' lang='lat' dir='ltr'><strong>quaedam</strong></span> <span class='ocrx_word' id='word_1_54' title='bbox 536 1104 761 1160; x_wconf 80' lang='lat' dir='ltr'><strong>reddidit</strong></span> <span class='ocrx_word' id='word_1_55' title='bbox 786 1103 885 1157; x_wconf 87' lang='lat' dir='ltr'><strong>sub</strong></span> <span class='ocrx_word' id='word_1_56' title='bbox 910 1101 1195 1170; x_wconf 84' lang='lat' dir='ltr'><strong>majoribus</strong></span> <span class='ocrx_word' id='word_1_57' title='bbox 1223 1101 1436 1163; x_wconf 74' lang='lat' dir='ltr'><strong>nostris,</strong></span> <span class='ocrx_word' id='word_1_58' title='bbox 1465 1114 1580 1167; x_wconf 71' lang='lat' dir='ltr'><strong>qua:</strong></span> <span class='ocrx_word' id='word_1_59' title='bbox 1612 1112 1707 1150; x_wconf 89' lang='lat' dir='ltr'><strong>nos</strong></span> <span class='ocrx_word' id='word_1_60' title='bbox 1735 1112 1837 1151; x_wconf 87' lang='lat' dir='ltr'><strong>non</strong></span> 
     </span>
    </p>
   </div>
   <div class='ocr_carea' id='block_1_9' title="bbox 252 1190 1839 1267">
    <p class='ocr_par' dir='ltr' id='par_1_9' title="bbox 252 1190 1839 1267">
     <span class='ocr_line' id='line_1_9' title="bbox 252 1190 1839 1267; baseline -0.008 -14"><span class='ocrx_word' id='word_1_61' title='bbox 252 1199 534 1265; x_wconf 74' lang='lat' dir='ltr'><strong>vidimus;</strong></span> <span class='ocrx_word' id='word_1_62' title='bbox 563 1196 804 1267; x_wconf 78' lang='lat' dir='ltr'><strong>quaedam</strong></span> <span class='ocrx_word' id='word_1_63' title='bbox 853 1193 1081 1249; x_wconf 84' lang='lat' dir='ltr'><strong>reddidit</strong></span> <span class='ocrx_word' id='word_1_64' title='bbox 1110 1191 1431 1261; x_wconf 85' lang='lat' dir='ltr'><strong>temporibus</strong></span> <span class='ocrx_word' id='word_1_65' title='bbox 1460 1190 1654 1243; x_wconf 87' lang='lat' dir='ltr'><strong>nostris</strong></span> <span class='ocrx_word' id='word_1_66' title='bbox 1675 1230 1688 1253; x_wconf 93' lang='lat'><strong>,</strong></span> <span class='ocrx_word' id='word_1_67' title='bbox 1722 1204 1839 1257; x_wconf 72' lang='lat' dir='ltr'><strong>qure</strong></span> 
     </span>
    </p>
   </div>
   <div class='ocr_carea' id='block_1_10' title="bbox 252 1278 1841 1352">
    <p class='ocr_par' dir='ltr' id='par_1_10' title="bbox 252 1278 1841 1352">
     <span class='ocr_line' id='line_1_10' title="bbox 252 1278 1841 1352; baseline -0.008 -8"><span class='ocrx_word' id='word_1_68' title='bbox 252 1289 339 1345; x_wconf 88' lang='lat' dir='ltr'><strong>illi</strong></span> <span class='ocrx_word' id='word_1_69' title='bbox 389 1303 492 1343; x_wconf 92' lang='lat' dir='ltr'><strong>non</strong></span> <span class='ocrx_word' id='word_1_70' title='bbox 537 1286 781 1341; x_wconf 88' lang='lat' dir='ltr'><strong>viderunt</strong></span> <span class='ocrx_word' id='word_1_71' title='bbox 811 1300 824 1336; x_wconf 90' lang='lat'><strong>:</strong></span> <span class='ocrx_word' id='word_1_72' title='bbox 858 1299 953 1352; x_wconf 90' lang='lat' dir='ltr'><strong>per</strong></span> <span class='ocrx_word' id='word_1_73' title='bbox 990 1296 1175 1337; x_wconf 92' lang='lat' dir='ltr'><strong>omnes</strong></span> <span class='ocrx_word' id='word_1_74' title='bbox 1216 1278 1583 1351; x_wconf 82' lang='lat' dir='ltr'><strong>generationes</strong></span> <span class='ocrx_word' id='word_1_75' title='bbox 1611 1278 1841 1333; x_wconf 87' lang='lat' dir='ltr'><strong>reddidit</strong></span> 
     </span>
    </p>
   </div>
   <div class='ocr_carea' id='block_1_11' title="bbox 252 1369 1836 1450">
    <p class='ocr_par' dir='ltr' id='par_1_11' title="bbox 252 1369 1836 1450">
     <span class='ocr_line' id='line_1_11' title="bbox 252 1369 1836 1450; baseline -0.007 -16"><span class='ocrx_word' id='word_1_76' title='bbox 252 1396 387 1450; x_wconf 76' lang='lat' dir='ltr'><strong>qua:</strong></span> <span class='ocrx_word' id='word_1_77' title='bbox 426 1379 621 1448; x_wconf 89' lang='lat' dir='ltr'><strong>scripta</strong></span> <span class='ocrx_word' id='word_1_78' title='bbox 650 1384 792 1430; x_wconf 91' lang='lat' dir='ltr'><strong>sunt.</strong></span> <span class='ocrx_word' id='word_1_79' title='bbox 834 1374 902 1429; x_wconf 87' lang='lat' dir='ltr'><strong>Et</strong></span> <span class='ocrx_word' id='word_1_80' title='bbox 926 1373 1051 1442; x_wconf 92' lang='lat' dir='ltr'><strong>quid</strong></span> <span class='ocrx_word' id='word_1_81' title='bbox 1092 1372 1293 1427; x_wconf 86' lang='lat' dir='ltr'><strong>restat?</strong></span> <span class='ocrx_word' id='word_1_82' title='bbox 1324 1370 1437 1425; x_wconf 85' lang='lat' dir='ltr'><strong>Non</strong></span> <span class='ocrx_word' id='word_1_83' title='bbox 1481 1370 1528 1424; x_wconf 91' lang='lat' dir='ltr'><strong>ei</strong></span> <span class='ocrx_word' id='word_1_84' title='bbox 1566 1369 1836 1437; x_wconf 88' lang='lat' dir='ltr'><strong>creditur,</strong></span> 
     </span>
    </p>
   </div>
   <div class='ocr_carea' id='block_1_12' title="bbox 251 1460 1838 1532">
    <p class='ocr_par' dir='ltr' id='par_1_12' title="bbox 251 1460 1838 1532">
     <span class='ocr_line' id='line_1_12' title="bbox 251 1460 1838 1532; baseline -0.009 -6"><span class='ocrx_word' id='word_1_85' title='bbox 251 1470 349 1526; x_wconf 86' lang='lat' dir='ltr'><strong>his</strong></span> <span class='ocrx_word' id='word_1_86' title='bbox 381 1469 626 1525; x_wconf 89' lang='lat' dir='ltr'><strong>omnibus</strong></span> <span class='ocrx_word' id='word_1_87' title='bbox 654 1465 915 1521; x_wconf 88' lang='lat' dir='ltr'><strong>redditis?</strong></span> <span class='ocrx_word' id='word_1_88' title='bbox 939 1463 1074 1532; x_wconf 83' lang='lat' dir='ltr'><strong>Quid</strong></span> <span class='ocrx_word' id='word_1_89' title='bbox 1102 1464 1305 1518; x_wconf 85' lang='lat' dir='ltr'><strong>restat?</strong></span> <span class='ocrx_word' id='word_1_90' title='bbox 1329 1462 1464 1516; x_wconf 85' lang='lat' dir='ltr'><strong>Ecce</strong></span> <span class='ocrx_word' id='word_1_91' title='bbox 1490 1461 1655 1515; x_wconf 86' lang='lat' dir='ltr'><strong>fecisti</strong></span> <span class='ocrx_word' id='word_1_92' title='bbox 1680 1460 1838 1513; x_wconf 84' lang='lat' dir='ltr'><strong>ratio-</strong></span> 
     </span>
    </p>
   </div>
   <div class='ocr_carea' id='block_1_13' title="bbox 249 1549 1835 1627">
    <p class='ocr_par' dir='ltr' id='par_1_13' title="bbox 249 1549 1835 1627">
     <span class='ocr_line' id='line_1_13' title="bbox 249 1549 1835 1627; baseline -0.009 -9"><span class='ocrx_word' id='word_1_93' title='bbox 249 1579 389 1619; x_wconf 88' lang='lat' dir='ltr'><strong>nem</strong></span> <span class='ocrx_word' id='word_1_94' title='bbox 412 1579 427 1627; x_wconf 90' lang='lat'><strong>;</strong></span> <span class='ocrx_word' id='word_1_95' title='bbox 457 1570 596 1616; x_wconf 90' lang='lat' dir='ltr'><strong>tanta</strong></span> <span class='ocrx_word' id='word_1_96' title='bbox 622 1556 852 1613; x_wconf 90' lang='lat' dir='ltr'><strong>reddidit</strong></span> <span class='ocrx_word' id='word_1_97' title='bbox 878 1573 889 1609; x_wconf 84' lang='lat'><strong>:</strong></span> <span class='ocrx_word' id='word_1_98' title='bbox 916 1554 1164 1624; x_wconf 88' lang='lat' dir='ltr'><strong>numquid</strong></span> <span class='ocrx_word' id='word_1_99' title='bbox 1195 1562 1408 1623; x_wconf 90' lang='lat' dir='ltr'><strong>propter</strong></span> <span class='ocrx_word' id='word_1_100' title='bbox 1435 1567 1599 1622; x_wconf 90' lang='lat' dir='ltr'><strong>pauca</strong></span> <span class='ocrx_word' id='word_1_101' title='bbox 1626 1549 1835 1605; x_wconf 89' lang='lat' dir='ltr'><strong>residua</strong></span> 
     </span>
    </p>
   </div>
   <div class='ocr_carea' id='block_1_14' title="bbox 247 1638 1836 1710">
    <p class='ocr_par' dir='ltr' id='par_1_14' title="bbox 247 1638 1836 1710">
     <span class='ocr_line' id='line_1_14' title="bbox 247 1638 1836 1710; baseline -0.011 -2"><span class='ocrx_word' id='word_1_102' title='bbox 247 1652 493 1708; x_wconf 81' lang='lat' dir='ltr'><strong>inﬁdelis</strong></span> <span class='ocrx_word' id='word_1_103' title='bbox 516 1658 599 1705; x_wconf 82' lang='lat' dir='ltr'><strong>est</strong></span> <span class='ocrx_word' id='word_1_104' title='bbox 624 1646 829 1702; x_wconf 81' lang='lat' dir='ltr'><strong>factus?</strong></span> <span class='ocrx_word' id='word_1_105' title='bbox 856 1645 1024 1699; x_wconf 87' lang='lat' dir='ltr'><strong>Absit.</strong></span> <span class='ocrx_word' id='word_1_106' title='bbox 1053 1642 1268 1710; x_wconf 89' lang='lat' dir='ltr'><strong>Quare?</strong></span> <span class='ocrx_word' id='word_1_107' title='bbox 1300 1642 1428 1708; x_wconf 92' lang='lat' dir='ltr'><strong>Quia</strong></span> <span class='ocrx_word' id='word_1_108' title='bbox 1454 1681 1471 1708; x_wconf 93' lang='lat'><strong>,</strong></span> <span class='ocrx_word' id='word_1_109' title='bbox 1506 1639 1700 1694; x_wconf 79' lang='lat' dir='ltr'><strong>Fidelis</strong></span> <span class='ocrx_word' id='word_1_110' title='bbox 1725 1638 1836 1692; x_wconf 90' lang='lat' dir='ltr'><strong>Do-</strong></span> 
     </span>
    </p>
   </div>
   <div class='ocr_carea' id='block_1_15' title="bbox 248 1729 1831 1799">
    <p class='ocr_par' dir='ltr' id='par_1_15' title="bbox 248 1729 1831 1799">
     <span class='ocr_line' id='line_1_15' title="bbox 248 1729 1831 1799; baseline -0.008 -3"><span class='ocrx_word' id='word_1_111' title='bbox 248 1743 429 1796; x_wconf 80' lang='lat' dir='ltr'><strong>minus</strong></span> <span class='ocrx_word' id='word_1_112' title='bbox 453 1742 503 1793; x_wconf 90' lang='lat' dir='ltr'><strong>in</strong></span> <span class='ocrx_word' id='word_1_113' title='bbox 529 1738 685 1793; x_wconf 84' lang='lat' dir='ltr'><strong>verbis</strong></span> <span class='ocrx_word' id='word_1_114' title='bbox 711 1737 833 1799; x_wconf 90' lang='lat' dir='ltr'><strong>suis,</strong></span> <span class='ocrx_word' id='word_1_115' title='bbox 857 1745 901 1789; x_wconf 89' lang='lat' dir='ltr'><strong>et</strong></span> <span class='ocrx_word' id='word_1_116' title='bbox 922 1744 1120 1788; x_wconf 86' lang='lat' dir='ltr'><strong>sanctus</strong></span> <span class='ocrx_word' id='word_1_117' title='bbox 1141 1734 1193 1786; x_wconf 90' lang='lat' dir='ltr'><strong>in</strong></span> <span class='ocrx_word' id='word_1_118' title='bbox 1214 1733 1440 1786; x_wconf 88' lang='lat' dir='ltr'><strong>omnibus</strong></span> <span class='ocrx_word' id='word_1_119' title='bbox 1459 1730 1688 1799; x_wconf 85' lang='lat' dir='ltr'><strong>Operibus</strong></span> <span class='ocrx_word' id='word_1_120' title='bbox 1709 1729 1831 1783; x_wconf 88' lang='lat' dir='ltr'><strong>suis.</strong></span> 
     </span>
    </p>
   </div>
   <div class='ocr_carea' id='block_1_16' title="bbox 331 1820 1834 1905">
    <p class='ocr_par' dir='ltr' id='par_1_16' title="bbox 331 1820 1834 1905">
     <span class='ocr_line' id='line_1_16' title="bbox 331 1820 1834 1905; baseline -0.011 -17"><span class='ocrx_word' id='word_1_121' title='bbox 331 1834 425 1888; x_wconf 78' lang='grc'><strong>18.</strong></span> <span class='ocrx_word' id='word_1_122' title='bbox 458 1831 473 1905; x_wconf 79' lang='grc' dir='ltr'>Ι</span> <span class='ocrx_word' id='word_1_123' title='bbox 493 1847 618 1885; x_wconf 88' lang='lat' dir='ltr'><strong>vers.</strong></span> <span class='ocrx_word' id='word_1_124' title='bbox 653 1826 775 1900; x_wconf 62' lang='lat'><strong>14.]</strong></span> <span class='ocrx_word' id='word_1_125' title='bbox 797 1826 1071 1895; x_wconf 90' lang='lat' dir='ltr'><strong>Conﬁrmat</strong></span> <span class='ocrx_word' id='word_1_126' title='bbox 1088 1822 1335 1877; x_wconf 83' lang='lat' dir='ltr'><strong>Dominus</strong></span> <span class='ocrx_word' id='word_1_127' title='bbox 1352 1838 1519 1875; x_wconf 91' lang='lat' dir='ltr'><strong>omnes</strong></span> <span class='ocrx_word' id='word_1_128' title='bbox 1537 1820 1834 1873; x_wconf 83' lang='lat' dir='ltr'><strong>decidentes.</strong></span> 
     </span>
    </p>
   </div>
   <div class='ocr_carea' id='block_1_17' title="bbox 247 1910 1838 1996">
    <p class='ocr_par' dir='ltr' id='par_1_17' title="bbox 247 1910 1838 1996">
     <span class='ocr_line' id='line_1_17' title="bbox 247 1910 1838 1996; baseline -0.013 -13"><span class='ocrx_word' id='word_1_129' title='bbox 247 1926 371 1983; x_wconf 85' lang='lat' dir='ltr'><strong>Sed</strong></span> <span class='ocrx_word' id='word_1_130' title='bbox 397 1939 527 1996; x_wconf 89' lang='lat' dir='ltr'><strong>quos</strong></span> <span class='ocrx_word' id='word_1_131' title='bbox 556 1938 724 1976; x_wconf 89' lang='lat' dir='ltr'><strong>omnes</strong></span> <span class='ocrx_word' id='word_1_132' title='bbox 754 1916 1078 1973; x_wconf 81' lang='lat' dir='ltr'><strong>decidentes?</strong></span> <span class='ocrx_word' id='word_1_133' title='bbox 1106 1914 1305 1970; x_wconf 88' lang='lat' dir='ltr'><strong>Omnes</strong></span> <span class='ocrx_word' id='word_1_134' title='bbox 1349 1913 1566 1967; x_wconf 90' lang='lat' dir='ltr'><strong>omnino</strong></span> <span class='ocrx_word' id='word_1_135' title='bbox 1592 1910 1838 1966; x_wconf 87' lang='lat' dir='ltr'><strong>deciden-</strong></span> 
     </span>
    </p>
   </div>
   <div class='ocr_carea' id='block_1_18' title="bbox 248 2002 1835 2083">
    <p class='ocr_par' dir='ltr' id='par_1_18' title="bbox 248 2002 1835 2083">
     <span class='ocr_line' id='line_1_18' title="bbox 248 2002 1835 2083; baseline -0.011 -9"><span class='ocrx_word' id='word_1_136' title='bbox 248 2028 365 2083; x_wconf 80' lang='lat' dir='ltr'><strong>tes,</strong></span> <span class='ocrx_word' id='word_1_137' title='bbox 396 2014 489 2071; x_wconf 87' lang='lat' dir='ltr'><strong>sed</strong></span> <span class='ocrx_word' id='word_1_138' title='bbox 521 2012 677 2067; x_wconf 91' lang='lat' dir='ltr'><strong>modo</strong></span> <span class='ocrx_word' id='word_1_139' title='bbox 715 2008 941 2081; x_wconf 89' lang='lat' dir='ltr'><strong>quodam</strong></span> <span class='ocrx_word' id='word_1_140' title='bbox 968 2006 1293 2061; x_wconf 84' lang='lat' dir='ltr'><strong>decidentes.</strong></span> <span class='ocrx_word' id='word_1_141' title='bbox 1324 2004 1532 2058; x_wconf 87' lang='lat' dir='ltr'><strong>Etenim</strong></span> <span class='ocrx_word' id='word_1_142' title='bbox 1564 2003 1711 2056; x_wconf 88' lang='lat' dir='ltr'><strong>multi</strong></span> <span class='ocrx_word' id='word_1_143' title='bbox 1738 2002 1835 2057; x_wconf 83' lang='lat' dir='ltr'><strong>de—</strong></span> 
     </span>
    </p>
   </div>
   <div class='ocr_carea' id='block_1_19' title="bbox 246 2093 1837 2169">
    <p class='ocr_par' dir='ltr' id='par_1_19' title="bbox 246 2093 1837 2169">
     <span class='ocr_line' id='line_1_19' title="bbox 246 2093 1837 2169; baseline -0.01 -6"><span class='ocrx_word' id='word_1_144' title='bbox 246 2108 447 2164; x_wconf 89' lang='lat' dir='ltr'><strong>cidunt</strong></span> <span class='ocrx_word' id='word_1_145' title='bbox 485 2105 553 2159; x_wconf 91' lang='lat' dir='ltr'><strong>ab</strong></span> <span class='ocrx_word' id='word_1_146' title='bbox 580 2118 678 2169; x_wconf 88' lang='lat' dir='ltr'><strong>eo;</strong></span> <span class='ocrx_word' id='word_1_147' title='bbox 723 2099 871 2154; x_wconf 91' lang='lat' dir='ltr'><strong>multi</strong></span> <span class='ocrx_word' id='word_1_148' title='bbox 898 2106 1074 2152; x_wconf 91' lang='lat' dir='ltr'><strong>autem</strong></span> <span class='ocrx_word' id='word_1_149' title='bbox 1101 2096 1351 2151; x_wconf 90' lang='lat' dir='ltr'><strong>decidunt</strong></span> <span class='ocrx_word' id='word_1_150' title='bbox 1375 2111 1404 2149; x_wconf 89' lang='lat' dir='ltr'><strong>a</strong></span> <span class='ocrx_word' id='word_1_151' title='bbox 1436 2093 1837 2164; x_wconf 81' lang='lat' dir='ltr'><strong>cogitationibus</strong></span> 
     </span>
    </p>
   </div>
   <div class='ocr_carea' id='block_1_20' title="bbox 244 2183 1831 2263">
    <p class='ocr_par' dir='ltr' id='par_1_20' title="bbox 244 2183 1831 2263">
     <span class='ocr_line' id='line_1_20' title="bbox 244 2183 1831 2263; baseline -0.011 -10"><span class='ocrx_word' id='word_1_152' title='bbox 244 2199 372 2253; x_wconf 80' lang='lat' dir='ltr'><strong>suis</strong></span> <span class='ocrx_word' id='word_1_153' title='bbox 398 2199 415 2263; x_wconf 94' lang='lat'><strong>(</strong></span> <span class='ocrx_word' id='word_1_154' title='bbox 453 2194 596 2248; x_wconf 73' lang='lat' dir='ltr'><strong>Psal.</strong></span> <span class='ocrx_word' id='word_1_155' title='bbox 625 2209 678 2258; x_wconf 76' lang='grc' dir='ltr'><strong>ν,</strong></span> <span class='ocrx_word' id='word_1_156' title='bbox 709 2192 769 2246; x_wconf 81' lang='lat' dir='ltr'><strong>ll</strong></span> <span class='ocrx_word' id='word_1_157' title='bbox 800 2190 840 2261; x_wconf 94' lang='lat'><strong>).</strong></span> <span class='ocrx_word' id='word_1_158' title='bbox 867 2188 923 2243; x_wconf 88' lang='lat' dir='ltr'><strong>Si</strong></span> <span class='ocrx_word' id='word_1_159' title='bbox 966 2186 1231 2242; x_wconf 89' lang='lat' dir='ltr'><strong>habebant</strong></span> <span class='ocrx_word' id='word_1_160' title='bbox 1260 2186 1427 2239; x_wconf 90' lang='lat' dir='ltr'><strong>malas</strong></span> <span class='ocrx_word' id='word_1_161' title='bbox 1449 2183 1793 2253; x_wconf 82' lang='lat' dir='ltr'><strong>cogitationes</strong></span> <span class='ocrx_word' id='word_1_162' title='bbox 1818 2222 1831 2246; x_wconf 95' lang='lat'><strong>,</strong></span> 
     </span>
    </p>
   </div>
   <div class='ocr_carea' id='block_1_21' title="bbox 246 2272 1833 2349">
    <p class='ocr_par' dir='ltr' id='par_1_21' title="bbox 246 2272 1833 2349">
     <span class='ocr_line' id='line_1_21' title="bbox 246 2272 1833 2349; baseline -0.01 -6"><span class='ocrx_word' id='word_1_163' title='bbox 246 2286 512 2343; x_wconf 84' lang='lat' dir='ltr'><strong>decidunt</strong></span> <span class='ocrx_word' id='word_1_164' title='bbox 527 2284 592 2338; x_wconf 88' lang='lat' dir='ltr'><strong>ab</strong></span> <span class='ocrx_word' id='word_1_165' title='bbox 613 2284 708 2349; x_wconf 88' lang='lat' dir='ltr'><strong>eis,</strong></span> <span class='ocrx_word' id='word_1_166' title='bbox 732 2291 784 2335; x_wconf 88' lang='lat' dir='ltr'><strong>et</strong></span> <span class='ocrx_word' id='word_1_167' title='bbox 805 2280 1067 2348; x_wconf 87' lang='lat' dir='ltr'><strong>conﬁrmat</strong></span> <span class='ocrx_word' id='word_1_168' title='bbox 1084 2276 1333 2330; x_wconf 75' lang='lat' dir='ltr'><strong>Dominus</strong></span> <span class='ocrx_word' id='word_1_169' title='bbox 1349 2291 1516 2329; x_wconf 87' lang='lat' dir='ltr'><strong>onmes</strong></span> <span class='ocrx_word' id='word_1_170' title='bbox 1533 2272 1833 2327; x_wconf 81' lang='lat' dir='ltr'><strong>decidentes.</strong></span> 
     </span>
    </p>
   </div>
   <div class='ocr_carea' id='block_1_22' title="bbox 247 2365 1830 2445">
    <p class='ocr_par' dir='ltr' id='par_1_22' title="bbox 247 2365 1830 2445">
     <span class='ocr_line' id='line_1_22' title="bbox 247 2365 1830 2445; baseline -0.009 -15"><span class='ocrx_word' id='word_1_171' title='bbox 247 2378 360 2445; x_wconf 81' lang='lat' dir='ltr'><strong>Qui</strong></span> <span class='ocrx_word' id='word_1_172' title='bbox 400 2374 597 2445; x_wconf 89' lang='lat' dir='ltr'><strong>aliquid</strong></span> <span class='ocrx_word' id='word_1_173' title='bbox 624 2372 871 2427; x_wconf 91' lang='lat' dir='ltr'><strong>amittunt</strong></span> <span class='ocrx_word' id='word_1_174' title='bbox 913 2371 963 2423; x_wconf 94' lang='lat' dir='ltr'><strong>in</strong></span> <span class='ocrx_word' id='word_1_175' title='bbox 1008 2369 1110 2423; x_wconf 90' lang='lat' dir='ltr'><strong>isto</strong></span> <span class='ocrx_word' id='word_1_176' title='bbox 1148 2367 1343 2423; x_wconf 79' lang='lat' dir='ltr'><strong>sarculo</strong></span> <span class='ocrx_word' id='word_1_177' title='bbox 1386 2376 1438 2421; x_wconf 92' lang='lat' dir='ltr'><strong>et</strong></span> <span class='ocrx_word' id='word_1_178' title='bbox 1467 2365 1633 2420; x_wconf 84' lang='lat' dir='ltr'><strong>sancti</strong></span> <span class='ocrx_word' id='word_1_179' title='bbox 1663 2373 1784 2420; x_wconf 90' lang='lat' dir='ltr'><strong>sunt</strong></span> <span class='ocrx_word' id='word_1_180' title='bbox 1814 2405 1830 2429; x_wconf 92' lang='lat'><strong>,</strong></span> 
     </span>
    </p>
   </div>
   <div class='ocr_carea' id='block_1_23' title="bbox 251 2454 1837 2524">
    <p class='ocr_par' dir='ltr' id='par_1_23' title="bbox 251 2454 1837 2524">
     <span class='ocr_line' id='line_1_23' title="bbox 251 2454 1837 2524; baseline -0.01 -1"><span class='ocrx_word' id='word_1_181' title='bbox 251 2468 430 2524; x_wconf 79' lang='lat' dir='ltr'><strong>veluti</strong></span> <span class='ocrx_word' id='word_1_182' title='bbox 456 2466 852 2522; x_wconf 77' lang='lat' dir='ltr'><strong>exbonorantur</strong></span> <span class='ocrx_word' id='word_1_183' title='bbox 878 2462 928 2515; x_wconf 93' lang='lat' dir='ltr'><strong>in</strong></span> <span class='ocrx_word' id='word_1_184' title='bbox 958 2462 1057 2514; x_wconf 88' lang='lat' dir='ltr'><strong>isto</strong></span> <span class='ocrx_word' id='word_1_185' title='bbox 1084 2459 1312 2520; x_wconf 70' lang='lat' dir='ltr'><strong>smculo;</strong></span> <span class='ocrx_word' id='word_1_186' title='bbox 1346 2473 1407 2512; x_wconf 80' lang='lat' dir='ltr'><strong>ex</strong></span> <span class='ocrx_word' id='word_1_187' title='bbox 1430 2456 1679 2511; x_wconf 81' lang='lat' dir='ltr'><strong>divitibus</strong></span> <span class='ocrx_word' id='word_1_188' title='bbox 1705 2454 1837 2508; x_wconf 82' lang='lat' dir='ltr'><strong>fiunt</strong></span> 
     </span>
    </p>
   </div>
   <div class='ocr_carea' id='block_1_24' title="bbox 247 2542 1835 2630">
    <p class='ocr_par' dir='ltr' id='par_1_24' title="bbox 247 2542 1835 2630">
     <span class='ocr_line' id='line_1_24' title="bbox 247 2542 1835 2630; baseline -0.008 -19"><span class='ocrx_word' id='word_1_189' title='bbox 247 2572 539 2630; x_wconf 71' lang='lat' dir='ltr'><strong>pauperes,</strong></span> <span class='ocrx_word' id='word_1_190' title='bbox 568 2571 632 2610; x_wconf 77' lang='lat' dir='ltr'><strong>ex</strong></span> <span class='ocrx_word' id='word_1_191' title='bbox 665 2552 936 2606; x_wconf 82' lang='lat' dir='ltr'><strong>honoratis</strong></span> <span class='ocrx_word' id='word_1_192' title='bbox 974 2549 1103 2604; x_wconf 86' lang='lat' dir='ltr'><strong>ﬁunt</strong></span> <span class='ocrx_word' id='word_1_193' title='bbox 1129 2542 1351 2618; x_wconf 82' lang='lat' dir='ltr'><strong>ahjecti,</strong></span> <span class='ocrx_word' id='word_1_194' title='bbox 1384 2556 1435 2601; x_wconf 84' lang='lat' dir='ltr'><strong>et</strong></span> <span class='ocrx_word' id='word_1_195' title='bbox 1466 2556 1638 2600; x_wconf 90' lang='lat' dir='ltr'><strong>tamen</strong></span> <span class='ocrx_word' id='word_1_196' title='bbox 1669 2544 1835 2598; x_wconf 86' lang='lat' dir='ltr'><strong>saneti</strong></span> 
     </span>
    </p>
   </div>
   <div class='ocr_carea' id='block_1_25' title="bbox 248 2637 1836 2715">
    <p class='ocr_par' dir='ltr' id='par_1_25' title="bbox 248 2637 1836 2715">
     <span class='ocr_line' id='line_1_25' title="bbox 248 2637 1836 2715; baseline -0.013 -8"><span class='ocrx_word' id='word_1_197' title='bbox 248 2653 354 2707; x_wconf 85' lang='lat' dir='ltr'><strong>Dei</strong></span> <span class='ocrx_word' id='word_1_198' title='bbox 411 2658 569 2713; x_wconf 90' lang='lat' dir='ltr'><strong>sunt;</strong></span> <span class='ocrx_word' id='word_1_199' title='bbox 612 2655 857 2715; x_wconf 86' lang='lat' dir='ltr'><strong>tanquam</strong></span> <span class='ocrx_word' id='word_1_200' title='bbox 895 2640 1200 2696; x_wconf 87' lang='lat' dir='ltr'><strong>decidentes</strong></span> <span class='ocrx_word' id='word_1_201' title='bbox 1245 2648 1386 2693; x_wconf 91' lang='lat' dir='ltr'><strong>sunt.</strong></span> <span class='ocrx_word' id='word_1_202' title='bbox 1418 2638 1521 2693; x_wconf 90' lang='lat' dir='ltr'><strong>Sed</strong></span> <span class='ocrx_word' id='word_1_203' title='bbox 1573 2637 1836 2702; x_wconf 88' lang='lat' dir='ltr'><strong>conﬁrmat</strong></span> 
     </span>
    </p>
   </div>
   <div class='ocr_carea' id='block_1_26' title="bbox 249 2726 1835 2799">
    <p class='ocr_par' dir='ltr' id='par_1_26' title="bbox 249 2726 1835 2799">
     <span class='ocr_line' id='line_1_26' title="bbox 249 2726 1835 2799; baseline -0.009 -4"><span class='ocrx_word' id='word_1_204' title='bbox 249 2740 511 2795; x_wconf 86' lang='lat' dir='ltr'><strong>Dominus</strong></span> <span class='ocrx_word' id='word_1_205' title='bbox 539 2752 708 2790; x_wconf 88' lang='lat' dir='ltr'><strong>omnes</strong></span> <span class='ocrx_word' id='word_1_206' title='bbox 739 2733 1036 2787; x_wconf 83' lang='lat' dir='ltr'><strong>decidentes.</strong></span> <span class='ocrx_word' id='word_1_207' title='bbox 1082 2730 1291 2799; x_wconf 87' lang='lat' dir='ltr'><strong>Septies</strong></span> <span class='ocrx_word' id='word_1_208' title='bbox 1328 2727 1467 2783; x_wconf 88' lang='lat' dir='ltr'><strong>enim</strong></span> <span class='ocrx_word' id='word_1_209' title='bbox 1501 2727 1639 2783; x_wconf 87' lang='lat' dir='ltr'><strong>cadit</strong></span> <span class='ocrx_word' id='word_1_210' title='bbox 1664 2726 1835 2794; x_wconf 86' lang='lat' dir='ltr'><strong>justus</strong></span> 
     </span>
    </p>
   </div>
   <div class='ocr_carea' id='block_1_27' title="bbox 249 2814 1831 2897">
    <p class='ocr_par' dir='ltr' id='par_1_27' title="bbox 249 2814 1831 2897">
     <span class='ocr_line' id='line_1_27' title="bbox 249 2814 1831 2897; baseline -0.011 -10"><span class='ocrx_word' id='word_1_211' title='bbox 249 2843 310 2886; x_wconf 87' lang='lat' dir='ltr'><strong>et</strong></span> <span class='ocrx_word' id='word_1_212' title='bbox 342 2828 602 2897; x_wconf 89' lang='lat' dir='ltr'><strong>resurgit;</strong></span> <span class='ocrx_word' id='word_1_213' title='bbox 623 2825 765 2893; x_wconf 88' lang='lat' dir='ltr'><strong>impii</strong></span> <span class='ocrx_word' id='word_1_214' title='bbox 788 2830 961 2877; x_wconf 88' lang='lat' dir='ltr'><strong>autem</strong></span> <span class='ocrx_word' id='word_1_215' title='bbox 986 2820 1391 2874; x_wconf 89' lang='lat' dir='ltr'><strong>inlirmabuntur</strong></span> <span class='ocrx_word' id='word_1_216' title='bbox 1409 2818 1458 2871; x_wconf 91' lang='lat' dir='ltr'><strong>in</strong></span> <span class='ocrx_word' id='word_1_217' title='bbox 1486 2817 1637 2870; x_wconf 89' lang='lat' dir='ltr'><strong>malis</strong></span> <span class='ocrx_word' id='word_1_218' title='bbox 1654 2814 1831 2886; x_wconf 86' lang='lat' dir='ltr'><strong>(Prov.</strong></span> 
     </span>
    </p>
   </div>
   <div class='ocr_carea' id='block_1_28' title="bbox 246 2908 1836 2991">
    <p class='ocr_par' dir='ltr' id='par_1_28' title="bbox 246 2908 1836 2991">
     <span class='ocr_line' id='line_1_28' title="bbox 246 2908 1836 2991; baseline -0.013 -12"><span class='ocrx_word' id='word_1_219' title='bbox 246 2939 405 2988; x_wconf 64' lang='lat' dir='ltr'><strong>sxw,</strong></span> <span class='ocrx_word' id='word_1_220' title='bbox 440 2920 507 2976; x_wconf 78' lang='grc'><strong>16</strong></span> <span class='ocrx_word' id='word_1_221' title='bbox 527 2920 567 2991; x_wconf 94' lang='grc'><strong>).</strong></span> <span class='ocrx_word' id='word_1_222' title='bbox 595 2916 816 2985; x_wconf 84' lang='lat' dir='ltr'><strong>Quando</strong></span> <span class='ocrx_word' id='word_1_223' title='bbox 847 2914 980 2968; x_wconf 91' lang='lat' dir='ltr'><strong>mala</strong></span> <span class='ocrx_word' id='word_1_224' title='bbox 1007 2911 1253 2966; x_wconf 90' lang='lat' dir='ltr'><strong>accidunt</strong></span> <span class='ocrx_word' id='word_1_225' title='bbox 1275 2910 1469 2979; x_wconf 88' lang='lat' dir='ltr'><strong>impiis,</strong></span> <span class='ocrx_word' id='word_1_226' title='bbox 1501 2908 1836 2962; x_wconf 86' lang='lat' dir='ltr'><strong>inlirmantur</strong></span> 
     </span>
    </p>
   </div>
   <div class='ocr_carea' id='block_1_29' title="bbox 249 2996 1836 3083">
    <p class='ocr_par' dir='ltr' id='par_1_29' title="bbox 249 2996 1836 3083">
     <span class='ocr_line' id='line_1_29' title="bbox 249 2996 1836 3083; baseline -0.013 -13"><span class='ocrx_word' id='word_1_227' title='bbox 249 3016 331 3070; x_wconf 89' lang='lat' dir='ltr'><strong>ibi</strong></span> <span class='ocrx_word' id='word_1_228' title='bbox 369 3032 383 3067; x_wconf 89' lang='lat'><strong>:</strong></span> <span class='ocrx_word' id='word_1_229' title='bbox 420 3009 634 3083; x_wconf 88' lang='lat' dir='ltr'><strong>quando</strong></span> <span class='ocrx_word' id='word_1_230' title='bbox 662 3006 797 3061; x_wconf 89' lang='lat' dir='ltr'><strong>mala</strong></span> <span class='ocrx_word' id='word_1_231' title='bbox 824 3003 1069 3058; x_wconf 89' lang='lat' dir='ltr'><strong>accidunt</strong></span> <span class='ocrx_word' id='word_1_232' title='bbox 1090 3002 1265 3071; x_wconf 90' lang='lat' dir='ltr'><strong>justis,</strong></span> <span class='ocrx_word' id='word_1_233' title='bbox 1294 3000 1558 3067; x_wconf 85' lang='lat' dir='ltr'><strong>conﬁrmat</strong></span> <span class='ocrx_word' id='word_1_234' title='bbox 1592 2996 1836 3050; x_wconf 83' lang='lat' dir='ltr'><strong>Dominus</strong></span> 
     </span>
    </p>
   </div>
   <div class='ocr_carea' id='block_1_30' title="bbox 247 3086 1837 3161">
    <p class='ocr_par' dir='ltr' id='par_1_30' title="bbox 247 3086 1837 3161">
     <span class='ocr_line' id='line_1_30' title="bbox 247 3086 1837 3161; baseline -0.013 0"><span class='ocrx_word' id='word_1_235' title='bbox 247 3121 431 3161; x_wconf 85' lang='lat' dir='ltr'><strong>omnes</strong></span> <span class='ocrx_word' id='word_1_236' title='bbox 451 3100 749 3155; x_wconf 85' lang='lat' dir='ltr'><strong>decidentes.</strong></span> <span class='ocrx_word' id='word_1_237' title='bbox 782 3095 1053 3151; x_wconf 90' lang='lat' dir='ltr'><strong>Deciderat</strong></span> <span class='ocrx_word' id='word_1_238' title='bbox 1072 3092 1172 3147; x_wconf 86' lang='lat' dir='ltr'><strong>Job</strong></span> <span class='ocrx_word' id='word_1_239' title='bbox 1200 3107 1227 3144; x_wconf 91' lang='lat' dir='ltr'><strong>a</strong></span> <span class='ocrx_word' id='word_1_240' title='bbox 1253 3090 1419 3161; x_wconf 81' lang='lat' dir='ltr'><strong>gloria</strong></span> <span class='ocrx_word' id='word_1_241' title='bbox 1443 3088 1675 3159; x_wconf 83' lang='lat' dir='ltr'><strong>pristina:</strong></span> <span class='ocrx_word' id='word_1_242' title='bbox 1705 3086 1837 3140; x_wconf 91' lang='lat' dir='ltr'><strong>lucis</strong></span> 
     </span>
    </p>
   </div>
   <div class='ocr_carea' id='block_1_31' title="bbox 250 3177 1833 3264">
    <p class='ocr_par' dir='ltr' id='par_1_31' title="bbox 250 3177 1833 3264">
     <span class='ocr_line' id='line_1_31' title="bbox 250 3177 1833 3264; baseline -0.013 -13"><span class='ocrx_word' id='word_1_243' title='bbox 250 3193 633 3264; x_wconf 82' lang='lat' dir='ltr'><strong>temporalium</strong></span> <span class='ocrx_word' id='word_1_244' title='bbox 664 3203 863 3253; x_wconf 88' lang='lat' dir='ltr'><strong>rerum,</strong></span> <span class='ocrx_word' id='word_1_245' title='bbox 891 3185 1081 3256; x_wconf 86' lang='lat' dir='ltr'><strong>quibus</strong></span> <span class='ocrx_word' id='word_1_246' title='bbox 1107 3183 1305 3237; x_wconf 90' lang='lat' dir='ltr'><strong>nitebat</strong></span> <span class='ocrx_word' id='word_1_247' title='bbox 1333 3180 1399 3235; x_wconf 91' lang='lat' dir='ltr'><strong>ad</strong></span> <span class='ocrx_word' id='word_1_248' title='bbox 1432 3190 1657 3249; x_wconf 87' lang='lat' dir='ltr'><strong>tempus,</strong></span> <span class='ocrx_word' id='word_1_249' title='bbox 1684 3177 1833 3232; x_wconf 80' lang='lat' dir='ltr'><strong>deci-</strong></span> 
     </span>
    </p>
   </div>
   <div class='ocr_carea' id='block_1_32' title="bbox 249 3268 1834 3348">
    <p class='ocr_par' dir='ltr' id='par_1_32' title="bbox 249 3268 1834 3348">
     <span class='ocr_line' id='line_1_32' title="bbox 249 3268 1834 3348; baseline -0.011 -8"><span class='ocrx_word' id='word_1_250' title='bbox 249 3286 469 3341; x_wconf 85' lang='lat' dir='ltr'><strong>derata</strong></span> <span class='ocrx_word' id='word_1_251' title='bbox 499 3280 661 3348; x_wconf 84' lang='lat' dir='ltr'><strong>gloria</strong></span> <span class='ocrx_word' id='word_1_252' title='bbox 688 3278 875 3333; x_wconf 89' lang='lat' dir='ltr'><strong>domus</strong></span> <span class='ocrx_word' id='word_1_253' title='bbox 905 3290 1035 3331; x_wconf 72' lang='lat' dir='ltr'><strong>sum.</strong></span> <span class='ocrx_word' id='word_1_254' title='bbox 1070 3273 1238 3327; x_wconf 80' lang='lat' dir='ltr'><strong>Vultis</strong></span> <span class='ocrx_word' id='word_1_255' title='bbox 1281 3284 1436 3325; x_wconf 91' lang='lat' dir='ltr'><strong>nosse</strong></span> <span class='ocrx_word' id='word_1_256' title='bbox 1458 3277 1709 3340; x_wconf 87' lang='lat' dir='ltr'><strong>quantum</strong></span> <span class='ocrx_word' id='word_1_257' title='bbox 1739 3268 1834 3323; x_wconf 88' lang='lat' dir='ltr'><strong>de-</strong></span> 
     </span>
    </p>
   </div>
   <div class='ocr_carea' id='block_1_33' title="bbox 248 3359 1835 3431">
    <p class='ocr_par' dir='ltr' id='par_1_33' title="bbox 248 3359 1835 3431">
     <span class='ocr_line' id='line_1_33' title="bbox 248 3359 1835 3431; baseline -0.01 -2"><span class='ocrx_word' id='word_1_258' title='bbox 248 3372 502 3431; x_wconf 86' lang='lat' dir='ltr'><strong>ciderat?</strong></span> <span class='ocrx_word' id='word_1_259' title='bbox 532 3371 586 3425; x_wconf 87' lang='lat' dir='ltr'><strong>In</strong></span> <span class='ocrx_word' id='word_1_260' title='bbox 615 3380 850 3425; x_wconf 90' lang='lat' dir='ltr'><strong>stercore</strong></span> <span class='ocrx_word' id='word_1_261' title='bbox 870 3365 1088 3421; x_wconf 91' lang='lat' dir='ltr'><strong>sedebat</strong></span> <span class='ocrx_word' id='word_1_262' title='bbox 1118 3382 1129 3417; x_wconf 91' lang='lat'>:</span> <span class='ocrx_word' id='word_1_263' title='bbox 1154 3372 1207 3418; x_wconf 89' lang='lat' dir='ltr'><strong>et</strong></span> <span class='ocrx_word' id='word_1_264' title='bbox 1230 3360 1560 3416; x_wconf 84' lang='lat' dir='ltr'><strong>conﬁrmavit</strong></span> <span class='ocrx_word' id='word_1_265' title='bbox 1580 3359 1835 3414; x_wconf 87' lang='lat' dir='ltr'><strong>Dominus</strong></span> 
     </span>
    </p>
   </div>
   <div class='ocr_carea' id='block_1_34' title="bbox 248 3449 1834 3526">
    <p class='ocr_par' dir='ltr' id='par_1_34' title="bbox 248 3449 1834 3526">
     <span class='ocr_line' id='line_1_34' title="bbox 248 3449 1834 3526; baseline -0.01 -7"><span class='ocrx_word' id='word_1_266' title='bbox 248 3463 611 3519; x_wconf 88' lang='lat' dir='ltr'><strong>decidentem.</strong></span> <span class='ocrx_word' id='word_1_267' title='bbox 632 3459 893 3526; x_wconf 89' lang='lat' dir='ltr'><strong>Quantum</strong></span> <span class='ocrx_word' id='word_1_268' title='bbox 913 3452 1278 3509; x_wconf 81' lang='lat' dir='ltr'><strong>confirmavit?</strong></span> <span class='ocrx_word' id='word_1_269' title='bbox 1301 3451 1369 3507; x_wconf 90' lang='lat' dir='ltr'><strong>Ut</strong></span> <span class='ocrx_word' id='word_1_270' title='bbox 1400 3459 1453 3505; x_wconf 92' lang='lat' dir='ltr'><strong>et</strong></span> <span class='ocrx_word' id='word_1_271' title='bbox 1479 3450 1529 3504; x_wconf 90' lang='lat' dir='ltr'><strong>in</strong></span> <span class='ocrx_word' id='word_1_272' title='bbox 1555 3450 1669 3519; x_wconf 88' lang='lat' dir='ltr'><strong>ipso</strong></span> <span class='ocrx_word' id='word_1_273' title='bbox 1690 3449 1834 3519; x_wconf 80' lang='lat' dir='ltr'><strong>gravi</strong></span> 
     </span>
    </p>
   </div>
   <div class='ocr_carea' id='block_1_35' title="bbox 251 3549 1836 3622">
    <p class='ocr_par' dir='ltr' id='par_1_35' title="bbox 251 3549 1836 3622">
     <span class='ocr_line' id='line_1_35' title="bbox 251 3549 1836 3622; baseline -0.009 -13"><span class='ocrx_word' id='word_1_274' title='bbox 251 3556 481 3611; x_wconf 83' lang='lat' dir='ltr'><strong>vulnere</strong></span> <span class='ocrx_word' id='word_1_275' title='bbox 504 3568 606 3622; x_wconf 90' lang='lat' dir='ltr'><strong>quo</strong></span> <span class='ocrx_word' id='word_1_276' title='bbox 635 3566 729 3620; x_wconf 90' lang='lat' dir='ltr'><strong>per</strong></span> <span class='ocrx_word' id='word_1_277' title='bbox 756 3557 922 3603; x_wconf 91' lang='lat' dir='ltr'><strong>totum</strong></span> <span class='ocrx_word' id='word_1_278' title='bbox 945 3560 1134 3615; x_wconf 90' lang='lat' dir='ltr'><strong>corpus</strong></span> <span class='ocrx_word' id='word_1_279' title='bbox 1157 3557 1435 3614; x_wconf 90' lang='lat' dir='ltr'><strong>percussus</strong></span> <span class='ocrx_word' id='word_1_280' title='bbox 1455 3549 1591 3606; x_wconf 90' lang='lat' dir='ltr'><strong>erat,</strong></span> <span class='ocrx_word' id='word_1_281' title='bbox 1615 3553 1836 3609; x_wconf 83' lang='lat' dir='ltr'><strong>respon-</strong></span> 
     </span>
    </p>
   </div>
   <div class='ocr_carea' id='block_1_36' title="bbox 251 3630 1833 3708">
    <p class='ocr_par' dir='ltr' id='par_1_36' title="bbox 251 3630 1833 3708">
     <span class='ocr_line' id='line_1_36' title="bbox 251 3630 1833 3708; baseline -0.013 -5"><span class='ocrx_word' id='word_1_282' title='bbox 251 3650 411 3703; x_wconf 85' lang='lat' dir='ltr'><strong>deret</strong></span> <span class='ocrx_word' id='word_1_283' title='bbox 431 3644 580 3701; x_wconf 84' lang='lat' dir='ltr'><strong>uxori</strong></span> <span class='ocrx_word' id='word_1_284' title='bbox 612 3640 854 3706; x_wconf 89' lang='lat' dir='ltr'><strong>tentanti,</strong></span> <span class='ocrx_word' id='word_1_285' title='bbox 873 3653 1029 3708; x_wconf 91' lang='lat' dir='ltr'><strong>quam</strong></span> <span class='ocrx_word' id='word_1_286' title='bbox 1047 3637 1213 3691; x_wconf 89' lang='lat' dir='ltr'><strong>solam</strong></span> <span class='ocrx_word' id='word_1_287' title='bbox 1232 3634 1329 3690; x_wconf 91' lang='lat' dir='ltr'><strong>sibi</strong></span> <span class='ocrx_word' id='word_1_288' title='bbox 1345 3631 1587 3687; x_wconf 90' lang='lat' dir='ltr'><strong>diabolus</strong></span> <span class='ocrx_word' id='word_1_289' title='bbox 1602 3630 1833 3699; x_wconf 86' lang='lat' dir='ltr'><strong>relique-</strong></span> 
     </span>
    </p>
   </div>
   <div class='ocr_carea' id='block_1_37' title="bbox 251 3721 1836 3808">
    <p class='ocr_par' dir='ltr' id='par_1_37' title="bbox 251 3721 1836 3808">
     <span class='ocr_line' id='line_1_37' title="bbox 251 3721 1836 3808; baseline -0.013 -12"><span class='ocrx_word' id='word_1_290' title='bbox 251 3750 337 3796; x_wconf 86' lang='lat' dir='ltr'><strong>rat</strong></span> <span class='ocrx_word' id='word_1_291' title='bbox 368 3736 680 3808; x_wconf 89' lang='lat' dir='ltr'><strong>adjutrieem</strong></span> <span class='ocrx_word' id='word_1_292' title='bbox 710 3751 721 3787; x_wconf 91' lang='lat'><strong>:</strong></span> <span class='ocrx_word' id='word_1_293' title='bbox 748 3732 938 3786; x_wconf 88' lang='lat' dir='ltr'><strong>Locuta</strong></span> <span class='ocrx_word' id='word_1_294' title='bbox 963 3747 1013 3784; x_wconf 90' lang='lat' dir='ltr'><strong>es</strong></span> <span class='ocrx_word' id='word_1_295' title='bbox 1034 3739 1269 3798; x_wconf 85' lang='lat' dir='ltr'><strong>tanquam</strong></span> <span class='ocrx_word' id='word_1_296' title='bbox 1295 3743 1395 3779; x_wconf 92' lang='lat' dir='ltr'><strong>una</strong></span> <span class='ocrx_word' id='word_1_297' title='bbox 1416 3741 1476 3778; x_wconf 78' lang='lat' dir='ltr'><strong>ea:</strong></span> <span class='ocrx_word' id='word_1_298' title='bbox 1490 3721 1836 3793; x_wconf 80' lang='lat' dir='ltr'><strong>insipientibus</strong></span> 
     </span>
    </p>
   </div>
   <div class='ocr_carea' id='block_1_38' title="bbox 251 3812 1833 3891">
    <p class='ocr_par' dir='ltr' id='par_1_38' title="bbox 251 3812 1833 3891">
     <span class='ocr_line' id='line_1_38' title="bbox 251 3812 1833 3891; baseline -0.01 -9"><span class='ocrx_word' id='word_1_299' title='bbox 251 3826 552 3883; x_wconf 82' lang='lat' dir='ltr'><strong>mulieribus</strong></span> <span class='ocrx_word' id='word_1_300' title='bbox 575 3842 591 3879; x_wconf 92' lang='lat'><em>:</em></span> <span class='ocrx_word' id='word_1_301' title='bbox 621 3825 662 3877; x_wconf 86' lang='lat' dir='ltr'><strong>si</strong></span> <span class='ocrx_word' id='word_1_302' title='bbox 689 3823 814 3876; x_wconf 84' lang='lat' dir='ltr'><strong>bona</strong></span> <span class='ocrx_word' id='word_1_303' title='bbox 838 3819 1148 3891; x_wconf 81' lang='lat' dir='ltr'><strong>percepimus</strong></span> <span class='ocrx_word' id='word_1_304' title='bbox 1183 3817 1243 3870; x_wconf 91' lang='lat' dir='ltr'><strong>de</strong></span> <span class='ocrx_word' id='word_1_305' title='bbox 1260 3832 1411 3869; x_wconf 89' lang='lat' dir='ltr'><strong>manu</strong></span> <span class='ocrx_word' id='word_1_306' title='bbox 1427 3812 1634 3867; x_wconf 81' lang='lat' dir='ltr'><strong>Domini</strong></span> <span class='ocrx_word' id='word_1_307' title='bbox 1654 3854 1668 3878; x_wconf 90' lang='lat'><strong>,</strong></span> <span class='ocrx_word' id='word_1_308' title='bbox 1696 3812 1833 3866; x_wconf 79' lang='lat' dir='ltr'><strong>mala</strong></span> 
     </span>
    </p>
   </div>
   <div class='ocr_carea' id='block_1_39' title="bbox 252 3903 1834 3983">
    <p class='ocr_par' dir='ltr' id='par_1_39' title="bbox 252 3903 1834 3983">
     <span class='ocr_line' id='line_1_39' title="bbox 252 3903 1834 3983; baseline -0.011 -10"><span class='ocrx_word' id='word_1_309' title='bbox 252 3937 357 3973; x_wconf 87' lang='lat' dir='ltr'><strong>non</strong></span> <span class='ocrx_word' id='word_1_310' title='bbox 391 3916 739 3971; x_wconf 83' lang='lat' dir='ltr'><strong>sustinebimus</strong></span> <span class='ocrx_word' id='word_1_311' title='bbox 770 3910 884 3983; x_wconf 85' lang='lat' dir='ltr'><strong>(Job</strong></span> <span class='ocrx_word' id='word_1_312' title='bbox 908 3926 963 3974; x_wconf 85' lang='grc' dir='ltr'><strong>ιι,</strong></span> <span class='ocrx_word' id='word_1_313' title='bbox 988 3908 1175 3978; x_wconf 74' lang='lat'><strong>7-10)?</strong></span> <span class='ocrx_word' id='word_1_314' title='bbox 1196 3904 1471 3973; x_wconf 88' lang='lat' dir='ltr'><strong>Quomodo</strong></span> <span class='ocrx_word' id='word_1_315' title='bbox 1492 3903 1834 3956; x_wconf 76' lang='lat' dir='ltr'><strong>confirmave-</strong></span> 
     </span>
    </p>
   </div>
   <div class='ocr_carea' id='block_1_40' title="bbox 253 3989 1830 4071">
    <p class='ocr_par' dir='ltr' id='par_1_40' title="bbox 253 3989 1830 4071">
     <span class='ocr_line' id='line_1_40' title="bbox 253 3989 1830 4071; baseline -0.015 -6"><span class='ocrx_word' id='word_1_316' title='bbox 253 4006 722 4065; x_wconf 83' lang='lat' dir='ltr'><strong>ratdecidentem!</strong></span> <span class='ocrx_word' id='word_1_317' title='bbox 753 4002 1027 4071; x_wconf 86' lang='lat' dir='ltr'><strong>Conﬁrmat</strong></span> <span class='ocrx_word' id='word_1_318' title='bbox 1053 3998 1299 4052; x_wconf 89' lang='lat' dir='ltr'><strong>Dominus</strong></span> <span class='ocrx_word' id='word_1_319' title='bbox 1328 4010 1500 4049; x_wconf 88' lang='lat' dir='ltr'><strong>omnes</strong></span> <span class='ocrx_word' id='word_1_320' title='bbox 1529 3989 1830 4044; x_wconf 85' lang='lat' dir='ltr'><strong>decidentes.</strong></span> 
     </span>
    </p>
   </div>
   <div class='ocr_carea' id='block_1_41' title="bbox 254 4086 1835 4164">
    <p class='ocr_par' dir='ltr' id='par_1_41' title="bbox 254 4086 1835 4164">
     <span class='ocr_line' id='line_1_41' title="bbox 254 4086 1835 4164; baseline -0.011 -9"><span class='ocrx_word' id='word_1_321' title='bbox 254 4101 386 4155; x_wconf 86' lang='lat' dir='ltr'><strong>Cum</strong></span> <span class='ocrx_word' id='word_1_322' title='bbox 409 4098 655 4156; x_wconf 75' lang='lat' dir='ltr'><strong>ceciderit.</strong></span> <span class='ocrx_word' id='word_1_323' title='bbox 677 4094 860 4164; x_wconf 85' lang='lat' dir='ltr'><strong>inquit,</strong></span> <span class='ocrx_word' id='word_1_324' title='bbox 876 4094 1046 4164; x_wconf 89' lang='lat' dir='ltr'><strong>justus</strong></span> <span class='ocrx_word' id='word_1_325' title='bbox 1068 4107 1167 4144; x_wconf 89' lang='lat' dir='ltr'><strong>non</strong></span> <span class='ocrx_word' id='word_1_326' title='bbox 1192 4086 1582 4152; x_wconf 79' lang='lat' dir='ltr'><strong>conturbabitur,</strong></span> <span class='ocrx_word' id='word_1_327' title='bbox 1600 4087 1835 4157; x_wconf 85' lang='lat' dir='ltr'><strong>quoniam</strong></span> 
     </span>
    </p>
   </div>
   <div class='ocr_carea' id='block_1_42' title="bbox 253 4174 1839 4256">
    <p class='ocr_par' dir='ltr' id='par_1_42' title="bbox 253 4174 1839 4256">
     <span class='ocr_line' id='line_1_42' title="bbox 253 4174 1839 4256; baseline -0.01 -11"><span class='ocrx_word' id='word_1_328' title='bbox 253 4191 511 4245; x_wconf 84' lang='lat' dir='ltr'><strong>Dominus</strong></span> <span class='ocrx_word' id='word_1_329' title='bbox 539 4187 802 4256; x_wconf 86' lang='lat' dir='ltr'><strong>conﬁrmat</strong></span> <span class='ocrx_word' id='word_1_330' title='bbox 835 4199 1038 4238; x_wconf 89' lang='lat' dir='ltr'><strong>manum</strong></span> <span class='ocrx_word' id='word_1_331' title='bbox 1059 4182 1166 4253; x_wconf 83' lang='lat' dir='ltr'><strong>ejus</strong></span> <span class='ocrx_word' id='word_1_332' title='bbox 1196 4178 1377 4250; x_wconf 84' lang='lat' dir='ltr'><strong>(Psal.</strong></span> <span class='ocrx_word' id='word_1_333' title='bbox 1408 4193 1586 4244; x_wconf 69' lang='lat' dir='ltr'><strong>xxx&quot;,</strong></span> <span class='ocrx_word' id='word_1_334' title='bbox 1611 4176 1681 4232; x_wconf 71' lang='grc'><strong>24</strong></span> <span class='ocrx_word' id='word_1_335' title='bbox 1705 4177 1742 4247; x_wconf 89' lang='grc'><strong>).</strong></span> <span class='ocrx_word' id='word_1_336' title='bbox 1770 4174 1839 4229; x_wconf 85' lang='lat' dir='ltr'><strong>Et</strong></span> 
     </span>
    </p>
   </div>
   <div class='ocr_carea' id='block_1_43' title="bbox 256 4264 1834 4351">
    <p class='ocr_par' dir='ltr' id='par_1_43' title="bbox 256 4264 1834 4351">
     <span class='ocr_line' id='line_1_43' title="bbox 256 4264 1834 4351; baseline -0.009 -16"><span class='ocrx_word' id='word_1_337' title='bbox 256 4281 409 4351; x_wconf 85' lang='lat' dir='ltr'><strong>erigit</strong></span> <span class='ocrx_word' id='word_1_338' title='bbox 455 4294 621 4332; x_wconf 87' lang='lat' dir='ltr'><strong>omnes</strong></span> <span class='ocrx_word' id='word_1_339' title='bbox 665 4277 858 4330; x_wconf 82' lang='lat' dir='ltr'><strong>elisos:</strong></span> <span class='ocrx_word' id='word_1_340' title='bbox 901 4288 1087 4327; x_wconf 91' lang='lat' dir='ltr'><strong>omnes</strong></span> <span class='ocrx_word' id='word_1_341' title='bbox 1117 4269 1182 4324; x_wconf 88' lang='lat' dir='ltr'><strong>ad</strong></span> <span class='ocrx_word' id='word_1_342' title='bbox 1213 4285 1270 4324; x_wconf 92' lang='lat' dir='ltr'><strong>se</strong></span> <span class='ocrx_word' id='word_1_343' title='bbox 1315 4270 1659 4340; x_wconf 86' lang='lat' dir='ltr'><strong>pertinentes.</strong></span> <span class='ocrx_word' id='word_1_344' title='bbox 1700 4264 1834 4322; x_wconf 81' lang='lat' dir='ltr'><strong>Nam</strong></span> 
     </span>
    </p>
   </div>
   <div class='ocr_carea' id='block_1_44' title="bbox 256 4365 1372 4441">
    <p class='ocr_par' dir='ltr' id='par_1_44' title="bbox 256 4365 1372 4441">
     <span class='ocr_line' id='line_1_44' title="bbox 256 4365 1372 4441; baseline -0.011 -11"><span class='ocrx_word' id='word_1_345' title='bbox 256 4375 405 4431; x_wconf 90' lang='lat' dir='ltr'><strong>Deus</strong></span> <span class='ocrx_word' id='word_1_346' title='bbox 431 4372 672 4441; x_wconf 91' lang='lat' dir='ltr'><strong>superbis</strong></span> <span class='ocrx_word' id='word_1_347' title='bbox 700 4370 894 4425; x_wconf 90' lang='lat' dir='ltr'><strong>resistit</strong></span> <span class='ocrx_word' id='word_1_348' title='bbox 917 4369 937 4440; x_wconf 94' lang='lat'><strong>(</strong></span> <span class='ocrx_word' id='word_1_349' title='bbox 962 4367 1142 4421; x_wconf 82' lang='lat' dir='ltr'><strong>Jacobi</strong></span> <span class='ocrx_word' id='word_1_350' title='bbox 1174 4381 1245 4431; x_wconf 85' lang='lat' dir='ltr'><strong>tv,</strong></span> <span class='ocrx_word' id='word_1_351' title='bbox 1279 4365 1311 4420; x_wconf 88' lang='lat'><strong>6</strong></span> <span class='ocrx_word' id='word_1_352' title='bbox 1334 4365 1372 4434; x_wconf 93' lang='lat'><strong>).</strong></span> 
     </span>
    </p>
   </div>
   <div class='ocr_carea' id='block_1_45' title="bbox 332 4457 1836 4537">
    <p class='ocr_par' dir='ltr' id='par_1_45' title="bbox 332 4457 1836 4537">
     <span class='ocr_line' id='line_1_45' title="bbox 332 4457 1836 4537; baseline -0.009 -18"><span class='ocrx_word' id='word_1_353' title='bbox 332 4464 425 4520; x_wconf 70' lang='grc'><strong>19.</strong></span> <span class='ocrx_word' id='word_1_354' title='bbox 467 4463 626 4537; x_wconf 83' lang='lat' dir='ltr'><strong>[vers.</strong></span> <span class='ocrx_word' id='word_1_355' title='bbox 670 4459 797 4534; x_wconf 70' lang='lat'><strong>15.]</strong></span> <span class='ocrx_word' id='word_1_356' title='bbox 839 4460 986 4514; x_wconf 83' lang='lat' dir='ltr'><strong>Oculi</strong></span> <span class='ocrx_word' id='word_1_357' title='bbox 1034 4459 1253 4513; x_wconf 85' lang='lat' dir='ltr'><strong>omnium</strong></span> <span class='ocrx_word' id='word_1_358' title='bbox 1296 4457 1347 4510; x_wconf 88' lang='lat' dir='ltr'><strong>in</strong></span> <span class='ocrx_word' id='word_1_359' title='bbox 1378 4465 1676 4526; x_wconf 81' lang='lat' dir='ltr'><strong>tesperant,</strong></span> <span class='ocrx_word' id='word_1_360' title='bbox 1706 4463 1753 4508; x_wconf 90' lang='lat' dir='ltr'><strong>et</strong></span> <span class='ocrx_word' id='word_1_361' title='bbox 1782 4464 1836 4507; x_wconf 90' lang='lat' dir='ltr'><strong>tu</strong></span> 
     </span>
    </p>
   </div>
   <div class='ocr_carea' id='block_1_46' title="bbox 258 4547 1837 4624">
    <p class='ocr_par' dir='ltr' id='par_1_46' title="bbox 258 4547 1837 4624">
     <span class='ocr_line' id='line_1_46' title="bbox 258 4547 1837 4624; baseline -0.011 -9"><span class='ocrx_word' id='word_1_362' title='bbox 258 4561 359 4615; x_wconf 89' lang='lat' dir='ltr'><strong>das</strong></span> <span class='ocrx_word' id='word_1_363' title='bbox 382 4573 545 4611; x_wconf 87' lang='lat' dir='ltr'><strong>escam</strong></span> <span class='ocrx_word' id='word_1_364' title='bbox 566 4557 666 4609; x_wconf 85' lang='lat' dir='ltr'><strong>illis</strong></span> <span class='ocrx_word' id='word_1_365' title='bbox 695 4556 747 4607; x_wconf 89' lang='lat' dir='ltr'><strong>in</strong></span> <span class='ocrx_word' id='word_1_366' title='bbox 774 4552 1164 4624; x_wconf 81' lang='lat' dir='ltr'><strong>opportunitate.</strong></span> <span class='ocrx_word' id='word_1_367' title='bbox 1192 4550 1414 4604; x_wconf 85' lang='lat' dir='ltr'><strong>Prorsus</strong></span> <span class='ocrx_word' id='word_1_368' title='bbox 1446 4557 1691 4617; x_wconf 88' lang='lat' dir='ltr'><strong>tanquam</strong></span> <span class='ocrx_word' id='word_1_369' title='bbox 1717 4547 1837 4600; x_wconf 88' lang='lat' dir='ltr'><strong>reli-</strong></span> 
     </span>
    </p>
   </div>
   <div class='ocr_carea' id='block_1_47' title="bbox 258 4638 1837 4719">
    <p class='ocr_par' dir='ltr' id='par_1_47' title="bbox 258 4638 1837 4719">
     <span class='ocr_line' id='line_1_47' title="bbox 258 4638 1837 4719; baseline -0.011 -12"><span class='ocrx_word' id='word_1_370' title='bbox 258 4653 413 4707; x_wconf 89' lang='lat' dir='ltr'><strong>ciens</strong></span> <span class='ocrx_word' id='word_1_371' title='bbox 443 4656 697 4719; x_wconf 77' lang='lat' dir='ltr'><strong>aegrotum</strong></span> <span class='ocrx_word' id='word_1_372' title='bbox 724 4646 777 4699; x_wconf 89' lang='lat' dir='ltr'><strong>in</strong></span> <span class='ocrx_word' id='word_1_373' title='bbox 808 4644 1197 4714; x_wconf 85' lang='lat' dir='ltr'><strong>opportunitate</strong></span> <span class='ocrx_word' id='word_1_374' title='bbox 1227 4683 1241 4706; x_wconf 92' lang='lat'><strong>,</strong></span> <span class='ocrx_word' id='word_1_375' title='bbox 1282 4639 1492 4711; x_wconf 89' lang='lat' dir='ltr'><strong>quando</strong></span> <span class='ocrx_word' id='word_1_376' title='bbox 1517 4639 1672 4693; x_wconf 82' lang='lat' dir='ltr'><strong>debet</strong></span> <span class='ocrx_word' id='word_1_377' title='bbox 1700 4638 1837 4691; x_wconf 78' lang='lat' dir='ltr'><strong>acci-</strong></span> 
     </span>
    </p>
   </div>
   <div class='ocr_carea' id='block_1_48' title="bbox 257 4726 1836 4812">
    <p class='ocr_par' dir='ltr' id='par_1_48' title="bbox 257 4726 1836 4812">
     <span class='ocr_line' id='line_1_48' title="bbox 257 4726 1836 4812; baseline -0.01 -17"><span class='ocrx_word' id='word_1_378' title='bbox 257 4755 389 4812; x_wconf 91' lang='lat' dir='ltr'><strong>pere</strong></span> <span class='ocrx_word' id='word_1_379' title='bbox 413 4780 428 4803; x_wconf 89' lang='lat'><strong>,</strong></span> <span class='ocrx_word' id='word_1_380' title='bbox 455 4747 577 4792; x_wconf 90' lang='lat' dir='ltr'><strong>tunc</strong></span> <span class='ocrx_word' id='word_1_381' title='bbox 606 4737 727 4801; x_wconf 84' lang='lat' dir='ltr'><strong>das;</strong></span> <span class='ocrx_word' id='word_1_382' title='bbox 770 4744 821 4789; x_wconf 93' lang='lat' dir='ltr'><strong>et</strong></span> <span class='ocrx_word' id='word_1_383' title='bbox 850 4734 988 4804; x_wconf 76' lang='lat' dir='ltr'><strong>quod</strong></span> <span class='ocrx_word' id='word_1_384' title='bbox 1031 4732 1187 4787; x_wconf 87' lang='lat' dir='ltr'><strong>debet</strong></span> <span class='ocrx_word' id='word_1_385' title='bbox 1214 4773 1226 4794; x_wconf 96' lang='lat'><strong>,</strong></span> <span class='ocrx_word' id='word_1_386' title='bbox 1259 4732 1358 4784; x_wconf 88' lang='lat' dir='ltr'><strong>hoc</strong></span> <span class='ocrx_word' id='word_1_387' title='bbox 1382 4729 1495 4782; x_wconf 88' lang='lat' dir='ltr'><strong>das.</strong></span> <span class='ocrx_word' id='word_1_388' title='bbox 1542 4726 1717 4796; x_wconf 88' lang='lat' dir='ltr'><strong>Itaque</strong></span> <span class='ocrx_word' id='word_1_389' title='bbox 1738 4726 1805 4779; x_wconf 91' lang='lat' dir='ltr'><strong>ali</strong></span> <span class='ocrx_word' id='word_1_390' title='bbox 1824 4757 1836 4766; x_wconf 91' lang='lat'><strong>-</strong></span> 
     </span>
    </p>
   </div>
   <div class='ocr_carea' id='block_1_49' title="bbox 258 4818 1835 4902">
    <p class='ocr_par' dir='ltr' id='par_1_49' title="bbox 258 4818 1835 4902">
     <span class='ocr_line' id='line_1_49' title="bbox 258 4818 1835 4902; baseline -0.009 -18"><span class='ocrx_word' id='word_1_391' title='bbox 258 4828 477 4902; x_wconf 85' lang='lat' dir='ltr'><strong>quando</strong></span> <span class='ocrx_word' id='word_1_392' title='bbox 509 4826 842 4881; x_wconf 90' lang='lat' dir='ltr'><strong>desideratur</strong></span> <span class='ocrx_word' id='word_1_393' title='bbox 866 4824 932 4877; x_wconf 89' lang='lat' dir='ltr'><strong>ab</strong></span> <span class='ocrx_word' id='word_1_394' title='bbox 957 4823 1063 4887; x_wconf 91' lang='lat' dir='ltr'><strong>illo,</strong></span> <span class='ocrx_word' id='word_1_395' title='bbox 1093 4830 1146 4875; x_wconf 90' lang='lat' dir='ltr'><strong>ct</strong></span> <span class='ocrx_word' id='word_1_396' title='bbox 1174 4835 1275 4874; x_wconf 94' lang='lat' dir='ltr'><strong>non</strong></span> <span class='ocrx_word' id='word_1_397' title='bbox 1306 4819 1396 4873; x_wconf 88' lang='lat' dir='ltr'><strong>dat</strong></span> <span class='ocrx_word' id='word_1_398' title='bbox 1425 4836 1436 4870; x_wconf 95' lang='lat'>:</span> <span class='ocrx_word' id='word_1_399' title='bbox 1462 4818 1607 4872; x_wconf 86' lang='lat' dir='ltr'><strong>novit</strong></span> <span class='ocrx_word' id='word_1_400' title='bbox 1653 4818 1835 4870; x_wconf 89' lang='lat' dir='ltr'><strong>horam</strong></span> 
     </span>
    </p>
   </div>
   <div class='ocr_carea' id='block_1_50' title="bbox 258 4908 1837 4990">
    <p class='ocr_par' dir='ltr' id='par_1_50' title="bbox 258 4908 1837 4990">
     <span class='ocr_line' id='line_1_50' title="bbox 258 4908 1837 4990; baseline -0.009 -13"><span class='ocrx_word' id='word_1_401' title='bbox 258 4921 423 4977; x_wconf 87' lang='lat' dir='ltr'><strong>dandi</strong></span> <span class='ocrx_word' id='word_1_402' title='bbox 452 4962 467 4985; x_wconf 92' lang='lat'><strong>,</strong></span> <span class='ocrx_word' id='word_1_403' title='bbox 499 4921 584 4990; x_wconf 93' lang='lat' dir='ltr'><strong>qui</strong></span> <span class='ocrx_word' id='word_1_404' title='bbox 613 4926 781 4973; x_wconf 87' lang='lat' dir='ltr'><strong>curat.</strong></span> <span class='ocrx_word' id='word_1_405' title='bbox 814 4917 989 4983; x_wconf 87' lang='lat' dir='ltr'><strong>Quare</strong></span> <span class='ocrx_word' id='word_1_406' title='bbox 1038 4916 1134 4969; x_wconf 89' lang='lat' dir='ltr'><strong>ista</strong></span> <span class='ocrx_word' id='word_1_407' title='bbox 1164 4912 1282 4967; x_wconf 87' lang='lat' dir='ltr'><strong>dico</strong></span> <span class='ocrx_word' id='word_1_408' title='bbox 1306 4952 1321 4977; x_wconf 94' lang='lat'><strong>,</strong></span> <span class='ocrx_word' id='word_1_409' title='bbox 1350 4909 1573 4965; x_wconf 84' lang='lat' dir='ltr'><strong>fratres?</strong></span> <span class='ocrx_word' id='word_1_410' title='bbox 1620 4908 1695 4963; x_wconf 89' lang='lat' dir='ltr'><strong>Ne</strong></span> <span class='ocrx_word' id='word_1_411' title='bbox 1721 4908 1837 4977; x_wconf 90' lang='lat' dir='ltr'><strong>quis</strong></span> 
     </span>
    </p>
   </div>
   <div class='ocr_carea' id='block_1_51' title="bbox 259 5000 1835 5084">
    <p class='ocr_par' dir='ltr' id='par_1_51' title="bbox 259 5000 1835 5084">
     <span class='ocr_line' id='line_1_51' title="bbox 259 5000 1835 5084; baseline -0.008 -19"><span class='ocrx_word' id='word_1_412' title='bbox 259 5010 477 5084; x_wconf 86' lang='lat' dir='ltr'><strong>quando</strong></span> <span class='ocrx_word' id='word_1_413' title='bbox 508 5009 643 5064; x_wconf 87' lang='lat' dir='ltr'><strong>forte</strong></span> <span class='ocrx_word' id='word_1_414' title='bbox 670 5025 775 5063; x_wconf 89' lang='lat' dir='ltr'><strong>non</strong></span> <span class='ocrx_word' id='word_1_415' title='bbox 802 5007 957 5062; x_wconf 89' lang='lat' dir='ltr'><strong>fuerit</strong></span> <span class='ocrx_word' id='word_1_416' title='bbox 996 5003 1274 5060; x_wconf 83' lang='lat' dir='ltr'><strong>exauditus</strong></span> <span class='ocrx_word' id='word_1_417' title='bbox 1299 5001 1492 5071; x_wconf 91' lang='lat' dir='ltr'><strong>aliquid</strong></span> <span class='ocrx_word' id='word_1_418' title='bbox 1516 5000 1713 5069; x_wconf 87' lang='lat' dir='ltr'><strong>justum</strong></span> <span class='ocrx_word' id='word_1_419' title='bbox 1744 5014 1835 5068; x_wconf 88' lang='lat' dir='ltr'><strong>pc-</strong></span> 
     </span>
    </p>
   </div>
   <div class='ocr_carea' id='block_1_52' title="bbox 261 5092 1836 5171">
    <p class='ocr_par' dir='ltr' id='par_1_52' title="bbox 261 5092 1836 5171">
     <span class='ocr_line' id='line_1_52' title="bbox 261 5092 1836 5171; baseline -0.012 -9"><span class='ocrx_word' id='word_1_420' title='bbox 261 5116 382 5162; x_wconf 90' lang='lat' dir='ltr'><strong>tens</strong></span> <span class='ocrx_word' id='word_1_421' title='bbox 408 5121 439 5161; x_wconf 88' lang='lat' dir='ltr'><strong>a</strong></span> <span class='ocrx_word' id='word_1_422' title='bbox 473 5104 582 5159; x_wconf 91' lang='lat' dir='ltr'><strong>Deo</strong></span> <span class='ocrx_word' id='word_1_423' title='bbox 617 5122 629 5159; x_wconf 93' lang='lat'>:</span> <span class='ocrx_word' id='word_1_424' title='bbox 658 5118 779 5157; x_wconf 90' lang='lat' dir='ltr'><strong>nam</strong></span> <span class='ocrx_word' id='word_1_425' title='bbox 823 5099 1033 5171; x_wconf 89' lang='lat' dir='ltr'><strong>quando</strong></span> <span class='ocrx_word' id='word_1_426' title='bbox 1063 5098 1313 5165; x_wconf 90' lang='lat' dir='ltr'><strong>injustum</strong></span> <span class='ocrx_word' id='word_1_427' title='bbox 1343 5093 1537 5164; x_wconf 91' lang='lat' dir='ltr'><strong>aliquid</strong></span> <span class='ocrx_word' id='word_1_428' title='bbox 1584 5093 1710 5161; x_wconf 89' lang='lat' dir='ltr'><strong>petit</strong></span> <span class='ocrx_word' id='word_1_429' title='bbox 1743 5133 1756 5155; x_wconf 90' lang='lat'><strong>,</strong></span> <span class='ocrx_word' id='word_1_430' title='bbox 1786 5092 1836 5144; x_wconf 93' lang='lat' dir='ltr'><strong>in</strong></span> 
     </span>
    </p>
   </div>
   <div class='ocr_carea' id='block_1_53' title="bbox 262 5184 1835 5268">
    <p class='ocr_par' dir='ltr' id='par_1_53' title="bbox 262 5184 1835 5268">
     <span class='ocr_line' id='line_1_53' title="bbox 262 5184 1835 5268; baseline -0.013 -13"><span class='ocrx_word' id='word_1_431' title='bbox 262 5212 478 5268; x_wconf 71' lang='lat' dir='ltr'><strong>pmnam</strong></span> <span class='ocrx_word' id='word_1_432' title='bbox 518 5210 671 5251; x_wconf 84' lang='lat' dir='ltr'><strong>suam</strong></span> <span class='ocrx_word' id='word_1_433' title='bbox 718 5192 1027 5254; x_wconf 79' lang='lat' dir='ltr'><strong>exauditur;</strong></span> <span class='ocrx_word' id='word_1_434' title='bbox 1058 5187 1150 5244; x_wconf 91' lang='lat' dir='ltr'><strong>sed</strong></span> <span class='ocrx_word' id='word_1_435' title='bbox 1197 5185 1388 5255; x_wconf 90' lang='lat' dir='ltr'><strong>aliquid</strong></span> <span class='ocrx_word' id='word_1_436' title='bbox 1434 5200 1539 5239; x_wconf 91' lang='lat' dir='ltr'><strong>non</strong></span> <span class='ocrx_word' id='word_1_437' title='bbox 1587 5184 1835 5252; x_wconf 87' lang='lat' dir='ltr'><strong>injustum</strong></span> 
     </span>
    </p>
   </div>
   <div class='ocr_carea' id='block_1_54' title="bbox 264 5273 1841 5357">
    <p class='ocr_par' dir='ltr' id='par_1_54' title="bbox 264 5273 1841 5357">
     <span class='ocr_line' id='line_1_54' title="bbox 264 5273 1841 5357; baseline -0.011 -14"><span class='ocrx_word' id='word_1_438' title='bbox 264 5297 452 5357; x_wconf 88' lang='lat' dir='ltr'><strong>petens</strong></span> <span class='ocrx_word' id='word_1_439' title='bbox 480 5326 495 5351; x_wconf 92' lang='lat'><strong>,</strong></span> <span class='ocrx_word' id='word_1_440' title='bbox 526 5286 568 5340; x_wconf 89' lang='lat' dir='ltr'><strong>si</strong></span> <span class='ocrx_word' id='word_1_441' title='bbox 602 5284 735 5338; x_wconf 87' lang='lat' dir='ltr'><strong>forte</strong></span> <span class='ocrx_word' id='word_1_442' title='bbox 785 5297 889 5336; x_wconf 93' lang='lat' dir='ltr'><strong>non</strong></span> <span class='ocrx_word' id='word_1_443' title='bbox 918 5280 1073 5334; x_wconf 86' lang='lat' dir='ltr'><strong>fuerit</strong></span> <span class='ocrx_word' id='word_1_444' title='bbox 1103 5274 1379 5332; x_wconf 81' lang='lat' dir='ltr'><strong>exauditus</strong></span> <span class='ocrx_word' id='word_1_445' title='bbox 1400 5316 1414 5341; x_wconf 93' lang='lat'><strong>,</strong></span> <span class='ocrx_word' id='word_1_446' title='bbox 1442 5289 1546 5327; x_wconf 89' lang='lat' dir='ltr'><strong>non</strong></span> <span class='ocrx_word' id='word_1_447' title='bbox 1576 5273 1841 5326; x_wconf 82' lang='lat' dir='ltr'><strong>mimtatur</strong></span> 
     </span>
    </p>
   </div>
   <div class='ocr_carea' id='block_1_55' title="bbox 266 5362 1833 5439">
    <p class='ocr_par' dir='ltr' id='par_1_55' title="bbox 266 5362 1833 5439">
     <span class='ocr_line' id='line_1_55' title="bbox 266 5362 1833 5439; baseline -0.01 -9"><span class='ocrx_word' id='word_1_448' title='bbox 266 5376 448 5430; x_wconf 91' lang='lat' dir='ltr'><strong>animo</strong></span> <span class='ocrx_word' id='word_1_449' title='bbox 469 5415 484 5439; x_wconf 90' lang='lat'><strong>,</strong></span> <span class='ocrx_word' id='word_1_450' title='bbox 514 5389 619 5428; x_wconf 92' lang='lat' dir='ltr'><strong>non</strong></span> <span class='ocrx_word' id='word_1_451' title='bbox 650 5371 859 5428; x_wconf 83' lang='lat' dir='ltr'><strong>deﬁciat</strong></span> <span class='ocrx_word' id='word_1_452' title='bbox 879 5386 893 5435; x_wconf 90' lang='lat'><strong>;</strong></span> <span class='ocrx_word' id='word_1_453' title='bbox 916 5373 1222 5437; x_wconf 66' lang='lat' dir='ltr'><strong>eXSpectent</strong></span> <span class='ocrx_word' id='word_1_454' title='bbox 1251 5364 1386 5418; x_wconf 90' lang='lat' dir='ltr'><strong>oculi</strong></span> <span class='ocrx_word' id='word_1_455' title='bbox 1411 5363 1524 5433; x_wconf 90' lang='lat' dir='ltr'><strong>ejus</strong></span> <span class='ocrx_word' id='word_1_456' title='bbox 1550 5362 1615 5416; x_wconf 90' lang='lat' dir='ltr'><strong>ad</strong></span> <span class='ocrx_word' id='word_1_457' title='bbox 1641 5375 1833 5424; x_wconf 89' lang='lat' dir='ltr'><strong>escam,</strong></span> 
     </span>
    </p>
   </div>
   <div class='ocr_carea' id='block_1_56' title="bbox 267 5450 1840 5536">
    <p class='ocr_par' dir='ltr' id='par_1_56' title="bbox 267 5450 1840 5536">
     <span class='ocr_line' id='line_1_56' title="bbox 267 5450 1840 5536; baseline -0.008 -19"><span class='ocrx_word' id='word_1_458' title='bbox 267 5480 427 5536; x_wconf 87' lang='lat' dir='ltr'><strong>quam</strong></span> <span class='ocrx_word' id='word_1_459' title='bbox 450 5464 539 5519; x_wconf 91' lang='lat' dir='ltr'><strong>ille</strong></span> <span class='ocrx_word' id='word_1_460' title='bbox 564 5462 654 5518; x_wconf 90' lang='lat' dir='ltr'><strong>dat</strong></span> <span class='ocrx_word' id='word_1_461' title='bbox 680 5462 730 5517; x_wconf 92' lang='lat' dir='ltr'><strong>in</strong></span> <span class='ocrx_word' id='word_1_462' title='bbox 759 5458 1169 5535; x_wconf 89' lang='lat' dir='ltr'><strong>opportunitate.</strong></span> <span class='ocrx_word' id='word_1_463' title='bbox 1197 5452 1419 5522; x_wconf 89' lang='lat' dir='ltr'><strong>Quando</strong></span> <span class='ocrx_word' id='word_1_464' title='bbox 1448 5467 1551 5506; x_wconf 90' lang='lat' dir='ltr'><strong>non</strong></span> <span class='ocrx_word' id='word_1_465' title='bbox 1580 5451 1691 5517; x_wconf 90' lang='lat' dir='ltr'><strong>dat,</strong></span> <span class='ocrx_word' id='word_1_466' title='bbox 1720 5450 1840 5505; x_wconf 89' lang='lat' dir='ltr'><strong>ideo</strong></span> 
     </span>
    </p>
   </div>
   <div class='ocr_carea' id='block_1_57' title="bbox 267 5541 1839 5621">
    <p class='ocr_par' dir='ltr' id='par_1_57' title="bbox 267 5541 1839 5621">
     <span class='ocr_line' id='line_1_57' title="bbox 267 5541 1839 5621; baseline -0.01 -10"><span class='ocrx_word' id='word_1_467' title='bbox 267 5573 372 5611; x_wconf 92' lang='lat' dir='ltr'><strong>non</strong></span> <span class='ocrx_word' id='word_1_468' title='bbox 403 5554 491 5610; x_wconf 85' lang='lat' dir='ltr'><strong>dat</strong></span> <span class='ocrx_word' id='word_1_469' title='bbox 514 5569 581 5609; x_wconf 93' lang='lat' dir='ltr'><strong>ne</strong></span> <span class='ocrx_word' id='word_1_470' title='bbox 604 5552 743 5608; x_wconf 93' lang='lat' dir='ltr'><strong>obsit</strong></span> <span class='ocrx_word' id='word_1_471' title='bbox 763 5550 903 5621; x_wconf 84' lang='lat' dir='ltr'><strong>quod</strong></span> <span class='ocrx_word' id='word_1_472' title='bbox 932 5550 1041 5605; x_wconf 89' lang='lat' dir='ltr'><strong>dat.</strong></span> <span class='ocrx_word' id='word_1_473' title='bbox 1084 5547 1262 5617; x_wconf 88' lang='lat' dir='ltr'><strong>Neque</strong></span> <span class='ocrx_word' id='word_1_474' title='bbox 1305 5544 1443 5598; x_wconf 91' lang='lat' dir='ltr'><strong>enim</strong></span> <span class='ocrx_word' id='word_1_475' title='bbox 1477 5542 1672 5613; x_wconf 90' lang='lat' dir='ltr'><strong>aliquid</strong></span> <span class='ocrx_word' id='word_1_476' title='bbox 1702 5541 1839 5610; x_wconf 84' lang='lat' dir='ltr'><strong>inju-</strong></span> 
     </span>
    </p>
   </div>
   <div class='ocr_carea' id='block_1_58' title="bbox 267 5632 1839 5715">
    <p class='ocr_par' dir='ltr' id='par_1_58' title="bbox 267 5632 1839 5715">
     <span class='ocr_line' id='line_1_58' title="bbox 267 5632 1839 5715; baseline -0.009 -14"><span class='ocrx_word' id='word_1_477' title='bbox 267 5657 406 5701; x_wconf 86' lang='lat' dir='ltr'><strong>stum</strong></span> <span class='ocrx_word' id='word_1_478' title='bbox 430 5645 642 5715; x_wconf 88' lang='lat' dir='ltr'><strong>petebat</strong></span> <span class='ocrx_word' id='word_1_479' title='bbox 665 5641 972 5713; x_wconf 80' lang='lat' dir='ltr'><strong>Apostolus,</strong></span> <span class='ocrx_word' id='word_1_480' title='bbox 987 5637 1196 5709; x_wconf 86' lang='lat' dir='ltr'><strong>quando</strong></span> <span class='ocrx_word' id='word_1_481' title='bbox 1226 5634 1441 5706; x_wconf 83' lang='lat' dir='ltr'><strong>rogabat</strong></span> <span class='ocrx_word' id='word_1_482' title='bbox 1462 5641 1521 5686; x_wconf 90' lang='lat' dir='ltr'><strong>ut</strong></span> <span class='ocrx_word' id='word_1_483' title='bbox 1540 5632 1839 5687; x_wconf 83' lang='lat' dir='ltr'><strong>auferretur</strong></span> 
     </span>
    </p>
   </div>
   <div class='ocr_carea' id='block_1_59' title="bbox 268 5722 1838 5799">
    <p class='ocr_par' dir='ltr' id='par_1_59' title="bbox 268 5722 1838 5799">
     <span class='ocr_line' id='line_1_59' title="bbox 268 5722 1838 5799; baseline -0.011 -7"><span class='ocrx_word' id='word_1_484' title='bbox 268 5737 332 5792; x_wconf 81' lang='lat' dir='ltr'><strong>ab</strong></span> <span class='ocrx_word' id='word_1_485' title='bbox 359 5750 426 5792; x_wconf 88' lang='lat' dir='ltr'><strong>eo</strong></span> <span class='ocrx_word' id='word_1_486' title='bbox 450 5735 694 5792; x_wconf 84' lang='lat' dir='ltr'><strong>stimulus</strong></span> <span class='ocrx_word' id='word_1_487' title='bbox 720 5731 915 5797; x_wconf 90' lang='lat' dir='ltr'><strong>carnis,</strong></span> <span class='ocrx_word' id='word_1_488' title='bbox 947 5728 1165 5799; x_wconf 84' lang='lat' dir='ltr'><strong>angelus</strong></span> <span class='ocrx_word' id='word_1_489' title='bbox 1193 5734 1392 5781; x_wconf 80' lang='lat' dir='ltr'><strong>satana:</strong></span> <span class='ocrx_word' id='word_1_490' title='bbox 1420 5739 1448 5778; x_wconf 93' lang='lat' dir='ltr'><strong>a</strong></span> <span class='ocrx_word' id='word_1_491' title='bbox 1478 5738 1582 5793; x_wconf 90' lang='lat' dir='ltr'><strong>quo</strong></span> <span class='ocrx_word' id='word_1_492' title='bbox 1603 5722 1838 5792; x_wconf 88' lang='lat' dir='ltr'><strong>colaphi-</strong></span> 
     </span>
    </p>
   </div>
   <div class='ocr_carea' id='block_1_60' title="bbox 270 5812 1829 5892">
    <p class='ocr_par' dir='ltr' id='par_1_60' title="bbox 270 5812 1829 5892">
     <span class='ocr_line' id='line_1_60' title="bbox 270 5812 1829 5892; baseline -0.008 -10"><span class='ocrx_word' id='word_1_493' title='bbox 270 5828 484 5883; x_wconf 83' lang='lat' dir='ltr'><strong>zabatur</strong></span> <span class='ocrx_word' id='word_1_494' title='bbox 515 5842 526 5881; x_wconf 87' lang='lat'>:</span> <span class='ocrx_word' id='word_1_495' title='bbox 551 5836 602 5882; x_wconf 89' lang='lat' dir='ltr'><strong>et</strong></span> <span class='ocrx_word' id='word_1_496' title='bbox 626 5836 798 5881; x_wconf 88' lang='lat' dir='ltr'><strong>tamen</strong></span> <span class='ocrx_word' id='word_1_497' title='bbox 823 5819 1042 5892; x_wconf 79' lang='lat' dir='ltr'><strong>rogavit,</strong></span> <span class='ocrx_word' id='word_1_498' title='bbox 1071 5825 1123 5875; x_wconf 91' lang='lat' dir='ltr'><strong>et</strong></span> <span class='ocrx_word' id='word_1_499' title='bbox 1162 5830 1262 5873; x_wconf 93' lang='lat' dir='ltr'><strong>non</strong></span> <span class='ocrx_word' id='word_1_500' title='bbox 1288 5813 1522 5886; x_wconf 87' lang='lat' dir='ltr'><strong>accepit;</strong></span> <span class='ocrx_word' id='word_1_501' title='bbox 1555 5812 1673 5883; x_wconf 89' lang='lat' dir='ltr'><strong>quia</strong></span> <span class='ocrx_word' id='word_1_502' title='bbox 1701 5821 1829 5869; x_wconf 83' lang='lat' dir='ltr'><strong>tem-</strong></span> 
     </span>
    </p>
   </div>
   <div class='ocr_carea' id='block_1_61' title="bbox 1344 442 2452 509">
    <p class='ocr_par' dir='ltr' id='par_1_61' title="bbox 1344 442 2452 509">
     <span class='ocr_line' id='line_1_61' title="bbox 1344 442 2452 509; baseline 0.006 -9"><span class='ocrx_word' id='word_1_503' title='bbox 1344 442 1731 500; x_wconf 72' lang='lat' dir='ltr'><strong>ENMHtATIO</strong></span> <span class='ocrx_word' id='word_1_504' title='bbox 1770 447 1832 501; x_wconf 69' lang='grc' dir='ltr'><strong>ΙΝ</strong></span> <span class='ocrx_word' id='word_1_505' title='bbox 1877 444 2189 506; x_wconf 67' lang='lat' dir='ltr'><strong>PS.\l..\lL&#39;.\l</strong></span> <span class='ocrx_word' id='word_1_506' title='bbox 2231 450 2452 509; x_wconf 76' lang='lat' dir='ltr'><strong>CXLIV.</strong></span> 
     </span>
    </p>
   </div>
   <div class='ocr_carea' id='block_1_62' title="bbox 3384 465 3519 523">
    <p class='ocr_par' dir='ltr' id='par_1_62' title="bbox 3384 465 3519 523">
     <span class='ocr_line' id='line_1_62' title="bbox 3384 465 3519 523; baseline -0.015 -1"><span class='ocrx_word' id='word_1_507' title='bbox 3384 465 3519 523; x_wconf 70' lang='grc'><strong>1883</strong></span> 
     </span>
    </p>
   </div>
   <div class='ocr_carea' id='block_1_63' title="bbox 1949 566 3517 650">
    <p class='ocr_par' dir='ltr' id='par_1_63' title="bbox 1949 566 3517 650">
     <span class='ocr_line' id='line_1_63' title="bbox 1949 566 3517 650; baseline 0.017 -40"><span class='ocrx_word' id='word_1_508' title='bbox 1949 578 2045 630; x_wconf 73' lang='lat' dir='ltr'><strong>ptis</strong></span> <span class='ocrx_word' id='word_1_509' title='bbox 2075 566 2247 621; x_wconf 86' lang='lat' dir='ltr'><strong>adhuc</strong></span> <span class='ocrx_word' id='word_1_510' title='bbox 2272 579 2383 623; x_wconf 89' lang='lat' dir='ltr'><strong>erat</strong></span> <span class='ocrx_word' id='word_1_511' title='bbox 2410 573 2719 627; x_wconf 70' lang='lat' dir='ltr'><strong>exercendae</strong></span> <span class='ocrx_word' id='word_1_512' title='bbox 2748 574 3085 644; x_wconf 86' lang='lat' dir='ltr'><strong>infirmitatis,</strong></span> <span class='ocrx_word' id='word_1_513' title='bbox 3118 594 3222 633; x_wconf 89' lang='lat' dir='ltr'><strong>non</strong></span> <span class='ocrx_word' id='word_1_514' title='bbox 3252 595 3388 635; x_wconf 70' lang='lat' dir='ltr'><strong>escae</strong></span> <span class='ocrx_word' id='word_1_515' title='bbox 3418 598 3517 650; x_wconf 56' lang='lat' dir='ltr'><strong>op.</strong></span> 
     </span>
    </p>
   </div>
   <div class='ocr_carea' id='block_1_64' title="bbox 1951 656 3512 737">
    <p class='ocr_par' dir='ltr' id='par_1_64' title="bbox 1951 656 3512 737">
     <span class='ocr_line' id='line_1_64' title="bbox 1951 656 3512 737; baseline 0.01 -31"><span class='ocrx_word' id='word_1_516' title='bbox 1951 656 2310 722; x_wconf 89' lang='lat' dir='ltr'><strong>portuuitatis.</strong></span> <span class='ocrx_word' id='word_1_517' title='bbox 2356 658 2549 730; x_wconf 69' lang='lat' dir='ltr'><strong>Sufﬁcit</strong></span> <span class='ocrx_word' id='word_1_518' title='bbox 2572 703 2587 728; x_wconf 89' lang='lat'><strong>,</strong></span> <span class='ocrx_word' id='word_1_519' title='bbox 2638 663 2806 733; x_wconf 88' lang='lat' dir='ltr'><strong>inquit</strong></span> <span class='ocrx_word' id='word_1_520' title='bbox 2837 706 2849 726; x_wconf 88' lang='lat'><strong>.</strong></span> <span class='ocrx_word' id='word_1_521' title='bbox 2888 667 2976 719; x_wconf 90' lang='lat' dir='ltr'><strong>tibi</strong></span> <span class='ocrx_word' id='word_1_522' title='bbox 3002 669 3164 737; x_wconf 86' lang='lat' dir='ltr'><strong>gratia</strong></span> <span class='ocrx_word' id='word_1_523' title='bbox 3192 686 3300 723; x_wconf 90' lang='lat' dir='ltr'><strong>mea</strong></span> <span class='ocrx_word' id='word_1_524' title='bbox 3346 685 3365 723; x_wconf 92' lang='lat'><em>:</em></span> <span class='ocrx_word' id='word_1_525' title='bbox 3395 687 3512 722; x_wconf 86' lang='lat' dir='ltr'><strong>nam</strong></span> 
     </span>
    </p>
   </div>
   <div class='ocr_carea' id='block_1_65' title="bbox 1943 743 3517 825">
    <p class='ocr_par' dir='ltr' id='par_1_65' title="bbox 1943 743 3517 825">
     <span class='ocr_line' id='line_1_65' title="bbox 1943 743 3517 825; baseline 0.01 -30"><span class='ocrx_word' id='word_1_526' title='bbox 1943 743 2098 796; x_wconf 80' lang='lat' dir='ltr'><strong>virtus</strong></span> <span class='ocrx_word' id='word_1_527' title='bbox 2124 745 2175 796; x_wconf 91' lang='lat' dir='ltr'><strong>in</strong></span> <span class='ocrx_word' id='word_1_528' title='bbox 2200 746 2489 814; x_wconf 84' lang='lat' dir='ltr'><strong>inﬁrmitate</strong></span> <span class='ocrx_word' id='word_1_529' title='bbox 2511 751 2770 819; x_wconf 87' lang='lat' dir='ltr'><strong>perﬁcitur</strong></span> <span class='ocrx_word' id='word_1_530' title='bbox 2798 752 2817 823; x_wconf 97' lang='lat'><strong>(</strong></span> <span class='ocrx_word' id='word_1_531' title='bbox 2843 752 2881 806; x_wconf 90' lang='lat' dir='ltr'><strong>Il</strong></span> <span class='ocrx_word' id='word_1_532' title='bbox 2910 753 3025 808; x_wconf 85' lang='lat' dir='ltr'><strong>Cor.</strong></span> <span class='ocrx_word' id='word_1_533' title='bbox 3052 771 3143 819; x_wconf 79' lang='lat' dir='ltr'><strong>xu,</strong></span> <span class='ocrx_word' id='word_1_534' title='bbox 3174 757 3271 811; x_wconf 88' lang='lat'><strong>7-9</strong></span> <span class='ocrx_word' id='word_1_535' title='bbox 3294 757 3330 825; x_wconf 91' lang='lat'><strong>).</strong></span> <span class='ocrx_word' id='word_1_536' title='bbox 3362 757 3517 811; x_wconf 80' lang='lat' dir='ltr'><strong>Petiit</strong></span> 
     </span>
    </p>
   </div>
   <div class='ocr_carea' id='block_1_66' title="bbox 1943 831 3515 915">
    <p class='ocr_par' dir='ltr' id='par_1_66' title="bbox 1943 831 3515 915">
     <span class='ocr_line' id='line_1_66' title="bbox 1943 831 3515 915; baseline 0.008 -29"><span class='ocrx_word' id='word_1_537' title='bbox 1943 831 2041 887; x_wconf 88' lang='lat' dir='ltr'><strong>Job</strong></span> <span class='ocrx_word' id='word_1_538' title='bbox 2071 837 2375 890; x_wconf 90' lang='lat' dir='ltr'><strong>tentandum</strong></span> <span class='ocrx_word' id='word_1_539' title='bbox 2401 839 2639 894; x_wconf 91' lang='lat' dir='ltr'><strong>diabolus</strong></span> <span class='ocrx_word' id='word_1_540' title='bbox 2659 883 2673 905; x_wconf 92' lang='lat'><strong>,</strong></span> <span class='ocrx_word' id='word_1_541' title='bbox 2701 851 2755 897; x_wconf 93' lang='lat' dir='ltr'><strong>et</strong></span> <span class='ocrx_word' id='word_1_542' title='bbox 2782 845 2983 914; x_wconf 88' lang='lat' dir='ltr'><strong>accepit</strong></span> <span class='ocrx_word' id='word_1_543' title='bbox 3005 845 3023 915; x_wconf 97' lang='lat'><strong>(</strong></span> <span class='ocrx_word' id='word_1_544' title='bbox 3046 844 3145 899; x_wconf 83' lang='lat' dir='ltr'><strong>Job</strong></span> <span class='ocrx_word' id='word_1_545' title='bbox 3172 860 3223 908; x_wconf 79' lang='grc' dir='ltr'><strong>ι,</strong></span> <span class='ocrx_word' id='word_1_546' title='bbox 3270 846 3421 908; x_wconf 71' lang='lat'><strong>9-12;</strong></span> <span class='ocrx_word' id='word_1_547' title='bbox 3468 859 3515 900; x_wconf 86' lang='lat' dir='ltr'><strong>et</strong></span> 
     </span>
    </p>
   </div>
   <div class='ocr_carea' id='block_1_67' title="bbox 1944 924 3507 1005">
    <p class='ocr_par' dir='ltr' id='par_1_67' title="bbox 1944 924 3507 1005">
     <span class='ocr_line' id='line_1_67' title="bbox 1944 924 3507 1005; baseline 0.01 -29"><span class='ocrx_word' id='word_1_548' title='bbox 1944 938 1979 977; x_wconf 89' lang='grc' dir='ltr'><strong>ιι</strong></span> <span class='ocrx_word' id='word_1_549' title='bbox 1997 965 2010 985; x_wconf 88' lang='grc'><strong>.</strong></span> <span class='ocrx_word' id='word_1_550' title='bbox 2032 924 2127 979; x_wconf 77' lang='grc'><strong>4-6</strong></span> <span class='ocrx_word' id='word_1_551' title='bbox 2146 924 2188 996; x_wconf 93' lang='grc'><strong>).</strong></span> <span class='ocrx_word' id='word_1_552' title='bbox 2217 928 2508 995; x_wconf 83' lang='lat' dir='ltr'><strong>Attendite,</strong></span> <span class='ocrx_word' id='word_1_553' title='bbox 2537 930 2725 988; x_wconf 82' lang='lat' dir='ltr'><strong>fratres</strong></span> <span class='ocrx_word' id='word_1_554' title='bbox 2749 933 2850 988; x_wconf 92' lang='lat' dir='ltr'><strong>mei</strong></span> <span class='ocrx_word' id='word_1_555' title='bbox 2873 976 2887 998; x_wconf 85' lang='lat'><strong>,</strong></span> <span class='ocrx_word' id='word_1_556' title='bbox 2908 949 3151 1005; x_wconf 89' lang='lat' dir='ltr'><strong>magnum</strong></span> <span class='ocrx_word' id='word_1_557' title='bbox 3176 938 3507 1005; x_wconf 88' lang='lat' dir='ltr'><strong>mysterium,</strong></span> 
     </span>
    </p>
   </div>
   <div class='ocr_carea' id='block_1_68' title="bbox 1943 1012 3507 1096">
    <p class='ocr_par' dir='ltr' id='par_1_68' title="bbox 1943 1012 3507 1096">
     <span class='ocr_line' id='line_1_68' title="bbox 1943 1012 3507 1096; baseline 0.008 -29"><span class='ocrx_word' id='word_1_558' title='bbox 1943 1012 2275 1078; x_wconf 89' lang='lat' dir='ltr'><strong>discendum,</strong></span> <span class='ocrx_word' id='word_1_559' title='bbox 2305 1019 2670 1087; x_wconf 91' lang='lat' dir='ltr'><strong>repetendum,</strong></span> <span class='ocrx_word' id='word_1_560' title='bbox 2704 1022 2987 1077; x_wconf 90' lang='lat' dir='ltr'><strong>tenendum</strong></span> <span class='ocrx_word' id='word_1_561' title='bbox 3016 1026 3213 1089; x_wconf 89' lang='lat' dir='ltr'><strong>animo,</strong></span> <span class='ocrx_word' id='word_1_562' title='bbox 3242 1042 3507 1096; x_wconf 90' lang='lat' dir='ltr'><strong>nunquam</strong></span> 
     </span>
    </p>
   </div>
   <div class='ocr_carea' id='block_1_69' title="bbox 1942 1103 3504 1180">
    <p class='ocr_par' dir='ltr' id='par_1_69' title="bbox 1942 1103 3504 1180">
     <span class='ocr_line' id='line_1_69' title="bbox 1942 1103 3504 1180; baseline 0.011 -25"><span class='ocrx_word' id='word_1_563' title='bbox 1942 1103 2357 1161; x_wconf 91' lang='lat' dir='ltr'><strong>obliviscendum</strong></span> <span class='ocrx_word' id='word_1_564' title='bbox 2378 1149 2393 1171; x_wconf 90' lang='lat'><strong>,</strong></span> <span class='ocrx_word' id='word_1_565' title='bbox 2437 1119 2649 1180; x_wconf 90' lang='lat' dir='ltr'><strong>propter</strong></span> <span class='ocrx_word' id='word_1_566' title='bbox 2673 1111 3049 1169; x_wconf 85' lang='lat' dir='ltr'><strong>abundantiam</strong></span> <span class='ocrx_word' id='word_1_567' title='bbox 3075 1118 3419 1172; x_wconf 88' lang='lat' dir='ltr'><strong>tentationmn</strong></span> <span class='ocrx_word' id='word_1_568' title='bbox 3453 1120 3504 1173; x_wconf 90' lang='lat' dir='ltr'><strong>iu</strong></span> 
     </span>
    </p>
   </div>
   <div class='ocr_carea' id='block_1_70' title="bbox 1943 1192 3509 1276">
    <p class='ocr_par' dir='ltr' id='par_1_70' title="bbox 1943 1192 3509 1276">
     <span class='ocr_line' id='line_1_70' title="bbox 1943 1192 3509 1276; baseline 0.01 -30"><span class='ocrx_word' id='word_1_569' title='bbox 1943 1192 2042 1247; x_wconf 92' lang='lat' dir='ltr'><strong>isto</strong></span> <span class='ocrx_word' id='word_1_570' title='bbox 2069 1196 2283 1250; x_wconf 70' lang='lat' dir='ltr'><strong>smculo.</strong></span> <span class='ocrx_word' id='word_1_571' title='bbox 2315 1196 2450 1263; x_wconf 91' lang='lat' dir='ltr'><strong>Quid</strong></span> <span class='ocrx_word' id='word_1_572' title='bbox 2476 1200 2691 1256; x_wconf 81' lang='lat' dir='ltr'><strong>dicam?</strong></span> <span class='ocrx_word' id='word_1_573' title='bbox 2715 1202 2916 1258; x_wconf 80' lang='lat' dir='ltr'><strong>Revera</strong></span> <span class='ocrx_word' id='word_1_574' title='bbox 2946 1206 3329 1274; x_wconf 90' lang='lat' dir='ltr'><strong>comparandus</strong></span> <span class='ocrx_word' id='word_1_575' title='bbox 3368 1210 3509 1276; x_wconf 76' lang='grc' dir='ltr'><strong>Δρο-</strong></span> 
     </span>
    </p>
   </div>
   <div class='ocr_carea' id='block_1_71' title="bbox 1941 1282 3509 1367">
    <p class='ocr_par' dir='ltr' id='par_1_71' title="bbox 1941 1282 3509 1367">
     <span class='ocr_line' id='line_1_71' title="bbox 1941 1282 3509 1367; baseline 0.011 -33"><span class='ocrx_word' id='word_1_576' title='bbox 1941 1282 2109 1337; x_wconf 79' lang='lat' dir='ltr'><strong>stolus</strong></span> <span class='ocrx_word' id='word_1_577' title='bbox 2138 1283 2385 1341; x_wconf 91' lang='lat' dir='ltr'><strong>diabolo?</strong></span> <span class='ocrx_word' id='word_1_578' title='bbox 2411 1290 2696 1358; x_wconf 86' lang='lat' dir='ltr'><strong>Apostolus</strong></span> <span class='ocrx_word' id='word_1_579' title='bbox 2724 1301 2893 1367; x_wconf 83' lang='lat' dir='ltr'><strong>rogat,</strong></span> <span class='ocrx_word' id='word_1_580' title='bbox 2922 1301 2979 1348; x_wconf 90' lang='lat' dir='ltr'><strong>et</strong></span> <span class='ocrx_word' id='word_1_581' title='bbox 3018 1308 3122 1348; x_wconf 94' lang='lat' dir='ltr'><strong>non</strong></span> <span class='ocrx_word' id='word_1_582' title='bbox 3147 1294 3367 1365; x_wconf 72' lang='lat' dir='ltr'><strong>accipit;</strong></span> <span class='ocrx_word' id='word_1_583' title='bbox 3397 1296 3509 1351; x_wconf 81' lang='lat' dir='ltr'><strong>dia-</strong></span> 
     </span>
    </p>
   </div>
   <div class='ocr_carea' id='block_1_72' title="bbox 1943 1371 3512 1452">
    <p class='ocr_par' dir='ltr' id='par_1_72' title="bbox 1943 1371 3512 1452">
     <span class='ocr_line' id='line_1_72' title="bbox 1943 1371 3512 1452; baseline 0.008 -26"><span class='ocrx_word' id='word_1_584' title='bbox 1943 1371 2094 1426; x_wconf 86' lang='lat' dir='ltr'><strong>bolos</strong></span> <span class='ocrx_word' id='word_1_585' title='bbox 2133 1374 2296 1442; x_wconf 88' lang='lat' dir='ltr'><strong>petit,</strong></span> <span class='ocrx_word' id='word_1_586' title='bbox 2349 1385 2402 1430; x_wconf 92' lang='lat' dir='ltr'><strong>et</strong></span> <span class='ocrx_word' id='word_1_587' title='bbox 2456 1378 2667 1447; x_wconf 89' lang='lat' dir='ltr'><strong>accipit.</strong></span> <span class='ocrx_word' id='word_1_588' title='bbox 2716 1380 2821 1436; x_wconf 92' lang='lat' dir='ltr'><strong>Sed</strong></span> <span class='ocrx_word' id='word_1_589' title='bbox 2864 1396 2967 1436; x_wconf 92' lang='lat' dir='ltr'><strong>non</strong></span> <span class='ocrx_word' id='word_1_590' title='bbox 2995 1383 3202 1452; x_wconf 90' lang='lat' dir='ltr'><strong>accepit</strong></span> <span class='ocrx_word' id='word_1_591' title='bbox 3226 1386 3512 1451; x_wconf 86' lang='lat' dir='ltr'><strong>Apostolus</strong></span> 
     </span>
    </p>
   </div>
   <div class='ocr_carea' id='block_1_73' title="bbox 1942 1462 3510 1543">
    <p class='ocr_par' dir='ltr' id='par_1_73' title="bbox 1942 1462 3510 1543">
     <span class='ocr_line' id='line_1_73' title="bbox 1942 1462 3510 1543; baseline 0.012 -36"><span class='ocrx_word' id='word_1_592' title='bbox 1942 1471 2158 1532; x_wconf 77' lang='lat' dir='ltr'><strong>propter</strong></span> <span class='ocrx_word' id='word_1_593' title='bbox 2187 1462 2565 1533; x_wconf 80' lang='lat' dir='ltr'><strong>perfectionem</strong></span> <span class='ocrx_word' id='word_1_594' title='bbox 2594 1483 2743 1522; x_wconf 88' lang='lat' dir='ltr'><strong>suam</strong></span> <span class='ocrx_word' id='word_1_595' title='bbox 2772 1486 2788 1536; x_wconf 90' lang='lat'><strong>;</strong></span> <span class='ocrx_word' id='word_1_596' title='bbox 2837 1471 3042 1543; x_wconf 90' lang='lat' dir='ltr'><strong>accepit</strong></span> <span class='ocrx_word' id='word_1_597' title='bbox 3066 1472 3307 1528; x_wconf 90' lang='lat' dir='ltr'><strong>diabolus</strong></span> <span class='ocrx_word' id='word_1_598' title='bbox 3327 1473 3391 1528; x_wconf 91' lang='lat' dir='ltr'><strong>ad</strong></span> <span class='ocrx_word' id='word_1_599' title='bbox 3418 1475 3510 1528; x_wconf 82' lang='lat' dir='ltr'><strong>da-</strong></span> 
     </span>
    </p>
   </div>
   <div class='ocr_carea' id='block_1_74' title="bbox 1942 1555 3507 1631">
    <p class='ocr_par' dir='ltr' id='par_1_74' title="bbox 1942 1555 3507 1631">
     <span class='ocr_line' id='line_1_74' title="bbox 1942 1555 3507 1631; baseline 0.007 -26"><span class='ocrx_word' id='word_1_600' title='bbox 1942 1555 2262 1607; x_wconf 90' lang='lat' dir='ltr'><strong>mnationem</strong></span> <span class='ocrx_word' id='word_1_601' title='bbox 2293 1569 2464 1610; x_wconf 90' lang='lat' dir='ltr'><strong>suam.</strong></span> <span class='ocrx_word' id='word_1_602' title='bbox 2492 1557 2725 1628; x_wconf 91' lang='lat' dir='ltr'><strong>Denique</strong></span> <span class='ocrx_word' id='word_1_603' title='bbox 2748 1561 2859 1629; x_wconf 92' lang='lat' dir='ltr'><strong>ipse</strong></span> <span class='ocrx_word' id='word_1_604' title='bbox 2887 1559 2989 1616; x_wconf 85' lang='lat' dir='ltr'><strong>Job</strong></span> <span class='ocrx_word' id='word_1_605' title='bbox 3011 1562 3212 1631; x_wconf 83' lang='lat' dir='ltr'><strong>accepit</strong></span> <span class='ocrx_word' id='word_1_606' title='bbox 3230 1563 3507 1617; x_wconf 87' lang='lat' dir='ltr'><strong>sanitatem</strong></span> 
     </span>
    </p>
   </div>
   <div class='ocr_carea' id='block_1_75' title="bbox 1941 1642 3507 1719">
    <p class='ocr_par' dir='ltr' id='par_1_75' title="bbox 1941 1642 3507 1719">
     <span class='ocr_line' id='line_1_75' title="bbox 1941 1642 3507 1719; baseline 0.008 -24"><span class='ocrx_word' id='word_1_607' title='bbox 1941 1642 1993 1696; x_wconf 89' lang='lat' dir='ltr'><strong>in</strong></span> <span class='ocrx_word' id='word_1_608' title='bbox 2020 1647 2433 1712; x_wconf 83' lang='lat' dir='ltr'><strong>opportunitate.</strong></span> <span class='ocrx_word' id='word_1_609' title='bbox 2459 1647 2658 1701; x_wconf 87' lang='lat' dir='ltr'><strong>Dilatus</strong></span> <span class='ocrx_word' id='word_1_610' title='bbox 2681 1658 2878 1714; x_wconf 88' lang='lat' dir='ltr'><strong>tamen,</strong></span> <span class='ocrx_word' id='word_1_611' title='bbox 2902 1658 2958 1703; x_wconf 88' lang='lat' dir='ltr'><strong>ut</strong></span> <span class='ocrx_word' id='word_1_612' title='bbox 2986 1650 3315 1719; x_wconf 90' lang='lat' dir='ltr'><strong>probaretur,</strong></span> <span class='ocrx_word' id='word_1_613' title='bbox 3339 1660 3392 1706; x_wconf 91' lang='lat' dir='ltr'><strong>et</strong></span> <span class='ocrx_word' id='word_1_614' title='bbox 3415 1652 3507 1707; x_wconf 89' lang='lat' dir='ltr'><strong>diu</strong></span> 
     </span>
    </p>
   </div>
   <div class='ocr_carea' id='block_1_76' title="bbox 1940 1732 3506 1810">
    <p class='ocr_par' dir='ltr' id='par_1_76' title="bbox 1940 1732 3506 1810">
     <span class='ocr_line' id='line_1_76' title="bbox 1940 1732 3506 1810; baseline 0.007 -24"><span class='ocrx_word' id='word_1_615' title='bbox 1940 1732 2077 1788; x_wconf 89' lang='lat' dir='ltr'><strong>sedit</strong></span> <span class='ocrx_word' id='word_1_616' title='bbox 2104 1735 2154 1787; x_wconf 91' lang='lat' dir='ltr'><strong>in</strong></span> <span class='ocrx_word' id='word_1_617' title='bbox 2180 1736 2397 1791; x_wconf 88' lang='lat' dir='ltr'><strong>vulnere</strong></span> <span class='ocrx_word' id='word_1_618' title='bbox 2422 1737 2460 1803; x_wconf 79' lang='grc'><strong>⁸,</strong></span> <span class='ocrx_word' id='word_1_619' title='bbox 2482 1748 2536 1791; x_wconf 90' lang='lat' dir='ltr'><strong>et</strong></span> <span class='ocrx_word' id='word_1_620' title='bbox 2564 1738 2728 1793; x_wconf 87' lang='lat' dir='ltr'><strong>multa</strong></span> <span class='ocrx_word' id='word_1_621' title='bbox 2753 1738 2917 1805; x_wconf 81' lang='lat' dir='ltr'><strong>dixit;</strong></span> <span class='ocrx_word' id='word_1_622' title='bbox 2944 1748 2998 1795; x_wconf 90' lang='lat' dir='ltr'><strong>et</strong></span> <span class='ocrx_word' id='word_1_623' title='bbox 3026 1740 3240 1810; x_wconf 83' lang='lat' dir='ltr'><strong>rogabat</strong></span> <span class='ocrx_word' id='word_1_624' title='bbox 3260 1742 3424 1797; x_wconf 90' lang='lat' dir='ltr'><strong>Deum</strong></span> <span class='ocrx_word' id='word_1_625' title='bbox 3447 1751 3506 1797; x_wconf 88' lang='lat' dir='ltr'><strong>ut</strong></span> 
     </span>
    </p>
   </div>
   <div class='ocr_carea' id='block_1_77' title="bbox 1939 1823 3501 1892">
    <p class='ocr_par' dir='ltr' id='par_1_77' title="bbox 1939 1823 3501 1892">
     <span class='ocr_line' id='line_1_77' title="bbox 1939 1823 3501 1892; baseline 0.006 -17"><span class='ocrx_word' id='word_1_626' title='bbox 1939 1823 2271 1878; x_wconf 78' lang='lat' dir='ltr'><strong>adferrentur</strong></span> <span class='ocrx_word' id='word_1_627' title='bbox 2291 1826 2358 1880; x_wconf 91' lang='lat' dir='ltr'><strong>ab</strong></span> <span class='ocrx_word' id='word_1_628' title='bbox 2377 1841 2441 1881; x_wconf 91' lang='lat' dir='ltr'><strong>eo</strong></span> <span class='ocrx_word' id='word_1_629' title='bbox 2465 1827 2583 1892; x_wconf 89' lang='lat' dir='ltr'><strong>ista,</strong></span> <span class='ocrx_word' id='word_1_630' title='bbox 2611 1837 2663 1882; x_wconf 90' lang='lat' dir='ltr'><strong>et</strong></span> <span class='ocrx_word' id='word_1_631' title='bbox 2694 1828 2832 1882; x_wconf 90' lang='lat' dir='ltr'><strong>Deus</strong></span> <span class='ocrx_word' id='word_1_632' title='bbox 2861 1844 2965 1882; x_wconf 94' lang='lat' dir='ltr'><strong>non</strong></span> <span class='ocrx_word' id='word_1_633' title='bbox 3013 1829 3303 1885; x_wconf 84' lang='lat' dir='ltr'><strong>auferebat.</strong></span> <span class='ocrx_word' id='word_1_634' title='bbox 3331 1831 3501 1885; x_wconf 90' lang='lat' dir='ltr'><strong>Citius</strong></span> 
     </span>
    </p>
   </div>
   <div class='ocr_carea' id='block_1_78' title="bbox 1939 1914 3505 1992">
    <p class='ocr_par' dir='ltr' id='par_1_78' title="bbox 1939 1914 3505 1992">
     <span class='ocr_line' id='line_1_78' title="bbox 1939 1914 3505 1992; baseline 0.005 -23"><span class='ocrx_word' id='word_1_635' title='bbox 1939 1914 2205 1970; x_wconf 85' lang='lat' dir='ltr'><strong>diabolum</strong></span> <span class='ocrx_word' id='word_1_636' title='bbox 2233 1919 2499 1973; x_wconf 78' lang='lat' dir='ltr'><strong>exaudivit</strong></span> <span class='ocrx_word' id='word_1_637' title='bbox 2530 1919 2596 1974; x_wconf 90' lang='lat' dir='ltr'><strong>ad</strong></span> <span class='ocrx_word' id='word_1_638' title='bbox 2624 1935 2744 1975; x_wconf 90' lang='lat' dir='ltr'><strong>eum</strong></span> <span class='ocrx_word' id='word_1_639' title='bbox 2777 1920 3081 1975; x_wconf 89' lang='lat' dir='ltr'><strong>tentandum</strong></span> <span class='ocrx_word' id='word_1_640' title='bbox 3108 1962 3122 1987; x_wconf 96' lang='lat'><strong>,</strong></span> <span class='ocrx_word' id='word_1_641' title='bbox 3151 1936 3307 1992; x_wconf 89' lang='lat' dir='ltr'><strong>quam</strong></span> <span class='ocrx_word' id='word_1_642' title='bbox 3334 1922 3505 1992; x_wconf 91' lang='lat' dir='ltr'><strong>ipsum</strong></span> 
     </span>
    </p>
   </div>
   <div class='ocr_carea' id='block_1_79' title="bbox 1938 2006 3506 2081">
    <p class='ocr_par' dir='ltr' id='par_1_79' title="bbox 1938 2006 3506 2081">
     <span class='ocr_line' id='line_1_79' title="bbox 1938 2006 3506 2081; baseline 0.004 -19"><span class='ocrx_word' id='word_1_643' title='bbox 1938 2006 2039 2062; x_wconf 84' lang='lat' dir='ltr'><strong>Job</strong></span> <span class='ocrx_word' id='word_1_644' title='bbox 2064 2007 2129 2060; x_wconf 90' lang='lat' dir='ltr'><strong>ad</strong></span> <span class='ocrx_word' id='word_1_645' title='bbox 2159 2009 2469 2063; x_wconf 87' lang='lat' dir='ltr'><strong>sanandum.</strong></span> <span class='ocrx_word' id='word_1_646' title='bbox 2517 2009 2710 2065; x_wconf 88' lang='lat' dir='ltr'><strong>Discite</strong></span> <span class='ocrx_word' id='word_1_647' title='bbox 2760 2026 2886 2081; x_wconf 90' lang='lat' dir='ltr'><strong>ergo</strong></span> <span class='ocrx_word' id='word_1_648' title='bbox 2914 2026 3019 2066; x_wconf 93' lang='lat' dir='ltr'><strong>non</strong></span> <span class='ocrx_word' id='word_1_649' title='bbox 3046 2026 3376 2067; x_wconf 90' lang='lat' dir='ltr'><strong>murmurare</strong></span> <span class='ocrx_word' id='word_1_650' title='bbox 3413 2012 3506 2068; x_wconf 87' lang='lat' dir='ltr'><strong>ad-</strong></span> 
     </span>
    </p>
   </div>
   <div class='ocr_carea' id='block_1_80' title="bbox 1941 2100 3504 2171">
    <p class='ocr_par' dir='ltr' id='par_1_80' title="bbox 1941 2100 3504 2171">
     <span class='ocr_line' id='line_1_80' title="bbox 1941 2100 3504 2171; baseline 0.004 -19"><span class='ocrx_word' id='word_1_651' title='bbox 1941 2115 2123 2155; x_wconf 77' lang='lat' dir='ltr'><strong>versus</strong></span> <span class='ocrx_word' id='word_1_652' title='bbox 2148 2100 2333 2165; x_wconf 85' lang='lat' dir='ltr'><strong>Deum,</strong></span> <span class='ocrx_word' id='word_1_653' title='bbox 2365 2110 2418 2156; x_wconf 90' lang='lat' dir='ltr'><strong>et</strong></span> <span class='ocrx_word' id='word_1_654' title='bbox 2446 2102 2654 2171; x_wconf 90' lang='lat' dir='ltr'><strong>quando</strong></span> <span class='ocrx_word' id='word_1_655' title='bbox 2683 2117 2786 2157; x_wconf 91' lang='lat' dir='ltr'><strong>non</strong></span> <span class='ocrx_word' id='word_1_656' title='bbox 2813 2102 3164 2167; x_wconf 77' lang='lat' dir='ltr'><strong>exaudimini,</strong></span> <span class='ocrx_word' id='word_1_657' title='bbox 3196 2119 3262 2157; x_wconf 92' lang='lat' dir='ltr'><strong>ne</strong></span> <span class='ocrx_word' id='word_1_658' title='bbox 3290 2102 3504 2158; x_wconf 76' lang='lat' dir='ltr'><strong>deficiat</strong></span> 
     </span>
    </p>
   </div>
   <div class='ocr_carea' id='block_1_81' title="bbox 1940 2193 3504 2265">
    <p class='ocr_par' dir='ltr' id='par_1_81' title="bbox 1940 2193 3504 2265">
     <span class='ocr_line' id='line_1_81' title="bbox 1940 2193 3504 2265; baseline 0 -18"><span class='ocrx_word' id='word_1_659' title='bbox 1940 2193 1990 2247; x_wconf 91' lang='lat' dir='ltr'><strong>in</strong></span> <span class='ocrx_word' id='word_1_660' title='bbox 2013 2193 2161 2246; x_wconf 83' lang='lat' dir='ltr'><strong>vobis</strong></span> <span class='ocrx_word' id='word_1_661' title='bbox 2181 2193 2321 2263; x_wconf 91' lang='lat' dir='ltr'><strong>quod</strong></span> <span class='ocrx_word' id='word_1_662' title='bbox 2343 2208 2499 2263; x_wconf 91' lang='lat' dir='ltr'><strong>supra</strong></span> <span class='ocrx_word' id='word_1_663' title='bbox 2524 2195 2774 2264; x_wconf 90' lang='lat' dir='ltr'><strong>scriptum</strong></span> <span class='ocrx_word' id='word_1_664' title='bbox 2796 2205 2896 2261; x_wconf 92' lang='lat' dir='ltr'><strong>est,</strong></span> <span class='ocrx_word' id='word_1_665' title='bbox 2920 2193 3022 2248; x_wconf 86' lang='lat' dir='ltr'><strong>Per</strong></span> <span class='ocrx_word' id='word_1_666' title='bbox 3049 2194 3272 2265; x_wconf 87' lang='lat' dir='ltr'><strong>singulos</strong></span> <span class='ocrx_word' id='word_1_667' title='bbox 3297 2194 3399 2247; x_wconf 88' lang='lat' dir='ltr'><strong>dies</strong></span> <span class='ocrx_word' id='word_1_668' title='bbox 3417 2194 3504 2247; x_wconf 89' lang='lat' dir='ltr'><strong>be-</strong></span> 
     </span>
    </p>
   </div>
   <div class='ocr_carea' id='block_1_82' title="bbox 1938 2282 3504 2354">
    <p class='ocr_par' dir='ltr' id='par_1_82' title="bbox 1938 2282 3504 2354">
     <span class='ocr_line' id='line_1_82' title="bbox 1938 2282 3504 2354; baseline 0.003 -19"><span class='ocrx_word' id='word_1_669' title='bbox 1938 2283 2165 2337; x_wconf 85' lang='lat' dir='ltr'><strong>nedicam</strong></span> <span class='ocrx_word' id='word_1_670' title='bbox 2196 2292 2258 2336; x_wconf 91' lang='lat' dir='ltr'><strong>te.</strong></span> <span class='ocrx_word' id='word_1_671' title='bbox 2286 2282 2405 2353; x_wconf 83' lang='lat' dir='ltr'><strong>Ipse</strong></span> <span class='ocrx_word' id='word_1_672' title='bbox 2456 2284 2618 2339; x_wconf 88' lang='lat' dir='ltr'><strong>Filius</strong></span> <span class='ocrx_word' id='word_1_673' title='bbox 2644 2326 2658 2350; x_wconf 92' lang='lat'><strong>,</strong></span> <span class='ocrx_word' id='word_1_674' title='bbox 2704 2286 2816 2354; x_wconf 90' lang='lat' dir='ltr'><strong>ipse</strong></span> <span class='ocrx_word' id='word_1_675' title='bbox 2845 2284 3042 2340; x_wconf 89' lang='lat' dir='ltr'><strong>Unicus</strong></span> <span class='ocrx_word' id='word_1_676' title='bbox 3066 2326 3080 2350; x_wconf 92' lang='lat'><strong>,</strong></span> <span class='ocrx_word' id='word_1_677' title='bbox 3111 2284 3216 2354; x_wconf 90' lang='lat' dir='ltr'><strong>pati</strong></span> <span class='ocrx_word' id='word_1_678' title='bbox 3260 2283 3280 2316; x_wconf 84' lang='grc'>¹</span> <span class='ocrx_word' id='word_1_679' title='bbox 3325 2284 3504 2354; x_wconf 82' lang='lat' dir='ltr'><strong>utique</strong></span> 
     </span>
    </p>
   </div>
   <div class='ocr_carea' id='block_1_83' title="bbox 1939 2374 3505 2445">
    <p class='ocr_par' dir='ltr' id='par_1_83' title="bbox 1939 2374 3505 2445">
     <span class='ocr_line' id='line_1_83' title="bbox 1939 2374 3505 2445; baseline -0.001 -14"><span class='ocrx_word' id='word_1_680' title='bbox 1939 2386 2154 2431; x_wconf 81' lang='lat' dir='ltr'><strong>venerat</strong></span> <span class='ocrx_word' id='word_1_681' title='bbox 2174 2418 2186 2438; x_wconf 85' lang='lat'><strong>,</strong></span> <span class='ocrx_word' id='word_1_682' title='bbox 2218 2378 2426 2431; x_wconf 90' lang='lat' dir='ltr'><strong>solvere</strong></span> <span class='ocrx_word' id='word_1_683' title='bbox 2451 2377 2716 2445; x_wconf 89' lang='lat' dir='ltr'><strong>quodnon</strong></span> <span class='ocrx_word' id='word_1_684' title='bbox 2736 2376 2990 2441; x_wconf 91' lang='lat' dir='ltr'><strong>debebat,</strong></span> <span class='ocrx_word' id='word_1_685' title='bbox 3021 2378 3153 2430; x_wconf 90' lang='lat' dir='ltr'><strong>mori</strong></span> <span class='ocrx_word' id='word_1_686' title='bbox 3179 2374 3232 2429; x_wconf 89' lang='lat' dir='ltr'><strong>in</strong></span> <span class='ocrx_word' id='word_1_687' title='bbox 3262 2375 3505 2429; x_wconf 89' lang='lat' dir='ltr'><strong>manibus</strong></span> 
     </span>
    </p>
   </div>
   <div class='ocr_carea' id='block_1_84' title="bbox 1939 2464 3505 2536">
    <p class='ocr_par' dir='ltr' id='par_1_84' title="bbox 1939 2464 3505 2536">
     <span class='ocr_line' id='line_1_84' title="bbox 1939 2464 3505 2536; baseline 0 -16"><span class='ocrx_word' id='word_1_688' title='bbox 1939 2474 2295 2535; x_wconf 87' lang='lat' dir='ltr'><strong>peccatorum,</strong></span> <span class='ocrx_word' id='word_1_689' title='bbox 2316 2466 2568 2535; x_wconf 86' lang='lat' dir='ltr'><strong>sanguine</strong></span> <span class='ocrx_word' id='word_1_690' title='bbox 2588 2481 2683 2520; x_wconf 92' lang='lat' dir='ltr'><strong>suo</strong></span> <span class='ocrx_word' id='word_1_691' title='bbox 2703 2465 2880 2520; x_wconf 87' lang='lat' dir='ltr'><strong>delere</strong></span> <span class='ocrx_word' id='word_1_692' title='bbox 2896 2464 3300 2536; x_wconf 89' lang='lat' dir='ltr'><strong>chirographum</strong></span> <span class='ocrx_word' id='word_1_693' title='bbox 3318 2465 3505 2521; x_wconf 88' lang='lat' dir='ltr'><strong>mortis</strong></span> 
     </span>
    </p>
   </div>
   <div class='ocr_carea' id='block_1_85' title="bbox 1939 2555 3504 2620">
    <p class='ocr_par' dir='ltr' id='par_1_85' title="bbox 1939 2555 3504 2620">
     <span class='ocr_line' id='line_1_85' title="bbox 1939 2555 3504 2620; baseline 0.001 -11"><span class='ocrx_word' id='word_1_694' title='bbox 1939 2565 2134 2610; x_wconf 66' lang='lat' dir='ltr'><strong>nostra:</strong></span> <span class='ocrx_word' id='word_1_695' title='bbox 2159 2573 2173 2620; x_wconf 85' lang='lat'><strong>;</strong></span> <span class='ocrx_word' id='word_1_696' title='bbox 2199 2557 2263 2610; x_wconf 95' lang='lat' dir='ltr'><strong>ad</strong></span> <span class='ocrx_word' id='word_1_697' title='bbox 2296 2557 2393 2610; x_wconf 91' lang='lat' dir='ltr'><strong>hoc</strong></span> <span class='ocrx_word' id='word_1_698' title='bbox 2418 2566 2634 2610; x_wconf 80' lang='lat' dir='ltr'><strong>venerat</strong></span> <span class='ocrx_word' id='word_1_699' title='bbox 2663 2575 2675 2610; x_wconf 91' lang='lat'><strong>:</strong></span> <span class='ocrx_word' id='word_1_700' title='bbox 2706 2565 2761 2610; x_wconf 90' lang='lat' dir='ltr'><strong>et</strong></span> <span class='ocrx_word' id='word_1_701' title='bbox 2790 2565 2961 2611; x_wconf 90' lang='lat' dir='ltr'><strong>tamen</strong></span> <span class='ocrx_word' id='word_1_702' title='bbox 3003 2563 3059 2610; x_wconf 90' lang='lat' dir='ltr'><strong>ut</strong></span> <span class='ocrx_word' id='word_1_703' title='bbox 3087 2555 3175 2609; x_wconf 88' lang='lat' dir='ltr'><strong>tibi</strong></span> <span class='ocrx_word' id='word_1_704' title='bbox 3202 2555 3504 2610; x_wconf 88' lang='lat' dir='ltr'><strong>ostenderet</strong></span> 
     </span>
    </p>
   </div>
   <div class='ocr_carea' id='block_1_86' title="bbox 1939 2644 3503 2717">
    <p class='ocr_par' dir='ltr' id='par_1_86' title="bbox 1939 2644 3503 2717">
     <span class='ocr_line' id='line_1_86' title="bbox 1939 2644 3503 2717; baseline -0.003 -14"><span class='ocrx_word' id='word_1_705' title='bbox 1939 2648 2237 2717; x_wconf 81' lang='lat' dir='ltr'><strong>exemplum</strong></span> <span class='ocrx_word' id='word_1_706' title='bbox 2266 2646 2550 2716; x_wconf 66' lang='lat' dir='ltr'><strong>patientiae,</strong></span> <span class='ocrx_word' id='word_1_707' title='bbox 2574 2646 2958 2716; x_wconf 87' lang='lat' dir='ltr'><strong>transtiguravit</strong></span> <span class='ocrx_word' id='word_1_708' title='bbox 2978 2659 3172 2714; x_wconf 93' lang='lat' dir='ltr'><strong>corpus</strong></span> <span class='ocrx_word' id='word_1_709' title='bbox 3200 2644 3503 2699; x_wconf 69' lang='lat' dir='ltr'><strong>humilitatis</strong></span> 
     </span>
    </p>
   </div>
   <div class='ocr_carea' id='block_1_87' title="bbox 1938 2735 3502 2808">
    <p class='ocr_par' dir='ltr' id='par_1_87' title="bbox 1938 2735 3502 2808">
     <span class='ocr_line' id='line_1_87' title="bbox 1938 2735 3502 2808; baseline -0.004 -12"><span class='ocrx_word' id='word_1_710' title='bbox 1938 2750 2134 2797; x_wconf 63' lang='lat' dir='ltr'><strong>nostra:</strong></span> <span class='ocrx_word' id='word_1_711' title='bbox 2158 2738 2432 2794; x_wconf 88' lang='lat' dir='ltr'><strong>conforme</strong></span> <span class='ocrx_word' id='word_1_712' title='bbox 2451 2738 2661 2808; x_wconf 91' lang='lat' dir='ltr'><strong>corpori</strong></span> <span class='ocrx_word' id='word_1_713' title='bbox 2681 2738 2859 2807; x_wconf 64' lang='lat' dir='ltr'><strong>gloriae</strong></span> <span class='ocrx_word' id='word_1_714' title='bbox 2880 2752 2988 2791; x_wconf 66' lang='lat' dir='ltr'><strong>suae</strong></span> <span class='ocrx_word' id='word_1_715' title='bbox 3010 2736 3260 2806; x_wconf 84' lang='lat' dir='ltr'><strong>(Philipp.</strong></span> <span class='ocrx_word' id='word_1_716' title='bbox 3286 2751 3361 2801; x_wconf 86' lang='lat' dir='ltr'><strong>Ill,</strong></span> <span class='ocrx_word' id='word_1_717' title='bbox 3384 2735 3502 2805; x_wconf 71' lang='grc'><strong>21).</strong></span> 
     </span>
    </p>
   </div>
   <div class='ocr_carea' id='block_1_88' title="bbox 1940 2825 3503 2900">
    <p class='ocr_par' dir='ltr' id='par_1_88' title="bbox 1940 2825 3503 2900">
     <span class='ocr_line' id='line_1_88' title="bbox 1940 2825 3503 2900; baseline -0.005 -15"><span class='ocrx_word' id='word_1_718' title='bbox 1940 2829 2115 2898; x_wconf 87' lang='lat' dir='ltr'><strong>Pater,</strong></span> <span class='ocrx_word' id='word_1_719' title='bbox 2144 2831 2311 2900; x_wconf 90' lang='lat' dir='ltr'><strong>inquit</strong></span> <span class='ocrx_word' id='word_1_720' title='bbox 2330 2869 2345 2896; x_wconf 94' lang='lat'><strong>,</strong></span> <span class='ocrx_word' id='word_1_721' title='bbox 2391 2830 2435 2883; x_wconf 86' lang='lat' dir='ltr'><strong>si</strong></span> <span class='ocrx_word' id='word_1_722' title='bbox 2471 2828 2581 2897; x_wconf 88' lang='lat' dir='ltr'><strong>ﬁeri</strong></span> <span class='ocrx_word' id='word_1_723' title='bbox 2608 2835 2799 2897; x_wconf 86' lang='lat' dir='ltr'><strong>potest,</strong></span> <span class='ocrx_word' id='word_1_724' title='bbox 2825 2835 3040 2880; x_wconf 86' lang='lat' dir='ltr'><strong>transeat</strong></span> <span class='ocrx_word' id='word_1_725' title='bbox 3068 2825 3200 2880; x_wconf 77' lang='lat' dir='ltr'><strong>calix</strong></span> <span class='ocrx_word' id='word_1_726' title='bbox 3227 2826 3317 2879; x_wconf 87' lang='lat' dir='ltr'><strong>iste</strong></span> <span class='ocrx_word' id='word_1_727' title='bbox 3343 2841 3374 2877; x_wconf 83' lang='grc' dir='ltr'><em>α</em></span> <span class='ocrx_word' id='word_1_728' title='bbox 3402 2841 3503 2878; x_wconf 85' lang='lat' dir='ltr'><strong>me.</strong></span> 
     </span>
    </p>
   </div>
   <div class='ocr_carea' id='block_1_89' title="bbox 1940 2916 3505 2992">
    <p class='ocr_par' dir='ltr' id='par_1_89' title="bbox 1940 2916 3505 2992">
     <span class='ocr_line' id='line_1_89' title="bbox 1940 2916 3505 2992; baseline -0.006 -15"><span class='ocrx_word' id='word_1_729' title='bbox 1940 2922 2010 2977; x_wconf 90' lang='lat' dir='ltr'><strong>Et</strong></span> <span class='ocrx_word' id='word_1_730' title='bbox 2038 2931 2096 2977; x_wconf 95' lang='lat' dir='ltr'><strong>ut</strong></span> <span class='ocrx_word' id='word_1_731' title='bbox 2122 2921 2402 2992; x_wconf 88' lang='lat' dir='ltr'><strong>impleret,</strong></span> <span class='ocrx_word' id='word_1_732' title='bbox 2430 2920 2669 2990; x_wconf 85' lang='lat' dir='ltr'><strong>quamvis</strong></span> <span class='ocrx_word' id='word_1_733' title='bbox 2710 2934 2813 2972; x_wconf 93' lang='lat' dir='ltr'><strong>non</strong></span> <span class='ocrx_word' id='word_1_734' title='bbox 2847 2919 3108 2986; x_wconf 87' lang='lat' dir='ltr'><strong>acciperet</strong></span> <span class='ocrx_word' id='word_1_735' title='bbox 3148 2916 3286 2986; x_wconf 89' lang='lat' dir='ltr'><strong>quod</strong></span> <span class='ocrx_word' id='word_1_736' title='bbox 3327 2924 3505 2984; x_wconf 87' lang='lat' dir='ltr'><strong>petere</strong></span> 
     </span>
    </p>
   </div>
   <div class='ocr_carea' id='block_1_90' title="bbox 1938 3004 3504 3082">
    <p class='ocr_par' dir='ltr' id='par_1_90' title="bbox 1938 3004 3504 3082">
     <span class='ocr_line' id='line_1_90' title="bbox 1938 3004 3504 3082; baseline -0.008 -13"><span class='ocrx_word' id='word_1_737' title='bbox 1938 3014 2233 3078; x_wconf 89' lang='lat' dir='ltr'><strong>videbatur,</strong></span> <span class='ocrx_word' id='word_1_738' title='bbox 2262 3011 2363 3066; x_wconf 87' lang='lat' dir='ltr'><strong>Per</strong></span> <span class='ocrx_word' id='word_1_739' title='bbox 2389 3010 2611 3082; x_wconf 86' lang='lat' dir='ltr'><strong>singulos</strong></span> <span class='ocrx_word' id='word_1_740' title='bbox 2644 3010 2747 3064; x_wconf 90' lang='lat' dir='ltr'><strong>dies</strong></span> <span class='ocrx_word' id='word_1_741' title='bbox 2774 3007 3057 3062; x_wconf 89' lang='lat' dir='ltr'><strong>benedicam</strong></span> <span class='ocrx_word' id='word_1_742' title='bbox 3088 3016 3132 3061; x_wconf 90' lang='lat' dir='ltr'><strong>te</strong></span> <span class='ocrx_word' id='word_1_743' title='bbox 3159 3022 3176 3059; x_wconf 92' lang='lat'><strong><em>:</em></strong></span> <span class='ocrx_word' id='word_1_744' title='bbox 3207 3004 3388 3059; x_wconf 81' lang='lat' dir='ltr'><strong>Verum</strong></span> <span class='ocrx_word' id='word_1_745' title='bbox 3405 3020 3504 3059; x_wconf 88' lang='lat' dir='ltr'><strong>non</strong></span> 
     </span>
    </p>
   </div>
   <div class='ocr_carea' id='block_1_91' title="bbox 1939 3092 3502 3175">
    <p class='ocr_par' dir='ltr' id='par_1_91' title="bbox 1939 3092 3502 3175">
     <span class='ocr_line' id='line_1_91' title="bbox 1939 3092 3502 3175; baseline -0.01 -16"><span class='ocrx_word' id='word_1_746' title='bbox 1939 3105 2073 3173; x_wconf 88' lang='lat' dir='ltr'><strong>quod</strong></span> <span class='ocrx_word' id='word_1_747' title='bbox 2109 3120 2198 3175; x_wconf 86' lang='lat' dir='ltr'><strong>ego</strong></span> <span class='ocrx_word' id='word_1_748' title='bbox 2236 3102 2346 3157; x_wconf 87' lang='lat' dir='ltr'><strong>volo</strong></span> <span class='ocrx_word' id='word_1_749' title='bbox 2367 3142 2381 3168; x_wconf 93' lang='lat'><strong>,</strong></span> <span class='ocrx_word' id='word_1_750' title='bbox 2413 3102 2519 3165; x_wconf 89' lang='lat' dir='ltr'><strong>ait,</strong></span> <span class='ocrx_word' id='word_1_751' title='bbox 2570 3100 2656 3154; x_wconf 91' lang='lat' dir='ltr'><strong>sed</strong></span> <span class='ocrx_word' id='word_1_752' title='bbox 2697 3100 2829 3168; x_wconf 85' lang='lat' dir='ltr'><strong>quod</strong></span> <span class='ocrx_word' id='word_1_753' title='bbox 2857 3107 2909 3151; x_wconf 84' lang='lat' dir='ltr'><strong>tu</strong></span> <span class='ocrx_word' id='word_1_754' title='bbox 2936 3098 3006 3151; x_wconf 85' lang='lat' dir='ltr'><strong>vis</strong></span> <span class='ocrx_word' id='word_1_755' title='bbox 3030 3137 3046 3164; x_wconf 93' lang='lat'><strong>,</strong></span> <span class='ocrx_word' id='word_1_756' title='bbox 3080 3094 3232 3149; x_wconf 83' lang='lat' dir='ltr'><strong>Pater</strong></span> <span class='ocrx_word' id='word_1_757' title='bbox 3270 3097 3286 3163; x_wconf 99' lang='lat'><strong>(</strong></span> <span class='ocrx_word' id='word_1_758' title='bbox 3316 3092 3502 3147; x_wconf 78' lang='lat' dir='ltr'><strong>Matth.</strong></span> 
     </span>
    </p>
   </div>
   <div class='ocr_carea' id='block_1_92' title="bbox 1939 3184 3503 3264">
    <p class='ocr_par' dir='ltr' id='par_1_92' title="bbox 1939 3184 3503 3264">
     <span class='ocr_line' id='line_1_92' title="bbox 1939 3184 3503 3264; baseline -0.01 -13"><span class='ocrx_word' id='word_1_759' title='bbox 1939 3212 2083 3259; x_wconf 75' lang='lat' dir='ltr'><strong>xxvr,</strong></span> <span class='ocrx_word' id='word_1_760' title='bbox 2115 3194 2182 3249; x_wconf 79' lang='lat'><strong>59</strong></span> <span class='ocrx_word' id='word_1_761' title='bbox 2202 3194 2239 3264; x_wconf 91' lang='lat'><strong>).</strong></span> <span class='ocrx_word' id='word_1_762' title='bbox 2271 3192 2415 3247; x_wconf 88' lang='lat' dir='ltr'><strong>Oculi</strong></span> <span class='ocrx_word' id='word_1_763' title='bbox 2442 3191 2663 3245; x_wconf 88' lang='lat' dir='ltr'><strong>omnium</strong></span> <span class='ocrx_word' id='word_1_764' title='bbox 2684 3190 2735 3242; x_wconf 90' lang='lat' dir='ltr'><strong>in</strong></span> <span class='ocrx_word' id='word_1_765' title='bbox 2758 3198 2803 3243; x_wconf 91' lang='lat' dir='ltr'><strong>te</strong></span> <span class='ocrx_word' id='word_1_766' title='bbox 2825 3196 3047 3258; x_wconf 86' lang='lat' dir='ltr'><strong>sperant,</strong></span> <span class='ocrx_word' id='word_1_767' title='bbox 3080 3194 3122 3240; x_wconf 89' lang='lat' dir='ltr'><strong>et</strong></span> <span class='ocrx_word' id='word_1_768' title='bbox 3148 3194 3201 3238; x_wconf 90' lang='lat' dir='ltr'><strong>tu</strong></span> <span class='ocrx_word' id='word_1_769' title='bbox 3226 3184 3315 3237; x_wconf 88' lang='lat' dir='ltr'><strong>das</strong></span> <span class='ocrx_word' id='word_1_770' title='bbox 3341 3198 3503 3236; x_wconf 79' lang='lat' dir='ltr'><strong>escam</strong></span> 
     </span>
    </p>
   </div>
   <div class='ocr_carea' id='block_1_93' title="bbox 1938 3285 2532 3354">
    <p class='ocr_par' dir='ltr' id='par_1_93' title="bbox 1938 3285 2532 3354">
     <span class='ocr_line' id='line_1_93' title="bbox 1938 3285 2532 3354; baseline -0.007 -13"><span class='ocrx_word' id='word_1_771' title='bbox 1938 3287 2039 3341; x_wconf 87' lang='lat' dir='ltr'><strong>illis</strong></span> <span class='ocrx_word' id='word_1_772' title='bbox 2064 3287 2115 3339; x_wconf 91' lang='lat' dir='ltr'><strong>in</strong></span> <span class='ocrx_word' id='word_1_773' title='bbox 2144 3285 2532 3354; x_wconf 83' lang='lat' dir='ltr'><strong>opportunitate.</strong></span> 
     </span>
    </p>
   </div>
   <div class='ocr_carea' id='block_1_94' title="bbox 2007 3365 3505 3449">
    <p class='ocr_par' dir='ltr' id='par_1_94' title="bbox 2007 3365 3505 3449">
     <span class='ocr_line' id='line_1_94' title="bbox 2007 3365 3505 3449; baseline -0.01 -17"><span class='ocrx_word' id='word_1_774' title='bbox 2007 3377 2097 3435; x_wconf 68' lang='lat'><strong>20.</strong></span> <span class='ocrx_word' id='word_1_775' title='bbox 2150 3376 2310 3449; x_wconf 84' lang='lat' dir='ltr'><strong>[vers.</strong></span> <span class='ocrx_word' id='word_1_776' title='bbox 2343 3373 2474 3447; x_wconf 69' lang='lat'><strong>16.]</strong></span> <span class='ocrx_word' id='word_1_777' title='bbox 2521 3372 2697 3445; x_wconf 81' lang='lat' dir='ltr'><strong>Aperis</strong></span> <span class='ocrx_word' id='word_1_778' title='bbox 2724 3382 2775 3426; x_wconf 90' lang='lat' dir='ltr'><strong>tu</strong></span> <span class='ocrx_word' id='word_1_779' title='bbox 2806 3387 3009 3426; x_wconf 90' lang='lat' dir='ltr'><strong>manum</strong></span> <span class='ocrx_word' id='word_1_780' title='bbox 3043 3378 3179 3423; x_wconf 87' lang='lat' dir='ltr'><strong>tuam</strong></span> <span class='ocrx_word' id='word_1_781' title='bbox 3202 3408 3217 3434; x_wconf 93' lang='lat'><strong>,</strong></span> <span class='ocrx_word' id='word_1_782' title='bbox 3258 3376 3303 3420; x_wconf 87' lang='lat' dir='ltr'><strong>et</strong></span> <span class='ocrx_word' id='word_1_783' title='bbox 3328 3365 3505 3446; x_wconf 85' lang='lat' dir='ltr'><strong>imples</strong></span> 
     </span>
    </p>
   </div>
   <div class='ocr_carea' id='block_1_95' title="bbox 1939 3442 3505 3528">
    <p class='ocr_par' dir='ltr' id='par_1_95' title="bbox 1939 3442 3505 3528">
     <span class='ocr_line' id='line_1_95' title="bbox 1939 3442 3505 3528; baseline -0.01 -5"><span class='ocrx_word' id='word_1_784' title='bbox 1939 3484 2084 3523; x_wconf 85' lang='lat' dir='ltr'><strong>omne</strong></span> <span class='ocrx_word' id='word_1_785' title='bbox 2114 3466 2303 3520; x_wconf 78' lang='lat' dir='ltr'><strong>animal</strong></span> <span class='ocrx_word' id='word_1_786' title='bbox 2327 3442 2676 3519; x_wconf 79' lang='lat' dir='ltr'><strong>benedictione.</strong></span> <span class='ocrx_word' id='word_1_787' title='bbox 2706 3462 2820 3517; x_wconf 89' lang='lat' dir='ltr'><strong>Etsi</strong></span> <span class='ocrx_word' id='word_1_788' title='bbox 2844 3476 2947 3516; x_wconf 88' lang='lat' dir='ltr'><strong>non</strong></span> <span class='ocrx_word' id='word_1_789' title='bbox 2970 3460 3066 3515; x_wconf 93' lang='lat' dir='ltr'><strong>das</strong></span> <span class='ocrx_word' id='word_1_790' title='bbox 3087 3455 3386 3528; x_wconf 88' lang='lat' dir='ltr'><strong>aliquando,</strong></span> <span class='ocrx_word' id='word_1_791' title='bbox 3408 3442 3505 3509; x_wconf 85' lang='lat' dir='ltr'><strong>das</strong></span> 
     </span>
    </p>
   </div>
   <div class='ocr_carea' id='block_1_96' title="bbox 1940 3547 3505 3627">
    <p class='ocr_par' dir='ltr' id='par_1_96' title="bbox 1940 3547 3505 3627">
     <span class='ocr_line' id='line_1_96' title="bbox 1940 3547 3505 3627; baseline -0.008 -13"><span class='ocrx_word' id='word_1_792' title='bbox 1940 3569 2116 3614; x_wconf 90' lang='lat' dir='ltr'><strong>tamen</strong></span> <span class='ocrx_word' id='word_1_793' title='bbox 2146 3559 2196 3613; x_wconf 93' lang='lat' dir='ltr'><strong>in</strong></span> <span class='ocrx_word' id='word_1_794' title='bbox 2225 3556 2617 3627; x_wconf 87' lang='lat' dir='ltr'><strong>opportunitate</strong></span> <span class='ocrx_word' id='word_1_795' title='bbox 2649 3570 2664 3609; x_wconf 88' lang='lat'>:</span> <span class='ocrx_word' id='word_1_796' title='bbox 2694 3553 2874 3610; x_wconf 70' lang='lat' dir='ltr'><strong>diﬂ‘crs</strong></span> <span class='ocrx_word' id='word_1_797' title='bbox 2898 3594 2913 3619; x_wconf 87' lang='lat'><strong>,</strong></span> <span class='ocrx_word' id='word_1_798' title='bbox 2944 3568 3047 3607; x_wconf 93' lang='lat' dir='ltr'><strong>non</strong></span> <span class='ocrx_word' id='word_1_799' title='bbox 3074 3550 3252 3605; x_wconf 78' lang='lat' dir='ltr'><strong>aufers</strong></span> <span class='ocrx_word' id='word_1_800' title='bbox 3276 3587 3292 3615; x_wconf 88' lang='lat'><strong>,</strong></span> <span class='ocrx_word' id='word_1_801' title='bbox 3321 3556 3374 3602; x_wconf 91' lang='lat' dir='ltr'><strong>et</strong></span> <span class='ocrx_word' id='word_1_802' title='bbox 3402 3547 3505 3602; x_wconf 91' lang='lat' dir='ltr'><strong>hoc</strong></span> 
     </span>
    </p>
   </div>
   <div class='ocr_carea' id='block_1_97' title="bbox 1940 3649 2949 3722">
    <p class='ocr_par' dir='ltr' id='par_1_97' title="bbox 1940 3649 2949 3722">
     <span class='ocr_line' id='line_1_97' title="bbox 1940 3649 2949 3722; baseline -0.008 -16"><span class='ocrx_word' id='word_1_803' title='bbox 1940 3650 1993 3706; x_wconf 90' lang='lat' dir='ltr'><strong>in</strong></span> <span class='ocrx_word' id='word_1_804' title='bbox 2024 3649 2442 3722; x_wconf 91' lang='lat' dir='ltr'><strong>opportunitate.</strong></span> <span class='ocrx_word' id='word_1_805' title='bbox 2945 3654 2949 3657; x_wconf 87' lang='lat'><strong><em>&#39;</em></strong></span> 
     </span>
    </p>
   </div>
   <div class='ocr_carea' id='block_1_98' title="bbox 2008 3728 3502 3815">
    <p class='ocr_par' dir='ltr' id='par_1_98' title="bbox 2008 3728 3502 3815">
     <span class='ocr_line' id='line_1_98' title="bbox 2008 3728 3502 3815; baseline -0.01 -17"><span class='ocrx_word' id='word_1_806' title='bbox 2008 3743 2097 3798; x_wconf 70' lang='grc'><strong>21.</strong></span> <span class='ocrx_word' id='word_1_807' title='bbox 2128 3740 2293 3815; x_wconf 72' lang='grc' dir='ltr'><strong>[νει-δ.</strong></span> <span class='ocrx_word' id='word_1_808' title='bbox 2326 3742 2413 3795; x_wconf 80' lang='grc'><strong>17.</strong></span> <span class='ocrx_word' id='word_1_809' title='bbox 2433 3738 2453 3812; x_wconf 93' lang='grc'>]</span> <span class='ocrx_word' id='word_1_810' title='bbox 2474 3738 2507 3793; x_wconf 82' lang='grc' dir='ltr'><em>Ι</em></span> <span class='ocrx_word' id='word_1_811' title='bbox 2513 3747 2653 3793; x_wconf 89' lang='lat' dir='ltr'><strong>ustus</strong></span> <span class='ocrx_word' id='word_1_812' title='bbox 2666 3735 2916 3791; x_wconf 79' lang='lat' dir='ltr'><strong>Dominus</strong></span> <span class='ocrx_word' id='word_1_813' title='bbox 2934 3734 2986 3787; x_wconf 88' lang='lat' dir='ltr'><strong>in</strong></span> <span class='ocrx_word' id='word_1_814' title='bbox 3015 3733 3240 3787; x_wconf 75' lang='lat' dir='ltr'><strong>omnibus</strong></span> <span class='ocrx_word' id='word_1_815' title='bbox 3264 3731 3353 3783; x_wconf 90' lang='lat' dir='ltr'><strong>viis</strong></span> <span class='ocrx_word' id='word_1_816' title='bbox 3377 3728 3502 3783; x_wconf 88' lang='lat' dir='ltr'><strong>suis.</strong></span> 
     </span>
    </p>
   </div>
   <div class='ocr_carea' id='block_1_99' title="bbox 1939 3818 3501 3902">
    <p class='ocr_par' dir='ltr' id='par_1_99' title="bbox 1939 3818 3501 3902">
     <span class='ocr_line' id='line_1_99' title="bbox 1939 3818 3501 3902; baseline -0.012 -13"><span class='ocrx_word' id='word_1_817' title='bbox 1939 3833 2007 3889; x_wconf 83' lang='lat' dir='ltr'><strong>Et</strong></span> <span class='ocrx_word' id='word_1_818' title='bbox 2033 3832 2244 3902; x_wconf 88' lang='lat' dir='ltr'><strong>quando</strong></span> <span class='ocrx_word' id='word_1_819' title='bbox 2268 3830 2443 3893; x_wconf 78' lang='lat' dir='ltr'><strong>czedit,</strong></span> <span class='ocrx_word' id='word_1_820' title='bbox 2470 3838 2523 3883; x_wconf 91' lang='lat' dir='ltr'><strong>et</strong></span> <span class='ocrx_word' id='word_1_821' title='bbox 2546 3828 2759 3897; x_wconf 83' lang='lat' dir='ltr'><strong>quando</strong></span> <span class='ocrx_word' id='word_1_822' title='bbox 2778 3833 2946 3889; x_wconf 88' lang='lat' dir='ltr'><strong>curat,</strong></span> <span class='ocrx_word' id='word_1_823' title='bbox 2968 3824 3141 3891; x_wconf 88' lang='lat' dir='ltr'><strong>justus</strong></span> <span class='ocrx_word' id='word_1_824' title='bbox 3169 3829 3268 3883; x_wconf 89' lang='lat' dir='ltr'><strong>est,</strong></span> <span class='ocrx_word' id='word_1_825' title='bbox 3291 3829 3343 3872; x_wconf 93' lang='lat' dir='ltr'><strong>et</strong></span> <span class='ocrx_word' id='word_1_826' title='bbox 3361 3818 3501 3886; x_wconf 85' lang='lat' dir='ltr'><strong>apud</strong></span> 
     </span>
    </p>
   </div>
   <div class='ocr_carea' id='block_1_100' title="bbox 1938 3907 3505 3990">
    <p class='ocr_par' dir='ltr' id='par_1_100' title="bbox 1938 3907 3505 3990">
     <span class='ocr_line' id='line_1_100' title="bbox 1938 3907 3505 3990; baseline -0.012 -12"><span class='ocrx_word' id='word_1_827' title='bbox 1938 3939 2059 3979; x_wconf 89' lang='lat' dir='ltr'><strong>eum</strong></span> <span class='ocrx_word' id='word_1_828' title='bbox 2093 3922 2339 3990; x_wconf 90' lang='lat' dir='ltr'><strong>iniquitas</strong></span> <span class='ocrx_word' id='word_1_829' title='bbox 2367 3934 2471 3973; x_wconf 92' lang='lat' dir='ltr'><strong>non</strong></span> <span class='ocrx_word' id='word_1_830' title='bbox 2502 3926 2602 3973; x_wconf 91' lang='lat' dir='ltr'><strong>est.</strong></span> <span class='ocrx_word' id='word_1_831' title='bbox 2635 3916 2869 3984; x_wconf 88' lang='lat' dir='ltr'><strong>Denique</strong></span> <span class='ocrx_word' id='word_1_832' title='bbox 2918 3926 3103 3966; x_wconf 87' lang='lat' dir='ltr'><strong>omnes</strong></span> <span class='ocrx_word' id='word_1_833' title='bbox 3138 3909 3304 3963; x_wconf 89' lang='lat' dir='ltr'><strong>sancti</strong></span> <span class='ocrx_word' id='word_1_834' title='bbox 3332 3907 3382 3961; x_wconf 90' lang='lat' dir='ltr'><strong>in</strong></span> <span class='ocrx_word' id='word_1_835' title='bbox 3413 3907 3505 3960; x_wconf 86' lang='lat' dir='ltr'><strong>tri-</strong></span> 
     </span>
    </p>
   </div>
   <div class='ocr_carea' id='block_1_101' title="bbox 1938 3997 3503 4077">
    <p class='ocr_par' dir='ltr' id='par_1_101' title="bbox 1938 3997 3503 4077">
     <span class='ocr_line' id='line_1_101' title="bbox 1938 3997 3503 4077; baseline -0.012 -7"><span class='ocrx_word' id='word_1_836' title='bbox 1938 4013 2291 4071; x_wconf 89' lang='lat' dir='ltr'><strong>bulationibus</strong></span> <span class='ocrx_word' id='word_1_837' title='bbox 2320 4009 2587 4065; x_wconf 89' lang='lat' dir='ltr'><strong>constituti</strong></span> <span class='ocrx_word' id='word_1_838' title='bbox 2615 4051 2628 4073; x_wconf 87' lang='lat'><strong>,</strong></span> <span class='ocrx_word' id='word_1_839' title='bbox 2657 4007 2800 4077; x_wconf 89' lang='lat' dir='ltr'><strong>prius</strong></span> <span class='ocrx_word' id='word_1_840' title='bbox 2823 4004 3079 4074; x_wconf 86' lang='lat' dir='ltr'><strong>justitiam</strong></span> <span class='ocrx_word' id='word_1_841' title='bbox 3110 4001 3223 4069; x_wconf 89' lang='lat' dir='ltr'><strong>ejus</strong></span> <span class='ocrx_word' id='word_1_842' title='bbox 3253 3997 3503 4052; x_wconf 82' lang='lat' dir='ltr'><strong>laudave-</strong></span> 
     </span>
    </p>
   </div>
   <div class='ocr_carea' id='block_1_102' title="bbox 1939 4086 3500 4170">
    <p class='ocr_par' dir='ltr' id='par_1_102' title="bbox 1939 4086 3500 4170">
     <span class='ocr_line' id='line_1_102' title="bbox 1939 4086 3500 4170; baseline -0.013 -9"><span class='ocrx_word' id='word_1_843' title='bbox 1939 4112 2081 4170; x_wconf 88' lang='lat' dir='ltr'><strong>runt,</strong></span> <span class='ocrx_word' id='word_1_844' title='bbox 2113 4112 2166 4159; x_wconf 92' lang='lat' dir='ltr'><strong>et</strong></span> <span class='ocrx_word' id='word_1_845' title='bbox 2194 4102 2268 4157; x_wconf 82' lang='lat' dir='ltr'><strong>sic</strong></span> <span class='ocrx_word' id='word_1_846' title='bbox 2289 4099 2544 4156; x_wconf 80' lang='lat' dir='ltr'><strong>beneficia</strong></span> <span class='ocrx_word' id='word_1_847' title='bbox 2567 4097 2883 4168; x_wconf 89' lang='lat' dir='ltr'><strong>petiverunt.</strong></span> <span class='ocrx_word' id='word_1_848' title='bbox 2909 4093 3061 4147; x_wconf 88' lang='lat' dir='ltr'><strong>Prius</strong></span> <span class='ocrx_word' id='word_1_849' title='bbox 3083 4091 3329 4146; x_wconf 78' lang='lat' dir='ltr'><strong>dixerunt</strong></span> <span class='ocrx_word' id='word_1_850' title='bbox 3353 4106 3365 4141; x_wconf 91' lang='lat'>:</span> <span class='ocrx_word' id='word_1_851' title='bbox 3406 4086 3500 4142; x_wconf 80' lang='lat' dir='ltr'><strong>Ju—</strong></span> 
     </span>
    </p>
   </div>
   <div class='ocr_carea' id='block_1_103' title="bbox 1938 4176 3505 4261">
    <p class='ocr_par' dir='ltr' id='par_1_103' title="bbox 1938 4176 3505 4261">
     <span class='ocr_line' id='line_1_103' title="bbox 1938 4176 3505 4261; baseline -0.011 -12"><span class='ocrx_word' id='word_1_852' title='bbox 1938 4203 2076 4250; x_wconf 89' lang='lat' dir='ltr'><strong>stum</strong></span> <span class='ocrx_word' id='word_1_853' title='bbox 2100 4202 2180 4248; x_wconf 89' lang='lat' dir='ltr'><strong>est</strong></span> <span class='ocrx_word' id='word_1_854' title='bbox 2200 4191 2339 4261; x_wconf 90' lang='lat' dir='ltr'><strong>quod</strong></span> <span class='ocrx_word' id='word_1_855' title='bbox 2366 4189 2513 4244; x_wconf 83' lang='lat' dir='ltr'><strong>facis.</strong></span> <span class='ocrx_word' id='word_1_856' title='bbox 2537 4188 2623 4244; x_wconf 90' lang='lat' dir='ltr'><strong>Sic</strong></span> <span class='ocrx_word' id='word_1_857' title='bbox 2643 4186 2843 4256; x_wconf 81' lang='lat' dir='ltr'><strong>rogavit</strong></span> <span class='ocrx_word' id='word_1_858' title='bbox 2869 4181 3070 4247; x_wconf 78' lang='lat' dir='ltr'><strong>Daniel,</strong></span> <span class='ocrx_word' id='word_1_859' title='bbox 3092 4182 3167 4235; x_wconf 92' lang='lat' dir='ltr'><strong>sic</strong></span> <span class='ocrx_word' id='word_1_860' title='bbox 3188 4180 3274 4234; x_wconf 88' lang='lat' dir='ltr'><strong>alii</strong></span> <span class='ocrx_word' id='word_1_861' title='bbox 3297 4176 3464 4232; x_wconf 88' lang='lat' dir='ltr'><strong>sancti</strong></span> <span class='ocrx_word' id='word_1_862' title='bbox 3489 4194 3505 4231; x_wconf 88' lang='lat'><strong>:</strong></span> 
     </span>
    </p>
   </div>
   <div class='ocr_carea' id='block_1_104' title="bbox 1936 4266 3505 4350">
    <p class='ocr_par' dir='ltr' id='par_1_104' title="bbox 1936 4266 3505 4350">
     <span class='ocr_line' id='line_1_104' title="bbox 1936 4266 3505 4350; baseline -0.013 -11"><span class='ocrx_word' id='word_1_863' title='bbox 1936 4284 2085 4341; x_wconf 82' lang='lat' dir='ltr'><strong>Justa</strong></span> <span class='ocrx_word' id='word_1_864' title='bbox 2117 4290 2240 4337; x_wconf 90' lang='lat' dir='ltr'><strong>sunt</strong></span> <span class='ocrx_word' id='word_1_865' title='bbox 2262 4280 2456 4350; x_wconf 89' lang='lat' dir='ltr'><strong>judicia</strong></span> <span class='ocrx_word' id='word_1_866' title='bbox 2486 4288 2592 4341; x_wconf 88' lang='lat' dir='ltr'><strong>tua,</strong></span> <span class='ocrx_word' id='word_1_867' title='bbox 2620 4276 2753 4331; x_wconf 88' lang='lat' dir='ltr'><strong>bene</strong></span> <span class='ocrx_word' id='word_1_868' title='bbox 2784 4273 2919 4344; x_wconf 87' lang='lat' dir='ltr'><strong>passi</strong></span> <span class='ocrx_word' id='word_1_869' title='bbox 2950 4285 3133 4326; x_wconf 91' lang='lat' dir='ltr'><strong>sumus</strong></span> <span class='ocrx_word' id='word_1_870' title='bbox 3157 4311 3170 4334; x_wconf 91' lang='lat'><strong>,</strong></span> <span class='ocrx_word' id='word_1_871' title='bbox 3198 4276 3340 4323; x_wconf 90' lang='lat' dir='ltr'><strong>recte</strong></span> <span class='ocrx_word' id='word_1_872' title='bbox 3365 4266 3505 4337; x_wconf 86' lang='lat' dir='ltr'><strong>passi</strong></span> 
     </span>
    </p>
   </div>
   <div class='ocr_carea' id='block_1_105' title="bbox 1938 4357 3507 4442">
    <p class='ocr_par' dir='ltr' id='par_1_105' title="bbox 1938 4357 3507 4442">
     <span class='ocr_line' id='line_1_105' title="bbox 1938 4357 3507 4442; baseline -0.011 -14"><span class='ocrx_word' id='word_1_873' title='bbox 1938 4387 2122 4429; x_wconf 89' lang='lat' dir='ltr'><strong>sumus</strong></span> <span class='ocrx_word' id='word_1_874' title='bbox 2160 4369 2332 4442; x_wconf 90' lang='lat' dir='ltr'><strong>(Dan.</strong></span> <span class='ocrx_word' id='word_1_875' title='bbox 2364 4385 2453 4434; x_wconf 90' lang='grc' dir='ltr'><strong>ιιι,</strong></span> <span class='ocrx_word' id='word_1_876' title='bbox 2483 4368 2676 4431; x_wconf 61' lang='lat' dir='ltr'><strong>27o5l;</strong></span> <span class='ocrx_word' id='word_1_877' title='bbox 2710 4374 2755 4418; x_wconf 90' lang='lat' dir='ltr'><strong>et</strong></span> <span class='ocrx_word' id='word_1_878' title='bbox 2784 4380 2858 4429; x_wconf 81' lang='lat' dir='ltr'><strong>ut,</strong></span> <span class='ocrx_word' id='word_1_879' title='bbox 2891 4362 3019 4417; x_wconf 79' lang='grc'><strong>5-19</strong></span> <span class='ocrx_word' id='word_1_880' title='bbox 3042 4362 3080 4433; x_wconf 93' lang='grc'><strong>).</strong></span> <span class='ocrx_word' id='word_1_881' title='bbox 3106 4359 3228 4415; x_wconf 87' lang='lat' dir='ltr'><strong>Non</strong></span> <span class='ocrx_word' id='word_1_882' title='bbox 3248 4357 3507 4413; x_wconf 87' lang='lat' dir='ltr'><strong>dederunt</strong></span> 
     </span>
    </p>
   </div>
   <div class='ocr_carea' id='block_1_106' title="bbox 1941 4449 3507 4531">
    <p class='ocr_par' dir='ltr' id='par_1_106' title="bbox 1941 4449 3507 4531">
     <span class='ocr_line' id='line_1_106' title="bbox 1941 4449 3507 4531; baseline -0.013 -11"><span class='ocrx_word' id='word_1_883' title='bbox 1941 4465 2051 4519; x_wconf 92' lang='lat' dir='ltr'><strong>Deo</strong></span> <span class='ocrx_word' id='word_1_884' title='bbox 2081 4460 2409 4531; x_wconf 87' lang='lat' dir='ltr'><strong>injustitiam,</strong></span> <span class='ocrx_word' id='word_1_885' title='bbox 2446 4472 2548 4511; x_wconf 93' lang='lat' dir='ltr'><strong>non</strong></span> <span class='ocrx_word' id='word_1_886' title='bbox 2576 4456 2625 4511; x_wconf 91' lang='lat' dir='ltr'><strong>ei</strong></span> <span class='ocrx_word' id='word_1_887' title='bbox 2651 4455 2909 4511; x_wconf 89' lang='lat' dir='ltr'><strong>dederunt</strong></span> <span class='ocrx_word' id='word_1_888' title='bbox 2937 4452 3262 4521; x_wconf 90' lang='lat' dir='ltr'><strong>iniquitatem</strong></span> <span class='ocrx_word' id='word_1_889' title='bbox 3292 4458 3346 4503; x_wconf 90' lang='lat' dir='ltr'><strong>et</strong></span> <span class='ocrx_word' id='word_1_890' title='bbox 3375 4449 3507 4502; x_wconf 80' lang='lat' dir='ltr'><strong>insi-</strong></span> 
     </span>
    </p>
   </div>
   <div class='ocr_carea' id='block_1_107' title="bbox 1939 4540 3507 4627">
    <p class='ocr_par' dir='ltr' id='par_1_107' title="bbox 1939 4540 3507 4627">
     <span class='ocr_line' id='line_1_107' title="bbox 1939 4540 3507 4627; baseline -0.01 -17"><span class='ocrx_word' id='word_1_891' title='bbox 1939 4555 2210 4627; x_wconf 89' lang='lat' dir='ltr'><strong>pientiam.</strong></span> <span class='ocrx_word' id='word_1_892' title='bbox 2260 4551 2631 4608; x_wconf 86' lang='lat' dir='ltr'><strong>Laudaverunt</strong></span> <span class='ocrx_word' id='word_1_893' title='bbox 2671 4549 2840 4618; x_wconf 91' lang='lat' dir='ltr'><strong>primo</strong></span> <span class='ocrx_word' id='word_1_894' title='bbox 2887 4544 3238 4615; x_wconf 83' lang='lat' dir='ltr'><strong>ﬂagellantem</strong></span> <span class='ocrx_word' id='word_1_895' title='bbox 3267 4582 3283 4609; x_wconf 91' lang='lat'><strong>,</strong></span> <span class='ocrx_word' id='word_1_896' title='bbox 3330 4550 3383 4595; x_wconf 91' lang='lat' dir='ltr'><strong>et</strong></span> <span class='ocrx_word' id='word_1_897' title='bbox 3428 4540 3507 4594; x_wconf 91' lang='lat' dir='ltr'><strong>sic</strong></span> 
     </span>
    </p>
   </div>
   <div class='ocr_carea' id='block_1_108' title="bbox 1940 4628 3509 4702">
    <p class='ocr_par' dir='ltr' id='par_1_108' title="bbox 1940 4628 3509 4702">
     <span class='ocr_line' id='line_1_108' title="bbox 1940 4628 3509 4702; baseline -0.013 0"><span class='ocrx_word' id='word_1_898' title='bbox 1940 4655 2217 4702; x_wconf 90' lang='lat' dir='ltr'><strong>senserunt</strong></span> <span class='ocrx_word' id='word_1_899' title='bbox 2264 4643 2524 4699; x_wconf 84' lang='lat' dir='ltr'><strong>eibautem</strong></span> <span class='ocrx_word' id='word_1_900' title='bbox 2568 4659 2581 4695; x_wconf 92' lang='lat'><strong>:</strong></span> <span class='ocrx_word' id='word_1_901' title='bbox 2611 4639 2787 4693; x_wconf 79' lang='lat' dir='ltr'><strong>Justus</strong></span> <span class='ocrx_word' id='word_1_902' title='bbox 2818 4636 3060 4691; x_wconf 87' lang='lat' dir='ltr'><strong>Dominus</strong></span> <span class='ocrx_word' id='word_1_903' title='bbox 3089 4634 3139 4687; x_wconf 89' lang='lat' dir='ltr'><strong>in</strong></span> <span class='ocrx_word' id='word_1_904' title='bbox 3169 4628 3392 4686; x_wconf 90' lang='lat' dir='ltr'><strong>omnibus</strong></span> <span class='ocrx_word' id='word_1_905' title='bbox 3416 4628 3509 4682; x_wconf 87' lang='lat' dir='ltr'><strong>viis</strong></span> 
     </span>
    </p>
   </div>
   <div class='ocr_carea' id='block_1_109' title="bbox 1940 4716 3507 4803">
    <p class='ocr_par' dir='ltr' id='par_1_109' title="bbox 1940 4716 3507 4803">
     <span class='ocr_line' id='line_1_109' title="bbox 1940 4716 3507 4803; baseline -0.014 -12"><span class='ocrx_word' id='word_1_906' title='bbox 1940 4738 2063 4792; x_wconf 87' lang='lat' dir='ltr'><strong>suis.</strong></span> <span class='ocrx_word' id='word_1_907' title='bbox 2088 4735 2252 4789; x_wconf 82' lang='lat' dir='ltr'><strong>Nemo</strong></span> <span class='ocrx_word' id='word_1_908' title='bbox 2274 4741 2424 4803; x_wconf 90' lang='lat' dir='ltr'><strong>putet</strong></span> <span class='ocrx_word' id='word_1_909' title='bbox 2453 4731 2596 4785; x_wconf 90' lang='lat' dir='ltr'><strong>illum</strong></span> <span class='ocrx_word' id='word_1_910' title='bbox 2625 4728 2896 4797; x_wconf 89' lang='lat' dir='ltr'><strong>injustum,</strong></span> <span class='ocrx_word' id='word_1_911' title='bbox 2925 4721 3135 4793; x_wconf 87' lang='lat' dir='ltr'><strong>quando</strong></span> <span class='ocrx_word' id='word_1_912' title='bbox 3160 4720 3283 4773; x_wconf 90' lang='lat' dir='ltr'><strong>mali</strong></span> <span class='ocrx_word' id='word_1_913' title='bbox 3310 4716 3507 4785; x_wconf 86' lang='lat' dir='ltr'><strong>aliquid</strong></span> 
     </span>
    </p>
   </div>
   <div class='ocr_carea' id='block_1_110' title="bbox 1942 4806 3506 4894">
    <p class='ocr_par' dir='ltr' id='par_1_110' title="bbox 1942 4806 3506 4894">
     <span class='ocr_line' id='line_1_110' title="bbox 1942 4806 3506 4894; baseline -0.016 -13"><span class='ocrx_word' id='word_1_914' title='bbox 1942 4827 2076 4882; x_wconf 83' lang='lat' dir='ltr'><strong>forte</strong></span> <span class='ocrx_word' id='word_1_915' title='bbox 2103 4824 2329 4894; x_wconf 89' lang='lat' dir='ltr'><strong>patitur;</strong></span> <span class='ocrx_word' id='word_1_916' title='bbox 2362 4820 2455 4875; x_wconf 87' lang='lat' dir='ltr'><strong>sed</strong></span> <span class='ocrx_word' id='word_1_917' title='bbox 2483 4820 2647 4890; x_wconf 87' lang='lat' dir='ltr'><strong>ipsius</strong></span> <span class='ocrx_word' id='word_1_918' title='bbox 2666 4815 2921 4886; x_wconf 88' lang='lat' dir='ltr'><strong>justitiam</strong></span> <span class='ocrx_word' id='word_1_919' title='bbox 2945 4810 3138 4873; x_wconf 86' lang='lat' dir='ltr'><strong>laudet,</strong></span> <span class='ocrx_word' id='word_1_920' title='bbox 3165 4818 3221 4862; x_wconf 92' lang='lat' dir='ltr'><strong>et</strong></span> <span class='ocrx_word' id='word_1_921' title='bbox 3245 4822 3394 4861; x_wconf 91' lang='lat' dir='ltr'><strong>suam</strong></span> <span class='ocrx_word' id='word_1_922' title='bbox 3427 4806 3506 4858; x_wconf 90' lang='lat' dir='ltr'><strong>in-</strong></span> 
     </span>
    </p>
   </div>
   <div class='ocr_carea' id='block_1_111' title="bbox 1938 4896 3505 4989">
    <p class='ocr_par' dir='ltr' id='par_1_111' title="bbox 1938 4896 3505 4989">
     <span class='ocr_line' id='line_1_111' title="bbox 1938 4896 3505 4989; baseline -0.017 -16"><span class='ocrx_word' id='word_1_923' title='bbox 1938 4918 2197 4989; x_wconf 72' lang='lat' dir='ltr'><strong>justitiam</strong></span> <span class='ocrx_word' id='word_1_924' title='bbox 2220 4920 2433 4968; x_wconf 77' lang='lat' dir='ltr'><strong>accuset</strong></span> <span class='ocrx_word' id='word_1_925' title='bbox 2456 4929 2468 4964; x_wconf 91' lang='lat'><strong>:</strong></span> <span class='ocrx_word' id='word_1_926' title='bbox 2492 4908 2667 4963; x_wconf 85' lang='lat' dir='ltr'><strong>Justus</strong></span> <span class='ocrx_word' id='word_1_927' title='bbox 2692 4904 2935 4958; x_wconf 88' lang='lat' dir='ltr'><strong>Dominus</strong></span> <span class='ocrx_word' id='word_1_928' title='bbox 2955 4902 3005 4954; x_wconf 86' lang='lat' dir='ltr'><strong>in</strong></span> <span class='ocrx_word' id='word_1_929' title='bbox 3027 4898 3249 4953; x_wconf 87' lang='lat' dir='ltr'><strong>omnibus</strong></span> <span class='ocrx_word' id='word_1_930' title='bbox 3274 4897 3363 4950; x_wconf 89' lang='lat' dir='ltr'><strong>viis</strong></span> <span class='ocrx_word' id='word_1_931' title='bbox 3381 4896 3505 4958; x_wconf 89' lang='lat' dir='ltr'><strong>suis,</strong></span> 
     </span>
    </p>
   </div>
   <div class='ocr_carea' id='block_1_112' title="bbox 1944 4994 2944 5069">
    <p class='ocr_par' dir='ltr' id='par_1_112' title="bbox 1944 4994 2944 5069">
     <span class='ocr_line' id='line_1_112' title="bbox 1944 4994 2944 5069; baseline -0.022 -3"><span class='ocrx_word' id='word_1_932' title='bbox 1944 5021 1989 5067; x_wconf 92' lang='lat' dir='ltr'><strong>et</strong></span> <span class='ocrx_word' id='word_1_933' title='bbox 2016 5019 2217 5065; x_wconf 89' lang='lat' dir='ltr'><strong>sanctus</strong></span> <span class='ocrx_word' id='word_1_934' title='bbox 2245 5007 2296 5059; x_wconf 91' lang='lat' dir='ltr'><strong>in</strong></span> <span class='ocrx_word' id='word_1_935' title='bbox 2323 5002 2547 5058; x_wconf 86' lang='lat' dir='ltr'><strong>omnibus</strong></span> <span class='ocrx_word' id='word_1_936' title='bbox 2568 4998 2797 5069; x_wconf 87' lang='lat' dir='ltr'><strong>operibus</strong></span> <span class='ocrx_word' id='word_1_937' title='bbox 2819 4994 2944 5048; x_wconf 86' lang='lat' dir='ltr'><strong>suis.</strong></span> 
     </span>
    </p>
   </div>
   <div class='ocr_carea' id='block_1_113' title="bbox 2011 5077 3508 5169">
    <p class='ocr_par' dir='ltr' id='par_1_113' title="bbox 2011 5077 3508 5169">
     <span class='ocr_line' id='line_1_113' title="bbox 2011 5077 3508 5169; baseline -0.017 -15"><span class='ocrx_word' id='word_1_938' title='bbox 2011 5100 2083 5154; x_wconf 65' lang='lat'><strong>2‘2</strong></span> <span class='ocrx_word' id='word_1_939' title='bbox 2125 5091 2406 5169; x_wconf 69' lang='lat' dir='ltr'><strong>[vers.18.]</strong></span> <span class='ocrx_word' id='word_1_940' title='bbox 2436 5090 2602 5159; x_wconf 87' lang='lat' dir='ltr'><strong>Prope</strong></span> <span class='ocrx_word' id='word_1_941' title='bbox 2626 5096 2697 5139; x_wconf 90' lang='lat' dir='ltr'><strong>est</strong></span> <span class='ocrx_word' id='word_1_942' title='bbox 2739 5083 2986 5138; x_wconf 88' lang='lat' dir='ltr'><strong>Dominus</strong></span> <span class='ocrx_word' id='word_1_943' title='bbox 3015 5078 3242 5133; x_wconf 90' lang='lat' dir='ltr'><strong>omnibus</strong></span> <span class='ocrx_word' id='word_1_944' title='bbox 3268 5077 3508 5129; x_wconf 83' lang='lat' dir='ltr'><strong>invocan-</strong></span> 
     </span>
    </p>
   </div>
   <div class='ocr_carea' id='block_1_114' title="bbox 1942 5164 3513 5247">
    <p class='ocr_par' dir='ltr' id='par_1_114' title="bbox 1942 5164 3513 5247">
     <span class='ocr_line' id='line_1_114' title="bbox 1942 5164 3513 5247; baseline -0.018 -1"><span class='ocrx_word' id='word_1_945' title='bbox 1942 5194 2071 5247; x_wconf 91' lang='lat' dir='ltr'><strong>tibus</strong></span> <span class='ocrx_word' id='word_1_946' title='bbox 2099 5164 2229 5243; x_wconf 78' lang='lat' dir='ltr'><strong>eum.</strong></span> <span class='ocrx_word' id='word_1_947' title='bbox 2258 5186 2326 5240; x_wconf 86' lang='lat' dir='ltr'><strong>Et</strong></span> <span class='ocrx_word' id='word_1_948' title='bbox 2350 5183 2435 5239; x_wconf 89' lang='lat' dir='ltr'><strong>ubi</strong></span> <span class='ocrx_word' id='word_1_949' title='bbox 2466 5191 2546 5234; x_wconf 91' lang='lat' dir='ltr'><strong>est</strong></span> <span class='ocrx_word' id='word_1_950' title='bbox 2574 5176 2697 5233; x_wconf 90' lang='lat' dir='ltr'><strong>illud</strong></span> <span class='ocrx_word' id='word_1_951' title='bbox 2727 5217 2741 5241; x_wconf 93' lang='lat'><strong>,</strong></span> <span class='ocrx_word' id='word_1_952' title='bbox 2773 5173 2884 5228; x_wconf 86' lang='lat' dir='ltr'><strong>Erit</strong></span> <span class='ocrx_word' id='word_1_953' title='bbox 2914 5172 3044 5227; x_wconf 89' lang='lat' dir='ltr'><strong>enim</strong></span> <span class='ocrx_word' id='word_1_954' title='bbox 3067 5186 3178 5223; x_wconf 90' lang='lat' dir='ltr'><strong>cum</strong></span> <span class='ocrx_word' id='word_1_955' title='bbox 3212 5164 3513 5222; x_wconf 77' lang='lat' dir='ltr'><strong>invocabant</strong></span> 
     </span>
    </p>
   </div>
   <div class='ocr_carea' id='block_1_115' title="bbox 1942 5258 3514 5345">
    <p class='ocr_par' dir='ltr' id='par_1_115' title="bbox 1942 5258 3514 5345">
     <span class='ocr_line' id='line_1_115' title="bbox 1942 5258 3514 5345; baseline -0.016 -8"><span class='ocrx_word' id='word_1_956' title='bbox 1942 5300 2021 5338; x_wconf 88' lang='lat' dir='ltr'><strong>me</strong></span> <span class='ocrx_word' id='word_1_957' title='bbox 2048 5323 2061 5345; x_wconf 88' lang='lat'><strong>,</strong></span> <span class='ocrx_word' id='word_1_958' title='bbox 2091 5290 2136 5335; x_wconf 94' lang='lat' dir='ltr'><strong>et</strong></span> <span class='ocrx_word' id='word_1_959' title='bbox 2171 5296 2271 5333; x_wconf 88' lang='lat' dir='ltr'><strong>non</strong></span> <span class='ocrx_word' id='word_1_960' title='bbox 2311 5274 2574 5330; x_wconf 75' lang='lat' dir='ltr'><strong>exaudiam</strong></span> <span class='ocrx_word' id='word_1_961' title='bbox 2613 5285 2696 5324; x_wconf 91' lang='lat' dir='ltr'><strong>eos</strong></span> <span class='ocrx_word' id='word_1_962' title='bbox 2722 5268 2738 5337; x_wconf 92' lang='lat'><strong>(</strong></span> <span class='ocrx_word' id='word_1_963' title='bbox 2766 5265 2921 5319; x_wconf 88' lang='lat' dir='ltr'><strong>Prov.</strong></span> <span class='ocrx_word' id='word_1_964' title='bbox 2951 5280 2989 5328; x_wconf 83' lang='grc' dir='ltr'><strong>ι,</strong></span> <span class='ocrx_word' id='word_1_965' title='bbox 3019 5263 3088 5318; x_wconf 74' lang='lat'><strong>28</strong></span> <span class='ocrx_word' id='word_1_966' title='bbox 3112 5262 3175 5332; x_wconf 88' lang='lat'><strong>)?</strong></span> <span class='ocrx_word' id='word_1_967' title='bbox 3204 5261 3345 5330; x_wconf 85' lang='lat' dir='ltr'><strong>Ergo</strong></span> <span class='ocrx_word' id='word_1_968' title='bbox 3393 5258 3514 5313; x_wconf 86' lang='lat' dir='ltr'><strong>vide</strong></span> 
     </span>
    </p>
   </div>
   <div class='ocr_carea' id='block_1_116' title="bbox 1943 5352 3512 5444">
    <p class='ocr_par' dir='ltr' id='par_1_116' title="bbox 1943 5352 3512 5444">
     <span class='ocr_line' id='line_1_116' title="bbox 1943 5352 3512 5444; baseline -0.017 -17"><span class='ocrx_word' id='word_1_969' title='bbox 1943 5371 2084 5444; x_wconf 88' lang='lat' dir='ltr'><strong>quod</strong></span> <span class='ocrx_word' id='word_1_970' title='bbox 2114 5369 2351 5439; x_wconf 90' lang='lat' dir='ltr'><strong>sequitur</strong></span> <span class='ocrx_word' id='word_1_971' title='bbox 2384 5382 2395 5418; x_wconf 94' lang='lat'><strong>:</strong></span> <span class='ocrx_word' id='word_1_972' title='bbox 2429 5362 2670 5417; x_wconf 88' lang='lat' dir='ltr'><strong>Omnibus</strong></span> <span class='ocrx_word' id='word_1_973' title='bbox 2698 5358 2783 5428; x_wconf 85' lang='lat' dir='ltr'><strong>qui</strong></span> <span class='ocrx_word' id='word_1_974' title='bbox 2808 5357 3035 5409; x_wconf 88' lang='lat' dir='ltr'><strong>invocant</strong></span> <span class='ocrx_word' id='word_1_975' title='bbox 3065 5368 3177 5406; x_wconf 90' lang='lat' dir='ltr'><strong>eum</strong></span> <span class='ocrx_word' id='word_1_976' title='bbox 3198 5353 3251 5405; x_wconf 89' lang='lat' dir='ltr'><strong>in</strong></span> <span class='ocrx_word' id='word_1_977' title='bbox 3292 5352 3512 5404; x_wconf 86' lang='lat' dir='ltr'><strong>veritate.</strong></span> 
     </span>
    </p>
   </div>
   <div class='ocr_carea' id='block_1_117' title="bbox 1942 5441 3504 5518">
    <p class='ocr_par' dir='ltr' id='par_1_117' title="bbox 1942 5441 3504 5518">
     <span class='ocr_line' id='line_1_117' title="bbox 1942 5441 3504 5518; baseline -0.015 -1"><span class='ocrx_word' id='word_1_978' title='bbox 1942 5441 2073 5518; x_wconf 73' lang='lat' dir='ltr'><strong>Nam</strong></span> <span class='ocrx_word' id='word_1_979' title='bbox 2104 5460 2249 5514; x_wconf 91' lang='lat' dir='ltr'><strong>multi</strong></span> <span class='ocrx_word' id='word_1_980' title='bbox 2272 5472 2389 5511; x_wconf 92' lang='lat' dir='ltr'><strong>eum</strong></span> <span class='ocrx_word' id='word_1_981' title='bbox 2413 5455 2657 5509; x_wconf 84' lang='lat' dir='ltr'><strong>invocant</strong></span> <span class='ocrx_word' id='word_1_982' title='bbox 2679 5464 2782 5503; x_wconf 92' lang='lat' dir='ltr'><strong>non</strong></span> <span class='ocrx_word' id='word_1_983' title='bbox 2814 5448 2864 5501; x_wconf 93' lang='lat' dir='ltr'><strong>in</strong></span> <span class='ocrx_word' id='word_1_984' title='bbox 2883 5446 3124 5500; x_wconf 87' lang='lat' dir='ltr'><strong>veritate.</strong></span> <span class='ocrx_word' id='word_1_985' title='bbox 3145 5441 3298 5497; x_wconf 87' lang='lat' dir='ltr'><strong>Aliud</strong></span> <span class='ocrx_word' id='word_1_986' title='bbox 3320 5442 3386 5495; x_wconf 91' lang='lat' dir='ltr'><strong>ab</strong></span> <span class='ocrx_word' id='word_1_987' title='bbox 3413 5441 3504 5494; x_wconf 91' lang='lat' dir='ltr'><strong>illo</strong></span> 
     </span>
    </p>
   </div>
   <div class='ocr_carea' id='block_1_118' title="bbox 1944 5532 3515 5624">
    <p class='ocr_par' dir='ltr' id='par_1_118' title="bbox 1944 5532 3515 5624">
     <span class='ocr_line' id='line_1_118' title="bbox 1944 5532 3515 5624; baseline -0.014 -18"><span class='ocrx_word' id='word_1_988' title='bbox 1944 5558 2187 5624; x_wconf 81' lang='lat' dir='ltr'><strong>qua-runt</strong></span> <span class='ocrx_word' id='word_1_989' title='bbox 2205 5588 2220 5614; x_wconf 91' lang='lat'><strong>,</strong></span> <span class='ocrx_word' id='word_1_990' title='bbox 2239 5556 2292 5603; x_wconf 92' lang='lat' dir='ltr'><strong>et</strong></span> <span class='ocrx_word' id='word_1_991' title='bbox 2317 5547 2487 5616; x_wconf 85' lang='lat' dir='ltr'><strong>ipsum</strong></span> <span class='ocrx_word' id='word_1_992' title='bbox 2520 5556 2622 5595; x_wconf 91' lang='lat' dir='ltr'><strong>non</strong></span> <span class='ocrx_word' id='word_1_993' title='bbox 2657 5544 2916 5610; x_wconf 58' lang='lat' dir='ltr'><strong>quaerunt.</strong></span> <span class='ocrx_word' id='word_1_994' title='bbox 2941 5536 3114 5602; x_wconf 87' lang='lat' dir='ltr'><strong>Quare</strong></span> <span class='ocrx_word' id='word_1_995' title='bbox 3141 5548 3287 5588; x_wconf 91' lang='lat' dir='ltr'><strong>amas</strong></span> <span class='ocrx_word' id='word_1_996' title='bbox 3316 5532 3515 5585; x_wconf 87' lang='lat' dir='ltr'><strong>Deum?</strong></span> 
     </span>
    </p>
   </div>
   <div class='ocr_carea' id='block_1_119' title="bbox 2007 5659 3516 5738">
    <p class='ocr_par' dir='ltr' id='par_1_119' title="bbox 2007 5659 3516 5738">
     <span class='ocr_line' id='line_1_119' title="bbox 2007 5659 3516 5738; baseline -0.015 -3"><span class='ocrx_word' id='word_1_997' title='bbox 2007 5692 2023 5719; x_wconf 76' lang='grc' dir='ltr'><strong>ι</strong></span> <span class='ocrx_word' id='word_1_998' title='bbox 2060 5685 2132 5734; x_wconf 87' lang='lat' dir='ltr'><strong>Sic</strong></span> <span class='ocrx_word' id='word_1_999' title='bbox 2150 5690 2256 5731; x_wconf 74' lang='lat' dir='ltr'><strong>Mss.</strong></span> <span class='ocrx_word' id='word_1_1000' title='bbox 2281 5686 2337 5730; x_wconf 84' lang='lat' dir='ltr'><strong>Al.</strong></span> <span class='ocrx_word' id='word_1_1001' title='bbox 2355 5677 2485 5738; x_wconf 70' lang='lat' dir='ltr'><strong>add,</strong></span> <span class='ocrx_word' id='word_1_1002' title='bbox 2510 5672 2686 5726; x_wconf 84' lang='lat' dir='ltr'><strong>dilatus</strong></span> <span class='ocrx_word' id='word_1_1003' title='bbox 2708 5676 2775 5721; x_wconf 88' lang='lat' dir='ltr'><strong>est</strong></span> <span class='ocrx_word' id='word_1_1004' title='bbox 2798 5668 2942 5728; x_wconf 82' lang='lat' dir='ltr'><strong>enim,</strong></span> <span class='ocrx_word' id='word_1_1005' title='bbox 2965 5673 3017 5717; x_wconf 88' lang='lat' dir='ltr'><strong>ut</strong></span> <span class='ocrx_word' id='word_1_1006' title='bbox 3040 5667 3340 5730; x_wconf 82' lang='lat' dir='ltr'><strong>probamur,</strong></span> <span class='ocrx_word' id='word_1_1007' title='bbox 3363 5670 3408 5714; x_wconf 88' lang='lat' dir='ltr'><strong>et</strong></span> <span class='ocrx_word' id='word_1_1008' title='bbox 3431 5659 3516 5713; x_wconf 83' lang='lat' dir='ltr'><strong>diu</strong></span> 
     </span>
    </p>
   </div>
   <div class='ocr_carea' id='block_1_120' title="bbox 1941 5743 3261 5807">
    <p class='ocr_par' dir='ltr' id='par_1_120' title="bbox 1941 5743 3261 5807">
     <span class='ocr_line' id='line_1_120' title="bbox 1941 5743 3261 5807; baseline -0.006 -5"><span class='ocrx_word' id='word_1_1009' title='bbox 1941 5746 2064 5803; x_wconf 85' lang='lat' dir='ltr'><strong>sedit</strong></span> <span class='ocrx_word' id='word_1_1010' title='bbox 2080 5746 2131 5796; x_wconf 88' lang='lat' dir='ltr'><strong>in</strong></span> <span class='ocrx_word' id='word_1_1011' title='bbox 2154 5743 2363 5807; x_wconf 80' lang='lat' dir='ltr'><strong>pulvere.</strong></span> <span class='ocrx_word' id='word_1_1012' title='bbox 2524 5804 2549 5807; x_wconf 80' lang='lat'><strong>_</strong></span> <span class='ocrx_word' id='word_1_1013' title='bbox 2570 5796 2612 5807; x_wconf 58' lang='grc' dir='ltr'>η</span> <span class='ocrx_word' id='word_1_1014' title='bbox 2734 5805 2768 5807; x_wconf 27' lang='grc' dir='ltr'>α</span> <span class='ocrx_word' id='word_1_1015' title='bbox 2823 5790 2918 5807; x_wconf 32' lang='grc' dir='ltr'><strong>,μ’</strong></span> <span class='ocrx_word' id='word_1_1016' title='bbox 2942 5788 3102 5807; x_wconf 40' lang='lat'><strong>-__,“__</strong></span> <span class='ocrx_word' id='word_1_1017' title='bbox 3136 5785 3261 5807; x_wconf 39' lang='grc' dir='ltr'><strong>μμ,</strong></span> 
     </span>
    </p>
   </div>
   <div class='ocr_carea' id='block_1_121' title="bbox 2003 5788 3421 5872">
    <p class='ocr_par' dir='ltr' id='par_1_121' title="bbox 2003 5788 3421 5872">
     <span class='ocr_line' id='line_1_121' title="bbox 2003 5788 3421 5872; baseline -0.016 -16"><span class='ocrx_word' id='word_1_1018' title='bbox 2003 5788 2131 5859; x_wconf 60' lang='grc' dir='ltr'><strong>Γιῦ</strong></span> <span class='ocrx_word' id='word_1_1019' title='bbox 2148 5788 2368 5872; x_wconf 47' lang='lat' dir='ltr'><strong>altatis.</strong></span> <span class='ocrx_word' id='word_1_1020' title='bbox 2391 5807 2496 5850; x_wconf 75' lang='lat' dir='ltr'><strong>ms.</strong></span> <span class='ocrx_word' id='word_1_1021' title='bbox 2524 5796 2633 5847; x_wconf 71' lang='lat' dir='ltr'><strong>add.</strong></span> <span class='ocrx_word' id='word_1_1022' title='bbox 2662 5805 2794 5853; x_wconf 73' lang='lat' dir='ltr'><strong>vero,</strong></span> <span class='ocrx_word' id='word_1_1023' title='bbox 2820 5790 2919 5855; x_wconf 85' lang='lat' dir='ltr'><strong>ipse</strong></span> <span class='ocrx_word' id='word_1_1024' title='bbox 2940 5788 3104 5841; x_wconf 80' lang='lat' dir='ltr'><strong>unicus</strong></span> <span class='ocrx_word' id='word_1_1025' title='bbox 3129 5788 3300 5847; x_wconf 83' lang='lat' dir='ltr'><strong>Patris,</strong></span> <span class='ocrx_word' id='word_1_1026' title='bbox 3329 5792 3421 5838; x_wconf 84' lang='lat' dir='ltr'><strong>etc.</strong></span> 
     </span>
    </p>
   </div>
  </div>
