4084 6454
641 369 781 424 1883

637 483 766 548 Quia
787 483 929 537 dedit
951 485 1392 540 mihisanitatem.
1414 487 1553 541 Istud
1577 487 1912 543 manifeSiunt
1940 499 2022 542 est
2047 530 2062 552 ,
2097 488 2209 555 ipse

637 572 780 625 dedit
809 588 821 625 :
856 588 958 627 non
989 575 1128 627 enim
1158 575 1224 628 ab
1251 575 1358 628 ullo
1383 586 1465 630 est
1490 577 1591 630 ulla
1631 579 1806 643 salus,
1848 579 1946 632 nisi
1987 579 2053 632 ab
2095 578 2206 631 illo.

635 662 763 728 Quia
791 662 931 714 dedit
961 663 1085 715 mihi
1117 703 1130 724 .
1160 664 1328 731 inquit
1361 707 1376 730 ,
1407 682 1624 719 uxorem
1653 667 1868 719 divitem
1901 710 1914 729 ,
1946 668 2030 736 qui
2079 666 2206 719 nihil

637 750 913 813 habebam,
938 762 988 804 et
1015 755 1331 807 servientem
1361 755 1508 807 mihi.
1540 757 1601 810 Et
1633 757 1733 810 hoc
1763 759 1872 825 ip~e
1903 757 2044 810 dedit
2070 774 2083 818 ;
2118 771 2207 810 ve-

632 854 748 892 rum
777 840 924 892 dicis.
961 841 1144 904 Dedit,
1180 843 1382 911 inquit,
1411 845 1543 897 filios
1573 886 1587 909 ,
1621 855 1671 898 et
1703 847 1896 899 multos
1917 856 1968 900 et
1996 846 2160 897 bonos
2187 886 2202 910 ,

631 927 776 982 dedit
821 928 1111 994 familiam,
1142 931 1285 983 dedit
1315 935 1489 985 omnia
1534 934 1687 986 bona.
1721 935 1843 987 ldeo
1873 935 2056 987 amas?
2085 934 2208 988 Ideo

629 1018 758 1072 nihil
783 1021 1005 1086 amplius
1033 1021 1264 1088 qttzrris?
1295 1023 1420 1074 Esto
1449 1024 1705 1084 Csttt‘ieltS,
1736 1026 1908 1077 adhuc
1953 1025 2100 1094 pulsa
2138 1025 2204 1079 ad

622 1109 835 1174 jannatn
872 1111 1300 1178 patrisfamilias;
1330 1112 1485 1165 habet
1503 1114 1669 1167 adhuc
1692 1116 1829 1183 quod
1849 1118 1951 1168 det.
1982 1115 2034 1168 lu
2058 1132 2206 1170 tuen-

625 1199 841 1254 dicitatc
866 1218 923 1255 es
945 1218 1064 1254 cum
1087 1203 1333 1255 omnibus
1365 1203 1443 1256 his
1467 1221 1582 1270 qu:e
1613 1208 1860 1273 accepisti
1889 1249 1900 1269 ,
1926 1215 1976 1259 et
2008 1208 2198 1262 neseis.

627 1295 922 1348 Pannosam
955 1309 1165 1347 carnem
1198 1297 1534 1349 mortalitatis
1574 1296 1746 1351 adhuc
1774 1310 1980 1367 portas;
2012 1301 2199 1353 stolam

625 1386 768 1439 illam
823 1387 1004 1455 gloria:
1050 1387 1459 1439 innt'tortalitatis
1511 1390 1760 1456 numquid
1808 1391 2095 1458 accopisti.
2146 1401 2200 1445 et

624 1477 770 1542 quasi
815 1477 919 1538 jam
952 1477 1172 1529 satiatus
1205 1494 1306 1529 non
1339 1479 1534 1545 rogas?
1563 1480 1703 1532 Beati
1741 1482 1826 1548 qui
1879 1483 2122 1534 esuriunt
2148 1493 2199 1535 et

623 1566 800 1618 sitiunt
820 1565 1099 1632 justitiam,
1128 1566 1243 1626 «,nia
1277 1567 1372 1634 ipsi
1400 1569 1774 1621 saturalmntur
1801 1569 2008 1638 (Matt/1.
2038 1587 2086 1636 v,
2121 1570 2195 1640 6).

624 1655 764 1724 Ergo
804 1655 844 1705 si
877 1655 1044 1707 bonus
1071 1666 1149 1708 est
1194 1657 1330 1709 Deus
1351 1698 1362 1716 ,
1397 1659 1515 1724 quia
1558 1659 1653 1711 ista
1682 1660 1770 1712 tibi
1801 1661 1971 1725 dedit;
1999 1673 2198 1730 quanto

623 1743 827 1799 beatior
856 1747 991 1805 eris,
1026 1763 1143 1799 cum
1176 1748 1405 1815 seipsuni
1449 1750 1538 1802 tibi
1586 1751 1834 1804 dederit?
1877 1752 2194 1806 Desiderasti

620 1846 760 1889 tanta
792 1837 857 1888 ab
887 1837 1011 1901 illo;
1041 1853 1171 1906 rogo
1197 1848 1264 1898 te,
1285 1839 1523 1891 desidera
1556 1851 1603 1892 et
1635 1842 1824 1909 ipsum.
1846 1843 2026 1912 Neque
2054 1849 2193 1897 enim

620 1941 744 1980 vere
768 1927 1001 1980 dulciora
1035 1938 1156 1980 sunt.
1185 1929 1301 1990 ista,
1334 1945 1491 1997 quam
1523 1931 1627 1993 ille,
1651 1941 1739 1985 aut
1765 1949 1828 1986 ex
1852 1934 2019 2003 aliqua
2050 1945 2195 2002 parte

622 2015 972 2082 comparanda
993 2027 1113 2068 sunt
1134 2016 1224 2069 illi.
1249 2017 1387 2086 Ergo
1415 2020 1502 2087 qui
1529 2021 1688 2074 Deum
1709 2021 1900 2089 ipsum,
1925 2037 1952 2074 a
1979 2039 2082 2090 quo
2103 2040 2193 2079 ac-

618 2107 756 2176 cepit
783 2107 847 2158 de
873 2107 1060 2174 quibus
1090 2106 1277 2174 gaudet
1306 2150 1318 2172 ,
1354 2111 1614 2177 praeponit
1643 2110 1722 2164 his
1748 2113 1990 2165 omnibus
2036 2115 2193 2169 rebus

617 2209 746 2264 quas
773 2197 973 2263 accepit
997 2236 1009 2256 .
1044 2197 1155 2260 ipse
1187 2197 1394 2250 itIVttCﬂl
1426 2199 1585 2251 Deuut
1618 2201 1666 2253 in
1699 2202 1943 2256 'rcritate.
1973 2203 2102 2257 Nam
2139 2213 2195 2260 ut

616 2285 888 2344 noveritis.
922 2287 963 2338 si
989 2286 1504 2340 talibushominibus
1534 2301 1858 2358 proponatur
1885 2303 1935 2345 et
1963 2293 2190 2348 dicatur.

616 2376 772 2443 Quid.
797 2378 837 2430 si
866 2378 961 2430 ista
987 2378 1161 2430 omnia
1185 2379 1249 2432 de
1270 2379 1460 2448 quibus
1483 2381 1695 2450 gaudes,
1723 2385 1843 2436 velit
1871 2385 1960 2438 tibi
1983 2388 2190 2442 auferre

619 2466 794 2520 Deus?
815 2467 922 2535 jam
955 2482 1058 2520 non
1083 2469 1377 2534 amabitur;
1399 2487 1499 2522 non
1528 2473 1626 2524 erit
1653 2474 1740 2541 qui
1769 2474 1924 2537 dicat,
1948 2476 2189 2532 Dominus

613 2557 783 2624 dedit,
815 2557 1056 2611 Dominus
1093 2559 1334 2625 abstulit;
1362 2562 1488 2614 sicut
1519 2561 1732 2616 Domino
1763 2566 1981 2633 placuit,
2011 2568 2079 2619 ita
2105 2569 2187 2636 [ας

614 2659 746 2701 ctum
779 2659 850 2702 est
876 2665 895 2703 :
925 2651 986 2702 sit
1014 2667 1191 2704 nomen
1220 2651 1422 2704 Domini
1469 2654 1776 2708 benedictum
1825 2659 1844 2725 (
1871 2658 1969 2712 Job
1994 2676 2032 2725 ι,
2064 2661 2122 2714 2|
2143 2661 2184 2731 ).

614 2739 718 2793 Sed
761 2739 895 2794 forte
921 2742 1002 2794 cui
1033 2742 1278 2806 abstulit,
1309 2744 1430 2811 quid
1481 2744 1610 2800 dicit
1652 2746 1708 2799 '?
1738 2749 1872 2801 Deus
1895 2790 1910 2814 ,
1942 2751 2062 2819 quid
2093 2752 2186 2806 tibi

612 2829 753 2882 feci?
800 2829 978 2893 Quare
1015 2832 1140 2884 mihi
1170 2833 1428 2887 abstulisti
1455 2875 1468 2896 ,
1502 2845 1554 2888 et
1584 2836 1685 2889 illis
1713 2837 1946 2892 dedisti?
1988 2840 2183 2910 lniquis

611 2917 706 2972 das
729 2959 743 2983 ,
764 2927 815 2971 et
860 2920 960 2973 tuis
990 2921 1148 2974 tollis.
1183 2926 1410 2976 Accusas
1442 2925 1602 2977 Deum
1633 2929 1779 2996 quasi
1809 2930 2056 2997 injustum
2083 2975 2096 2996 ,
2131 2943 2184 2988 et

611 3018 660 3063 te.
688 3009 866 3062 laudas
893 3011 1041 3080 quasi
1063 3011 1286 3080 justum.
1327 3014 1684 3081 Convertere;
1715 3033 1902 3074 accusa
1927 3030 1995 3086 te,
2027 3023 2180 3078 lauda

607 3101 774 3154 illum.
799 3101 945 3156 Tunc
968 3104 1072 3156 eris
1103 3113 1276 3159 rectus
1299 3146 1314 3170 ,
1351 3122 1469 3160 cum
1513 3109 1562 3160 in
1607 3111 1850 3167 omnibus
1881 3112 2032 3167 bonis
2062 3131 2179 3183 qua:

605 3190 730 3246 facit
758 3193 799 3257 ’,
832 3193 968 3246 Deus
1001 3194 1090 3248 tibi
1122 3196 1322 3262 placet;
1355 3199 1403 3251 in
1436 3199 1680 3254 omnibus
1708 3203 1857 3255 tnalis
1884 3219 2000 3272 qua:
2030 3215 2176 3273 pate-

605 3283 700 3348 ris,
735 3283 871 3338 Deus
896 3284 984 3337 tibi
1015 3301 1118 3339 non
1146 3286 1406 3356 displicet.
1439 3290 1547 3344 lloc
1568 3301 1647 3345 est
1672 3293 1914 3347 invocare
1942 3295 2099 3349 Detnn
2125 3297 2176 3350 in

603 3374 845 3428 veritate.
893 3375 993 3442 Qui
1022 3376 1098 3430 sic
1124 3377 1368 3432 invocant
1401 3380 1686 3435 Dominum
1715 3424 1730 3448 ,
1781 3385 1994 3438 exaudit
2020 3401 2111 3439 eos
2160 3405 2173 3440 :

605 3481 762 3536 prope
790 3475 884 3529 est,
914 3466 961 3519 id
1000 3477 1080 3521 est
1107 3469 1146 3529 ³,
1181 3472 1412 3524 nondum
1437 3472 1581 3526 dedit
1611 3475 1748 3542 quod
1779 3478 1873 3542 vis,
1901 3477 1966 3530 ibi
1991 3489 2069 3532 est
2102 3488 2177 3533 ta-

604 3571 746 3611 men.
771 3556 1047 3622 Quomodo
1078 3561 1312 3616 medicus
1351 3563 1394 3617 si
1444 3565 1576 3618 forte
1602 3567 1798 3634 aliquid
1830 3572 2064 3636 imponat
2093 3573 2173 3625 vel

603 3646 756 3701 oculo
781 3687 794 3710 ,
836 3647 918 3700 vel
965 3649 1251 3704 visceribus
1275 3693 1289 3717 ,
1323 3654 1461 3722 quod
1513 3655 1714 3708 urendo
1749 3668 1897 3710 sanet
1919 3675 1931 3719 ;
1957 3661 1997 3712 si
2027 3672 2174 3730 roget

602 3751 744 3805 :rger
774 3745 828 3789 ut
854 3738 1067 3792 tollatur
1092 3739 1200 3804 illi,
1232 3743 1466 3797 medicus
1493 3754 1761 3814 exspectat
1793 3757 1999 3817 tempus
2023 3793 2036 3814 ,
2069 3767 2170 3805 non

601 3829 725 3883 facit
756 3830 893 3900 quod
937 3840 1086 3900 rogat
1111 3849 1276 3904 περι-ς
1316 3853 1418 3889 non
1453 3847 1624 3892 tamen
1672 3841 1885 3894 recedit.
1924 3844 1983 3896 Et
2013 3861 2173 3914 prope

602 3930 715 3983 est,
747 3929 926 3974 etnon
956 3923 1105 3984 facit;
1135 3935 1187 3978 et
1220 3925 1338 3979 ideo
1366 3929 1531 3996 magis
1559 3946 1661 3982 non
1690 3929 1832 3992 facit,
1866 3935 1982 4001 quia
2009 3949 2171 4006 prope

597 4019 698 4063 est.
749 4009 995 4064 Curando
1020 4015 1160 4066 enim
1204 4015 1453 4082 imposuit
1493 4020 1630 4087 quod
1666 4021 1914 4087 imposuit
1940 4065 1953 4085 ,
1986 4035 2037 4077 et
2075 4043 2169 4078 cu—

597 4099 764 4154 rando
786 4118 889 4156 non
915 4104 1034 4156 facit
1062 4105 1202 4174 quod
1229 4117 1462 4175 rogatur.
1492 4109 1604 4162 Non
1636 4121 1681 4164 lc
1705 4113 1917 4166 exaudit
1938 4115 2000 4167 ad
2034 4132 2169 4183 pru-

594 4199 796 4243 scntem
839 4193 1160 4247 voluntatem
1189 4236 1202 4258 ,
1233 4198 1569 4252 exatnliendo
1595 4201 1658 4253 ad
1706 4201 1930 4256 futuram
1973 4208 2169 4258 sanita-

595 4286 699 4332 tem
725 4295 739 4342 ;
778 4289 828 4332 et
857 4282 954 4334 hoc
981 4283 1161 4352 utique
1181 4287 1244 4338 ad
1270 4289 1590 4343 voluntatem
1615 4307 1627 4344 :
1660 4307 1777 4344 nam
1804 4293 1981 4363 utique
2008 4310 2168 4349 sanus

593 4382 712 4420 esse
742 4369 870 4434 vult,
899 4373 1058 4425 etiam
1091 4374 1178 4441 qui
1205 4377 1279 4428 uri
1314 4393 1416 4430 non
1449 4380 1575 4432 vult.
1613 4379 1777 4451 PrOpe
1806 4395 1874 4436 est
1905 4400 2029 4453 ergo
2060 4385 2165 4437 Do-

593 4460 760 4512 minus
784 4462 1012 4515 omnibus
1038 4466 1379 4523 invocantibus
1404 4487 1536 4523 eum.
1559 4471 1660 4526 Sed
1689 4475 1878 4542 quibus
1905 4477 2170 4531 omnibus?

595 4549 838 4603 Omnibus
879 4553 966 4622 qui
1015 4554 1244 4608 invocant
1292 4575 1404 4611 eum
1451 4561 1501 4612 in
1549 4565 1767 4615 veritate.
1799 4565 1954 4619 Tales
1983 4581 2168 4622 omnes

590 4642 870 4696 coulivtnat
897 4643 1204 4699 decidentes
1233 4649 1318 4715 qui
1347 4649 1576 4703 invocant
1607 4668 1718 4705 eum
1745 4654 1795 4706 in
1820 4657 2040 4709 veritate.

657 4732 745 4786 95.
780 4730 925 4803 [vers.
962 4733 1070 4808 19.]
1111 4734 1424 4791 Voluntatem
1453 4743 1724 4795 timentium
1761 4762 1813 4799 se
1843 4748 2008 4816 faciet.
2061 4748 2164 4802 Fa-

589 4821 725 4885 ciet,
759 4821 949 4877 faciet:
983 4826 1080 4878 etsi
1109 4842 1212 4879 non
1249 4826 1491 4884 faciatad
1527 4832 1710 4885 horam
1739 4877 1752 4898 ,
1778 4834 1934 4890 faciet
1967 4847 2161 4893 tamen.

590 4911 768 4977 Certe,
802 4913 846 4967 si
889 4915 1006 4969 ideo
1037 4916 1190 4971 times
1221 4920 1406 4984 Deum,
1437 4932 1490 4975 ut
1519 4931 1570 4976 tu
1596 4923 1754 4978 facias
1783 4927 1946 4995 ipsius
1971 4929 2160 4982 volun-

588 5011 749 5056 tatem
777 5046 790 5068 ,
821 5020 944 5059 ecce
984 5015 1037 5061 et
1071 5008 1182 5078 ipse
1211 5012 1603 5080 quodammodo
1637 5015 1903 5070 ministrat
1928 5019 2018 5073 tibi
2045 5061 2058 5085 ,
2087 5020 2166 5074 fa-

590 5093 662 5146 cit
691 5094 1014 5151 voluntatem
1051 5108 1210 5152 tuam.
1239 5099 1303 5154 Et
1325 5119 1493 5171 preces
1518 5122 1685 5158 eorum
1715 5107 1964 5171 exaudiet,
1994 5119 2038 5161 et
2058 5111 2162 5163 sal-

584 5199 670 5235 ros
700 5184 848 5253 faciet
893 5205 994 5242 eos.
1031 5189 1191 5244 Vides
1229 5192 1295 5246 ad
1339 5194 1437 5248 hoc
1474 5197 1725 5251 exaudire
1768 5199 2074 5265 medicum,
2109 5210 2165 5256 ut

584 5274 761 5327 salvos
792 5276 962 5331 faciat.
997 5280 1218 5344 Quando
1272 5283 1407 5339 hoc?
1447 5288 1582 5342 Audi
1623 5293 1931 5359 Apostolum
1978 5293 2162 5348 dicen-

586 5373 690 5418 tem
726 5383 737 5418 :
769 5365 874 5435 Spe
893 5370 1023 5421 enim
1047 5371 1175 5424 salvi
1210 5375 1326 5444 {acti
1353 5393 1545 5433 sumus.
1589 5379 1718 5446 Spes
1755 5393 1918 5436 autem
1949 5400 2062 5450 qua
2090 5384 2163 5437 vi-

582 5454 744 5522 detur,
779 5473 878 5510 non
908 5468 982 5512 est
1010 5476 1122 5530 spes
1148 5478 1166 5516 :
1192 5465 1234 5517 si
1265 5475 1427 5521 autem
1448 5469 1581 5537 quod
1606 5488 1703 5524 non
1730 5472 1954 5527 videmus
1979 5491 2157 5544 spera-

579 5586 803 5696 αἰὲὢῇ
822 5594 874 5638 et
897 5601 1049 5652 prone
1071 5602 1244 5641 omnes
1263 5601 1366 5645 Mss.
1389 5610 1400 5646 :
1421 5595 1512 5648 Sed
1532 5599 1654 5661 [orte
1675 5599 1786 5664 quia
1808 5599 2014 5662 abstulit,
2039 5602 2158 5665 quid

640 5709 660 5786 ξ
692 5708 914 5786 uterique
936 5718 1063 5786 uss,
1088 5711 1219 5786 bonis
1235 5728 1343 5786 atto;
1363 5718 1718 5786 frtrisﬁegius,
1744 5722 1875 5774 bonis
1898 5724 2054 5786 factis.

643 5769 661 5797 ³
697 5777 792 5818 Am.
823 5769 892 5821 Er.
916 5781 966 5822 et
989 5769 1160 5826 omnes
1174 5769 1281 5827 fere
1298 5769 1424 5838 Mss,
1451 5780 1516 5829 ibi
1534 5769 1616 5831 esi:

1867 380 1922 436 ε.
1965 360 2327 434 AUCUSTINI
2371 377 2668 433 EPISCUPI

3752 402 3865 458 ιδιι

2321 503 2451 554 mus,
2486 505 2573 556 per
2602 491 2890 557 patientiam
2913 506 3251 564 exspectamus
3271 498 3290 572 (
3313 501 3461 556 Rom.
3493 521 3604 567 vui,
3637 507 3797 570 21,23
3817 518 3862 578 )2

2316 580 2539 634 salutem
2571 582 2804 649 scilicet,
2841 602 2996 654 quam
3025 589 3153 642 dicit
3191 591 3379 647 Petrus
3419 606 3651 664 paratam
3686 606 3866 657 metari

2315 671 2366 724 in
2395 681 2615 742 tempore
2640 678 2903 730 novissimo
2934 679 2954 746 (
2980 680 2996 732 Ι
3029 678 3202 736 Prtr.t
3229 725 3244 748 ,
3273 685 3365 755 5).

2391 763 2655 837 21.[vers.
2683 769 2752 822 ‘20
2800 769 2819 842 ]
2861 770 3086 826 Custodit
3126 773 3374 831 Dominus
3411 796 3587 833 omnes
3629 783 3862 852 diligentes

2312 870 2384 915 se,
2408 863 2453 906 et
2484 872 2655 910 omnes
2686 872 2965 927 peccatores
2985 865 3254 933 disperdet.
3279 867 3484 922 Videtis
3507 871 3629 939 quia
3653 885 3726 926 est
3743 879 3862 946 apud

2313 958 2432 996 eum
2460 949 2734 1012 severitas,
2769 952 2904 1020 apud
2937 967 3094 1022 quem
3132 964 3273 1009 tanta
3299 961 3557 1014 suavitas.
3588 962 3762 1018 Salvos
3792 967 3862 1023 fa-

2311 1033 2415 1086 ciet
2445 1053 2629 1091 omnes
2659 1054 2932 1107 sperantes
2958 1043 3008 1096 in
3031 1059 3109 1110 se,
3144 1063 3330 1103 omnes
3361 1050 3578 1115 fide-les,
3610 1069 3780 1110 omnes
3810 1060 3863 1112 li-

2314 1135 2521 1179 mentes
2546 1143 2623 1187 se.
2645 1145 2829 1183 omnes
2858 1132 3166 1189 invocantes
3193 1153 3251 1192 se
3281 1139 3330 1191 in
3362 1143 3626 1206 veritate;
3653 1156 3697 1198 et
3718 1163 3863 1205 omnes

2310 1227 2593 1281 peccatores
2619 1219 2891 1288 disperdat.
2917 1223 3059 1290 Quos
3089 1244 3260 1282 omnes
3301 1243 3586 1299 peccatores
3606 1278 3619 1298 ,
3643 1237 3732 1291 nisi
3762 1255 3861 1307 per-

2309 1319 2620 1363 severantes
2653 1313 2702 1364 in
2747 1317 3004 1381 peccatis;
3037 1318 3221 1384 Deum,
3251 1337 3354 1375 non
3386 1340 3467 1389 se,
3501 1329 3861 1394 reprehendere

2306 1397 2602 1466 audentes;
2633 1412 2816 1458 contra
2850 1407 3012 1461 Deum
3041 1412 3276 1479 quotidie
3293 1414 3627 1482 disputantes
3647 1437 3658 1483 ;
3678 1424 3859 1480 veniam

2304 1487 2616 1546 delictorum
2649 1495 2994 1566 desperantes
3017 1542 3030 1564 ,
3073 1511 3126 1555 et
3157 1519 3219 1557 ex
3255 1505 3365 1573 ipsa
3401 1507 3762 1577 desperatione
3784 1513 3860 1570 de.

2306 1579 2424 1634 lieta
2445 1587 2778 1642 cumulantes
2802 1606 2816 1648 ;
2839 1599 2929 1644 aut
2956 1594 3162 1647 veniam
3182 1597 3277 1650 sibi
3303 1613 3556 1665 perverse
3579 1605 3860 1671 promitten-

2305 1681 2404 1736 tes.
2447 1685 2498 1729 et
2543 1693 2610 1731 ex
2659 1679 2768 1747 ipsa
2801 1683 3149 1749 promissione
3183 1703 3210 1738 a
3249 1690 3478 1756 peccatis
3521 1701 3576 1746 et
3615 1693 3856 1763 impietate

2305 1777 2407 1815 non
2467 1768 2818 1824 recedentes?
2871 1773 3054 1828 Veniet
3103 1786 3309 1846 tempus
3349 1790 3405 1832 ut
3446 1795 3752 1850 separentur
3785 1787 3854 1842 isti

2302 1867 2488 1907 omnes
2516 1897 2531 1921 ,
2563 1867 2613 1909 et
2646 1858 2770 1912 fiant
2799 1861 2900 1915 illze
2943 1863 3060 1918 duce
3091 1876 3266 1932 partes
3293 1910 3306 1931 ,
3339 1885 3439 1922 una
3471 1871 3538 1924 ad
3569 1872 3819 1930 dexteram
3841 1919 3853 1942 ,

2304 1945 2469 1999 altera
2503 1949 2566 2000 ad
2588 1951 2859 2006 sinistram
2883 1971 2896 2015 ;
2925 1958 3184 2026 accipiant
3205 1958 3331 2028 justi
3356 1977 3577 2030 regnum
3602 1974 3851 2029 :eternnm.

2299 2045 2421 2088 eant
2448 2037 2520 2090 illi
2550 2039 2598 2092 in
2634 2041 2804 2110 ignem
2836 2054 3094 2100 arternum
3127 2048 3145 2118 (
3180 2048 3364 2104 Matth.
3393 2067 3521 2118 xxv,
3548 2054 3851 2127 52,33J6):

2300 2123 2364 2176 Et
2388 2144 2554 2180 omnes
2578 2143 2866 2200 peccatores
2893 2135 3166 2206 disperdat.

2368 2217 2456 2272 25.
2490 2217 2635 2291 [ιέιέ.
2669 2222 2727 2275 2|
2811 2224 3069 2290 Quoniam
3098 2228 3210 2283 haec
3238 2231 3304 2284 ita
3335 2242 3480 2299 sunt,
3503 2244 3557 2288 et
3584 2236 3853 2292 audivimus

2299 2305 2721 2365 benedictionem
2759 2315 2989 2382 Domini,
3023 2334 3182 2387 opera
3215 2321 3445 2385 Domini,
3478 2326 3739 2379 mirabilia
3759 2328 3845 2380 Do-

2296 2397 2445 2462 mini,
2471 2401 2860 2458 misericordias
2889 2406 3120 2473 Domini,
3146 2413 3487 2468 severitatem
3509 2415 3735 2479 Domini,
3755 2433 3852 2486 pro-

2296 2490 2581 2546 videntiam
2614 2495 2663 2548 in
2711 2499 2956 2552 omnibus
2994 2503 3244 2566 operibus
3285 2504 3436 2572 ejus,
3480 2507 3846 2562 Confessionem

2294 2584 2527 2637 omnium
2573 2601 2791 2654 operum
2820 2591 2964 2655 ejus;
2996 2593 3119 2658 quid
3150 2595 3199 2646 in
3244 2597 3396 2649 laude
3443 2599 3560 2666 ejus
3590 2601 3846 2653 concludat

2291 2673 2547 2728 attendite
2573 2691 2584 2726 :
2622 2675 2847 2732 Laudem
2874 2679 3078 2735 Domini
3099 2683 3327 2752 loquetur
3355 2703 3412 2742 os
3441 2705 3630 2755 meum,
3653 2700 3700 2744 et
3725 2692 3847 2746 bette-

2290 2762 2427 2815 dicat
2457 2767 2619 2819 omnis
2647 2784 2765 2822 caro
2791 2787 2970 2825 nomen
2997 2785 3224 2828 sanctum
3251 2777 3362 2846 ejus
3387 2777 3442 2832 in
3471 2781 3733 2847 saeculum,
3752 2781 3850 2835 etin

2294 2855 2532 2908 occulunt
2562 2858 2754 2912 swculi.

2679 3063 2759 3125 IN
2801 3065 3177 3130 PSALMUM
3218 3069 3440 3134 CXLV

2883 3189 3292 3248 ENARRATIO.

2819 3315 2988 3355 SERMO
3014 3319 3080 3355 AD
3108 3319 3330 3358 PLi-‘BEII.

2356 3409 2406 3460 l.
2439 3408 2656 3462 Delicize
2679 3412 2896 3480 spiritus
2929 3415 3092 3468 nostri
3123 3416 3298 3469 divina
3327 3419 3555 3485 cantica,
3579 3422 3663 3474 ubi
3685 3430 3738 3476 et
3759 3422 3838 3474 ilc-

2284 3507 2368 3553 tus
2397 3500 2513 3554 sine
2542 3503 2734 3569 gaudio
2765 3517 2868 3556 nOn
2903 3515 3002 3557 est.
3039 3505 3207 3559 Fideli
3256 3507 3458 3562 homini
3507 3521 3560 3565 et
3592 3513 3836 3582 peregrino

2282 3589 2331 3640 in
2362 3590 2557 3642 smenlo
2581 3631 2598 3657 ,
2630 3592 2768 3645 nulla
2798 3605 2880 3648 est
2914 3595 3204 3663 jucundior
3230 3601 3568 3667 recordatio,
3599 3620 3744 3672 quam
3775 3603 3832 3655 ci-

2279 3682 2453 3734 vitatis
2482 3684 2617 3736 illius
2645 3684 2782 3740 unde
2813 3689 3176 3757 peregrinatur
3207 3709 3219 3743 :
3266 3691 3357 3745 sed
3398 3695 3690 3748 reetirdatio
3722 3695 3826 3746 civi-

2279 3773 2400 3824 tatis
2424 3772 2472 3824 in
2506 3777 2947 3844 peregrinatione,
2973 3795 3075 3832 non
3103 3789 3184 3833 est
3203 3780 3316 3835 sine
3344 3783 3533 3837 dolore
3577 3796 3718 3855 atque
3747 3799 3824 3837 su-

2277 3863 2459 3929 Spll'io.
2487 3864 2619 3932 Spes
2641 3876 2810 3919 tamen
2833 3878 2974 3922 certa
3003 3871 3204 3924 reditus
3235 3875 3420 3936 nostri,
3444 3875 3603 3928 etiam
3634 3874 3830 3944 pcregri-

2279 3954 2452 4008 nando
2487 3959 2664 4010 tristes
2692 3959 2996 4013 eonsiilatur
3019 3972 3069 4015 et
3112 3963 3445 4016 exhortatur.
3479 3965 3827 4032 Rapiant‘cor

2276 4057 2508 4100 Vestrum
2537 4049 2692 4102 verba
2727 4049 2850 4112 Dei,
2883 4059 2936 4104 et
2973 4067 3249 4119 possessor
3275 4067 3460 4108 vester
3491 4057 3716 4110 vindicet
3747 4055 3826 4110 sibi

2276 4138 2664 4202 possessionem
2695 4154 2839 4192 suam
2862 4181 2878 4206 ,
2902 4142 2948 4194 id
2976 4152 3057 4196 est
3100 4155 3302 4198 utentes
3338 4157 3570 4214 vestras,
3600 4164 3662 4202 ne
3688 4163 3822 4202 aver-

2277 4236 2454 4278 tantur
2483 4226 2534 4279 in
2579 4229 2739 4281 aliud.
2776 4229 3148 4302 Unusquisque
3193 4247 3426 4289 vesu'um
3472 4247 3610 4291 totus
3637 4237 3716 4292 hic
3739 4237 3824 4302 sit,

2276 4326 2330 4369 nt
2363 4318 2444 4370 bie
2491 4336 2592 4372 non
2635 4321 2702 4372 sit
2733 4338 2746 4373 :
2772 4321 2820 4374 id
2854 4331 2934 4374 est
2961 4365 2975 4386 ,
3008 4332 3150 4378 tctus
3191 4326 3258 4378 sit
3284 4326 3334 4379 in
3364 4327 3532 4381 verbo
3561 4328 3648 4382 Dei
3675 4371 3687 4389 ,
3711 4324 3824 4396 quod

2273 4417 2426 4460 sonat
2449 4409 2499 4461 in
2527 4417 2666 4463 terra
2711 4421 2762 4463 ut
2795 4412 2861 4464 ab
2887 4429 2951 4466 eo
2983 4416 3264 4482 exaltetur,
3295 4425 3348 4470 et
3375 4432 3478 4471 non
3516 4419 3586 4472 sit
3609 4420 3656 4472 in
3689 4430 3821 4473 terra.

2274 4498 2396 4551 Ideo
2427 4502 2568 4554 enim
2603 4503 2739 4556 Deus
2786 4505 3062 4559 nobiSt-um
3089 4547 3103 4572 ,
3135 4517 3189 4560 ut
3232 4517 3286 4562 et
3331 4525 3429 4563 nos
3469 4525 3589 4564 cum
3620 4511 3716 4566 illo.
3742 4505 3821 4578 Qui

2273 4591 2412 4643 enim
2446 4601 2501 4644 ut
2533 4593 2802 4648 nobiscum
2835 4605 2997 4662 esset,
3025 4596 3300 4652 descendit
3328 4599 3394 4653 ad
3425 4616 3524 4655 nos
3548 4641 3566 4669 ,
3599 4601 3716 4656 facit
3737 4641 3751 4669 ,
3774 4607 3820 4653 ut

2271 4701 2389 4739 cutn
2424 4689 2510 4740 illo
2537 4690 2723 4754 simus,
2753 4691 3039 4744 ascendere
3065 4692 3129 4744 ad
3153 4710 3211 4746 se
3245 4696 3285 4745 ³.
3314 4694 3528 4748 Interim
3561 4697 3670 4765 ipse
3716 4709 3816 4764 pcr-

2271 4779 2653 4846 cgrinatiouem
2689 4791 2921 4834 nostram
2967 4798 3068 4836 non
3119 4783 3402 4850 fastidivit;
3431 4787 3556 4857 quia
3595 4797 3816 4857 nusquam

2271 4881 2355 4928 est
2385 4875 2720 4943 peregrinus,
2749 4877 2836 4943 qui
2863 4876 3097 4930 condidit
3119 4879 3316 4932 omnia.

2331 4967 2386 5018 Ξ.
2432 4965 2579 5038 [vers.
2603 4967 2762 5040 2.5.]
2790 4969 2922 5023 Ecce
2949 4969 3192 5025 Psahnus
3223 4980 3374 5024 sonat
3403 4990 3417 5026 :
3457 4972 3720 5041 cujusdam
3734 4981 3815 5020 vos

2270 5069 2349 5112 est
2374 5101 2387 5124 ,
2418 5076 2535 5128 quae
2567 5063 2610 5113 si
2660 5061 2817 5114 vultis
2857 5073 3036 5116 vestra
3087 5073 3166 5117 est
3193 5105 3206 5127 ,
3255 5063 3592 5119 exhortantis
3622 5065 3815 5117 animam

2270 5167 2420 5206 suam
2452 5153 2516 5206 ad
2559 5153 2876 5206 laudandum
2906 5154 3068 5208 Deum
3094 5195 3109 5220 ,
3137 5163 3192 5208 ct
3216 5154 3442 5208 dicentis
3474 5156 3575 5210 sibi
3603 5196 3616 5215 .
3641 5150 3812 5209 Lauda.

2267 5247 2436 5299 anima
2467 5263 2595 5309 mea,
2629 5246 2916 5301 Dominum.
2969 5247 3264 5318 Aliquando
3291 5249 3430 5302 enim
3462 5249 3511 5302 in
3547 5242 3812 5302 tribulatio-

2269 5337 2424 5390 nibus
2449 5347 2607 5406 atque
2634 5339 2684 5390 in
2713 5338 3088 5392 tentationibus
3115 5338 3392 5408 prmsentis
3415 5338 3537 5392 vite
3561 5381 3577 5402 ,
3607 5335 3722 5390 velis
3743 5345 3812 5385 n0-

2267 5429 2356 5494 lis,
2381 5428 2728 5483 conturbatur
2753 5430 2927 5484 anima
2956 5446 2968 5482 :
3000 5429 3149 5500 cujus
3179 5429 3632 5500 perturbationem
3652 5427 3697 5480 in
3723 5421 3811 5477 alio

2264 5521 2469 5590 psalmo
2530 5520 2832 5590 alloquitur,
2883 5521 3064 5575 dicens
3093 5561 3108 5584 ,
3159 5521 3326 5586 Quare
3367 5521 3522 5576 tristis
3576 5537 3625 5576 cs
3658 5517 3804 5571 ωιὶιησ

2264 5613 2402 5667 mea?
2429 5622 2475 5666 et
2502 5629 2655 5682 quare
2683 5614 2948 5668 conturbas
2968 5613 3073 5668 me?
3099 5612 3169 5669 Ut
3187 5623 3367 5670 autem
3394 5613 3598 5671 auferat
3615 5612 3656 5668 ei
3679 5620 3804 5664 eam-

2327 5726 2342 5795 ι
2380 5731 2487 5795 A_m._
2501 5731 2556 5795 et
2579 5732 2719 5795 uss.,_
2731 5722 2904 5795 rapitur
3261 5786 3270 5795 ς

2324 5788 2342 5818 ²
2376 5789 2445 5837 sic
2475 5793 2578 5834 Mss.
2615 5793 2668 5834 At
2692 5777 2822 5846 nidi,
2849 5794 2896 5836 ut
2916 5798 3023 5835 cum
3045 5784 3126 5836 ilio
3148 5786 3377 5850 possimus
3403 5784 3648 5836 ascendere
3665 5777 3722 5828 ad
3745 5787 3802 5822 sr-
