4084 6452
223 486 252 540 ’1
263 483 368 540 885

227 600 350 653 dem
391 589 879 666 perturbationem,
926 580 1160 652 suggerit
1196 575 1444 647 gaudium
1477 567 1711 625 nondum
1739 562 1808 617 de

233 705 316 748 re,
360 653 455 739 sed
485 684 550 735 de
577 695 702 749 spe,
725 686 778 732 et
811 675 883 728 ait
909 673 981 727 illi
1012 669 1330 740 perturbata:
1361 675 1414 718 et
1441 661 1610 715 anxia:
1636 700 1652 723 ,
1675 653 1812 710 tristi

229 789 282 835 ct
316 773 567 832 mmrenti
603 791 615 826 :
660 771 823 838 Spera
844 768 894 820 in
922 765 1192 817 Dominum
1217 802 1232 825 ,
1254 757 1488 829 quoniam
1511 753 1676 806 adhuc
1697 767 1815 804 con-

236 871 414 938 ﬁtebor
445 867 520 920 illi
559 866 575 930 (
612 860 754 916 Psal.
787 875 914 924 XLII,
944 858 975 910 5
997 855 1038 925 ).
1069 855 1227 920 Spem
1260 867 1360 920 qua
1407 864 1466 902 se
1507 846 1713 909 erexit,
1764 841 1817 895 in

234 959 581 1016 confessione
615 953 924 1013 constituit,
967 947 1114 1017 quasi
1143 945 1346 999 diceret
1385 941 1432 994 ei
1467 940 1639 993 anima
1687 950 1812 998 sua,

234 1070 360 1124 quae
392 1052 538 1104 illum
560 1046 766 1100 tristitia
787 1039 1152 1098 conturbabat.
1170 1034 1310 1104 Quid
1330 1031 1456 1086 ntilti
1483 1029 1634 1089 dicis,
1656 1027 1821 1095 Spera

236 1147 293 1199 in
329 1143 604 1196 Dominum
629 1138 654 1191 ἰ)
679 1137 914 1191 Revocat
958 1146 1042 1185 me
1089 1125 1409 1182 conscientia
1443 1131 1775 1191 peccatorum
1804 1134 1818 1183 ;

239 1251 346 1306 ego
375 1231 500 1287 novi
527 1244 644 1299 quae
686 1222 950 1286 commisi,
971 1231 1027 1275 et
1054 1219 1204 1279 dicis,
1235 1217 1401 1286 Spera
1427 1215 1477 1266 in
1505 1211 1775 1264 Dominum
1798 1209 1824 1262 .9

238 1322 609 1384 Commisisti,
637 1332 819 1372 verum
851 1322 967 1370 est:
1021 1310 1159 1364 ttnde
1205 1318 1376 1361 tamen
1435 1303 1653 1372 speras?
1685 1301 1823 1367 Quo-

240 1417 386 1469 niam
427 1408 701 1477 conﬁtebor
729 1406 824 1458 illi.
857 1402 1006 1457 Sicut
1032 1399 1143 1452 odit.
1173 1399 1309 1451 Deus
1353 1403 1567 1464 peccata
1599 1407 1690 1445 sua
1720 1390 1818 1443 de-
1853 1409 1866 1452 ξ

241 1504 580 1566 tendentem,
627 1498 705 1551 sic
743 1494 984 1549 sublevat
1012 1490 1377 1544 conﬁtentem.
1407 1485 1514 1538 Hac
1559 1498 1686 1551 ergo
1732 1495 1826 1549 spe

241 1603 503 1662 accepta,
561 1604 678 1658 qua:
720 1601 840 1654 spes
893 1599 996 1635 non
1044 1587 1214 1649 potest
1255 1592 1374 1631 esse
1413 1574 1528 1628 sine
1579 1572 1772 1642 gaudio
1807 1587 1822 1634 ;

243 1686 497 1758 quamvis
526 1684 578 1736 in
614 1680 776 1734 rebus
804 1677 970 1730 simus
1001 1672 1309 1726 difﬁcilibus
1352 1667 1642 1721 sccmnlum
1674 1665 1828 1716 istam

248 1781 416 1834 vitam
448 1817 463 1840 ,
507 1782 562 1829 et
590 1771 758 1842 plenis
807 1766 1155 1837 procellarum
1184 1775 1236 1817 ct
1278 1770 1686 1828 tempestatum:
1736 1755 1832 1808 hac

247 1881 437 1925 tamen
470 1881 563 1935 spe
601 1869 778 1918 erecta
824 1859 1033 1921 anima,
1078 1856 1198 1924 quia
1237 1854 1426 1923 gaudet
1472 1852 1522 1903 in
1554 1865 1667 1918 spe,
1699 1847 1835 1900 sicut

247 1963 384 2018 dicit
415 1957 719 2028 Apostolus,
739 1952 844 2022 Spe
867 1949 1155 2021 gaudentes,
1183 1946 1233 1998 in
1249 1943 1562 1998 tribulatione
1593 1941 1833 2007 patientes

252 2053 436 2126 (Rom.
459 2064 552 2113 xu,
580 2045 687 2116 iri);
707 2043 908 2111 accepit
927 2040 1250 2095 erectionem
1268 2035 1548 2106 quannlam
1573 2033 1622 2084 in
1644 2032 1831 2094 Demn,

251 2119 316 2197 ut
344 2140 521 2194 laudet
554 2138 717 2191 Deum
742 2149 756 2200 ;
784 2142 837 2187 ct
860 2132 1050 2186 dicitur
1079 2129 1148 2194 ei,
1181 2126 1376 2190 Lauda,
1395 2125 1564 2176 anima
1586 2139 1713 2186 mea,
1733 2119 1836 2173 Do-

252 2235 472 2289 minum.
535 2272 556 2279 _.

335 2327 389 2380 5.
424 2322 530 2378 Sed
553 2320 672 2390 quis
701 2318 848 2380 dicit,
881 2323 935 2370 et
975 2314 1057 2370 cui
1086 2311 1252 2366 dicit?
1281 2308 1413 2375 Quid
1443 2306 1664 2360 dicimus
1687 2345 1701 2367 ,
1731 2301 1837 2356 fra-

258 2418 420 2474 tres?
447 2415 583 2469 Caro
607 2413 754 2472 dicit,
785 2409 967 2462 Lauda
993 2449 1007 2471 ,
1040 2406 1209 2458 anima
1256 2419 1364 2456 mea
1384 2443 1398 2462 ,
1437 2396 1747 2452 Dominum?
1777 2395 1841 2448 Et

257 2518 438 2580 potest
466 2521 591 2560 caro
620 2505 813 2558 bonum
843 2499 1121 2555 consilium
1174 2496 1362 2548 anima)
1411 2487 1742 2559 suggerere?
1774 2487 1842 2542 Ut

263 2600 494 2655 multum
520 2598 588 2649 sit
613 2593 840 2648 edomita
871 2605 993 2644 caro
1021 2629 1036 2653 ,
1065 2595 1118 2640 et
1145 2603 1174 2638 a
1209 2584 1430 2638 Domino
1460 2581 1739 2650 impertitis
1760 2577 1842 2630 vi-

264 2694 420 2749 ribus
451 2698 647 2742 nostra:
693 2666 936 2740 servituti
982 2680 1216 2746 subjecta
1243 2718 1257 2737 .
1289 2685 1346 2730 ut
1386 2675 1602 2728 omnino
1633 2672 1700 2724 ita
1729 2685 1844 2724 sere

265 2785 381 2838 viat
412 2781 566 2835 nobis
611 2778 746 2831 sicut
775 2771 1130 2828 conditionale
1172 2765 1525 2834 mancipium;
1571 2760 1763 2815 sufﬁcit
1787 2767 1844 2812 ut

264 2891 376 2930 non
419 2869 689 2941 impediat.
724 2866 925 2923 Deinde
949 2905 964 2930 ,
993 2859 1287 2917 charissimi
1311 2900 1326 2923 ,
1359 2857 1538 2920 utique
1569 2852 1788 2908 consilia
1814 2865 1844 2904 a

265 2963 584 3022 melioribus
611 2968 877 3028 petuntur.
901 2957 968 3009 Et
995 2956 1037 3007 si
1063 2955 1258 3008 bonum
1289 2948 1536 3019 quiddam
1560 2955 1641 3000 est
1665 2944 1843 2997 anima

270 3067 455 3113 nostra
496 3097 508 3116 ,
540 3063 592 3109 et
621 3054 816 3107 bonum
866 3046 1114 3119 quiddam
1164 3051 1246 3098 est
1287 3056 1412 3095 caro
1461 3047 1638 3093 nostra
1663 3077 1677 3100 ,
1724 3035 1846 3104 quia
1885 3041 1896 3086 ι

273 3157 568 3211 utrumque
613 3143 702 3195 ille
732 3141 930 3194 creavit
977 3135 1064 3205 qui
1113 3132 1238 3187 fecit
1285 3130 1457 3184 omnia
1513 3127 1646 3180 bona
1695 3124 1849 3178 valde

275 3238 453 3310 (Gen.
487 3251 527 3301 ι,
565 3235 692 3301 51);
737 3229 979 3301 quamvis
1025 3241 1152 3296 ergo
1201 3225 1252 3278 in
1295 3221 1579 3292 generibus
1627 3217 1850 3286 propriis

275 3309 564 3394 utrumque
590 3328 652 3380 sit
685 3326 880 3378 bonum
907 3362 919 3383 ,
953 3330 1129 3375 tamen
1154 3317 1281 3370 dicit
1317 3313 1598 3383 Apostolus
1623 3328 1636 3364 :
1659 3309 1852 3377 Corpus

271 3425 480 3492 quidem
509 3431 761 3473 mortuum
790 3426 861 3469 est
904 3424 1105 3482 propter
1133 3419 1406 3480 peccatum.
1455 3404 1550 3458 Est
1594 3403 1774 3470 utique
1800 3409 1852 3453 et

275 3491 405 3570 illud
442 3527 671 3580 eorpus,
725 3507 879 3577 quale
919 3504 1072 3558 nobis
1121 3499 1464 3566 promittitur,
1517 3503 1571 3549 et
1619 3491 1850 3546 nondum

281 3607 548 3661 habemus
573 3643 587 3667 ,
620 3602 670 3654 in
700 3599 852 3664 cujus
882 3593 1244 3660 redemptione
1284 3604 1376 3658 Spe
1421 3586 1711 3655 gaudi-mus
1731 3623 1743 3645 ,
1773 3581 1854 3633 di-

276 3707 434 3753 cente
487 3692 740 3760 Apostolo
769 3708 781 3743 :
811 3688 876 3741 In
917 3683 1278 3751 nobismetipsis
1321 3679 1708 3749 ingemisrinms,
1757 3675 1854 3726 ad-

276 3789 529 3858 aptionem
547 3790 905 3851 exspectantes,
921 3775 1304 3844 redemptionem
1319 3770 1542 3839 corporis
1557 3767 1730 3820 nostri.
1751 3765 1855 3832 Spe
1883 3761 1900 3812 ἐ

279 3882 414 3934 enim
443 3877 567 3931 salvi
594 3875 713 3942 {arti
738 3889 928 3926 smnus.
977 3870 1107 3935 Spes
1154 3878 1316 3920 autent
1361 3878 1472 3929 qua:
1518 3863 1730 3915 videtur.
1757 3875 1856 3910 non

278 3984 352 4027 est
380 3987 495 4038 spes
512 3986 530 4023 :
557 3967 686 4030 quod
711 3966 840 4018 enim
867 3963 998 4015 videt
1025 3960 1134 4030 quis
1155 4001 1168 4022 ,
1192 3955 1312 4024 quid
1354 3953 1562 4021 sperat?
1604 3951 1664 4004 Si
1691 3961 1856 4002 autem

278 4063 418 4129 quod
459 4076 556 4111 non
583 4057 806 4110 videmus
831 4066 1109 4122 speramus,
1142 4064 1229 4117 per
1267 4046 1563 4115 patientiam
1597 4050 1857 4109 exspecta-

280 4171 398 4208 nms
437 4150 456 4224 (
493 4141 634 4204 litim.
664 4163 776 4208 vut,
807 4147 894 4208 ω,
922 4143 1009 4204 5'25,
1039 4141 1131 4202 2t,
1157 4138 1228 4192 ‘25
1254 4136 1296 4203 ).
1320 4133 1568 4203 Quamvis
1607 4147 1732 4199 ergo
1764 4130 1860 4181 ho-

283 4261 412 4299 nuni
446 4239 657 4308 aliquod
707 4239 772 4291 sit
801 4248 993 4302 corpus
1051 4242 1324 4289 nostrum;
1384 4233 1560 4277 tamen
1611 4219 1859 4288 quamdiu

281 4332 515 4390 mortale
538 4332 1078 4400 propter‘peceattnu,
1103 4317 1350 4388 quamdiu
1381 4313 1641 4380 indigens,
1668 4325 1856 4377 quam-

283 4427 377 4479 diu
405 4419 771 4488 corruptibile,
807 4412 1056 4484 quamdiu
1083 4411 1151 4462 ita
1179 4404 1454 4464 mutabile,
1491 4409 1547 4454 ut
1575 4415 1638 4452 ne
1667 4407 1862 4468 puncto

286 4515 502 4586 quidem
533 4486 787 4576 tetnporis
822 4504 1076 4560 consistat
1107 4501 1158 4552 in
1188 4513 1246 4552 se
1270 4538 1283 4561 ,
1320 4493 1498 4563 procul
1549 4490 1710 4544 dubio
1760 4486 1863 4540 tale

287 4619 371 4662 est
394 4649 408 4668 ,
441 4615 498 4658 ut
549 4614 791 4671 optemus
849 4594 1269 4662 redemptionem
1302 4588 1470 4648 illius,
1506 4600 1607 4652 qua
1663 4581 1731 4634 sit
1762 4580 1860 4632 ali-

289 4696 504 4771 quando
551 4710 657 4748 non
692 4692 814 4745 tale.
849 4687 953 4742 Sed
987 4685 1138 4755 quale
1180 4685 1280 4735 erit
1328 4674 1651 4744 aliquando?
1691 4671 1861 4738 Quale

290 4764 431 4846 idem
463 4786 732 4858 apostolus
771 4782 898 4836 dicit
935 4778 1041 4832 alio
1079 4777 1229 4830 loco:
1281 4770 1488 4838 Oportet
1537 4764 1860 4833 corruptibile

291 4885 387 4937 hoc
415 4881 627 4933 induere
653 4872 1101 4942 incorruptionem,
1125 4874 1169 4919 et
1196 4861 1405 4916 mortale
1431 4860 1523 4911 hoc
1553 4855 1758 4909 induere
1779 4855 1866 4906 im-

291 4971 649 5027 mortalitatem
678 4965 739 5039 (Ι
767 4963 883 5018 Cor.
913 4976 1001 5020 xv,
1034 4957 1165 5024 55).
1196 4952 1301 5008 Sed
1348 4951 1503 5003 etiam
1549 4964 1666 5001 cunt
1712 4945 1867 4998 inerit

292 5067 398 5122 tale
427 5075 622 5130 corpus
648 5036 909 5119 nostrum,
927 5048 1237 5119 corpusjam
1259 5045 1474 5099 ccelestc
1496 5051 1546 5095 et
1573 5036 1862 5108 spirituale,

291 5171 486 5226 corpus
529 5151 824 5219 angelicum
868 5146 919 5199 in
953 5141 1206 5195 societate
1238 5134 1592 5204 Angelorum,
1645 5143 1741 5183 nec
1790 5129 1867 5181 sic

293 5249 438 5304 dabit
465 5244 741 5300 consilium
779 5239 988 5293 animm.
1020 5233 1242 5299 Semper
1277 5227 1416 5280 enim
1467 5237 1660 5292 corpus
1686 5263 1700 5286 ,
1730 5232 1864 5287 quo-

293 5340 437 5394 niam
465 5347 658 5403 corpus
684 5341 786 5394 est,
818 5326 954 5382 infra
985 5323 1214 5378 animam
1247 5327 1351 5381 est,
1383 5322 1437 5368 et
1460 5312 1664 5383 quaevis
1691 5310 1865 5364 anima

291 5429 413 5483 vilis
434 5402 882 5481 excellentissimo
911 5427 1134 5483 corpore
1162 5405 1505 5462 excellentior
1537 5402 1827 5456 invenitur.

362 5519 419 5574 4.
447 5515 554 5570 Nec
593 5511 740 5566 vobis
770 5509 868 5561 boc
896 5503 1044 5576 quasi
1087 5497 1328 5556 mirabile
1372 5493 1631 5556 videatur,
1659 5491 1784 5560 quia
1813 5497 1868 5543 et

294 5611 416 5665 vilis
460 5605 636 5660 anima
667 5598 915 5671 quaelibet
959 5590 1224 5664 peccatrix
1267 5585 1459 5641 melior
1506 5591 1589 5637 est
1630 5579 1869 5651 quolibet

295 5714 491 5772 magno
537 5705 593 5752 et
645 5685 1086 5764 praestantissimo
1132 5693 1376 5749 corpore.
1406 5675 1522 5730 Non
1560 5681 1639 5727 est
1682 5668 1869 5724 melior

294 5764 550 5857 meritis,
602 5784 696 5842 sed
754 5789 960 5836 natura.
1018 5774 1110 5827 Est
1169 5769 1380 5840 quidem
1443 5764 1616 5819 anima
1674 5773 1867 5830 pecca-

296 5886 400 5941 trix
430 5926 444 5949 ,
473 5891 553 5935 est
584 5873 899 5948 quibusdam
930 5861 1480 5933 concupiscentiarum
1513 5851 1757 5910 sordibus
1788 5849 1868 5906 in-

1293 453 1690 518 ΕΝΑιιιιΑΤιυ
1731 466 1794 504 tu
1835 445 2154 504 PSALMUM
2193 449 2395 506 CXLV.

3356 440 3491 500 1886

1919 566 2173 638 quinata:
2227 576 2402 622 tamen
2451 564 2640 620 melius
2665 572 2781 630 est,
2812 562 2910 617 etsi
2959 560 3252 626 sordidum,
3283 574 3470 614 aurum

1920 682 2076 737 quam
2108 661 2537 734 purgatissimum
2586 656 2883 727 plumbum.
2941 654 3014 709 Ita
3056 662 3237 707 currat
3284 651 3494 706 animus

1922 774 2099 820 vester
2124 776 2215 830 per
2235 764 2454 812 cunctas
2479 762 2748 808 creaturas
2773 752 2814 816 ί,
2842 759 2895 803 et
2925 748 3168 802 videbitis
3194 744 3332 816 quod
3365 743 3496 797 dici-

1925 871 2042 910 mus
2070 869 2174 906 non
2205 867 2323 905 esse
2355 847 2702 907 incredibile;
2736 853 2792 896 ut
2819 859 2852 912 q
2878 841 3058 894 talilVlS
3085 838 3259 891 anima
3292 836 3498 903 vitupeo

1927 945 2108 1001 rabilis
2133 985 2147 1006 ,
2171 941 2488 996 laudabilior
2514 940 2581 991 sit
2608 947 2782 990 tamen
2813 932 2934 988 laud
2954 932 3058 985 abili
3096 943 3337 997 corpore.
3383 927 3496 980 Duo

1924 1036 2164 1108 qua-dam
2197 1041 2340 1097 sunt,
2366 1033 2538 1084 anima
2581 1038 2634 1082 et
2679 1041 2892 1095 corpus.
2936 1025 3178 1077 Animam
3221 1022 3497 1088 vitupero,

1927 1142 2119 1196 Corpus
2166 1124 2324 1178 laudo
2354 1141 2367 1176 :
2422 1121 2652 1176 animam
2703 1119 2945 1184 vitupero
2975 1157 2989 1180 ,
3021 1114 3141 1182 quia
3174 1112 3351 1180 iniqua
3377 1119 3498 1172 est;

1927 1235 2121 1290 corpus
2148 1217 2304 1271 laudo
2324 1258 2339 1282 ,
2368 1217 2488 1284 quin
2516 1229 2701 1267 sanum
2739 1221 2838 1266 est.
2862 1210 3062 1264 Tamen
3091 1209 3141 1260 in
3183 1220 3279 1260 suo
3307 1216 3503 1272 genere

1927 1313 2157 1366 animam
2194 1309 2368 1370 laudo,
2401 1308 2482 1362 vel
2513 1308 2562 1360 in
2603 1321 2700 1359 suo
2727 1317 2925 1374 genere
2961 1299 3190 1353 animam
3228 1296 3383 1362 culpo
3409 1310 3424 1358 ;
3450 1298 3507 1346 et

1930 1406 1981 1460 in
2013 1418 2111 1459 suo
2160 1418 2356 1474 genere
2394 1416 2586 1469 corpus
2627 1399 2782 1452 laudo
2811 1438 2825 1460 ,
2856 1395 2940 1449 vel
2995 1393 3175 1461 culpo.
3205 1391 3258 1445 Si
3288 1404 3373 1443 me
3423 1387 3506 1440 in-

1935 1507 2170 1562 terroges
2213 1493 2336 1561 quid
2368 1493 2436 1545 sit
2463 1491 2681 1553 ntolins,
2716 1499 2890 1541 utrum
2919 1485 3058 1555 quod
3089 1482 3376 1550 vituperavi
3401 1521 3415 1546 ,
3440 1494 3508 1533 an

1933 1588 2075 1658 quod
2117 1585 2366 1644 laudavi;
2419 1582 2715 1637 mirabilem
2754 1578 3156 1647 responsionem
3197 1579 3510 1642 recepturus

1935 1695 2014 1734 es.
2043 1680 2148 1745 Ego
2179 1686 2322 1730 certe
2347 1675 2474 1729 illud
2495 1671 2808 1740 vituperavi,
2839 1679 2892 1723 et
2913 1683 3012 1738 ego
3037 1668 3136 1722 hoc.
3156 1665 3360 1720 laudavi
3391 1664 3511 1722 εἰη-

1940 1777 2234 1837 terrogatus
2267 1776 2439 1818 tamen
2485 1763 2610 1832 quid
2653 1763 2721 1814 sit
2761 1760 2989 1822 melius,
3037 1757 3332 1824 respondeo
3389 1768 3512 1809 esse

1938 1859 2128 1914 melius
2156 1855 2300 1925 quod
2328 1854 2639 1922 vituperavi,
2665 1868 2728 1905 eo
2768 1850 2908 1920 quod
2959 1842 3183 1902 laudavi.
3217 1846 3270 1900 Si
3303 1846 3512 1899 miraris

1940 1955 1990 2007 in
2021 1952 2103 2005 his
2137 1951 2380 2013 duobus,
2413 1946 2627 2001 attende
2673 1945 2760 1998 illa
2791 1944 2896 1997 duo
2939 1944 2988 1995 in
3024 1949 3270 2011 pretnptn
3302 1939 3469 2007 posita
3496 1976 3512 1998 ,

1941 2061 2058 2116 qtne
2088 2041 2503 2098 commemoravi
2549 2039 2617 2094 de
2660 2053 2792 2092 auro
2837 2047 2888 2090 et
2919 2035 3155 2105 plumbo.
3193 2035 3328 2088 Ecce
3375 2035 3514 2085 vitu-

1940 2136 2118 2208 peravi
2155 2151 2366 2188 aurum.
2411 2133 2523 2188 Non
2583 2132 2780 2185 bonum
2824 2144 3045 2194 aurum,
3091 2125 3360 2179 sordidum
3389 2133 3464 2178 est
3498 2165 3513 2189 ,

1942 2244 2047 2283 non
2080 2229 2148 2282 ita
2181 2226 2339 2294 fulget
2369 2267 2382 2288 ,
2412 2239 2514 2278 non
2543 2223 2612 2276 ita
2644 2231 2942 2290 purgatum.
2978 2219 3087 2272 lloc
3118 2216 3388 2286 plumbum
3417 2231 3516 2282 op-

1943 2321 2151 2383 timum,
2186 2317 2312 2370 nihil
2346 2316 2634 2385 purgatius.
2659 2312 2790 2366 Illud
2819 2309 3131 2378 vituperavi,
3156 2308 3256 2361 hoc
3282 2305 3515 2368 laudavi;

1943 2419 1998 2465 et
2026 2411 2176 2480 posui
2220 2418 2345 2463 ante
2385 2417 2436 2461 te
2467 2417 2746 2474 utrtunque
2773 2446 2785 2464 ,
2824 2404 3132 2471 vituperans
3159 2415 3316 2452 unum
3348 2440 3362 2462 ,
3408 2397 3520 2450 lau-

1944 2506 2077 2558 dans
2101 2501 2263 2555 aliud.
2284 2500 2407 2554 Post
2437 2499 2574 2552 hanc
2596 2496 3034 2564 vituperationem
3059 2490 3520 2558 laudationcmque

1946 2611 2154 2659 meam,
2189 2594 2450 2660 interroga
2501 2605 2586 2644 me
2630 2588 2750 2658 quid
2799 2588 2984 2640 borum
3033 2586 3102 2637 sit
3151 2583 3378 2644 melius;
3429 2596 3519 2635 re-
3579 2571 3594 2585 “

1945 2687 2240 2758 spondebo,
2274 2686 2472 2740 Aurum
2501 2683 2688 2737 melius
2719 2690 2800 2735 est
2825 2681 2982 2733 etiam
3012 2675 3318 2739 sordidum,
3361 2687 3518 2743 quam

1949 2780 2224 2850 plumbum
2256 2787 2554 2848 purgatum.
2591 2775 2741 2831 Unde
2773 2771 3001 2826 melius?
3029 2781 3081 2825 et
3120 2785 3284 2838 quare
3315 2769 3522 2834 vitupe-

1950 2875 2124 2929 rasti?
2167 2874 2342 2941 Quare
2394 2869 2720 2937 vituperavi?
2764 2868 2894 2934 Quia
2937 2865 3170 2918 nondum
3216 2870 3295 2916 est
3337 2875 3522 2914 aurum

1949 2965 2087 3035 quod
2116 2975 2287 3034 potest
2315 2977 2453 3018 esse.
2483 2961 2618 3028 Quid
2643 2969 2814 3028 potest
2843 2957 2998 3012 esse?
3030 2956 3310 3022 Purgatum
3336 2963 3388 3005 et
3411 2965 3522 3004 me-

1953 3058 2074 3111 lius.
2109 3057 2239 3123 Quia
2295 3055 2528 3108 nondum
2583 3059 2860 3120 purgatum
2897 3057 2979 3099 est
3002 3087 3016 3110 ,
3045 3046 3395 3112 vituperatum
3422 3048 3523 3093 est.

1953 3147 2232 3204 Plumbnm
2261 3161 2427 3216 quare
2479 3143 2746 3197 laudatum
2783 3139 2907 3193 est?
2935 3137 3066 3203 Quia
3097 3135 3199 3204 iam
3234 3134 3304 3186 ita
3331 3146 3525 3200 purga-

1954 3254 2063 3296 tttm
2086 3251 2186 3303 est,
2210 3249 2268 3293 ut
2297 3239 2484 3293 melius
2511 3252 2630 3291 esse
2661 3251 2764 3289 non
2796 3233 2982 3302 possit.
3017 3229 3142 3282 Item
3174 3227 3308 3280 dicis
3334 3241 3528 3294 equum

1954 3335 2208 3403 optimum
2240 3372 2253 3389 .
2286 3341 2338 3384 et
2370 3328 2636 3383 hominem
2669 3326 2992 3394 pessimum;
3022 3331 3199 3375 tamen
3238 3333 3374 3386 equo
3413 3317 3528 3369 lau-

1955 3425 2080 3478 dato
2126 3422 2390 3492 prteponis
2416 3420 2683 3472 hominem
2715 3419 3089 3483 vituperatum.
3119 3410 3170 3465 Si
3199 3411 3340 3464 enim
3365 3408 3529 3460 inter-

1957 3518 2157 3587 rttgeris
2187 3533 2248 3570 ex
2281 3515 2362 3568 his
2408 3513 2613 3566 duobus
2641 3509 2766 3580 quid
2797 3509 2865 3561 sit
2903 3507 3090 3561 melius
3116 3546 3131 3567 ,
3173 3515 3527 3570 responsurus

1957 3627 2034 3675 cs,
2068 3610 2266 3664 lloruo:
2305 3622 2408 3660 non
2456 3604 2693 3665 meritis,
2725 3599 2818 3653 sed
2850 3608 3056 3652 natura.
3095 3595 3148 3649 lu
3176 3595 3376 3648 artibus
3401 3591 3533 3646 dicis

1959 3704 2213 3770 Optimum
2246 3711 2479 3751 sutorem
2507 3737 2520 3758 ,
2550 3693 2694 3747 verbi
2740 3691 2906 3761 gratia
2935 3730 2950 3752 ,
2981 3698 3034 3742 et
3062 3683 3408 3754 reprehendis
3434 3682 3533 3735 ali-

1959 3788 2113 3863 quem
2138 3792 2523 3861 jurisperilum,
2558 3785 2698 3856 quod
2728 3784 2920 3836 multas
2941 3784 3082 3848 leges
3111 3780 3352 3846 ignz-ret;
3383 3781 3532 3826 suto-

1960 3861 2070 3937 rem
2103 3883 2321 3934 laudasti
2353 3920 2367 3942 ,
2396 3875 2760 3945 juriSperitum
2795 3866 3179 3938 reprehendisti
3207 3883 3219 3918 :
3250 3880 3312 3916 ex
3343 3861 3424 3914 his
3451 3870 3532 3914 ta-

1961 3993 2080 4030 men
2112 3975 2316 4027 duobus
2357 3983 2536 4040 qu2rre
2562 3966 2678 4036 quis
2708 3965 2773 4017 sit
2802 3963 3015 4023 melior;
3045 3957 3339 4024 imperitior
3372 3954 3536 4022 juris.

1964 4070 2162 4138 peritus
2199 4064 2431 4131 perfecto
2452 4058 2616 4112 sutori
2655 4055 2999 4125 prteponitur.
3022 4046 3264 4102 lnteutlat
3289 4044 3535 4099 Charitas

1964 4165 2157 4213 vestra;
2190 4158 2264 4211 lia
2299 4155 2476 4208 multis
2507 4151 2664 4205 rebus
2697 4145 2938 4206 laudatis,
2959 4143 3183 4208 aliisque
3201 4138 3531 4205 vituperatis,

1966 4250 2273 4319 interrogati
2327 4247 2636 4316 plerumque
2685 4255 2772 4293 res
2807 4239 3135 4304 vituperatas
3180 4229 3538 4300 przeponimus

1966 4347 2120 4400 rebus
2151 4341 2387 4396 laudatis.
2422 4337 2613 4392 Natura
2663 4332 2853 4385 animm
2899 4324 3354 4398 pra-stantior-est
3380 4335 3538 4388 quant

1967 4446 2149 4492 natura
2178 4449 2283 4498 cori
2307 4431 2413 4485 oris
2444 4470 2458 4494 ,
2487 4425 2696 4480 excellit
2723 4421 2946 4475 multum
2968 4435 2982 4482 ;
3003 4432 3090 4470 res
3117 4413 3407 4483 spiritualis
3431 4416 3535 4475 est,

1967 4545 2056 4582 res
2083 4528 2393 4592 ineorporea
2427 4527 2526 4581 est,
2554 4515 2725 4569 vicina
2750 4521 2831 4567 est
2863 4507 3172 4565 substantim
3201 4505 3316 4559 Dei.
3345 4500 3538 4555 lnvisi-
3603 4547 3607 4552 ,

1969 4617 2072 4670 bile
2102 4613 2351 4684 quiddam
2379 4620 2482 4673 est,
2511 4613 2644 4675 regit
2677 4618 2870 4672 corpus
2899 4642 2911 4661 ,
2959 4605 3135 4652 movet
3164 4592 3398 4647 membra
3420 4631 3435 4652 ,
3463 4587 3542 4642 di-

1971 4707 2091 4776 rigit
2123 4719 2333 4760 sensus,
2360 4709 2625 4768 przt'pztl'al
2656 4693 3026 4763 cogitationes,
3055 4684 3257 4738 exserit
3280 4680 3539 4743 actiones,

1968 4798 2106 4868 capit
2147 4811 2323 4849 rerum
2357 4791 2679 4844 inﬁniutrum
2714 4783 3000 4851 in'tagincs;
3051 4786 3102 4830 et
3139 4775 3255 4844 quis
3299 4780 3380 4826 est
3427 4778 3543 4823 tan-

1969 4891 2120 4954 dem,
2154 4888 2340 4941 fratres
2380 4877 2677 4937 citatissimi
2712 4918 2726 4939 ,
2759 4875 2844 4943 qui
2892 4869 3121 4923 sufﬁciat
3162 4862 3401 4918 laudibus
3427 4859 3544 4914 ani-
3597 4880 3604 4884 ·
3633 4886 3636 4887 ν

1972 4982 2114 5036 mze?
2164 4979 2227 5033 Et
2252 4976 2368 5030 siin
2395 4974 2583 5026 anima:
2617 4967 2858 5020 laudibus
2879 4961 3143 5022 deﬁcitur,
3175 4971 3292 5023 quae
3318 4954 3433 5007 laus
3461 4959 3545 5006 est

1971 5073 2084 5142 ejus
2113 5071 2200 5140 qtti
2241 5067 2468 5121 animam
2495 5057 2771 5116 condidit?
2800 5055 2865 5108 Et
2901 5063 3073 5106 tamen
3109 5057 3250 5102 tanta
3305 5053 3388 5098 est
3428 5041 3546 5110 ejus

1970 5166 2161 5237 gratia,
2195 5171 2253 5216 ut
2280 5161 2423 5214 dicat
2453 5157 2613 5210 homo
2640 5153 2760 5212 iste,
2785 5145 2983 5208 Lauda,
3007 5141 3174 5194 anima
3202 5153 3333 5201 mea,
3366 5133 3546 5188 Domi-

1973 5222 2112 5309 iinm.
2144 5222 2274 5318 Quis
2308 5253 2484 5320 potest
2543 5240 2756 5296 laudare
2806 5235 3011 5290 Deum?
3063 5231 3118 5284 Si
3157 5229 3392 5291 diceret,
3435 5222 3544 5279 Te-

1973 5352 2138 5420 ipsam
2158 5315 2336 5406 lauda,
2360 5341 2582 5395 fortasse
2608 5333 2856 5389 deﬁceret
2888 5325 3121 5387 :Lauda,
3147 5320 3336 5389 inquit,
3359 5315 3541 5370 Deum.

1973 5405 2181 5496 (Sonare
2213 5435 2423 5505 pietatis
2443 5429 2664 5490 affectu,
2682 5422 2899 5479 deticies
2929 5418 2981 5472 in
3011 5413 3254 5470 laudibus
3275 5409 3411 5480 ejus.
3435 5405 3546 5460 Ex-

1974 5531 2120 5603 pedit
2160 5496 2252 5582 tibi
2283 5523 2516 5579 deﬁcere
2560 5512 2827 5571 laudando
2863 5510 3026 5564 Deum
3053 5547 3068 5568 .
3099 5517 3256 5576 quam
3285 5496 3546 5603 prolicere

1973 5585 2236 5678 iaudando
2265 5624 2334 5671 te.
2359 5614 2490 5669 Cum
2515 5609 2657 5666 enim
2677 5603 2861 5660 laudas
2887 5600 3076 5664 Deum,
3108 5605 3161 5650 et
3187 5605 3291 5648 non
3312 5585 3546 5658 explicas

2041 5827 2052 5854 ¹
2091 5829 2217 5881 Mss,
2245 5830 2326 5880 per
2352 5819 2520 5864 rnnctn
2539 5812 2791 5859 creatum.
