4084 6460
680 385 808 442 i837

671 497 809 566 quod
837 497 935 561 vis,
958 497 1264 554 extenditur
1289 498 1342 554 in
1384 499 1635 554 interiora
1655 500 1672 533 ‘
1699 499 1950 571 cegltatio
1975 512 2098 568 tua;
2129 503 2241 572 ipsa

673 589 914 641 extensio
940 589 1270 658 capaciorem
1301 597 1352 644 te
1380 589 1498 644 facit
1526 589 1642 660 ejus
1670 606 1826 660 quem
1858 592 2061 648 laudas.

740 678 796 734 5.
834 679 962 745 Quis
999 694 1127 747 ergo
1163 689 1272 745 est,
1315 691 1371 735 ut
1407 681 1584 737 dicere
1621 698 1920 752 cmperam,
1961 685 2048 755 qui
2087 684 2236 752 dicit,

667 766 878 833 Lauda,
907 770 1078 824 anima
1105 788 1248 838 mea,
1295 772 1613 828 Dominum?
1654 774 1793 830 Caro
1822 791 1926 830 non
1965 776 2111 831 dicit.
2161 777 2241 832 Sit

666 861 788 915 licet
831 875 1026 930 Corpus
1067 864 1359 931 angelicum
1383 905 1398 931 ,
1447 865 1666 920 inferius
1705 877 1785 921 est
1825 882 1980 936 quam
2024 868 2238 934 anima;

663 951 942 1006 consilium
986 955 1244 1024 superiori
1275 955 1405 1011 dare
1433 972 1536 1010 non
1568 968 1761 1027 potest.
1810 957 1990 1013 Infelix
2021 969 2100 1013 est
2128 960 2238 1029 ipsa

664 1043 839 1097 anima
860 1084 874 1106 ,
907 1044 949 1098 si
980 1060 1009 1098 a
1038 1061 1261 1115 corpore
1301 1057 1570 1113 chpectat
1609 1048 1907 1103 consilium.
1941 1048 2075 1103 Caro
2107 1051 2239 1106 bene

664 1132 944 1201 obediens,
977 1134 1172 1190 famula
1201 1146 1279 1191 est
1306 1138 1532 1202 animae;
1569 1138 1653 1192 illa
1682 1141 1834 1208 regit,
1867 1138 1980 1192 haec
2005 1141 2236 1209 regitur;

665 1223 754 1277 illa
784 1223 1028 1293 imperat,
1054 1226 1150 1280 ista
1181 1225 1464 1281 famulatur
1488 1245 1502 1280 :
1525 1228 1736 1297 quando
1761 1237 1935 1297 potest
1959 1244 2083 1284 caro
2108 1229 2236 1284 dare

667 1311 769 1367 hoc
788 1315 1066 1369 consilium
1088 1317 1278 1370 anima:
1299 1317 1322 1370 ?
1347 1317 1474 1385 Quis
1500 1326 1581 1371 est
1603 1333 1730 1387 ergo
1749 1320 1836 1389 qui
1860 1320 2007 1386 dicit,
2033 1318 2235 1390 Lauda,

663 1407 832 1460 anima
859 1423 1000 1472 mea,
1044 1406 1366 1463 Dominum?
1409 1409 1545 1464 Nihil
1592 1410 1887 1464 invenimus
1924 1413 2149 1482 amplius
2181 1413 2236 1468 in

663 1493 908 1563 homine,
940 1513 1097 1568 quam
1126 1515 1339 1554 carnem
1383 1509 1436 1555 et
1464 1501 1696 1556 animam
1733 1519 1745 1556 :
1781 1511 1921 1556 totus
1948 1502 2107 1556 homo
2137 1503 2237 1559 hoc

660 1596 776 1652 est,
807 1588 1023 1656 spiritus
1047 1597 1101 1644 et
1130 1605 1274 1644 caro.
1306 1593 1385 1646 An
1418 1591 1552 1647 forte
1593 1593 1703 1664 ipsa
1734 1594 1908 1647 anima
1957 1595 2056 1649 sibi
2086 1596 2232 1662 dicit,

659 1683 716 1729 et
744 1675 841 1730 sibi
871 1676 1096 1746 quodam
1126 1679 1284 1733 modo
1310 1684 1553 1749 imperat,
1585 1689 1639 1735 et
1662 1697 1720 1737 se
1743 1683 2053 1738 exhortatur
2077 1695 2238 1754 atque

660 1765 894 1820 excitat?
940 1766 1263 1834 Quibusdam
1304 1770 1444 1824 enim
1487 1773 1967 1840 perturbationibus
2007 1789 2072 1829 ex
2102 1790 2234 1845 qua-

657 1853 780 1908 dam
808 1856 887 1909 sui
916 1865 1062 1924 parte
1085 1857 1349 1923 fluitabat;
1379 1875 1446 1914 ex
1477 1861 1700 1930 quadam
1723 1878 1848 1916 vero
1875 1871 2044 1932 parte,
2075 1881 2232 1933 quam

641 1955 850 2002 tvocant
883 1957 1113 2001 mentem
1136 1950 1467 2013 rationalem,
1500 1951 1640 2004 illam
1667 1967 1768 2022 qua
1796 1954 1992 2023 cogitat
2020 1955 2234 2023 sapien-

657 2035 824 2099 tiam,
858 2035 1125 2092 inhaerens
1155 2039 1376 2092 Domino
1414 2040 1522 2107 jam
1567 2049 1621 2094 et
1663 2043 1937 2111 suspirans
1977 2043 2027 2096 in
2061 2044 2230 2109 illum,

655 2125 1027 2180 animadvertit
1055 2128 1306 2196 quasdam
1337 2143 1461 2183 suas
1491 2129 1770 2186 inferiores
1813 2143 1988 2201 partes
2019 2144 2230 2204 pertur-

654 2214 767 2270 bari
800 2218 1029 2273 motibus
1067 2220 1411 2274 saecularibus
1430 2262 1443 2282 .
1473 2230 1527 2276 et
1554 2223 1840 2292 cupiditate
1865 2225 2088 2293 quadam
2119 2233 2226 2280 ter-

643 2319 902 2376 ,reuorutn
941 2306 1327 2363 desideriorum
1371 2309 1446 2365 ire
1489 2311 1541 2364 in
1585 2313 1882 2376 exteriora,
1928 2314 2226 2384 relinquere

637 2390 960 2454 iinteriorem
990 2400 1154 2454 Deum
1193 2418 1206 2454 :
1240 2413 1448 2456 revocat
1479 2417 1538 2457 se
1569 2403 1636 2457 ab
1665 2405 2018 2460 exterioribus
2045 2407 2110 2460 ad
2143 2408 2226 2462 itt-

656 2489 870 2549 teriora.
903 2492 970 2544 ab
1001 2490 1332 2546 inferioribus
1360 2493 1425 2547 ad
1456 2494 1747 2562 superiora,
1773 2505 1826 2549 et
1850 2494 1998 2558 dicit,
2023 2495 2222 2562 Lauda,

648 2581 820 2632 anima
850 2598 989 2639 mea.
1020 2581 1314 2635 Dominmn.
1358 2582 1494 2650 Quid
1538 2584 1627 2638 tibi
1672 2587 1843 2653 placet
1887 2585 1937 2638 in
1988 2587 2224 2640 sarculo?

650 2671 787 2739 Quid
819 2682 899 2725 est
926 2673 1064 2740 quod
1089 2674 1166 2726 vis
1197 2673 1456 2728 laudare?
1485 2674 1608 2744 quid
1635 2684 1714 2730 est
1743 2675 1883 2745 quod
1905 2675 1983 2730 vis
2008 2678 2224 2732 amare?

647 2761 990 2831 Quacumque
1017 2765 1288 2833 corporeis
1313 2766 1557 2818 sensibus
1590 2777 1639 2820 te
1663 2767 2011 2833 converteris,
2040 2783 2224 2823 oecur-

647 2851 717 2904 rit
761 2851 853 2905 tibi
898 2854 1122 2916 eoelum,
1164 2856 1392 2909 occurrit
1437 2855 1530 2910 tibi
1576 2866 1716 2911 terra
1747 2875 1760 2910 ε
1793 2857 1932 2927 quod
1977 2875 2124 2913 amas
2168 2861 2219 2915 in

647 2949 812 3006 terra,
848 2950 1111 2996 terrenum
1143 2955 1257 3011 est;
1291 2946 1544 3016 quidquid
1574 2962 1721 3002 amas
1746 2959 1800 3003 et
1823 2949 1876 3003 in
1905 2950 2062 3016 caelo,
2095 2966 2217 3006 cor-

647 3049 866 3100 porcum
893 3045 993 3089 est.
1043 3035 1246 3106 Ubique
1275 3052 1423 3091 antas
1445 3079 1460 3104 ,
1489 3045 1544 3094 et
1591 3038 1784 3108 ubique
1828 3041 2010 3096 laudas
2041 3061 2054 3097 :
2085 3059 2218 3112 quo-

645 3125 805 3180 modo
834 3125 1127 3181 laudandus
1169 3138 1250 3181 est
1290 3128 1376 3183 ille
1405 3129 1493 3199 qui
1523 3129 1644 3184 fecit
1689 3132 1786 3184 ista
1830 3147 1949 3202 qua:
1995 3132 2218 3186 laudas?

643 3214 762 3271 Jam
790 3231 915 3287 ergo
939 3218 1028 3273 diu
1052 3230 1304 3290 oecupata
1330 3222 1525 3286 vixisti,
1549 3231 1602 3276 et
1625 3222 2014 3278 desideriorum
2043 3225 2218 3280 diver-

640 3309 804 3364 sitate
832 3313 1104 3365 verberata
1131 3354 1146 3375 ,
1181 3322 1358 3382 portas
1404 3315 1616 3383 plagas,
1655 3315 1901 3380 saucia',
1930 3315 2090 3370 divisa
2122 3332 2216 3386 per

639 3414 850 3455 amores
881 3403 1072 3456 multos
1095 3445 1109 3468 ,
1143 3404 1336 3474 ubique
1381 3404 1612 3474 inquieta
1634 3445 1648 3469 ,
1691 3421 1947 3475 nusquam
1990 3420 2207 3473 secura;

639 3489 888 3558 colligere
917 3491 979 3543 ad
1010 3502 1059 3545 te
1102 3493 1265 3561 ipsam
1293 3494 1313 3525 ⁸
1339 3511 1351 3545 :
1384 3495 1636 3564 quidquid
1669 3495 1758 3548 tibi
1793 3494 1920 3550 foris
1950 3495 2207 3564 placebat,

635 3596 816 3649 qua-rc
844 3598 999 3650 quem
1033 3584 1223 3638 habeat
1250 3594 1543 3640 auctorem.
1577 3587 1716 3641 Nihil
1746 3588 1933 3642 melius
1962 3590 2014 3642 in
2045 3597 2206 3654 terra,

636 3671 782 3726 verbi
822 3673 988 3742 gratia
1010 3716 1024 3738 ,
1054 3689 1207 3744 quam
1242 3675 1343 3730 hoc
1373 3685 1426 3730 et
1457 3675 1582 3729 illud
1615 3694 1629 3730 :
1663 3691 1878 3738 aurum,
1911 3689 2205 3746 argentum,

631 3765 902 3823 animalia.
933 3766 1174 3830 arbores,
1203 3767 1558 3833 anitenitates,
1586 3777 1746 3822 totant
1781 3777 1972 3822 terram
2014 3771 2204 3840 cogita.

631 3857 765 3921 Quid
795 3857 983 3911 melius
1029 3859 1079 3912 iu
1121 3861 1257 3914 cmlo
1281 3859 1393 3913 sole
1413 3900 1428 3924 ,
1474 3858 1595 3912 luna
1617 3901 1632 3919 ,
1665 3858 1970 3914 sideribus?
2014 3859 2204 3915 Totum

629 3949 822 4004 coelum
857 3951 1052 4020 cogita.
1101 3950 1285 4005 Omnia
1335 3951 1434 4004 ista
1483 3950 1641 4005 simul
1687 3949 1823 4003 bona
1866 3950 2038 4015 valde,
2083 3951 2204 4021 quia

630 4039 752 4094 fecit
786 4040 921 4095 Deus
964 4041 1139 4094 omnia
1193 4042 1328 4096 bona
1360 4041 1528 4096 valde.
1580 4041 1822 4111 Undique
1867 4042 2204 4110 pulchritudo

627 4133 804 4200 operis
827 4172 842 4196 ,
870 4149 986 4202 quze
1013 4133 1104 4186 tibi
1136 4132 1473 4188 commendat
1498 4132 1775 4188 artiﬁcem.
1801 4133 2010 4188 Illiraris
2037 4135 2198 4189 fabri-

625 4237 742 4277 cam
769 4263 783 4284 ,
816 4239 932 4276 ama
981 4224 1368 4278 l'abricatorem.
1423 4222 1534 4276 Non
1581 4225 1856 4290 occuperis
1887 4223 1936 4277 in
1965 4239 2032 4278 eo
2059 4224 2202 4293 quod

625 4313 821 4366 factum
853 4323 956 4376 est,
1002 4323 1056 4366 et
1099 4314 1316 4368 recedas
1355 4313 1542 4366 abillo
1585 4312 1672 4382 qui
1711 4311 1856 4366 fecit.
1907 4312 2029 4367 llaec
2057 4315 2202 4368 enim

624 4402 818 4470 quibus
838 4402 1134 4470 occuparis,
1160 4403 1258 4456 sub
1281 4413 1330 4456 te
1356 4402 1498 4464 fecit,
1522 4401 1642 4471 quia
1665 4400 1764 4454 sub
1783 4401 1958 4470 seipso
1981 4409 2030 4455 te
2051 4400 2196 4456 fecit.

613 4491 681 4560 ,Si
727 4492 953 4547 liairebis
1001 4493 1280 4560 superiori,
1325 4492 1552 4546 calcabis
1599 4491 1886 4556 inferiora;
1933 4493 1976 4546 si
2019 4504 2196 4548 autem

593 4559 844 4639 f:t‘ecedas
871 4599 899 4637 a
933 4584 1191 4653 ςυρψ-ἰωή
1214 4626 1227 4648 ,
1265 4585 1358 4636 ista
1404 4584 1493 4637 tibi
1528 4585 1578 4638 in
1621 4583 1933 4652 supplicium
1963 4599 2194 4639 conver-

624 4684 821 4732 temur.
873 4676 960 4731 Sic
1007 4677 1148 4730 enim
1200 4676 1389 4729 factum
1429 4683 1545 4741 est,
1589 4674 1778 4728 fratres
1813 4675 1917 4730 mei
1948 4693 1962 4728 :
1992 4677 2196 4746 accepit

622 4765 782 4820 homo
819 4782 1011 4837 corpus
1055 4777 1300 4837 tanquam
1349 4767 1400 4820 in
1446 4765 1753 4820 famulatum
1777 4806 1792 4831 ,
1824 4767 1988 4821 Deum
2016 4777 2192 4824 autem

620 4858 902 4914 Dominum
934 4861 1130 4914 habens
1153 4901 1166 4924 ,
1210 4875 1419 4914 servum
1445 4873 1640 4927 corpus
1659 4899 1672 4920 ,
1718 4857 1918 4912 habens
1945 4874 2102 4928 supra
2132 4875 2194 4915 se

620 4950 980 5016 Conditorem,
1006 4951 1136 5004 infra
1163 4966 1222 5006 se
1247 4952 1385 5021 quod
1425 4951 1526 5005 sub
1555 4951 1643 5005 illo
1674 4949 1946 5004 conditum
1973 4960 2092 5016 est;
2139 4953 2192 5007 in

621 5043 797 5098 medio
837 5044 1062 5113 quodam
1106 5044 1223 5097 loco
1254 5044 1522 5098 rationalis
1551 5043 1724 5097 anima
1770 5043 2085 5110 constituta,
2114 5043 2193 5099 le-

616 5151 736 5206 gem
783 5138 1002 5205 accepit.
1053 5136 1254 5191 haerere
1300 5136 1594 5206 superiori,
1641 5149 1826 5204 regere
1865 5134 2187 5189 inferiorem.

621 5225 825 5294 [legere
852 5243 954 5280 non
981 5235 1158 5297 potest
1181 5229 1503 5288 inferiorem,
1529 5227 1628 5281 nisi
1655 5233 1868 5296 regatur
1890 5240 1921 5280 a
1947 5225 2186 5280 meliore.

616 5313 873 5371 Trahitur
899 5317 966 5370 ab
1008 5317 1285 5383 inferiore,
1313 5317 1547 5372 deseruit
1575 5332 1703 5386 ergo
1750 5315 2046 5370 meliorem.
2072 5314 2188 5371 Non

516 5465 550 5478 α,
617 5415 793 5476 potest
834 5422 1019 5476 regere
1057 5408 1195 5476 quod
1233 5408 1484 5478 regebat,
1525 5408 1645 5477 quia
1686 5407 1792 5476 regi
1834 5406 2055 5460 noluita
2085 5421 2190 5475 quo

613 5498 914 5569 regebatur.
945 5497 1103 5553 Modo
1135 5514 1262 5568 ergo
1293 5499 1476 5553 redeat
1497 5541 1511 5563 ,
1543 5497 1738 5553 laudet.
1769 5495 2058 5552 Consilium
2086 5497 2189 5552 sibi

677 5635 692 5697 ξ
729 5639 910 5697 Διηνθι
925 5632 1107 5696 aliquot
1125 5640 1248 5689 Mss"
1271 5629 1320 5697 in
1341 5630 1602 5697 anteriora.
1653 5688 1663 5697 ι
1921 5685 1933 5697 ⁸

677 5696 700 5762 ξ
730 5696 874 5762 Lugd.
903 5688 1038 5762 ven;
1052 5702 1224 5762 portas
1239 5688 1597 5762 desideriorum
1614 5688 1778 5762 plqgoa
2055 5749 2068 5762 D
2095 5694 2152 5759 Il.

678 5757 697 5820 ξ
730 5749 1036 5820 Erhiclegit
1052 5749 1178 5804 hunc
1200 5755 1353 5804 locum
1381 5769 1391 5802 :
1427 5768 1443 5799 (
1463 5749 1912 5820 o!liqa'ad"teipsam
1949 5749 2186 5811 quidquid

623 5813 692 5868 ibi
715 5817 832 5880 ﬁm’s
857 5813 1088 5880 placem,
1113 5827 1274 5881 φατι-ε
1295 5830 1431 5881 quem
1456 5813 1622 5865 habret
1647 5819 1904 5862 moverem.
1975 5819 2026 5858 Μ.

1886 386 1946 443 Β.
1985 385 2351 444 Αυςυετικι
2391 387 2694 446 ΕΡιδεοΗ

2357 520 2421 561 ex
2448 505 2564 560 luce
2596 507 2687 563 Dei
2716 508 2806 565 dat
2843 507 2954 580 ipsa
2981 511 3156 567 anima
3198 528 3290 584 per
3331 515 3634 574 rationalem
3658 532 3859 590 mentem,

2351 597 2491 652 unde
2519 600 2750 669 concipit
2777 603 3054 657 consilium
3086 607 3246 660 lixum
3276 609 3332 662 in
3365 611 3652 669 aeternitate
3676 622 3861 674 auctoris

2349 686 2456 740 sui.
2511 686 2660 758 Legit
2721 690 2788 744 ibi
2845 691 3094 760 quiddam
3151 695 3519 763 tremendum,
3570 699 3859 772 laudandum,

2349 778 2666 843 amandum,
2707 779 3109 838 desiderandum
3157 793 3211 840 et
3253 789 3605 858 appetendum
3637 810 3648 847 :
3675 795 3858 851 nondum

2350 875 2512 932 tenet,
2546 869 2780 924 nondum
2806 872 2977 940 capit;
3013 877 3381 931 coruscatione
3410 879 3626 948 quadam
3655 887 3859 951 perstrin-

2345 958 2514 1026 gitur,
2545 973 2648 1013 non
2679 967 2760 1014 est
2792 970 2895 1015 tam
2924 962 3093 1016 valida
3121 973 3177 1018 ut
3217 977 3433 1022 maneat
3473 968 3563 1024 ibi.
3591 970 3748 1041 Itaque
3769 978 3856 1032 col-

2347 1049 2461 1118 ligit
2506 1065 2564 1104 se
2607 1051 2670 1104 ad
2719 1053 2999 1108 sanitatem
3043 1057 3366 1128 quamdam,
3413 1068 3468 1116 ct
3511 1060 3662 1127 dicit.
3700 1064 3855 1136 Lauda,

2345 1141 2515 1193 anima
2544 1159 2674 1208 mea,
2704 1141 2997 1199 Dominum.

2417 1227 2470 1283 6.
2514 1231 2576 1284 Et
2614 1232 2737 1301 quid
2777 1243 2890 1298 est,
2933 1233 3166 1290 fratres?
3204 1236 3395 1296 Nonne
3433 1240 3691 1300 laudamus
3722 1246 3855 1303 Domi-

2344 1321 2516 1374 num?
2573 1337 2749 1376 nonne
2799 1325 3034 1393 quotidie
3086 1325 3338 1398 hymnum
3392 1345 3492 1384 nos
3545 1338 3854 1393 cantamus‘l

2345 1426 2521 1466 nomie
2550 1415 2785 1483 quotidie
2807 1431 2903 1485 pro
2929 1418 3142 1472 modulo
3172 1429 3359 1475 nostro
3383 1431 3537 1477 sonat
3563 1440 3620 1479 os
3645 1439 3851 1496 nostrum,

2344 1505 2566 1571 parturit
2594 1521 2689 1561 cor
2731 1518 2972 1564 nostrum
3019 1509 3199 1566 laudes
3230 1511 3382 1568 Dei?
3427 1513 3490 1568 Et
3519 1516 3636 1586 quid
3658 1523 3851 1589 estquod

2343 1595 2660 1650 laudamus?
2709 1597 2951 1669 Magnum
2997 1601 3246 1672 estquod
3290 1603 3601 1674 laudamus;
3645 1609 3851 1680 sedquod

2340 1685 2618 1741 laudamus
2665 1689 2839 1744 adhuc
2886 1690 3153 1746 infirmum
3185 1703 3290 1748 est.
3335 1694 3558 1762 Quando
3590 1699 3850 1770 intpletlau-

2339 1775 2492 1830 dator
2521 1778 2884 1833 excellentiam
2925 1781 3168 1837 laudati?
3211 1784 3352 1840 Ecce
3391 1785 3549 1842 homo
3569 1799 3847 1853 .5tat,cantat

2344 1866 2457 1922 Deo
2485 1870 2754 1939 aiiquanlo
2798 1873 3084 1942 prolixius,
3115 1885 3166 1930 et
3193 1891 3338 1946 smpe
3380 1879 3514 1934 labia
3544 1893 3783 1938 moventur
3799 1887 3846 1941 ad

2337 1967 2578 2022 Cautum,
2627 1961 2873 2030 Cogitatio
2914 1973 3089 2018 autem
3122 1980 3216 2034 per
3257 1969 3443 2023 nescio
3488 1985 3602 2040 qua:
3641 1971 3843 2029 desideria

2336 2049 2496 2102 volat.
2551 2049 2733 2105 St-tbat
2779 2067 2905 2122 ergo
2949 2069 3099 2110 mens
3147 2065 3331 2111 nostra
3377 2058 3600 2128 quodam
3640 2061 3769 2118 modo
3795 2064 3844 2118 ad

2336 2139 2544 2195 laudem
2569 2141 2684 2208 Dei,
2717 2151 2769 2196 et
2793 2145 2967 2198 anima
2999 2155 3176 2200 nostra
3211 2162 3310 2217 per
3336 2147 3568 2205 diversas
3593 2152 3842 2222 cupiditates

2334 2232 2415 2285 vel
2445 2247 2600 2286 curas
2629 2234 2955 2303 negotiorum
2986 2233 3086 2290 hac
3114 2245 3275 2307 atque
3317 2239 3439 2294 illac
3467 2240 3698 2296 fluitabat.
3721 2242 3841 2310 Quasi

2333 2323 2560 2393 desuper
2598 2325 2820 2380 attendit
2864 2327 2976 2395 ipsa
3021 2343 3170 2383 mens
3213 2329 3282 2384 ad
3309 2331 3595 2388 ﬂuitantem
3622 2335 3702 2388 lac
3725 2346 3839 2404 atque

2332 2413 2484 2480 illac,
2517 2424 2570 2469 et
2594 2415 2708 2485 ejus
2737 2417 3150 2486 inquietudinem
3181 2420 3547 2490 molestiarum
3585 2427 3714 2493 quasi
3743 2439 3837 2479 con-

2331 2520 2424 2558 ver
2453 2521 2483 2559 a
2509 2506 2796 2575 alloquitur
2822 2526 2835 2561 :
2865 2506 3064 2574 Lauda,
3087 2510 3258 2564 anima
3285 2529 3419 2577 mea,
3449 2511 3714 2567 Dominum.
3737 2513 3834 2582 Quid

2331 2605 2406 2649 est
2452 2595 2590 2665 quod
2636 2597 2701 2651 de
2743 2597 2859 2652 aliis
2902 2598 3060 2653 rebus
3099 2601 3348 2670 satagis?
3391 2603 3512 2673 quid
3554 2605 3769 2674 estquod
3800 2616 3834 2660 to

2329 2695 2551 2755 occupat
2596 2702 2722 2742 cura
2753 2704 2928 2742 rerum
2980 2699 3313 2744 terrenarum
3360 2700 3514 2762 atque
3556 2694 3831 2748 mortalium?

2329 2775 2416 2831 Sta
2465 2794 2704 2846 mecum,
2740 2779 2896 2834 lauda
2928 2780 3228 2835 Dominum.
3278 2783 3350 2838 Et
3392 2785 3535 2853 quasi
3578 2786 3675 2855 ipsa
3703 2788 3829 2838 anima

2329 2881 2652 2941 prmgravata
2673 2914 2686 2937 ,
2723 2880 2904 2926 etnon
2934 2873 3114 2928 valens
3158 2875 3226 2930 ita
3270 2879 3560 2934 consistere
3592 2889 3641 2933 ut
3665 2879 3826 2948 dignum

2326 2975 2426 3027 est,
2457 2965 2742 3035 respondet
2766 2967 2926 3020 menti
2961 2981 2975 3020 :
2998 2965 3241 3022 Laudabo
3266 2967 3542 3024 Dominum
3565 2971 3712 3024 inrita
3734 2986 3826 3022 mea.

2326 3056 2460 3124 Quid
2485 3066 2586 3124 est,
2609 3059 2661 3110 in
2688 3059 2787 3112 vita
2812 3074 2921 3110 utea
2938 3059 2964 3112 1’
2991 3059 3122 3128 Quia
3148 3061 3311 3115 modo
3342 3063 3392 3116 in
3422 3072 3579 3118 morte
3603 3079 3702 3117 mea
3722 3077 3824 3116 sum.

2324 3145 2466 3216 Ergo
2493 3147 2636 3214 prius
2667 3146 2949 3203 exhortare
2981 3157 3063 3215 te,
3096 3158 3150 3204 et
3177 3149 3260 3204 dic
3279 3192 3296 3217 ,
3325 3149 3502 3205 Lauda
3520 3192 3534 3217 ,
3562 3152 3706 3204 anima
3728 3167 3824 3215 mea.

2323 3235 2618 3291 Dominum.
2651 3237 2958 3306 ReSpondct
3004 3239 3092 3294 tibi
3136 3241 3316 3296 anima
3359 3250 3441 3295 tua
3473 3261 3484 3297 :
3515 3241 3672 3298 Laudo
3696 3256 3820 3310 quan-

2322 3337 2429 3382 ttun
2462 3343 2674 3398 possum
2701 3371 2715 3396 ,
2749 3329 3011 3396 tenuiter,
3039 3331 3284 3399 exiliter,
3330 3328 3613 3387 infirmiter.
3655 3330 3820 3396 Quare?

2319 3419 2451 3487 Quia
2497 3417 2746 3488 quamdiu
2792 3433 2974 3474 smnus
3021 3419 3073 3474 in
3115 3435 3383 3490 corpore,
3425 3424 3769 3492 peregrinantur
3795 3433 3819 3470 ε

2320 3509 2543 3565 Domino
2573 3509 2652 3582 (ll
2676 3509 2793 3564 Cor.
2821 3525 2882 3569 v,
2910 3507 3002 3578 6).
3032 3509 3207 3577 Quare
3243 3511 3327 3568 sic
3370 3512 3546 3567 laudas
3580 3510 3812 3571 Dominum,

2318 3616 2422 3655 non
2454 3601 2707 3671 perfecte,
2749 3616 2854 3655 non
2880 3601 3184 3655 stabiliter?
3227 3601 3494 3674 Interroga
3520 3601 3808 3670 Scripturam:

2314 3691 2445 3760 Quia
2490 3709 2670 3763 corpus
2699 3692 2834 3762 quod
2872 3694 3211 3763 corrumpitur
3232 3735 3247 3759 ,
3274 3703 3515 3765 aggrarat
3549 3693 3752 3751 animum,
3774 3695 3811 3737 et

2313 3783 2545 3851 deprimit
2574 3793 2771 3837 terrena
2811 3783 3104 3837 in/tabitalio
3147 3801 3354 3838 sensum
3391 3785 3541 3837 multa
3577 3783 3817 3851 cogitant?”

2311 3872 2464 3945 (Sap.
2493 3889 2544 3928 tx
2563 3916 2578 3940 ,
2605 3875 2728 3944 15).
2759 3873 2907 3928 Tolle
2937 3874 3065 3928 mihi
3096 3889 3290 3944 corpus
3332 3876 3468 3946 quod
3498 3879 3704 3945 aggravat
3725 3867 3801 3920 ani-

2311 3980 2472 4026 mam,
2504 3975 2558 4019 et
2586 3964 2743 4018 laudo
2774 3965 3052 4018 Dominum
3085 3981 3100 4029 ;
3129 3966 3255 4020 tolle
3283 3965 3416 4020 mihi
3446 3973 3676 4020 terrenam
3699 3955 3806 4011 Ιιεὺί·

2310 4058 2563 4112 tationem
2593 4056 2977 4125 deprimentem
3005 4070 3219 4110 sensum
3252 4059 3420 4112 multa
3447 4055 3742 4125 cogitantem,
3766 4056 3804 4096 nt

2305 4165 2335 4204 a
2375 4151 2555 4204 multis
2585 4149 2655 4204 in
2705 4149 2871 4203 unum
2917 4149 3202 4215 coofluam,
3249 4158 3308 4203 et
3355 4149 3504 4203 laudo
3545 4143 3800 4199 Dominum:

2305 4243 2553 4314 quamdiu
2598 4252 2772 4298 autem
2815 4243 2891 4296 ita
2929 4257 3080 4306 sum,
3115 4257 3219 4295 non
3263 4256 3510 4310 possum,
3549 4243 3801 4328 pragmat-

2303 4335 2439 4403 Quid
2469 4335 2642 4403 ergo?
2687 4333 2870 4388 silebis
2891 4375 2904 4398 ,
2936 4343 2990 4388 et
3019 4348 3123 4386 non
3166 4332 3406 4386 laudabis
3434 4328 3642 4402 perfecte
3666 4324 3802 4376 Domi-

2303 4428 2473 4482 num?
2495 4424 2736 4480 Laudabo
2766 4424 3040 4478 Dominum
3064 4425 3118 4478 in
3143 4425 3243 4478 vita
3271 4441 3402 4478 mea.

2373 4520 2424 4573 7.
2467 4518 2602 4587 Quid
2631 4527 2734 4584 est,
2764 4518 2817 4571 in
2845 4518 2945 4571 vita
2975 4518 3127 4571 mea?
3154 4518 3284 4587 Spes
3318 4532 3425 4570 mea
3449 4523 3498 4567 tu
3523 4529 3571 4567 es
3594 4509 3680 4563 hic.

2301 4627 2411 4664 mea
2441 4627 2492 4665 es
2520 4619 2574 4662 tu
2603 4608 2689 4662 hic
2710 4650 2722 4672 .
2755 4607 2980 4662 dicimus
3008 4625 3022 4660 :
3051 4608 3212 4676 portio
3240 4615 3416 4660 autem
3461 4618 3561 4656 mea
3600 4611 3684 4650 non
3719 4591 3795 4650 hic,

2299 4702 2391 4758 sed
2423 4702 2476 4754 in
2501 4710 2633 4754 terra
2662 4700 2924 4754 viventium
2952 4696 3121 4767 (Psal.
3150 4712 3266 4752 cht
3284 4738 3298 4763 ,
3325 4694 3409 4767 6).
3442 4693 3558 4748 Nam
3584 4690 3665 4742 ista
3691 4690 3796 4735 terra

2299 4793 2633 4848 morientimn
2679 4800 2762 4844 est
2791 4805 2805 4840 :
2837 4790 2958 4842 hinc
2996 4789 3318 4843 transimus:
3353 4786 3441 4840 sed
3480 4784 3672 4837 interest
3701 4783 3792 4840 qu"-

2298 4882 2558 4952 Quoniam
2590 4890 2644 4936 et
2672 4880 2842 4934 malus
2881 4879 3045 4932 homo
3072 4877 3434 4947 peregrinatur
3467 4871 3575 4934 hic,
3602 4863 3794 4964 θιιξθηυξ

2298 4976 2460 5030 homo
2489 4973 2853 5044 peregrinatur
2882 4971 2987 5024 hic.
3035 4970 3148 5024 Non
3192 4970 3332 5025 enim
3362 4968 3520 5021 bonus
3555 4953 3794 5045 "ausim-cl

2297 5068 2466 5124 malus
2489 5037 2581 5119 hic
2607 5037 2915 5134 permanet;
2946 5067 3038 5114 aut
3065 5060 3232 5114 malus
3259 5057 3440 5112 transit
3457 5097 3472 5119 ,
3496 5058 3546 5106 et
3568 5049 3710 5101 bonus
3728 5037 3794 5090 hic

2298 5167 2574 5230 permanet
2602 5175 2613 5210 :
2643 5155 2800 5209 ambo
2826 5161 3122 5217 transeunt,
3153 5151 3244 5206 sed
3271 5166 3370 5203 non
3399 5146 3545 5201 ambo
3570 5137 3627 5193 ad
3649 5141 3791 5230 uniti!!-

2295 5218 2412 5303 Duo
2440 5256 2588 5302 erant
2617 5262 2632 5310 ;
2675 5259 2872 5314 pauper
2901 5242 3169 5296 ulcerosus
3193 5241 3256 5294 ad
3289 5240 3491 5310 ianua!"
3512 5233 3672 5324 Ῑίιοθξξθ
3691 5218 3788 5324 άίξν

2297 5341 2384 5407 tis,
2409 5349 2462 5394 et
2486 5340 2632 5392 dives
2664 5335 2876 5390 indutus
2907 5349 3136 5404 purpura
3165 5341 3218 5387 et
3250 5332 3418 5401 bysso,
3447 5326 3492 5378 in
3519 5316 3666 5388 epulis
3685 5317 3786 5407 σιυίξ·

2296 5406 2422 5489 tidie
2449 5430 2740 5502 splendidis
2766 5446 2778 5482 :
2808 5428 2965 5482 ambo
3011 5426 3098 5480 hic
3140 5433 3316 5481 erant.
3345 5417 3498 5474 ambo
3522 5411 3629 5465 hinc
3649 5406 3788 5502 Ira":-

2295 5497 2498 5587 ierunt,
2525 5521 2619 5576 sed
2665 5535 2769 5574 non
2797 5518 2864 5574 ad
2891 5533 3052 5572 unum
3076 5517 3248 5571 locum
3275 5532 3288 5579 ;
3319 5511 3512 5566 diversa
3540 5502 3638 5599 Ιςξοα

2293 5616 2464 5689 piunt,
2486 5584 2610 5685 quia
2633 5611 2836 5667 diversa
2860 5609 3048 5666 merita
3070 5607 3375 5680 perducunt.
3400 5590 3608 5653 Transiit
3629 5584 3789 5653 Pa"?er

3606 5709 3784 5775 hymnum

2357 5750 2373 5781 ι
2409 5744 2625 5796 Konnulli
2663 5751 2790 5799 Mss.
2830 5738 3039 5804 quotidie
3073 5751 3157 5789 nos
3197 5740 3445 5788 canamus.
3476 5723 3566 5780 Alii:

2295 5819 2557 5864 contortus.
2589 5815 2633 5854 [ι
2661 5807 2871 5868 quidam,
2895 5804 3089 5865 hymnos
3107 5809 3361 5850 Γρηιργηηδ,
