4084 6452
246 395 418 453 1880

250 508 321 559 in
365 507 537 561 sinuin
564 499 790 560 Abrahae
813 540 827 568 ,
861 506 916 555 et
958 495 1164 554 transiit
1200 493 1348 549 dives
1379 492 1428 548 in
1461 500 1726 547 tormenta
1763 490 1847 545 iu-

254 596 537 650 ferorum.
572 592 740 647 Vicini
771 604 997 660 corpore
1036 587 1089 641 in
1121 596 1301 651 terra;
1334 583 1423 637 ille
1453 583 1503 635 in
1533 581 1693 635 domo
1718 620 1732 644 ,
1765 578 1853 632 ille

252 699 404 740 ante
426 686 642 755 januam
674 700 687 736 :
718 690 835 751 post
868 686 1097 733 mortem
1128 684 1327 729 tantum
1353 669 1602 742 separati,
1632 678 1687 721 ut
1716 666 1856 720 dicat

256 776 572 838 Abraham,
604 770 745 825 Inter
788 786 877 823 nos
918 778 963 821 et
1005 783 1088 820 vos
1130 766 1281 819 chaos
1321 777 1556 833 magnum
1601 759 1857 827 ﬁrmatam

256 879 351 919 (si
381 863 527 935 (Luc.
560 877 668 927 xvi,
704 859 920 928 l9-26).
964 858 1139 925 Ergo,
1180 854 1403 917 fratres,
1445 850 1692 921 quoniam
1734 861 1858 916 spes

258 955 370 1010 hic
401 954 589 1025 pascit,
627 953 729 1005 vita
774 962 948 1005 autem
991 958 1170 1002 nostra
1201 945 1430 1015 perlecta
1473 958 1575 997 non
1618 950 1717 1006 est,
1759 939 1859 993 nisi

260 1049 372 1103 illa
406 1062 529 1117 qum
571 1044 932 1114 promittitur;
978 1041 1064 1094 hic
1093 1040 1340 1109 gemitus,
1389 1036 1474 1090 hic
1520 1034 1856 1094 tentationes,

265 1137 372 1194 hic
415 1136 694 1208 angustim,
722 1134 806 1189 hic
851 1146 1108 1187 mucrores
1128 1172 1142 1195 ,
1190 1130 1274 1183 hic
1304 1126 1550 1201 pericula
1581 1144 1593 1179 :
1626 1123 1860 1179 laudabit

262 1231 461 1284 anima
500 1238 682 1282 nostra
709 1226 986 1280 Dominum
1016 1221 1290 1292 quomodo
1318 1218 1609 1274 laudandus
1635 1226 1746 1281 est,
1775 1230 1862 1270 se-

264 1320 517 1376 cundum
539 1319 680 1390 quod
703 1319 896 1372 dicitur
918 1317 971 1370 in
997 1316 1100 1368 alio
1124 1316 1347 1384 psalmo,
1371 1312 1512 1365 Beati
1533 1312 1615 1380 qui
1641 1310 1865 1363 habitant

266 1412 337 1464 in
370 1411 523 1464 domo
551 1419 668 1475 tua,
698 1409 748 1461 in
786 1407 975 1461 swculu
996 1406 1294 1458 swculorum
1317 1401 1595 1456 laudabunt
1623 1411 1668 1453 te
1692 1399 1863 1471 (l’sal.

276 1514 516 1563 Lxxxut,
543 1498 653 1568 5);
702 1495 911 1567 quando
953 1503 1117 1549 totum
1166 1493 1431 1563 negotium
1473 1500 1712 1544 nostrum
1756 1490 1864 1558 ipsa

267 1591 407 1646 laus
436 1591 556 1645 erit.
587 1590 689 1645 Sed
733 1587 946 1658 quando
986 1585 1127 1641 hoc?
1155 1584 1221 1639 In
1250 1586 1350 1639 vita
1374 1601 1503 1637 mea.
1535 1582 1688 1637 Modo
1726 1582 1867 1635 enim

272 1683 417 1754 quid
448 1682 574 1737 est?
623 1682 808 1736 Posset
835 1680 926 1733 tibi
957 1679 1154 1742 dicere,
1197 1677 1335 1731 Mors
1370 1691 1506 1729 mea.
1551 1674 1698 1729 Unde
1726 1688 1869 1727 mors

275 1773 427 1827 tua?
455 1772 588 1838 Quia
618 1771 928 1840 pert-grinor
956 1784 987 1823 a
1016 1769 1258 1823 Domino.
1285 1767 1339 1821 Si
1367 1767 1506 1820 enim
1534 1764 1740 1819 haerere
1771 1765 1867 1830 illi,

278 1866 397 1919 vita
426 1873 543 1927 est;
572 1862 820 1921 recedere
845 1861 911 1915 ab
936 1860 1053 1921 illo,
1084 1868 1347 1933 morsest.
1376 1858 1478 1912 Sed
1505 1856 1629 1926 quid
1669 1866 1717 1908 te
1744 1871 1874 1909 con-

282 1956 539 2013 solatur?
563 1955 715 2024 Spes.
745 1953 860 2009 Jam
888 1953 1019 2007 vivis
1046 1953 1099 2006 in
1124 1967 1256 2021 spe;
1286 1950 1353 2005 de
1376 1966 1467 2018 spe
1489 1949 1663 2009 lamla,
1688 1947 1754 2002 de
1778 1962 1873 2015 spe

278 2058 471 2103 canta.
501 2046 653 2103 Unde
691 2061 835 2099 mors
880 2054 965 2099 tua
1008 2053 1089 2098 cst
1134 2059 1236 2096 non
1279 2051 1495 2105 cantes;
1543 2040 1682 2093 unde
1720 2040 1871 2104 vivis,

278 2148 477 2195 canta.
507 2138 647 2193 Mors
674 2147 758 2192 tua
787 2145 869 2191 est
896 2136 963 2193 de
989 2150 1217 2191 maerore
1248 2133 1405 2203 hujus
1430 2133 1633 2196 smculi,
1659 2133 1789 2185 vivis
1822 2133 1871 2183 iu

282 2246 394 2300 spe
425 2230 606 2284 saeculi
637 2229 816 2283 luluri.
848 2227 1089 2281 Laudabo
1115 2268 1129 2293 ,
1160 2226 1328 2296 inquit
1348 2266 1362 2292 ,
1391 2222 1663 2277 Domiuunt
1700 2224 1750 2275 in
1780 2223 1876 2275 vita

282 2337 346 2374 ηι
351 2337 411 2373 ea
416 2360 433 2374 .

371 2415 431 2470 8.
471 2415 538 2469 ΕΙ.
567 2414 830 2484 quomodo
856 2412 1094 2468 laudabis
1125 2413 1398 2467 Dominum
1431 2410 1614 2464 tuum?
1655 2410 1876 2463 Psallam

284 2503 413 2559 Deo
440 2520 547 2557 meo
584 2504 825 2573 quamdiu
850 2520 981 2557 sum.
1029 2502 1210 2569 Qualis
1253 2503 1336 2555 illa
1368 2502 1617 2563 laudatio,
1653 2500 1878 2553 Psallam

286 2593 413 2647 Deo
451 2609 561 2647 meo
589 2592 1018 2663 quamdiu'sum?
1063 2592 1268 2654 Videte,
1315 2592 1527 2645 Fratres
1564 2592 1687 2656 mei,
1727 2590 1880 2659 quale

283 2681 408 2736 erit
437 2680 561 2735 illud
589 2696 729 2736 esse.
768 2682 866 2737 Ubi
906 2681 1227 2750 sempiterna
1269 2680 1496 2733 laudatio
1526 2680 1624 2733 erit
1645 2721 1657 2741 ,
1682 2680 1879 2749 sempi-

291 2778 518 2825 ternum
541 2786 659 2825 esse
681 2770 801 2826 erit.
832 2771 967 2825 Ecce
990 2770 1146 2824 modo
1171 2786 1260 2834 es;
1290 2768 1538 2839 numquid
1570 2770 1746 2837 psaltis
1777 2772 1882 2824 Deo

295 2871 402 2915 tuo
429 2861 675 2931 quamdiu
700 2861 803 2917 es?
835 2862 968 2916 Ecce
1000 2861 1294 2930 psallebas;
1336 2860 1572 2913 avertisti
1609 2871 1658 2915 te
1688 2860 1753 2914 ad
1782 2862 1920 2914 ali-’

290 2954 448 3025 quod
481 2956 767 3025 negotium,
812 2954 920 3023 jam
968 2970 1071 3008 non
1103 2955 1297 3024 psaltis,
1343 2964 1395 3007 et
1432 2970 1490 3007 es
1517 2972 1529 3008 :
1558 2970 1682 3008 ecce
1708 2969 1798 3017 es,
1832 2962 1883 3008 et

293 3062 414 3101 non
452 3048 661 3117 psallis.
688 3047 952 3101 Fortassis
988 3046 1149 3101 etiam
1190 3046 1474 3114 cupiditate
1512 3047 1792 3100 inclinatus
1818 3045 1883 3099 ad

288 3136 509 3207 aliquid
529 3180 543 3203 ,
570 3154 673 3191 non
701 3138 872 3192 solum
914 3152 1016 3190 non
1060 3137 1260 3205 psallis,
1290 3137 1381 3190 sed
1408 3145 1460 3189 et
1485 3136 1707 3190 oil‘eudis
1732 3135 1883 3189 audi-

300 3236 422 3281 lum
456 3227 609 3296 ejus;
643 3238 695 3283 et
725 3242 782 3281 es
814 3238 1009 3280 tamen.
1053 3226 1181 3294 Quin
1224 3229 1323 3281 erit
1369 3228 1451 3280 illa
1500 3228 1763 3288 laudatio,
1799 3227 1884 3280 ubi

294 3318 563 3387 quamdiu
604 3333 661 3372 es
707 3316 932 3372 laudes?
977 3317 1082 3371 Sed
1127 3317 1248 3385 quid
1298 3317 1399 3381 ait,
1448 3317 1687 3385 quamdiu
1732 3316 1887 3369 sum?

302 3408 614 3478 Aliquando
652 3406 791 3462 forte
832 3423 935 3460 non
976 3407 1120 3460 erit?
1164 3406 1273 3461 lmo
1299 3417 1551 3459 aeternum
1589 3409 1689 3460 erit
1718 3409 1884 3475 ἰρδιιηι

316 3500 437 3567 diu,
465 3508 518 3554 et
548 3498 665 3553 ideo
692 3514 814 3552 vere
839 3497 928 3552 diu
957 3500 1076 3551 erit.
1121 3497 1249 3551 Natu
1273 3497 1521 3565 quidquid
1548 3498 1703 3549 tinem
1731 3496 1887 3549 habet

308 3593 369 3646 in
402 3601 664 3661 tempore,
690 3591 983 3659 quamlibet
1009 3591 1220 3658 longum
1244 3590 1330 3653 sit,
1354 3589 1444 3642 diu
1476 3604 1578 3641 non
1604 3600 1704 3642 est.
1737 3587 1888 3641 Psal-

314 3685 417 3738 lam
445 3683 553 3737 Deo
584 3700 690 3737 meo
718 3682 957 3747 quamdiu
984 3699 1116 3735 sunt.

385 3774 442 3829 9.
486 3774 698 3828 Interim
744 3774 902 3837 bene,
949 3771 1185 3825 laudabis
1214 3771 1491 3824 Domiutnn
1536 3770 1586 3822 in
1626 3770 1728 3822 vita
1775 3779 1884 3833 tua,

316 3865 498 3938 psallis
539 3865 607 3919 de
652 3864 827 3918 futuro
856 3864 962 3917 Deo
1004 3874 1094 3917 tuo
1129 3862 1377 3933 quamdiu
1405 3878 1482 3915 es.
1531 3862 1669 3915 Bene
1697 3877 1709 3912 :
1741 3861 1890 3930 quid-

314 3958 442 4027 quid
487 3957 572 4011 hic
599 3954 1023 4025 praesumendum
1054 3964 1153 4021 est,
1196 3954 1261 4007 de
1300 3954 1387 4007 illo
1419 3967 1595 4021 spera.
1638 3950 1752 4004 Non
1795 3964 1890 4002 nos

316 4047 533 4102 deserat
556 4060 679 4114 spes
708 4046 760 4098 in
787 4045 887 4098 ista
928 4044 1347 4114 peregrinatione
1388 4052 1440 4097 et
1481 4042 1790 4105 leutatione,
1839 4042 1889 4095 in

314 4139 435 4193 istis
456 4137 882 4207 improbitatibus
902 4147 955 4191 et
977 4136 1178 4190 insidiis
1204 4135 1423 4198 inimici,
1448 4136 1892 4202 circumstrepen-

318 4232 462 4285 tibus
487 4228 719 4298 undique
751 4228 1129 4282 tentationibus
1153 4227 1363 4292 Stccuii,
1391 4225 1622 4293 undique
1663 4225 1713 4277 in
1744 4225 1890 4277 Iabo-
1935 4253 1943 4261 -

314 4321 470 4375 ribus
500 4327 550 4373 et
581 4318 866 4388 angorLbus
905 4318 1238 4371 constitutos.
1271 4316 1405 4382 Quid
1437 4328 1563 4383 ergo
1601 4313 1893 4368 faciemus?

316 4410 457 4465 Audi
496 4410 620 4480 quid
666 4416 915 4479 sequatur
958 4425 971 4461 :
1014 4405 1189 4461 Nolite
1230 4405 1481 4474 conﬁdere
1523 4405 1576 4457 in
1621 4404 1891 4474 principes.

317 4500 572 4566 Fratres,
618 4513 865 4568 maguum
914 4498 1178 4565 negotium
1224 4494 1309 4549 hic
1346 4495 1674 4563 accipimus;
1717 4492 1893 4547 divina

320 4608 423 4647 vox
451 4600 566 4658 est,
593 4601 647 4646 et
683 4591 912 4660 desuper
951 4598 1105 4643 sonat
1142 4587 1313 4642 nobis.
1356 4586 1509 4640 Modo
1536 4587 1676 4640 enim
1718 4587 1896 4640 nescio

316 4700 425 4755 qua
452 4685 764 4738 inﬁrmitate
789 4683 964 4736 anima
1006 4680 1232 4734 humana
1254 4721 1269 4746 ,
1298 4678 1510 4749 quando
1538 4676 1697 4731 fuerit
1728 4678 1896 4731 tribu-

322 4778 430 4831 lata
450 4816 462 4838 ,
493 4775 579 4829 hic
616 4774 863 4843 desperat
901 4773 967 4827 de
998 4772 1238 4833 Domino,
1269 4779 1323 4824 et
1347 4770 1455 4823 vult
1484 4784 1807 4837 praesumere
1832 4768 1898 4822 de

321 4869 560 4923 homine.
604 4868 820 4922 Dicatur
848 4864 1047 4920 homini
1085 4865 1136 4917 in
1167 4862 1451 4916 afﬂictione
1490 4861 1661 4931 aliqua
1696 4860 1897 4915 consti-

323 4970 460 5025 tuto,
508 4960 600 5013 Est
642 4958 855 5028 quidam
899 4956 1059 5009 homo
1102 4970 1348 5023 magnus,
1392 4968 1489 5023 per
1529 4967 1685 5020 quem
1730 4951 1899 5020 possis

321 5050 576 5107 liberari:
601 5049 821 5113 arridet,
839 5046 1051 5116 gaudet,
1075 5045 1313 5114 erigitur.
1334 5043 1483 5109 Quod
1507 5043 1548 5095 si
1571 5042 1775 5095 dicatur
1798 5040 1894 5107 illi,

322 5142 540 5198 Liberat
562 5152 611 5195 te
634 5140 775 5195 Deus
800 5158 813 5193 :
837 5140 984 5209 quasi
1008 5136 1378 5206 desperatione
1399 5134 1651 5203 frigescit.
1678 5133 1900 5187 Promit-

324 5236 455 5290 titur
471 5233 724 5288 auxilium
750 5230 1004 5293 mortalis,
1027 5239 1079 5283 et
1099 5228 1331 5297 gaudes:
1354 5227 1678 5294 promittitur
1696 5226 1903 5279 immoro

326 5325 479 5387 talis,
511 5332 565 5378 et
603 5323 767 5377 tristis
807 5322 903 5375 es!
948 5318 1278 5376 Promittitur
1325 5317 1415 5370 tibi
1446 5316 1583 5386 quod
1624 5316 1815 5370 liberet
1852 5324 1902 5370 te

324 5425 501 5471 tecum
537 5411 872 5477 liberandus,
904 5422 957 5466 et
998 5420 1245 5478 tanquam
1285 5407 1463 5475 aliquo
1493 5420 1681 5474 magno
1707 5405 1903 5459 auxilio

324 5507 565 5564 exsultas
592 5524 603 5559 :
629 5504 952 5576 promittitur
974 5502 1060 5555 ille
1088 5500 1337 5554 liberator
1363 5499 1450 5567 qui
1489 5497 1775 5551 liberatore
1798 5510 1902 5553 non

322 5599 565 5669 indiget,
593 5608 647 5653 et
673 5597 820 5668 quasi
865 5595 933 5650 ad
976 5594 1219 5648 tabellam
1263 5591 1535 5660 desperas.
1587 5589 1678 5642 Vae
1715 5589 1904 5643 talibus

312 5690 769 5763 cogitationibus;
814 5689 968 5757 longe
1012 5686 1413 5757 peregrinantur
1440 5686 1495 5738 ιε
1542 5697 1667 5738 vere
1710 5682 1902 5736 misera

388 5808 407 5839 ‘
443 5804 607 5856 Plures
624 5810 753 5865 Mss,
777 5799 1119 5865 peregrinatur.

1378 379 1768 438 INARRATIO
1810 378 1870 443 IX
1913 374 2226 433 PSALMUM
2268 376 2465 431 CXLV.

3397 373 3535 433 1890

1964 496 2018 542 et
2044 502 2228 557 magna
2259 502 2404 543 mors
2427 488 2476 543 in
2502 487 2599 542 eis.
2628 485 3003 557 Appropinqua
3024 526 3039 556 ,
3068 484 3242 557 incipe
3264 485 3537 545 desidera-

1967 592 2025 630 re
2048 617 2062 639 ,
2093 577 2265 646 incipe
2289 592 2529 644 quaerere
2558 584 2611 630 et
2635 591 2921 646 agnoscere
2943 592 3061 631 eum
3083 591 3112 629 a
3139 592 3246 647 quo
3269 577 3436 631 lactus
3461 590 3538 630 es.

1964 665 2079 719 Non
2110 668 2251 721 enim
2282 666 2492 721 deseret
2517 682 2649 736 opus
2680 682 2872 733 suum,
2917 668 2961 720 si
2997 667 3063 721 ab
3104 683 3266 737 opere
3300 682 3399 721 suo
3438 683 3545 721 nou

1967 753 2259 807 deseratur.
2289 754 2550 809 Converte
2578 771 2705 825 ergo
2734 766 2785 810 te
2810 756 2874 810 ad
2906 756 3050 809 illum
3081 757 3164 810 cui
3192 757 3323 811 dicis
3346 796 3361 822 ,
3406 755 3541 811 Lau-

1967 844 2097 897 dabo
2125 843 2395 898 Dominunt
2420 848 2471 898 in
2494 846 2592 899 vita
2614 862 2723 899 mea
2747 888 2761 909 ,
2790 846 3004 915 psallam
3029 845 3138 899 Deo
3168 862 3274 900 meo
3303 847 3547 915 quamdiu

1968 950 2100 989 smn.
2133 934 2310 988 Monet
2336 936 2476 989 enim
2504 950 2600 988 nos
2626 935 2733 1002 jam
2760 935 3003 1004 impletus
3033 945 3177 988 tanto
3199 936 3382 1003 spiritu
3412 937 3510 990 iste
3532 975 3548 1000 ,

1969 1034 2023 1079 et
2049 1025 2176 1080 dicit
2203 1025 2352 1094 quasi
2382 1026 2535 1094 longe
2564 1026 2778 1079 remotis
2805 1067 2819 1090 ,
2867 1035 2920 1079 et
2961 1025 3115 1095 longe
3161 1026 3543 1094 peregrinanti-

1969 1115 2107 1181 bus,
2137 1125 2320 1170 etnon
2360 1117 2530 1170 solum
2580 1117 2744 1169 Deum
2793 1130 2896 1169 non
2941 1116 3238 1170 volentibus
3286 1116 3541 1180 laudare,

1970 1206 2063 1259 sed
2094 1206 2325 1260 nondum
2353 1208 2435 1261 vel
2462 1207 2529 1262 de
2550 1208 2656 1261 Deo
2678 1208 3010 1276 sperantibus
3035 1224 3048 1261 :
3086 1205 3258 1259 Nolite
3295 1208 3549 1275 conﬁdere

1969 1296 2023 1348 in
2051 1296 2336 1365 principes,
2376 1298 2509 1351 etin
2550 1297 2683 1365 ﬁlios
2726 1298 3020 1360 hominum,
3068 1297 3242 1366 quibus
3274 1298 3289 1329 ⁸
3334 1314 3435 1349 non
3478 1307 3554 1351 est

1970 1385 2127 1439 salus.
2161 1384 2215 1438 lu
2249 1402 2352 1441 uno
2380 1387 2486 1440 ﬁlio
2516 1387 2746 1441 hominis
2772 1390 2947 1452 salus;
2977 1396 3029 1441 et
3057 1389 3106 1441 in
3131 1389 3245 1456 ipso
3287 1403 3392 1442 non
3430 1389 3552 1458 quia

1975 1478 2113 1530 ﬁlius
2143 1476 2374 1531 hominis
2398 1518 2412 1543 ,
2444 1479 2535 1532 sed
2564 1480 2680 1547 quia
2716 1478 2793 1532 [εει
2817 1494 2876 1533 us
2924 1476 3053 1543 Dei;
3096 1495 3199 1531 nun
3242 1489 3456 1547 prOptcr
3506 1479 3557 1532 id

1974 1568 2113 1637 quod
2146 1569 2380 1637 suscepit
2408 1585 2471 1622 ex
2500 1576 2551 1622 te
2576 1609 2589 1631 ,
2620 1569 2712 1623 sed
2740 1579 2957 1638 propter
2986 1567 3033 1621 id
3065 1568 3202 1637 quod
3232 1571 3459 1622 servavit
3506 1570 3556 1623 in

1976 1672 2057 1711 se.
2094 1659 2229 1727 Ergo
2258 1658 2309 1712 in
2342 1659 2486 1711 nullo
2515 1659 2727 1712 homine
2755 1660 2899 1713 salus
2930 1659 3085 1728 :quia
3127 1668 3179 1712 et
3211 1660 3262 1712 in
3312 1659 3400 1711 ilio
3440 1658 3558 1712 ideo

1976 1747 2117 1800 salus
2143 1788 2157 1811 ,
2191 1749 2312 1817 quia
2345 1749 2480 1801 Deus
2507 1790 2520 1813 ,
2545 1750 2629 1817 qui
2658 1758 2730 1801 est
2756 1765 2905 1815 super
2928 1749 3095 1800 omnia
3115 1748 3253 1801 Deus
3275 1749 3559 1802 benedictus

1978 1839 2028 1891 in
2055 1839 2260 1892 swcula.
2294 1840 2368 1894 De
2391 1840 2602 1893 Christo
2628 1839 2824 1893 dictum
2851 1847 2933 1893 est
2961 1858 2972 1891 :
3008 1839 3089 1893 Ea:
3120 1841 3299 1909 quibus
3333 1840 3561 1896 Christus

1978 1930 2251 1982 secundum
2306 1947 2508 1983 carnem
2557 1929 2749 2000 (Rom.
2796 1946 2883 1989 Ix.
2930 1930 3023 1998 5).
3082 1931 3158 1984 Ex
3205 1930 3439 2000 quibus?
3486 1932 3563 1986 Et

1977 2019 2176 2075 Judwis
2199 2061 2214 2087 ,
2247 2036 2309 2075 ex
2342 2021 2574 2090 patribus
2601 2020 2829 2076 Christus
2871 2023 3146 2075 secundum
3186 2038 3429 2076 carnem:
3468 2023 3563 2078 sed

1977 2113 2233 2181 numquid
2263 2116 2362 2167 hoc
2396 2123 2557 2166 totum
2585 2113 2828 2166 Christus
2852 2154 2865 2175 ,
2916 2112 3056 2182 quod
3099 2114 3389 2167 secundum
3439 2130 3561 2167 car-

1980 2204 2147 2258 nem?
2178 2204 2289 2257 Non
2322 2222 2335 2257 :
2366 2220 2537 2274 neque
2566 2206 2705 2257 cnim
2737 2204 3024 2258 secundum
3073 2219 3285 2259 carnem
3336 2205 3387 2259 id
3441 2214 3520 2259 est
3546 2246 3560 2270 ,

1978 2309 2129 2360 super
2157 2294 2326 2346 omnia
2352 2292 2490 2347 Deus
2510 2292 2793 2347 benedictus
2819 2294 2871 2346 in
2894 2293 3097 2346 stvcula.
3131 2292 3253 2347 Ideo
3280 2294 3329 2347 in
3364 2294 3451 2347 illo
3478 2310 3562 2348 sa-

1983 2385 2063 2439 lus
2086 2429 2098 2449 ,
2132 2387 2251 2455 quia
2283 2385 2487 2439 Domini
2513 2395 2584 2439 est
2610 2386 2766 2439 salus.
2800 2386 2931 2440 Dicit
2956 2386 3096 2440 enim
3125 2387 3259 2439 alius
3288 2389 3552 2455 psaln‘ius:

1980 2475 2190 2529 Domini
2218 2486 2287 2530 est
2328 2479 2464 2530 salus
2488 2519 2501 2538 ,
2549 2487 2593 2531 et
2636 2495 2787 2547 super
2831 2478 3070 2546 populum
3110 2487 3247 2530 tuum
3291 2478 3565 2531 benedictio

1983 2578 2068 2621 tua
2099 2570 2115 2637 (
2142 2568 2284 2621 Psal.
2313 2585 2368 2623 Ill
2390 2612 2403 2634 ,
2438 2570 2470 2623 9
2498 2571 2535 2639 ).
2570 2571 2631 2623 Et
2660 2571 2775 2624 sine
2804 2585 2959 2623 causa
2989 2571 3085 2625 sibi
3113 2580 3362 2640 arrogant
3387 2570 3561 2625 homi-

1986 2675 2080 2712 nes
2106 2660 2226 2728 quia
2260 2659 2385 2713 dant
2407 2660 2653 2714 salutem.
2686 2660 2797 2714 Sibi
2838 2660 2983 2714 dent.
3020 2660 3299 2729 Responde
3337 2660 3569 2728 superbo

1984 2753 2185 2806 homini
2218 2772 2230 2805 :
2258 2753 2515 2807 Gloriaris
2539 2794 2554 2817 ,
2586 2753 2705 2822 quia
2738 2753 2870 2806 dicis
2898 2763 2946 2806 te
2974 2753 3098 2806 dare
3134 2752 3260 2805 mihi
3303 2752 3523 2805 salutem
3550 2768 3565 2816 ;

1988 2844 2081 2897 tibi
2113 2844 2198 2897 da.
2229 2843 2362 2897 Vide
2390 2844 2432 2897 si
2462 2843 2624 2899 habes
2652 2860 2789 2897 eam.
2823 2842 3181 2898 Considerans
3212 2843 3346 2897 bene
3375 2843 3570 2911 fragili-

1987 2944 2146 2989 tatem
2179 2945 2360 2997 tuam,
2401 2934 2549 2988 vides
2593 2935 2712 3004 quia
2761 2936 2990 2988 nomium
3042 2935 3227 2989 habes.
3277 2934 3418 3003 Ergo
3462 2935 3572 2989 noli

1987 3040 2206 3080 monere
2231 3036 2288 3079 ut
2316 3036 2618 3094 exspectem
2643 3042 2670 3079 a
2697 3036 2745 3079 te
2769 3067 2783 3090 ,
2812 3025 2902 3079 sed
2925 3035 3172 3095 ex~pecta
3201 3041 3429 3081 mecum.
3460 3024 3572 3079 Νοο

1987 3114 2074 3169 lite
2098 3116 2347 3183 conﬁdere
2372 3116 2421 3168 in
2452 3116 2721 3185 principes,
2750 3126 2793 3169 et
2822 3118 2871 3168 in
2903 3117 3034 3183 ﬁlios
3069 3116 3355 3180 hominum,
3389 3117 3570 3186 quibus

1988 3224 2087 3260 non
2122 3217 2190 3260 est
2216 3207 2373 3259 salus.
2407 3208 2539 3260 Ecce
2571 3208 2750 3260 nescio
2793 3207 2879 3275 qui
2931 3207 3196 3274 principes
3241 3206 3568 3275 proci-dunt,

1989 3296 2169 3351 nescio
2195 3295 2367 3360 unde,
2397 3304 2449 3348 et
2489 3296 2705 3349 dicunt:
2751 3295 2861 3364 Ego
2902 3294 3143 3362 baptizo.
3192 3303 3246 3349 et
3284 3309 3383 3363 ego
3429 3295 3570 3364 quod

1988 3386 2187 3441 dedero
2211 3428 2225 3451 ,
2258 3385 2356 3439 hoc
2394 3394 2477 3439 est
2515 3394 2794 3440 sanetum:
2832 3394 2884 3439 et
2923 3385 2965 3438 si
3011 3385 3078 3439 ab
3111 3385 3217 3438 alio
3260 3387 3530 3455 acceperis
3555 3426 3568 3447 ,

1990 3478 2117 3532 nihil
2151 3476 2433 3547 accepisti;
2461 3477 2502 3531 si
2533 3493 2561 3531 a
2592 3492 2677 3531 me
2707 3476 2973 3544 acceperis
2995 3517 3008 3541 ,
3057 3475 3256 3546 aliquid
3298 3477 3568 3547 accepisti.

1989 3568 2033 3623 Ο
2064 3569 2222 3621 homo
2247 3608 2262 3633 ,
2294 3583 2325 3622 ο
2358 3569 2597 3637 princeps
2623 3609 2637 3629 ,
2673 3568 2813 3621 inter
2842 3568 2977 3620 ﬁlios
3006 3567 3277 3620 hominum
3308 3568 3386 3620 vis
3413 3582 3533 3621 esse
3554 3608 3572 3634 ,

1991 3669 2045 3714 et
2076 3661 2212 3713 inter
2242 3660 2507 3729 principes
2545 3660 2734 3728 quibus
2784 3676 2887 3713 non
2924 3671 3003 3714 est
3050 3660 3236 3713 salus?
3281 3659 3403 3713 Ideo
3447 3676 3575 3730 ergo

1994 3752 2163 3807 habeo
2193 3752 2418 3805 salutem
2444 3793 2459 3814 ,
2491 3752 2613 3821 quia
2644 3763 2694 3804 tu
2737 3751 2863 3803 mihi
2904 3751 3045 3803 das?
3087 3751 3256 3803 Tuum
3302 3758 3382 3803 est
3432 3750 3572 3804 enim

1991 3842 2130 3912 quod
2158 3841 2288 3895 das?
2318 3844 2417 3894 Aut
2447 3856 2573 3894 vero
2600 3842 2757 3893 etiam
2790 3853 2840 3892 tu
2872 3840 3008 3892 das?
3051 3844 3132 3894 vel
3165 3839 3266 3894 hoc
3289 3839 3573 3895 dicendum

1993 3940 2112 3994 est,
2142 3932 2262 4001 quia
2296 3940 2348 3984 tu
2375 3930 2509 3984 das?
2557 3931 2703 3984 Dicat
2749 3940 2801 3984 et
2847 3930 3019 3984 ﬁstula
3068 3931 3187 3999 quia
3233 3939 3285 3985 et
3330 3932 3439 4000 ipsa
3484 3932 3577 3986 dat

1992 4039 2223 4093 aquam;
2269 4024 2405 4076 dicat
2434 4034 2480 4076 et
2527 4023 2725 4076 canalis
2759 4023 2876 4090 quia
2924 4023 3036 4092 ipse
3078 4034 3295 4085 manat;
3324 4023 3466 4078 dicat
3517 4034 3574 4079 et

1994 4128 2167 4183 praeco
2196 4114 2316 4182 quia
2343 4123 2394 4167 et
2422 4114 2532 4183 ipse
2557 4114 2767 4167 liberat.
2794 4112 2908 4181 Ego
2937 4114 2985 4166 in
3028 4128 3159 4183 aqua
3195 4115 3411 4169 attendo
3452 4113 3571 4169 fon-

1995 4214 2099 4259 tem
2127 4246 2142 4269 ,
2196 4203 2245 4257 in
2280 4219 2407 4258 voce
2445 4206 2704 4273 praeconis
2740 4218 2972 4273 agnosro
3002 4203 3254 4271 judicem.
3296 4203 3412 4259 Non
3462 4205 3572 4260 eris

1996 4304 2053 4350 tu
2081 4295 2234 4365 plane
2258 4303 2441 4347 auctor
2465 4294 2647 4347 salutis
2678 4308 2810 4347 mea:
2836 4311 2847 4346 :
2879 4293 2966 4348 ille
2993 4293 3095 4347 erit
3122 4293 3190 4348 de
3219 4309 3325 4364 quo
3354 4309 3576 4351 securus

1996 4402 2111 4441 sum
2139 4402 2154 4451 ;
2183 4385 2251 4439 de
2278 4393 2328 4439 te
2358 4385 2587 4439 incertus
2614 4399 2752 4439 sum.
2784 4384 2839 4439 Si
2887 4401 2990 4438 non
3031 4385 3104 4439 sis
3149 4400 3407 4456 arrogans
3431 4427 3444 4451 ,
3471 4401 3578 4443 noa

1997 4493 2096 4549 ego
2121 4478 2268 4532 solus
2296 4475 2363 4530 de
2395 4485 2446 4531 te
2471 4479 2705 4531 incertus
2734 4490 2849 4529 sum
2877 4518 2890 4541 ,
2919 4476 3011 4530 sed
3041 4484 3095 4531 et
3120 4484 3174 4532 tu
3198 4476 3266 4533 de
3288 4485 3358 4530 te.
3388 4478 3469 4531 Ab
3492 4478 3580 4532 illo

1997 4584 2125 4639 ergo
2152 4568 2279 4622 mihi
2311 4566 2458 4620 salus
2481 4609 2496 4632 ,
2529 4567 2613 4635 qui
2649 4577 2721 4619 est
2763 4584 2915 4635 super
2956 4569 3165 4631 omnia;
3207 4568 3327 4636 quia
3370 4565 3580 4621 Domini

1996 4668 2067 4713 est
2093 4659 2251 4713 salus.
2282 4657 2360 4710 Tu
2388 4657 2525 4711 inter
2552 4657 2687 4711 ﬁlios
2733 4656 3004 4711 hominum
3030 4699 3045 4722 ,
3090 4666 3146 4710 tu
3190 4657 3327 4710 inter
3374 4657 3575 4725 princi-

1999 4764 2136 4819 pes:
2170 4747 2263 4802 sed
2306 4746 2464 4799 audio
2509 4762 2691 4801 vocem
2736 4748 2926 4801 Psalmi
2953 4787 2967 4812 ,
3013 4745 3187 4798 Nolite
3230 4746 3483 4814 conﬁdere
3526 4748 3579 4801 in

2001 4839 2251 4912 principes
2275 4877 2289 4901 ,
2319 4846 2364 4890 et
2388 4838 2440 4889 in
2462 4838 2595 4904 ﬁlios
2616 4838 2872 4889 hominum
2896 4878 2910 4902 ,
2936 4854 2967 4887 u
2987 4836 3164 4905 quibus
3184 4850 3283 4888 non
3313 4844 3385 4888 est
3412 4836 3571 4889 salus.

2073 4932 2160 4987 10.
2202 4928 2221 5001 [
2247 4946 2369 4982 vers.
2402 4926 2499 5000 4.]
2539 4928 2839 4982 Secundum
2870 4928 3075 4981 turbam
3103 4927 3375 4981 hominum
3402 4969 3416 4991 ,
3448 4928 3575 4996 quid

2002 5035 2124 5081 sunt
2155 5024 2237 5078 isti
2270 5023 2357 5077 ﬁlii
2401 5021 2715 5076 hominum?
2754 5021 2885 5086 Quid
2930 5030 3052 5073 sunt
3090 5022 3169 5073 vis
3208 5020 3388 5073 scire?
3435 5019 3580 5073 Exiet

2002 5118 2206 5186 spiritus
2234 5117 2343 5184 ejus
2361 5158 2373 5179 ,
2405 5124 2449 5168 et
2475 5121 2741 5166 revertetur
2763 5114 2815 5164 in
2844 5120 3025 5163 terram
3065 5126 3228 5163 suam.
3251 5111 3386 5165 Ecce
3413 5119 3579 5166 totum

2004 5206 2142 5277 quod
2171 5206 2399 5273 loquitur
2424 5246 2436 5265 ,
2471 5203 2715 5256 nesciens
2740 5200 2987 5270 quamdiu
3010 5200 3253 5270 loquatur
3276 5216 3289 5264 ;
3316 5201 3578 5267 minatur,

2008 5298 2247 5354 nesciens
2276 5295 2525 5365 quamdiu
2554 5294 2714 5347 vivat.
2743 5292 2929 5347 Subito
2951 5292 3091 5346 cxiet
3114 5292 3331 5361 spiritus
3355 5293 3469 5361 ejus
3488 5336 3501 5357 ,
3526 5302 3581 5348 et

2006 5399 2304 5446 revertetur
2333 5388 2384 5441 in
2413 5398 2603 5439 terram
2650 5400 2820 5438 suam.
2863 5381 3125 5451 Numquid
3169 5382 3379 5452 quando
3420 5382 3570 5446 vult,

2006 5482 2145 5536 exiet
2183 5480 2396 5549 Spiritus
2418 5477 2573 5546 ejus?
2621 5475 2774 5529 Exiet
2797 5516 2813 5541 ,
2837 5485 2889 5527 et
2908 5474 3118 5543 quando
3142 5490 3242 5526 non
3265 5473 3373 5525 vult
3395 5474 3537 5525 cxiet
3560 5512 3575 5538 ,

2008 5582 2061 5628 et
2085 5570 2295 5642 quando
2320 5569 2487 5623 nescit
2516 5576 2807 5621 revertetur
2832 5566 2884 5619 in
2912 5574 3106 5620 terram
3136 5579 3306 5618 suam.
3336 5561 3578 5617 Exeunte

2074 5730 2241 5787 'Edd.,
2263 5730 2314 5780 in
2336 5727 2518 5791 quibus.
2534 5724 2788 5791 particula,
2806 5724 2873 5782 in,
2898 5724 3039 5791 abest
3058 5727 3216 5791 a_l.xx
3240 5727 3336 5791 eta
3353 5724 3480 5779 Mss,
3497 5729 3582 5782 qm

2015 5801 2176 5841 tamen
2201 5780 2511 5848 intrm'tertio
2533 5788 2656 5847 loco,
2680 5780 2867 5836 habent
2882 5796 2989 5833 eum
3014 5783 3143 5841 F.dd.,
3166 5794 3195 5830 a
3214 5780 3393 5842 quibus.
