4084 6498
572 363 702 420 MM

570 478 756 549 spiritu
782 518 798 543 ,
827 489 951 530 caro
981 481 1276 529 revertetur
1303 474 1352 525 in
1374 479 1589 525 terram.
1620 466 1723 522 Sed
1746 467 1865 536 quia
1888 481 2011 520 caro
2031 474 2148 518 erat

569 584 687 638 quae
719 568 794 620 sic
823 564 1135 634 loquebatur
1159 563 1177 633 (
1203 563 1275 616 De
1301 577 1387 615 me
1421 560 1561 615 enim
1608 572 1867 626 pra:sume
1889 597 1904 620 ,
1951 563 2006 608 et
2047 569 2146 623 ego

570 658 662 713 tibi
689 657 757 711 do
782 698 796 717 .
827 672 931 710 non
959 655 1198 709 dieerent
1224 652 1320 706 nisi
1357 652 1428 704 illi
1455 650 1522 704 de
1554 649 1745 718 quibus
1787 647 1986 699 dictum
2021 655 2102 698 est
2128 686 2142 710 ,

573 747 703 814 Quia
729 763 846 798 caro
872 755 986 797 sunt
1014 743 1032 814 [
1057 742 1180 796 Gen.
1218 758 1266 795 \‘l
1289 784 1302 804 ,
1334 740 1405 811 5]
1438 743 1478 810 ),
1517 738 1660 791 Exiet
1687 737 1892 806 spiritus
1919 735 2028 803 ejus
2053 773 2066 796 ,
2097 743 2147 786 et

567 847 836 890 revertetur
864 837 912 888 in
944 847 1124 887 terram
1153 850 1294 884 suam
1333 850 1350 884 :
1386 833 1437 883 in
1481 830 1571 882 illa
1604 829 1683 880 die
1715 828 1941 896 peribunt
1977 841 2146 878 omnes

566 928 891 995 cogitationes
921 928 1029 994 ejus
1057 927 1095 978 ¹.
1131 924 1224 978 Ubi
1255 933 1335 976 est
1366 921 1597 993 typlnts?
1637 921 1725 973 ubi
1754 928 1835 972 est
1859 916 2145 984 superbia?

568 1017 657 1069 ubi
685 1026 764 1067 est
785 1016 1035 1084 jactantia
1057 1016 1078 1067 ?
1104 1014 1206 1067 Sed
1237 1013 1368 1066 forte
1395 1012 1459 1064 ad
1493 1011 1665 1064 locum
1701 1009 1893 1061 bonum
1925 1007 2145 1060 transie-

567 1106 638 1159 rit
663 1147 675 1168 ,
703 1107 769 1159 ad
791 1107 966 1174 justus
996 1123 1008 1158 :
1039 1106 1080 1157 si
1111 1115 1284 1156 tamen
1315 1102 1539 1156 transiit.
1572 1099 1702 1154 Nam
1730 1099 1815 1165 qui
1848 1098 1923 1150 sic
1954 1097 2141 1164 loque—

567 1195 720 1249 batur
743 1237 756 1257 ,
795 1197 1100 1263 nescioquo
1123 1195 1407 1248 transierit.
1435 1192 1770 1259 Loquebatur
1791 1189 1930 1242 enim
1961 1203 2144 1253 super-

565 1285 650 1339 bia
676 1302 690 1348 ;
723 1297 773 1340 et
803 1287 980 1339 nescio
1005 1302 1109 1354 quo
1138 1292 1405 1339 transeant
1433 1284 1562 1336 tales
1589 1281 1829 1332 homines
1856 1321 1867 1339 ,
1898 1278 1995 1330 nisi
2022 1277 2141 1343 quia

566 1375 789 1444 inspicio
818 1377 1042 1430 alterum
1077 1376 1334 1443 psalmum
1362 1414 1376 1436 ,
1421 1382 1473 1425 et
1516 1372 1670 1424 video
1716 1369 1912 1422 malum
1958 1382 2140 1421 eorum

565 1480 686 1521 esse
718 1467 1014 1521 transitum.
1059 1465 1171 1517 Vidi
1201 1465 1408 1531 impium
1437 1462 1646 1516 exaltari
1675 1476 1825 1527 super
1850 1457 2022 1512 cedros
2048 1457 2141 1510 Li-

565 1560 681 1614 bani
704 1600 719 1624 ,
753 1568 798 1611 et
829 1559 1040 1610 transivi
1059 1599 1075 1623 ,
1107 1567 1151 1609 et
1177 1573 1287 1610 erce
1312 1573 1410 1608 non
1439 1565 1543 1607 erat
1569 1569 1588 1617 ;
1614 1564 1658 1604 et
1683 1553 1886 1622 quttsivi
1914 1568 2025 1604 cum
2053 1593 2067 1616 ,
2095 1560 2144 1604 et

563 1668 663 1705 non
693 1661 764 1704 est
803 1653 1032 1702 inventus
1074 1649 1211 1701 locus
1247 1649 1354 1715 ejus
1400 1645 1418 1718 (
1446 1646 1586 1699 Psul.
1621 1660 1789 1698 xxxvi
1819 1685 1834 1710 ,
1866 1644 1935 1698 55
1958 1685 1973 1708 ,
2004 1644 2072 1698 36
2099 1644 2138 1713 ).

562 1743 668 1797 ISIe
699 1744 814 1810 plus
854 1742 942 1809 qui
987 1741 1196 1794 transiit
1235 1750 1290 1794 et
1329 1754 1432 1793 non
1477 1738 1675 1793 invenit
1719 1738 1934 1806 impium
1961 1778 1974 1800 ,
2020 1737 2141 1791 illuc

566 1832 810 1903 pervenit
842 1831 928 1884 ubi
962 1849 1065 1884 non
1097 1841 1178 1884 est
1208 1831 1418 1898 impius.
1462 1830 1600 1896 Ergo
1625 1870 1640 1893 ,
1681 1827 1868 1881 fratres
1892 1869 1906 1890 ,
1955 1843 2139 1881 omnes

563 1925 874 1987 audiamus;
909 1923 1096 1976 fratres
1122 1923 1296 1976 dilecti
1326 1923 1430 1976 Deo
1456 1963 1470 1984 ,
1512 1937 1696 1974 omnes
1734 1919 2045 1973 audiamus:
2086 1919 2138 1972 in

560 2017 791 2086 qualibet
825 2015 1162 2068 tribulatione
1187 2056 1201 2080 ,
1237 2014 1286 2067 in
1325 2013 1558 2082 quolibet
1595 2011 1860 2065 desiderio
1906 2010 2139 2063 muneris

560 2109 726 2162 divini
753 2148 767 2169 ,
799 2124 904 2161 non
934 2108 1154 2160 lidanms
1182 2110 1232 2159 iu
1266 2107 1534 2175 principes
1561 2146 1573 2165 .
1607 2120 1706 2157 nec
1736 2104 1786 2156 in
1811 2103 1945 2156 ﬁlios
1973 2101 2141 2154 homi-

561 2212 685 2250 num
712 2237 728 2261 ,
763 2197 812 2248 in
845 2197 1034 2264 quibus
1066 2212 1168 2248 non
1200 2204 1282 2248 est
1309 2196 1471 2249 salus.
1503 2193 1693 2246 Totum
1741 2191 1840 2244 hoc
1877 2190 2098 2244 mortale
2119 2229 2135 2253 ,

559 2287 919 2341 transitorium
965 2295 1018 2339 et
1057 2286 1311 2339 caducum
1354 2295 1455 2338 est.
1498 2283 1643 2336 Exiet
1681 2283 1888 2353 spiritus
1915 2283 2059 2350 ejus,
2094 2289 2139 2332 et

557 2388 825 2432 revertetur
846 2377 896 2430 in
925 2387 1108 2429 terram
1136 2393 1279 2431 suam
1304 2391 1321 2428 :
1345 2375 1395 2427 in
1445 2375 1536 2427 illa
1575 2373 1656 2426 die
1701 2371 1930 2442 peribunt
1971 2388 2140 2425 omnes

557 2472 881 2543 wgitationes
911 2472 1039 2540 ejus.

629 2565 715 2618 11.
759 2561 926 2634 [vei-s.
963 2562 1016 2617 5.
1044 2559 1064 2633 ]
1103 2559 1236 2626 Quid
1268 2573 1396 2628 ergo
1426 2558 1648 2612 facimus
1673 2597 1688 2620 ,
1721 2556 1764 2610 si
1794 2556 1844 2609 in
1875 2554 2010 2609 filios
2040 2553 2138 2608 ho-

557 2656 758 2712 minum
785 2697 797 2717 ,
840 2656 884 2709 si
927 2655 978 2708 in
1024 2655 1288 2722 principes
1335 2667 1440 2705 non
1491 2659 1571 2704 est
1616 2647 1980 2718 sperandum?
2011 2647 2138 2717 quid

559 2744 1031 2800 faciutus?Beatus
1071 2745 1215 2811 cujus
1257 2741 1395 2795 Deus
1441 2739 1600 2793 Iacob
1647 2739 1851 2808 adjutor
1891 2746 1962 2791 est
2008 2740 2135 2806 ejus.

559 2836 672 2891 Non
703 2837 788 2889 ille
818 2836 977 2887 homo
1016 2844 1107 2887 aut
1150 2834 1237 2886 ille
1278 2835 1438 2886 homo
1462 2876 1476 2896 ,
1518 2846 1623 2884 non
1667 2831 1755 2884 ille
1803 2830 2022 2896 angelus
2051 2840 2141 2884 aut

559 2927 647 2981 ille
675 2926 892 2995 angelus
914 2943 927 2990 ;
951 2924 1042 2979 sed
1060 2965 1074 2989 ,
1098 2923 1282 2976 Beatus
1307 2926 1448 2992 cujus
1478 2923 1609 2976 Deus
1631 2920 1790 2975 Iacob
1815 2923 2018 2991 adjutor
2037 2931 2139 2975 est:

561 3018 678 3086 quia
708 3026 762 3070 et
790 3017 886 3084 ipsi
914 3013 1078 3069 Iacob
1103 3015 1179 3068 sic
1205 3013 1301 3066 fuit
1324 3013 1536 3079 adjutor
1562 3055 1574 3074 .
1602 3021 1661 3066 ut
1689 3010 1757 3066 de
1791 3011 1955 3065 JaCob
1997 3010 2140 3065 fat-e-

559 3119 641 3165 ret
684 3109 842 3162 Israel
879 3108 898 3177 (
927 3106 1057 3163 Gen.
1087 3119 1240 3161 χχχιι
1263 3148 1277 3170 ,
1310 3105 1380 3160 28
1402 3107 1442 3175 ).
1489 3105 1732 3174 Magnum
1778 3103 2095 3173 adiutorium
2121 3144 2136 3169 ,

559 3203 720 3256 ISrael
739 3201 847 3270 jam
879 3201 1064 3254 videns
1092 3201 1277 3254 Deum.
1309 3198 1403 3252 llic
1430 3213 1556 3267 ergo
1596 3198 1799 3265 positus
1823 3205 1876 3250 et
1904 3195 2139 3265 peregri-

560 3309 660 3348 nus
699 3292 933 3346 nondum
982 3291 1166 3345 videns
1218 3292 1378 3344 Deum
1405 3330 1419 3354 ,
1462 3289 1505 3342 si
1552 3288 1800 3342 habueris
1843 3287 2139 3356 adjutoretn

561 3384 723 3437 Deum
750 3381 914 3436 Jacob
938 3423 952 3444 ,
992 3396 1054 3434 ex
1105 3379 1269 3434 Iacob
1317 3378 1422 3432 eris
1471 3375 1630 3431 Israel
1659 3416 1674 3441 ,
1715 3390 1768 3430 et
1806 3375 1912 3430 eris
1953 3374 2141 3428 videns

562 3475 762 3536 Deum;
791 3481 848 3527 et
873 3473 1030 3540 pcriet
1055 3472 1228 3525 omnis
1255 3471 1403 3523 labor
1421 3479 1473 3523 et
1493 3467 1670 3522 omnis
1694 3468 1941 3536 gemitus,
1967 3474 2143 3520 trans-

564 3567 675 3620 ient
701 3582 844 3618 cura:
883 3563 1159 3617 mordaces
1182 3604 1196 3626 .
1237 3562 1522 3616 succedent
1553 3561 1736 3614 laudes
1765 3560 1964 3614 felices.
2009 3558 2140 3612 Beu-

563 3668 640 3713 tus
667 3658 810 3727 cujus
843 3655 976 3709 Deus
1017 3653 1176 3707 Iacob
1215 3655 1417 3722 adjutor
1454 3661 1525 3706 est
1569 3653 1717 3720 ejus:
1758 3650 1912 3719 hujus
1955 3649 2136 3704 Iacob.

564 3753 736 3816 Quare
764 3751 861 3804 iste
883 3749 1067 3802 beatus
1088 3788 1103 3811 ,
1126 3748 1332 3801 interim
1361 3747 1534 3800 adhuc
1560 3746 1611 3798 in
1640 3746 1740 3798 hac
1755 3745 1861 3797 vita
1886 3743 2139 3813 gemens?

564 3841 695 3908 Spes
741 3840 882 3893 illius
920 3840 970 3892 in
1017 3837 1288 3891 Dominum
1327 3836 1490 3890 Deum
1538 3837 1716 3907 ipsius.
1753 3835 1875 3889 Ideo
1915 3835 2098 3890 beatus
2123 3875 2138 3900 ,

565 3937 682 4002 quia
710 3950 822 4001 spes
850 3933 1008 3999 ipsius
1039 3931 1089 3984 in
1121 3929 1388 3984 Dominum
1419 3927 1583 3981 Deum
1605 3929 1783 3997 ipsius.
1815 3926 1871 3981 In
1915 3941 2021 3996 quo
2061 3934 2144 3980 est

566 4042 691 4094 spes
719 4025 882 4095 ipsius
907 4066 921 4090 ,
955 4025 1064 4092 ipse
1091 4024 1192 4076 erit
1226 4037 1310 4075 res
1360 4021 1545 4088 ipsius.
1590 4019 1808 4074 Fratres
1831 4060 1846 4086 ,
1891 4035 1958 4072 an
2007 4017 2142 4072 forte

566 4123 734 4172 erravi
760 4159 775 4177 ,
806 4117 926 4186 quia
954 4115 1058 4168 dixi
1091 4129 1202 4168 rem
1232 4124 1464 4165 nostram
1497 4110 1727 4165 futurum
1759 4111 1968 4166 Deum?
2005 4110 2142 4176 Quid

566 4211 609 4263 si
642 4209 872 4262 dicerem
903 4206 1269 4260 hau-eilitatem
1301 4213 1532 4258 nostram
1564 4203 1837 4257 futurum?
1872 4203 2002 4273 Spes
2036 4219 2145 4256 mea

567 4317 620 4353 es
649 4310 700 4352 tu
725 4340 740 4362 ,
775 4299 936 4366 portio
967 4313 1076 4349 mea
1100 4297 1150 4348 in
1179 4307 1310 4349 terra
1345 4295 1610 4349 viventium
1651 4298 1667 4364 (
1697 4293 1837 4347 Psal.
1868 4309 2017 4359 cxu,
2047 4293 2079 4348 6
2101 4292 2142 4364 ).

570 4391 648 4443 'l'u
673 4391 777 4442 eris
807 4389 978 4456 portio
1004 4401 1140 4441 mea.
1175 4386 1294 4440 Eris
1325 4395 1375 4440 tu
1405 4387 1672 4455 possessio
1697 4427 1710 4451 ,
1739 4394 1792 4439 et
1816 4385 2142 4454 possidebis;

571 4480 839 4549 possessio
876 4478 968 4531 Dei
1005 4478 1148 4542 eris,
1191 4487 1244 4529 et
1289 4476 1552 4544 possessio
1591 4487 1679 4528 tua
1714 4476 1816 4530 erit
1860 4475 2038 4529 Deus:
2090 4483 2144 4528 tu

569 4571 678 4623 eris
711 4567 975 4638 pessessio
1001 4567 1156 4634 ejus,
1202 4575 1261 4619 ut
1297 4566 1490 4619 colaris
1535 4565 1602 4618 ab
1643 4581 1749 4628 eo;
1797 4574 1852 4620 et
1892 4567 2003 4634 ipse
2046 4566 2148 4619 erit

569 4659 838 4730 possessio
869 4667 955 4712 tua
981 4699 994 4718 ,
1038 4667 1095 4710 ut
1121 4657 1264 4709 colas
1290 4671 1432 4709 eum.
1461 4654 1591 4708 Nam
1621 4666 1673 4709 et
1703 4666 1756 4708 tu
1783 4657 1914 4710 colis
1941 4656 2102 4711 Deum
2127 4696 2142 4721 ,

570 4761 626 4808 et
651 4751 842 4804 coleris
870 4768 898 4803 a
934 4750 1060 4804 Deo.
1091 4749 1256 4803 Recte
1281 4748 1475 4801 dicitur
1498 4790 1513 4814 ,
1537 4748 1667 4804 Colo
1691 4748 1854 4803 Deum
1886 4767 1898 4803 :
1923 4765 2147 4818 quomo-

570 4844 642 4898 do
669 4851 845 4897 autem
873 4843 1022 4895 color
1051 4857 1080 4894 a
1114 4840 1264 4895 Deo?
1287 4838 1592 4894 Invenimus
1621 4840 1761 4908 apud
1794 4841 2102 4909 Apostolum
2132 4857 2145 4894 :

574 4933 670 4990 Dei
691 4975 704 4998 ,
738 4932 942 5002 inquit,
969 4932 1284 5002 agricultura
1309 4971 1322 4993 .
1353 4929 1449 4984 Dei
1489 4932 1759 5000 aediﬁcatio
1796 4931 1912 4985 estis
1940 4934 1955 4999 (
1982 4931 1998 4984 Ι
2027 4929 2144 4986 Cor.

576 5042 630 5081 ιιι
655 5067 668 5088 ,
694 5025 727 5080 9
754 5030 790 5078 ι.
837 5025 902 5078 Et
941 5023 1235 5088 Dominus,
1281 5019 1395 5088 Ego
1423 5039 1532 5076 sum
1561 5063 1575 5086 ,
1624 5023 1790 5092 inquit
1815 5063 1829 5086 ,
1875 5022 1986 5075 vitis
2011 5063 2025 5086 ,
2065 5036 2151 5076 vos

572 5117 688 5171 estis
715 5125 966 5170 sarmenta
989 5155 1004 5178 ,
1032 5123 1077 5166 et
1110 5112 1266 5166 Pater
1293 5129 1432 5166 meus
1475 5112 1699 5182 agricola
1729 5111 1921 5184 (Joan.
1957 5127 2056 5176 xv,
2086 5112 2108 5164 1
2132 5151 2149 5176 ,

583 5211 674 5268 5).
705 5206 843 5260 Colit
866 5215 915 5259 te
941 5221 1068 5273 ergo
1100 5205 1238 5258 Deus
1265 5243 1279 5263 .
1330 5213 1386 5257 ut
1429 5203 1502 5256 sis
1545 5205 1884 5268 lructuosus;
1927 5212 1980 5257 et
2021 5203 2152 5257 colis

579 5300 744 5354 Deum
771 5337 786 5360 ,
818 5308 874 5349 ut
903 5297 976 5349 sis
1017 5295 1338 5351 fructuosus.
1388 5295 1504 5350 Tibi
1555 5296 1750 5349 bonum
1797 5305 1878 5350 est
1916 5294 2055 5363 quod
2104 5303 2154 5348 te

575 5389 704 5444 eulit
735 5388 915 5451 Deus;
949 5388 1040 5440 tibi
1068 5388 1260 5440 bonum
1289 5398 1370 5441 est
1396 5387 1536 5453 quod
1580 5388 1712 5440 colis
1754 5387 1936 5441 Deum.
1973 5385 2155 5441 Cultor

580 5482 722 5536 Deus
748 5479 791 5533 si
819 5477 1032 5533 recc-dat
1055 5478 1124 5531 ab
1147 5479 1358 5533 homine
1385 5523 1397 5541 ,
1421 5479 1664 5533 desertus
1684 5477 1737 5532 lit
1762 5478 1957 5542 homo;
1984 5477 2157 5531 cultor

580 5573 741 5628 homo
771 5573 814 5626 si
845 5571 1055 5626 recedat
1083 5586 1112 5624 a
1140 5570 1248 5624 Deo
1271 5612 1287 5636 ,
1327 5571 1568 5625 desertus
1596 5573 1650 5623 lit
1681 5570 1794 5640 ipse
1822 5569 2002 5622 homo.
2050 5568 2157 5622 Nec

577 5663 769 5717 crescit
799 5662 938 5716 Deus
965 5660 1249 5716 accedente
1280 5669 1330 5714 te
1351 5701 1365 5723 ,
1406 5675 1501 5715 nec
1545 5658 1806 5715 decrescit
1851 5657 2158 5713 discedente

641 5773 657 5804 '
693 5771 910 5823 Nonnulli
934 5779 1058 5837 Mss,
1100 5786 1276 5824 eormn.

1794 354 1846 407 S.
1890 349 2249 406 AUCL'STIN‘I
2293 347 2590 402 El‘ISCOPl

2257 472 2329 516 te.
2364 463 2503 531 Ergo
2535 463 2632 515 erit
2664 462 3065 530 ipsc'pnssessto
3094 479 3270 518 uosm
3297 507 3311 531 ,
3341 474 3398 520 ut
3425 481 3524 522 nos
3549 483 3750 538 pascat;
3777 487 3826 530 et

2253 556 2453 608 erimus
2483 553 2746 620 possessio
2774 553 2890 622 ejus
2909 595 2924 617 ,
2952 562 3010 609 ut
3037 570 3136 611 nos
3165 565 3332 626 regat.

2325 645 2411 699 12.
2455 643 2473 715 [
2496 660 2621 698 vers.
2646 644 2698 699 6.
2722 643 2741 717 ]
2781 645 2910 715 Spes
2930 646 3067 700 illius
3088 648 3137 700 in
3165 646 3438 714 Dominum
3465 648 3625 704 Deum
3652 654 3824 722 ipsius.

2252 735 2379 803 Quis
2400 747 2478 788 est
2507 738 2604 790 iste
2628 737 2878 790 Dominus
2899 739 3035 790 Deus
3059 740 3260 806 ipsius?
3280 741 3552 797 Atti-mlite
3575 785 3589 806 ,
3615 743 3816 801 fratres.

2252 826 2397 879 Multi
2425 827 2565 880 enim
2597 827 2793 881 habent
2821 829 3015 882 multos
3043 830 3170 882 deos
3195 871 3207 889 ,
3235 840 3286 882 ct
3313 829 3496 884 dicunt
3529 848 3620 886 eos
3653 837 3822 890 domi-

2251 932 2350 971 nos
2376 932 2500 971 SttOS
2540 927 2594 971 et
2641 917 2771 972 deos
2817 934 2962 972 suos.
3013 919 3116 972 Sed
3167 919 3296 974 dicit
3346 925 3670 989 Apostolus.
3723 927 3824 982 Etsi

2251 1017 2366 1061 sunt
2414 1010 2496 1076 qui
2541 1010 2777 1063 dicuntur
2822 1010 2930 1073 dii,
2975 1011 3076 1063 sire
3120 1012 3171 1064 in
3213 1014 3370 1076 cmlo,
3416 1015 3519 1068 sive
3561 1017 3612 1069 in
3661 1027 3821 1083 terra;

2249 1100 2668 1168 quemadmodum
2697 1113 2812 1154 sunt
2842 1103 2912 1154 dii
2939 1103 3119 1168 multi,
3167 1115 3213 1156 et
3251 1105 3444 1158 domini
3470 1109 3614 1161 multi
3641 1127 3658 1162 :
3688 1114 3818 1167 nobis

2251 1201 2414 1244 tamen
2442 1209 2569 1247 unus
2595 1193 2733 1247 Deus
2756 1235 2771 1257 ,
2809 1194 2959 1248 Pater
2983 1237 2998 1259 ,
3027 1212 3090 1249 ea:
3115 1213 3214 1263 quo
3243 1200 3415 1252 omnia
3442 1241 3454 1263 ,
3486 1211 3532 1254 et
3559 1220 3687 1257 unus
3717 1205 3813 1260 Do-

2250 1284 2416 1335 minus
2437 1282 2589 1336 Iesus
2619 1285 2848 1338 Christus
2871 1326 2884 1348 ,
2919 1303 3006 1356 per
3043 1304 3187 1356 quem
3233 1291 3406 1342 omnia
3450 1295 3464 1357 (
3495 1292 3511 1345 Ι
3543 1293 3656 1345 Cor.
3691 1311 3776 1351 vnt
3797 1341 3810 1364 ,

2251 1373 2283 1426 5
2305 1383 2349 1425 et
2381 1373 2467 1445 6).
2504 1375 2643 1443 Ergo
2667 1376 2737 1428 sit
2769 1375 2878 1444 ipse
2906 1392 3029 1445 spes
3055 1387 3173 1441 tua,
3209 1378 3466 1433 Dominus
3497 1382 3633 1437 Deus
3669 1395 3808 1450 tuus;

2250 1465 2300 1517 in
2332 1466 2420 1518 illo
2449 1467 2516 1519 sit
2543 1482 2665 1534 spes
2697 1478 2803 1521 tua.
2840 1469 2892 1521 In
2923 1469 3141 1522 dorniuo
3165 1471 3267 1525 deo
3287 1487 3384 1524 suo
3411 1483 3497 1527 est
3525 1489 3645 1543 Spes
3667 1481 3808 1534 etiam

2249 1557 2386 1608 illius
2411 1558 2498 1626 qui
2529 1559 2655 1612 colit
2680 1559 3004 1623 Saturnum;
3036 1562 3087 1614 in
3130 1564 3344 1617 domino
3391 1563 3496 1618 deo
3544 1566 3701 1635 ipsius
3737 1581 3806 1626 est

2247 1661 2369 1715 spes
2393 1688 2408 1713 ,
2452 1650 2539 1716 qui
2589 1650 2716 1703 colit
2757 1649 3018 1714 Martem,
3062 1653 3149 1720 qui
3193 1654 3318 1706 colit
3353 1654 3652 1723 Neptunum
3679 1701 3692 1722 ,
3729 1663 3806 1730 qui

2246 1740 2369 1792 colit
2397 1740 2750 1794 Mercurium:
2791 1742 2909 1810 plus
2945 1742 3083 1795 addo
3109 1783 3124 1808 ,
3167 1744 3254 1812 qui
3292 1746 3420 1799 colit
3454 1758 3685 1802 ventrem
3708 1792 3720 1812 ,
3747 1752 3806 1807 de

2247 1831 2438 1898 quibus
2465 1830 2662 1884 dictum
2693 1840 2814 1896 est,
2848 1833 3071 1906 Quorum
3101 1834 3223 1886 deus
3252 1847 3419 1888 venter
3445 1848 3516 1888 est
3546 1841 3560 1903 (
3593 1837 3803 1908 Philipp.

2247 1937 2340 1986 ιιι,
2377 1922 2504 1990 19).
2539 1925 2674 1992 Ergo
2703 1924 2787 1978 ille
2812 1926 2950 1978 illius
2974 1925 3106 1978 deus
3131 1966 3144 1989 ,
3176 1937 3333 1994 atque
3372 1927 3462 1982 ille
3508 1928 3663 1984 illius.
3692 1933 3807 1998 Quis

2247 2011 2402 2079 hujus
2432 2013 2567 2065 beati
2589 2014 2611 2064 ?
2633 2013 2764 2080 Quia
2795 2031 2908 2082 spes
2943 2015 3103 2080 ipsius
3143 2015 3194 2067 in
3232 2013 3454 2068 Domino
3499 2015 3606 2069 Deo
3645 2019 3804 2086 ipsius.

2244 2100 2346 2154 Sed
2378 2103 2496 2170 quis
2524 2112 2606 2155 est
2635 2102 2774 2155 iste?
2814 2101 2913 2167 Qui
2944 2102 3058 2168 fecit
3081 2104 3260 2156 (mlum
3289 2113 3336 2156 et
3362 2113 3582 2168 terram,
3615 2123 3743 2159 uitare
3766 2119 3809 2160 et

2246 2194 2413 2245 omnia
2442 2209 2552 2260 qua:
2576 2195 2627 2246 in
2653 2194 2722 2246 eis
2749 2203 2883 2245 sunt.
2921 2194 3138 2248 Fratres
3175 2195 3276 2247 mei
3303 2235 3317 2257 ,
3359 2210 3606 2264 magnum
3656 2197 3808 2250 Deum

2247 2284 2538 2337 habemus!
2583 2284 2958 2338 benedicamus
3002 2300 3191 2338 nomen
3235 2294 3477 2338 sanctum
3519 2287 3671 2354 ejus,
3697 2289 3809 2357 quia

2244 2374 2487 2442 dignatus
2516 2385 2597 2428 est
2625 2375 2796 2429 facere
2826 2392 2920 2427 ιιι-ιδ
2951 2376 3343 2443 possessionem
3374 2392 3549 2430 suam.
3580 2376 3808 2432 Nondum

2244 2465 2394 2519 vides
2421 2465 2586 2519 Deum
2613 2507 2628 2531 ,
2661 2481 2764 2519 non
2798 2476 2946 2534 potes
2987 2482 3167 2519 amare
3209 2467 3364 2534 plene
3402 2467 3544 2535 quod
3594 2469 3811 2521 nondum

2244 2559 2412 2613 vides.
2441 2561 2570 2625 Qua:
2598 2560 2743 2613 vides
2767 2599 2782 2625 ,
2809 2560 2922 2628 ipse
2949 2557 3092 2612 fecit.
3117 2560 3320 2613 Miraris
3343 2559 3599 2613 mundum
3629 2599 3643 2623 ,
3664 2575 3815 2628 quare

2245 2666 2350 2704 non
2379 2650 2634 2703 artificem
2665 2651 2846 2704 mundi
2876 2652 2890 2680 ¹
2917 2651 2939 2702 ἳ
2974 2650 3212 2719 Suspicis
3254 2651 3448 2704 ccclnm
3477 2691 3492 2716 ,
3543 2660 3596 2704 et
3633 2651 3813 2705 exhor-

2246 2741 2411 2795 rescis
2437 2758 2450 2803 ;
2478 2742 2681 2810 cogitas
2707 2742 3010 2794 universam
3049 2751 3244 2795 terram
3272 2783 3287 2807 ,
3320 2751 3372 2796 et
3416 2744 3812 2806 contremiscis;

2247 2834 2415 2906 maris
2455 2833 2869 2902 magnitudinem
2911 2833 3122 2901 quando
3159 2835 3480 2904 cogitatione
3507 2836 3528 2865 ²
3557 2835 3815 2903 occupas?

2245 2923 2470 2992 Respice
2512 2924 3045 2978 innumerabilitatem
3083 2925 3388 2989 stellarum;
3435 2928 3647 2994 respice
3686 2936 3816 2978 tanta

2245 3029 2438 3081 genera
2489 3014 2793 3078 seminum,
2854 3025 3026 3068 tantas
3086 3015 3421 3071 diversitates
3480 3019 3818 3084 animalium,

2246 3103 2499 3174 quidquid
2533 3113 2676 3157 natat
2709 3105 2758 3158 in
2800 3105 2952 3173 aquis
2977 3145 2993 3170 ,
3043 3107 3180 3174 repit
3229 3107 3278 3159 in
3321 3115 3458 3160 terra
3484 3149 3498 3172 ,
3552 3110 3730 3164 volitat
3771 3112 3821 3165 in

2245 3211 2370 3250 acre
2396 3237 2409 3259 ,
2434 3196 2622 3250 circuit
2663 3198 2712 3250 in
2759 3197 2932 3252 calo:
2984 3199 3162 3252 omnia
3200 3199 3296 3252 ista
3322 3239 3338 3263 ,
3385 3216 3545 3268 quam
3601 3217 3818 3271 magna,

2245 3301 2402 3353 quam
2470 3287 2762 3353 pravelara,
2813 3303 2971 3356 quam
3029 3289 3280 3357 pulchra,
3326 3305 3482 3359 quam
3528 3296 3818 3361 stupenda!

2246 3375 2386 3429 Ecce
2417 3376 2504 3444 qui
2534 3373 2653 3428 fecit
2688 3375 2801 3428 haec
2831 3377 3008 3430 omnia
3035 3418 3049 3439 ,
3085 3378 3224 3431 Deus
3254 3388 3376 3431 tuus
3407 3388 3510 3433 est.
3566 3382 3708 3436 Pone
3751 3384 3819 3437 ibi

2246 3482 2394 3536 spem
2442 3476 2620 3532 tuam,
2666 3475 2723 3520 ut
2768 3467 2841 3520 sis
2883 3467 3110 3521 beatus:
3153 3468 3282 3539 Spes
3311 3471 3449 3524 illius
3477 3473 3529 3524 in
3556 3472 3819 3526 Dominum

2247 3557 2412 3611 Deum
2438 3559 2614 3628 ipsius.
2644 3558 2858 3625 Quem?
2892 3559 2990 3622 Qui
3018 3561 3133 3629 fecit
3159 3561 3338 3614 (telum
3366 3572 3413 3615 et
3437 3573 3622 3616 terram
3647 3607 3662 3630 ,
3692 3582 3820 3620 mare

2247 3659 2291 3703 et
2320 3652 2487 3703 omnia
2515 3667 2625 3719 qua:
2651 3653 2701 3703 in
2730 3652 2800 3704 eis
2825 3662 2961 3704 sunt.
2984 3651 3227 3722 Magnum
3261 3653 3520 3708 habemus
3548 3657 3735 3710 Deum!

2319 3742 2403 3796 15.
2449 3742 2718 3797 Αιιειιιᾱίιθ
2739 3783 2752 3806 ,
2790 3743 2980 3796 lratres
3004 3785 3018 3808 ,
3061 3760 3309 3811 magnum
3352 3745 3518 3799 Deum
3546 3789 3561 3811 ,
3592 3748 3770 3801 bonum
3793 3789 3808 3811 .

2250 3831 2536 3886 facientem
2578 3834 2721 3886 talia.
2760 3833 2895 3900 Quid
2941 3850 3068 3901 ergo
3104 3834 3227 3888 hinc
3265 3835 3515 3903 cogitavit
3562 3837 3692 3891 Deus
3719 3877 3732 3899 ,
3763 3847 3816 3889 ιιι

2250 3924 2451 3979 faceret
2478 3926 2560 3996 (si
2590 3933 2767 3984 tamen
2789 3925 3071 3980 dicendum
3096 3936 3178 3980 est
3214 3925 3282 3982 de
3328 3927 3435 3981 Deo
3458 3969 3474 3995 ,
3524 3929 3814 4002 Cogitavit)

2249 4017 2427 4069 ca’lum
2449 4056 2464 4080 ,
2493 4026 2675 4070 terram
2703 4057 2715 4076 .
2739 4033 2880 4070 mare
2904 4060 2916 4080 ,
2945 4026 2990 4071 et
3011 4019 3180 4070 onmia
3200 4035 3311 4088 qua'
3330 4019 3382 4071 in
3403 4020 3473 4072 eis
3497 4019 3648 4073 sunt?
3671 4019 3820 4073 Forte

2248 4108 2486 4162 dicturus
2516 4117 2629 4162 erat
2661 4107 2820 4161 homo
2847 4109 2976 4163 iste:
3008 4108 3170 4162 Video
3195 4109 3409 4177 quidem
3440 4113 3617 4163 omnia
3643 4126 3818 4180 magna

2249 4199 2387 4255 ista:
2421 4199 2612 4252 cmlum
2663 4208 2716 4253 et
2747 4208 2978 4262 terram,
3023 4215 3168 4255 mare
3213 4199 3336 4254 fecit
3382 4202 3519 4256 Deus
3561 4219 3574 4256 :
3619 4203 3820 4272 quando

2252 4308 2335 4348 me
2360 4301 2631 4361 computat
2663 4293 2804 4346 Deus
2835 4293 2972 4346 inter
2997 4308 3057 4346 ea
3109 4309 3227 4362 qum
3263 4291 3430 4348 fecit?
3474 4303 3528 4348 et
3567 4310 3690 4348 vere
3734 4307 3822 4363 ego

2251 4385 2492 4452 pertinet)
2521 4383 2586 4436 ad
2615 4399 2796 4436 curam
2839 4384 3006 4452 ipsius
3033 4425 3046 4448 ,
3093 4395 3148 4438 et
3195 4383 3356 4438 modo
3403 4385 3469 4439 de
3513 4401 3597 4439 me
3641 4387 3822 4456 cogitat

2253 4474 2392 4528 Deus
2419 4516 2433 4540 ,
2463 4482 2552 4526 aut
2575 4475 2674 4528 scit
2697 4490 2765 4527 an
2795 4476 3008 4528 vivam?
3034 4474 3169 4542 Quid
3213 4484 3295 4530 est
3341 4476 3442 4530 hoc
3480 4477 3619 4542 quod
3665 4476 3821 4531 ilicis!

2251 4566 2366 4620 Non
2394 4567 2647 4634 subrepat
2672 4567 2762 4619 tibi
2791 4567 2926 4620 mala
2949 4567 3200 4635 Cogitatio
3228 4568 3278 4621 in
3314 4583 3446 4632 cor;
3490 4568 3560 4623 de
3600 4568 3686 4623 bis
3718 4578 3820 4624 esto

2253 4657 2318 4712 de
2348 4659 2538 4726 quibus
2561 4657 2717 4725 paulo
2738 4669 2858 4712 ante
2880 4659 3231 4727 loquebamur
3256 4700 3272 4724 ,
3295 4658 3543 4712 Laudabo
3569 4659 3818 4712 Dominum

2253 4751 2305 4802 in
2332 4751 2430 4802 vita
2467 4765 2577 4802 mea
2601 4790 2616 4813 ,
2646 4750 2858 4818 psallam
2887 4747 2994 4802 Deo
3019 4765 3128 4802 meo
3164 4751 3402 4818 quamdiu
3427 4766 3561 4803 sum.
3597 4749 3701 4804 Sed
3729 4752 3814 4802 iSIe

2254 4841 2387 4894 alios
2407 4841 2694 4908 alloquitur
2716 4883 2732 4907 ,
2757 4841 2938 4894 nescio
2959 4857 3095 4910 quos
3125 4842 3364 4910 tepidos,
3407 4857 3542 4912 quos
3582 4843 3820 4896 exhorta-

2258 4942 2344 4986 tur
2369 4971 2384 4994 ,
2415 4941 2466 4985 et
2487 4932 2638 5000 quasi
2669 4941 2882 4985 veretur
2908 4947 2972 4984 ne
3015 4931 3300 5000 desperent
3341 4933 3408 4987 de
3451 4948 3544 4995 se,
3585 4935 3707 5001 quia
3750 4946 3806 4984 re

2258 5041 2364 5079 non
2393 5025 2590 5078 suntin
2615 5033 2867 5091 computo
2891 5024 3006 5077 Dei.
3036 5024 3316 5078 Multorum
3361 5027 3501 5078 enim
3547 5026 3680 5080 tales
3717 5031 3822 5077 sunt

2260 5117 2629 5184 Cogitationes.
2664 5115 2768 5171 Sed
2819 5115 2939 5170 ideo
2980 5115 3234 5170 deserunt
3281 5118 3444 5170 Deum
3469 5159 3484 5182 ,
3525 5129 3575 5170 ct
3619 5124 3822 5186 pergunt

2259 5224 2354 5278 per
2381 5208 2627 5279 quaelibet
2659 5217 2871 5276 peccata
2890 5249 2904 5268 ,
2933 5207 3054 5277 quia
3088 5223 3189 5261 nou
3213 5208 3435 5262 credunt
3462 5223 3652 5262 curare
3677 5210 3819 5261 Deum

2260 5301 2383 5371 quid
2407 5311 2583 5370 agant.
2615 5299 2746 5352 Audi
2776 5298 2982 5368 eloquia
3007 5298 3181 5352 divina
3208 5339 3223 5361 ,
3247 5299 3352 5353 noli
3376 5298 3442 5352 de
3466 5307 3516 5352 te
3535 5298 3819 5367 desperare.

2261 5393 2360 5460 Qui
2387 5391 2594 5446 curavit
2623 5390 2800 5445 facere
2828 5401 2879 5444 te
2906 5430 2922 5453 ,
2947 5405 3052 5443 non
3093 5400 3242 5444 curat
3283 5391 3505 5444 reticere
3540 5399 3591 5444 te
3611 5388 3636 5428 ν
3659 5389 3822 5443 Nonne

2263 5483 2402 5538 Deus
2429 5493 2551 5537 tuus
2583 5483 2771 5552 estqui
2803 5481 2933 5537 fecit
2959 5483 3150 5537 (οωιιιιτι
3180 5523 3196 5546 ,
3235 5491 3288 5535 et
3317 5495 3509 5536 terram
3534 5523 3548 5547 ,
3581 5491 3634 5536 et
3658 5477 3820 5534 mare?

2263 5574 2317 5630 Si
2364 5575 2462 5628 ista
2517 5576 2628 5629 sola
2677 5575 2908 5640 diceret,
2953 5575 3089 5628 forte
3132 5573 3485 5644 responderes
3531 5583 3584 5626 tu
3629 5591 3641 5626 :
3701 5572 3819 5626 Deus

2329 5710 2347 5774 ξ
2384 5707 2549 5774 Plures
2573 5715 2660 5774 Mss
2683 5741 2696 5764 ,
2723 5705 3154 5774 ,φιαξνεηηνιὶῇσρηι
3177 5703 3358 5774 mundi.
3399 5763 3426 5774 ν,

2334 5771 2352 5800 ²
2387 5769 2515 5826 edd,
2544 5767 2868 5832 cogitationem
2895 5767 2916 5818 ?
2944 5767 3044 5817 Mss.
3074 5781 3207 5825 vero,
3237 5767 3527 5831 cogitatione.
