4084 6444
229 423 388 476 {$93

232 535 333 602 qui
392 531 504 586 fecit
561 530 792 594 ccelum,
847 537 900 582 et
944 535 1179 592 terram,
1243 535 1291 580 et
1353 539 1537 590 mare,
1589 538 1813 592 magnus

235 622 428 685 Deus;
467 619 559 674 sed
605 616 855 686 numquid
925 617 1121 686 cogitat
1189 615 1255 669 de
1309 615 1436 669 ine?
1479 614 1595 684 Ipse
1642 622 1692 668 te
1736 612 1814 666 fe-

228 713 354 779 cit,
395 711 660 766 diceretur
703 709 816 762 tibi.
863 707 1181 775 Quomodo?
1233 705 1486 776 numquid
1545 719 1643 775 ego
1695 719 1812 758 sum

230 804 431 856 emtum
458 841 471 864 ,
516 808 607 853 aut
655 814 754 868 ego
793 814 910 851 sum
960 807 1136 860 terra,
1185 805 1277 849 aut
1315 811 1414 864 ego
1457 809 1573 848 sam
1621 793 1814 847 mare?

229 891 306 946 Et
371 890 576 961 quidem
640 887 978 942 manifestum
1048 896 1161 950 est,
1234 901 1331 940 nec
1399 885 1591 940 malum
1650 900 1810 951 sum,

229 997 341 1036 nec
394 989 530 1034 terra
597 993 760 1042 sum,
834 991 932 1032 nec
990 993 1138 1030 mare
1195 990 1352 1040 sum;
1413 974 1507 1029 sed
1564 975 1617 1028 in
1672 982 1812 1028 terra

228 1083 374 1123 sum.
400 1068 490 1123 Vel
516 1068 618 1122 hoc
646 1067 896 1121 concedis
927 1067 1055 1120 mihi
1076 1107 1091 1132 ,
1123 1065 1244 1134 quia
1285 1066 1338 1119 in
1383 1074 1522 1119 terra
1564 1079 1642 1118 es.
1672 1064 1810 1120 Audi

230 1161 360 1230 quia
386 1176 486 1212 non
527 1169 734 1212 tantum
759 1158 951 1212 (mlum
981 1167 1036 1212 et
1063 1166 1258 1210 terram
1289 1168 1342 1211 et
1372 1172 1520 1212 mare
1549 1157 1685 1211 Deus
1728 1155 1811 1210 fe~

226 1252 311 1307 cit
335 1269 348 1304 :
375 1250 512 1305 Fecit
537 1253 677 1306 enim
696 1250 895 1314 cozlum,
915 1260 960 1304 et
986 1260 1192 1314 terram,
1212 1261 1256 1303 et
1272 1266 1426 1315 mare,
1443 1259 1487 1302 et
1509 1249 1678 1302 omnia
1699 1264 1810 1316 quis

230 1343 287 1397 in
314 1345 381 1397 eis
399 1353 530 1396 sunt.
551 1342 606 1398 Si
637 1359 762 1412 ergo
779 1343 948 1396 omnia
975 1357 1088 1410 qua?
1108 1343 1159 1394 in
1179 1342 1250 1395 eis
1276 1351 1412 1407 sunt,
1437 1349 1489 1394 et
1516 1351 1586 1395 te.
1617 1341 1807 1395 Parum

225 1433 373 1501 dico,
401 1444 453 1490 te
485 1452 499 1488 :
533 1449 827 1504 passerem,
847 1435 1121 1498 locustam,
1149 1433 1533 1495 vermiculum;
1561 1431 1689 1484 nihil
1713 1431 1809 1485 ho-

230 1539 354 1579 rum
381 1541 480 1578 non
503 1525 591 1579 ille
617 1523 761 1590 fecit,
781 1535 972 1579 etcura
994 1532 1077 1578 est
1107 1523 1180 1577 illi
1211 1523 1278 1577 de
1304 1523 1570 1576 omnibus.
1597 1521 1710 1576 Non
1739 1521 1806 1576 ad

226 1626 549 1686 prxceptum
588 1632 717 1671 cura
759 1625 881 1682 est;
925 1633 1044 1670 nam
1095 1624 1417 1685 praeceptum
1463 1615 1564 1669 soli
1606 1615 1805 1669 homini
1837 1652 1850 1696 ὲ

223 1707 398 1763 dedit.
423 1709 554 1762 Dicit
579 1709 720 1764 enim
751 1709 1010 1778 psalmus:
1037 1706 1280 1760 Homines
1320 1717 1364 1760 et
1383 1708 1618 1774 jumenta
1642 1706 1805 1760 salvos
1841 1697 1848 1702 ”

223 1801 416 1869 facies.
445 1799 686 1864 Domine;
716 1799 989 1853 secundum
1035 1798 1408 1852 mollitudinem
1449 1799 1806 1852 misericordia:

219 1898 367 1953 tum,
393 1889 528 1944 Deus
563 1888 732 1961 (Psal.
759 1905 900 1944 xxxv
920 1931 935 1954 ,
959 1889 990 1942 7
1015 1931 1030 1954 ,
1053 1888 1130 1958 8).
1161 1887 1534 1942 Multitudinem
1556 1929 1570 1951 ,
1603 1888 1798 1957 inquit,

222 1985 584 2038 misericordiw
604 1995 704 2037 tua:
717 2000 736 2048 ,°
761 1983 1034 2036 secundum
1057 1981 1192 2034 hanc
1218 1981 1382 2035 salvos
1406 1982 1557 2051 facies
1579 1981 1803 2034 homines

225 2089 271 2133 ct
292 2081 544 2150 jumenta.
576 2080 639 2134 Et
669 2081 955 2148 Apostolus
988 2095 1002 2132 :
1039 2077 1304 2148 Numquid
1330 2079 1392 2131 de
1411 2077 1564 2133 bobus
1586 2095 1709 2132 cura
1730 2089 1802 2134 est

225 2167 370 2223 Deo?
399 2170 530 2235 liae,
555 2168 633 2222 De
665 2169 818 2223 bobus
844 2185 967 2222 cura
997 2185 1100 2223 non
1124 2178 1196 2222 est
1220 2167 1362 2233 Deo;
1391 2168 1489 2222 hac
1511 2209 1526 2234 ,
1558 2168 1801 2224 Homines

217 2268 269 2312 et
295 2259 534 2328 juntenta
567 2261 732 2313 salvos
761 2261 936 2330 facies,
971 2258 1222 2312 Domine:
1251 2259 1506 2328 numquid
1537 2260 1799 2313 Contraria

219 2363 340 2404 smit
371 2353 470 2404 ista
493 2350 516 2403 ?
544 2351 679 2418 Quid
704 2356 845 2406 enim
876 2353 950 2404 ait
981 2350 1300 2420 Apostolus?
1328 2348 1594 2422 Numquid
1619 2351 1679 2404 de
1708 2351 1799 2404 bo-

218 2443 305 2496 bus
335 2445 552 2514 pertinet
582 2444 650 2496 ad
675 2443 832 2497 Deum
851 2445 877 2497 7
909 2442 1004 2498 Ubi
1035 2451 1116 2496 est
1159 2451 1512 2512 praeceptum,
1547 2441 1670 2495 Βοινὶ
1705 2442 1797 2494 tri-

213 2535 412 2587 turmtti
440 2551 497 2587 os
529 2550 626 2587 non
655 2533 932 2604 infrenabis
953 2533 998 2601 (Ι
1030 2533 1146 2586 Cor.
1179 2549 1250 2598 ιε,
1279 2531 1345 2596 9;
1379 2531 1527 2585 Deut.
1553 2548 1676 2598 xxv,
1701 2530 1754 2602 4)
1779 2548 1792 2596 ;

216 2624 285 2679 ibi
308 2624 379 2679 de
408 2627 578 2679 bobus
607 2640 710 2678 non
731 2625 980 2695 cogitavit
1013 2625 1186 2678 Deus?
1220 2625 1398 2693 Itaque
1425 2625 1680 2693 quosdam
1705 2626 1800 2678 bo-

213 2731 305 2770 ves
331 2717 503 2770 voluit
540 2716 847 2786 signiﬁcari.
879 2716 991 2770 Non
1020 2717 1160 2769 enim
1202 2715 1302 2770 hoc
1331 2725 1476 2770 curat
1513 2716 1650 2769 Deus
1680 2730 1795 2769 nio-

214 2822 343 2862 nerc
373 2807 499 2876 quid
531 2822 656 2875 agas
693 2822 814 2862 cum
857 2807 1058 2871 bobus;
1108 2807 1266 2861 habet
1310 2806 1409 2860 hoc
1456 2815 1640 2860 natura
1681 2807 1792 2875 ipsa

207 2897 467 2952 humana.
501 2900 588 2952 Sic
623 2899 790 2952 lactus
819 2908 902 2953 est
931 2898 1092 2952 homo
1114 2939 1129 2964 ,
1163 2907 1219 2951 ut
1249 2899 1389 2951 norit
1412 2899 1794 2968 consulereju-

209 2993 412 3047 mentis
439 2992 549 3045 suis
578 3008 590 3044 :
623 3007 722 3046 nec
751 2991 873 3046 inde
905 3002 1165 3061 pra-cepta
1205 3006 1234 3044 a
1277 2991 1384 3044 Deo
1429 2993 1665 3062 accepit,
1696 2993 1794 3048 sed

207 3083 537 3136 insinuatum
559 3093 640 3136 est
668 3082 740 3136 illi
763 3083 812 3135 in
832 3090 1060 3135 mentem
1091 3096 1121 3134 a
1158 3082 1284 3146 Deo,
1317 3090 1373 3135 ut
1407 3084 1571 3150 possit
1601 3092 1656 3136 et
1677 3084 1794 3138 sine

205 3185 487 3244 princepto
505 3173 707 3236 facere;
737 3173 859 3226 fecit
882 3173 1027 3226 illum
1061 3174 1218 3226 talem
1255 3173 1412 3226 Dens.
1443 3173 1548 3227 Sed
1571 3190 1794 3244 quomo-

203 3265 282 3317 do
314 3265 448 3329 regit
471 3279 653 3334 pecus,
684 3262 948 3332 regendus
974 3272 1054 3317 est
1075 3262 1141 3315 ab
1164 3262 1267 3315 alio
1293 3279 1306 3326 ;
1334 3263 1400 3317 ab
1428 3277 1494 3317 eo
1520 3279 1549 3317 a
1579 3279 1682 3332 quo
1703 3279 1791 3318 rc-

199 3355 372 3424 gitur,
402 3361 726 3422 praeceptum
753 3353 977 3421 accepit.
1007 3352 1084 3406 Ad
1108 3355 1354 3421 praecepti
1378 3369 1504 3423 ergo
1530 3363 1787 3421 tenorem,

197 3461 321 3500 non
351 3455 419 3500 est
444 3446 506 3498 de
529 3445 681 3500 bobus
710 3462 830 3498 cura
861 3443 970 3498 Deo
1002 3444 1099 3498 :ad
1124 3445 1506 3515 providentiam
1531 3448 1791 3502 universi-

201 3540 356 3602 tatis,
379 3555 479 3608 qua
510 3540 707 3594 creavit
731 3540 904 3592 omnia
929 3547 982 3592 et
1009 3539 1262 3592 ninndum
1297 3540 1450 3610 regit,
1475 3538 1716 3595 Homines
1743 3549 1789 3595 et

196 3633 435 3703 iumenta
457 3631 620 3686 salvos
645 3631 817 3701 facies.
846 3630 1080 3683 Domine.

288 3722 370 3776 14.
421 3721 660 3776 lntcndat
686 3720 928 3775 Charitas
957 3731 1156 3775 vestra.
1201 3720 1297 3774 llic
1327 3721 1456 3776 forte
1484 3721 1673 3791 aliquis
1703 3721 1787 3776 di-

193 3823 297 3868 cat
317 3813 442 3866 mihi
478 3812 553 3883 (a)
589 3830 601 3866 :
629 3812 703 3867 De
724 3812 872 3866 Novo
906 3812 1241 3867 Testamento
1261 3822 1360 3874 est,
1387 3813 1506 3881 quia
1539 3812 1617 3866 De
1635 3813 1788 3867 bobus

199 3918 318 3956 non
345 3903 551 3971 pertinet
572 3901 639 3955 ad
668 3902 824 3955 Deum
851 3919 869 3955 :
901 3901 1144 3955 Homines
1187 3912 1230 3954 et
1247 3903 1480 3971 jumenta
1507 3903 1671 3956 salvos
1708 3906 1787 3972 [a-

195 3995 334 4055 cies.
364 3993 596 4058 Domine,
621 3993 686 4048 de
713 3993 889 4048 Veteri
917 3993 1255 4048 Testamento
1282 3995 1380 4046 cst.
1425 3991 1558 4046 Sunt
1581 3993 1666 4061 qui
1693 4007 1785 4047 ca-

201 4085 550 4151 lumnientur,
579 4097 632 4140 et
659 4086 838 4141 dicant
866 4101 970 4140 non
996 4086 1094 4140 sibi
1116 4100 1409 4140 consonare
1435 4084 1533 4139 ista
1554 4083 1658 4138 duo
1679 4084 1784 4140 Te-

200 4185 486 4231 stamenta.
541 4176 618 4232 Ne
667 4176 803 4231 forte
841 4176 984 4230 aliud
1023 4177 1166 4230 dicat
1207 4178 1255 4229 in
1290 4175 1502 4239 Vetere,
1549 4176 1692 4230 aliud
1730 4177 1781 4231 in

201 4264 375 4330 Novo,
415 4276 466 4321 et
512 4266 707 4336 ﬂagitet
745 4267 810 4321 de
851 4282 934 4321 me
974 4268 1289 4322 sententiain
1333 4266 1401 4321 de
1443 4266 1590 4322 Novo
1625 4268 1784 4323 talem

201 4359 376 4430 qualis
403 4359 515 4413 haec
544 4369 645 4424 est,
679 4359 921 4412 Homines
955 4369 1000 4412 et
1015 4359 1248 4443 jumeuta
1272 4361 1438 4413 salvos
1467 4360 1644 4429 facies,
1672 4359 1783 4414 Do-

203 4450 379 4515 mine;
422 4451 546 4521 quid
585 4450 764 4506 facio?
796 4451 935 4506 Nihil
975 4460 1078 4505 tam
1125 4452 1176 4505 in
1220 4453 1393 4523 capite
1427 4453 1556 4507 Novi
1597 4453 1783 4508 Testa-

205 4543 394 4608 menti,
426 4558 581 4612 quam
614 4543 980 4613 Evangelium.
1023 4541 1077 4596 ln
1108 4543 1392 4611 Evangelio
1414 4544 1626 4598 invenio
1659 4545 1783 4613 quia

204 4634 381 4690 omnia
404 4635 500 4688 ista
526 4635 789 4703 pertinent
808 4633 872 4686 ad
898 4634 1082 4698 Deum,
1112 4649 1268 4687 nemo
1292 4630 1392 4687 erit
1414 4634 1523 4702 jam
1553 4635 1636 4703 qui
1657 4650 1782 4689 con-

206 4723 450 4778 tradicat.
483 4723 744 4794 Numquid
773 4725 913 4780 enim
938 4725 1221 4793 Apostolus
1250 4723 1536 4794 Evangelia
1565 4736 1782 4780 contra-

210 4815 323 4871 rius
354 4817 495 4871 erit?
535 4817 826 4871 Audiamus
857 4817 1025 4886 ipsum
1059 4816 1358 4879 Dominum,
1397 4818 1684 4886 principem
1729 4826 1783 4872 et

210 4905 516 4975 magistrum
539 4908 936 4977 Apostolorum.
959 4907 1227 4978 Respieite,
1252 4907 1438 4976 inquit,
1456 4908 1675 4962 volatilia
1693 4924 1786 4962 cae-

209 4998 272 5058 li.
291 5000 402 5068 quia
419 5016 520 5053 non
535 5001 802 5065 seminam,
831 5016 984 5070 neque
1002 5009 1211 5065 metunt,
1232 5016 1388 5068 neque
1405 5009 1706 5071 congregant
1731 5001 1784 5054 in

207 5091 423 5151 horrea:
451 5101 498 5144 et
530 5089 686 5146 Pater
725 5101 881 5146 vester
908 5093 1116 5145 caelestis
1153 5091 1312 5160 pascit
1344 5092 1433 5145 illa
1471 5089 1679 5160 (Matth.
1709 5107 1779 5156 γι,

205 5179 321 5248 26).
349 5180 488 5252 Ergo
513 5191 567 5237 et
587 5193 779 5252 praeter
797 5183 1085 5248 hominem,
1117 5183 1366 5236 animalia
1389 5183 1486 5236 ista
1513 5184 1784 5252 pertinent

206 5271 277 5328 ad
302 5288 475 5329 curam
499 5275 614 5340 Dei,
647 5285 700 5328 ut
728 5285 1031 5345 pascantur,
1062 5289 1168 5329 non
1209 5283 1264 5326 ut
1301 5274 1468 5342 legem
1499 5273 1778 5342 accipiant.

205 5363 352 5432 Quod
387 5381 514 5437 ergo
539 5366 606 5420 ad
645 5365 871 5421 dandam
907 5366 1075 5435 legem
1114 5371 1321 5428 attinet,
1352 5363 1422 5418 de
1463 5363 1630 5417 bobus
1655 5378 1782 5419 cura

207 5457 316 5512 Deo
355 5473 459 5512 non
513 5469 628 5524 est;
683 5459 824 5530 quod
872 5469 1048 5512 autem
1097 5456 1161 5511 ad
1203 5456 1449 5519 (manda,
1497 5455 1779 5527 pascendo,

205 5547 540 5618 gubernanda
569 5558 622 5604 et
661 5550 910 5619 regenda,
950 5551 1127 5605 omnia
1169 5548 1233 5602 ad
1281 5548 1446 5602 Deum
1493 5548 1779 5616 pertinent.

209 5637 388 5696 Nonne
402 5642 501 5695 duo
534 5659 758 5710 passeres
787 5659 898 5696 asse
927 5651 1136 5695 veneunt
1159 5641 1445 5710 (Dominus
1460 5640 1612 5695 Jesus
1627 5639 1751 5694 Cln-i
1767 5671 1782 5681 ο

206 5741 314 5785 stus
334 5731 517 5802 dicit),
549 5742 592 5785 et
619 5749 751 5786 unus
786 5748 848 5786 ex
885 5733 954 5785 eis
985 5747 1082 5784 non
1115 5733 1256 5784 cadet
1283 5733 1331 5784 in
1359 5741 1542 5784 ter-ram
1565 5731 1671 5785 sine
1701 5746 1784 5783 vo—

267 5842 335 5904 (tt)
362 5845 442 5891 uie
465 5843 780 5907 designantur
804 5841 1061 5890 \tunichmi.

1332 412 1722 468 [NARRATIO
1761 411 1827 466 IN
1866 411 2189 471 PSALMUM
2229 417 2431 474 CXLV.

3363 425 3497 481 1894

1923 524 2116 580 luntate
2133 526 2305 584 Patris
2325 532 2510 586 vestri?
2535 531 2734 600 Quanto
2756 535 2912 606 magis
2935 551 3017 590 vos
3044 536 3201 604 pluris
3219 538 3332 592 esti.
3355 539 3458 592 illis
3474 541 3499 592 .’

1919 614 2035 671 Noli
2063 635 2193 689 ergo
2231 621 2409 677 dicere
2441 641 2452 674 :
2493 622 2607 678 Non
2653 627 2890 693 pertineo
2923 625 2987 679 ad
3031 627 3216 681 Deum.
3261 627 3503 682 Pertinet

1917 707 1984 761 ad
2017 709 2178 764 Deum
2210 714 2382 766 anima
2412 723 2519 778 tua,
2555 716 2777 783 pertinet
2809 716 2873 770 ad
2901 717 3065 772 Deum
3091 733 3283 787 Corpus
3311 727 3492 784 tuum;

1917 796 2037 866 Quia
2063 798 2199 854 Deus
2229 800 2350 856 fecit
2375 813 2424 858 et
2448 804 2676 857 animam
2710 815 2848 858 luam
2881 815 2935 860 et
2971 822 3161 874 corpus
3189 818 3355 860 tuum.
3404 808 3497 862 Di-

1916 889 1993 944 cis
2026 892 2194 946 lorte:
2239 893 2352 948 Non
2381 911 2466 950 me
2496 907 2738 950 numerat
2767 898 2905 952 Deus
2941 898 2991 952 in
3039 915 3223 965 magna
3255 899 3495 954 multitu-

1915 979 2059 1034 dine.
2089 982 2311 1037 Accedit
2342 984 2413 1038 ibi
2446 985 2634 1040 mirum
2660 986 2726 1040 de
2753 988 3072 1056 Evangelii):
3105 988 3292 1056 Capilli
3315 989 3495 1060 capitis

1915 1072 2061 1124 vestri
2085 1089 2254 1126 omnes
2283 1076 2526 1128 numerati
2552 1087 2666 1129 sunt
2690 1077 2898 1147 (Matth.
2931 1095 2982 1142 x,
3008 1078 3221 1149 29-51).

1990 1159 2076 1214 15.
2109 1158 2260 1233 [vers.
2285 1163 2337 1230 7,
2366 1162 2444 1238 8.]
2471 1165 2606 1234 Ergo
2633 1166 2770 1221 Deus
2807 1183 2955 1222 nieus
2978 1179 3076 1233 est,
3101 1183 3152 1222 et
3179 1169 3230 1221 in
3257 1169 3346 1222 illo
3367 1184 3490 1239 spes

1912 1265 2053 1315 mea,
2089 1255 2174 1322 qui
2199 1255 2316 1324 fecit
2343 1257 2518 1310 caelum
2545 1267 2590 1310 et
2629 1267 2832 1320 terram,
2875 1277 3013 1312 mare
3049 1270 3095 1313 et
3121 1261 3285 1312 omnia
3310 1278 3420 1329 (μαι)
3440 1261 3492 1314 in

1912 1341 1982 1394 eis
2004 1353 2140 1396 sunt.
2169 1343 2318 1412 Quod
2357 1358 2532 1400 autent
2574 1347 2638 1401 ad
2683 1365 2769 1403 inc
2804 1351 3049 1418 pertinet,
3089 1352 3210 1419 quid
3241 1353 3347 1420 agit
3373 1367 3490 1406 me-

1911 1434 2071 1485 cum?
2099 1433 2198 1498 Qui
2231 1437 2445 1489 custodit
2466 1439 2716 1492 veritatem
2738 1439 2787 1492 in
2819 1450 3079 1494 internum.
3114 1442 3175 1494 Et
3206 1441 3490 1495 amandum

1912 1520 2076 1576 Deum
2104 1527 2514 1592 commendavit,
2547 1540 2600 1582 et
2628 1529 2939 1583 timendum.
2986 1531 3082 1596 Qui
3121 1533 3334 1585 custodit
3357 1533 3491 1586 veri-

1910 1622 2062 1668 tatem
2079 1617 2130 1668 in
2146 1627 2406 1672 aeternum.
2437 1620 2601 1688 Quam
2625 1623 2899 1676 veritatem
2919 1623 3486 1694 inuiternuniiquam,
3518 1611 3524 1616 i

1908 1716 1962 1760 et
1989 1707 2038 1762 in
2068 1725 2174 1778 quo
2197 1711 2428 1766 cusmdit
2460 1714 2774 1767 veritatem?
2809 1713 3094 1768 Facientem
3121 1717 3372 1786 judicium
3403 1718 3488 1771 in-

1896 1799 2092 1868 juriam
2133 1803 2508 1870 accipientibus.
2561 1804 2802 1861 Vindicat
2861 1807 3104 1874 injuriam
3145 1809 3485 1878 accipientes,

1907 1886 2099 1943 fratres
2118 1891 2219 1945 inci
2241 1909 2255 1956 ;
2281 1894 2402 1948 facit
2423 1895 2526 1948 illis
2547 1895 2826 1964 judicium.
2844 1896 3081 1962 Quibus?
3103 1898 3202 1964 Qui
3221 1901 3488 1967 accipiunt

1907 1978 2174 2047 injuriam,
2207 1983 2429 2051 puniens
2467 2000 2655 2039 omnes
2692 1985 2997 2054 injuriostis.
3035 1988 3088 2042 Si
3130 2004 3257 2057 ergo
3293 1988 3490 2043 {avellit

1906 2067 2148 2136 injuriam
2175 2074 2555 2141 accipientibus
2576 2085 2628 2129 et
2649 2078 2832 2145 puniet
2860 2078 3161 2146 injuriosns,
3187 2079 3305 2133 vide
3328 2081 3488 2137 modo

1903 2158 1972 2214 de
1997 2178 2218 2230 quorum
2249 2180 2472 2219 numero
2515 2181 2634 2221 esse
2661 2168 2757 2220 vis.
2790 2167 2938 2234 Vide,
2978 2171 3191 2226 attende
3226 2182 3400 2226 nti-um
3435 2173 3485 2228 in

1903 2251 1980 2304 eis
2009 2253 2140 2307 velis
2169 2269 2308 2320 esse,
2359 2257 2446 2326 qui
2480 2257 2723 2326 injuriam
2769 2261 3055 2329 accipiunt,
3103 2278 3168 2315 an
3209 2263 3258 2316 in
3291 2265 3368 2317 eis
3397 2264 3484 2332 qui

1902 2341 2148 2412 injuriam
2197 2345 2415 2400 faciunt.
2467 2349 2653 2403 Statim
2704 2352 2843 2404 enim
2897 2352 2964 2406 atl
3009 2363 3060 2407 te
3110 2355 3343 2420 procedit
3380 2372 3483 2410 vox

1901 2435 2208 2502 apostolica,
2232 2448 2284 2490 et
2311 2436 2438 2491 dicit
2469 2439 2579 2504 tibi,
2612 2438 2732 2492 Jam
2767 2442 2969 2509 quidem
3010 2444 3211 2496 omnino
3241 2444 3482 2498 delictum

1901 2536 1991 2590 est,
2024 2528 2141 2595 quia
2152 2529 2350 2596 judicia
2373 2529 2563 2585 habetis
2587 2532 2856 2585 vobiscum.
2894 2533 3062 2600 Quare
3096 2552 3194 2588 non
3218 2540 3377 2608 magis
3404 2539 3483 2590 in-

1895 2617 2085 2686 iuriam
2129 2621 2358 2689 patimini
2407 2623 2460 2692 (Ι
2491 2621 2608 2677 Cor.
2655 2640 2730 2688 vr,
2782 2624 2890 2694 7)?
2936 2625 3163 2696 Corripit
3214 2627 3483 2695 homines.

1898 2708 2016 2776 quia
2039 2723 2138 2762 non
2166 2710 2434 2778 patiuntur
2454 2711 2849 2781 injttt‘i:tm.Nott
2871 2726 2923 2768 ut
2948 2719 3162 2785 patiaris
3183 2719 3482 2774 molestiam

1899 2804 1950 2852 te
2000 2797 2255 2867 hortatur,
2313 2801 2406 2856 sed
2457 2811 2513 2857 ut
2564 2805 2780 2873 patiaris
2829 2807 3072 2874 injuriam
3113 2827 3126 2860 :
3179 2825 3281 2861 non
3334 2811 3477 2864 enim

1897 2891 2070 2944 omnis
2102 2893 2341 2946 molestia
2386 2895 2574 2964 injuria
2604 2907 2705 2949 est.
2738 2897 2999 2967 Quidquid
3028 2899 3166 2953 enim
3197 2917 3310 2966 jure
3339 2909 3486 2970 pate-

1896 2980 1991 3047 ris,
2023 2997 2126 3035 non
2161 2993 2240 3038 est
2271 2984 2480 3053 injuria.
2532 2985 2610 3041 Ne
2649 2986 2784 3042 forte
2821 2987 3028 3042 dicvres
3061 3005 3074 3042 τ
3121 2989 3185 3042 Et
3218 3006 3317 3061 ego
3346 2991 3484 3045 inter

1896 3072 2140 3142 injuriam
2169 3090 2354 3144 passos
2395 3094 2682 3144 numeror;
2727 3096 2846 3132 nam
2877 3080 3004 3133 illud
3051 3081 3102 3134 in
3140 3082 3231 3134 illo
3260 3084 3480 3144 loco,.et

1894 3164 2021 3220 illud
2049 3181 2208 3220 causa
2242 3169 2326 3222 illa
2354 3184 2541 3238 passus
2570 3187 2706 3224 sum.
2756 3171 2885 3226 Vide
2921 3173 2965 3227 si
3010 3175 3254 3241 injuriam
3293 3191 3481 3244 passus

1891 3271 1970 3309 es.
1999 3256 2257 3314 Latrones
2281 3262 2444 3314 multa
2478 3263 2766 3329 patiuntur,
2791 3264 2883 3318 sed
2916 3281 3019 3318 non
3048 3266 3292 3334 injuriam
3316 3285 3328 3320 :
3355 3285 3477 3324 scc-

1891 3345 2065 3410 lerati,
2118 3347 2361 3416 maleﬁci,
2426 3350 2752 3417 eiiractorcs,
2803 3353 3057 3418 adulteri,
3113 3367 3476 3426 corruptores,

1891 3451 2077 3491 omnes
2112 3443 2383 3508 patiuntur
2425 3444 2586 3496 multa
2621 3444 2779 3510 mala,
2826 3446 2918 3500 sed
2962 3448 3101 3500 nulla
3143 3459 3224 3502 est
3265 3450 3475 3519 injuria.

1890 3530 2046 3585 Aliud
2072 3541 2151 3586 est
2181 3533 2285 3601 pati
2314 3533 2596 3601 iujnriam;
2625 3525 2765 3590 aliud
2795 3539 2898 3607 pati
2932 3539 3345 3608 tribulationem,
3383 3551 3478 3597 aut

1892 3637 2124 3691 poenam,
2165 3634 2256 3678 aut
2303 3625 2623 3694 molestiam,
2674 3637 2765 3682 aut
2800 3629 3136 3699 supplicium.
3184 3631 3474 3688 Considera

1891 3713 1977 3768 tibi
2007 3716 2100 3777 sis,
2142 3715 2266 3786 quid
2300 3718 2470 3787 egeris
2500 3719 2638 3785 vide,
2671 3735 2835 3787 quare
2867 3722 3079 3788 patiaris
3109 3721 3263 3784 vide;
3317 3732 3370 3776 et
3402 3723 3473 3777 ibi

1889 3804 2038 3859 vides
2063 3807 2184 3876 quid
2215 3807 2451 3876 patiaris.
2495 3809 2589 3864 Jns
2614 3819 2668 3863 et
2695 3811 2881 3880 injuria
2911 3812 3176 3864 contraria
3202 3823 3342 3865 sunt.
3372 3811 3470 3868 Jus

1891 3897 2028 3950 enim
2057 3905 2138 3950 est
2180 3898 2320 3967 quod
2362 3900 2555 3968 justum
2596 3909 2697 3954 est.
2745 3900 2926 3970 Neque
2967 3902 3106 3954 enim
3145 3916 3302 3956 omne
3327 3903 3469 3970 (ιιιυά

1882 3987 1971 4059 jus
2011 3988 2224 4056 dicitur,
2263 3992 2351 4059 jus
2389 4000 2488 4046 est.
2536 3992 2669 4060 Quid
2709 3994 2752 4047 si
2791 3992 2981 4061 aliquis
3014 3993 3206 4046 condat
3236 3993 3324 4062 jus
3363 3995 3472 4048 ini-

1888 4080 2088 4150 quum?
2117 4080 2224 4134 Nec
2249 4081 2336 4149 jus
2361 4081 2645 4135 dicendum
2674 4091 2775 4147 cst,
2819 4082 2863 4136 si
2906 4083 3156 4152 injustam
3197 4093 3298 4138 est.
3339 4083 3468 4138 Illud

1888 4186 2015 4240 ergo
2041 4186 2221 4225 rerum
2239 4171 2346 4240 jus,
2379 4171 2517 4242 quod
2547 4173 2706 4226 etiam
2725 4172 2925 4242 justum
2953 4182 3055 4229 est.
3086 4173 3214 4228 Vide
3239 4174 3363 4244 quid
3389 4174 3469 4228 le-

1887 4263 2048 4325 ceris,
2079 4279 2183 4316 non
2215 4263 2343 4333 quid
2369 4263 2605 4332 patiaris.
2636 4263 2690 4318 Si
2714 4265 2801 4330 jus
2832 4264 3022 4329 iecisti,
3047 4265 3294 4336 iujuriam
3324 4275 3470 4337 pate-

1888 4355 1960 4409 ris
1988 4369 2001 4407 :
2036 4354 2078 4408 si
2112 4353 2355 4422 iujuriam
2387 4353 2578 4419 fecisti,
2603 4354 2688 4424 jus
2717 4355 2934 4424 pateris.

1961 4447 2045 4500 16.
2069 4445 2240 4514 Quare
2271 4446 2367 4500 ista
2389 4446 2518 4510 dixi,
2547 4447 2737 4500 l‘ratres
2761 4446 2876 4519 (a)?
2903 4446 2970 4502 Ut
2995 4463 3100 4502 non
3125 4462 3183 4503 se
3213 4449 3469 4506 extollant

1888 4538 2144 4604 liieretici,
2170 4538 2380 4608 quando
2412 4541 2549 4594 forte
2583 4538 2778 4608 aliquid
2812 4540 3080 4607 patiuntur
3118 4556 3180 4594 ex
3208 4542 3466 4608 jussioiii-

1886 4629 1984 4684 bus
2026 4630 2316 4698 principum
2362 4641 2732 4692 terrenarum;
2775 4645 2878 4684 non
2927 4646 2985 4684 se
3027 4640 3305 4683 numerent
3332 4631 3470 4686 inter

1886 4735 1981 4774 eos
2017 4720 2104 4789 qni
2149 4719 2366 4787 injurias
2403 4721 2686 4790 accipiunt,
2717 4730 2770 4773 et
2797 4720 2971 4773 dicunt
2999 4735 3012 4770 :
3059 4719 3195 4773 Ecce
3226 4720 3469 4777 Psalmus

1887 4810 2192 4866 consolatur
2221 4825 2342 4872 me;
2372 4827 2469 4880 ego
2491 4812 2628 4865 enim
2657 4811 2818 4865 Deum
2849 4811 2985 4873 colo,
3017 4811 3103 4880 qui
3112 4811 3367 4879 judicium
3387 4814 3468 4883 fa-

1887 4901 1979 4954 ciet
2019 4900 2257 4970 injuriam
2289 4900 2666 4969 accipientibus.
2717 4902 2875 4954 ltecte
2905 4915 3088 4969 qumro
3119 4915 3290 4955 utrum
3326 4903 3466 4973 inju-

1888 4991 2022 5046 riam
2044 4991 2292 5058 accipias.
2318 4990 2371 5045 Si
2397 4991 2483 5060 jus
2507 4991 2697 5056 fecisti,
2723 4991 2908 5059 injuria
2949 5003 3030 5046 est
3056 5009 3214 5061 quam
3246 4998 3467 5063 pateris.

1887 5081 1983 5136 Jus
2009 5092 2091 5136 est
2127 5081 2406 5136 exsufﬂare
2436 5081 2740 5136 Christum?
2767 5083 2856 5150 jus
2894 5092 2976 5137 est
3015 5083 3193 5137 rebelli
3221 5086 3466 5153 superbia

1888 5175 2093 5243 erigere
2122 5173 2325 5227 altare?
2359 5173 2446 5242 jus
2472 5183 2554 5228 est
2581 5174 2620 5238 ί,
2671 5175 3009 5241 parcentibns
3041 5178 3468 5244 persecutoribus

1889 5267 2081 5322 tunica:
2128 5267 2320 5320 Christi
2375 5265 2551 5334 (Joan.
2609 5282 2714 5332 xix,
2764 5267 2877 5334 24),
2923 5267 3213 5323 Ecclesiam
3272 5270 3469 5326 Christi
3534 5249 3539 5253 η

1889 5355 2272 5412 conscindere?
2319 5356 2483 5410 Porro
2517 5357 2559 5409 si
2587 5356 2686 5410 hoc
2705 5357 2794 5426 jus
2823 5373 2926 5411 non
2956 5367 3058 5424 est,
3090 5359 3343 5430 quidquid
3374 5377 3470 5431 pro

1890 5447 1990 5504 hoc
2012 5449 2225 5517 pateris,
2252 5448 2340 5517 jus
2367 5457 2466 5503 est.
2499 5447 2612 5501 Non
2640 5464 2696 5502 es
2726 5464 2853 5518 ergo
2873 5449 2940 5504 de
2972 5450 3053 5504 his
3081 5453 3166 5520 qui
3196 5455 3468 5521 patiuntur

1891 5537 2156 5606 injuriam.
2211 5537 2352 5607 Lego
2398 5539 2594 5606 aliquid
2646 5538 2978 5596 manifestius
3025 5557 3092 5594 ex
3142 5543 3462 5612 Evangelio:

1891 5629 2032 5684 Beati
2059 5671 2072 5694 ,
2107 5629 2292 5699 inquit,
2316 5631 2402 5699 qui
2424 5616 2820 5698 persecutionem
2845 5635 3119 5702 patiuntur.
3164 5633 3426 5703 Exspecta
3449 5651 3467 5692 :

1957 5724 1971 5792 ξ
2009 5720 2376 5792 pleriqueatssn
2392 5720 2451 5790 fi.
2473 5720 2552 5778 ius
2572 5727 2641 5792 est
2663 5721 2917 5792 exsuﬁlare
2934 5723 3176 5792 Christum
3199 5737 3227 5792 _:_
3243 5724 3287 5776 si
3299 5726 3385 5788 jus
3399 5732 3470 5778 est

1891 5781 2057 5849 rebelli
2082 5781 2307 5843 superbia
2328 5781 2515 5849 ei‘i'tere
2537 5783 2689 5832 altare
2713 5781 2882 5844 :sijtts
2903 5791 2970 5835 est
2994 5781 3316 5849 ponentibus;
3339 5796 3436 5839 etc.

1957 5846 2027 5905 (τι)
2053 5851 2112 5889 tto
2133 5854 2217 5890 :tra
2244 5846 2525 5892 t):matist.as.
