4084 6458
648 382 786 439 1895

645 495 773 567 quid
827 492 1088 549 festinas?
1138 490 1262 561 quid
1308 489 1475 555 dicis,
1540 487 1651 556 Ego
1704 485 1866 540 sum?
1932 484 2220 554 Exspecta,

650 600 896 655 mquam;
928 590 1094 635 totum
1134 580 1323 649 legam.
1368 576 1593 638 Audisti,
1626 574 1769 629 Beati
1802 575 1888 643 qui
1920 574 2221 643 persecutio-

649 693 762 729 nem
788 671 1202 744 patiuntur;jam
1232 670 1322 723 tibi
1347 669 1526 723 nescio
1541 667 1665 736 quid
1686 680 1926 733 occperas
1953 678 2220 732 arrogare.

645 766 701 821 Si
733 742 1011 834 permittis,
1054 772 1219 815 totum
1249 760 1404 829 lego;
1456 757 1574 812 vide
1600 755 1724 827 quid
1755 742 2025 823 sequatur.
2074 752 2217 805 Beati

644 859 729 928 qui
768 854 1155 925 persecutionem
1197 852 1455 921 patiuntur
1486 858 1689 918 propter
1721 847 1972 918 justitiam
2011 844 2219 908 (Matth.

645 947 833 1015 v,10j.
884 944 1038 999 Modo
1089 943 1194 1007 dic,
1249 942 1359 1011 Ego
1400 956 1537 994 sum.
1586 939 1640 994 Si
1682 938 1845 992 audes
1880 936 2078 1000 dicere,
2113 934 2223 1004 Ego

644 1054 760 1092 Sum
787 1054 802 1103 ;
834 1037 1104 1106 superiora
1150 1050 1269 1103 qu:e
1294 1033 1399 1085 dixi
1432 1040 1781 1085 retractemus
1810 1046 1823 1081 :
1853 1038 1961 1091 aut,
2006 1044 2072 1082 ne
2103 1026 2220 1081 lon-

568 1148 573 1153 '
644 1145 767 1198 gum
806 1129 894 1191 sit,
943 1126 1043 1179 hoc
1076 1140 1235 1177 unum
1280 1122 1589 1189 interrogo:
1632 1120 1687 1174 Si
1733 1118 2016 1173 damnares
2057 1133 2218 1170 unum

646 1220 935 1280 hominem,
975 1214 1126 1282 cujus
1157 1228 1367 1267 Causam
1408 1209 1657 1273 nescires,
1700 1208 1925 1262 auderes
1955 1218 2004 1261 te
2041 1206 2221 1261 dicere

645 1318 827 1362 tenere
858 1302 1156 1373 justitiam?
1198 1310 1306 1365 aut,
1356 1301 1398 1353 si
1428 1298 1548 1367 quid
1581 1313 1674 1367 pro
1704 1297 1801 1351 hac
1830 1313 1888 1351 re
1920 1311 2104 1365 passus
2130 1311 2216 1349 es-

644 1411 751 1461 ses,
797 1394 1037 1463 iujuriam
1088 1389 1427 1444 nominares?
1478 1389 1647 1457 Erigis
1683 1398 1733 1442 te
1778 1388 1827 1441 in
1881 1386 2217 1441 temerarium

645 1485 871 1540 tribunal
898 1483 1071 1537 cordis
1102 1482 1196 1544 tui,
1230 1480 1367 1535 unde
1401 1478 1747 1549 przecipitcris
1772 1495 1784 1541 ;
1810 1486 1864 1533 ει
1886 1480 2049 1531 audes
2078 1478 2217 1532 ferre

647 1574 964 1631 sententiam
985 1572 1050 1627 de
1072 1571 1284 1626 homine
1311 1571 1461 1639 cujus
1477 1586 1689 1624 causam
1720 1570 1887 1622 nescis
1907 1571 1918 1622 !
1942 1569 2050 1622 Hoc
2080 1569 2123 1623 si
2153 1568 2219 1623 de

642 1682 749 1720 uno
771 1664 981 1717 homine
1011 1662 1231 1727 faceres,
1263 1676 1411 1715 esses
1443 1661 1666 1729 iujustus
1692 1678 1703 1710 :
1734 1659 1860 1712 facis
1884 1658 1985 1713 hoc
2010 1659 2074 1713 de
2107 1667 2217 1713 toto

640 1758 771 1811 orbe
814 1764 1095 1819 terrarum,
1146 1763 1197 1807 et
1219 1753 1391 1821 justus
1419 1752 1510 1805 es?
1560 1751 1772 1805 Fratres
1799 1749 2117 1814 charissimi,
2163 1758 2218 1804 et

640 1862 759 1917 qua:
798 1857 878 1900 est
906 1861 1023 1915 qua:
1052 1844 1243 1914 patitur
1270 1844 1534 1912 injuriam,
1565 1843 1662 1895 nisi
1695 1842 1927 1895 Ecclesia
1958 1842 2216 1895 catholica

642 1954 760 2008 qua:
783 1947 923 1991 tanta
947 1938 1043 1991 ista
1070 1936 1397 2007 perpetitur?
1443 1935 1581 1988 luter
1607 1943 1682 1987 tot
1710 1934 1959 1988 seandala
2000 1934 2213 1987 lucreti-

641 2044 824 2083 eorum
864 2028 1056 2096 gemit;
1102 2027 1241 2079 videt
1284 2042 1377 2094 per
1417 2026 1580 2078 malas
1610 2026 1881 2077 suasiones
1910 2034 1963 2077 et
2006 2023 2215 2078 fraudes

639 2119 753 2187 rapi
793 2116 857 2171 de
891 2118 1092 2187 gremio
1132 2130 1228 2170 Suo
1268 2117 1523 2180 infirmos,
1569 2116 1814 2183 parvulos
1851 2114 2078 2183 pretralti
2121 2130 2216 2184 per

638 2209 819 2263 nescio
849 2225 964 2278 quae
992 2219 1194 2261 secreta
1228 2207 1479 2260 malarum
1525 2206 1894 2275 speluncarum
1920 2247 1935 2268 ,
1980 2207 2213 2275 rebapti-

638 2300 765 2364 zari,
805 2298 1069 2354 exsufﬂari
1111 2299 1160 2351 in
1207 2297 1285 2351 eis
1330 2296 1619 2360 Christum,
1672 2298 1839 2350 occidi
1892 2298 1942 2350 in
1987 2298 2063 2350 eis
2110 2314 2212 2351 non

638 2390 862 2445 mortale
898 2389 1025 2443 illud
1054 2404 1205 2443 suum
1244 2404 1348 2458 quo
1381 2389 1623 2441 homines
1649 2396 1791 2453 Sunt,
1834 2387 1925 2441 sed
1956 2388 2079 2440 illud
2110 2404 2213 2456 quo

638 2481 692 2536 in
717 2472 971 2535 attentum
1000 2480 1181 2533 victuri
1205 2490 1345 2532 sunt.
1368 2478 1628 2533 Suadctur
1651 2478 1846 2531 homini
1870 2478 2065 2541 dicere,
2096 2477 2212 2531 Non

635 2589 753 2630 sum
798 2572 1135 2644 christianos,
1184 2581 1237 2625 et
1274 2570 1476 2640 justitia
1511 2580 1748 2623 vocatur.
1790 2572 2117 2623 Accessurus
2154 2584 2213 2623 es

538 2644 553 2681 '7
634 2664 703 2719 ad
733 2664 1058 2734 episcopum,
1100 2663 1171 2715 ait
1202 2663 1295 2725 illi,
1332 2662 1453 2715 vide
1479 2677 1541 2714 ne
1564 2661 1708 2713 dicas
1737 2670 1785 2713 te
1812 2675 1931 2714 esse
1965 2659 2211 2713 christia-

636 2774 762 2811 num
794 2773 807 2809 :
840 2757 881 2811 si
905 2756 1043 2810 enim
1066 2754 1260 2808 dixeris
1282 2764 1331 2808 te
1360 2769 1475 2807 esse
1501 2752 1865 2813 christianum,
1899 2767 2001 2804 non
2029 2766 2087 2805 es
2119 2766 2212 2805 ac-

635 2857 923 2921 cepturus;
956 2856 1011 2900 ut
1037 2856 1211 2898 autem
1242 2845 1490 2911 accipias,
1524 2843 1607 2896 die
1656 2852 1705 2895 te
1740 2858 1841 2895 non
1889 2856 2027 2895 esse.
2076 2840 2211 2906 Quid

636 2952 844 3001 mones,
876 2936 1160 2990 christiane
1180 2935 1202 2987 ?
1223 2934 1345 3003 quid
1375 2934 1570 2987 doces?
1601 2933 1756 2985 Certe
1788 2933 2208 3000 persecutionem

639 3028 836 3100 pateris
866 3027 915 3080 τί
946 3035 1142 3096 quanto
1180 3034 1231 3077 ιιι
1267 3024 1442 3078 verior
1472 3024 1809 3091 persecutor!
1858 3020 2080 3089 Quando
2108 3021 2211 3075 Im-

638 3128 907 3189 peratores
931 3117 1380 3187 persequebantur
1409 3114 1757 3179 Christianos,
1788 3111 2039 3165 minando
2060 3127 2209 3181 coge-

635 3211 782 3273 bant,
809 3209 947 3279 quod
978 3218 1030 3262 tu
1060 3208 1225 3263 eflicis
1262 3206 1549 3261 suadendo.
1581 3205 1875 3259 Persuach
1915 3204 2209 3259 christiano

637 3312 693 3356 ut
720 3310 873 3371 neget
897 3315 956 3355 se
977 3314 1093 3354 esse
1110 3298 1454 3352 christianum
1480 3315 1491 3351 :
1515 3296 1651 3364 quod
1682 3306 1731 3347 tu
1761 3294 2032 3348 suadendo
2057 3294 2205 3362 facis,

637 3392 738 3446 hoc
754 3398 1058 3460 persecutor
1078 3388 1364 3443 occidendo
1386 3403 1487 3440 non
1508 3386 1629 3439 fecit
1672 3386 1780 3440 Sub
1799 3394 1847 3439 te
1877 3385 2000 3439 vivit
2024 3384 2204 3450 homo,

636 3485 727 3553 qui
759 3492 912 3552 negat
949 3497 1007 3535 se
1034 3497 1149 3534 esse
1180 3480 1545 3533 christianum.
1576 3476 1757 3543 Negat,
1792 3485 1845 3530 et
1871 3477 2033 3530 vivit?
2082 3476 2209 3530 Per—

635 3574 769 3628 didit
790 3573 895 3642 jam
921 3572 1078 3625 vitam
1107 3588 1121 3636 ;
1149 3571 1371 3623 eadaver
1401 3570 1489 3621 tibi
1518 3569 1765 3636 loquitur.
1799 3567 1895 3633 Qui
1928 3583 2207 3636 percussus

636 3672 719 3719 est
739 3661 911 3733 gladio
933 3660 1303 3731 persecutoris,
1324 3659 1530 3721 cecidit,
1559 3667 1609 3710 ct
1638 3658 1764 3709 vivit
1798 3676 1810 3712 :
1841 3658 1924 3710 cui
1954 3658 2203 3725 loqueris,

635 3763 760 3817 stat,
800 3761 851 3807 et
876 3750 1087 3811 cecidit.
1124 3749 1245 3803 llzec
1272 3749 1487 3810 faciens,
1532 3745 1779 3816 quidquid
1808 3760 1993 3815 passus
2024 3745 2202 3811 fueris,

635 3847 825 3916 injuria
852 3844 991 3900 erit?
1015 3842 1143 3897 Nolo
1167 3841 1255 3895 tibi
1281 3840 1564 3893 blandiaris
1596 3855 1608 3889 :
1644 3838 1688 3892 si
1720 3838 1832 3891 h:ec
1865 3836 2055 3905 injnsta
2084 3846 2207 3916 sunt

632 3914 810 3992 omnia
839 3949 956 4004 qua:
985 3933 1130 3996 facis,
1172 3930 1423 4001 quidquid
1462 3928 1655 3998 pateris
1691 3928 1891 3998 justum
1939 3928 2059 3982 erit.
2094 3914 2203 3981 'Cui

633 4036 811 4081 autem
856 4024 978 4079 facit
1019 4023 1293 4093 judicium,
1323 4023 1408 4091 qui
1437 4020 1651 4074 custodit
1695 4019 1946 4073 veritatem
1980 4020 2031 4072 in
2056 4029 2204 4073 a'ter-

632 4134 755 4172 num
775 4118 799 4172 .7
820 4114 1069 4185 Injurium
1093 4112 1467 4181 accipientibus.

683 4208 770 4263 l7.
790 4202 1078 4279 [vers.7,8.j
1093 4203 1205 4257 Jam
1224 4212 1276 4257 tu
1297 4200 1539 4271 procede,
1555 4210 1606 4254 et
1626 4198 1709 4253 die
1722 4196 2205 4253 ratiocinationibus

635 4294 860 4353 illistuis
882 4296 1055 4359 bonis,
1081 4302 1132 4349 et
1153 4293 1298 4362 quasi
1323 4293 1488 4345 acutis
1504 4299 1557 4345 et
1581 4290 1875 4355 subtilibus,
1902 4289 2020 4358 quia
2041 4296 2093 4341 tu
2115 4304 2206 4358 pa-

635 4387 775 4451 scis;
798 4394 851 4439 et
865 4384 949 4438 die
966 4403 977 4437 :
995 4384 1285 4437 Famelicus
1304 4390 1471 4450 potest
1491 4381 1745 4449 pascere?
1767 4378 1818 4432 id
1837 4388 1933 4441 est,
1958 4390 2205 4447 peccator

636 4486 809 4550 potest
828 4477 954 4531 dare
981 4474 1257 4528 sanctum?
1280 4471 1574 4524 Famelicus
1605 4478 1777 4539 potest
1804 4468 2059 4537 pascere?
2089 4471 2203 4521 lan-

632 4567 822 4639 guidus
874 4573 1047 4635 potest
1088 4562 1311 4616 sanare?
1363 4561 1550 4626 ligatus
1596 4568 1770 4628 potest
1814 4559 2054 4611 solvere?
2101 4558 2201 4612 Ista

633 4666 759 4713 sunt
785 4656 946 4712 veluti
977 4667 1163 4723 magna
1193 4659 1244 4705 et
1272 4650 1503 4715 subtilia,
1531 4650 1721 4719 quibus
1746 4648 2011 4717 decipiunt
2033 4648 2202 4717 impe-

633 4750 783 4806 ritos.
811 4746 1032 4801 Claudat
1070 4746 1170 4799 illis
1200 4759 1258 4796 os
1284 4742 1517 4810 psalmus
1544 4742 1642 4795 iste
1673 4760 1686 4796 :
1732 4740 1944 4794 Dantem
1978 4742 1997 4772 ¹
2039 4758 2203 4795 escam

634 4837 983 4896 esurientibus.
1017 4836 1152 4890 Ecce
1176 4834 1300 4887 nihil
1325 4849 1353 4886 a
1381 4842 1430 4887 te
1448 4843 1696 4899 chpecto
1719 4848 1732 4896 ;
1767 4832 1906 4885 Deus
1930 4831 2016 4883 dat
2041 4848 2204 4886 escam

633 4931 979 4988 esurientibus.
1011 4928 1207 4996 Quibus
1234 4924 1621 4980 esurientibus?
1646 4923 1920 4977 Omnibus.
1944 4923 2078 4989 Quid
2099 4932 2200 4990 est,

634 5020 917 5076 omnibus?
944 5014 1199 5073 Omnibus
1226 5015 1571 5085 animalibus,
1620 5012 1864 5066 omnibus
1906 5013 2204 5068 hominibus

634 5114 748 5181 ipse
784 5114 873 5166 dat
898 5125 1073 5167 escam
1098 5126 1113 5174 ;
1140 5118 1191 5163 et
1212 5108 1407 5162 nullam
1432 5121 1606 5160 escam
1633 5115 1807 5158 servat
1830 5104 2037 5159 dilectis
2061 5107 2205 5161 suis?

633 5201 693 5256 Si
718 5201 910 5257 habent
938 5200 1095 5254 aliam
1125 5198 1339 5258 famem,
1365 5195 1623 5249 babentet
1650 5194 1806 5247 aliam
1833 5208 2028 5248 escam.
2050 5194 2204 5261 Qua:-

635 5307 816 5348 ramus
855 5291 1024 5360 primo
1063 5290 1251 5343 famem
1293 5288 1546 5359 ipsorum,
1588 5294 1642 5340 ct
1673 5285 2000 5339 inveniemus
2026 5300 2203 5339 eseam

635 5382 872 5450 ipsorum
901 5398 915 5432 :
950 5378 1093 5432 Beati
1120 5380 1206 5447 qui
1240 5382 1462 5432 esuriant
1506 5387 1551 5430 et
1579 5378 1750 5431 sitiunt
1766 5377 2040 5446 justitiam,
2084 5393 2209 5448 quo-

636 5476 771 5529 niam
810 5472 908 5544 ipsi
957 5471 1312 5526 saturabuntur
1339 5471 1520 5541 (Ibid.,
1551 5470 1627 5540 6).
1672 5469 1919 5525 Famelici
1962 5471 2054 5526 Dei
2088 5486 2207 5527 esse

699 5605 717 5636 ι
753 5610 845 5651 ιιοε
867 5601 970 5655 lam
993 5599 1117 5664 apud
1142 5605 1214 5648 Er.
1238 5607 1287 5649 et
1299 5607 1417 5664 _l.o_v.
1442 5599 1645 5656 additur,
1673 5604 1801 5649 tanta
1831 5606 1882 5649 tu
1917 5600 2073 5651 verius
2093 5615 2205 5664 pcr-

635 5664 917 5716 secrtionem
934 5660 1123 5724 pateris
1152 5661 1313 5723 :quod
1336 5660 1395 5708 ab
1415 5668 1584 5724 amet
1603 5668 1705 5712 Mss.
1729 5664 1884 5710 abest.

701 5729 732 5757 ⁸
755 5726 885 5781 sdd.,
910 5721 1009 5774 dat.
1040 5732 1089 5772 At
1111 5721 1234 5780 Mssi,
1261 5724 1452 5770 dantem
1482 5734 1496 5769 :
1517 5722 1652 5780 juxta
1674 5730 1841 5779 Graec;
1866 5729 1916 5771 et
1943 5721 1988 5771 id
2012 5734 2207 5772 concor-

639 5788 718 5837 dat
740 5800 848 5835 c.:m
870 5788 1120 5848 superiore
1142 5793 1275 5847 Larte
1302 5782 1543 5840 versiculi,
1568 5784 1631 5844 [ut
1646 5782 1816 5831 ientcm
1831 5783 2089 5842 judicium,
2109 5792 2201 5833 etc.

1845 373 1899 431 S.
1943 372 2305 431 AUCUSTINI
2341 372 2643 429 EPISCOPI

2328 484 2584 539 debemus
2616 501 2627 537 :
2658 491 2779 539 ante
2803 483 3018 554 januam
3056 493 3373 554 conspectus
3400 486 3538 542 illius
3572 485 3629 541 in
3660 490 3891 545 orationio

2328 573 2427 627 bus
2466 575 2857 635 meudicemus;
2907 575 3018 644 ipse
3064 575 3149 628 dat
3177 593 3340 630 escam
3381 578 3735 633 esurientibus.
3776 578 3891 651 Quid

2329 675 2410 719 est
2437 666 2577 733 quod
2609 675 2680 729 te,
2713 667 2979 731 hmretice,
2999 667 3169 737 jactas
3196 668 3314 736 quia
3348 678 3399 721 tu
3427 669 3614 731 solvis,
3648 680 3702 723 tu
3732 674 3888 741 erigis,

2331 765 2384 809 tu
2412 755 2707 810 illuminas?
2732 755 2992 811 Videlicet
3019 758 3139 827 quia
3169 770 3222 811 tu
3253 759 3503 812 liberatus
3528 762 3642 826 jam
3672 778 3749 823 es,
3778 775 3825 817 et
3849 774 3891 819 tu

2328 857 2455 910 stas,
2479 860 2530 901 et
2550 858 2601 901 tu
2622 848 2798 903 lumen
2827 850 2922 903 es?
2950 850 3118 903 Absit.
3147 850 3400 917 Superius
3420 852 3641 906 attende
3685 870 3697 903 :
3745 853 3892 909 Nolite

2328 937 2580 1005 conﬁdere
2621 938 2671 991 iu
2710 938 2976 1009 principes,
3010 949 3053 991 et
3095 941 3145 992 in
3188 939 3319 1006 ﬁlios
3349 941 3638 1005 hominum,
3682 944 3889 1012 aquibus

2329 1042 2430 1079 non
2475 1038 2545 1079 cst
2598 1029 2757 1081 salus.
2810 1026 2921 1083 Non
2975 1028 3073 1096 ipsi
3117 1028 3241 1081 dant
3294 1031 3539 1083 salutem.
3588 1033 3728 1102 Ergo
3765 1050 3889 1089 rece-

2326 1116 2453 1170 dant
2500 1117 2732 1173 lnerctici
2776 1119 2844 1173 de
2884 1120 3077 1174 medio.
3110 1119 3359 1175 Dominus
3386 1122 3535 1175 solvit
3567 1128 3888 1194 sonipeditos;

2331 1206 2574 1261 Dominus
2613 1210 2758 1277 erigit
2784 1209 2973 1272 elisos;
3020 1208 3265 1264 Dominus
3292 1213 3544 1281 sapientes
3577 1215 3702 1284 fecit
3727 1233 3887 1282 cacas;

2326 1298 2376 1352 id
2403 1309 2505 1365 est,
2537 1315 2631 1354 eos
2660 1300 2749 1369 qui
2778 1301 2904 1355 caeci
2932 1310 3054 1355 sunt
3096 1302 3215 1355 facit
3240 1304 3529 1371 sapientes.
3576 1303 3785 1372 Optime
3811 1323 3888 1377 per

2326 1390 2462 1443 bane
2506 1392 2820 1445 sententiam
2864 1393 3113 1460 exposuit
3147 1393 3296 1445 nobis
3335 1409 3525 1448 ouunes
3556 1398 3884 1463 superiores:

2324 1496 2391 1534 ne
2420 1479 2555 1536 forte
2583 1496 2703 1535 cum
2732 1481 2973 1547 dixisset,
3019 1481 3261 1535 Dominus
3291 1485 3435 1536 solvit
3478 1487 3805 1552 campedi:os,
3832 1487 3885 1542 ad

2323 1571 2443 1625 illos
2466 1572 2793 1642 compeditos
2818 1572 3157 1638 referremus,
3177 1574 3265 1643 qui
3285 1574 3417 1628 forte
3436 1587 3662 1645 prepter
3684 1579 3885 1648 aliquam

2323 1676 2513 1715 noxam
2565 1661 2793 1730 ligantur
2842 1661 2981 1717 ferro
3022 1678 3052 1717 a
3096 1663 3323 1717 dominis
3367 1666 3512 1728 suis;
3570 1670 3696 1736 quia
3734 1680 3885 1723 autem

2321 1750 2472 1815 dixit,
2510 1749 2668 1821 Erigit
2705 1751 2873 1817 elisos,
2914 1761 3217 1805 occurreret
3247 1752 3400 1806 nobis
3430 1754 3624 1823 aliquis
3646 1797 3661 1816 ,
3704 1768 3788 1810 aut
3821 1758 3885 1812 of-

2321 1838 2542 1894 fendens
2570 1849 2623 1894 ct
2657 1841 2872 1903 cadens,
2915 1852 3002 1894 aut
3032 1857 3169 1911 equo
3200 1843 3400 1911 lapsus.
3435 1845 3477 1897 E
3514 1854 3532 1897 t
3561 1847 3702 1900 alius
3730 1864 3883 1917 casus,

2321 1941 2442 1984 sunt
2481 1932 2597 1985 alia:
2626 1933 2946 2001 compedes;
2990 1934 3255 2002 qumnodo
3281 1945 3404 1989 sunt
3443 1938 3565 1990 alia:
3600 1940 3820 1993 tenebrte
3837 1951 3881 1995 ct

2319 2022 2419 2075 alia
2449 2022 2557 2075 lux.
2598 2021 2654 2076 In
2681 2038 2745 2077 eo
2774 2023 2913 2092 quod
2942 2024 3093 2089 dixit,
3138 2024 3405 2094 Sapientes
3430 2028 3558 2097 facit
3584 2046 3774 2093 caecos;
3799 2045 3880 2084 no.

2320 2112 2412 2165 luit
2438 2111 2632 2176 dicere,
2668 2112 2927 2166 llluminat
2968 2128 3158 2177 crocos,
3188 2132 3254 2167 ne
3287 2124 3341 2168 et
3377 2114 3478 2170 hoc
3508 2119 3788 2173 carnaliter
3810 2120 3879 2173 iu-

2319 2203 2617 2271 tclligercs;
2648 2203 3129 2257 sicutillumiuatus
3158 2213 3240 2259 est
3264 2220 3294 2259 a
3326 2205 3571 2271 Domino,
3603 2210 3751 2277 cujus
3775 2224 3880 2263 ocu-

2319 2293 2398 2347 los
2426 2295 2539 2348 luto
2574 2294 2640 2347 de
2682 2305 2838 2362 sputo
2875 2294 3012 2348 facto
3043 2295 3266 2359 iuunxit,
3295 2306 3349 2349 et
3383 2297 3593 2350 Salvum
3640 2314 3752 2353 eum
3776 2298 3877 2353 fecit

2318 2384 2494 2454 (Joan.
2538 2401 2608 2448 Ix,
2638 2383 2690 2449 6,
2725 2382 2777 2454 7)
2811 2404 2823 2438 :
2874 2400 2942 2438 ne
2986 2385 3088 2439 tale
3130 2386 3329 2454 aliquid
3371 2402 3647 2456 sperares,
3693 2405 3801 2444 cum
3824 2391 3878 2445 de

2315 2475 2679 2543 Spiritualibus
2706 2476 2957 2545 loquitur,
3008 2478 3240 2531 ostendit
3284 2479 3573 2547 quamdam
3625 2480 3785 2535 lucem
3807 2496 3876 2535 sa-

2318 2566 2548 2636 ρίοιιιίιῐ),
2593 2581 2693 2635 qua
2724 2567 3087 2619 illuminautur
3114 2568 3262 2620 ca-ci.
3312 2568 3453 2638 Ergo
3479 2571 3749 2639 quomodo
3773 2571 3873 2625 illu-

2316 2660 2584 2711 minantur
2622 2659 2746 2712 ca‘ci
2775 2660 2892 2713 luce
2921 2660 3216 2727 sapientiae,
3262 2661 3337 2713 sic
3367 2662 3656 2716 solvuntur
3687 2677 3872 2731 compc-

2316 2748 2432 2812 tliti,
2464 2748 2538 2801 sic
2563 2748 2837 2816 eriguntur
2862 2748 2996 2802 elisi.
3030 2748 3180 2803 Unde
3209 2765 3395 2803 sumus
3420 2766 3552 2821 etgo
3579 2751 3869 2820 compediti!

2317 2837 2454 2891 nudo
2483 2838 2629 2892 elisi?
2668 2837 2872 2906 Corpus
2901 2850 3138 2892 nostrum
3168 2850 3540 2895 ornamentum
3576 2844 3728 2896 nobis
3752 2843 3867 2896 fuit:

2314 2929 2670 2999 peccmimus,
2700 2939 2753 2983 et
2781 2930 3064 3000 compedes
3105 2930 3228 2984 inde
3256 2933 3579 2999 accepimus.
3624 2934 3744 3000 Qur
3768 2941 3868 2988 sunt

2314 3022 2598 3090 compedes
2638 3023 2873 3075 nostrte?
2918 3022 3211 3077 Mortalitas
3256 3024 3386 3091 ipsa.
3419 3024 3555 3078 Audi
3598 3026 3866 3095 apostolum

2314 3106 2554 3176 Paulum,
2611 3114 2731 3182 quia
2774 3120 2827 3167 ct
2881 3114 2992 3181 ipse
3038 3113 3208 3167 adhuc
3249 3113 3297 3167 in
3330 3114 3427 3168 hac
3470 3116 3867 3185 peregrinatione

2312 3204 2644 3272 compeditos
2674 3213 2807 3258 crat.
2837 3203 3043 3271 Quanta
3075 3204 3371 3273 peragravit
3398 3207 3732 3273 compeditos
3754 3207 3865 3259 iste!

2312 3295 2425 3349 Non
2453 3296 2527 3349 illi
2554 3294 2765 3349 fuerunt
2792 3310 2981 3364 graves
3005 3295 3322 3364 compedes;
3365 3310 3484 3349 cum
3518 3298 3647 3365 ipsis
3675 3312 3862 3365 compe-

2311 3386 2466 3441 dibus
2516 3395 2626 3440 toto
2676 3386 2823 3439 orbi1
2876 3385 3217 3454 Evangelium
3268 3387 3574 3455 przrdicavit
3617 3405 3630 3440 :
3678 3389 3862 3456 Spiritus

2311 3479 2583 3533 cltaritatis
2614 3480 2785 3547 rapuit
2823 3478 3124 3545 compedes,
3168 3486 3223 3531 et
3248 3478 3489 3531 circuivit
3514 3489 3755 3547 quantum
3779 3492 3858 3547 po-

2313 3572 2426 3624 tuit.
2455 3569 2557 3624 Sed
2589 3580 2762 3623 tamen
2791 3569 2911 3639 quid
2938 3569 3046 3621 ait?
3076 3568 3541 3638 Concupiscentiam
3569 3570 3742 3622 habens
3767 3569 3853 3620 dis-

2310 3660 2454 3724 solri,
2488 3672 2530 3712 et
2558 3677 2663 3713 esse
2697 3677 2810 3712 cum
2845 3659 3060 3712 Christo.
3094 3657 3227 3724 Quid
3266 3668 3368 3723 est,
3399 3658 3647 3711 dissolvi?
3672 3661 3706 3712 Α
3734 3671 3855 3710 com-

2312 3752 2529 3822 pdibus
2559 3751 2891 3807 mortalitatis
2917 3752 2956 3802 '.
3013 3750 3079 3803 Et
3110 3762 3282 3803 tamen
3325 3750 3682 3804 misericordia
3704 3747 3851 3800 adhuc

2310 3843 2522 3897 Volebat
2543 3856 2659 3896 esse
2681 3843 2730 3895 in
2756 3840 3120 3909 compedibus,
3150 3849 3365 3909 propter
3380 3841 3517 3894 alios
3539 3838 3848 3908 compeditos,

2309 3933 2499 4003 quibus
2526 3933 2850 3985 ministraret
2882 3948 2894 3983 :
2945 3929 3174 3995 Manere,
3210 3930 3395 3997 inquit,
3426 3931 3479 3983 in
3513 3947 3679 3994 carne,
3707 3944 3852 3981 neces-

2308 4024 2496 4077 sarium
2523 4032 2725 4093 propter
2748 4037 2834 4074 vos
2863 4019 3120 4091 (Philipp.
3151 4036 3186 4085 ι,
3216 4019 3306 4084 ἳὸ,
3336 4019 3454 4088 2i).
3488 4020 3726 4074 Dominus
3747 4030 3851 4087 ergo

2308 4118 2450 4171 solvit
2494 4115 2817 4180 compeditos,
2865 4113 2914 4166 id
2950 4120 3060 4175 est,
3100 4128 3163 4165 ex
3204 4111 3519 4165 mortalibus
3563 4108 3850 4166 inunortalcs

2308 4208 2451 4262 facit.
2501 4206 2744 4259 Dominus
2787 4204 2930 4274 erigit
2972 4204 3137 4257 elisos.
3170 4202 3343 4269 Quare
3386 4202 3504 4255 elisi
3552 4200 3702 4255 sunt?
3738 4199 3846 4267 Qua

2307 4301 2468 4356 erecti
2496 4307 2663 4354 erant.
2718 4298 2892 4365 Quare
2920 4295 3231 4362 eriguntur?
3279 4294 3408 4359 Quia
3452 4294 3701 4347 ltumiliati
3729 4298 3847 4344 sunt.

2308 4391 2515 4446 Cedidit
2543 4400 2699 4458 atque
2726 4388 2886 4442 elisus
2911 4394 2993 4441 est
3018 4386 3184 4439 Adam
3216 4404 3228 4438 :
3277 4385 3365 4439 ille
3393 4385 3607 4447 cecidit,
3640 4381 3848 4437 Christus

2306 4483 2597 4539 descendit.
2627 4480 2801 4545 Quare
2826 4477 3097 4532 descendit
3118 4478 3203 4546 qui
3231 4490 3333 4529 non
3360 4476 3572 4539 cecidit,
3604 4476 3694 4529 nisi
3720 4481 3768 4526 ut
3788 4470 3849 4523 lc-

2309 4587 2520 4631 varetur
2565 4575 2652 4644 qui
2683 4571 2913 4627 cecidit?
2959 4570 3204 4623 Dominus
3239 4569 3487 4635 sapientes
3525 4570 3643 4640 facit
3686 4576 3846 4622 arcos:

2310 4667 2552 4721 Dominus
2597 4665 2757 4735 diligit
2787 4666 2975 4736 justas.
3020 4660 3144 4717 ldco
3175 4660 3297 4715 facit
3333 4660 3594 4729 judicium
3639 4656 3842 4727 injuriam

2307 4757 2705 4827 aecipientibns.

2381 4848 2467 4902 18.
2497 4846 2645 4919 [νενε.
2669 4843 2749 4917 9.]
2775 4845 2836 4898 Ει
2858 4844 2945 4913 qui
2967 4852 3089 4896 sunt
3114 4842 3209 4911 ipsi
3235 4841 3404 4911 justi?
3435 4840 3597 4895 modo
3625 4845 3842 4909 quatenus

2302 4940 2468 5009 justi?
2496 4933 2945 5004 Quemadmodum
2995 4932 3179 4996 babes,
3215 4931 3462 4985 Dominus
3495 4930 3701 4984 custodi:
3743 4938 3843 4997 pro.

2307 5028 2513 5098 selytos.
2564 5026 2844 5096 Proselyti,
2913 5023 3131 5078 advenze
3191 5032 3332 5077 sunt.
3398 5021 3584 5077 Omnis
3641 5015 3840 5075 Ecclesia

2307 5119 2573 5180 Gentium,
2607 5117 2867 5187 proselyta
2910 5126 3013 5170 est.
3065 5114 3358 5169 Adveutitia
3401 5114 3543 5168 enim
3585 5110 3737 5168 estad
3766 5121 3840 5176 pa-

2311 5220 2437 5273 tres,
2467 5223 2570 5262 non
2596 5208 2664 5262 de
2689 5221 2847 5260 carne
2868 5220 3049 5260 eorum
3093 5213 3234 5269 nata,
3275 5203 3369 5257 sed
3414 5203 3665 5257 imitando
3702 5195 3837 5252 tilia'.

2309 5302 2565 5357 Dominus
2596 5308 2772 5353 tamen
2800 5296 3050 5362 custodit,
3080 5311 3183 5350 non
3221 5295 3412 5364 aliquis
3452 5295 3628 5349 homo.
3670 5289 3841 5358 Orpha-

2308 5409 2430 5445 num
2456 5400 2501 5444 et
2522 5390 2722 5443 viduam
2751 5387 3003 5458 suscipiet.
3034 5386 3199 5442 Nemo
3244 5396 3389 5455 putet
3429 5387 3577 5455 quasi
3622 5380 3838 5453 pupillum

2312 5493 2527 5555 prepter
2589 5480 2969 5544 bmreditatem,
3030 5488 3124 5533 aut
3180 5477 3389 5533 viduam
3437 5485 3649 5546 propter
3691 5468 3840 5525 nescio

2376 5663 2393 5694 ι
2430 5660 2614 5723 Aliquot
2634 5666 2763 5723 Mss,
2786 5662 2878 5723 toto
2903 5654 3030 5723 orbe.

2375 5724 2395 5753 ¹
2428 5717 2534 5771 ιλονῖ
2562 5722 2805 5782 adjiciunt,
2823 5717 3049 5782 absolvi“
3081 5723 3138 5782 at;

2381 5784 2400 5815 ³
2434 5790 2503 5831 t‘r.
2524 5775 2670 5843 Lugii.
2690 5775 2823 5840 \‘eu.,
2848 5777 3078 5827 imitando
3098 5775 3261 5839 ﬁdem.
3328 5781 3382 5825 It.
