4084 6448
286 434 446 494 1897

281 546 446 618 quod
472 547 740 617 negotium
780 559 955 602 suum.
979 545 1235 617 Equidem
1254 553 1310 601 et
1336 544 1453 601 istis
1480 544 1619 600 Deus
1644 542 1873 614 opitula-

282 645 411 701 tur,
456 636 593 692 etin
640 636 885 692 omnibus
931 636 1120 692 ofliciis
1156 635 1369 706 generis
1413 634 1630 689 humani
1678 633 1876 688 bonum

283 741 438 797 opus
485 725 631 793 facit,
673 727 765 796 qui
806 726 1008 797 pupillo
1050 725 1340 792 consulit‘,
1384 725 1473 795 qui
1513 723 1727 778 viduam
1771 737 1880 778 non

281 816 501 873 deserit
544 834 558 870 :
597 816 693 873 sed
749 817 1039 873 secundum
1091 816 1374 888 quemdam
1429 815 1646 872 modum
1690 831 1878 872 omnes

278 907 487 977 pupilli
524 921 728 972 sumus,
770 906 992 962 absente
1034 917 1201 978 patre,
1230 921 1336 961 non
1381 916 1610 961 mortuo.
1639 906 1877 976 Pupillus

278 998 441 1052 enim
471 996 764 1053 secundum
796 997 1060 1063 homines,
1092 1006 1304 1053 mortuo
1329 1005 1476 1067 patre
1505 998 1583 1053 tit.
1615 997 1681 1052 Et
1708 998 1753 1052 si
1781 1012 1877 1052 ve-

279 1104 418 1144 rum
440 1089 710 1159 quaeratis,
729 1088 943 1157 fratres,
960 1089 1083 1159 quia
1107 1090 1282 1144 anima
1308 1104 1413 1144 non
1434 1089 1675 1157 moritur,
1697 1089 1878 1145 vivunt

284 1191 550 1252 parentes
588 1181 784 1247 nostri;
818 1191 871 1237 et
913 1182 1081 1252 magis
1129 1181 1436 1238 absentibus
1481 1182 1717 1252 patribus
1754 1190 1877 1237 sunt

280 1271 507 1341 pupilli,
539 1272 630 1342 qui
674 1271 859 1342 pupilli
900 1280 1023 1326 sunt
1054 1288 1065 1323 :
1096 1271 1141 1326 si
1185 1272 1309 1326 mali
1351 1271 1566 1338 fuerint,
1616 1272 1670 1326 in
1704 1271 1877 1341 ptenis

282 1362 555 1425 vivunt”;
582 1360 626 1415 si
652 1360 775 1416 boni
800 1360 1014 1427 fuerint,
1034 1361 1085 1415 in
1112 1361 1298 1431 requie
1337 1361 1556 1416 vivunt:
1584 1361 1762 1417 omnia
1791 1361 1873 1416 in-

277 1462 448 1524 tegra
496 1461 621 1508 sunt
656 1453 914 1508 Creatori.
956 1453 1156 1508 Tamen
1200 1468 1297 1509 nos
1322 1453 1571 1524 quamdiu
1612 1468 1796 1508 sumus
1820 1455 1877 1510 in

280 1558 526 1613 corpore
570 1543 702 1608 hoc,
748 1551 804 1598 et
856 1543 1295 1614 peregrinationis
1336 1542 1511 1599 locum
1559 1543 1872 1608 incolimus,

276 1636 493 1691 absens
522 1644 603 1691 est
627 1635 785 1691 Pater
821 1642 1021 1699 noster,
1050 1634 1118 1690 ad
1160 1650 1319 1705 quem
1355 1637 1667 1701 clamamus,
1718 1634 1876 1689 Pater

277 1735 487 1791 noster,
515 1725 602 1801 qui
635 1740 688 1779 es
710 1724 765 1779 in
803 1724 941 1779 ctetis
973 1723 1183 1796 (Matth.
1222 1741 1298 1788 vr,
1338 1724 1415 1797 9).
1466 1723 1592 1780 Ideo
1638 1724 1875 1780 Ecclesia

278 1817 478 1883 vidua,
523 1816 672 1888 quasi
713 1816 935 1873 absente
982 1831 1202 1888 sponso,
1242 1817 1463 1873 absente
1510 1817 1646 1873 viro.
1688 1817 1877 1873 Veniet

276 1906 412 1974 ille,
442 1907 532 1978 qui
575 1906 720 1962 illam
749 1907 912 1963 modo
945 1909 1195 1978 protegit,
1227 1923 1333 1963 non
1365 1908 1528 1974 visus,
1552 1908 1645 1963 sed
1669 1908 1877 1963 deside-

282 2007 467 2055 ratus.
492 1997 682 2068 Magno
710 1998 853 2053 enim
880 1997 1147 2053 desiderio
1170 1998 1427 2069 rapimur,
1457 2007 1512 2053 et
1536 2013 1719 2054 amore
1760 1998 1876 2068 ejus

281 2104 456 2159 quem
482 2103 587 2143 non
613 2088 855 2144 videmus
871 2088 915 2155 ⁸,
941 2088 1325 2144 desideramus.
1349 2088 1729 2143 Inliterebimus
1754 2103 1872 2143 am—

278 2180 540 2252 plexibus
562 2181 683 2247 visi,
712 2181 759 2236 si
796 2180 1031 2236 nondum
1070 2180 1169 2236 visi
1218 2180 1322 2236 fide
1368 2180 1689 2236 detinemur.
1734 2182 1873 2252 Ergo

275 2282 334 2326 et
377 2272 635 2342 pupillum
680 2280 726 2325 et
765 2271 969 2326 uiduam
1011 2271 1137 2343 quid
1178 2270 1344 2326 voluit
1376 2271 1618 2340 intelligi,
1646 2269 1873 2327 fratres?

280 2364 593 2421 Destitutos
618 2364 764 2419 omni
811 2380 913 2435 ope
947 2372 1005 2420 et
1044 2363 1262 2419 auxilio.
1312 2362 1571 2418 Destituta
1606 2362 1783 2417 anima
1818 2362 1871 2417 in

278 2454 511 2520 sreculo,
544 2454 656 2525 ipsa
676 2454 777 2510 sibi
803 2462 983 2524 speret
1006 2452 1328 2523 adjutorium
1356 2453 1471 2509 Dei.
1498 2453 1763 2524 Quidquid
1787 2453 1874 2509 hic

280 2544 565 2611 habueris,
585 2561 774 2601 aurum
790 2545 989 2601 habeas
1001 2543 1045 2613 ις
1063 2546 1450 2617 praesumpsisti
1467 2546 1625 2602 inde?
1638 2545 1752 2602 Jam
1765 2562 1871 2602 non

278 2653 343 2694 es
370 2638 697 2709 proselytus,
730 2652 836 2693 nou
865 2651 925 2693 es
957 2636 1246 2707 orphanus,
1271 2652 1374 2692 non
1413 2637 1466 2692 in
1494 2637 1649 2692 vidua
1683 2652 1870 2692 nume-

280 2731 452 2785 raris.
496 2730 740 2785 Amicum
790 2728 955 2783 babes
985 2743 1000 2782 :
1031 2728 1077 2783 si
1106 2726 1172 2783 de
1221 2727 1311 2783 illo
1359 2728 1786 2798 praesumpseris,
1816 2735 1872 2784 et

277 2821 463 2877 Deum
490 2818 778 2887 dimiseris,
796 2834 905 2875 non
926 2833 985 2873 es
998 2817 1302 2874 destitutus.
1325 2817 1500 2873 Habes
1527 2817 1642 2873 hazc
1658 2818 1866 2884 omnia;

278 2926 399 2965 non
427 2909 553 2966 inde
580 2908 880 2980 prmsumis,
908 2923 1015 2964 non
1041 2907 1167 2963 inde
1196 2907 1475 2978 superbis?
1514 2907 1751 2976 Pupillus
1777 2907 1870 2963 Dei

277 3016 365 3066 es,
401 3009 459 3056 et
483 3000 637 3056 vidua
660 3000 775 3055 Dei.
798 2999 1033 3070 Suscipit
1060 3013 1188 3070 ergo
1214 2998 1532 3065 destitutos;
1557 2998 1659 3055 hoc
1686 2998 1820 3055 dixit
1851 3015 1869 3055 :

277 3094 517 3164 suscipit
545 3094 825 3164 pupillum,
852 3092 1074 3164 suscipit
1100 3101 1155 3148 et
1181 3091 1414 3147 viduam.

354 3183 453 3241 19.
488 3183 553 3238 Et
578 3187 709 3238 viam
750 3192 1067 3254 peccatorum
1101 3182 1468 3238 exterminabit.
1496 3182 1626 3250 Qua:
1669 3192 1750 3239 est
1785 3185 1870 3239 via

286 3278 681 3349 peccatorum?
720 3275 950 3331 lrridere
992 3275 1093 3331 ista
1118 3290 1239 3345 quae
1264 3274 1510 3331 dicimus.
1541 3273 1671 3342 Quis
1700 3275 1873 3346 pupil-

281 3370 418 3426 lus?
460 3384 580 3440 qure
622 3366 820 3423 vidua?
865 3365 1018 3432 Quod
1055 3380 1276 3436 regnum
1316 3367 1615 3422 caelorum?
1648 3374 1703 3422 et
1752 3381 1870 3436 qua:

284 3476 451 3531 pinna
492 3456 820 3515 inferorum?
866 3455 1098 3511 Fabella:
1135 3455 1249 3509 istae
1271 3454 1694 3510 Christianorum
1723 3464 1866 3510 sunt.

280 3551 377 3608 Ad
401 3549 544 3623 quod
568 3547 743 3613 video,
770 3546 837 3602 ad
862 3546 964 3602 hoc
990 3546 1161 3600 vivam
1194 3563 1209 3604 ;
1242 3543 1607 3599 Manducemus
1636 3553 1683 3599 et
1725 3545 1869 3599 biba-

282 3662 426 3712 mus,
457 3660 570 3699 cras
589 3642 723 3697 enim
754 3640 1042 3695 moriemur.
1066 3637 1199 3694 Vide
1234 3653 1301 3692 ne
1340 3637 1473 3695 tales
1521 3636 1718 3707 aliquid
1748 3652 1872 3707 per—

281 3736 596 3793 suadeant:
627 3748 694 3789 ue
733 3747 831 3802 per
870 3745 1053 3786 aurem
1081 3730 1133 3785 in
1172 3744 1268 3785 cor
1304 3729 1523 3793 intrent,
1570 3728 1751 3798 spinas
1791 3728 1872 3782 iu-

286 3828 513 3884 veniaut
552 3825 606 3881 in
652 3822 868 3878 auribus
914 3821 1058 3885 tuis;
1115 3820 1204 3891 qui
1252 3819 1475 3889 coeperit
1527 3818 1603 3873 sic
1648 3818 1868 3886 intrare,

288 3926 523 3990 punctus
584 3912 854 3970 abscedat.
905 3910 1243 3980 Corrumpunt
1289 3908 1433 3963 enim
1498 3923 1661 3962 mores
1716 3907 1869 3961 bonos

288 4008 547 4075 colloquia
577 4006 709 4059 mala
737 4004 779 4077 (I
810 4003 925 4058 Cor.
947 4018 1038 4068 xv,
1061 4000 1131 4057 52
1149 4041 1162 4066 ,
1193 3999 1306 4070 55).
1334 3998 1440 4054 Sed
1481 3997 1616 4052 forte
1662 3996 1749 4051 hic
1790 3996 1873 4051 di-

290 4110 479 4156 cturus
503 4114 563 4155 es
589 4115 601 4151 :
624 4095 801 4164 Quare
824 4109 951 4165 ergo
990 4092 1170 4147 felices
1211 4088 1371 4145 sunt?
1402 4087 1540 4142 Ecce
1576 4101 1677 4142 nec
1704 4086 1868 4141 Deum

291 4192 500 4255 colunt,
530 4197 584 4243 et
608 4185 789 4242 omnia
830 4183 970 4239 mala
1011 4180 1247 4253 quotidie
1288 4178 1660 4242 committunt;
1700 4176 1871 4231 abun—

289 4282 426 4338 dant
448 4280 607 4336 rebus
632 4277 715 4333 bis
742 4275 934 4347 quibus
961 4286 1061 4345 ego
1105 4285 1268 4342 egens
1310 4268 1511 4324 laboro.
1539 4266 1658 4321 Noli
1708 4266 1871 4321 zelari

289 4376 348 4431 in
379 4378 705 4444 peccatores.
754 4367 890 4437 Quid
918 4364 1201 4434 accipiant,
1228 4361 1407 4427 vides;
1437 4358 1563 4430 quid
1607 4358 1710 4413 illis
1753 4373 1870 4412 ser-
1902 4352 1911 4415 ἒ

293 4475 471 4529 vetur,
503 4476 610 4518 non
640 4459 826 4515 vides?
854 4458 919 4513 Et
945 4454 1107 4522 unde,
1136 4452 1326 4522 inquit,
1380 4450 1537 4505 video
1583 4447 1722 4519 quod
1766 4462 1870 4503 non

276 4556 544 4615 videtur?
601 4553 829 4609 Omnino
883 4549 1043 4604 habet
1080 4547 1265 4601 oculos
1328 4542 1495 4607 ﬁdes;
1546 4550 1599 4595 et
1639 4539 1872 4611 majores

295 4649 506 4709 oculos.
533 4654 587 4700 et
611 4642 941 4715 potentiores
966 4647 1020 4695 et
1040 4636 1311 4693 fortiores.
1340 4632 1404 4687 Ili
1432 4631 1570 4687 oculi
1603 4631 1872 4686 neminem

295 4739 657 4807 deceperunt;
686 4732 741 4787 bi
784 4731 923 4787 oculi
948 4729 1053 4784 sint
1089 4739 1301 4794 semper
1327 4723 1378 4777 in
1405 4721 1712 4785 Dominum,
1737 4726 1795 4773 ut
1822 4726 1877 4775 et

295 4831 416 4901 ipse
432 4827 624 4885 evellat
643 4824 711 4881 de
736 4824 818 4879 his
841 4821 1043 4892 laqueis
1067 4817 1227 4889 pedes
1254 4824 1374 4870 tuos
1394 4813 1569 4885 (Psat.
1586 4827 1737 4878 xxiv,
1758 4810 1872 4881 IS).

298 4922 395 4976 Via
440 4925 779 4989 peccatorum
820 4913 994 4983 placet
1045 4908 1159 4972 tibi,
1210 4906 1332 4977 quia
1360 4904 1465 4959 lata
1492 4911 1593 4967 est,
1630 4910 1687 4958 et
1720 4901 1917 4989 multis

298 5027 396 5082 per
437 5010 583 5065 illam
625 5005 899 5060 ambulant
929 5017 944 5067 ;
972 4998 1301 5055 latitudinem
1342 4994 1457 5065 ejus
1502 4992 1673 5055 vides,
1715 4991 1891 5053 tinem"

242 5114 243 5117 ‘
299 5103 418 5172 ejus
465 5114 572 5154 non
612 5095 778 5152 vides.
825 5093 963 5148 Ecce
1004 5089 1094 5144 ubi
1128 5087 1325 5152 finitur,
1371 5083 1718 5154 przecipitium
1758 5089 1873 5145 est;

301 5193 392 5247 ubi
424 5189 626 5253 finitur,
660 5181 995 5256 profunditas
1020 5177 1263 5250 quatdam
1286 5174 1521 5230 barathri
1553 5181 1668 5228 est:
1702 5172 1881 5227 laetan-

303 5292 407 5351 tes,
435 5279 791 5350 exspatiantes
814 5275 869 5329 in
896 5274 996 5328 ista
1032 5271 1138 5335 via,
1166 5268 1257 5323 illo
1288 5266 1391 5321 fine
1419 5270 1747 5334 merguntur.
1770 5262 1877 5318 Sed

368 5398 384 5429 ί
421 5396 495 5455 sic
512 5400 618 5443 Mss.
634 5380 1151 5497 Edd.vero,JmpiUmn
1163 5378 1449 5452 consolatur.
1792 5434 1802 5444 '
1849 5434 1860 5444 θ

368 5461 389 5491 ι
423 5464 487 5497 ιω
506 5458 553 5497 in
563 5461 670 5497 Mss.
696 5458 753 5497 Αι
769 5464 819 5497 ιιι
841 5450 901 5497 Ed
940 5484 972 5497 ..
991 5442 1259 5496 absentibus
1274 5438 1490 5497 patnbus
1508 5449 1670 5487 smnus
1684 5434 1859 5497 pupilli

367 5461 389 5491 ’
423 5434 495 5506 ii;
506 5434 753 5505 fussflt
769 5434 972 5507 inﬁdi,
985 5434 1259 5508 absentibus
1274 5438 1490 5508 patribus
1506 5449 1670 5508 smnus
1684 5434 1882 5508 pupilli.

345 5520 392 5569 ui
768 5496 819 5561 si
832 5496 1181 5570 maii'fuerint,
1204 5503 1253 5553 in
1274 5496 1437 5565 ’ρωπίας
1470 5497 1663 5559 vivunt;
1686 5496 1882 5549 'si'boni

328 5585 789 5699 ’λενῖιιξῖἳῗξιιίφιοι
811 5640 935 5691 Mss.,
961 5641 1123 5697 amore
1145 5626 1411 5699 ejusquem
1538 5618 1767 5699 nouimus:
1782 5625 1877 5699 fit}.

306 5704 359 5756 in
380 5686 661 5759 uitaret)”
678 5686 835 5759 ἀνειη,
856 5686 950 5742 n0tt
969 5686 1197 5759 ῐιουίηιὲιέ·
1238 5686 1378 5759 “Pio
1409 5690 1539 5759 ΝΞβῆ
1569 5688 1642 5759 εἷς
1670 5688 1879 5759 ῩἚΕῨΥΡ

311 5742 835 5836 ἓξηῇὶῖᾠῖδῖἔῶίᾶ
856 5751 1066 5803 nondum
1095 5750 1238 5800 visis:
1264 5748 1348 5796 ubi
1370 5742 1545 5795 melius
1568 5742 1644 5793 alii
1668 5743 1877 5802 codices,

309 5839 471 5937 ΜΞἰιι
488 5891 558 5943 Β..
579 5880 738 5932 habes.
764 5884 836 5926 Er.
861 5875 1007 5939 Lugd.
1033 5882 1150 5923 ven.
1171 5879 1222 5922 et
1236 5878 1363 5929 t.ov.,
1389 5868 1580 5919 habeas.
1634 5871 1691 5913 at.

397 5960 404 5965 ’
476 5970 697 6053 SANGT.
744 5966 1021 6027 Auousr.
1065 5959 1173 6020 IV.

1359 431 1751 492 ENARRATIO
1781 432 1845 487 IN
1882 432 2200 491 PSAIMUM
2228 434 2454 493 CXLVI.

3417 446 3555 501 I898

1986 546 2273 602 extendere
2298 548 2483 603 oculos
2508 563 2615 605 non
2642 559 2812 621 potes,
2834 560 2891 607 ut
2908 552 3088 609 videas
3130 554 3301 625 ipsum
3351 556 3507 614 finem
3537 578 3552 615 :

1984 638 2142 703 crede
2156 639 2205 693 ei
2230 640 2320 709 qui
2335 638 2494 696 videt.
2523 642 2592 696 Et
2613 642 2729 712 quis
2753 652 2835 699 est
2863 645 3023 699 homo
3045 647 3133 717 qui
3160 648 3306 703 videt
3324 649 3339 680 ¹
3354 651 3376 705 ?
3393 648 3554 707 Forte

1986 743 2143 784 nemo
2168 730 2355 796 homo;
2387 732 2480 786 sed
2506 732 2757 789 Dominus
2787 744 2909 789 tuus
2936 735 3002 790 ad
3031 743 3081 791 te
3126 738 3292 804 venit,
3339 751 3396 794 ut
3431 757 3552 797 cre-

1986 817 2143 874 deres
2187 819 2315 874 Deo.
2364 820 2499 875 Num
2536 823 2678 877 enim
2726 832 2780 879 et
2817 824 3041 880 Domino
3092 826 3202 881 Deo
3239 836 3331 883 tuo
3360 845 3465 886 non
3492 846 3553 887 es

1985 909 2304 978 crediturus,
2335 912 2423 982 qui
2448 914 2522 966 ait
2554 912 2717 969 :Lata
2745 923 2791 968 et
2815 916 3035 985 spatiosa
3049 926 3120 971 est
3148 918 3229 972 via
3258 935 3372 987 qua:
3408 922 3548 979 ducit

1985 1001 2053 1055 ad
2074 1003 2349 1071 interitum,
2372 1013 2419 1058 et
2444 1005 2589 1059 multi
2632 1016 2747 1060 sunt
2791 1008 2877 1078 qui
2907 1008 3252 1079 ingrediuntur
3286 1028 3375 1081 per
3410 1013 3553 1067 illam

1985 1093 2200 1165 (Matth.
2229 1112 2322 1162 vn,
2354 1098 2477 1169 I5)?
2504 1098 2651 1153 IIanc
2687 1100 2826 1153 viam
2864 1101 3236 1157 exterminabit
3259 1103 3547 1172 Dominus;

1982 1187 2104 1257 quia
2130 1187 2240 1258 ipsa
2265 1197 2346 1244 est
2372 1191 2454 1245 via
2484 1200 2844 1261 peccatorum.

2050 1275 2140 1333 20.
2170 1275 2318 1352 [vers.
2338 1279 2452 1352 40.]
2479 1282 2545 1335 Et
2571 1281 2698 1336 dum
2723 1283 3071 1339 exterminata
3105 1285 3266 1341 fuerit
3286 1282 3384 1342 via
3430 1306 3553 1359 pec.

1983 1374 2244 1435 catorum,
2271 1370 2393 1439 quid
2423 1371 2578 1426 nobis
2604 1372 2807 1427 restat?
2863 1372 3055 1443 Venite,
3098 1374 3340 1431 benedicti
3376 1378 3554 1434 Patris

1982 1458 2098 1523 mei,
2118 1461 2352 1529 percipite
2378 1478 2583 1531 regnum
2609 1464 2743 1533 quod
2764 1464 2899 1519 vobis
2923 1476 3155 1535 paratum
3177 1478 3251 1523 est
3276 1469 3337 1522 ab
3363 1471 3555 1540 origine

1982 1550 2158 1604 mundi
2187 1550 2298 1624 (Id.
2343 1568 2466 1619 xxv,
2514 1551 2624 1626 54).
2668 1554 2748 1609 Ad
2796 1554 2899 1610 hoc
2946 1558 3214 1613 concludit
3258 1561 3548 1619 Psalmus:

1981 1639 2051 1694 Et
2076 1641 2207 1695 viam
2246 1652 2560 1712 peccatorum
2587 1647 2952 1702 exterminabit.
2983 1648 3050 1702 Et
3074 1650 3198 1719 quid
3230 1660 3282 1705 tu
3301 1652 3324 1705 ?
3343 1653 3551 1723 Regna-

1981 1730 2051 1786 bit
2078 1730 2327 1787 Dominus
2366 1734 2421 1787 in
2462 1744 2725 1790 internum.
2771 1736 2972 1803 Gaude,
3003 1739 3122 1807 quia
3152 1740 3243 1794 tibi
3272 1743 3547 1811 regnabit;

1981 1823 2168 1893 gaude,
2196 1824 2319 1893 quia
2361 1834 2417 1879 tu
2444 1825 2551 1880 eris
2592 1841 2812 1896 regnum
2857 1826 2991 1896 ejus.
3032 1828 3162 1883 Vide
3182 1830 3322 1885 enim
3346 1840 3399 1886 et
3423 1835 3550 1902 quid

1980 1914 2237 1985 sequitur.
2268 1914 2342 1970 Es
2366 1924 2513 1970 certe
2554 1915 2686 1971 civis
2712 1916 2778 1971 de
2801 1916 2949 1982 Sion,
2979 1932 3082 1972 non
3123 1918 3189 1974 de
3226 1919 3547 1992 Babylonia;

1980 2005 2035 2060 id
2078 2014 2180 2071 est,
2220 2022 2325 2061 non
2372 2007 2440 2062 de
2459 2008 2671 2063 civitate
2697 2009 2925 2078 peritura
2953 2010 3111 2079 hujus
3137 2012 3339 2080 saeculi,
3362 2015 3456 2069 sed
3482 2016 3552 2072 de

1978 2094 2107 2151 Sion
2131 2096 2199 2151 ad
2228 2106 2450 2171 tempus
2492 2098 2769 2155 laborante
2796 2109 2850 2155 et
2874 2103 3265 2171 peregrinante,
3299 2104 3351 2160 in
3387 2116 3543 2163 {etcr-

1977 2202 2105 2242 num
2126 2195 2301 2243 autem
2332 2197 2632 2259 regnatura.
2660 2189 2867 2244 Audisti
2909 2205 3035 2259 ergo
3076 2192 3270 2260 finem;
3314 2194 3437 2251 inde
3465 2213 3545 2253 es.

1978 2280 2225 2353 Regnabit
2275 2281 2521 2337 Dominus
2570 2283 2625 2337 in
2660 2291 2918 2345 teter-num,
2963 2282 3101 2339 Deus
3153 2295 3285 2352 tuus,
3328 2287 3473 2343 Sion.
3503 2290 3548 2345 0

1976 2371 2127 2440 Sion,
2158 2373 2297 2428 Deus
2323 2383 2443 2429 tuus
2466 2374 2710 2444 regnabit
2734 2375 2786 2428 in
2812 2383 3068 2429 aeternum
3100 2392 3111 2428 :
3142 2378 3395 2447 numquid
3423 2379 3548 2436 sine

1978 2469 2033 2517 te
2079 2463 2321 2534 regnabit
2350 2465 2488 2519 Deus
2514 2465 2672 2519 tuus?
2708 2463 2775 2518 In
2804 2465 3170 2534 generationem
3198 2477 3243 2519 et
3269 2470 3550 2537 generatio-

1978 2569 2111 2608 nem.
2139 2554 2229 2608 Bis
2262 2554 2416 2622 dixit,
2458 2556 2578 2626 quia
2626 2571 2732 2609 non
2772 2556 2941 2623 potuit
2975 2571 3187 2625 semper
3214 2557 3408 2613 dicere.
3437 2559 3548 2614 Nec

1976 2652 2129 2713 putes
2173 2645 2293 2714 quia
2348 2645 2524 2700 verbis
2549 2645 2709 2699 finitis
2736 2645 2915 2699 ﬁnitur
2940 2648 3230 2701 aeternitas.
3253 2646 3548 2705 JEternitas

1977 2734 2029 2788 in
2060 2734 2221 2790 verbo
2244 2744 2469 2806 quatuor
2497 2736 2713 2807 syllabis
2736 2746 2961 2803 constat,
2995 2738 3044 2791 iu
3073 2752 3132 2792 se
3157 2737 3273 2793 sine
3313 2740 3413 2794 fine
3442 2750 3545 2795 est.

1975 2827 2093 2883 Non
2120 2828 2291 2897 potuit
2316 2826 2409 2882 tibi
2441 2827 2539 2882 nisi
2567 2827 2643 2882 sic
2668 2828 3047 2894 commendari,
3066 2828 3203 2883 Deus
3232 2839 3344 2884 tuus
3370 2848 3552 2902 regna-

1978 2921 2047 2976 bit
2098 2921 2152 2975 in
2204 2920 2575 2992 generationem
2616 2928 2662 2973 et
2702 2921 3089 2990 generationem.
3134 2921 3325 2977 Parum
3370 2921 3503 2976 dixit
3529 2941 3546 2976 :

1976 3013 2021 3067 si
2050 3022 2158 3067 tota
2184 3012 2270 3067 die
2294 3012 2516 3077 diceret,
2556 3019 2836 3081 angustum
2877 3020 3048 3075 esset;
3074 3011 3118 3065 si
3153 3021 3262 3067 tota
3307 3013 3411 3066 vita
3454 3028 3549 3066 sua

1976 3108 2199 3173 diceret,
2236 3120 2413 3160 nonne
2436 3104 2720 3175 aliquando
2743 3105 3159 3159 conticesceret?
3178 3104 3311 3160 Ama
3337 3106 3550 3159 aeterni-

1977 3206 2171 3261 tatem;
2194 3196 2338 3249 nullo
2365 3195 2469 3249 fine
2496 3194 2801 3264 regnabis’,
2827 3195 2871 3248 si
2897 3194 3018 3248 ﬁnis
3047 3193 3139 3248 tibi
3165 3194 3410 3250 Christus
3444 3203 3546 3251 est.

1976 3303 2097 3343 cum
2118 3302 2224 3358 quo
2251 3284 2495 3357 regnabis
2517 3285 2568 3340 in
2598 3284 2787 3339 smcula
2808 3284 3148 3339 surculorum.
3175 3285 3369 3341 Amen.

2375 3476 2455 3537 IN
2499 3473 2875 3536 PSALMUM
2905 3472 3153 3533 CXLVI

2560 3595 2972 3654 ENARRATIO.

2614 3724 2788 3768 renuo
2816 3710 2915 3782 (a).

2050 3833 2101 3886 1.
2137 3829 2285 3901 [υενε.
2310 3828 2392 3900 1.]
2415 3825 2601 3881 Intenti
2628 3818 2991 3889 audiebamus,
3018 3837 3138 3878 cum
3161 3822 3395 3892 psalmus
3416 3839 3551 3893 pra:-

1976 3936 2103 3978 sens
2149 3926 2484 3983 cantaretur;
2539 3926 2593 3972 et
2640 3932 2744 3971 non
2795 3930 2981 3970 omnes
3031 3915 3121 3985 qui
3175 3915 3548 3979 audiebamus.

1976 4016 2136 4071 etiam
2163 4011 2604 4083 intclligebamus.
2622 4009 2828 4077 Quanto
2848 4008 3014 4077 magis
3037 4022 3162 4078 ergo
3187 4008 3386 4063 intente
3411 4025 3553 4065 nunc

1976 4104 2271 4162 audiendus
2318 4112 2420 4167 est,
2474 4102 2635 4165 si,ut
2671 4114 2829 4169 spero
2863 4107 2918 4154 et
2963 4098 3137 4167 cupio,
3181 4098 3552 4168 adjuvantibus

1978 4197 2217 4253 omnium
2268 4194 2591 4249 audientium
2634 4190 2985 4254 orationibus,
3031 4190 3074 4244 si
3114 4189 3240 4259 quid
3289 4190 3374 4244 hic
3415 4191 3548 4245 forte

1979 4291 2262 4347 obscurum
2305 4295 2403 4351 est,
2435 4287 2543 4340 Deo
2571 4283 2801 4338 donante
2830 4281 3179 4345 revelabitur;
3229 4291 3286 4335 ut
3325 4282 3393 4336 sit
3435 4281 3549 4335 fru-

1979 4382 2199 4430 ctuosus
2225 4371 2455 4435 auditus,
2488 4383 2587 4422 nec
2611 4366 2782 4420 inanis
2829 4364 3011 4418 redeat
3056 4363 3282 4430 auditor,
3332 4366 3421 4434 qui
3468 4365 3555 4419 in—

1982 4474 2158 4523 tentus
2173 4463 2335 4519 adfuit
2357 4477 2476 4516 cum
2498 4457 2741 4514 audiret?
2766 4455 2917 4512 Unde
2936 4455 3129 4525 cmpit?
3153 4455 3314 4510 Nobis
3330 4456 3549 4510 dicitur:

1982 4557 2211 4612 Laudate
2254 4553 2547 4607 Dominum.
2596 4549 2795 4604 Dicitur
2844 4548 2945 4602 hoc
2994 4546 3238 4601 omnibus
3281 4546 3549 4615 gentibus,

1981 4665 2088 4705 non
2128 4648 2255 4703 solis
2290 4646 2443 4699 nobis
2475 4661 2489 4697 :
2516 4651 2570 4696 et
2617 4642 2769 4695 istam
2810 4654 2993 4693 vocem
3048 4652 3141 4705 per
3181 4637 3294 4688 loca
3340 4635 3551 4703 quidem

1982 4737 2186 4809 singula
2228 4742 2505 4789 sonantem
2532 4747 2563 4785 a
2608 4729 2939 4794 Lectoribus,
2984 4724 3290 4793 singillatim
3335 4723 3555 4778 audiunt

1984 4828 2264 4890 Ecclesiae;
2288 4840 2393 4878 una
2419 4839 2520 4877 vox
2551 4830 2725 4875 tamen
2754 4819 2843 4872 Dei
2870 4830 3029 4885 super
3052 4828 3238 4868 omnes
3266 4828 3370 4867 non
3394 4821 3549 4877 tacet,

1985 4931 2043 4977 ut
2064 4918 2340 4975 laudemus
2367 4930 2508 4970 eum.
2536 4913 2606 4967 Et
2653 4910 2801 4981 quasi
2828 4921 3186 4978 quaereremus
3224 4920 3389 4975 quare
3435 4906 3553 4960 lau-

1986 5012 2114 5067 dare
2138 5010 2301 5063 Deum
2326 5005 2633 5066 debeamus,
2680 4999 2853 5054 videte
2893 5012 3049 5066 quam
3093 5010 3309 5051 causam
3336 4996 3551 5049 attulit:

1987 5100 2215 5154 Laudate
2268 5095 2576 5157 Dominum,
2610 5089 2796 5158 inquit,
2847 5086 3081 5156 quoniam
3111 5084 3267 5137 bonus
3308 5084 3551 5152 psalmus.

1987 5193 2112 5248 Ilaec
2154 5198 2235 5246 est
2266 5199 2473 5241 merces
2522 5189 2627 5236 tota
2658 5175 3021 5234 laudantium?
3049 5174 3348 5230 Laudemus
3372 5174 3554 5229 Domi-

1987 5302 2133 5343 num.
2181 5281 2388 5351 Quare?
2419 5277 2669 5343 Quoniam
2714 5273 2871 5325 bonus
2920 5267 3165 5339 psalmus.
3209 5267 3405 5322 Vellem
3433 5283 3551 5337 ego,

1988 5376 2157 5447 inquit
2206 5371 2415 5442 aliquis,
2468 5365 2684 5421 laudare
2730 5360 3010 5417 Dominum
3039 5399 3054 5423 ,
3094 5358 3141 5412 si
3188 5357 3319 5411 mihi
3361 5356 3554 5447 aliquid

1988 5446 2085 5539 pro
2129 5466 2227 5520 ista
2279 5460 2435 5515 laude
2479 5457 2721 5512 donaret.
2749 5451 2877 5518 Quis
2917 5449 3058 5504 enim
3083 5446 3261 5501 laudet
3281 5446 3557 5539 gratisch

1988 5535 2296 5614 hominem?
2343 5552 2667 5621 Exspectant
2713 5558 2838 5614 ergo
2866 5541 3093 5611 aliquam
3118 5537 3414 5593 mercedem
3444 5535 3559 5590 lau-

2054 5674 2070 5703 ι
2092 5672 2165 5719 Sic
2186 5677 2282 5716 Am.
2311 5672 2362 5715 et
2381 5671 2489 5712 Mss.
2524 5667 2579 5709 At
2601 5665 2673 5707 Er.
2700 5663 2754 5708 et
2780 5663 2911 5708 Lov.:
2947 5658 3003 5703 Et
3039 5650 3144 5715 quis
3183 5654 3251 5700 est
3272 5646 3355 5711 qui
3390 5645 3560 5699 videt!

1988 5744 2154 5785 Homo.
2182 5735 2336 5785 Forte,
2362 5734 2474 5787 etc._
2642 5780 2662 5787 _
2893 5778 2934 5787 __

2053 5779 2086 5827 ί
2099 5779 2285 5854 Aliquot
2306 5779 2432 5854 uss,
2456 5785 2508 5854 in
2529 5783 2612 5833 illo
2629 5779 2974 5854 ﬁnegegryzbis.

2055 5834 2468 5919 (dfiiibbbliMy
2488 5847 2611 5897 forte
2629 5834 3051 5904 'Cartha'ginensem
3067 5875 3081 5899 ,
3110 5848 3171 5885 ex
3197 5849 3247 5884 n.
3274 5834 3346 5883 I7.

2880 5920 3278 6001 (SoixanteJ
