4084 6452
528 372 551 424 1
564 368 665 426 899

527 483 741 539 datores
762 477 1066 537 hominum;
1099 469 1369 526 nullamne
1417 460 1717 520 mercedem
1763 462 2097 525 exspectare,

531 583 623 627 aut
650 581 850 642 petere,
878 574 968 620 aut
994 572 1212 632 sperare
1241 558 1399 612 debet
1443 551 1684 608 laudator
1720 548 1816 642 Dei
1837 542 2100 642 ibe-uda-

532 674 620 720 tur
653 635 926 721 inﬁrmus,
979 660 1034 709 et
1078 659 1322 721 Sper-stur
1365 646 1431 701 de
1476 659 1540 699 eo
1588 639 1813 711 aliquid;
1862 635 2105 692 laudatur

531 754 876 822 Omnipotens
908 789 923 815 ,
976 753 1030 801 et
1079 742 1221 797 nulla
1265 752 1471 795 merces
1519 734 1650 791 est?
1693 735 1773 787 An
1823 729 1958 785 forte
1994 728 2106 809 ‘hoc

532 850 707 918 cupio,
742 843 878 915 quod
906 841 995 896 ille
1021 839 1149 894 dare
1176 850 1280 890 non
1307 831 1519 904 potest?
1547 828 1681 898 Quid
1706 828 1867 882 homo
1892 822 2105 918 deside-

533 914 635 1005 rat,
665 914 803 1009 quod
835 934 887 988 in
915 944 1074 987 manu
1100 928 1195 983 Dei
1225 942 1331 981 non
1376 924 1482 979 sit?
1510 920 1641 976 Cum
1689 916 1985 973 laudaveris
2009 914 2107 969 bo-

533 1033 753 1097 minem,
799 1028 933 1082 forte
978 1024 1078 1079 hoc
1106 1022 1255 1090 cupis
1296 1016 1436 1089 quod
1479 1016 1546 1069 ab
1583 1013 1673 1069 illo
1710 1010 1949 1082 praestari
2000 1021 2107 1061 non

533 1133 711 1195 potest
752 1139 765 1175 :
809 1120 973 1174 Deum
1016 1126 1233 1169 securus
1280 1107 1435 1163 lautia
1461 1148 1475 1172 ,
1518 1118 1672 1175 quem
1721 1116 1878 1157 nemo
1936 1104 2111 1195 potest

537 1192 717 1271 dicere
769 1228 873 1269 non
926 1223 1081 1278 posse
1139 1211 1389 1277 praestare
1431 1200 1573 1270 quod
1621 1205 1675 1252 tu
1724 1195 1923 1266 poteris
1970 1192 2111 1248 desi-

539 1308 746 1363 derare.
792 1300 1070 1371 Proposita
1110 1310 1238 1366 ergo
1289 1306 1383 1363 spe
1426 1288 1687 1345 mercedis
1732 1285 1953 1355 alicujus
1998 1283 2113 1337 lau-

544 1399 672 1453 dare
732 1394 984 1449 debemus
1035 1389 1241 1452 Deum,
1292 1398 1398 1438 non
1438 1392 1614 1437 tamen
1663 1378 1908 1431 daturum
1959 1371 2113 1443 quid-

541 1487 667 1558 quid
723 1485 991 1553 cupimus.
1035 1477 1194 1532 Pater
1239 1482 1321 1529 est
1346 1471 1519 1541 enim,
1564 1478 1619 1526 et
1662 1466 1801 1537 quod
1852 1463 1975 1519 mali
2022 1475 2115 1517 cu-

540 1580 692 1650 piunt
735 1575 828 1629 lilii
854 1614 867 1638 ,
931 1584 1035 1625 non
1080 1568 1185 1622 dat.
1233 1563 1532 1619 Laudemus
1566 1602 1579 1627 ,
1639 1568 1693 1614 et
1732 1569 2030 1650 speremus,
2059 1562 2114 1608 et

542 1645 910 1725 desideremus
934 1674 1038 1716 non
1082 1657 1214 1713 illud
1260 1664 1352 1710 aut
1398 1652 1545 1715 illud,
1592 1649 1685 1705 sed
1734 1648 1876 1718 quod
1914 1645 2115 1715 judicat

544 1760 775 1815 dandum
818 1768 959 1819 esse,
1006 1765 1161 1821 quem
1187 1745 1484 1801 laudamus.
1512 1742 1606 1797 Ille
1639 1740 1779 1795 enim
1819 1736 1964 1793 novit
1988 1734 2115 1805 quid

544 1852 701 1907 nobis
744 1847 857 1901 dari
905 1841 1181 1912 expediat;
1248 1852 1345 1891 nos
1386 1845 1564 1890 autem
1606 1830 1939 1887 intendamus
1989 1827 2116 1897 quid

548 1940 704 1996 nobis
737 1937 903 2007 prosit
926 1932 1187 2002 accipere.
1217 1926 1500 1998 Apostolus
1542 1924 1654 1977 ait:
1681 1921 1813 1987 Quid
1842 1921 1973 1973 enim
2009 1932 2119 1972 ore-

544 2050 678 2099 mus,
724 2032 851 2084 sicut
895 2032 1108 2095 oportet,
1160 2022 1407 2076 nescimus
1429 2018 1603 2089 (Rom.
1627 2031 1740 2079 rut,
1769 2012 1885 2083 26).
1916 2010 1979 2065 Et
2005 2012 2118 2079 ipse

545 2123 687 2179 idem
736 2118 1007 2189 apostolus
1054 2112 1255 2170 Paulus
1300 2109 1547 2181 sperabat
1592 2107 1693 2162 sibi
1738 2104 2025 2175 prodesse,
2070 2102 2118 2155 si

548 2217 846 2271 auferretur
894 2210 960 2264 ab
1003 2222 1067 2262 eo
1115 2204 1363 2261 stimulus
1410 2201 1586 2256 carnis
1628 2212 1756 2264 suae,
1782 2197 1999 2267 angelus
2028 2206 2116 2248 sa-

544 2318 683 2362 tana:
720 2320 749 2357 a
776 2315 881 2373 quo
928 2296 1375 2367 colaphizabatur,
1424 2293 1562 2347 sicut
1601 2291 1715 2360 ipse
1762 2286 2040 2343 confitetur
2064 2293 2120 2339 et

546 2400 661 2453 ait:
694 2396 913 2467 Propter
952 2392 1086 2463 quod
1124 2388 1397 2459 Dominum
1444 2396 1517 2440 ter
1553 2384 1745 2454 rogavi,
1786 2388 1840 2436 ut
1901 2384 2120 2449 auferret

548 2508 661 2547 eum
686 2506 715 2543 α
738 2505 815 2542 me
828 2504 847 2552 ;
872 2497 916 2541 et
942 2485 1069 2539 dixit
1093 2482 1237 2546 mihi,
1272 2479 1468 2550 Suﬁicit
1510 2478 1594 2531 tibi
1635 2476 1797 2547 gratia
1837 2488 1976 2537 mea;
2004 2482 2122 2524 nant

546 2585 705 2639 virtus
729 2583 781 2635 in
808 2580 1098 2648 inﬁrmitate
1134 2572 1387 2645 perﬁcitur
1413 2570 1430 2641 (
1454 2570 1497 2623 ll
1525 2567 1640 2624 Cor.
1664 2582 1759 2630 xu,
1788 2563 1939 2632 7-9).
1975 2561 2123 2617 Desi-

551 2669 1019 2740 deravitaliquid;
1056 2681 1160 2722 non
1191 2674 1500 2719 concessum
1543 2670 1624 2714 est
1667 2657 1732 2711 ad
1772 2657 2119 2720 voluntatem,

549 2776 610 2821 ut
632 2764 997 2820 consuleretur
1021 2760 1036 2790 ⁸
1086 2758 1150 2812 ad
1190 2757 1489 2811 sanitatem.
1513 2751 1610 2806 Hic
1645 2764 1770 2821 ergo
1801 2746 1925 2819 quid
1971 2744 2122 2801 nobis

548 2856 881 2927 propositum
929 2850 1047 2906 est?
1100 2844 1571 2914 Laudate,inqnit,
1621 2839 1905 2895 Dominum.
1948 2838 2123 2904 Quare

548 2948 827 3002 laudemus
880 2940 1205 2997 Dominum?
1260 2937 1509 3005 Quoniam
1569 2935 1725 2987 bonus
1767 2941 1839 2985 est
1878 2931 2119 3001 psalmus.

550 3040 669 3109 Ipse
696 3037 929 3107 psalmus
974 3034 1089 3088 laus
1113 3030 1323 3086 Domini
1351 3038 1449 3085 est.
1474 3028 1585 3082 Hoc
1609 3041 1734 3096 ergo
1763 3025 1856 3090 ait,
1888 3022 2123 3077 Laudato

551 3131 859 3194 Dominum,
891 3126 1138 3196 quoniam
1184 3122 1379 3176 bonum
1424 3128 1505 3175 est
1556 3118 1769 3171 laudare
1818 3114 2119 3169 Dominum.

544 3221 666 3276 Non
694 3221 769 3275 sic
815 3226 1192 3287 praetereamus
1218 3212 1432 3267 laudare
1460 3210 1755 3264 Dominum.
1784 3204 1993 3260 Dictum
2022 3209 2122 3267 est,

552 3322 607 3368 ct
653 3310 890 3373 transiit;
925 3308 1118 3362 factum
1165 3313 1266 3369 est,
1296 3312 1346 3358 et
1377 3302 1653 3364 siluimus;
1681 3297 2030 3359 laudavimus,
2073 3302 2126 3349 et

548 3404 813 3461 iacuimus
834 3418 848 3467 ;
872 3400 1219 3463 cantavimus,
1235 3404 1288 3452 et
1313 3393 1726 3465 conquievimus.
1742 3392 1883 3446 imus
1906 3391 1957 3443 in
1986 3386 2125 3442 aliud

552 3497 689 3551 forte
738 3494 996 3564 agendum
1036 3491 1176 3561 quod
1224 3496 1417 3549 restat,
1462 3496 1513 3539 et
1560 3485 1676 3538 alim
1712 3483 1947 3537 actiones
2004 3494 2123 3534 cum

553 3586 883 3642 occurrerint
928 3584 1097 3648 nobis,
1122 3579 1351 3634 laudatio
1376 3577 1551 3631 divina
1591 3574 1819 3629 cessabit
1845 3574 1895 3627 in
1936 3571 2125 3625 nobis?

488 3730 495 3747 ι
553 3680 671 3737 Non
716 3678 819 3742 sic;
846 3691 965 3730 nam
991 3675 1166 3743 lingua
1202 3680 1303 3725 tua
1335 3670 1400 3724 ad
1439 3668 1621 3723 horam
1663 3666 1861 3729 laudat,
1888 3666 1991 3717 vita
2039 3673 2126 3718 tua

553 3785 766 3840 semper
815 3767 1012 3823 laudet.
1077 3764 1201 3818 Inde
1250 3775 1376 3831 ergo
1423 3760 1593 3815 bonus
1625 3757 1877 3827 psalmus.

623 3861 679 3914 2.
708 3859 948 3913 Psahnus
974 3856 1166 3926 quippe
1195 3860 1379 3907 cautus
1411 3859 1511 3915 est,
1535 3864 1640 3902 non
1668 3847 1913 3917 quilibet,
1938 3844 2033 3901 sed
2059 3845 2123 3899 ad

556 3951 887 4024 psalterium.
920 3947 1236 4002 Psalterium
1268 3951 1443 3998 autem
1470 3940 1735 4011 quoddam
1765 3954 2018 4009 organum
2048 3947 2128 3993 est

554 4044 849 4103 cantilenae,
879 4040 1012 4094 sicut
1035 4040 1166 4109 lyra,
1190 4036 1325 4090 sicut
1363 4033 1601 4103 cythara,
1626 4041 1680 4086 et
1710 4028 2009 4101 hujusmodi
2040 4046 2126 4085 or-

554 4146 714 4210 gana,
755 4150 872 4205 qua:
924 4134 1136 4185 inventa
1180 4136 1303 4183 sunt
1344 4126 1409 4181 ad
1454 4125 1790 4180 cantandum.
1847 4123 1947 4190 Qui
2002 4138 2127 4192 ergo

557 4230 753 4302 psallit,
798 4241 904 4280 non
953 4223 1063 4278 sola
1091 4237 1221 4276 voce
1269 4219 1483 4289 psallit;
1530 4218 1624 4273 sed
1662 4224 1932 4285 assumpto
1969 4215 2127 4270 etiam

558 4319 784 4389 quodam
813 4330 1029 4385 organo,
1052 4311 1191 4382 quod
1220 4318 1439 4365 vocatur
1466 4309 1793 4379 psalterium,
1827 4304 2127 4360 accedenti-

562 4412 663 4466 bus
693 4409 933 4463 manibus
972 4406 1085 4459 voci
1112 4402 1418 4458 concordat.
1447 4401 1539 4455 Vis
1576 4415 1702 4470 ergo
1734 4398 1987 4469 psallere?
2012 4396 2129 4451 Non

560 4503 732 4557 solum
772 4514 873 4553 vox
897 4506 980 4551 tua
1026 4503 1178 4550 sonet
1207 4493 1390 4547 laudes
1422 4492 1537 4557 Dei,
1568 4489 1659 4544 sed
1697 4504 1856 4560 opera
1881 4497 1968 4542 tua
1998 4503 2126 4543 con-

490 4576 493 4577 7
560 4594 779 4651 cordeut
805 4606 922 4647 cum
953 4603 1082 4643 voce
1109 4596 1216 4640 tua.
1247 4583 1377 4639 Cum
1413 4598 1539 4653 ergo
1563 4597 1693 4636 voce
1721 4581 2035 4644 cantaveris,
2068 4579 2130 4633 si-

562 4688 693 4744 lebis
710 4681 988 4754 aliquando
1010 4698 1022 4733 :
1044 4681 1150 4735 vita
1180 4678 1254 4732 sic
1271 4684 1444 4739 canta,
1464 4684 1520 4730 ut
1535 4690 1800 4744 nunquam
1823 4675 2000 4729 sileas.
2022 4673 2129 4727 Ne-

561 4777 759 4847 gotium
786 4774 916 4842 agis,
945 4779 999 4826 et
1020 4769 1263 4824 fraudem
1285 4767 1483 4836 cogitas
1508 4783 1522 4831 ;
1554 4766 1741 4820 siluisti
1769 4781 1798 4819 a
1828 4764 1980 4820 laude
2004 4764 2127 4818 Dei:

560 4879 617 4925 et
640 4866 780 4937 quod
808 4864 1017 4935 gravius
1052 4871 1155 4926 est,
1201 4875 1305 4915 non
1346 4858 1519 4915 solum
1548 4872 1575 4909 a
1606 4856 1757 4911 laude
1792 4857 2001 4921 siluisti,
2039 4855 2132 4910 sed

524 4998 529 5003 ι
562 4962 615 5015 in
647 4956 1029 5026 biaSphemiam
1060 4950 1357 5023 porrexisti.
1400 4948 1529 5003 Cum
1562 4947 1700 5017 enim
1728 4946 1865 5002 Deus
1893 4946 2133 5001 laudatur

562 5056 629 5110 de
656 5054 797 5108 bono
828 5064 989 5120 opere
1017 5055 1128 5113 tuo,
1162 5060 1322 5115 opere
1351 5052 1440 5097 tuo
1480 5041 1664 5096 laudas
1693 5040 1889 5104 Deum;
1934 5048 1987 5093 et
2013 5054 2135 5094 cum

565 5144 966 5213 blasphematur
992 5141 1129 5194 Deus
1152 5138 1217 5192 de
1244 5135 1382 5191 malo
1404 5148 1565 5203 opere
1594 5142 1704 5199 tuo,
1728 5144 1887 5198 opere
1916 5137 2005 5183 tuo
2024 5128 2137 5183 bla-

564 5235 819 5304 sphemas
877 5233 1061 5287 Deum.
1115 5228 1294 5295 itaque
1344 5223 1409 5279 ad
1460 5222 1664 5277 aurium
1717 5219 2136 5275 exhortationem

565 5336 723 5383 canta
749 5340 909 5387 voce;
934 5322 1097 5378 corde
1127 5336 1193 5374 ne
1216 5319 1394 5383 sileas,
1416 5317 1521 5371 vita
1545 5331 1611 5371 ne
1636 5324 1828 5371 taceas.
1856 5313 1969 5369 Non
1998 5313 2143 5383 cogi-

567 5430 651 5476 tas
680 5420 733 5473 in
780 5413 989 5484 negotio
1033 5410 1293 5474 fraudem,
1323 5408 1504 5479 psallis
1535 5406 1664 5462 Deo.
1693 5404 1823 5460 Cum
1853 5403 2139 5459 mandttcas

568 5526 624 5572 et
650 5512 804 5576 bibis,
837 5507 1033 5579 psalle;
1079 5519 1184 5558 non
1230 5500 1639 5558 intermiscendo
1683 5514 1931 5554 sonorum
1962 5494 2140 5552 suavi-

572 5614 709 5662 tates
743 5602 807 5659 ad
845 5614 1001 5656 aures
1040 5604 1210 5667 aptas,
1258 5593 1349 5649 sed
1400 5592 1639 5648 modeste
1689 5601 1740 5646 et
1782 5590 2051 5659 frugaliter
2089 5596 2143 5643 et

637 5738 653 5768 ί
675 5736 806 5846 63¢,
852 5732 1193 5785 consolaretur.
1229 5734 1284 5778 At
1321 5735 1450 5786 Mss,
1497 5724 1819 5777 consuleretur
1845 5736 1857 5771 :
1886 5722 2007 5773 forte
2030 5734 2136 5785 pro,

637 5810 706 5846 tce
743 5804 918 5846 eretur.

590 5804 918 5847 oncederetur.

1746 343 1803 397 S.
1844 332 2207 397 AUGUSTINI
2244 334 2548 393 EPISCOPI

3643 341 3775 399 £900

2212 456 2571 517 temperanter
2594 448 2962 505 manducando
2999 457 3052 506 et
3072 449 3305 507 bibendo
3333 468 3347 506 :
3381 450 3504 521 quia
3529 450 3631 508 hoc
3653 453 3776 510 dicit

2209 539 2518 609 Apostolus,
2564 539 2682 596 Sive
2708 541 3041 605 manducetis,
3067 540 3170 597 sive
3196 542 3379 609 bibitis,
3424 534 3527 597 sive
3562 536 3678 614 quid
3699 548 3777 616 {ac

2209 632 2360 698 citis;
2403 634 2571 685 omnia
2606 634 2659 686 in
2700 634 2913 703 giarium
2952 632 3048 686 Dei
3078 635 3227 704 facile
3252 634 3296 707 (l
3324 633 3445 689 Cor.
3489 650 3545 701 x,
3574 634 3679 709 51).
3715 638 3778 694 εἰ

2211 736 2338 794 ergo
2363 723 2496 778 bene
2524 723 2655 793 agis,
2684 724 2825 794 quod
2850 732 2905 779 et
2937 724 3225 779 manducas
3252 724 3307 780 et
3343 726 3505 790 bibis,
3527 736 3582 782 et
3605 727 3667 783 ad
3691 744 3778 784 re.

2211 816 2492 871 lectionem
2521 817 2760 886 corporis
2782 816 2950 871 sumis
2985 817 3487 886 reparatioaemque
3517 818 3779 875 membro.

2210 918 2352 971 rum,
2375 907 2571 976 gratias
2596 921 2757 977 agens
2784 906 2833 961 ei
2862 907 2952 976 qui
2983 907 3075 962 tibi
3100 907 3329 977 praebuit
3358 908 3571 962 mortali
3607 918 3658 963 et
3677 909 3779 965 ira-

2210 996 2303 1065 gili
2350 997 2448 1051 ista
2488 998 2977 1067 supplementorum
3022 998 3244 1064 solatia;
3292 1007 3346 1053 et
3378 998 3534 1053 cibus
3576 1008 3690 1055 tuus
3723 1011 3780 1057 et

2213 1094 2371 1159 potus
2398 1097 2516 1143 tuus
2546 1090 2725 1144 laudat
2755 1090 2926 1145 Deum
2950 1107 2965 1145 :
2987 1090 3031 1145 si
3058 1104 3185 1146 vero
3210 1090 3443 1145 'modum
3472 1100 3669 1146 natura?
3691 1092 3781 1147 de-

2215 1180 2384 1237 bitum
2428 1183 2870 1238 lmmoderatione
2896 1184 3206 1238 voracitatis
3246 1182 3500 1245 excedas,
3539 1194 3593 1238 et
3630 1186 3777 1240 vino-

2204 1273 2374 1329 lentia
2418 1282 2471 1330 te
2500 1274 2830 1346 ingurgitcs;
2876 1276 3232 1346 quantaslibet
3271 1276 3454 1332 laudes
3480 1277 3578 1332 Dei
3615 1277 3779 1347 lingua

2213 1374 2303 1421 tua
2334 1376 2506 1432 sonet,
2528 1366 3010 1436 vita‘blasphemat.
3033 1366 3161 1423 Post
3187 1369 3361 1423 cibum
3402 1380 3457 1423 et
3478 1377 3661 1439 potum
3698 1385 3781 1425 re-

2206 1458 2466 1527 quiescis,
2513 1468 2572 1513 ut
2608 1459 2880 1525 dormias;
2929 1475 3027 1515 nec
3073 1460 3128 1514 in
3164 1460 3301 1515 lecto
3342 1444 3545 1530 aliquid
3575 1462 3787 1531 turpiter

2212 1565 2363 1620 agas,
2405 1566 2503 1606 nec
2532 1552 2765 1607 excedas
2795 1553 2933 1607 ultra
2961 1566 3270 1608 concessam
3290 1551 3570 1608 licentiam
3600 1556 3650 1607 in
3678 1554 3790 1624 lege

2208 1641 2313 1696 'Dei
2343 1660 2356 1695 :
2386 1642 2453 1696 sit
2476 1651 2652 1699 castus
2672 1658 2794 1705 cum
2818 1646 3042 1715 conjuge
3065 1652 3245 1711 torus;
3274 1653 3325 1700 et
3351 1646 3394 1699 si
3420 1654 3503 1700 est
3523 1660 3651 1701 cura
3675 1659 3792 1715 pro-

2218 1734 2443 1805 pagandi
2473 1735 2690 1803 liberos,
2718 1751 2823 1790 non
2851 1737 2921 1791 sit
2944 1736 3194 1791 effrenata
3223 1738 3461 1793 luxuries
3488 1738 3788 1801 libidinum;

2221 1825 2372 1883 defer
2401 1827 2452 1880 in
2479 1826 2618 1882 lecto
2645 1835 2735 1883 tuo
2758 1828 2966 1898 conjugi
2996 1829 3151 1892 tum‘,
3184 1829 3303 1897 quia
3337 1829 3576 1883 membra
3603 1827 3794 1884 Christi

2212 1918 2349 1973 estis
2378 1918 2533 1972 ambo
2559 1918 2669 1988 (Id.
2698 1934 2772 1984 vn,
2804 1919 2916 1991 15),
2947 1920 3103 1975 ambo
3143 1919 3209 1975 ah
3246 1918 3338 1973 ilio
3377 1920 3601 1987 conditi,
3644 1921 3796 1975 ambo

2222 2008 2479 2079 sanguine
2521 2009 2687 2079 ipsius
2726 2010 2954 2078 reparati
2984 2027 2998 2065 :
3028 2010 3142 2064 haec
3179 2024 3340 2081 agens
3381 2010 3568 2081 laudas
3610 2012 3797 2076 Deum,

2222 2114 2323 2155 nec
2362 2101 2579 2156 omnino
2611 2101 2788 2156 silebit
2812 2100 3057 2175 laudatio
3087 2109 3195 2155 tua.
3225 2101 3382 2167 Quid,
3415 2117 3537 2156 cum
3584 2114 3803 2157 somnus

2223 2192 2533 2248 advenerit?
2570 2194 2798 2249 Etcum
2841 2194 3061 2258 dormis,
3096 2208 3201 2248 non
3248 2202 3299 2249 te
3327 2195 3521 2249 excitet
3566 2209 3593 2247 a
3623 2196 3805 2264 quiete

2222 2283 2363 2338 mala
2391 2284 2715 2339 conscientia
2748 2294 2869 2349 tua;
2901 2293 2953 2340 et
2990 2284 3289 2340 innocentia
3317 2286 3488 2340 somni
3517 2286 3590 2339 tui
3624 2285 3809 2339 laudat

2216 2372 2411 2429 Deum.
2443 2372 2499 2429 Si
2539 2389 2665 2445 ergo
2700 2376 2906 2441 laudas,
2936 2388 3042 2430 non
3073 2384 3273 2430 tantum
3304 2374 3477 2448 lingua
3503 2388 3680 2440 canta,
3710 2376 3805 2430 sed

2224 2462 2385 2518 etiam
2412 2471 2682 2533 assumpto
2704 2464 2964 2519 bonorum
2986 2479 3204 2535 aperum
3241 2466 3522 2535 psalterio;
3564 2468 3808 2537 quoniam

2216 2550 2384 2605 'bonus
2414 2552 2658 2623 psalmus.
2710 2552 2918 2609 Laudas
2965 2568 3082 2608 cum
3128 2555 3239 2624 agis
3280 2558 3569 2623 negotium,
3598 2556 3808 2610 laudas

2214 2658 2346 2699 eum
2381 2644 2557 2700 cibum
2585 2653 2639 2699 et
2667 2652 2849 2715 potum
2878 2645 3043 2716 capis,
3078 2645 3261 2699 laudas
3299 2660 3419 2700 cum
3465 2646 3516 2700 in
3550 2646 3687 2700 lecto
3714 2663 3810 2701 re-

2226 2736 2477 2805 quieseis,
2532 2735 2714 2790 laudas
2758 2748 2877 2790 cum
2909 2734 3151 2799 dormis;
3201 2736 3412 2805 quando
3443 2751 3549 2791 non
3588 2737 3811 2791 laudas?

2220 2825 2539 2882 Perﬁcietur
2564 2827 2617 2880 in
2640 2826 2790 2881 nobis
2826 2826 3058 2880 laudatio
3086 2826 3198 2891 Dei,
3230 2841 3347 2881 cum
3372 2827 3435 2881 ad
3459 2828 3598 2881 illam
3620 2828 3815 2882 civita-

2228 2924 2333 2972 tem
2359 2919 2681 2985 venerimus,
2710 2917 2922 2990 quando
2952 2916 3125 2973 cil'ecti
3155 2916 3410 2973 fuerimus
3436 2919 3667 2988 aequales
3697 2920 3816 2974 An-

2224 3008 2359 3078 gelis
2389 3008 2482 3062 Dei
2517 3006 2725 3079 (Matth.
2752 3024 2883 3075 xxu,
2916 3007 3006 3077 50)
3035 3025 3048 3072 ;
3077 3009 3288 3085 quando
3314 3023 3410 3062 nos
3436 3010 3578 3062 nulla
3608 3024 3810 3079 corpo-

2229 3098 2355 3152 ralis
2387 3099 2677 3153 necessitas
2715 3098 2821 3153 nlla
2863 3114 2927 3155 ex
2965 3106 3115 3169 parte
3158 3098 3423 3164 sollicitat,
3466 3114 3571 3154 non
3613 3098 3811 3167 fames,

2228 3202 2334 3244 non
2376 3189 2493 3243 sitis
2534 3189 2857 3259 interpellat,
2904 3204 3010 3243 non
3053 3184 3459 3257 testus’fatigat,
3505 3204 3608 3241 non
3640 3187 3813 3257 frigus

2229 3280 2559 3350 constringit,
2578 3294 2701 3335 'non
2733 3279 2895 3335 febris
2925 3280 3123 3349 dejicit,
3156 3293 3262 3334 non
3301 3294 3446 3333 mors
3477 3280 3610 3333 ﬁnit.
3639 3279 3718 3333 Ad
3740 3280 3811 3333 il-

2218 3370 2334 3425 lam
2374 3369 2812 3440 perfectissimam
2859 3370 3450 3425 laudem'exerceamus
3491 3383 3591 3423 nos
3620 3369 3810 3423 lauda-

2231 3464 2374 3517 tione
2398 3462 2497 3516 ista
2527 3462 2578 3516 in
2609 3461 2763 3517 bonis
2791 3461 3062 3532 operibus.

2301 3554 2354 3607 5.
2398 3554 2682 3623 Propterea
2713 3568 2833 3609 cum
2858 3552 3100 3619 dixisset,
3127 3553 3352 3608 Laudato
3375 3553 3665 3619 Dominum,
3687 3570 3808 3622 quo-

2232 3644 2369 3697 niam
2401 3644 2558 3698 bonus
2595 3646 2817 3714 psalmus
2844 3662 2859 3698 :
2887 3643 2993 3699 Deo
3032 3654 3223 3709 nostra,
3270 3628 3458 3713 inquit,
3483 3646 3715 3716 jucunda
3739 3648 3808 3700 sit

2230 3736 2363 3789 laus.
2393 3735 2669 3803 Quomodo
2689 3737 2789 3791 erit
2820 3734 2928 3791 Deo
2948 3745 3131 3791 nostro
3147 3735 3375 3807 jucunda
3399 3737 3555 3791 laus?
3586 3737 3637 3791 Si
3664 3738 3808 3793 bene

2224 3820 2457 3883 Avitrendo
2498 3826 2762 3883 laudetur.
2812 3826 2947 3882 Audi
2990 3829 3111 3896 quia
3155 3836 3281 3883 tunc
3322 3828 3423 3882 erit
3454 3828 3530 3881 illi
3569 3828 3804 3897 jucunda

2230 3917 2365 3972 laus.
2408 3916 2523 3973 Alio
2550 3917 2667 3973 loco
2708 3918 2919 3983 dicitur,
2967 3916 3086 3971 Non
3131 3927 3203 3971 est
3236 3920 3459 3986 speciosa
3486 3918 3595 3971 laus
3629 3918 3683 3969 in
3720 3934 3809 3971 ore

2234 4007 2511 4077 peccatoris
2554 4006 2739 4077 (Eccli.
2770 4023 2855 4070 xv,
2884 4006 2963 4078 9).
3013 4006 3068 4061 Si
3109 4021 3239 4077 ergo
3266 4004 3340 4060 in
3377 4021 3471 4060 ore
3512 4007 3809 4075 peccatoris

2233 4097 2474 4167 speciosa
2501 4098 2615 4151 laus
2644 4112 2749 4151 non
2797 4105 2895 4161 est,
2928 4097 3155 4167 jucUnda
3209 4111 3312 4150 non
3361 4104 3480 4160 est;
3522 4098 3622 4151 hoc
3661 4097 3806 4151 enim

2229 4186 2543 4257 jucundum,
2572 4186 2712 4255 quod
2738 4186 3059 4256 speciosum.
3104 4185 3195 4241 Vis
3231 4200 3359 4255 ergo
3384 4195 3442 4240 ut
3468 4186 3577 4240 Deo
3607 4195 3695 4240 tuo
3720 4186 3808 4254 ju-

2234 4279 2404 4335 cunda
2441 4280 2509 4334 sit
2538 4279 2691 4333 laus?
2726 4278 2843 4333 Noli
2873 4279 3028 4334 home
3065 4278 3342 4335 cantilenae
3373 4287 3475 4334 tua:
3494 4279 3808 4347 obstrepere

2236 4373 2472 4427 moribus
2493 4370 2662 4424 malis.
2689 4370 2794 4424 Deo
2815 4380 2984 4425 nostra
2996 4372 3226 4443 jucunda
3244 4372 3308 4425 sit
3329 4372 3456 4425 laus.
3479 4370 3615 4438 Quid
3638 4368 3810 4424 dixit?

2235 4460 2336 4527 Qui
2364 4460 2607 4525 laudatis,
2638 4460 2774 4514 bene
2817 4457 2997 4514 vivite.
3024 4459 3280 4513 Laudatio
3311 4460 3592 4528 impiorum
3632 4460 3801 4514 offen-

2235 4550 2314 4605 dit
2350 4552 2534 4605 Deum.
2568 4550 2695 4606 Pius
2742 4549 2830 4603 ille
2868 4549 3088 4604 attendit
3114 4549 3436 4618 quidvivas,
3480 4565 3635 4619 quam
3676 4549 3808 4618 quid

2239 4655 2418 4695 sones.
2452 4640 2611 4694 Certe
2634 4654 2751 4693 cum
2775 4654 2840 4694 eo
2865 4654 3018 4708 quem
3042 4638 3243 4704 laudas,
3262 4654 3446 4708 pacem
3474 4639 3671 4694 habere
3690 4640 3804 4693 vis:

2238 4730 2507 4802 quomodo
2553 4744 2672 4785 cum
2715 4728 2808 4783 illo
2836 4729 3029 4798 quteris
3064 4741 3273 4797 pacem,
3312 4727 3524 4798 quando
3565 4743 3595 4782 a
3637 4728 3810 4797 teipse

2238 4822 2519 4877 diesonas?
2554 4820 2852 4889 Quomodo,
2884 4820 3111 4889 inquies,
3142 4833 3171 4871 a
3202 4820 3517 4887 memetipso
3553 4818 3808 4873 dissono?

2240 4904 2399 4972 Aliud
2437 4925 2591 4971 sonat
2615 4915 2813 4985 lingua,
2842 4911 2981 4966 aliud
3016 4912 3213 4966 indicat
3236 4911 3362 4965 vita.
3396 4910 3504 4964 Deo
3530 4920 3703 4965 nostra
3718 4910 3811 4978 ju-

2240 5008 2407 5064 cunda
2434 5007 2497 5061 sit
2527 5007 2653 5060 laus.
2679 5002 2858 5058 Potest
2884 5003 3024 5057 enim
3051 5003 3165 5056 laus
3185 5001 3413 5071 jucunda
3438 5016 3561 5057 esse
3584 5000 3809 5067 homini,

2241 5110 2361 5152 cum
2390 5096 2534 5151 audit
2557 5084 2828 5149 eoncinnis
2850 5092 3120 5162 acutisque
3143 5092 3421 5147 sententiis
3442 5100 3495 5146 et
3514 5091 3658 5145 suavi
3680 5104 3813 5145 voce

2246 5190 2585 5244 laudantem:
2617 5184 2711 5240 sed
2755 5184 2863 5238 Deo
2902 5192 3070 5237 nostra
3109 5182 3341 5253 jucunda
3380 5182 3446 5236 sit
3468 5183 3621 5246 laus;
3659 5180 3809 5249 cujus

2246 5296 2422 5346 aures,
2453 5295 2556 5334 non
2596 5277 2660 5333 ad
2690 5292 2771 5339 os,
2803 5276 2897 5331 sed
2927 5275 2993 5329 ad
3032 5288 3154 5340 cor;
3188 5289 3294 5329 non
3328 5275 3405 5329 ‘ad
3436 5271 3809 5345 linguam,scd

2246 5375 2313 5431 ad
2342 5374 2501 5428 vitam
2531 5370 3054 5439 laudatoris-patent.

2317 5465 2371 5520 4.
2413 5463 2573 5536 [vers.
2602 5459 2682 5533 2.]
2721 5460 2847 5529 Quis
2875 5466 2957 5515 est
2991 5458 3131 5514 Deus
3157 5466 3341 5515 noster
3368 5457 3452 5512 cui
3488 5450 3716 5526 jucunda
3744 5455 3815 5511 sit

2249 5557 2399 5615 laus?
2433 5554 2690 5611 Dulcescit
2738 5552 2909 5618 nobis,
2940 5551 3277 5606 commendat
3313 5566 3370 5605 se
3400 5550 3548 5603 nobis
3573 5548 3815 5616 :gratias

2248 5648 2536 5722 dignationi
2580 5646 2713 5715 ejus.
2754 5644 3008 5713 Dignatur
3036 5642 3174 5698 enim
3215 5638 3582 5698 commendare
3620 5652 3680 5692 se
3720 5652 3814 5692 no-

2319 5785 2335 5818 ι
2362 5780 2493 5840 edd,
2516 5774 2704 5842 conjugi
2725 5781 2820 5827 tua!
2837 5773 3076 5825 honorem.
3104 5781 3221 5833 Vox,
3242 5770 3480 5829 honorem,
3498 5768 3638 5818 abest
3656 5781 3686 5817 a
3703 5773 3799 5816 Mss
