  <div class='ocr_page' id='page_1' title='image "/cluster/home/n/w/nwhite01/storage/ocr_20150623/37/uva.x000827106/448.png"; bbox 0 0 4084 6438; ppageno 0'>
   <div class='ocr_carea' id='block_1_1' title="bbox 318 352 470 414">
    <p class='ocr_par' dir='ltr' id='par_1_1' title="bbox 318 352 470 414">
     <span class='ocr_line' id='line_1_1' title="bbox 318 352 470 414; baseline -0.013 -2"><span class='ocrx_word' id='word_1_1' title='bbox 318 352 470 414; x_wconf 74' lang='grc'><strong>1901</strong></span> 
     </span>
    </p>
   </div>
   <div class='ocr_carea' id='block_1_2' title="bbox 326 460 1917 541">
    <p class='ocr_par' dir='ltr' id='par_1_2' title="bbox 326 460 1917 541">
     <span class='ocr_line' id='line_1_2' title="bbox 326 460 1917 541; baseline -0.009 -11"><span class='ocrx_word' id='word_1_2' title='bbox 326 472 447 537; x_wconf 72' lang='lat' dir='ltr'><strong>bis,</strong></span> <span class='ocrx_word' id='word_1_3' title='bbox 481 484 591 527; x_wconf 90' lang='lat' dir='ltr'><strong>non</strong></span> <span class='ocrx_word' id='word_1_4' title='bbox 629 468 779 541; x_wconf 84' lang='lat' dir='ltr'><strong>quasi</strong></span> <span class='ocrx_word' id='word_1_5' title='bbox 815 464 1014 538; x_wconf 87' lang='lat' dir='ltr'><strong>aliquid</strong></span> <span class='ocrx_word' id='word_1_6' title='bbox 1041 463 1391 538; x_wconf 75' lang='lat' dir='ltr'><strong>prtestaturis,</strong></span> <span class='ocrx_word' id='word_1_7' title='bbox 1421 463 1515 519; x_wconf 85' lang='lat' dir='ltr'><strong>sed</strong></span> <span class='ocrx_word' id='word_1_8' title='bbox 1544 461 1707 518; x_wconf 92' lang='lat' dir='ltr'><strong>multa</strong></span> <span class='ocrx_word' id='word_1_9' title='bbox 1736 460 1917 518; x_wconf 86' lang='lat' dir='ltr'><strong>abillo</strong></span> 
     </span>
    </p>
   </div>
   <div class='ocr_carea' id='block_1_3' title="bbox 326 552 1920 637">
    <p class='ocr_par' dir='ltr' id='par_1_3' title="bbox 326 552 1920 637">
     <span class='ocr_line' id='line_1_3' title="bbox 326 552 1920 637; baseline -0.008 -17"><span class='ocrx_word' id='word_1_10' title='bbox 326 566 514 637; x_wconf 74' lang='lat' dir='ltr'><strong>potius</strong></span> <span class='ocrx_word' id='word_1_11' title='bbox 533 561 853 630; x_wconf 87' lang='lat' dir='ltr'><strong>accepturis.</strong></span> <span class='ocrx_word' id='word_1_12' title='bbox 878 559 1159 626; x_wconf 84' lang='lat' dir='ltr'><strong>Quomodo</strong></span> <span class='ocrx_word' id='word_1_13' title='bbox 1177 571 1305 628; x_wconf 83' lang='lat' dir='ltr'><strong>ergo</strong></span> <span class='ocrx_word' id='word_1_14' title='bbox 1326 554 1667 613; x_wconf 75' lang='lat' dir='ltr'><strong>commendat</strong></span> <span class='ocrx_word' id='word_1_15' title='bbox 1686 567 1745 610; x_wconf 84' lang='lat' dir='ltr'><strong>se</strong></span> <span class='ocrx_word' id='word_1_16' title='bbox 1766 552 1920 610; x_wconf 84' lang='lat' dir='ltr'><strong>nobis</strong></span> 
     </span>
    </p>
   </div>
   <div class='ocr_carea' id='block_1_4' title="bbox 328 644 1920 721">
    <p class='ocr_par' dir='ltr' id='par_1_4' title="bbox 328 644 1920 721">
     <span class='ocr_line' id='line_1_4' title="bbox 328 644 1920 721; baseline -0.008 -10"><span class='ocrx_word' id='word_1_17' title='bbox 328 654 521 711; x_wconf 72' lang='lat' dir='ltr'><strong>Deus?</strong></span> <span class='ocrx_word' id='word_1_18' title='bbox 552 652 747 709; x_wconf 80' lang='lat' dir='ltr'><strong>Audite</strong></span> <span class='ocrx_word' id='word_1_19' title='bbox 771 650 1069 721; x_wconf 79' lang='lat' dir='ltr'><strong>apostolum</strong></span> <span class='ocrx_word' id='word_1_20' title='bbox 1099 649 1323 705; x_wconf 86' lang='lat' dir='ltr'><strong>Paulum</strong></span> <span class='ocrx_word' id='word_1_21' title='bbox 1348 665 1361 702; x_wconf 89' lang='lat'><strong>:</strong></span> <span class='ocrx_word' id='word_1_22' title='bbox 1393 664 1414 698; x_wconf 75' lang='grc' dir='ltr'>ι</span> <span class='ocrx_word' id='word_1_23' title='bbox 1444 644 1797 703; x_wconf 74' lang='lat' dir='ltr'><strong>Commendat</strong></span> <span class='ocrx_word' id='word_1_24' title='bbox 1824 659 1920 699; x_wconf 82' lang='lat' dir='ltr'><strong>au—</strong></span> 
     </span>
    </p>
   </div>
   <div class='ocr_carea' id='block_1_5' title="bbox 324 735 1914 817">
    <p class='ocr_par' dir='ltr' id='par_1_5' title="bbox 324 735 1914 817">
     <span class='ocr_line' id='line_1_5' title="bbox 324 735 1914 817; baseline -0.008 -12"><span class='ocrx_word' id='word_1_25' title='bbox 324 758 470 812; x_wconf 78' lang='lat' dir='ltr'><strong>tem,</strong></span> <span class='ocrx_word' id='word_1_26' title='bbox 498 766 518 801; x_wconf 72' lang='grc' dir='ltr'>ι</span> <span class='ocrx_word' id='word_1_27' title='bbox 553 747 742 817; x_wconf 77' lang='lat' dir='ltr'><strong>inquit,</strong></span> <span class='ocrx_word' id='word_1_28' title='bbox 796 763 815 797; x_wconf 74' lang='grc' dir='ltr'>ι</span> <span class='ocrx_word' id='word_1_29' title='bbox 846 744 1188 800; x_wconf 85' lang='lat' dir='ltr'><strong>dilectionem</strong></span> <span class='ocrx_word' id='word_1_30' title='bbox 1219 735 1369 797; x_wconf 82' lang='lat' dir='ltr'><strong>sitam</strong></span> <span class='ocrx_word' id='word_1_31' title='bbox 1408 741 1549 797; x_wconf 88' lang='lat' dir='ltr'><strong>Deus</strong></span> <span class='ocrx_word' id='word_1_32' title='bbox 1594 740 1648 795; x_wconf 89' lang='lat' dir='ltr'><strong>in</strong></span> <span class='ocrx_word' id='word_1_33' title='bbox 1688 738 1864 796; x_wconf 82' lang='lat' dir='ltr'><strong>nobis.</strong></span> <span class='ocrx_word' id='word_1_34' title='bbox 1895 757 1914 792; x_wconf 72' lang='grc' dir='ltr'><strong>ι</strong></span> 
     </span>
    </p>
   </div>
   <div class='ocr_carea' id='block_1_6' title="bbox 322 822 1923 908">
    <p class='ocr_par' dir='ltr' id='par_1_6' title="bbox 322 822 1923 908">
     <span class='ocr_line' id='line_1_6' title="bbox 322 822 1923 908; baseline -0.005 -15"><span class='ocrx_word' id='word_1_35' title='bbox 322 838 617 908; x_wconf 81' lang='lat' dir='ltr'><strong>Quomodo</strong></span> <span class='ocrx_word' id='word_1_36' title='bbox 660 822 1129 891; x_wconf 65' lang='lat' dir='ltr'><strong>«commendat?»</strong></span> <span class='ocrx_word' id='word_1_37' title='bbox 1182 832 1407 897; x_wconf 84' lang='lat' dir='ltr'><strong>Audite;</strong></span> <span class='ocrx_word' id='word_1_38' title='bbox 1449 832 1563 901; x_wconf 84' lang='lat' dir='ltr'><strong>ipse</strong></span> <span class='ocrx_word' id='word_1_39' title='bbox 1602 830 1745 887; x_wconf 82' lang='lat' dir='ltr'><strong>dicat</strong></span> <span class='ocrx_word' id='word_1_40' title='bbox 1779 832 1923 900; x_wconf 76' lang='lat' dir='ltr'><strong>Apo-</strong></span> 
     </span>
    </p>
   </div>
   <div class='ocr_carea' id='block_1_7' title="bbox 328 922 1913 998">
    <p class='ocr_par' dir='ltr' id='par_1_7' title="bbox 328 922 1913 998">
     <span class='ocr_line' id='line_1_7' title="bbox 328 922 1913 998; baseline -0.009 -10"><span class='ocrx_word' id='word_1_41' title='bbox 328 934 527 995; x_wconf 80' lang='lat' dir='ltr'><strong>stolas,</strong></span> <span class='ocrx_word' id='word_1_42' title='bbox 569 938 630 985; x_wconf 90' lang='lat' dir='ltr'><strong>ut</strong></span> <span class='ocrx_word' id='word_1_43' title='bbox 676 936 1017 998; x_wconf 87' lang='lat' dir='ltr'><strong>comparetur</strong></span> <span class='ocrx_word' id='word_1_44' title='bbox 1056 934 1117 982; x_wconf 88' lang='lat' dir='ltr'><strong>et</strong></span> <span class='ocrx_word' id='word_1_45' title='bbox 1161 925 1413 980; x_wconf 86' lang='lat' dir='ltr'><strong>Psalmo:</strong></span> <span class='ocrx_word' id='word_1_46' title='bbox 1444 941 1464 976; x_wconf 89' lang='lat' dir='ltr'><strong>s</strong></span> <span class='ocrx_word' id='word_1_47' title='bbox 1492 922 1863 986; x_wconf 86' lang='lat' dir='ltr'><strong>Commendat,</strong></span> <span class='ocrx_word' id='word_1_48' title='bbox 1893 940 1913 974; x_wconf 77' lang='grc' dir='ltr'><strong><em>ι</em></strong></span> 
     </span>
    </p>
   </div>
   <div class='ocr_carea' id='block_1_8' title="bbox 324 1013 1921 1096">
    <p class='ocr_par' dir='ltr' id='par_1_8' title="bbox 324 1013 1921 1096">
     <span class='ocr_line' id='line_1_8' title="bbox 324 1013 1921 1096; baseline -0.008 -15"><span class='ocrx_word' id='word_1_49' title='bbox 324 1024 523 1096; x_wconf 83' lang='lat' dir='ltr'><strong>inquit,</strong></span> <span class='ocrx_word' id='word_1_50' title='bbox 551 1041 570 1076; x_wconf 78' lang='grc' dir='ltr'>ι</span> <span class='ocrx_word' id='word_1_51' title='bbox 597 1021 937 1077; x_wconf 81' lang='lat' dir='ltr'><strong>dilectionem</strong></span> <span class='ocrx_word' id='word_1_52' title='bbox 955 1033 1107 1073; x_wconf 87' lang='lat' dir='ltr'><strong>suam</strong></span> <span class='ocrx_word' id='word_1_53' title='bbox 1138 1017 1279 1073; x_wconf 83' lang='lat' dir='ltr'><strong>Deus</strong></span> <span class='ocrx_word' id='word_1_54' title='bbox 1307 1016 1361 1071; x_wconf 89' lang='lat' dir='ltr'><strong>in</strong></span> <span class='ocrx_word' id='word_1_55' title='bbox 1388 1016 1564 1072; x_wconf 85' lang='lat' dir='ltr'><strong>nobis.</strong></span> <span class='ocrx_word' id='word_1_56' title='bbox 1596 1034 1616 1068; x_wconf 73' lang='grc' dir='ltr'><strong><em>ι</em></strong></span> <span class='ocrx_word' id='word_1_57' title='bbox 1641 1013 1921 1082; x_wconf 81' lang='lat' dir='ltr'><strong>Quomodo</strong></span> 
     </span>
    </p>
   </div>
   <div class='ocr_carea' id='block_1_9' title="bbox 336 1111 1919 1181">
    <p class='ocr_par' dir='ltr' id='par_1_9' title="bbox 336 1111 1919 1181">
     <span class='ocr_line' id='line_1_9' title="bbox 336 1111 1919 1181; baseline -0.004 -11"><span class='ocrx_word' id='word_1_58' title='bbox 336 1136 363 1170; x_wconf 82' lang='lat' dir='ltr'><strong>s</strong></span> <span class='ocrx_word' id='word_1_59' title='bbox 387 1114 762 1173; x_wconf 78' lang='lat' dir='ltr'><strong>commendat?</strong></span> <span class='ocrx_word' id='word_1_60' title='bbox 784 1113 1051 1180; x_wconf 77' lang='lat' dir='ltr'><strong>Quoniam</strong></span> <span class='ocrx_word' id='word_1_61' title='bbox 1076 1125 1197 1167; x_wconf 90' lang='lat' dir='ltr'><strong>cum</strong></span> <span class='ocrx_word' id='word_1_62' title='bbox 1234 1111 1409 1167; x_wconf 85' lang='lat' dir='ltr'><strong>adhuc</strong></span> <span class='ocrx_word' id='word_1_63' title='bbox 1436 1117 1743 1181; x_wconf 86' lang='lat' dir='ltr'><strong>peccatores</strong></span> <span class='ocrx_word' id='word_1_64' title='bbox 1766 1122 1919 1164; x_wconf 80' lang='lat' dir='ltr'><strong>esse-</strong></span> 
     </span>
    </p>
   </div>
   <div class='ocr_carea' id='block_1_10' title="bbox 325 1198 1913 1273">
    <p class='ocr_par' dir='ltr' id='par_1_10' title="bbox 325 1198 1913 1273">
     <span class='ocr_line' id='line_1_10' title="bbox 325 1198 1913 1273; baseline -0.004 -12"><span class='ocrx_word' id='word_1_65' title='bbox 325 1222 477 1270; x_wconf 86' lang='lat' dir='ltr'><strong>mus,</strong></span> <span class='ocrx_word' id='word_1_66' title='bbox 516 1205 764 1261; x_wconf 81' lang='lat' dir='ltr'><strong>Christus</strong></span> <span class='ocrx_word' id='word_1_67' title='bbox 802 1217 901 1273; x_wconf 90' lang='lat' dir='ltr'><strong>pro</strong></span> <span class='ocrx_word' id='word_1_68' title='bbox 939 1202 1094 1257; x_wconf 86' lang='lat' dir='ltr'><strong>nobis</strong></span> <span class='ocrx_word' id='word_1_69' title='bbox 1131 1211 1371 1256; x_wconf 87' lang='lat' dir='ltr'><strong>mortuus</strong></span> <span class='ocrx_word' id='word_1_70' title='bbox 1407 1208 1532 1256; x_wconf 73' lang='lat' dir='ltr'><strong>ests</strong></span> <span class='ocrx_word' id='word_1_71' title='bbox 1565 1198 1738 1269; x_wconf 84' lang='lat' dir='ltr'><strong>(Rom.</strong></span> <span class='ocrx_word' id='word_1_72' title='bbox 1779 1214 1834 1264; x_wconf 92' lang='lat' dir='ltr'><strong>v,</strong></span> <span class='ocrx_word' id='word_1_73' title='bbox 1862 1198 1913 1264; x_wconf 85' lang='lat'><strong>8,</strong></span> 
     </span>
    </p>
   </div>
   <div class='ocr_carea' id='block_1_11' title="bbox 330 1293 1921 1369">
    <p class='ocr_par' dir='ltr' id='par_1_11' title="bbox 330 1293 1921 1369">
     <span class='ocr_line' id='line_1_11' title="bbox 330 1293 1921 1369; baseline -0.006 -15"><span class='ocrx_word' id='word_1_74' title='bbox 330 1298 416 1369; x_wconf 85' lang='lat'><strong>9).</strong></span> <span class='ocrx_word' id='word_1_75' title='bbox 441 1297 579 1365; x_wconf 85' lang='lat' dir='ltr'><strong>Quid</strong></span> <span class='ocrx_word' id='word_1_76' title='bbox 606 1312 732 1367; x_wconf 85' lang='lat' dir='ltr'><strong>ergo</strong></span> <span class='ocrx_word' id='word_1_77' title='bbox 754 1303 930 1350; x_wconf 89' lang='lat' dir='ltr'><strong>servat</strong></span> <span class='ocrx_word' id='word_1_78' title='bbox 956 1294 1338 1360; x_wconf 81' lang='lat' dir='ltr'><strong>laudatoribus,</strong></span> <span class='ocrx_word' id='word_1_79' title='bbox 1362 1293 1451 1364; x_wconf 86' lang='lat' dir='ltr'><strong>qui</strong></span> <span class='ocrx_word' id='word_1_80' title='bbox 1475 1294 1553 1347; x_wconf 85' lang='lat' dir='ltr'><strong>sie</strong></span> <span class='ocrx_word' id='word_1_81' title='bbox 1574 1306 1634 1347; x_wconf 88' lang='lat' dir='ltr'><strong>se</strong></span> <span class='ocrx_word' id='word_1_82' title='bbox 1655 1304 1921 1347; x_wconf 84' lang='lat' dir='ltr'><strong>commen-</strong></span> 
     </span>
    </p>
   </div>
   <div class='ocr_carea' id='block_1_12' title="bbox 328 1385 1919 1459">
    <p class='ocr_par' dir='ltr' id='par_1_12' title="bbox 328 1385 1919 1459">
     <span class='ocr_line' id='line_1_12' title="bbox 328 1385 1919 1459; baseline -0.002 -18"><span class='ocrx_word' id='word_1_83' title='bbox 328 1390 426 1445; x_wconf 85' lang='lat' dir='ltr'><strong>dat</strong></span> <span class='ocrx_word' id='word_1_84' title='bbox 448 1385 864 1459; x_wconf 79' lang='lat' dir='ltr'><strong>peccatoribus?</strong></span> <span class='ocrx_word' id='word_1_85' title='bbox 888 1387 1022 1454; x_wconf 87' lang='lat' dir='ltr'><strong>Quia</strong></span> <span class='ocrx_word' id='word_1_86' title='bbox 1042 1401 1173 1457; x_wconf 87' lang='lat' dir='ltr'><strong>ergo</strong></span> <span class='ocrx_word' id='word_1_87' title='bbox 1196 1387 1275 1441; x_wconf 80' lang='lat' dir='ltr'><strong>sic</strong></span> <span class='ocrx_word' id='word_1_88' title='bbox 1289 1386 1426 1441; x_wconf 76' lang='lat' dir='ltr'><strong>dixit</strong></span> <span class='ocrx_word' id='word_1_89' title='bbox 1453 1385 1743 1455; x_wconf 77' lang='lat' dir='ltr'><strong>Apostolus</strong></span> <span class='ocrx_word' id='word_1_90' title='bbox 1770 1399 1919 1439; x_wconf 84' lang='lat' dir='ltr'><strong>eom-</strong></span> 
     </span>
    </p>
   </div>
   <div class='ocr_carea' id='block_1_13' title="bbox 329 1476 1921 1545">
    <p class='ocr_par' dir='ltr' id='par_1_13' title="bbox 329 1476 1921 1545">
     <span class='ocr_line' id='line_1_13' title="bbox 329 1476 1921 1545; baseline -0.001 -10"><span class='ocrx_word' id='word_1_91' title='bbox 329 1482 623 1537; x_wconf 85' lang='lat' dir='ltr'><strong>mendasse</strong></span> <span class='ocrx_word' id='word_1_92' title='bbox 649 1480 818 1534; x_wconf 89' lang='lat' dir='ltr'><strong>Deum</strong></span> <span class='ocrx_word' id='word_1_93' title='bbox 847 1480 1000 1535; x_wconf 89' lang='lat' dir='ltr'><strong>nobis</strong></span> <span class='ocrx_word' id='word_1_94' title='bbox 1028 1478 1367 1535; x_wconf 82' lang='lat' dir='ltr'><strong>dilectionem</strong></span> <span class='ocrx_word' id='word_1_95' title='bbox 1390 1493 1559 1545; x_wconf 87' lang='lat' dir='ltr'><strong>suam,</strong></span> <span class='ocrx_word' id='word_1_96' title='bbox 1592 1487 1650 1533; x_wconf 88' lang='lat' dir='ltr'><strong>ut</strong></span> <span class='ocrx_word' id='word_1_97' title='bbox 1674 1476 1921 1535; x_wconf 78' lang='lat' dir='ltr'><strong>Christus</strong></span> 
     </span>
    </p>
   </div>
   <div class='ocr_carea' id='block_1_14' title="bbox 330 1568 1919 1639">
    <p class='ocr_par' dir='ltr' id='par_1_14' title="bbox 330 1568 1919 1639">
     <span class='ocr_line' id='line_1_14' title="bbox 330 1568 1919 1639; baseline -0.001 -13"><span class='ocrx_word' id='word_1_98' title='bbox 330 1580 646 1626; x_wconf 86' lang='lat' dir='ltr'><strong>moreretur</strong></span> <span class='ocrx_word' id='word_1_99' title='bbox 674 1585 769 1639; x_wconf 88' lang='lat' dir='ltr'><strong>pro</strong></span> <span class='ocrx_word' id='word_1_100' title='bbox 800 1570 1011 1637; x_wconf 87' lang='lat' dir='ltr'><strong>impiis;</strong></span> <span class='ocrx_word' id='word_1_101' title='bbox 1041 1582 1145 1623; x_wconf 90' lang='lat' dir='ltr'><strong>non</strong></span> <span class='ocrx_word' id='word_1_102' title='bbox 1174 1576 1233 1623; x_wconf 81' lang='lat' dir='ltr'><strong>ut</strong></span> <span class='ocrx_word' id='word_1_103' title='bbox 1259 1569 1405 1638; x_wconf 86' lang='lat' dir='ltr'><strong>impii</strong></span> <span class='ocrx_word' id='word_1_104' title='bbox 1444 1578 1800 1633; x_wconf 80' lang='lat' dir='ltr'><strong>remanerent,</strong></span> <span class='ocrx_word' id='word_1_105' title='bbox 1825 1568 1919 1624; x_wconf 83' lang='lat' dir='ltr'><strong>sed</strong></span> 
     </span>
    </p>
   </div>
   <div class='ocr_carea' id='block_1_15' title="bbox 329 1654 1918 1730">
    <p class='ocr_par' dir='ltr' id='par_1_15' title="bbox 329 1654 1918 1730">
     <span class='ocr_line' id='line_1_15' title="bbox 329 1654 1918 1730; baseline -0.003 -13"><span class='ocrx_word' id='word_1_106' title='bbox 329 1671 393 1717; x_wconf 84' lang='lat' dir='ltr'><strong>ut</strong></span> <span class='ocrx_word' id='word_1_107' title='bbox 422 1670 595 1715; x_wconf 89' lang='lat' dir='ltr'><strong>morte</strong></span> <span class='ocrx_word' id='word_1_108' title='bbox 615 1660 741 1729; x_wconf 84' lang='lat' dir='ltr'><strong>justi</strong></span> <span class='ocrx_word' id='word_1_109' title='bbox 764 1660 831 1714; x_wconf 88' lang='lat' dir='ltr'><strong>ab</strong></span> <span class='ocrx_word' id='word_1_110' title='bbox 850 1659 1104 1726; x_wconf 75' lang='lat' dir='ltr'><strong>iniustitia</strong></span> <span class='ocrx_word' id='word_1_111' title='bbox 1130 1667 1447 1715; x_wconf 79' lang='lat' dir='ltr'><strong>sanarentur</strong></span> <span class='ocrx_word' id='word_1_112' title='bbox 1466 1677 1477 1712; x_wconf 91' lang='lat'><strong>:</strong></span> <span class='ocrx_word' id='word_1_113' title='bbox 1496 1659 1582 1714; x_wconf 85' lang='lat' dir='ltr'><strong>hic</strong></span> <span class='ocrx_word' id='word_1_114' title='bbox 1598 1654 1723 1730; x_wconf 85' lang='lat' dir='ltr'><strong>quid</strong></span> <span class='ocrx_word' id='word_1_115' title='bbox 1745 1658 1918 1726; x_wconf 82' lang='lat' dir='ltr'><strong>audis,</strong></span> 
     </span>
    </p>
   </div>
   <div class='ocr_carea' id='block_1_16' title="bbox 328 1748 1921 1819">
    <p class='ocr_par' dir='ltr' id='par_1_16' title="bbox 328 1748 1921 1819">
     <span class='ocr_line' id='line_1_16' title="bbox 328 1748 1921 1819; baseline -0.001 -13"><span class='ocrx_word' id='word_1_116' title='bbox 328 1767 459 1806; x_wconf 85' lang='lat' dir='ltr'><strong>cum</strong></span> <span class='ocrx_word' id='word_1_117' title='bbox 489 1751 731 1815; x_wconf 83' lang='lat' dir='ltr'><strong>dixisset,</strong></span> <span class='ocrx_word' id='word_1_118' title='bbox 760 1748 873 1803; x_wconf 80' lang='lat' dir='ltr'><strong>Deo</strong></span> <span class='ocrx_word' id='word_1_119' title='bbox 897 1759 1069 1803; x_wconf 87' lang='lat' dir='ltr'><strong>nostro</strong></span> <span class='ocrx_word' id='word_1_120' title='bbox 1088 1749 1323 1819; x_wconf 75' lang='lat' dir='ltr'><strong>jucunda</strong></span> <span class='ocrx_word' id='word_1_121' title='bbox 1347 1752 1411 1803; x_wconf 83' lang='lat' dir='ltr'><strong>sit</strong></span> <span class='ocrx_word' id='word_1_122' title='bbox 1447 1750 1601 1805; x_wconf 82' lang='lat' dir='ltr'><strong>laus?</strong></span> <span class='ocrx_word' id='word_1_123' title='bbox 1635 1750 1921 1806; x_wconf 80' lang='lat' dir='ltr'><strong>Videamus</strong></span> 
     </span>
    </p>
   </div>
   <div class='ocr_carea' id='block_1_17' title="bbox 331 1843 1921 1915">
    <p class='ocr_par' dir='ltr' id='par_1_17' title="bbox 331 1843 1921 1915">
     <span class='ocr_line' id='line_1_17' title="bbox 331 1843 1921 1915; baseline 0.001 -16"><span class='ocrx_word' id='word_1_124' title='bbox 331 1846 380 1900; x_wconf 87' lang='lat' dir='ltr'><strong>si</strong></span> <span class='ocrx_word' id='word_1_125' title='bbox 407 1846 522 1915; x_wconf 85' lang='lat' dir='ltr'><strong>ipsa</strong></span> <span class='ocrx_word' id='word_1_126' title='bbox 550 1851 636 1899; x_wconf 83' lang='lat' dir='ltr'><strong>est</strong></span> <span class='ocrx_word' id='word_1_127' title='bbox 662 1843 1056 1898; x_wconf 83' lang='lat' dir='ltr'><strong>commendatio</strong></span> <span class='ocrx_word' id='word_1_128' title='bbox 1090 1857 1248 1913; x_wconf 78' lang='lat' dir='ltr'><strong>quam</strong></span> <span class='ocrx_word' id='word_1_129' title='bbox 1272 1843 1413 1898; x_wconf 80' lang='lat' dir='ltr'><strong>dixit</strong></span> <span class='ocrx_word' id='word_1_130' title='bbox 1440 1845 1746 1914; x_wconf 81' lang='lat' dir='ltr'><strong>Apostolus,</strong></span> <span class='ocrx_word' id='word_1_131' title='bbox 1786 1844 1921 1914; x_wconf 83' lang='lat' dir='ltr'><strong>Quia</strong></span> 
     </span>
    </p>
   </div>
   <div class='ocr_carea' id='block_1_18' title="bbox 329 1932 1915 2005">
    <p class='ocr_par' dir='ltr' id='par_1_18' title="bbox 329 1932 1915 2005">
     <span class='ocr_line' id='line_1_18' title="bbox 329 1932 1915 2005; baseline 0 -15"><span class='ocrx_word' id='word_1_132' title='bbox 329 1936 582 1991; x_wconf 83' lang='lat' dir='ltr'><strong>Christus</strong></span> <span class='ocrx_word' id='word_1_133' title='bbox 611 1947 708 2005; x_wconf 90' lang='lat' dir='ltr'><strong>pro</strong></span> <span class='ocrx_word' id='word_1_134' title='bbox 730 1934 1101 2004; x_wconf 81' lang='lat' dir='ltr'><strong>peccatoribus</strong></span> <span class='ocrx_word' id='word_1_135' title='bbox 1131 1943 1183 1988; x_wconf 87' lang='lat' dir='ltr'><strong>et</strong></span> <span class='ocrx_word' id='word_1_136' title='bbox 1218 1948 1317 2004; x_wconf 91' lang='lat' dir='ltr'><strong>pro</strong></span> <span class='ocrx_word' id='word_1_137' title='bbox 1347 1934 1523 2004; x_wconf 83' lang='lat' dir='ltr'><strong>impiis</strong></span> <span class='ocrx_word' id='word_1_138' title='bbox 1548 1944 1788 1990; x_wconf 90' lang='lat' dir='ltr'><strong>mortuus</strong></span> <span class='ocrx_word' id='word_1_139' title='bbox 1814 1932 1915 1992; x_wconf 82' lang='lat' dir='ltr'><strong>est.</strong></span> 
     </span>
    </p>
   </div>
   <div class='ocr_carea' id='block_1_19' title="bbox 334 2026 1920 2098">
    <p class='ocr_par' dir='ltr' id='par_1_19' title="bbox 334 2026 1920 2098">
     <span class='ocr_line' id='line_1_19' title="bbox 334 2026 1920 2098; baseline 0 -15"><span class='ocrx_word' id='word_1_140' title='bbox 334 2027 655 2097; x_wconf 58' lang='lat' dir='ltr'><strong>ﬁdi/iram,</strong></span> <span class='ocrx_word' id='word_1_141' title='bbox 685 2027 873 2098; x_wconf 88' lang='lat' dir='ltr'><strong>inquit,</strong></span> <span class='ocrx_word' id='word_1_142' title='bbox 899 2026 1183 2081; x_wconf 79' lang='lat' dir='ltr'><strong>Jerusalem</strong></span> <span class='ocrx_word' id='word_1_143' title='bbox 1214 2026 1482 2094; x_wconf 76' lang='lat' dir='ltr'><strong>Dominus,</strong></span> <span class='ocrx_word' id='word_1_144' title='bbox 1514 2036 1561 2081; x_wconf 87' lang='lat' dir='ltr'><strong>et</strong></span> <span class='ocrx_word' id='word_1_145' title='bbox 1586 2028 1920 2097; x_wconf 82' lang='lat' dir='ltr'><strong>dispersiones</strong></span> 
     </span>
    </p>
   </div>
   <div class='ocr_carea' id='block_1_20' title="bbox 333 2116 1915 2189">
    <p class='ocr_par' dir='ltr' id='par_1_20' title="bbox 333 2116 1915 2189">
     <span class='ocr_line' id='line_1_20' title="bbox 333 2116 1915 2189; baseline 0 -17"><span class='ocrx_word' id='word_1_146' title='bbox 333 2117 506 2174; x_wconf 77' lang='lat' dir='ltr'><strong>Israel</strong></span> <span class='ocrx_word' id='word_1_147' title='bbox 535 2118 794 2189; x_wconf 70' lang='lat' dir='ltr'><strong>colligens.</strong></span> <span class='ocrx_word' id='word_1_148' title='bbox 828 2116 968 2172; x_wconf 86' lang='lat' dir='ltr'><strong>Ecce</strong></span> <span class='ocrx_word' id='word_1_149' title='bbox 1005 2117 1276 2172; x_wconf 62' lang='lat' dir='ltr'><strong>aediﬁcans</strong></span> <span class='ocrx_word' id='word_1_150' title='bbox 1315 2118 1608 2173; x_wconf 83' lang='lat' dir='ltr'><strong>Jerusalem</strong></span> <span class='ocrx_word' id='word_1_151' title='bbox 1642 2119 1915 2184; x_wconf 78' lang='lat' dir='ltr'><strong>Dominus,</strong></span> 
     </span>
    </p>
   </div>
   <div class='ocr_carea' id='block_1_21' title="bbox 334 2207 1918 2281">
    <p class='ocr_par' dir='ltr' id='par_1_21' title="bbox 334 2207 1918 2281">
     <span class='ocr_line' id='line_1_21' title="bbox 334 2207 1918 2281; baseline 0 -16"><span class='ocrx_word' id='word_1_152' title='bbox 334 2209 593 2281; x_wconf 81' lang='lat' dir='ltr'><strong>colligens</strong></span> <span class='ocrx_word' id='word_1_153' title='bbox 620 2209 991 2279; x_wconf 22' lang='lat' dir='ltr'><strong>,dispersiones</strong></span> <span class='ocrx_word' id='word_1_154' title='bbox 1036 2207 1217 2278; x_wconf 80' lang='lat' dir='ltr'><strong>populi</strong></span> <span class='ocrx_word' id='word_1_155' title='bbox 1260 2209 1446 2278; x_wconf 88' lang='lat' dir='ltr'><strong>ipsius.</strong></span> <span class='ocrx_word' id='word_1_156' title='bbox 1495 2209 1730 2279; x_wconf 81' lang='lat' dir='ltr'><strong>Pupulus</strong></span> <span class='ocrx_word' id='word_1_157' title='bbox 1775 2210 1918 2265; x_wconf 89' lang='lat' dir='ltr'><strong>enim</strong></span> 
     </span>
    </p>
   </div>
   <div class='ocr_carea' id='block_1_22' title="bbox 333 2289 1917 2369">
    <p class='ocr_par' dir='ltr' id='par_1_22' title="bbox 333 2289 1917 2369">
     <span class='ocr_line' id='line_1_22' title="bbox 333 2289 1917 2369; baseline 0 -13"><span class='ocrx_word' id='word_1_158' title='bbox 333 2300 653 2366; x_wconf 73' lang='lat' dir='ltr'><strong>Jerusalem,</strong></span> <span class='ocrx_word' id='word_1_159' title='bbox 696 2300 922 2369; x_wconf 83' lang='lat' dir='ltr'><strong>populus</strong></span> <span class='ocrx_word' id='word_1_160' title='bbox 960 2289 1271 2355; x_wconf 39' lang='lat' dir='ltr'><strong>IsraclsEst</strong></span> <span class='ocrx_word' id='word_1_161' title='bbox 1298 2299 1593 2355; x_wconf 81' lang='lat' dir='ltr'><strong>Jerusalem</strong></span> <span class='ocrx_word' id='word_1_162' title='bbox 1635 2312 1829 2356; x_wconf 85' lang='lat' dir='ltr'><strong>aeterna</strong></span> <span class='ocrx_word' id='word_1_163' title='bbox 1862 2302 1917 2356; x_wconf 88' lang='lat' dir='ltr'><strong>in</strong></span> 
     </span>
    </p>
   </div>
   <div class='ocr_carea' id='block_1_23' title="bbox 332 2390 1918 2464">
    <p class='ocr_par' dir='ltr' id='par_1_23' title="bbox 332 2390 1918 2464">
     <span class='ocr_line' id='line_1_23' title="bbox 332 2390 1918 2464; baseline -0.001 -14"><span class='ocrx_word' id='word_1_164' title='bbox 332 2394 512 2459; x_wconf 67' lang='lat' dir='ltr'><strong>caelis,</strong></span> <span class='ocrx_word' id='word_1_165' title='bbox 554 2391 642 2447; x_wconf 87' lang='lat' dir='ltr'><strong>ubi</strong></span> <span class='ocrx_word' id='word_1_166' title='bbox 685 2394 829 2447; x_wconf 80' lang='lat' dir='ltr'><strong>cives</strong></span> <span class='ocrx_word' id='word_1_167' title='bbox 875 2394 1034 2446; x_wconf 85' lang='lat' dir='ltr'><strong>etiam</strong></span> <span class='ocrx_word' id='word_1_168' title='bbox 1082 2390 1271 2461; x_wconf 81' lang='lat' dir='ltr'><strong>Angeli</strong></span> <span class='ocrx_word' id='word_1_169' title='bbox 1313 2400 1455 2446; x_wconf 87' lang='lat' dir='ltr'><strong>sunt.</strong></span> <span class='ocrx_word' id='word_1_170' title='bbox 1489 2392 1625 2458; x_wconf 86' lang='lat' dir='ltr'><strong>Quid</strong></span> <span class='ocrx_word' id='word_1_171' title='bbox 1671 2407 1801 2464; x_wconf 84' lang='lat' dir='ltr'><strong>ergo</strong></span> <span class='ocrx_word' id='word_1_172' title='bbox 1844 2393 1918 2449; x_wconf 83' lang='lat' dir='ltr'><strong>ibi</strong></span> 
     </span>
    </p>
   </div>
   <div class='ocr_carea' id='block_1_24' title="bbox 332 2482 1917 2553">
    <p class='ocr_par' dir='ltr' id='par_1_24' title="bbox 332 2482 1917 2553">
     <span class='ocr_line' id='line_1_24' title="bbox 332 2482 1917 2553; baseline -0.001 -12"><span class='ocrx_word' id='word_1_173' title='bbox 332 2483 501 2541; x_wconf 85' lang='lat' dir='ltr'><strong>Israel</strong></span> <span class='ocrx_word' id='word_1_174' title='bbox 522 2484 545 2537; x_wconf 89' lang='lat'><strong>?</strong></span> <span class='ocrx_word' id='word_1_175' title='bbox 570 2484 623 2539; x_wconf 86' lang='lat' dir='ltr'><strong>Si</strong></span> <span class='ocrx_word' id='word_1_176' title='bbox 647 2482 915 2538; x_wconf 84' lang='lat' dir='ltr'><strong>hominem</strong></span> <span class='ocrx_word' id='word_1_177' title='bbox 944 2483 1091 2537; x_wconf 83' lang='lat' dir='ltr'><strong>illum</strong></span> <span class='ocrx_word' id='word_1_178' title='bbox 1129 2492 1373 2553; x_wconf 80' lang='lat' dir='ltr'><strong>nepotem</strong></span> <span class='ocrx_word' id='word_1_179' title='bbox 1406 2483 1632 2538; x_wconf 66' lang='lat' dir='ltr'><strong>Abrahae</strong></span> <span class='ocrx_word' id='word_1_180' title='bbox 1669 2484 1917 2539; x_wconf 85' lang='lat' dir='ltr'><strong>conside-</strong></span> 
     </span>
    </p>
   </div>
   <div class='ocr_carea' id='block_1_25' title="bbox 332 2574 1919 2647">
    <p class='ocr_par' dir='ltr' id='par_1_25' title="bbox 332 2574 1919 2647">
     <span class='ocr_line' id='line_1_25' title="bbox 332 2574 1919 2647; baseline -0.002 -14"><span class='ocrx_word' id='word_1_181' title='bbox 332 2590 444 2645; x_wconf 85' lang='lat' dir='ltr'><strong>res,</strong></span> <span class='ocrx_word' id='word_1_182' title='bbox 475 2577 565 2647; x_wconf 85' lang='lat' dir='ltr'><strong>qui</strong></span> <span class='ocrx_word' id='word_1_183' title='bbox 595 2575 767 2631; x_wconf 87' lang='lat' dir='ltr'><strong>dictus</strong></span> <span class='ocrx_word' id='word_1_184' title='bbox 794 2583 877 2630; x_wconf 83' lang='lat' dir='ltr'><strong>est</strong></span> <span class='ocrx_word' id='word_1_185' title='bbox 905 2584 957 2630; x_wconf 91' lang='lat' dir='ltr'><strong>et</strong></span> <span class='ocrx_word' id='word_1_186' title='bbox 983 2574 1179 2641; x_wconf 76' lang='lat' dir='ltr'><strong>Iacob;</strong></span> <span class='ocrx_word' id='word_1_187' title='bbox 1212 2575 1480 2645; x_wconf 89' lang='lat' dir='ltr'><strong>quomodo</strong></span> <span class='ocrx_word' id='word_1_188' title='bbox 1505 2576 1737 2646; x_wconf 79' lang='lat' dir='ltr'><strong>Angelos</strong></span> <span class='ocrx_word' id='word_1_189' title='bbox 1763 2576 1919 2631; x_wconf 79' lang='lat' dir='ltr'><strong>intel-</strong></span> 
     </span>
    </p>
   </div>
   <div class='ocr_carea' id='block_1_26' title="bbox 332 2664 1913 2743">
    <p class='ocr_par' dir='ltr' id='par_1_26' title="bbox 332 2664 1913 2743">
     <span class='ocr_line' id='line_1_26' title="bbox 332 2664 1913 2743; baseline -0.001 -18"><span class='ocrx_word' id='word_1_190' title='bbox 332 2668 551 2741; x_wconf 83' lang='lat' dir='ltr'><strong>ligimus</strong></span> <span class='ocrx_word' id='word_1_191' title='bbox 573 2667 768 2724; x_wconf 84' lang='lat' dir='ltr'><strong>Israel?</strong></span> <span class='ocrx_word' id='word_1_192' title='bbox 795 2664 853 2723; x_wconf 86' lang='lat' dir='ltr'><strong>Si</strong></span> <span class='ocrx_word' id='word_1_193' title='bbox 882 2668 1372 2743; x_wconf 78' lang='lat' dir='ltr'><strong>interpretationem</strong></span> <span class='ocrx_word' id='word_1_194' title='bbox 1400 2668 1631 2724; x_wconf 90' lang='lat' dir='ltr'><strong>nominis</strong></span> <span class='ocrx_word' id='word_1_195' title='bbox 1657 2668 1913 2724; x_wconf 88' lang='lat' dir='ltr'><strong>discutia-</strong></span> 
     </span>
    </p>
   </div>
   <div class='ocr_carea' id='block_1_27' title="bbox 334 2755 1918 2829">
    <p class='ocr_par' dir='ltr' id='par_1_27' title="bbox 334 2755 1918 2829">
     <span class='ocr_line' id='line_1_27' title="bbox 334 2755 1918 2829; baseline -0.001 -13"><span class='ocrx_word' id='word_1_196' title='bbox 334 2776 478 2825; x_wconf 89' lang='lat' dir='ltr'><strong>mus,</strong></span> <span class='ocrx_word' id='word_1_197' title='bbox 520 2760 639 2829; x_wconf 86' lang='lat' dir='ltr'><strong>quia</strong></span> <span class='ocrx_word' id='word_1_198' title='bbox 677 2766 730 2813; x_wconf 82' lang='lat' dir='ltr'><strong>et</strong></span> <span class='ocrx_word' id='word_1_199' title='bbox 760 2759 871 2829; x_wconf 86' lang='lat' dir='ltr'><strong>ipse</strong></span> <span class='ocrx_word' id='word_1_200' title='bbox 897 2755 1062 2813; x_wconf 83' lang='lat' dir='ltr'><strong>Iacob</strong></span> <span class='ocrx_word' id='word_1_201' title='bbox 1101 2766 1303 2812; x_wconf 90' lang='lat' dir='ltr'><strong>mutato</strong></span> <span class='ocrx_word' id='word_1_202' title='bbox 1342 2759 1559 2813; x_wconf 87' lang='lat' dir='ltr'><strong>nomine</strong></span> <span class='ocrx_word' id='word_1_203' title='bbox 1587 2768 1805 2813; x_wconf 87' lang='lat' dir='ltr'><strong>vocatus</strong></span> <span class='ocrx_word' id='word_1_204' title='bbox 1834 2768 1918 2815; x_wconf 88' lang='lat' dir='ltr'><strong>est</strong></span> 
     </span>
    </p>
   </div>
   <div class='ocr_carea' id='block_1_28' title="bbox 334 2848 1918 2925">
    <p class='ocr_par' dir='ltr' id='par_1_28' title="bbox 334 2848 1918 2925">
     <span class='ocr_line' id='line_1_28' title="bbox 334 2848 1918 2925; baseline -0.001 -16"><span class='ocrx_word' id='word_1_205' title='bbox 334 2852 500 2909; x_wconf 88' lang='lat' dir='ltr'><strong>Israel</strong></span> <span class='ocrx_word' id='word_1_206' title='bbox 545 2848 697 2925; x_wconf 82' lang='lat' dir='ltr'><strong>(Cen.</strong></span> <span class='ocrx_word' id='word_1_207' title='bbox 728 2866 903 2916; x_wconf 61' lang='grc' dir='ltr'>χχιιι,</span> <span class='ocrx_word' id='word_1_208' title='bbox 930 2848 1056 2923; x_wconf 67' lang='lat'><strong>28);</strong></span> <span class='ocrx_word' id='word_1_209' title='bbox 1100 2850 1267 2922; x_wconf 86' lang='lat' dir='ltr'><strong>magis</strong></span> <span class='ocrx_word' id='word_1_210' title='bbox 1304 2850 1373 2905; x_wconf 85' lang='lat' dir='ltr'><strong>ibi</strong></span> <span class='ocrx_word' id='word_1_211' title='bbox 1409 2865 1601 2906; x_wconf 86' lang='lat' dir='ltr'><strong>nomen</strong></span> <span class='ocrx_word' id='word_1_212' title='bbox 1633 2849 1792 2907; x_wconf 86' lang='lat' dir='ltr'><strong>Israel</strong></span> <span class='ocrx_word' id='word_1_213' title='bbox 1820 2871 1835 2907; x_wconf 88' lang='lat'><strong>:</strong></span> <span class='ocrx_word' id='word_1_214' title='bbox 1864 2860 1918 2907; x_wconf 91' lang='lat' dir='ltr'><strong>et</strong></span> 
     </span>
    </p>
   </div>
   <div class='ocr_carea' id='block_1_29' title="bbox 334 2937 1914 3013">
    <p class='ocr_par' dir='ltr' id='par_1_29' title="bbox 334 2937 1914 3013">
     <span class='ocr_line' id='line_1_29' title="bbox 334 2937 1914 3013; baseline -0.001 -13"><span class='ocrx_word' id='word_1_215' title='bbox 334 2946 538 3001; x_wconf 87' lang='lat' dir='ltr'><strong>utinam</strong></span> <span class='ocrx_word' id='word_1_216' title='bbox 569 2954 624 3000; x_wconf 91' lang='lat' dir='ltr'><strong>et</strong></span> <span class='ocrx_word' id='word_1_217' title='bbox 658 2958 754 2998; x_wconf 89' lang='lat' dir='ltr'><strong>nos</strong></span> <span class='ocrx_word' id='word_1_218' title='bbox 781 2937 1063 3013; x_wconf 83' lang='lat' dir='ltr'><strong>sequentes</strong></span> <span class='ocrx_word' id='word_1_219' title='bbox 1088 2943 1253 2997; x_wconf 84' lang='lat' dir='ltr'><strong>simus</strong></span> <span class='ocrx_word' id='word_1_220' title='bbox 1278 2940 1458 2997; x_wconf 86' lang='lat' dir='ltr'><strong>Israel.</strong></span> <span class='ocrx_word' id='word_1_221' title='bbox 1489 2942 1625 3012; x_wconf 87' lang='lat' dir='ltr'><strong>Quid</strong></span> <span class='ocrx_word' id='word_1_222' title='bbox 1657 2944 1799 2999; x_wconf 87' lang='lat' dir='ltr'><strong>enim</strong></span> <span class='ocrx_word' id='word_1_223' title='bbox 1830 2943 1914 2999; x_wconf 90' lang='lat' dir='ltr'><strong>in-</strong></span> 
     </span>
    </p>
   </div>
   <div class='ocr_carea' id='block_1_30' title="bbox 334 3026 1915 3110">
    <p class='ocr_par' dir='ltr' id='par_1_30' title="bbox 334 3026 1915 3110">
     <span class='ocr_line' id='line_1_30' title="bbox 334 3026 1915 3110; baseline -0.001 -15"><span class='ocrx_word' id='word_1_224' title='bbox 334 3026 657 3110; x_wconf 83' lang='lat' dir='ltr'><strong>terpretatur</strong></span> <span class='ocrx_word' id='word_1_225' title='bbox 685 3036 889 3093; x_wconf 89' lang='lat' dir='ltr'><strong>Israel?</strong></span> <span class='ocrx_word' id='word_1_226' title='bbox 916 3035 1117 3092; x_wconf 83' lang='lat' dir='ltr'><strong>Vldcns</strong></span> <span class='ocrx_word' id='word_1_227' title='bbox 1147 3036 1335 3092; x_wconf 90' lang='lat' dir='ltr'><strong>Deum.</strong></span> <span class='ocrx_word' id='word_1_228' title='bbox 1375 3036 1574 3091; x_wconf 84' lang='lat' dir='ltr'><strong>Omnes</strong></span> <span class='ocrx_word' id='word_1_229' title='bbox 1617 3050 1744 3107; x_wconf 85' lang='lat' dir='ltr'><strong>ergo</strong></span> <span class='ocrx_word' id='word_1_230' title='bbox 1770 3037 1915 3093; x_wconf 86' lang='lat' dir='ltr'><strong>cives</strong></span> 
     </span>
    </p>
   </div>
   <div class='ocr_carea' id='block_1_31' title="bbox 333 3124 1915 3201">
    <p class='ocr_par' dir='ltr' id='par_1_31' title="bbox 333 3124 1915 3201">
     <span class='ocr_line' id='line_1_31' title="bbox 333 3124 1915 3201; baseline -0.002 -14"><span class='ocrx_word' id='word_1_231' title='bbox 333 3131 479 3187; x_wconf 85' lang='lat' dir='ltr'><strong>illius</strong></span> <span class='ocrx_word' id='word_1_232' title='bbox 508 3129 757 3195; x_wconf 83' lang='lat' dir='ltr'><strong>civitatis,</strong></span> <span class='ocrx_word' id='word_1_233' title='bbox 805 3124 1033 3184; x_wconf 86' lang='lat' dir='ltr'><strong>videndo</strong></span> <span class='ocrx_word' id='word_1_234' title='bbox 1064 3128 1230 3183; x_wconf 85' lang='lat' dir='ltr'><strong>Deum</strong></span> <span class='ocrx_word' id='word_1_235' title='bbox 1271 3129 1500 3200; x_wconf 84' lang='lat' dir='ltr'><strong>gaudent</strong></span> <span class='ocrx_word' id='word_1_236' title='bbox 1528 3130 1579 3184; x_wconf 91' lang='lat' dir='ltr'><strong>in</strong></span> <span class='ocrx_word' id='word_1_237' title='bbox 1612 3128 1697 3184; x_wconf 86' lang='lat' dir='ltr'><strong>illa</strong></span> <span class='ocrx_word' id='word_1_238' title='bbox 1726 3144 1915 3201; x_wconf 85' lang='lat' dir='ltr'><strong>magna</strong></span> 
     </span>
    </p>
   </div>
   <div class='ocr_carea' id='block_1_32' title="bbox 335 3220 1920 3293">
    <p class='ocr_par' dir='ltr' id='par_1_32' title="bbox 335 3220 1920 3293">
     <span class='ocr_line' id='line_1_32' title="bbox 335 3220 1920 3293; baseline -0.002 -13"><span class='ocrx_word' id='word_1_239' title='bbox 335 3225 551 3280; x_wconf 88' lang='lat' dir='ltr'><strong>civitate</strong></span> <span class='ocrx_word' id='word_1_240' title='bbox 593 3231 648 3277; x_wconf 89' lang='lat' dir='ltr'><strong>et</strong></span> <span class='ocrx_word' id='word_1_241' title='bbox 687 3221 861 3293; x_wconf 89' lang='lat' dir='ltr'><strong>ampla</strong></span> <span class='ocrx_word' id='word_1_242' title='bbox 893 3230 945 3276; x_wconf 89' lang='lat' dir='ltr'><strong>et</strong></span> <span class='ocrx_word' id='word_1_243' title='bbox 982 3220 1218 3286; x_wconf 75' lang='lat' dir='ltr'><strong>ccclesti;</strong></span> <span class='ocrx_word' id='word_1_244' title='bbox 1258 3222 1617 3291; x_wconf 81' lang='lat' dir='ltr'><strong>spectaculum</strong></span> <span class='ocrx_word' id='word_1_245' title='bbox 1664 3224 1741 3277; x_wconf 91' lang='lat' dir='ltr'><strong>eis</strong></span> <span class='ocrx_word' id='word_1_246' title='bbox 1781 3222 1920 3277; x_wconf 90' lang='lat' dir='ltr'><strong>Deus</strong></span> 
     </span>
    </p>
   </div>
   <div class='ocr_carea' id='block_1_33' title="bbox 332 3312 1920 3386">
    <p class='ocr_par' dir='ltr' id='par_1_33' title="bbox 332 3312 1920 3386">
     <span class='ocr_line' id='line_1_33' title="bbox 332 3312 1920 3386; baseline -0.002 -14"><span class='ocrx_word' id='word_1_247' title='bbox 332 3317 453 3386; x_wconf 89' lang='lat' dir='ltr'><strong>ipse</strong></span> <span class='ocrx_word' id='word_1_248' title='bbox 478 3324 579 3370; x_wconf 92' lang='lat' dir='ltr'><strong>est.</strong></span> <span class='ocrx_word' id='word_1_249' title='bbox 616 3314 720 3369; x_wconf 87' lang='lat' dir='ltr'><strong>Sed</strong></span> <span class='ocrx_word' id='word_1_250' title='bbox 762 3326 859 3367; x_wconf 91' lang='lat' dir='ltr'><strong>nos</strong></span> <span class='ocrx_word' id='word_1_251' title='bbox 899 3313 965 3367; x_wconf 88' lang='lat' dir='ltr'><strong>ab</strong></span> <span class='ocrx_word' id='word_1_252' title='bbox 993 3314 1079 3367; x_wconf 85' lang='lat' dir='ltr'><strong>illa</strong></span> <span class='ocrx_word' id='word_1_253' title='bbox 1107 3312 1318 3368; x_wconf 83' lang='lat' dir='ltr'><strong>civitate</strong></span> <span class='ocrx_word' id='word_1_254' title='bbox 1348 3314 1767 3383; x_wconf 88' lang='lat' dir='ltr'><strong>pcregrinamur,</strong></span> <span class='ocrx_word' id='word_1_255' title='bbox 1795 3328 1920 3384; x_wconf 83' lang='lat' dir='ltr'><strong>pec-</strong></span> 
     </span>
    </p>
   </div>
   <div class='ocr_carea' id='block_1_34' title="bbox 336 3396 1918 3476">
    <p class='ocr_par' dir='ltr' id='par_1_34' title="bbox 336 3396 1918 3476">
     <span class='ocr_line' id='line_1_34' title="bbox 336 3396 1918 3476; baseline -0.001 -15"><span class='ocrx_word' id='word_1_256' title='bbox 336 3417 460 3463; x_wconf 82' lang='lat' dir='ltr'><strong>cato</strong></span> <span class='ocrx_word' id='word_1_257' title='bbox 489 3404 713 3476; x_wconf 71' lang='lat' dir='ltr'><strong>expulsi,</strong></span> <span class='ocrx_word' id='word_1_258' title='bbox 750 3396 913 3460; x_wconf 87' lang='lat' dir='ltr'><strong>neibi</strong></span> <span class='ocrx_word' id='word_1_259' title='bbox 944 3416 1312 3470; x_wconf 85' lang='lat' dir='ltr'><strong>maneremus;</strong></span> <span class='ocrx_word' id='word_1_260' title='bbox 1346 3413 1399 3458; x_wconf 90' lang='lat' dir='ltr'><strong>et</strong></span> <span class='ocrx_word' id='word_1_261' title='bbox 1428 3405 1748 3471; x_wconf 79' lang='lat' dir='ltr'><strong>mortalitate</strong></span> <span class='ocrx_word' id='word_1_262' title='bbox 1777 3418 1918 3475; x_wconf 60' lang='lat' dir='ltr'><strong>prm-</strong></span> 
     </span>
    </p>
   </div>
   <div class='ocr_carea' id='block_1_35' title="bbox 336 3495 1918 3571">
    <p class='ocr_par' dir='ltr' id='par_1_35' title="bbox 336 3495 1918 3571">
     <span class='ocr_line' id='line_1_35' title="bbox 336 3495 1918 3571; baseline -0.001 -20"><span class='ocrx_word' id='word_1_263' title='bbox 336 3496 560 3571; x_wconf 83' lang='lat' dir='ltr'><strong>gravati,</strong></span> <span class='ocrx_word' id='word_1_264' title='bbox 595 3512 661 3551; x_wconf 89' lang='lat' dir='ltr'><strong>nc</strong></span> <span class='ocrx_word' id='word_1_265' title='bbox 690 3497 780 3551; x_wconf 92' lang='lat' dir='ltr'><strong>illo</strong></span> <span class='ocrx_word' id='word_1_266' title='bbox 808 3496 1123 3550; x_wconf 86' lang='lat' dir='ltr'><strong>rediremus.</strong></span> <span class='ocrx_word' id='word_1_267' title='bbox 1154 3496 1405 3564; x_wconf 81' lang='lat' dir='ltr'><strong>Respexit</strong></span> <span class='ocrx_word' id='word_1_268' title='bbox 1442 3495 1582 3550; x_wconf 89' lang='lat' dir='ltr'><strong>Deus</strong></span> <span class='ocrx_word' id='word_1_269' title='bbox 1610 3498 1918 3566; x_wconf 81' lang='lat' dir='ltr'><strong>peregrina-</strong></span> 
     </span>
    </p>
   </div>
   <div class='ocr_carea' id='block_1_36' title="bbox 337 3585 1920 3657">
    <p class='ocr_par' dir='ltr' id='par_1_36' title="bbox 337 3585 1920 3657">
     <span class='ocr_line' id='line_1_36' title="bbox 337 3585 1920 3657; baseline -0.003 -14"><span class='ocrx_word' id='word_1_270' title='bbox 337 3590 540 3644; x_wconf 89' lang='lat' dir='ltr'><strong>tionem</strong></span> <span class='ocrx_word' id='word_1_271' title='bbox 569 3598 827 3654; x_wconf 79' lang='lat' dir='ltr'><strong>nostram,</strong></span> <span class='ocrx_word' id='word_1_272' title='bbox 858 3597 909 3641; x_wconf 90' lang='lat' dir='ltr'><strong>ct</strong></span> <span class='ocrx_word' id='word_1_273' title='bbox 933 3587 1019 3641; x_wconf 88' lang='lat' dir='ltr'><strong>ille</strong></span> <span class='ocrx_word' id='word_1_274' title='bbox 1049 3585 1137 3657; x_wconf 92' lang='lat' dir='ltr'><strong>qui</strong></span> <span class='ocrx_word' id='word_1_275' title='bbox 1165 3586 1391 3640; x_wconf 60' lang='lat' dir='ltr'><strong>aediﬁcat</strong></span> <span class='ocrx_word' id='word_1_276' title='bbox 1419 3586 1734 3652; x_wconf 79' lang='lat' dir='ltr'><strong>Jerusalem,</strong></span> <span class='ocrx_word' id='word_1_277' title='bbox 1763 3588 1920 3641; x_wconf 86' lang='lat' dir='ltr'><strong>resti-</strong></span> 
     </span>
    </p>
   </div>
   <div class='ocr_carea' id='block_1_37' title="bbox 340 3676 1923 3750">
    <p class='ocr_par' dir='ltr' id='par_1_37' title="bbox 340 3676 1923 3750">
     <span class='ocr_line' id='line_1_37' title="bbox 340 3676 1923 3750; baseline -0.003 -15"><span class='ocrx_word' id='word_1_278' title='bbox 340 3683 438 3736; x_wconf 83' lang='lat' dir='ltr'><strong>tuit</strong></span> <span class='ocrx_word' id='word_1_279' title='bbox 463 3680 663 3750; x_wconf 87' lang='lat' dir='ltr'><strong>lapsam</strong></span> <span class='ocrx_word' id='word_1_280' title='bbox 708 3688 929 3748; x_wconf 87' lang='lat' dir='ltr'><strong>partem.</strong></span> <span class='ocrx_word' id='word_1_281' title='bbox 974 3677 1126 3733; x_wconf 83' lang='lat' dir='ltr'><strong>Unde</strong></span> <span class='ocrx_word' id='word_1_282' title='bbox 1171 3678 1401 3731; x_wconf 85' lang='lat' dir='ltr'><strong>restituit</strong></span> <span class='ocrx_word' id='word_1_283' title='bbox 1440 3676 1641 3746; x_wconf 90' lang='lat' dir='ltr'><strong>lapsam</strong></span> <span class='ocrx_word' id='word_1_284' title='bbox 1674 3679 1923 3747; x_wconf 78' lang='lat' dir='ltr'><strong>partem?</strong></span> 
     </span>
    </p>
   </div>
   <div class='ocr_carea' id='block_1_38' title="bbox 338 3766 1923 3841">
    <p class='ocr_par' dir='ltr' id='par_1_38' title="bbox 338 3766 1923 3841">
     <span class='ocr_line' id='line_1_38' title="bbox 338 3766 1923 3841; baseline -0.001 -15"><span class='ocrx_word' id='word_1_285' title='bbox 338 3771 693 3841; x_wconf 82' lang='lat' dir='ltr'><strong>Dispersiones</strong></span> <span class='ocrx_word' id='word_1_286' title='bbox 720 3769 885 3823; x_wconf 82' lang='lat' dir='ltr'><strong>Israel</strong></span> <span class='ocrx_word' id='word_1_287' title='bbox 921 3769 1180 3840; x_wconf 80' lang='lat' dir='ltr'><strong>colligens.</strong></span> <span class='ocrx_word' id='word_1_288' title='bbox 1211 3766 1418 3823; x_wconf 83' lang='lat' dir='ltr'><strong>Cecidit</strong></span> <span class='ocrx_word' id='word_1_289' title='bbox 1457 3771 1596 3823; x_wconf 89' lang='lat' dir='ltr'><strong>enim</strong></span> <span class='ocrx_word' id='word_1_290' title='bbox 1629 3782 1750 3838; x_wconf 87' lang='lat' dir='ltr'><strong>pars</strong></span> <span class='ocrx_word' id='word_1_291' title='bbox 1779 3785 1923 3839; x_wconf 78' lang='lat' dir='ltr'><strong>qua:-</strong></span> 
     </span>
    </p>
   </div>
   <div class='ocr_carea' id='block_1_39' title="bbox 339 3860 1920 3934">
    <p class='ocr_par' dir='ltr' id='par_1_39' title="bbox 339 3860 1920 3934">
     <span class='ocr_line' id='line_1_39' title="bbox 339 3860 1920 3934; baseline -0.002 -16"><span class='ocrx_word' id='word_1_292' title='bbox 339 3863 485 3929; x_wconf 89' lang='lat' dir='ltr'><strong>dam,</strong></span> <span class='ocrx_word' id='word_1_293' title='bbox 523 3873 576 3918; x_wconf 89' lang='lat' dir='ltr'><strong>et</strong></span> <span class='ocrx_word' id='word_1_294' title='bbox 599 3862 734 3918; x_wconf 77' lang='lat' dir='ltr'><strong>facta</strong></span> <span class='ocrx_word' id='word_1_295' title='bbox 763 3876 844 3917; x_wconf 71' lang='grc' dir='ltr'><strong>ρει</strong></span> <span class='ocrx_word' id='word_1_296' title='bbox 870 3863 1147 3934; x_wconf 79' lang='lat' dir='ltr'><strong>peregrina</strong></span> <span class='ocrx_word' id='word_1_297' title='bbox 1181 3881 1194 3915; x_wconf 91' lang='lat'>:</span> <span class='ocrx_word' id='word_1_298' title='bbox 1225 3860 1361 3915; x_wconf 86' lang='lat' dir='ltr'><strong>hanc</strong></span> <span class='ocrx_word' id='word_1_299' title='bbox 1393 3862 1724 3931; x_wconf 86' lang='lat' dir='ltr'><strong>peregrinam</strong></span> <span class='ocrx_word' id='word_1_300' title='bbox 1754 3861 1920 3915; x_wconf 86' lang='lat' dir='ltr'><strong>mise-</strong></span> 
     </span>
    </p>
   </div>
   <div class='ocr_carea' id='block_1_40' title="bbox 338 3956 1918 4031">
    <p class='ocr_par' dir='ltr' id='par_1_40' title="bbox 338 3956 1918 4031">
     <span class='ocr_line' id='line_1_40' title="bbox 338 3956 1918 4031; baseline -0.001 -16"><span class='ocrx_word' id='word_1_301' title='bbox 338 3959 620 4015; x_wconf 82' lang='lat' dir='ltr'><strong>ricorditer</strong></span> <span class='ocrx_word' id='word_1_302' title='bbox 644 3958 777 4012; x_wconf 85' lang='lat' dir='ltr'><strong>vidit</strong></span> <span class='ocrx_word' id='word_1_303' title='bbox 820 3958 978 4025; x_wconf 89' lang='lat' dir='ltr'><strong>Deus,</strong></span> <span class='ocrx_word' id='word_1_304' title='bbox 1008 3969 1061 4013; x_wconf 92' lang='lat' dir='ltr'><strong>et</strong></span> <span class='ocrx_word' id='word_1_305' title='bbox 1099 3956 1341 4031; x_wconf 73' lang='lat' dir='ltr'><strong>qumsivit</strong></span> <span class='ocrx_word' id='word_1_306' title='bbox 1381 3971 1485 4012; x_wconf 92' lang='lat' dir='ltr'><strong>non</strong></span> <span class='ocrx_word' id='word_1_307' title='bbox 1514 3967 1812 4027; x_wconf 68' lang='lat' dir='ltr'><strong>Qumrentes</strong></span> <span class='ocrx_word' id='word_1_308' title='bbox 1839 3974 1918 4015; x_wconf 86' lang='lat' dir='ltr'><strong>se.</strong></span> 
     </span>
    </p>
   </div>
   <div class='ocr_carea' id='block_1_41' title="bbox 334 4044 1920 4120">
    <p class='ocr_par' dir='ltr' id='par_1_41' title="bbox 334 4044 1920 4120">
     <span class='ocr_line' id='line_1_41' title="bbox 334 4044 1920 4120; baseline 0.002 -16"><span class='ocrx_word' id='word_1_309' title='bbox 334 4049 493 4109; x_wconf 88' lang='lat' dir='ltr'><strong>‘Unde</strong></span> <span class='ocrx_word' id='word_1_310' title='bbox 513 4049 789 4119; x_wconf 75' lang='lat' dir='ltr'><strong>quaesivit?</strong></span> <span class='ocrx_word' id='word_1_311' title='bbox 816 4066 970 4120; x_wconf 88' lang='lat' dir='ltr'><strong>quem</strong></span> <span class='ocrx_word' id='word_1_312' title='bbox 1005 4048 1146 4103; x_wconf 88' lang='lat' dir='ltr'><strong>misit</strong></span> <span class='ocrx_word' id='word_1_313' title='bbox 1167 4044 1231 4103; x_wconf 89' lang='lat' dir='ltr'><strong>ad</strong></span> <span class='ocrx_word' id='word_1_314' title='bbox 1258 4048 1612 4120; x_wconf 83' lang='lat' dir='ltr'><strong>captivitatem</strong></span> <span class='ocrx_word' id='word_1_315' title='bbox 1646 4049 1920 4107; x_wconf 76' lang='lat' dir='ltr'><strong>nostram?</strong></span> 
     </span>
    </p>
   </div>
   <div class='ocr_carea' id='block_1_42' title="bbox 337 4140 1919 4215">
    <p class='ocr_par' dir='ltr' id='par_1_42' title="bbox 337 4140 1919 4215">
     <span class='ocr_line' id='line_1_42' title="bbox 337 4140 1919 4215; baseline -0.003 -14"><span class='ocrx_word' id='word_1_316' title='bbox 337 4142 480 4201; x_wconf 78' lang='lat' dir='ltr'><strong>Misit</strong></span> <span class='ocrx_word' id='word_1_317' title='bbox 507 4143 939 4215; x_wconf 80' lang='lat' dir='ltr'><strong>Redemptorem,</strong></span> <span class='ocrx_word' id='word_1_318' title='bbox 982 4143 1272 4197; x_wconf 87' lang='lat' dir='ltr'><strong>secundum</strong></span> <span class='ocrx_word' id='word_1_319' title='bbox 1302 4140 1444 4213; x_wconf 91' lang='lat' dir='ltr'><strong>quod</strong></span> <span class='ocrx_word' id='word_1_320' title='bbox 1483 4142 1561 4196; x_wconf 83' lang='lat' dir='ltr'><strong>ait</strong></span> <span class='ocrx_word' id='word_1_321' title='bbox 1590 4141 1875 4212; x_wconf 80' lang='lat' dir='ltr'><strong>Apostolus</strong></span> <span class='ocrx_word' id='word_1_322' title='bbox 1906 4161 1919 4197; x_wconf 90' lang='lat'><strong>:</strong></span> 
     </span>
    </p>
   </div>
   <div class='ocr_carea' id='block_1_43' title="bbox 340 4234 1923 4306">
    <p class='ocr_par' dir='ltr' id='par_1_43' title="bbox 340 4234 1923 4306">
     <span class='ocr_line' id='line_1_43' title="bbox 340 4234 1923 4306; baseline -0.001 -15"><span class='ocrx_word' id='word_1_323' title='bbox 340 4236 670 4291; x_wconf 84' lang='lat' dir='ltr'><strong>Commendat</strong></span> <span class='ocrx_word' id='word_1_324' title='bbox 698 4234 836 4291; x_wconf 83' lang='lat' dir='ltr'><strong>Deus</strong></span> <span class='ocrx_word' id='word_1_325' title='bbox 863 4235 1180 4290; x_wconf 79' lang='lat' dir='ltr'><strong>dilectionem</strong></span> <span class='ocrx_word' id='word_1_326' title='bbox 1223 4238 1367 4289; x_wconf 84' lang='lat' dir='ltr'><strong>suam</strong></span> <span class='ocrx_word' id='word_1_327' title='bbox 1396 4234 1448 4288; x_wconf 83' lang='lat' dir='ltr'><strong>in</strong></span> <span class='ocrx_word' id='word_1_328' title='bbox 1492 4234 1654 4301; x_wconf 84' lang='lat' dir='ltr'><strong>nobis,</strong></span> <span class='ocrx_word' id='word_1_329' title='bbox 1685 4236 1923 4306; x_wconf 88' lang='lat' dir='ltr'><strong>quoniam</strong></span> 
     </span>
    </p>
   </div>
   <div class='ocr_carea' id='block_1_44' title="bbox 339 4324 1925 4399">
    <p class='ocr_par' dir='ltr' id='par_1_44' title="bbox 339 4324 1925 4399">
     <span class='ocr_line' id='line_1_44' title="bbox 339 4324 1925 4399; baseline 0 -18"><span class='ocrx_word' id='word_1_330' title='bbox 339 4342 455 4381; x_wconf 84' lang='lat' dir='ltr'><strong>cum</strong></span> <span class='ocrx_word' id='word_1_331' title='bbox 479 4326 645 4381; x_wconf 85' lang='lat' dir='ltr'><strong>adhuc</strong></span> <span class='ocrx_word' id='word_1_332' title='bbox 667 4337 951 4399; x_wconf 81' lang='lat' dir='ltr'><strong>peccatores</strong></span> <span class='ocrx_word' id='word_1_333' title='bbox 973 4343 1209 4392; x_wconf 78' lang='lat' dir='ltr'><strong>essemus,</strong></span> <span class='ocrx_word' id='word_1_334' title='bbox 1241 4324 1470 4380; x_wconf 74' lang='lat' dir='ltr'><strong>Christus</strong></span> <span class='ocrx_word' id='word_1_335' title='bbox 1498 4342 1590 4396; x_wconf 84' lang='lat' dir='ltr'><strong>pro</strong></span> <span class='ocrx_word' id='word_1_336' title='bbox 1618 4326 1761 4381; x_wconf 87' lang='lat' dir='ltr'><strong>nobis</strong></span> <span class='ocrx_word' id='word_1_337' title='bbox 1787 4344 1925 4381; x_wconf 82' lang='lat' dir='ltr'><strong>mor-</strong></span> 
     </span>
    </p>
   </div>
   <div class='ocr_carea' id='block_1_45' title="bbox 339 4402 1924 4489">
    <p class='ocr_par' dir='ltr' id='par_1_45' title="bbox 339 4402 1924 4489">
     <span class='ocr_line' id='line_1_45' title="bbox 339 4402 1924 4489; baseline 0 -17"><span class='ocrx_word' id='word_1_338' title='bbox 339 4428 459 4473; x_wconf 88' lang='lat' dir='ltr'><strong>tuus</strong></span> <span class='ocrx_word' id='word_1_339' title='bbox 497 4427 590 4472; x_wconf 87' lang='lat' dir='ltr'><strong>est.</strong></span> <span class='ocrx_word' id='word_1_340' title='bbox 630 4417 771 4471; x_wconf 83' lang='lat' dir='ltr'><strong>Misit</strong></span> <span class='ocrx_word' id='word_1_341' title='bbox 796 4433 923 4489; x_wconf 82' lang='lat' dir='ltr'><strong>ergo</strong></span> <span class='ocrx_word' id='word_1_342' title='bbox 953 4415 1017 4471; x_wconf 86' lang='lat' dir='ltr'><strong>ad</strong></span> <span class='ocrx_word' id='word_1_343' title='bbox 1058 4402 1416 4489; x_wconf 85' lang='lat' dir='ltr'><strong>captivitatem</strong></span> <span class='ocrx_word' id='word_1_344' title='bbox 1449 4427 1685 4472; x_wconf 89' lang='lat' dir='ltr'><strong>nostram</strong></span> <span class='ocrx_word' id='word_1_345' title='bbox 1716 4417 1924 4473; x_wconf 85' lang='lat' dir='ltr'><strong>redem-</strong></span> 
     </span>
    </p>
   </div>
   <div class='ocr_carea' id='block_1_46' title="bbox 339 4508 1923 4583">
    <p class='ocr_par' dir='ltr' id='par_1_46' title="bbox 339 4508 1923 4583">
     <span class='ocr_line' id='line_1_46' title="bbox 339 4508 1923 4583; baseline 0.002 -22"><span class='ocrx_word' id='word_1_346' title='bbox 339 4520 549 4583; x_wconf 86' lang='lat' dir='ltr'><strong>ptorem</strong></span> <span class='ocrx_word' id='word_1_347' title='bbox 590 4508 779 4563; x_wconf 86' lang='lat' dir='ltr'><strong>Filium</strong></span> <span class='ocrx_word' id='word_1_348' title='bbox 826 4523 999 4562; x_wconf 90' lang='lat' dir='ltr'><strong>suum.</strong></span> <span class='ocrx_word' id='word_1_349' title='bbox 1035 4508 1216 4573; x_wconf 76' lang='lat' dir='ltr'><strong>Porta,</strong></span> <span class='ocrx_word' id='word_1_350' title='bbox 1263 4508 1452 4581; x_wconf 82' lang='lat' dir='ltr'><strong>inquit,</strong></span> <span class='ocrx_word' id='word_1_351' title='bbox 1484 4518 1656 4565; x_wconf 89' lang='lat' dir='ltr'><strong>tecum</strong></span> <span class='ocrx_word' id='word_1_352' title='bbox 1687 4522 1923 4571; x_wconf 89' lang='lat' dir='ltr'><strong>saccum,</strong></span> 
     </span>
    </p>
   </div>
   <div class='ocr_carea' id='block_1_47' title="bbox 338 4596 1927 4671">
    <p class='ocr_par' dir='ltr' id='par_1_47' title="bbox 338 4596 1927 4671">
     <span class='ocr_line' id='line_1_47' title="bbox 338 4596 1927 4671; baseline 0 -16"><span class='ocrx_word' id='word_1_353' title='bbox 338 4596 479 4657; x_wconf 77' lang='lat' dir='ltr'><strong>ferto</strong></span> <span class='ocrx_word' id='word_1_354' title='bbox 532 4600 601 4653; x_wconf 89' lang='lat' dir='ltr'><strong>ibi</strong></span> <span class='ocrx_word' id='word_1_355' title='bbox 647 4600 873 4671; x_wconf 82' lang='lat' dir='ltr'><strong>pretium</strong></span> <span class='ocrx_word' id='word_1_356' title='bbox 923 4600 1273 4671; x_wconf 83' lang='lat' dir='ltr'><strong>captivorum.</strong></span> <span class='ocrx_word' id='word_1_357' title='bbox 1317 4598 1491 4657; x_wconf 87' lang='lat' dir='ltr'><strong>Induit</strong></span> <span class='ocrx_word' id='word_1_358' title='bbox 1537 4599 1677 4653; x_wconf 90' lang='lat' dir='ltr'><strong>enim</strong></span> <span class='ocrx_word' id='word_1_359' title='bbox 1723 4614 1781 4654; x_wconf 90' lang='lat' dir='ltr'><strong>se</strong></span> <span class='ocrx_word' id='word_1_360' title='bbox 1836 4600 1927 4655; x_wconf 89' lang='lat' dir='ltr'><strong>ille</strong></span> 
     </span>
    </p>
   </div>
   <div class='ocr_carea' id='block_1_48' title="bbox 341 4688 1929 4763">
    <p class='ocr_par' dir='ltr' id='par_1_48' title="bbox 341 4688 1929 4763">
     <span class='ocr_line' id='line_1_48' title="bbox 341 4688 1929 4763; baseline -0.001 -15"><span class='ocrx_word' id='word_1_361' title='bbox 341 4691 722 4749; x_wconf 87' lang='lat' dir='ltr'><strong>mortalitatem</strong></span> <span class='ocrx_word' id='word_1_362' title='bbox 748 4690 943 4756; x_wconf 89' lang='lat' dir='ltr'><strong>carnis,</strong></span> <span class='ocrx_word' id='word_1_363' title='bbox 976 4699 1030 4745; x_wconf 91' lang='lat' dir='ltr'><strong>et</strong></span> <span class='ocrx_word' id='word_1_364' title='bbox 1060 4690 1128 4745; x_wconf 91' lang='lat' dir='ltr'><strong>ibi</strong></span> <span class='ocrx_word' id='word_1_365' title='bbox 1151 4699 1265 4745; x_wconf 91' lang='lat' dir='ltr'><strong>erat</strong></span> <span class='ocrx_word' id='word_1_366' title='bbox 1289 4691 1505 4760; x_wconf 78' lang='lat' dir='ltr'><strong>sanguis</strong></span> <span class='ocrx_word' id='word_1_367' title='bbox 1534 4707 1638 4763; x_wconf 92' lang='lat' dir='ltr'><strong>quo</strong></span> <span class='ocrx_word' id='word_1_368' title='bbox 1664 4688 1778 4747; x_wconf 79' lang='lat' dir='ltr'><strong>fuso</strong></span> <span class='ocrx_word' id='word_1_369' title='bbox 1806 4691 1929 4747; x_wconf 88' lang='lat' dir='ltr'><strong>red-</strong></span> 
     </span>
    </p>
   </div>
   <div class='ocr_carea' id='block_1_49' title="bbox 343 4782 1925 4856">
    <p class='ocr_par' dir='ltr' id='par_1_49' title="bbox 343 4782 1925 4856">
     <span class='ocr_line' id='line_1_49' title="bbox 343 4782 1925 4856; baseline 0 -16"><span class='ocrx_word' id='word_1_370' title='bbox 343 4785 651 4840; x_wconf 87' lang='lat' dir='ltr'><strong>imeremur.</strong></span> <span class='ocrx_word' id='word_1_371' title='bbox 673 4784 769 4839; x_wconf 93' lang='lat' dir='ltr'><strong>Illo</strong></span> <span class='ocrx_word' id='word_1_372' title='bbox 789 4784 1044 4856; x_wconf 80' lang='lat' dir='ltr'><strong>sanguine</strong></span> <span class='ocrx_word' id='word_1_373' title='bbox 1061 4784 1275 4855; x_wconf 86' lang='lat' dir='ltr'><strong>collegit</strong></span> <span class='ocrx_word' id='word_1_374' title='bbox 1297 4785 1314 4817; x_wconf 79' lang='grc' dir='ltr'>ί</span> <span class='ocrx_word' id='word_1_375' title='bbox 1348 4783 1710 4855; x_wconf 89' lang='lat' dir='ltr'><strong>dispersiones</strong></span> <span class='ocrx_word' id='word_1_376' title='bbox 1742 4782 1925 4840; x_wconf 87' lang='lat' dir='ltr'><strong>Israel.</strong></span> 
     </span>
    </p>
   </div>
   <div class='ocr_carea' id='block_1_50' title="bbox 345 4875 1927 4949">
    <p class='ocr_par' dir='ltr' id='par_1_50' title="bbox 345 4875 1927 4949">
     <span class='ocr_line' id='line_1_50' title="bbox 345 4875 1927 4949; baseline -0.002 -16"><span class='ocrx_word' id='word_1_377' title='bbox 345 4876 415 4933; x_wconf 79' lang='lat' dir='ltr'><strong>Et</strong></span> <span class='ocrx_word' id='word_1_378' title='bbox 447 4880 490 4933; x_wconf 93' lang='lat' dir='ltr'><strong>si</strong></span> <span class='ocrx_word' id='word_1_379' title='bbox 536 4877 621 4931; x_wconf 90' lang='lat' dir='ltr'><strong>ille</strong></span> <span class='ocrx_word' id='word_1_380' title='bbox 650 4876 864 4947; x_wconf 83' lang='lat' dir='ltr'><strong>collegit</strong></span> <span class='ocrx_word' id='word_1_381' title='bbox 902 4875 1029 4930; x_wconf 90' lang='lat' dir='ltr'><strong>olim</strong></span> <span class='ocrx_word' id='word_1_382' title='bbox 1058 4875 1349 4947; x_wconf 88' lang='lat' dir='ltr'><strong>dispersos,</strong></span> <span class='ocrx_word' id='word_1_383' title='bbox 1386 4875 1653 4946; x_wconf 90' lang='lat' dir='ltr'><strong>quomodo</strong></span> <span class='ocrx_word' id='word_1_384' title='bbox 1682 4886 1927 4949; x_wconf 79' lang='lat' dir='ltr'><strong>satagen-</strong></span> 
     </span>
    </p>
   </div>
   <div class='ocr_carea' id='block_1_51' title="bbox 344 4956 1930 5036">
    <p class='ocr_par' dir='ltr' id='par_1_51' title="bbox 344 4956 1930 5036">
     <span class='ocr_line' id='line_1_51' title="bbox 344 4956 1930 5036; baseline 0.002 -16"><span class='ocrx_word' id='word_1_385' title='bbox 344 4966 473 5021; x_wconf 88' lang='lat' dir='ltr'><strong>dum</strong></span> <span class='ocrx_word' id='word_1_386' title='bbox 522 4976 603 5021; x_wconf 89' lang='lat' dir='ltr'><strong>est</strong></span> <span class='ocrx_word' id='word_1_387' title='bbox 646 4975 704 5022; x_wconf 92' lang='lat' dir='ltr'><strong>ut</strong></span> <span class='ocrx_word' id='word_1_388' title='bbox 740 4956 1060 5036; x_wconf 84' lang='lat' dir='ltr'><strong>colligantur</strong></span> <span class='ocrx_word' id='word_1_389' title='bbox 1106 4964 1265 5022; x_wconf 90' lang='lat' dir='ltr'><strong>modo</strong></span> <span class='ocrx_word' id='word_1_390' title='bbox 1307 4964 1573 5035; x_wconf 88' lang='lat' dir='ltr'><strong>dispersi?</strong></span> <span class='ocrx_word' id='word_1_391' title='bbox 1618 4964 1674 5023; x_wconf 89' lang='lat' dir='ltr'><strong>Si</strong></span> <span class='ocrx_word' id='word_1_392' title='bbox 1720 4968 1930 5024; x_wconf 87' lang='lat' dir='ltr'><strong>collecti</strong></span> 
     </span>
    </p>
   </div>
   <div class='ocr_carea' id='block_1_52' title="bbox 345 5057 1933 5128">
    <p class='ocr_par' dir='ltr' id='par_1_52' title="bbox 345 5057 1933 5128">
     <span class='ocr_line' id='line_1_52' title="bbox 345 5057 1933 5128; baseline 0.002 -14"><span class='ocrx_word' id='word_1_393' title='bbox 345 5070 474 5114; x_wconf 89' lang='lat' dir='ltr'><strong>sunt</strong></span> <span class='ocrx_word' id='word_1_394' title='bbox 497 5058 743 5128; x_wconf 82' lang='lat' dir='ltr'><strong>dispersi,</strong></span> <span class='ocrx_word' id='word_1_395' title='bbox 778 5067 836 5113; x_wconf 92' lang='lat' dir='ltr'><strong>ut</strong></span> <span class='ocrx_word' id='word_1_396' title='bbox 863 5059 916 5114; x_wconf 89' lang='lat' dir='ltr'><strong>in</strong></span> <span class='ocrx_word' id='word_1_397' title='bbox 956 5074 1116 5114; x_wconf 88' lang='lat' dir='ltr'><strong>manu</strong></span> <span class='ocrx_word' id='word_1_398' title='bbox 1157 5059 1376 5114; x_wconf 86' lang='lat' dir='ltr'><strong>artilicis</strong></span> <span class='ocrx_word' id='word_1_399' title='bbox 1416 5057 1482 5113; x_wconf 88' lang='lat' dir='ltr'><strong>ad</strong></span> <span class='ocrx_word' id='word_1_400' title='bbox 1510 5058 1792 5115; x_wconf 70' lang='lat' dir='ltr'><strong>aedilicium</strong></span> <span class='ocrx_word' id='word_1_401' title='bbox 1827 5058 1933 5117; x_wconf 81' lang='lat' dir='ltr'><strong>for-</strong></span> 
     </span>
    </p>
   </div>
   <div class='ocr_carea' id='block_1_53' title="bbox 348 5150 1931 5223">
    <p class='ocr_par' dir='ltr' id='par_1_53' title="bbox 348 5150 1931 5223">
     <span class='ocr_line' id='line_1_53' title="bbox 348 5150 1931 5223; baseline 0.001 -16"><span class='ocrx_word' id='word_1_402' title='bbox 348 5162 655 5217; x_wconf 88' lang='lat' dir='ltr'><strong>marentur;</strong></span> <span class='ocrx_word' id='word_1_403' title='bbox 679 5150 947 5222; x_wconf 87' lang='lat' dir='ltr'><strong>quomodo</strong></span> <span class='ocrx_word' id='word_1_404' title='bbox 978 5151 1257 5223; x_wconf 82' lang='lat' dir='ltr'><strong>colligendi</strong></span> <span class='ocrx_word' id='word_1_405' title='bbox 1282 5160 1425 5219; x_wconf 90' lang='lat' dir='ltr'><strong>sunt,</strong></span> <span class='ocrx_word' id='word_1_406' title='bbox 1452 5152 1541 5222; x_wconf 91' lang='lat' dir='ltr'><strong>qui</strong></span> <span class='ocrx_word' id='word_1_407' title='bbox 1566 5152 1634 5208; x_wconf 91' lang='lat' dir='ltr'><strong>de</strong></span> <span class='ocrx_word' id='word_1_408' title='bbox 1658 5169 1816 5207; x_wconf 90' lang='lat' dir='ltr'><strong>manu</strong></span> <span class='ocrx_word' id='word_1_409' title='bbox 1841 5166 1931 5209; x_wconf 83' lang='lat' dir='ltr'><strong>ar-</strong></span> 
     </span>
    </p>
   </div>
   <div class='ocr_carea' id='block_1_54' title="bbox 350 5243 1933 5315">
    <p class='ocr_par' dir='ltr' id='par_1_54' title="bbox 350 5243 1933 5315">
     <span class='ocr_line' id='line_1_54' title="bbox 350 5243 1933 5315; baseline 0.001 -16"><span class='ocrx_word' id='word_1_410' title='bbox 350 5243 506 5301; x_wconf 82' lang='lat' dir='ltr'><strong>tilicis</strong></span> <span class='ocrx_word' id='word_1_411' title='bbox 535 5244 899 5315; x_wconf 86' lang='lat' dir='ltr'><strong>inquietudine</strong></span> <span class='ocrx_word' id='word_1_412' title='bbox 942 5244 1285 5303; x_wconf 87' lang='lat' dir='ltr'><strong>ceciderunt?</strong></span> <span class='ocrx_word' id='word_1_413' title='bbox 1326 5243 1617 5315; x_wconf 51' lang='lat' dir='ltr'><strong>ﬁdiﬁcans</strong></span> <span class='ocrx_word' id='word_1_414' title='bbox 1646 5245 1933 5307; x_wconf 83' lang='lat' dir='ltr'><strong>Jerusalem</strong></span> 
     </span>
    </p>
   </div>
   <div class='ocr_carea' id='block_1_55' title="bbox 350 5336 1934 5409">
    <p class='ocr_par' dir='ltr' id='par_1_55' title="bbox 350 5336 1934 5409">
     <span class='ocr_line' id='line_1_55' title="bbox 350 5336 1934 5409; baseline 0.003 -14"><span class='ocrx_word' id='word_1_415' title='bbox 350 5339 620 5395; x_wconf 87' lang='lat' dir='ltr'><strong>Dominus.</strong></span> <span class='ocrx_word' id='word_1_416' title='bbox 647 5336 786 5395; x_wconf 86' lang='lat' dir='ltr'><strong>Ecce</strong></span> <span class='ocrx_word' id='word_1_417' title='bbox 812 5355 968 5409; x_wconf 90' lang='lat' dir='ltr'><strong>quem</strong></span> <span class='ocrx_word' id='word_1_418' title='bbox 996 5339 1294 5404; x_wconf 87' lang='lat' dir='ltr'><strong>laudamus,</strong></span> <span class='ocrx_word' id='word_1_419' title='bbox 1324 5354 1448 5395; x_wconf 89' lang='lat' dir='ltr'><strong>ecce</strong></span> <span class='ocrx_word' id='word_1_420' title='bbox 1473 5340 1557 5394; x_wconf 92' lang='lat' dir='ltr'><strong>cui</strong></span> <span class='ocrx_word' id='word_1_421' title='bbox 1588 5341 1795 5397; x_wconf 88' lang='lat' dir='ltr'><strong>laudem</strong></span> <span class='ocrx_word' id='word_1_422' title='bbox 1825 5353 1934 5399; x_wconf 86' lang='lat' dir='ltr'><strong>tota</strong></span> 
     </span>
    </p>
   </div>
   <div class='ocr_carea' id='block_1_56' title="bbox 356 5428 1929 5501">
    <p class='ocr_par' dir='ltr' id='par_1_56' title="bbox 356 5428 1929 5501">
     <span class='ocr_line' id='line_1_56' title="bbox 356 5428 1929 5501; baseline 0.002 -16"><span class='ocrx_word' id='word_1_423' title='bbox 356 5431 464 5486; x_wconf 87' lang='lat' dir='ltr'><strong>vita</strong></span> <span class='ocrx_word' id='word_1_424' title='bbox 501 5438 685 5487; x_wconf 81' lang='lat' dir='ltr'><strong>nostra</strong></span> <span class='ocrx_word' id='word_1_425' title='bbox 718 5429 995 5487; x_wconf 86' lang='lat' dir='ltr'><strong>debemus.</strong></span> <span class='ocrx_word' id='word_1_426' title='bbox 1023 5428 1316 5499; x_wconf 61' lang='lat' dir='ltr'><strong>Ediﬁcans</strong></span> <span class='ocrx_word' id='word_1_427' title='bbox 1340 5428 1626 5485; x_wconf 79' lang='lat' dir='ltr'><strong>Jerusalem</strong></span> <span class='ocrx_word' id='word_1_428' title='bbox 1660 5431 1929 5501; x_wconf 83' lang='lat' dir='ltr'><strong>Dominus,</strong></span> 
     </span>
    </p>
   </div>
   <div class='ocr_carea' id='block_1_57' title="bbox 355 5520 1239 5593">
    <p class='ocr_par' dir='ltr' id='par_1_57' title="bbox 355 5520 1239 5593">
     <span class='ocr_line' id='line_1_57' title="bbox 355 5520 1239 5593; baseline -0.005 -14"><span class='ocrx_word' id='word_1_429' title='bbox 355 5533 399 5579; x_wconf 80' lang='lat' dir='ltr'><strong>et</strong></span> <span class='ocrx_word' id='word_1_430' title='bbox 427 5522 760 5593; x_wconf 79' lang='lat' dir='ltr'><strong>dispersiones</strong></span> <span class='ocrx_word' id='word_1_431' title='bbox 789 5520 950 5579; x_wconf 81' lang='lat' dir='ltr'><strong>Israel</strong></span> <span class='ocrx_word' id='word_1_432' title='bbox 981 5523 1239 5581; x_wconf 82' lang='lat' dir='ltr'><strong>colliaens.</strong></span> 
     </span>
    </p>
   </div>
   <div class='ocr_carea' id='block_1_58' title="bbox 426 5611 1936 5687">
    <p class='ocr_par' dir='ltr' id='par_1_58' title="bbox 426 5611 1936 5687">
     <span class='ocr_line' id='line_1_58' title="bbox 426 5611 1936 5687; baseline 0.002 -16"><span class='ocrx_word' id='word_1_433' title='bbox 426 5615 480 5671; x_wconf 84' lang='lat'><strong>5.</strong></span> <span class='ocrx_word' id='word_1_434' title='bbox 523 5611 671 5687; x_wconf 82' lang='lat' dir='ltr'><strong>[vers.</strong></span> <span class='ocrx_word' id='word_1_435' title='bbox 712 5614 790 5687; x_wconf 73' lang='lat'><strong>5.]</strong></span> <span class='ocrx_word' id='word_1_436' title='bbox 828 5614 1105 5681; x_wconf 87' lang='lat' dir='ltr'><strong>Quomodo</strong></span> <span class='ocrx_word' id='word_1_437' title='bbox 1134 5615 1375 5685; x_wconf 81' lang='lat' dir='ltr'><strong>colligit?</strong></span> <span class='ocrx_word' id='word_1_438' title='bbox 1413 5614 1539 5685; x_wconf 87' lang='lat' dir='ltr'><strong>quid</strong></span> <span class='ocrx_word' id='word_1_439' title='bbox 1569 5616 1694 5687; x_wconf 86' lang='lat' dir='ltr'><strong>agit,</strong></span> <span class='ocrx_word' id='word_1_440' title='bbox 1737 5626 1797 5673; x_wconf 91' lang='lat' dir='ltr'><strong>ut</strong></span> <span class='ocrx_word' id='word_1_441' title='bbox 1823 5620 1936 5674; x_wconf 83' lang='lat' dir='ltr'><strong>eol-</strong></span> 
     </span>
    </p>
   </div>
   <div class='ocr_carea' id='block_1_59' title="bbox 361 5706 1933 5778">
    <p class='ocr_par' dir='ltr' id='par_1_59' title="bbox 361 5706 1933 5778">
     <span class='ocr_line' id='line_1_59' title="bbox 361 5706 1933 5778; baseline 0.002 -15"><span class='ocrx_word' id='word_1_442' title='bbox 361 5707 524 5778; x_wconf 84' lang='lat' dir='ltr'><strong>ligat?</strong></span> <span class='ocrx_word' id='word_1_443' title='bbox 558 5706 656 5772; x_wconf 75' lang='lat' dir='ltr'><strong>Qui</strong></span> <span class='ocrx_word' id='word_1_444' title='bbox 680 5715 828 5774; x_wconf 74' lang='lat' dir='ltr'><strong>sanat</strong></span> <span class='ocrx_word' id='word_1_445' title='bbox 853 5706 1093 5760; x_wconf 86' lang='lat' dir='ltr'><strong>contritas</strong></span> <span class='ocrx_word' id='word_1_446' title='bbox 1120 5706 1289 5759; x_wconf 79' lang='lat' dir='ltr'><strong>corde.</strong></span> <span class='ocrx_word' id='word_1_447' title='bbox 1318 5706 1454 5761; x_wconf 87' lang='lat' dir='ltr'><strong>Ecce</strong></span> <span class='ocrx_word' id='word_1_448' title='bbox 1482 5708 1751 5777; x_wconf 90' lang='lat' dir='ltr'><strong>quomodo</strong></span> <span class='ocrx_word' id='word_1_449' title='bbox 1781 5710 1933 5766; x_wconf 88' lang='lat' dir='ltr'><strong>colli-</strong></span> 
     </span>
    </p>
   </div>
   <div class='ocr_carea' id='block_1_60' title="bbox 427 5817 1622 5884">
    <p class='ocr_par' dir='ltr' id='par_1_60' title="bbox 427 5817 1622 5884">
     <span class='ocr_line' id='line_1_60' title="bbox 427 5817 1622 5884; baseline 0 -17"><span class='ocrx_word' id='word_1_450' title='bbox 427 5822 442 5851; x_wconf 76' lang='grc' dir='ltr'><strong><em>ι</em></strong></span> <span class='ocrx_word' id='word_1_451' title='bbox 468 5820 682 5868; x_wconf 81' lang='lat' dir='ltr'><strong>Potiores</strong></span> <span class='ocrx_word' id='word_1_452' title='bbox 708 5825 813 5869; x_wconf 74' lang='lat' dir='ltr'><strong>Mss.</strong></span> <span class='ocrx_word' id='word_1_453' title='bbox 842 5818 932 5869; x_wconf 86' lang='lat' dir='ltr'><strong>hoc</strong></span> <span class='ocrx_word' id='word_1_454' title='bbox 958 5825 1009 5868; x_wconf 91' lang='lat' dir='ltr'><strong>et</strong></span> <span class='ocrx_word' id='word_1_455' title='bbox 1047 5819 1263 5881; x_wconf 78' lang='lat' dir='ltr'><strong>proximo</strong></span> <span class='ocrx_word' id='word_1_456' title='bbox 1285 5817 1406 5881; x_wconf 82' lang='lat' dir='ltr'><strong>loco,</strong></span> <span class='ocrx_word' id='word_1_457' title='bbox 1430 5818 1622 5884; x_wconf 84' lang='lat' dir='ltr'><strong>colligit.</strong></span> 
     </span>
    </p>
   </div>
   <div class='ocr_carea' id='block_1_61' title="bbox 1405 342 2507 404">
    <p class='ocr_par' dir='ltr' id='par_1_61' title="bbox 1405 342 2507 404">
     <span class='ocr_line' id='line_1_61' title="bbox 1405 342 2507 404; baseline -0.003 -3"><span class='ocrx_word' id='word_1_458' title='bbox 1405 343 1796 403; x_wconf 77' lang='lat' dir='ltr'><strong>ENARRATIO</strong></span> <span class='ocrx_word' id='word_1_459' title='bbox 1826 342 1890 400; x_wconf 88' lang='lat' dir='ltr'><strong>IN</strong></span> <span class='ocrx_word' id='word_1_460' title='bbox 1928 342 2245 404; x_wconf 77' lang='lat' dir='ltr'><strong>i-SALMUM</strong></span> <span class='ocrx_word' id='word_1_461' title='bbox 2282 343 2507 403; x_wconf 77' lang='lat' dir='ltr'><strong>CXLVI.</strong></span> 
     </span>
    </p>
   </div>
   <div class='ocr_carea' id='block_1_62' title="bbox 2024 460 3602 532">
    <p class='ocr_par' dir='ltr' id='par_1_62' title="bbox 2024 460 3602 532">
     <span class='ocr_line' id='line_1_62' title="bbox 2024 460 3602 532; baseline 0.005 -18"><span class='ocrx_word' id='word_1_462' title='bbox 2024 471 2223 531; x_wconf 86' lang='lat' dir='ltr'><strong>guntur</strong></span> <span class='ocrx_word' id='word_1_463' title='bbox 2241 461 2599 532; x_wconf 86' lang='lat' dir='ltr'><strong>dispersiones</strong></span> <span class='ocrx_word' id='word_1_464' title='bbox 2624 461 2808 528; x_wconf 76' lang='lat' dir='ltr'><strong>Israel,</strong></span> <span class='ocrx_word' id='word_1_465' title='bbox 2834 467 2891 517; x_wconf 86' lang='lat' dir='ltr'><strong>ut</strong></span> <span class='ocrx_word' id='word_1_466' title='bbox 2910 467 3166 525; x_wconf 79' lang='lat' dir='ltr'><strong>sanentur</strong></span> <span class='ocrx_word' id='word_1_467' title='bbox 3184 460 3400 523; x_wconf 83' lang='lat' dir='ltr'><strong>contriti</strong></span> <span class='ocrx_word' id='word_1_468' title='bbox 3418 465 3602 525; x_wconf 83' lang='lat' dir='ltr'><strong>corde.</strong></span> 
     </span>
    </p>
   </div>
   <div class='ocr_carea' id='block_1_63' title="bbox 2022 550 3604 629">
    <p class='ocr_par' dir='ltr' id='par_1_63' title="bbox 2022 550 3604 629">
     <span class='ocr_line' id='line_1_63' title="bbox 2022 550 3604 629; baseline 0.008 -24"><span class='ocrx_word' id='word_1_469' title='bbox 2022 550 2123 619; x_wconf 87' lang='lat' dir='ltr'><strong>Qui</strong></span> <span class='ocrx_word' id='word_1_470' title='bbox 2143 566 2238 607; x_wconf 89' lang='lat' dir='ltr'><strong>eor</strong></span> <span class='ocrx_word' id='word_1_471' title='bbox 2265 566 2369 607; x_wconf 90' lang='lat' dir='ltr'><strong>non</strong></span> <span class='ocrx_word' id='word_1_472' title='bbox 2400 561 2704 621; x_wconf 86' lang='lat' dir='ltr'><strong>conterunt,</strong></span> <span class='ocrx_word' id='word_1_473' title='bbox 2732 569 2838 613; x_wconf 90' lang='lat' dir='ltr'><strong>non</strong></span> <span class='ocrx_word' id='word_1_474' title='bbox 2876 564 3150 612; x_wconf 83' lang='lat' dir='ltr'><strong>sanantur.</strong></span> <span class='ocrx_word' id='word_1_475' title='bbox 3178 554 3314 623; x_wconf 79' lang='lat' dir='ltr'><strong>Quid</strong></span> <span class='ocrx_word' id='word_1_476' title='bbox 3335 563 3439 629; x_wconf 67' lang='lat' dir='ltr'><strong>est.</strong></span> <span class='ocrx_word' id='word_1_477' title='bbox 3465 571 3604 625; x_wconf 62' lang='lat' dir='ltr'><strong>cun-</strong></span> 
     </span>
    </p>
   </div>
   <div class='ocr_carea' id='block_1_64' title="bbox 2022 645 3601 715">
    <p class='ocr_par' dir='ltr' id='par_1_64' title="bbox 2022 645 3601 715">
     <span class='ocr_line' id='line_1_64' title="bbox 2022 645 3601 715; baseline 0.002 -11"><span class='ocrx_word' id='word_1_478' title='bbox 2022 651 2198 704; x_wconf 74' lang='lat' dir='ltr'><strong>tet&#39;ere</strong></span> <span class='ocrx_word' id='word_1_479' title='bbox 2240 646 2371 701; x_wconf 81' lang='lat' dir='ltr'><strong>cor?</strong></span> <span class='ocrx_word' id='word_1_480' title='bbox 2407 645 2602 704; x_wconf 81' lang='lat' dir='ltr'><strong>Notum</strong></span> <span class='ocrx_word' id='word_1_481' title='bbox 2648 648 2737 712; x_wconf 82' lang='lat' dir='ltr'><strong>sit,</strong></span> <span class='ocrx_word' id='word_1_482' title='bbox 2791 647 3125 713; x_wconf 85' lang='lat' dir='ltr'><strong>cbarissimi;</strong></span> <span class='ocrx_word' id='word_1_483' title='bbox 3162 649 3278 715; x_wconf 75' lang='lat' dir='ltr'><strong>ﬁat,</strong></span> <span class='ocrx_word' id='word_1_484' title='bbox 3319 658 3380 706; x_wconf 83' lang='lat' dir='ltr'><strong>ut</strong></span> <span class='ocrx_word' id='word_1_485' title='bbox 3425 652 3601 709; x_wconf 73' lang='lat' dir='ltr'><strong>sanari</strong></span> 
     </span>
    </p>
   </div>
   <div class='ocr_carea' id='block_1_65' title="bbox 2024 736 3603 810">
    <p class='ocr_par' dir='ltr' id='par_1_65' title="bbox 2024 736 3603 810">
     <span class='ocr_line' id='line_1_65' title="bbox 2024 736 3603 810; baseline 0.006 -21"><span class='ocrx_word' id='word_1_486' title='bbox 2024 736 2257 803; x_wconf 81' lang='lat' dir='ltr'><strong>possitis.</strong></span> <span class='ocrx_word' id='word_1_487' title='bbox 2292 736 2500 795; x_wconf 84' lang='lat' dir='ltr'><strong>Dictum</strong></span> <span class='ocrx_word' id='word_1_488' title='bbox 2529 747 2613 794; x_wconf 79' lang='lat' dir='ltr'><strong>est</strong></span> <span class='ocrx_word' id='word_1_489' title='bbox 2651 739 2796 796; x_wconf 85' lang='lat' dir='ltr'><strong>enim</strong></span> <span class='ocrx_word' id='word_1_490' title='bbox 2838 740 3022 797; x_wconf 75' lang='lat' dir='ltr'><strong>multis</strong></span> <span class='ocrx_word' id='word_1_491' title='bbox 3048 740 3165 797; x_wconf 81' lang='lat' dir='ltr'><strong>aliis</strong></span> <span class='ocrx_word' id='word_1_492' title='bbox 3205 740 3603 810; x_wconf 63' lang='lat' dir='ltr'><strong>Scriptorum</strong></span> 
     </span>
    </p>
   </div>
   <div class='ocr_carea' id='block_1_66' title="bbox 2026 824 3599 902">
    <p class='ocr_par' dir='ltr' id='par_1_66' title="bbox 2026 824 3599 902">
     <span class='ocr_line' id='line_1_66' title="bbox 2026 824 3599 902; baseline 0.008 -22"><span class='ocrx_word' id='word_1_493' title='bbox 2026 824 2188 892; x_wconf 86' lang='lat' dir='ltr'><strong>locis;</strong></span> <span class='ocrx_word' id='word_1_494' title='bbox 2219 836 2275 882; x_wconf 90' lang='lat' dir='ltr'><strong>et</strong></span> <span class='ocrx_word' id='word_1_495' title='bbox 2298 828 2530 883; x_wconf 76' lang='lat' dir='ltr'><strong>maxime</strong></span> <span class='ocrx_word' id='word_1_496' title='bbox 2564 829 2659 885; x_wconf 89' lang='lat' dir='ltr'><strong>illo</strong></span> <span class='ocrx_word' id='word_1_497' title='bbox 2683 829 2823 895; x_wconf 87' lang='lat' dir='ltr'><strong>loco,</strong></span> <span class='ocrx_word' id='word_1_498' title='bbox 2853 841 2986 887; x_wconf 74' lang='lat' dir='ltr'><strong>voce</strong></span> <span class='ocrx_word' id='word_1_499' title='bbox 3024 832 3599 902; x_wconf 71' lang='lat' dir='ltr'><strong>noetra‘qstidamm-</strong></span> 
     </span>
    </p>
   </div>
   <div class='ocr_carea' id='block_1_67' title="bbox 2026 917 3602 994">
    <p class='ocr_par' dir='ltr' id='par_1_67' title="bbox 2026 917 3602 994">
     <span class='ocr_line' id='line_1_67' title="bbox 2026 917 3602 994; baseline 0.006 -22"><span class='ocrx_word' id='word_1_500' title='bbox 2026 923 2165 985; x_wconf 86' lang='lat' dir='ltr'><strong>tans,</strong></span> <span class='ocrx_word' id='word_1_501' title='bbox 2195 917 2422 987; x_wconf 82' lang='lat' dir='ltr'><strong>dicebat,</strong></span> <span class='ocrx_word' id='word_1_502' title='bbox 2456 920 2712 988; x_wconf 80' lang='lat' dir='ltr'><strong>Quoniam</strong></span> <span class='ocrx_word' id='word_1_503' title='bbox 2739 924 2781 977; x_wconf 74' lang='grc' dir='ltr'><strong>εἰ</strong></span> <span class='ocrx_word' id='word_1_504' title='bbox 2810 923 3049 979; x_wconf 67' lang='lat' dir='ltr'><strong>voluisses</strong></span> <span class='ocrx_word' id='word_1_505' title='bbox 3072 925 3399 994; x_wconf 66' lang='lat' dir='ltr'><strong>sacriﬁcium,</strong></span> <span class='ocrx_word' id='word_1_506' title='bbox 3428 925 3602 981; x_wconf 75' lang='lat' dir='ltr'><strong>dedis-</strong></span> 
     </span>
    </p>
   </div>
   <div class='ocr_carea' id='block_1_68' title="bbox 2022 1010 3604 1085">
    <p class='ocr_par' dir='ltr' id='par_1_68' title="bbox 2022 1010 3604 1085">
     <span class='ocr_line' id='line_1_68' title="bbox 2022 1010 3604 1085; baseline 0.006 -21"><span class='ocrx_word' id='word_1_507' title='bbox 2022 1026 2129 1065; x_wconf 78' lang='lat' dir='ltr'><strong>sem</strong></span> <span class='ocrx_word' id='word_1_508' title='bbox 2153 1010 2327 1082; x_wconf 70' lang='lat' dir='ltr'><strong>utique</strong></span> <span class='ocrx_word' id='word_1_509' title='bbox 2346 1028 2366 1067; x_wconf 89' lang='lat'><strong><em>:</em></strong></span> <span class='ocrx_word' id='word_1_510' title='bbox 2393 1012 2506 1068; x_wconf 87' lang='lat' dir='ltr'><strong>Deo</strong></span> <span class='ocrx_word' id='word_1_511' title='bbox 2530 1013 2760 1079; x_wconf 75' lang='lat' dir='ltr'><strong>diccbat,</strong></span> <span class='ocrx_word' id='word_1_512' title='bbox 2794 1014 2856 1070; x_wconf 83' lang='lat' dir='ltr'><strong>Si</strong></span> <span class='ocrx_word' id='word_1_513' title='bbox 2880 1015 3117 1071; x_wconf 69' lang='lat' dir='ltr'><strong>uoluisses</strong></span> <span class='ocrx_word' id='word_1_514' title='bbox 3144 1017 3471 1085; x_wconf 70' lang='lat' dir='ltr'><strong>sacriﬁcium,</strong></span> <span class='ocrx_word' id='word_1_515' title='bbox 3508 1018 3604 1073; x_wconf 80' lang='lat' dir='ltr'><strong>ds-</strong></span> 
     </span>
    </p>
   </div>
   <div class='ocr_carea' id='block_1_69' title="bbox 2024 1103 3601 1178">
    <p class='ocr_par' dir='ltr' id='par_1_69' title="bbox 2024 1103 3601 1178">
     <span class='ocr_line' id='line_1_69' title="bbox 2024 1103 3601 1178; baseline 0.006 -22"><span class='ocrx_word' id='word_1_516' title='bbox 2024 1103 2207 1158; x_wconf 82' lang='lat' dir='ltr'><strong>dissem</strong></span> <span class='ocrx_word' id='word_1_517' title='bbox 2232 1105 2434 1175; x_wconf 76' lang='lat' dir='ltr'><strong>utique;</strong></span> <span class='ocrx_word' id='word_1_518' title='bbox 2459 1106 2770 1169; x_wconf 71' lang='lat' dir='ltr'><strong>holocaustis</strong></span> <span class='ocrx_word' id='word_1_519' title='bbox 2782 1116 2951 1162; x_wconf 72' lang='lat' dir='ltr'><strong>autem</strong></span> <span class='ocrx_word' id='word_1_520' title='bbox 2970 1124 3073 1163; x_wconf 69' lang='lat' dir='ltr'><strong>non</strong></span> <span class='ocrx_word' id='word_1_521' title='bbox 3097 1108 3439 1167; x_wconf 61' lang='lat' dir='ltr'><strong>delectantia.</strong></span> <span class='ocrx_word' id='word_1_522' title='bbox 3458 1109 3601 1178; x_wconf 71' lang='lat' dir='ltr'><strong>Quid</strong></span> 
     </span>
    </p>
   </div>
   <div class='ocr_carea' id='block_1_70' title="bbox 2022 1196 3599 1266">
    <p class='ocr_par' dir='ltr' id='par_1_70' title="bbox 2022 1196 3599 1266">
     <span class='ocr_line' id='line_1_70' title="bbox 2022 1196 3599 1266; baseline 0.005 -17"><span class='ocrx_word' id='word_1_523' title='bbox 2022 1196 2191 1266; x_wconf 84' lang='lat' dir='ltr'><strong>ergo?</strong></span> <span class='ocrx_word' id='word_1_524' title='bbox 2232 1196 2361 1252; x_wconf 86' lang='lat' dir='ltr'><strong>Sine</strong></span> <span class='ocrx_word' id='word_1_525' title='bbox 2396 1198 2642 1254; x_wconf 81' lang='lat' dir='ltr'><strong>sacriﬁcii</strong></span> <span class='ocrx_word' id='word_1_526' title='bbox 2687 1199 2956 1256; x_wconf 78' lang='lat' dir='ltr'><strong>oblatione</strong></span> <span class='ocrx_word' id='word_1_527' title='bbox 2994 1201 3432 1257; x_wconf 58' lang='lat' dir='ltr'><strong>nummatus?</strong></span> <span class='ocrx_word' id='word_1_528' title='bbox 3461 1201 3599 1257; x_wconf 73' lang='lat' dir='ltr'><strong>Audi</strong></span> 
     </span>
    </p>
   </div>
   <div class='ocr_carea' id='block_1_71' title="bbox 2018 1286 3598 1360">
    <p class='ocr_par' dir='ltr' id='par_1_71' title="bbox 2018 1286 3598 1360">
     <span class='ocr_line' id='line_1_71' title="bbox 2018 1286 3598 1360; baseline 0.005 -19"><span class='ocrx_word' id='word_1_529' title='bbox 2018 1286 2150 1357; x_wconf 85' lang='lat' dir='ltr'><strong>quid</strong></span> <span class='ocrx_word' id='word_1_530' title='bbox 2182 1295 2233 1343; x_wconf 89' lang='lat' dir='ltr'><strong>te</strong></span> <span class='ocrx_word' id='word_1_531' title='bbox 2256 1289 2386 1344; x_wconf 82' lang='lat' dir='ltr'><strong>velit</strong></span> <span class='ocrx_word' id='word_1_532' title='bbox 2411 1289 2625 1345; x_wconf 72' lang='lat' dir='ltr'><strong>olferre.</strong></span> <span class='ocrx_word' id='word_1_533' title='bbox 2644 1291 2919 1360; x_wconf 84' lang='lat' dir='ltr'><strong>Sequitur,</strong></span> <span class='ocrx_word' id='word_1_534' title='bbox 2946 1300 3003 1348; x_wconf 83' lang='lat' dir='ltr'><strong>et</strong></span> <span class='ocrx_word' id='word_1_535' title='bbox 3024 1290 3184 1347; x_wconf 87' lang='lat' dir='ltr'><strong>dicit:</strong></span> <span class='ocrx_word' id='word_1_536' title='bbox 3212 1310 3234 1344; x_wconf 72' lang='grc' dir='ltr'><strong><em>ι</em></strong></span> <span class='ocrx_word' id='word_1_537' title='bbox 3262 1291 3598 1349; x_wconf 72' lang='lat' dir='ltr'><strong>Sacriﬁcium</strong></span> 
     </span>
    </p>
   </div>
   <div class='ocr_carea' id='block_1_72' title="bbox 2024 1379 3603 1450">
    <p class='ocr_par' dir='ltr' id='par_1_72' title="bbox 2024 1379 3603 1450">
     <span class='ocr_line' id='line_1_72' title="bbox 2024 1379 3603 1450; baseline 0.004 -16"><span class='ocrx_word' id='word_1_538' title='bbox 2024 1379 2137 1434; x_wconf 83' lang='lat' dir='ltr'><strong>Deo</strong></span> <span class='ocrx_word' id='word_1_539' title='bbox 2166 1381 2386 1450; x_wconf 88' lang='lat' dir='ltr'><strong>spiritus</strong></span> <span class='ocrx_word' id='word_1_540' title='bbox 2423 1382 2843 1448; x_wconf 84' lang='lat' dir='ltr'><strong>contribulatus;</strong></span> <span class='ocrx_word' id='word_1_541' title='bbox 2878 1397 2975 1439; x_wconf 88' lang='lat' dir='ltr'><strong>cor</strong></span> <span class='ocrx_word' id='word_1_542' title='bbox 3004 1385 3287 1439; x_wconf 84' lang='lat' dir='ltr'><strong>contritum</strong></span> <span class='ocrx_word' id='word_1_543' title='bbox 3326 1393 3382 1439; x_wconf 90' lang='lat' dir='ltr'><strong>et</strong></span> <span class='ocrx_word' id='word_1_544' title='bbox 3422 1383 3603 1440; x_wconf 74' lang='lat' dir='ltr'><strong>lutati-</strong></span> 
     </span>
    </p>
   </div>
   <div class='ocr_carea' id='block_1_73' title="bbox 2020 1467 3595 1547">
    <p class='ocr_par' dir='ltr' id='par_1_73' title="bbox 2020 1467 3595 1547">
     <span class='ocr_line' id='line_1_73' title="bbox 2020 1467 3595 1547; baseline 0.001 -20"><span class='ocrx_word' id='word_1_545' title='bbox 2020 1467 2207 1527; x_wconf 73' lang='lat' dir='ltr'><strong>liatum</strong></span> <span class='ocrx_word' id='word_1_546' title='bbox 2232 1472 2372 1527; x_wconf 88' lang='lat' dir='ltr'><strong>Deus</strong></span> <span class='ocrx_word' id='word_1_547' title='bbox 2392 1486 2499 1527; x_wconf 88' lang='lat' dir='ltr'><strong>non</strong></span> <span class='ocrx_word' id='word_1_548' title='bbox 2524 1481 2741 1542; x_wconf 84' lang='lat' dir='ltr'><strong>spernet</strong></span> <span class='ocrx_word' id='word_1_549' title='bbox 2764 1490 2783 1523; x_wconf 76' lang='grc' dir='ltr'><strong><em>ι</em></strong></span> <span class='ocrx_word' id='word_1_550' title='bbox 2816 1472 2986 1544; x_wconf 84' lang='lat' dir='ltr'><strong>(Psal.</strong></span> <span class='ocrx_word' id='word_1_551' title='bbox 3013 1491 3063 1540; x_wconf 77' lang='grc' dir='ltr'>ι,</span> <span class='ocrx_word' id='word_1_552' title='bbox 3095 1475 3183 1540; x_wconf 76' lang='grc'>18,</span> <span class='ocrx_word' id='word_1_553' title='bbox 3212 1476 3325 1547; x_wconf 76' lang='grc' dir='ltr'><strong>ιθ).</strong></span> <span class='ocrx_word' id='word_1_554' title='bbox 3352 1494 3371 1528; x_wconf 80' lang='lat' dir='ltr'><strong>t</strong></span> <span class='ocrx_word' id='word_1_555' title='bbox 3389 1475 3550 1531; x_wconf 65' lang='lat' dir='ltr'><strong>Sonat</strong></span> <span class='ocrx_word' id='word_1_556' title='bbox 3574 1495 3595 1528; x_wconf 72' lang='grc' dir='ltr'><strong><em>ι</em></strong></span> 
     </span>
    </p>
   </div>
   <div class='ocr_carea' id='block_1_74' title="bbox 2023 1565 3604 1639">
    <p class='ocr_par' dir='ltr' id='par_1_74' title="bbox 2023 1565 3604 1639">
     <span class='ocr_line' id='line_1_74' title="bbox 2023 1565 3604 1639; baseline 0.006 -24"><span class='ocrx_word' id='word_1_557' title='bbox 2023 1576 2151 1632; x_wconf 85' lang='lat' dir='ltr'><strong>ergo</strong></span> <span class='ocrx_word' id='word_1_558' title='bbox 2200 1581 2219 1615; x_wconf 86' lang='grc'><strong><em>‹</em></strong></span> <span class='ocrx_word' id='word_1_559' title='bbox 2247 1565 2504 1619; x_wconf 83' lang='lat' dir='ltr'><strong>contritus</strong></span> <span class='ocrx_word' id='word_1_560' title='bbox 2545 1565 2749 1621; x_wconf 89' lang='lat' dir='ltr'><strong>corde:</strong></span> <span class='ocrx_word' id='word_1_561' title='bbox 2786 1583 2805 1618; x_wconf 76' lang='grc' dir='ltr'><strong><em>ι</em></strong></span> <span class='ocrx_word' id='word_1_562' title='bbox 2834 1568 2970 1636; x_wconf 86' lang='lat' dir='ltr'><strong>quia</strong></span> <span class='ocrx_word' id='word_1_563' title='bbox 3022 1567 3129 1622; x_wconf 87' lang='lat' dir='ltr'><strong>illis</strong></span> <span class='ocrx_word' id='word_1_564' title='bbox 3173 1569 3495 1639; x_wconf 80' lang='lat' dir='ltr'><strong>propinquat</strong></span> <span class='ocrx_word' id='word_1_565' title='bbox 3542 1577 3604 1626; x_wconf 87' lang='lat' dir='ltr'><strong>ut</strong></span> 
     </span>
    </p>
   </div>
   <div class='ocr_carea' id='block_1_75' title="bbox 2020 1653 3605 1727">
    <p class='ocr_par' dir='ltr' id='par_1_75' title="bbox 2020 1653 3605 1727">
     <span class='ocr_line' id='line_1_75' title="bbox 2020 1653 3605 1727; baseline 0.006 -21"><span class='ocrx_word' id='word_1_566' title='bbox 2020 1661 2214 1719; x_wconf 85' lang='lat' dir='ltr'><strong>sanet;</strong></span> <span class='ocrx_word' id='word_1_567' title='bbox 2242 1653 2378 1708; x_wconf 89' lang='lat' dir='ltr'><strong>sicut</strong></span> <span class='ocrx_word' id='word_1_568' title='bbox 2417 1653 2610 1709; x_wconf 86' lang='lat' dir='ltr'><strong>dicitur</strong></span> <span class='ocrx_word' id='word_1_569' title='bbox 2648 1656 2757 1709; x_wconf 84' lang='lat' dir='ltr'><strong>alio</strong></span> <span class='ocrx_word' id='word_1_570' title='bbox 2797 1657 2938 1721; x_wconf 79' lang='lat' dir='ltr'><strong>loco,</strong></span> <span class='ocrx_word' id='word_1_571' title='bbox 2968 1674 2987 1708; x_wconf 72' lang='grc' dir='ltr'>ι</span> <span class='ocrx_word' id='word_1_572' title='bbox 3022 1656 3195 1727; x_wconf 80' lang='lat' dir='ltr'><strong>Prope</strong></span> <span class='ocrx_word' id='word_1_573' title='bbox 3232 1669 3317 1713; x_wconf 87' lang='lat' dir='ltr'><strong>est</strong></span> <span class='ocrx_word' id='word_1_574' title='bbox 3345 1659 3605 1721; x_wconf 77' lang='lat' dir='ltr'><strong>Dominus</strong></span> 
     </span>
    </p>
   </div>
   <div class='ocr_carea' id='block_1_76' title="bbox 2022 1740 3598 1820">
    <p class='ocr_par' dir='ltr' id='par_1_76' title="bbox 2022 1740 3598 1820">
     <span class='ocr_line' id='line_1_76' title="bbox 2022 1740 3598 1820; baseline 0.007 -25"><span class='ocrx_word' id='word_1_575' title='bbox 2022 1740 2107 1797; x_wconf 85' lang='lat' dir='ltr'><strong>his</strong></span> <span class='ocrx_word' id='word_1_576' title='bbox 2133 1743 2224 1811; x_wconf 92' lang='lat' dir='ltr'><strong>qui</strong></span> <span class='ocrx_word' id='word_1_577' title='bbox 2253 1742 2589 1799; x_wconf 85' lang='lat' dir='ltr'><strong>obtriverunt</strong></span> <span class='ocrx_word' id='word_1_578' title='bbox 2612 1756 2709 1799; x_wconf 83' lang='lat' dir='ltr'><strong>cur</strong></span> <span class='ocrx_word' id='word_1_579' title='bbox 2736 1763 2756 1797; x_wconf 74' lang='grc' dir='ltr'><strong>ι</strong></span> <span class='ocrx_word' id='word_1_580' title='bbox 2796 1745 2967 1817; x_wconf 84' lang='lat' dir='ltr'><strong>(Psal.</strong></span> <span class='ocrx_word' id='word_1_581' title='bbox 3004 1762 3199 1812; x_wconf 72' lang='lat' dir='ltr'><strong>xum,</strong></span> <span class='ocrx_word' id='word_1_582' title='bbox 3229 1748 3338 1820; x_wconf 79' lang='lat' dir='ltr'><strong>l9).</strong></span> <span class='ocrx_word' id='word_1_583' title='bbox 3370 1749 3468 1817; x_wconf 77' lang='lat' dir='ltr'><strong>Qui</strong></span> <span class='ocrx_word' id='word_1_584' title='bbox 3496 1750 3598 1805; x_wconf 80' lang='lat' dir='ltr'><strong>ob-</strong></span> 
     </span>
    </p>
   </div>
   <div class='ocr_carea' id='block_1_77' title="bbox 2020 1835 3600 1904">
    <p class='ocr_par' dir='ltr' id='par_1_77' title="bbox 2020 1835 3600 1904">
     <span class='ocr_line' id='line_1_77' title="bbox 2020 1835 3600 1904; baseline 0.004 -17"><span class='ocrx_word' id='word_1_585' title='bbox 2020 1835 2284 1889; x_wconf 85' lang='lat' dir='ltr'><strong>triverunt</strong></span> <span class='ocrx_word' id='word_1_586' title='bbox 2332 1835 2459 1889; x_wconf 78' lang='lat' dir='ltr'><strong>cor?</strong></span> <span class='ocrx_word' id='word_1_587' title='bbox 2504 1836 2761 1891; x_wconf 83' lang='lat' dir='ltr'><strong>Humiles.</strong></span> <span class='ocrx_word' id='word_1_588' title='bbox 2803 1837 2906 1904; x_wconf 86' lang='lat' dir='ltr'><strong>Qui</strong></span> <span class='ocrx_word' id='word_1_589' title='bbox 2950 1847 3057 1892; x_wconf 77' lang='lat' dir='ltr'><strong>non</strong></span> <span class='ocrx_word' id='word_1_590' title='bbox 3096 1838 3426 1894; x_wconf 79' lang='lat' dir='ltr'><strong>obtriversut</strong></span> <span class='ocrx_word' id='word_1_591' title='bbox 3468 1841 3600 1896; x_wconf 89' lang='lat' dir='ltr'><strong>cor?</strong></span> 
     </span>
    </p>
   </div>
   <div class='ocr_carea' id='block_1_78' title="bbox 2020 1925 3599 1997">
    <p class='ocr_par' dir='ltr' id='par_1_78' title="bbox 2020 1925 3599 1997">
     <span class='ocr_line' id='line_1_78' title="bbox 2020 1925 3599 1997; baseline 0.006 -16"><span class='ocrx_word' id='word_1_592' title='bbox 2020 1925 2269 1996; x_wconf 89' lang='lat' dir='ltr'><strong>Superbi.</strong></span> <span class='ocrx_word' id='word_1_593' title='bbox 2316 1928 2617 1985; x_wconf 87' lang='lat' dir='ltr'><strong>Contritum</strong></span> <span class='ocrx_word' id='word_1_594' title='bbox 2658 1930 2948 1997; x_wconf 81' lang='lat' dir='ltr'><strong>sanabitur,</strong></span> <span class='ocrx_word' id='word_1_595' title='bbox 2992 1931 3226 1988; x_wconf 73' lang='lat' dir='ltr'><strong>elidatur</strong></span> <span class='ocrx_word' id='word_1_596' title='bbox 3262 1935 3479 1989; x_wconf 79' lang='lat' dir='ltr'><strong>elatum.</strong></span> <span class='ocrx_word' id='word_1_597' title='bbox 3520 1936 3599 1990; x_wconf 82' lang='lat' dir='ltr'><strong>Ad</strong></span> 
     </span>
    </p>
   </div>
   <div class='ocr_carea' id='block_1_79' title="bbox 2022 2019 3605 2088">
    <p class='ocr_par' dir='ltr' id='par_1_79' title="bbox 2022 2019 3605 2088">
     <span class='ocr_line' id='line_1_79' title="bbox 2022 2019 3605 2088; baseline 0.005 -15"><span class='ocrx_word' id='word_1_598' title='bbox 2022 2019 2125 2073; x_wconf 73' lang='lat' dir='ltr'><strong>ltoc</strong></span> <span class='ocrx_word' id='word_1_599' title='bbox 2147 2020 2289 2074; x_wconf 78' lang='lat' dir='ltr'><strong>enim</strong></span> <span class='ocrx_word' id='word_1_600' title='bbox 2310 2019 2447 2076; x_wconf 79' lang='lat' dir='ltr'><strong>forte</strong></span> <span class='ocrx_word' id='word_1_601' title='bbox 2465 2020 2701 2088; x_wconf 85' lang='lat' dir='ltr'><strong>eliditur,</strong></span> <span class='ocrx_word' id='word_1_602' title='bbox 2731 2031 2786 2075; x_wconf 81' lang='lat' dir='ltr'><strong>ut</strong></span> <span class='ocrx_word' id='word_1_603' title='bbox 2809 2023 3093 2077; x_wconf 85' lang='lat' dir='ltr'><strong>contritum</strong></span> <span class='ocrx_word' id='word_1_604' title='bbox 3120 2033 3354 2080; x_wconf 82' lang='lat' dir='ltr'><strong>sanetur.</strong></span> <span class='ocrx_word' id='word_1_605' title='bbox 3376 2024 3454 2081; x_wconf 76' lang='lat' dir='ltr'><strong>Ne</strong></span> <span class='ocrx_word' id='word_1_606' title='bbox 3478 2024 3605 2082; x_wconf 73' lang='lat' dir='ltr'><strong>velit</strong></span> 
     </span>
    </p>
   </div>
   <div class='ocr_carea' id='block_1_80' title="bbox 2022 2114 3605 2188">
    <p class='ocr_par' dir='ltr' id='par_1_80' title="bbox 2022 2114 3605 2188">
     <span class='ocr_line' id='line_1_80' title="bbox 2022 2114 3605 2188; baseline 0.006 -23"><span class='ocrx_word' id='word_1_607' title='bbox 2022 2126 2170 2182; x_wconf 85' lang='lat' dir='ltr'><strong>ergo,</strong></span> <span class='ocrx_word' id='word_1_608' title='bbox 2194 2114 2401 2179; x_wconf 77' lang='lat' dir='ltr'><strong>fratres,</strong></span> <span class='ocrx_word' id='word_1_609' title='bbox 2420 2128 2515 2168; x_wconf 88' lang='lat' dir='ltr'><strong>cor</strong></span> <span class='ocrx_word' id='word_1_610' title='bbox 2542 2124 2781 2169; x_wconf 89' lang='lat' dir='ltr'><strong>nostrum</strong></span> <span class='ocrx_word' id='word_1_611' title='bbox 2810 2128 2931 2171; x_wconf 84' lang='lat' dir='ltr'><strong>esse</strong></span> <span class='ocrx_word' id='word_1_612' title='bbox 2949 2125 3206 2180; x_wconf 83' lang='lat' dir='ltr'><strong>erectum,</strong></span> <span class='ocrx_word' id='word_1_613' title='bbox 3228 2126 3511 2188; x_wconf 84' lang='lat' dir='ltr'><strong>antequam</strong></span> <span class='ocrx_word' id='word_1_614' title='bbox 3534 2119 3605 2174; x_wconf 91' lang='lat' dir='ltr'><strong>sit</strong></span> 
     </span>
    </p>
   </div>
   <div class='ocr_carea' id='block_1_81' title="bbox 2020 2204 3601 2279">
    <p class='ocr_par' dir='ltr' id='par_1_81' title="bbox 2020 2204 3601 2279">
     <span class='ocr_line' id='line_1_81' title="bbox 2020 2204 3601 2279; baseline 0.005 -25"><span class='ocrx_word' id='word_1_615' title='bbox 2020 2211 2224 2256; x_wconf 85' lang='lat' dir='ltr'><strong>rectum</strong></span> <span class='ocrx_word' id='word_1_616' title='bbox 2245 2204 2263 2235; x_wconf 75' lang='grc' dir='ltr'>ί</span> <span class='ocrx_word' id='word_1_617' title='bbox 2289 2218 2303 2257; x_wconf 92' lang='lat'><strong>:</strong></span> <span class='ocrx_word' id='word_1_618' title='bbox 2331 2205 2470 2259; x_wconf 85' lang='lat' dir='ltr'><strong>male</strong></span> <span class='ocrx_word' id='word_1_619' title='bbox 2508 2206 2749 2275; x_wconf 84' lang='lat' dir='ltr'><strong>erigitur,</strong></span> <span class='ocrx_word' id='word_1_620' title='bbox 2778 2206 2919 2275; x_wconf 83' lang='lat' dir='ltr'><strong>quod</strong></span> <span class='ocrx_word' id='word_1_621' title='bbox 2948 2220 3054 2262; x_wconf 89' lang='lat' dir='ltr'><strong>non</strong></span> <span class='ocrx_word' id='word_1_622' title='bbox 3085 2208 3255 2276; x_wconf 81' lang='lat' dir='ltr'><strong>primo</strong></span> <span class='ocrx_word' id='word_1_623' title='bbox 3294 2210 3601 2279; x_wconf 71' lang='lat' dir='ltr'><strong>corrigitur.</strong></span> 
     </span>
    </p>
   </div>
   <div class='ocr_carea' id='block_1_82' title="bbox 2094 2292 3602 2370">
    <p class='ocr_par' dir='ltr' id='par_1_82' title="bbox 2094 2292 3602 2370">
     <span class='ocr_line' id='line_1_82' title="bbox 2094 2292 3602 2370; baseline 0.005 -21"><span class='ocrx_word' id='word_1_624' title='bbox 2094 2294 2146 2349; x_wconf 88' lang='lat'><strong>6.</strong></span> <span class='ocrx_word' id='word_1_625' title='bbox 2192 2294 2290 2360; x_wconf 84' lang='lat' dir='ltr'><strong>Qui</strong></span> <span class='ocrx_word' id='word_1_626' title='bbox 2327 2305 2473 2350; x_wconf 86' lang='lat' dir='ltr'><strong>sanat</strong></span> <span class='ocrx_word' id='word_1_627' title='bbox 2510 2298 2749 2352; x_wconf 82' lang='lat' dir='ltr'><strong>contritas</strong></span> <span class='ocrx_word' id='word_1_628' title='bbox 2777 2292 2949 2364; x_wconf 79' lang='lat' dir='ltr'><strong>corde,</strong></span> <span class='ocrx_word' id='word_1_629' title='bbox 2988 2306 3037 2351; x_wconf 84' lang='lat' dir='ltr'><strong>et</strong></span> <span class='ocrx_word' id='word_1_630' title='bbox 3077 2299 3257 2370; x_wconf 83' lang='lat' dir='ltr'><strong>alligat</strong></span> <span class='ocrx_word' id='word_1_631' title='bbox 3279 2295 3602 2356; x_wconf 70' lang='lat' dir='ltr'><strong>contritiones</strong></span> 
     </span>
    </p>
   </div>
   <div class='ocr_carea' id='block_1_83' title="bbox 2024 2386 3603 2463">
    <p class='ocr_par' dir='ltr' id='par_1_83' title="bbox 2024 2386 3603 2463">
     <span class='ocr_line' id='line_1_83' title="bbox 2024 2386 3603 2463; baseline 0.006 -24"><span class='ocrx_word' id='word_1_632' title='bbox 2024 2401 2214 2440; x_wconf 80' lang='lat' dir='ltr'><strong>eorum.</strong></span> <span class='ocrx_word' id='word_1_633' title='bbox 2247 2386 2430 2453; x_wconf 76' lang='lat' dir='ltr'><strong>Sonat,</strong></span> <span class='ocrx_word' id='word_1_634' title='bbox 2463 2389 2651 2458; x_wconf 82' lang='lat' dir='ltr'><strong>inquit,</strong></span> <span class='ocrx_word' id='word_1_635' title='bbox 2674 2390 2916 2444; x_wconf 83' lang='lat' dir='ltr'><strong>contritas</strong></span> <span class='ocrx_word' id='word_1_636' title='bbox 2939 2390 3091 2444; x_wconf 82' lang='lat' dir='ltr'><strong>corde</strong></span> <span class='ocrx_word' id='word_1_637' title='bbox 3124 2406 3142 2444; x_wconf 91' lang='lat'><strong><em>:</em></strong></span> <span class='ocrx_word' id='word_1_638' title='bbox 3169 2400 3324 2447; x_wconf 87' lang='lat' dir='ltr'><strong>sanat</strong></span> <span class='ocrx_word' id='word_1_639' title='bbox 3351 2406 3478 2463; x_wconf 84' lang='lat' dir='ltr'><strong>ergo</strong></span> <span class='ocrx_word' id='word_1_640' title='bbox 3504 2392 3603 2449; x_wconf 86' lang='lat' dir='ltr'><strong>hu-</strong></span> 
     </span>
    </p>
   </div>
   <div class='ocr_carea' id='block_1_84' title="bbox 2021 2480 3600 2556">
    <p class='ocr_par' dir='ltr' id='par_1_84' title="bbox 2021 2480 3600 2556">
     <span class='ocr_line' id='line_1_84' title="bbox 2021 2480 3600 2556; baseline 0.006 -24"><span class='ocrx_word' id='word_1_641' title='bbox 2021 2480 2252 2534; x_wconf 87' lang='lat' dir='ltr'><strong>miliatos</strong></span> <span class='ocrx_word' id='word_1_642' title='bbox 2280 2481 2459 2548; x_wconf 92' lang='lat' dir='ltr'><strong>corde,</strong></span> <span class='ocrx_word' id='word_1_643' title='bbox 2499 2490 2650 2536; x_wconf 82' lang='lat' dir='ltr'><strong>sanat</strong></span> <span class='ocrx_word' id='word_1_644' title='bbox 2676 2482 3014 2551; x_wconf 87' lang='lat' dir='ltr'><strong>conﬁtentes,</strong></span> <span class='ocrx_word' id='word_1_645' title='bbox 3066 2494 3219 2539; x_wconf 83' lang='lat' dir='ltr'><strong>sanat</strong></span> <span class='ocrx_word' id='word_1_646' title='bbox 3255 2486 3461 2555; x_wconf 87' lang='lat' dir='ltr'><strong>seipsos</strong></span> <span class='ocrx_word' id='word_1_647' title='bbox 3498 2500 3600 2556; x_wconf 67' lang='lat' dir='ltr'><strong>ptr-</strong></span> 
     </span>
    </p>
   </div>
   <div class='ocr_carea' id='block_1_85' title="bbox 2024 2572 3603 2648">
    <p class='ocr_par' dir='ltr' id='par_1_85' title="bbox 2024 2572 3603 2648">
     <span class='ocr_line' id='line_1_85' title="bbox 2024 2572 3603 2648; baseline 0.006 -25"><span class='ocrx_word' id='word_1_648' title='bbox 2024 2573 2251 2637; x_wconf 88' lang='lat' dir='ltr'><strong>nientes,</strong></span> <span class='ocrx_word' id='word_1_649' title='bbox 2283 2572 2335 2625; x_wconf 89' lang='lat' dir='ltr'><strong>in</strong></span> <span class='ocrx_word' id='word_1_650' title='bbox 2372 2585 2432 2628; x_wconf 87' lang='lat' dir='ltr'><strong>se</strong></span> <span class='ocrx_word' id='word_1_651' title='bbox 2460 2585 2703 2627; x_wconf 88' lang='lat' dir='ltr'><strong>severum</strong></span> <span class='ocrx_word' id='word_1_652' title='bbox 2742 2574 2997 2643; x_wconf 87' lang='lat' dir='ltr'><strong>judicium</strong></span> <span class='ocrx_word' id='word_1_653' title='bbox 3029 2587 3357 2642; x_wconf 74' lang='lat' dir='ltr'><strong>exercemes,</strong></span> <span class='ocrx_word' id='word_1_654' title='bbox 3389 2587 3446 2632; x_wconf 90' lang='lat' dir='ltr'><strong>ut</strong></span> <span class='ocrx_word' id='word_1_655' title='bbox 3476 2592 3603 2648; x_wconf 86' lang='lat' dir='ltr'><strong>pos-</strong></span> 
     </span>
    </p>
   </div>
   <div class='ocr_carea' id='block_1_86' title="bbox 2023 2664 3599 2737">
    <p class='ocr_par' dir='ltr' id='par_1_86' title="bbox 2023 2664 3599 2737">
     <span class='ocr_line' id='line_1_86' title="bbox 2023 2664 3599 2737; baseline 0.006 -21"><span class='ocrx_word' id='word_1_656' title='bbox 2023 2664 2130 2717; x_wconf 83' lang='lat' dir='ltr'><strong>sint</strong></span> <span class='ocrx_word' id='word_1_657' title='bbox 2153 2678 2272 2718; x_wconf 85' lang='lat' dir='ltr'><strong>esse</strong></span> <span class='ocrx_word' id='word_1_658' title='bbox 2293 2664 2432 2718; x_wconf 85' lang='lat' dir='ltr'><strong>illius</strong></span> <span class='ocrx_word' id='word_1_659' title='bbox 2449 2665 2871 2721; x_wconf 77' lang='lat' dir='ltr'><strong>misericordiam</strong></span> <span class='ocrx_word' id='word_1_660' title='bbox 2898 2667 3206 2724; x_wconf 84' lang='lat' dir='ltr'><strong>sentientes.</strong></span> <span class='ocrx_word' id='word_1_661' title='bbox 3235 2669 3393 2724; x_wconf 87' lang='lat' dir='ltr'><strong>Tales</strong></span> <span class='ocrx_word' id='word_1_662' title='bbox 3411 2680 3599 2737; x_wconf 88' lang='lat' dir='ltr'><strong>sanat;</strong></span> 
     </span>
    </p>
   </div>
   <div class='ocr_carea' id='block_1_87' title="bbox 2024 2754 3599 2829">
    <p class='ocr_par' dir='ltr' id='par_1_87' title="bbox 2024 2754 3599 2829">
     <span class='ocr_line' id='line_1_87' title="bbox 2024 2754 3599 2829; baseline 0.006 -22"><span class='ocrx_word' id='word_1_663' title='bbox 2024 2754 2117 2808; x_wconf 82' lang='lat' dir='ltr'><strong>sed</strong></span> <span class='ocrx_word' id='word_1_664' title='bbox 2150 2755 2380 2823; x_wconf 81' lang='lat' dir='ltr'><strong>perfecta</strong></span> <span class='ocrx_word' id='word_1_665' title='bbox 2410 2767 2595 2810; x_wconf 89' lang='lat' dir='ltr'><strong>eorum</strong></span> <span class='ocrx_word' id='word_1_666' title='bbox 2626 2758 2825 2811; x_wconf 84' lang='lat' dir='ltr'><strong>sanitas</strong></span> <span class='ocrx_word' id='word_1_667' title='bbox 2851 2765 3113 2814; x_wconf 82' lang='lat' dir='ltr'><strong>transacta</strong></span> <span class='ocrx_word' id='word_1_668' title='bbox 3140 2761 3462 2817; x_wconf 86' lang='lat' dir='ltr'><strong>mortalitate</strong></span> <span class='ocrx_word' id='word_1_669' title='bbox 3487 2761 3599 2829; x_wconf 81' lang='lat' dir='ltr'><strong>ﬁet,</strong></span> 
     </span>
    </p>
   </div>
   <div class='ocr_carea' id='block_1_88' title="bbox 2022 2846 3604 2921">
    <p class='ocr_par' dir='ltr' id='par_1_88' title="bbox 2022 2846 3604 2921">
     <span class='ocr_line' id='line_1_88' title="bbox 2022 2846 3604 2921; baseline 0.009 -26"><span class='ocrx_word' id='word_1_670' title='bbox 2022 2846 2235 2914; x_wconf 85' lang='lat' dir='ltr'><strong>quando</strong></span> <span class='ocrx_word' id='word_1_671' title='bbox 2275 2847 2626 2917; x_wconf 88' lang='lat' dir='ltr'><strong>corruptibile</strong></span> <span class='ocrx_word' id='word_1_672' title='bbox 2655 2850 2757 2902; x_wconf 87' lang='lat' dir='ltr'><strong>hoc</strong></span> <span class='ocrx_word' id='word_1_673' title='bbox 2785 2848 3017 2904; x_wconf 86' lang='lat' dir='ltr'><strong>induerit</strong></span> <span class='ocrx_word' id='word_1_674' title='bbox 3045 2850 3516 2921; x_wconf 87' lang='lat' dir='ltr'><strong>incorruptionem,</strong></span> <span class='ocrx_word' id='word_1_675' title='bbox 3547 2863 3604 2910; x_wconf 85' lang='lat' dir='ltr'><strong>et</strong></span> 
     </span>
    </p>
   </div>
   <div class='ocr_carea' id='block_1_89' title="bbox 2022 2937 3601 3013">
    <p class='ocr_par' dir='ltr' id='par_1_89' title="bbox 2022 2937 3601 3013">
     <span class='ocr_line' id='line_1_89' title="bbox 2022 2937 3601 3013; baseline 0.006 -23"><span class='ocrx_word' id='word_1_676' title='bbox 2022 2937 2246 2991; x_wconf 88' lang='lat' dir='ltr'><strong>mortale</strong></span> <span class='ocrx_word' id='word_1_677' title='bbox 2272 2937 2372 2992; x_wconf 88' lang='lat' dir='ltr'><strong>hoc</strong></span> <span class='ocrx_word' id='word_1_678' title='bbox 2401 2937 2632 2995; x_wconf 90' lang='lat' dir='ltr'><strong>induerit</strong></span> <span class='ocrx_word' id='word_1_679' title='bbox 2672 2940 3124 2995; x_wconf 85' lang='lat' dir='ltr'><strong>immortalitatem</strong></span> <span class='ocrx_word' id='word_1_680' title='bbox 3159 2942 3200 3013; x_wconf 89' lang='grc' dir='ltr'><strong>(Ι</strong></span> <span class='ocrx_word' id='word_1_681' title='bbox 3229 2940 3345 2996; x_wconf 85' lang='lat' dir='ltr'><strong>Cor.</strong></span> <span class='ocrx_word' id='word_1_682' title='bbox 3390 2958 3478 3007; x_wconf 79' lang='lat' dir='ltr'><strong>xv,</strong></span> <span class='ocrx_word' id='word_1_683' title='bbox 3510 2944 3601 3011; x_wconf 77' lang='lat'><strong>5‘5,</strong></span> 
     </span>
    </p>
   </div>
   <div class='ocr_carea' id='block_1_90' title="bbox 2020 3016 3598 3102">
    <p class='ocr_par' dir='ltr' id='par_1_90' title="bbox 2020 3016 3598 3102">
     <span class='ocr_line' id='line_1_90' title="bbox 2020 3016 3598 3102; baseline 0.004 -19"><span class='ocrx_word' id='word_1_684' title='bbox 2020 3020 2146 3099; x_wconf 66' lang='lat'><strong>54);</strong></span> <span class='ocrx_word' id='word_1_685' title='bbox 2176 3029 2387 3099; x_wconf 87' lang='lat' dir='ltr'><strong>quando</strong></span> <span class='ocrx_word' id='word_1_686' title='bbox 2414 3030 2543 3084; x_wconf 81' lang='lat' dir='ltr'><strong>nihil</strong></span> <span class='ocrx_word' id='word_1_687' title='bbox 2572 3031 2675 3085; x_wconf 88' lang='lat' dir='ltr'><strong>erit</strong></span> <span class='ocrx_word' id='word_1_688' title='bbox 2716 3031 2857 3101; x_wconf 91' lang='lat' dir='ltr'><strong>quod</strong></span> <span class='ocrx_word' id='word_1_689' title='bbox 2883 3045 2949 3086; x_wconf 81' lang='lat' dir='ltr'><strong>ex</strong></span> <span class='ocrx_word' id='word_1_690' title='bbox 2979 3016 3153 3087; x_wconf 82' lang='lat' dir='ltr'><strong>carnis</strong></span> <span class='ocrx_word' id='word_1_691' title='bbox 3184 3032 3303 3088; x_wconf 87' lang='lat' dir='ltr'><strong>labe</strong></span> <span class='ocrx_word' id='word_1_692' title='bbox 3330 3034 3598 3102; x_wconf 88' lang='lat' dir='ltr'><strong>sollicitet,</strong></span> 
     </span>
    </p>
   </div>
   <div class='ocr_carea' id='block_1_91' title="bbox 2022 3121 3602 3195">
    <p class='ocr_par' dir='ltr' id='par_1_91' title="bbox 2022 3121 3602 3195">
     <span class='ocr_line' id='line_1_91' title="bbox 2022 3121 3602 3195; baseline 0.004 -21"><span class='ocrx_word' id='word_1_693' title='bbox 2022 3135 2129 3175; x_wconf 90' lang='lat' dir='ltr'><strong>non</strong></span> <span class='ocrx_word' id='word_1_694' title='bbox 2163 3121 2336 3176; x_wconf 89' lang='lat' dir='ltr'><strong>solum</strong></span> <span class='ocrx_word' id='word_1_695' title='bbox 2380 3122 2510 3175; x_wconf 88' lang='lat' dir='ltr'><strong>nihil</strong></span> <span class='ocrx_word' id='word_1_696' title='bbox 2555 3122 2639 3176; x_wconf 84' lang='lat' dir='ltr'><strong>cui</strong></span> <span class='ocrx_word' id='word_1_697' title='bbox 2684 3123 3100 3189; x_wconf 84' lang='lat' dir='ltr'><strong>consentiamus,</strong></span> <span class='ocrx_word' id='word_1_698' title='bbox 3143 3123 3239 3178; x_wconf 90' lang='lat' dir='ltr'><strong>sed</strong></span> <span class='ocrx_word' id='word_1_699' title='bbox 3284 3124 3416 3178; x_wconf 86' lang='lat' dir='ltr'><strong>nihil</strong></span> <span class='ocrx_word' id='word_1_700' title='bbox 3459 3134 3602 3195; x_wconf 84' lang='lat' dir='ltr'><strong>quod</strong></span> 
     </span>
    </p>
   </div>
   <div class='ocr_carea' id='block_1_92' title="bbox 2023 3214 3597 3283">
    <p class='ocr_par' dir='ltr' id='par_1_92' title="bbox 2023 3214 3597 3283">
     <span class='ocr_line' id='line_1_92' title="bbox 2023 3214 3597 3283; baseline 0.003 -16"><span class='ocrx_word' id='word_1_701' title='bbox 2023 3223 2335 3283; x_wconf 79' lang='lat' dir='ltr'><strong>suggeratur</strong></span> <span class='ocrx_word' id='word_1_702' title='bbox 2387 3229 2451 3269; x_wconf 75' lang='lat' dir='ltr'><strong>ex</strong></span> <span class='ocrx_word' id='word_1_703' title='bbox 2499 3230 2682 3270; x_wconf 86' lang='lat' dir='ltr'><strong>carne.</strong></span> <span class='ocrx_word' id='word_1_704' title='bbox 2738 3214 2945 3270; x_wconf 81' lang='lat' dir='ltr'><strong>Etenim</strong></span> <span class='ocrx_word' id='word_1_705' title='bbox 2998 3216 3177 3283; x_wconf 89' lang='lat' dir='ltr'><strong>modo,</strong></span> <span class='ocrx_word' id='word_1_706' title='bbox 3232 3215 3427 3271; x_wconf 81' lang='lat' dir='ltr'><strong>fratres</strong></span> <span class='ocrx_word' id='word_1_707' title='bbox 3470 3216 3597 3283; x_wconf 85' lang='lat' dir='ltr'><strong>mei,</strong></span> 
     </span>
    </p>
   </div>
   <div class='ocr_carea' id='block_1_93' title="bbox 2023 3304 3601 3377">
    <p class='ocr_par' dir='ltr' id='par_1_93' title="bbox 2023 3304 3601 3377">
     <span class='ocr_line' id='line_1_93' title="bbox 2023 3304 3601 3377; baseline 0.003 -20"><span class='ocrx_word' id='word_1_708' title='bbox 2023 3313 2233 3373; x_wconf 81' lang='lat' dir='ltr'><strong>quantae</strong></span> <span class='ocrx_word' id='word_1_709' title='bbox 2260 3304 2454 3359; x_wconf 80' lang='lat' dir='ltr'><strong>illicitae</strong></span> <span class='ocrx_word' id='word_1_710' title='bbox 2473 3305 2854 3360; x_wconf 88' lang='lat' dir='ltr'><strong>delectationes</strong></span> <span class='ocrx_word' id='word_1_711' title='bbox 2879 3306 3111 3361; x_wconf 89' lang='lat' dir='ltr'><strong>animum</strong></span> <span class='ocrx_word' id='word_1_712' title='bbox 3134 3308 3387 3377; x_wconf 87' lang='lat' dir='ltr'><strong>tangunt!</strong></span> <span class='ocrx_word' id='word_1_713' title='bbox 3414 3309 3601 3375; x_wconf 86' lang='lat' dir='ltr'><strong>Quam-</strong></span> 
     </span>
    </p>
   </div>
   <div class='ocr_carea' id='block_1_94' title="bbox 2022 3390 3601 3468">
    <p class='ocr_par' dir='ltr' id='par_1_94' title="bbox 2022 3390 3601 3468">
     <span class='ocr_line' id='line_1_94' title="bbox 2022 3390 3601 3468; baseline 0.004 -21"><span class='ocrx_word' id='word_1_714' title='bbox 2022 3395 2103 3447; x_wconf 87' lang='lat' dir='ltr'><strong>vis</strong></span> <span class='ocrx_word' id='word_1_715' title='bbox 2132 3395 2209 3448; x_wconf 89' lang='lat' dir='ltr'><strong>cis</strong></span> <span class='ocrx_word' id='word_1_716' title='bbox 2235 3409 2340 3448; x_wconf 91' lang='lat' dir='ltr'><strong>non</strong></span> <span class='ocrx_word' id='word_1_717' title='bbox 2370 3390 2786 3462; x_wconf 73' lang='lat' dir='ltr'><strong>consentiamus,</strong></span> <span class='ocrx_word' id='word_1_718' title='bbox 2821 3404 2876 3449; x_wconf 91' lang='lat' dir='ltr'><strong>ut</strong></span> <span class='ocrx_word' id='word_1_719' title='bbox 2906 3395 3145 3451; x_wconf 88' lang='lat' dir='ltr'><strong>membra</strong></span> <span class='ocrx_word' id='word_1_720' title='bbox 3176 3405 3356 3451; x_wconf 87' lang='lat' dir='ltr'><strong>nostra</strong></span> <span class='ocrx_word' id='word_1_721' title='bbox 3382 3398 3601 3468; x_wconf 73' lang='lat' dir='ltr'><strong>iustitia:</strong></span> 
     </span>
    </p>
   </div>
   <div class='ocr_carea' id='block_1_95' title="bbox 2025 3486 3602 3557">
    <p class='ocr_par' dir='ltr' id='par_1_95' title="bbox 2025 3486 3602 3557">
     <span class='ocr_line' id='line_1_95' title="bbox 2025 3486 3602 3557; baseline 0.003 -16"><span class='ocrx_word' id='word_1_722' title='bbox 2025 3486 2278 3551; x_wconf 88' lang='lat' dir='ltr'><strong>serviant,</strong></span> <span class='ocrx_word' id='word_1_723' title='bbox 2299 3501 2403 3541; x_wconf 91' lang='lat' dir='ltr'><strong>non</strong></span> <span class='ocrx_word' id='word_1_724' title='bbox 2420 3487 2702 3557; x_wconf 79' lang='lat' dir='ltr'><strong>iniquitati;</strong></span> <span class='ocrx_word' id='word_1_725' title='bbox 2724 3495 2898 3543; x_wconf 85' lang='lat' dir='ltr'><strong>tamen</strong></span> <span class='ocrx_word' id='word_1_726' title='bbox 2913 3487 3257 3543; x_wconf 83' lang='lat' dir='ltr'><strong>veldelectari</strong></span> <span class='ocrx_word' id='word_1_727' title='bbox 3274 3489 3486 3556; x_wconf 87' lang='lat' dir='ltr'><strong>talibus,</strong></span> <span class='ocrx_word' id='word_1_728' title='bbox 3500 3495 3602 3546; x_wconf 85' lang='lat' dir='ltr'><strong>etsi</strong></span> 
     </span>
    </p>
   </div>
   <div class='ocr_carea' id='block_1_96' title="bbox 2024 3579 3603 3650">
    <p class='ocr_par' dir='ltr' id='par_1_96' title="bbox 2024 3579 3603 3650">
     <span class='ocr_line' id='line_1_96' title="bbox 2024 3579 3603 3650; baseline 0.005 -19"><span class='ocrx_word' id='word_1_729' title='bbox 2024 3594 2128 3632; x_wconf 87' lang='lat' dir='ltr'><strong>non</strong></span> <span class='ocrx_word' id='word_1_730' title='bbox 2164 3579 2454 3645; x_wconf 82' lang='lat' dir='ltr'><strong>censentis,</strong></span> <span class='ocrx_word' id='word_1_731' title='bbox 2495 3579 2729 3634; x_wconf 86' lang='lat' dir='ltr'><strong>nondum</strong></span> <span class='ocrx_word' id='word_1_732' title='bbox 2755 3588 2835 3635; x_wconf 91' lang='lat' dir='ltr'><strong>est</strong></span> <span class='ocrx_word' id='word_1_733' title='bbox 2855 3579 3085 3650; x_wconf 81' lang='lat' dir='ltr'><strong>perfecta</strong></span> <span class='ocrx_word' id='word_1_734' title='bbox 3116 3580 3333 3637; x_wconf 88' lang='lat' dir='ltr'><strong>sanitas.</strong></span> <span class='ocrx_word' id='word_1_735' title='bbox 3363 3582 3603 3639; x_wconf 55' lang='lat' dir='ltr'><strong>Sanabee</strong></span> 
     </span>
    </p>
   </div>
   <div class='ocr_carea' id='block_1_97' title="bbox 2024 3668 3597 3738">
    <p class='ocr_par' dir='ltr' id='par_1_97' title="bbox 2024 3668 3597 3738">
     <span class='ocr_line' id='line_1_97' title="bbox 2024 3668 3597 3738; baseline 0.002 -15"><span class='ocrx_word' id='word_1_736' title='bbox 2024 3669 2098 3723; x_wconf 88' lang='lat' dir='ltr'><strong>ris</strong></span> <span class='ocrx_word' id='word_1_737' title='bbox 2129 3684 2276 3738; x_wconf 83' lang='lat' dir='ltr'><strong>ergo,</strong></span> <span class='ocrx_word' id='word_1_738' title='bbox 2324 3668 2487 3726; x_wconf 89' lang='lat' dir='ltr'><strong>corde</strong></span> <span class='ocrx_word' id='word_1_739' title='bbox 2526 3669 2757 3725; x_wconf 85' lang='lat' dir='ltr'><strong>contrito</strong></span> <span class='ocrx_word' id='word_1_740' title='bbox 2786 3668 3078 3725; x_wconf 83' lang='lat' dir='ltr'><strong>sanaberis.</strong></span> <span class='ocrx_word' id='word_1_741' title='bbox 3108 3670 3223 3724; x_wconf 78' lang='lat' dir='ltr'><strong>Noli</strong></span> <span class='ocrx_word' id='word_1_742' title='bbox 3264 3671 3597 3736; x_wconf 83' lang='lat' dir='ltr'><strong>erubescere,</strong></span> 
     </span>
    </p>
   </div>
   <div class='ocr_carea' id='block_1_98' title="bbox 2024 3760 3599 3831">
    <p class='ocr_par' dir='ltr' id='par_1_98' title="bbox 2024 3760 3599 3831">
     <span class='ocr_line' id='line_1_98' title="bbox 2024 3760 3599 3831; baseline 0 -16"><span class='ocrx_word' id='word_1_743' title='bbox 2024 3772 2241 3816; x_wconf 89' lang='lat' dir='ltr'><strong>contere</strong></span> <span class='ocrx_word' id='word_1_744' title='bbox 2265 3777 2359 3817; x_wconf 90' lang='lat' dir='ltr'><strong>cor</strong></span> <span class='ocrx_word' id='word_1_745' title='bbox 2383 3780 2397 3825; x_wconf 92' lang='lat'><strong>;</strong></span> <span class='ocrx_word' id='word_1_746' title='bbox 2428 3762 2558 3815; x_wconf 88' lang='lat' dir='ltr'><strong>tales</strong></span> <span class='ocrx_word' id='word_1_747' title='bbox 2587 3773 2739 3816; x_wconf 84' lang='lat' dir='ltr'><strong>sanat</strong></span> <span class='ocrx_word' id='word_1_748' title='bbox 2764 3760 2924 3817; x_wconf 88' lang='lat' dir='ltr'><strong>Deus.</strong></span> <span class='ocrx_word' id='word_1_749' title='bbox 2957 3761 3063 3817; x_wconf 85' lang='lat' dir='ltr'><strong>Sed</strong></span> <span class='ocrx_word' id='word_1_750' title='bbox 3084 3762 3207 3831; x_wconf 90' lang='lat' dir='ltr'><strong>quid</strong></span> <span class='ocrx_word' id='word_1_751' title='bbox 3224 3776 3341 3831; x_wconf 85' lang='lat' dir='ltr'><strong>ago,</strong></span> <span class='ocrx_word' id='word_1_752' title='bbox 3372 3761 3599 3831; x_wconf 84' lang='lat' dir='ltr'><strong>inquies,</strong></span> 
     </span>
    </p>
   </div>
   <div class='ocr_carea' id='block_1_99' title="bbox 2025 3849 3603 3921">
    <p class='ocr_par' dir='ltr' id='par_1_99' title="bbox 2025 3849 3603 3921">
     <span class='ocr_line' id='line_1_99' title="bbox 2025 3849 3603 3921; baseline 0.001 -15"><span class='ocrx_word' id='word_1_753' title='bbox 2025 3852 2223 3906; x_wconf 88' lang='lat' dir='ltr'><strong>modo?</strong></span> <span class='ocrx_word' id='word_1_754' title='bbox 2259 3871 2276 3903; x_wconf 78' lang='lat' dir='ltr'><strong>t</strong></span> <span class='ocrx_word' id='word_1_755' title='bbox 2316 3851 2669 3906; x_wconf 91' lang='lat' dir='ltr'><strong>Condelector</strong></span> <span class='ocrx_word' id='word_1_756' title='bbox 2711 3850 2853 3907; x_wconf 86' lang='lat' dir='ltr'><strong>enim</strong></span> <span class='ocrx_word' id='word_1_757' title='bbox 2881 3849 2983 3921; x_wconf 85' lang='lat' dir='ltr'><strong>legi</strong></span> <span class='ocrx_word' id='word_1_758' title='bbox 3014 3850 3109 3905; x_wconf 84' lang='lat' dir='ltr'><strong>Dei</strong></span> <span class='ocrx_word' id='word_1_759' title='bbox 3148 3852 3435 3906; x_wconf 80' lang='lat' dir='ltr'><strong>secundum</strong></span> <span class='ocrx_word' id='word_1_760' title='bbox 3468 3854 3603 3909; x_wconf 90' lang='lat' dir='ltr'><strong>intc-</strong></span> 
     </span>
    </p>
   </div>
   <div class='ocr_carea' id='block_1_100' title="bbox 2024 3943 3603 4015">
    <p class='ocr_par' dir='ltr' id='par_1_100' title="bbox 2024 3943 3603 4015">
     <span class='ocr_line' id='line_1_100' title="bbox 2024 3943 3603 4015; baseline 0.001 -17"><span class='ocrx_word' id='word_1_761' title='bbox 2024 3944 2217 3999; x_wconf 88' lang='lat' dir='ltr'><strong>riorem</strong></span> <span class='ocrx_word' id='word_1_762' title='bbox 2250 3944 2554 4010; x_wconf 84' lang='lat' dir='ltr'><strong>hominem;</strong></span> <span class='ocrx_word' id='word_1_763' title='bbox 2586 3944 2741 3999; x_wconf 90' lang='lat' dir='ltr'><strong>video</strong></span> <span class='ocrx_word' id='word_1_764' title='bbox 2764 3955 2941 3998; x_wconf 89' lang='lat' dir='ltr'><strong>autem</strong></span> <span class='ocrx_word' id='word_1_765' title='bbox 2969 3944 3124 3997; x_wconf 87' lang='lat' dir='ltr'><strong>aliam</strong></span> <span class='ocrx_word' id='word_1_766' title='bbox 3154 3943 3323 4015; x_wconf 83' lang='lat' dir='ltr'><strong>legem</strong></span> <span class='ocrx_word' id='word_1_767' title='bbox 3353 3946 3403 3998; x_wconf 88' lang='lat' dir='ltr'><strong>in</strong></span> <span class='ocrx_word' id='word_1_768' title='bbox 3436 3961 3603 3999; x_wconf 85' lang='lat' dir='ltr'><strong>mem-</strong></span> 
     </span>
    </p>
   </div>
   <div class='ocr_carea' id='block_1_101' title="bbox 2026 4036 3600 4107">
    <p class='ocr_par' dir='ltr' id='par_1_101' title="bbox 2026 4036 3600 4107">
     <span class='ocr_line' id='line_1_101' title="bbox 2026 4036 3600 4107; baseline 0.001 -17"><span class='ocrx_word' id='word_1_769' title='bbox 2026 4036 2137 4090; x_wconf 85' lang='lat' dir='ltr'><strong>bris</strong></span> <span class='ocrx_word' id='word_1_770' title='bbox 2156 4037 2307 4098; x_wconf 89' lang='lat' dir='ltr'><strong>meis,</strong></span> <span class='ocrx_word' id='word_1_771' title='bbox 2337 4045 2716 4107; x_wconf 87' lang='lat' dir='ltr'><strong>repugnantem</strong></span> <span class='ocrx_word' id='word_1_772' title='bbox 2745 4036 2843 4106; x_wconf 87' lang='lat' dir='ltr'><strong>legi</strong></span> <span class='ocrx_word' id='word_1_773' title='bbox 2862 4036 3056 4090; x_wconf 89' lang='lat' dir='ltr'><strong>mentis</strong></span> <span class='ocrx_word' id='word_1_774' title='bbox 3082 4051 3234 4101; x_wconf 67' lang='lat' dir='ltr'><strong>mete,</strong></span> <span class='ocrx_word' id='word_1_775' title='bbox 3263 4048 3314 4091; x_wconf 90' lang='lat' dir='ltr'><strong>et</strong></span> <span class='ocrx_word' id='word_1_776' title='bbox 3335 4037 3600 4105; x_wconf 88' lang='lat' dir='ltr'><strong>captivum</strong></span> 
     </span>
    </p>
   </div>
   <div class='ocr_carea' id='block_1_102' title="bbox 2026 4127 3604 4200">
    <p class='ocr_par' dir='ltr' id='par_1_102' title="bbox 2026 4127 3604 4200">
     <span class='ocr_line' id='line_1_102' title="bbox 2026 4127 3604 4200; baseline -0.001 -15"><span class='ocrx_word' id='word_1_777' title='bbox 2026 4146 2112 4185; x_wconf 87' lang='lat' dir='ltr'><strong>me</strong></span> <span class='ocrx_word' id='word_1_778' title='bbox 2154 4131 2431 4184; x_wconf 84' lang='lat' dir='ltr'><strong>ducentem</strong></span> <span class='ocrx_word' id='word_1_779' title='bbox 2466 4129 2516 4183; x_wconf 90' lang='lat' dir='ltr'><strong>in</strong></span> <span class='ocrx_word' id='word_1_780' title='bbox 2559 4130 2673 4199; x_wconf 83' lang='lat' dir='ltr'><strong>lege</strong></span> <span class='ocrx_word' id='word_1_781' title='bbox 2703 4128 2924 4199; x_wconf 83' lang='lat' dir='ltr'><strong>peccati.</strong></span> <span class='ocrx_word' id='word_1_782' title='bbox 2964 4146 2981 4181; x_wconf 75' lang='grc' dir='ltr'><strong><em>ι</em></strong></span> <span class='ocrx_word' id='word_1_783' title='bbox 3017 4128 3151 4200; x_wconf 90' lang='lat' dir='ltr'><strong>Quid</strong></span> <span class='ocrx_word' id='word_1_784' title='bbox 3196 4127 3346 4200; x_wconf 85' lang='lat' dir='ltr'><strong>agis?</strong></span> <span class='ocrx_word' id='word_1_785' title='bbox 3372 4129 3604 4184; x_wconf 86' lang='lat' dir='ltr'><strong>Contere</strong></span> 
     </span>
    </p>
   </div>
   <div class='ocr_carea' id='block_1_103' title="bbox 2026 4222 3598 4294">
    <p class='ocr_par' dir='ltr' id='par_1_103' title="bbox 2026 4222 3598 4294">
     <span class='ocr_line' id='line_1_103' title="bbox 2026 4222 3598 4294; baseline 0 -17"><span class='ocrx_word' id='word_1_786' title='bbox 2026 4238 2139 4289; x_wconf 84' lang='lat' dir='ltr'><strong>Cur,</strong></span> <span class='ocrx_word' id='word_1_787' title='bbox 2168 4223 2451 4287; x_wconf 87' lang='lat' dir='ltr'><strong>conﬁtere;</strong></span> <span class='ocrx_word' id='word_1_788' title='bbox 2483 4236 2600 4294; x_wconf 84' lang='lat' dir='ltr'><strong>age,</strong></span> <span class='ocrx_word' id='word_1_789' title='bbox 2627 4222 2716 4277; x_wconf 89' lang='lat' dir='ltr'><strong>die</strong></span> <span class='ocrx_word' id='word_1_790' title='bbox 2745 4223 3017 4292; x_wconf 88' lang='lat' dir='ltr'><strong>sequentia</strong></span> <span class='ocrx_word' id='word_1_791' title='bbox 3042 4240 3057 4277; x_wconf 91' lang='lat'><em>:</em></span> <span class='ocrx_word' id='word_1_792' title='bbox 3084 4222 3277 4292; x_wconf 74' lang='lat' dir='ltr'><strong>Infelix</strong></span> <span class='ocrx_word' id='word_1_793' title='bbox 3314 4238 3404 4294; x_wconf 80' lang='lat' dir='ltr'><strong>ego</strong></span> <span class='ocrx_word' id='word_1_794' title='bbox 3431 4222 3598 4289; x_wconf 85' lang='lat' dir='ltr'><strong>homo,</strong></span> 
     </span>
    </p>
   </div>
   <div class='ocr_carea' id='block_1_104' title="bbox 2028 4312 3605 4386">
    <p class='ocr_par' dir='ltr' id='par_1_104' title="bbox 2028 4312 3605 4386">
     <span class='ocr_line' id='line_1_104' title="bbox 2028 4312 3605 4386; baseline 0.001 -19"><span class='ocrx_word' id='word_1_795' title='bbox 2028 4314 2136 4383; x_wconf 81' lang='lat' dir='ltr'><strong>quis</strong></span> <span class='ocrx_word' id='word_1_796' title='bbox 2176 4331 2252 4368; x_wconf 84' lang='lat' dir='ltr'><strong>me</strong></span> <span class='ocrx_word' id='word_1_797' title='bbox 2277 4312 2502 4367; x_wconf 84' lang='lat' dir='ltr'><strong>liberabit</strong></span> <span class='ocrx_word' id='word_1_798' title='bbox 2527 4312 2590 4368; x_wconf 87' lang='lat' dir='ltr'><strong>de</strong></span> <span class='ocrx_word' id='word_1_799' title='bbox 2636 4326 2847 4384; x_wconf 81' lang='lat' dir='ltr'><strong>corpore</strong></span> <span class='ocrx_word' id='word_1_800' title='bbox 2885 4315 3058 4369; x_wconf 84' lang='lat' dir='ltr'><strong>mortis</strong></span> <span class='ocrx_word' id='word_1_801' title='bbox 3088 4314 3279 4386; x_wconf 72' lang='lat' dir='ltr'><strong>hujus?</strong></span> <span class='ocrx_word' id='word_1_802' title='bbox 3315 4313 3427 4369; x_wconf 90' lang='lat' dir='ltr'><strong>Hoc</strong></span> <span class='ocrx_word' id='word_1_803' title='bbox 3458 4314 3605 4376; x_wconf 80' lang='lat' dir='ltr'><strong>enim</strong></span> 
     </span>
    </p>
   </div>
   <div class='ocr_carea' id='block_1_105' title="bbox 2029 4404 3607 4483">
    <p class='ocr_par' dir='ltr' id='par_1_105' title="bbox 2029 4404 3607 4483">
     <span class='ocr_line' id='line_1_105' title="bbox 2029 4404 3607 4483; baseline 0.001 -24"><span class='ocrx_word' id='word_1_804' title='bbox 2029 4405 2225 4468; x_wconf 88' lang='lat' dir='ltr'><strong>dicere,</strong></span> <span class='ocrx_word' id='word_1_805' title='bbox 2260 4404 2452 4475; x_wconf 75' lang='lat' dir='ltr'><strong>Infelix</strong></span> <span class='ocrx_word' id='word_1_806' title='bbox 2485 4405 2652 4469; x_wconf 86' lang='lat' dir='ltr'><strong>homo,</strong></span> <span class='ocrx_word' id='word_1_807' title='bbox 2679 4405 2788 4475; x_wconf 87' lang='lat' dir='ltr'><strong>jam</strong></span> <span class='ocrx_word' id='word_1_808' title='bbox 2817 4418 2910 4461; x_wconf 89' lang='lat' dir='ltr'><strong>cor</strong></span> <span class='ocrx_word' id='word_1_809' title='bbox 2937 4412 3214 4461; x_wconf 87' lang='lat' dir='ltr'><strong>conterere</strong></span> <span class='ocrx_word' id='word_1_810' title='bbox 3234 4414 3333 4460; x_wconf 89' lang='lat' dir='ltr'><strong>est.</strong></span> <span class='ocrx_word' id='word_1_811' title='bbox 3370 4405 3460 4483; x_wconf 84' lang='lat' dir='ltr'><strong>Ille</strong></span> <span class='ocrx_word' id='word_1_812' title='bbox 3486 4421 3607 4477; x_wconf 89' lang='lat' dir='ltr'><strong>spe-</strong></span> 
     </span>
    </p>
   </div>
   <div class='ocr_carea' id='block_1_106' title="bbox 2028 4490 3602 4568">
    <p class='ocr_par' dir='ltr' id='par_1_106' title="bbox 2028 4490 3602 4568">
     <span class='ocr_line' id='line_1_106' title="bbox 2028 4490 3602 4568; baseline 0.002 -19"><span class='ocrx_word' id='word_1_813' title='bbox 2028 4507 2110 4550; x_wconf 85' lang='lat' dir='ltr'><strong>ret</strong></span> <span class='ocrx_word' id='word_1_814' title='bbox 2140 4496 2463 4562; x_wconf 83' lang='lat' dir='ltr'><strong>Ielicitatem,</strong></span> <span class='ocrx_word' id='word_1_815' title='bbox 2494 4497 2580 4567; x_wconf 92' lang='lat' dir='ltr'><strong>qui</strong></span> <span class='ocrx_word' id='word_1_816' title='bbox 2607 4496 2891 4552; x_wconf 79' lang='lat' dir='ltr'><strong>conﬁtetur</strong></span> <span class='ocrx_word' id='word_1_817' title='bbox 2919 4490 3303 4554; x_wconf 76' lang='lat' dir='ltr'><strong>infelicitatem.</strong></span> <span class='ocrx_word' id='word_1_818' title='bbox 3335 4498 3426 4553; x_wconf 89' lang='lat' dir='ltr'><strong>Dic</strong></span> <span class='ocrx_word' id='word_1_819' title='bbox 3454 4510 3602 4568; x_wconf 83' lang='lat' dir='ltr'><strong>ergo,</strong></span> 
     </span>
    </p>
   </div>
   <div class='ocr_carea' id='block_1_107' title="bbox 2029 4586 3607 4660">
    <p class='ocr_par' dir='ltr' id='par_1_107' title="bbox 2029 4586 3607 4660">
     <span class='ocr_line' id='line_1_107' title="bbox 2029 4586 3607 4660; baseline 0.003 -19"><span class='ocrx_word' id='word_1_820' title='bbox 2029 4586 2223 4657; x_wconf 68' lang='lat' dir='ltr'><strong>Infelix</strong></span> <span class='ocrx_word' id='word_1_821' title='bbox 2252 4604 2341 4659; x_wconf 82' lang='lat' dir='ltr'><strong>ego</strong></span> <span class='ocrx_word' id='word_1_822' title='bbox 2382 4590 2549 4655; x_wconf 84' lang='lat' dir='ltr'><strong>homo,</strong></span> <span class='ocrx_word' id='word_1_823' title='bbox 2584 4591 2694 4660; x_wconf 87' lang='lat' dir='ltr'><strong>quis</strong></span> <span class='ocrx_word' id='word_1_824' title='bbox 2731 4606 2808 4644; x_wconf 89' lang='lat' dir='ltr'><strong>me</strong></span> <span class='ocrx_word' id='word_1_825' title='bbox 2835 4590 3059 4645; x_wconf 83' lang='lat' dir='ltr'><strong>liberabit</strong></span> <span class='ocrx_word' id='word_1_826' title='bbox 3088 4591 3151 4644; x_wconf 86' lang='lat' dir='ltr'><strong>de</strong></span> <span class='ocrx_word' id='word_1_827' title='bbox 3193 4606 3404 4660; x_wconf 86' lang='lat' dir='ltr'><strong>corpore</strong></span> <span class='ocrx_word' id='word_1_828' title='bbox 3432 4588 3607 4646; x_wconf 80' lang='lat' dir='ltr'><strong>mortis</strong></span> 
     </span>
    </p>
   </div>
   <div class='ocr_carea' id='block_1_108' title="bbox 2033 4668 3609 4752">
    <p class='ocr_par' dir='ltr' id='par_1_108' title="bbox 2033 4668 3609 4752">
     <span class='ocr_line' id='line_1_108' title="bbox 2033 4668 3609 4752; baseline 0.002 -19"><span class='ocrx_word' id='word_1_829' title='bbox 2033 4681 2223 4751; x_wconf 82' lang='lat' dir='ltr'><strong>hujus;</strong></span> <span class='ocrx_word' id='word_1_830' title='bbox 2267 4690 2325 4733; x_wconf 91' lang='lat' dir='ltr'><strong>ut</strong></span> <span class='ocrx_word' id='word_1_831' title='bbox 2362 4681 2746 4751; x_wconf 87' lang='lat' dir='ltr'><strong>respondeatur</strong></span> <span class='ocrx_word' id='word_1_832' title='bbox 2786 4682 2901 4745; x_wconf 84' lang='lat' dir='ltr'><strong>tibi,</strong></span> <span class='ocrx_word' id='word_1_833' title='bbox 2953 4682 3128 4735; x_wconf 85' lang='lat' dir='ltr'><strong>Gratia</strong></span> <span class='ocrx_word' id='word_1_834' title='bbox 3157 4668 3273 4747; x_wconf 85' lang='lat' dir='ltr'><strong>Dei,</strong></span> <span class='ocrx_word' id='word_1_835' title='bbox 3316 4698 3404 4752; x_wconf 85' lang='lat' dir='ltr'><strong>per</strong></span> <span class='ocrx_word' id='word_1_836' title='bbox 3431 4680 3609 4736; x_wconf 76' lang='lat' dir='ltr'><strong>Iesum</strong></span> 
     </span>
    </p>
   </div>
   <div class='ocr_carea' id='block_1_109' title="bbox 2033 4768 3618 4844">
    <p class='ocr_par' dir='ltr' id='par_1_109' title="bbox 2033 4768 3618 4844">
     <span class='ocr_line' id='line_1_109' title="bbox 2033 4768 3618 4844; baseline 0.001 -19"><span class='ocrx_word' id='word_1_837' title='bbox 2033 4770 2286 4825; x_wconf 84' lang='lat' dir='ltr'><strong>Christum</strong></span> <span class='ocrx_word' id='word_1_838' title='bbox 2312 4771 2587 4827; x_wconf 86' lang='lat' dir='ltr'><strong>Dominum</strong></span> <span class='ocrx_word' id='word_1_839' title='bbox 2631 4782 2856 4827; x_wconf 89' lang='lat' dir='ltr'><strong>nostrum</strong></span> <span class='ocrx_word' id='word_1_840' title='bbox 2883 4770 3057 4842; x_wconf 85' lang='lat' dir='ltr'><strong>(Rom.</strong></span> <span class='ocrx_word' id='word_1_841' title='bbox 3091 4786 3186 4837; x_wconf 87' lang='lat' dir='ltr'><strong>vn,</strong></span> <span class='ocrx_word' id='word_1_842' title='bbox 3216 4768 3427 4843; x_wconf 63' lang='lat'><strong>22—95).</strong></span> <span class='ocrx_word' id='word_1_843' title='bbox 3461 4772 3618 4844; x_wconf 28' lang='lat' dir='ltr'><strong>Quos</strong></span> 
     </span>
    </p>
   </div>
   <div class='ocr_carea' id='block_1_110' title="bbox 2031 4862 3610 4937">
    <p class='ocr_par' dir='ltr' id='par_1_110' title="bbox 2031 4862 3610 4937">
     <span class='ocr_line' id='line_1_110' title="bbox 2031 4862 3610 4937; baseline 0.001 -19"><span class='ocrx_word' id='word_1_844' title='bbox 2031 4864 2189 4918; x_wconf 90' lang='lat' dir='ltr'><strong>modo</strong></span> <span class='ocrx_word' id='word_1_845' title='bbox 2211 4872 2383 4917; x_wconf 89' lang='lat' dir='ltr'><strong>autem</strong></span> <span class='ocrx_word' id='word_1_846' title='bbox 2421 4864 2662 4919; x_wconf 87' lang='lat' dir='ltr'><strong>liberabit</strong></span> <span class='ocrx_word' id='word_1_847' title='bbox 2692 4865 2802 4933; x_wconf 90' lang='lat' dir='ltr'><strong>ipsa</strong></span> <span class='ocrx_word' id='word_1_848' title='bbox 2842 4862 3009 4937; x_wconf 82' lang='lat' dir='ltr'><strong>gratia</strong></span> <span class='ocrx_word' id='word_1_849' title='bbox 3051 4863 3163 4927; x_wconf 88' lang='lat' dir='ltr'><strong>Dei,</strong></span> <span class='ocrx_word' id='word_1_850' title='bbox 3195 4862 3335 4918; x_wconf 87' lang='lat' dir='ltr'><strong>unde</strong></span> <span class='ocrx_word' id='word_1_851' title='bbox 3362 4874 3502 4919; x_wconf 82' lang='lat' dir='ltr'><strong>nunc</strong></span> <span class='ocrx_word' id='word_1_852' title='bbox 3532 4864 3610 4934; x_wconf 84' lang='lat' dir='ltr'><strong>pi-</strong></span> 
     </span>
    </p>
   </div>
   <div class='ocr_carea' id='block_1_111' title="bbox 2031 4942 3610 5029">
    <p class='ocr_par' dir='ltr' id='par_1_111' title="bbox 2031 4942 3610 5029">
     <span class='ocr_line' id='line_1_111' title="bbox 2031 4942 3610 5029; baseline 0.002 -21"><span class='ocrx_word' id='word_1_853' title='bbox 2031 4970 2166 5025; x_wconf 88' lang='lat' dir='ltr'><strong>gnus</strong></span> <span class='ocrx_word' id='word_1_854' title='bbox 2206 4954 2547 5024; x_wconf 86' lang='lat' dir='ltr'><strong>accepimus?</strong></span> <span class='ocrx_word' id='word_1_855' title='bbox 2576 4955 2712 5009; x_wconf 87' lang='lat' dir='ltr'><strong>Audi</strong></span> <span class='ocrx_word' id='word_1_856' title='bbox 2754 4954 3000 5011; x_wconf 87' lang='lat' dir='ltr'><strong>eumdem</strong></span> <span class='ocrx_word' id='word_1_857' title='bbox 3037 4942 3348 5029; x_wconf 89' lang='lat' dir='ltr'><strong>Apostolnm</strong></span> <span class='ocrx_word' id='word_1_858' title='bbox 3380 4974 3393 5011; x_wconf 94' lang='lat'>:</span> <span class='ocrx_word' id='word_1_859' title='bbox 3425 4975 3443 5010; x_wconf 69' lang='grc' dir='ltr'>ί</span> <span class='ocrx_word' id='word_1_860' title='bbox 3472 4954 3610 5013; x_wconf 84' lang='lat' dir='ltr'><strong>Cor-</strong></span> 
     </span>
    </p>
   </div>
   <div class='ocr_carea' id='block_1_112' title="bbox 2037 5032 3610 5121">
    <p class='ocr_par' dir='ltr' id='par_1_112' title="bbox 2037 5032 3610 5121">
     <span class='ocr_line' id='line_1_112' title="bbox 2037 5032 3610 5121; baseline 0.003 -23"><span class='ocrx_word' id='word_1_861' title='bbox 2037 5061 2135 5116; x_wconf 90' lang='lat' dir='ltr'><strong>pus</strong></span> <span class='ocrx_word' id='word_1_862' title='bbox 2162 5045 2397 5116; x_wconf 90' lang='lat' dir='ltr'><strong>quidem,</strong></span> <span class='ocrx_word' id='word_1_863' title='bbox 2430 5065 2450 5099; x_wconf 74' lang='grc'><strong>»</strong></span> <span class='ocrx_word' id='word_1_864' title='bbox 2481 5045 2669 5115; x_wconf 85' lang='lat' dir='ltr'><strong>inquit,</strong></span> <span class='ocrx_word' id='word_1_865' title='bbox 2706 5063 2724 5097; x_wconf 73' lang='grc' dir='ltr'>ι</span> <span class='ocrx_word' id='word_1_866' title='bbox 2762 5032 3027 5101; x_wconf 81' lang='lat' dir='ltr'><strong>mertuum</strong></span> <span class='ocrx_word' id='word_1_867' title='bbox 3071 5054 3152 5101; x_wconf 84' lang='lat' dir='ltr'><strong>est</strong></span> <span class='ocrx_word' id='word_1_868' title='bbox 3181 5055 3398 5118; x_wconf 86' lang='lat' dir='ltr'><strong>propter</strong></span> <span class='ocrx_word' id='word_1_869' title='bbox 3420 5062 3610 5121; x_wconf 88' lang='lat' dir='ltr'><strong>pecca-</strong></span> 
     </span>
    </p>
   </div>
   <div class='ocr_carea' id='block_1_113' title="bbox 2034 5124 3613 5211">
    <p class='ocr_par' dir='ltr' id='par_1_113' title="bbox 2034 5124 3613 5211">
     <span class='ocr_line' id='line_1_113' title="bbox 2034 5124 3613 5211; baseline 0.003 -20"><span class='ocrx_word' id='word_1_870' title='bbox 2034 5145 2182 5202; x_wconf 88' lang='lat' dir='ltr'><strong>tum;</strong></span> <span class='ocrx_word' id='word_1_871' title='bbox 2233 5137 2447 5211; x_wconf 89' lang='lat' dir='ltr'><strong>spiritus</strong></span> <span class='ocrx_word' id='word_1_872' title='bbox 2492 5147 2669 5191; x_wconf 90' lang='lat' dir='ltr'><strong>autem</strong></span> <span class='ocrx_word' id='word_1_873' title='bbox 2713 5135 2817 5191; x_wconf 89' lang='lat' dir='ltr'><strong>vita</strong></span> <span class='ocrx_word' id='word_1_874' title='bbox 2863 5143 2946 5191; x_wconf 88' lang='lat' dir='ltr'><strong>est</strong></span> <span class='ocrx_word' id='word_1_875' title='bbox 2998 5144 3210 5208; x_wconf 88' lang='lat' dir='ltr'><strong>propter</strong></span> <span class='ocrx_word' id='word_1_876' title='bbox 3230 5137 3510 5208; x_wconf 88' lang='lat' dir='ltr'><strong>justitiam.</strong></span> <span class='ocrx_word' id='word_1_877' title='bbox 3554 5124 3613 5196; x_wconf 84' lang='lat' dir='ltr'><strong>St</strong></span> 
     </span>
    </p>
   </div>
   <div class='ocr_carea' id='block_1_114' title="bbox 2036 5218 3613 5303">
    <p class='ocr_par' dir='ltr' id='par_1_114' title="bbox 2036 5218 3613 5303">
     <span class='ocr_line' id='line_1_114' title="bbox 2036 5218 3613 5303; baseline 0.002 -20"><span class='ocrx_word' id='word_1_878' title='bbox 2036 5243 2163 5299; x_wconf 87' lang='lat' dir='ltr'><strong>ergo</strong></span> <span class='ocrx_word' id='word_1_879' title='bbox 2194 5227 2421 5300; x_wconf 88' lang='lat' dir='ltr'><strong>Spiritus</strong></span> <span class='ocrx_word' id='word_1_880' title='bbox 2459 5228 2573 5301; x_wconf 85' lang='lat' dir='ltr'><strong>ejus</strong></span> <span class='ocrx_word' id='word_1_881' title='bbox 2602 5229 2691 5300; x_wconf 92' lang='lat' dir='ltr'><strong>qui</strong></span> <span class='ocrx_word' id='word_1_882' title='bbox 2720 5218 3005 5303; x_wconf 86' lang='lat' dir='ltr'><strong>suscitavit</strong></span> <span class='ocrx_word' id='word_1_883' title='bbox 3033 5228 3217 5284; x_wconf 80' lang='lat' dir='ltr'><strong>Iesum</strong></span> <span class='ocrx_word' id='word_1_884' title='bbox 3247 5228 3515 5286; x_wconf 87' lang='lat' dir='ltr'><strong>Christum</strong></span> <span class='ocrx_word' id='word_1_885' title='bbox 3548 5242 3613 5286; x_wconf 84' lang='lat' dir='ltr'><strong>ex</strong></span> 
     </span>
    </p>
   </div>
   <div class='ocr_carea' id='block_1_115' title="bbox 2036 5306 3617 5391">
    <p class='ocr_par' dir='ltr' id='par_1_115' title="bbox 2036 5306 3617 5391">
     <span class='ocr_line' id='line_1_115' title="bbox 2036 5306 3617 5391; baseline 0 -17"><span class='ocrx_word' id='word_1_886' title='bbox 2036 5320 2280 5383; x_wconf 89' lang='lat' dir='ltr'><strong>mortuis,</strong></span> <span class='ocrx_word' id='word_1_887' title='bbox 2317 5318 2517 5373; x_wconf 89' lang='lat' dir='ltr'><strong>habitat</strong></span> <span class='ocrx_word' id='word_1_888' title='bbox 2547 5316 2598 5373; x_wconf 86' lang='lat' dir='ltr'><strong>in</strong></span> <span class='ocrx_word' id='word_1_889' title='bbox 2630 5319 2814 5384; x_wconf 84' lang='lat' dir='ltr'><strong>vobis;</strong></span> <span class='ocrx_word' id='word_1_890' title='bbox 2842 5320 2931 5391; x_wconf 90' lang='lat' dir='ltr'><strong>qui</strong></span> <span class='ocrx_word' id='word_1_891' title='bbox 2958 5320 3234 5377; x_wconf 86' lang='lat' dir='ltr'><strong>suscitavit</strong></span> <span class='ocrx_word' id='word_1_892' title='bbox 3260 5314 3441 5387; x_wconf 74' lang='lat' dir='ltr'><strong>Iesum</strong></span> <span class='ocrx_word' id='word_1_893' title='bbox 3468 5306 3617 5376; x_wconf 80' lang='lat' dir='ltr'><strong>Chri-</strong></span> 
     </span>
    </p>
   </div>
   <div class='ocr_carea' id='block_1_116' title="bbox 2037 5406 3615 5482">
    <p class='ocr_par' dir='ltr' id='par_1_116' title="bbox 2037 5406 3615 5482">
     <span class='ocr_line' id='line_1_116' title="bbox 2037 5406 3615 5482; baseline -0.001 -17"><span class='ocrx_word' id='word_1_894' title='bbox 2037 5420 2175 5465; x_wconf 86' lang='lat' dir='ltr'><strong>stum</strong></span> <span class='ocrx_word' id='word_1_895' title='bbox 2205 5425 2233 5463; x_wconf 91' lang='lat' dir='ltr'><strong>a</strong></span> <span class='ocrx_word' id='word_1_896' title='bbox 2266 5409 2510 5477; x_wconf 89' lang='lat' dir='ltr'><strong>mortuis,</strong></span> <span class='ocrx_word' id='word_1_897' title='bbox 2544 5406 2830 5465; x_wconf 82' lang='lat' dir='ltr'><strong>vivificabit</strong></span> <span class='ocrx_word' id='word_1_898' title='bbox 2873 5418 2927 5465; x_wconf 90' lang='lat' dir='ltr'><strong>ct</strong></span> <span class='ocrx_word' id='word_1_899' title='bbox 2968 5412 3213 5467; x_wconf 88' lang='lat' dir='ltr'><strong>mortalia</strong></span> <span class='ocrx_word' id='word_1_900' title='bbox 3257 5422 3483 5482; x_wconf 89' lang='lat' dir='ltr'><strong>corpora</strong></span> <span class='ocrx_word' id='word_1_901' title='bbox 3518 5423 3615 5464; x_wconf 86' lang='lat' dir='ltr'><strong>ve-</strong></span> 
     </span>
    </p>
   </div>
   <div class='ocr_carea' id='block_1_117' title="bbox 2039 5500 3608 5573">
    <p class='ocr_par' dir='ltr' id='par_1_117' title="bbox 2039 5500 3608 5573">
     <span class='ocr_line' id='line_1_117' title="bbox 2039 5500 3608 5573; baseline 0 -18"><span class='ocrx_word' id='word_1_902' title='bbox 2039 5509 2183 5567; x_wconf 88' lang='lat' dir='ltr'><strong>stra,</strong></span> <span class='ocrx_word' id='word_1_903' title='bbox 2238 5516 2333 5570; x_wconf 90' lang='lat' dir='ltr'><strong>per</strong></span> <span class='ocrx_word' id='word_1_904' title='bbox 2383 5500 2765 5555; x_wconf 87' lang='lat' dir='ltr'><strong>inhabitantem</strong></span> <span class='ocrx_word' id='word_1_905' title='bbox 2819 5500 3073 5571; x_wconf 88' lang='lat' dir='ltr'><strong>Spiritum</strong></span> <span class='ocrx_word' id='word_1_906' title='bbox 3140 5503 3256 5573; x_wconf 83' lang='lat' dir='ltr'><strong>ejus</strong></span> <span class='ocrx_word' id='word_1_907' title='bbox 3306 5504 3357 5557; x_wconf 92' lang='lat' dir='ltr'><strong>in</strong></span> <span class='ocrx_word' id='word_1_908' title='bbox 3402 5500 3553 5556; x_wconf 84' lang='lat' dir='ltr'><strong>vobis</strong></span> <span class='ocrx_word' id='word_1_909' title='bbox 3587 5519 3608 5555; x_wconf 76' lang='grc' dir='ltr'><strong><em>ι</em></strong></span> 
     </span>
    </p>
   </div>
   <div class='ocr_carea' id='block_1_118' title="bbox 2044 5594 3620 5668">
    <p class='ocr_par' dir='ltr' id='par_1_118' title="bbox 2044 5594 3620 5668">
     <span class='ocr_line' id='line_1_118' title="bbox 2044 5594 3620 5668; baseline 0.002 -19"><span class='ocrx_word' id='word_1_910' title='bbox 2044 5594 2151 5668; x_wconf 88' lang='lat' dir='ltr'><strong>(Id.</strong></span> <span class='ocrx_word' id='word_1_911' title='bbox 2189 5611 2303 5661; x_wconf 81' lang='lat' dir='ltr'><strong>vui,</strong></span> <span class='ocrx_word' id='word_1_912' title='bbox 2335 5595 2420 5661; x_wconf 72' lang='lat'><strong>10,</strong></span> <span class='ocrx_word' id='word_1_913' title='bbox 2452 5596 2566 5664; x_wconf 79' lang='lat' dir='ltr'><strong>tl).</strong></span> <span class='ocrx_word' id='word_1_914' title='bbox 2610 5594 2722 5650; x_wconf 83' lang='lat' dir='ltr'><strong>Hoc</strong></span> <span class='ocrx_word' id='word_1_915' title='bbox 2762 5610 2890 5666; x_wconf 87' lang='lat' dir='ltr'><strong>ergo</strong></span> <span class='ocrx_word' id='word_1_916' title='bbox 2923 5597 3111 5667; x_wconf 88' lang='lat' dir='ltr'><strong>pignus</strong></span> <span class='ocrx_word' id='word_1_917' title='bbox 3157 5595 3361 5665; x_wconf 80' lang='lat' dir='ltr'><strong>accepit</strong></span> <span class='ocrx_word' id='word_1_918' title='bbox 3399 5594 3620 5665; x_wconf 81' lang='lat' dir='ltr'><strong>spiritus</strong></span> 
     </span>
    </p>
   </div>
   <div class='ocr_carea' id='block_1_119' title="bbox 2040 5683 3622 5762">
    <p class='ocr_par' dir='ltr' id='par_1_119' title="bbox 2040 5683 3622 5762">
     <span class='ocr_line' id='line_1_119' title="bbox 2040 5683 3622 5762; baseline 0.001 -21"><span class='ocrx_word' id='word_1_919' title='bbox 2040 5696 2241 5753; x_wconf 88' lang='lat' dir='ltr'><strong>noster,</strong></span> <span class='ocrx_word' id='word_1_920' title='bbox 2280 5694 2335 5739; x_wconf 91' lang='lat' dir='ltr'><strong>ut</strong></span> <span class='ocrx_word' id='word_1_921' title='bbox 2359 5687 2675 5756; x_wconf 88' lang='lat' dir='ltr'><strong>incipiamus</strong></span> <span class='ocrx_word' id='word_1_922' title='bbox 2703 5685 2805 5742; x_wconf 86' lang='lat' dir='ltr'><strong>ﬁde</strong></span> <span class='ocrx_word' id='word_1_923' title='bbox 2844 5689 3041 5742; x_wconf 82' lang='lat' dir='ltr'><strong>servire</strong></span> <span class='ocrx_word' id='word_1_924' title='bbox 3069 5686 3197 5751; x_wconf 88' lang='lat' dir='ltr'><strong>Deo,</strong></span> <span class='ocrx_word' id='word_1_925' title='bbox 3224 5694 3278 5742; x_wconf 91' lang='lat' dir='ltr'><strong>et</strong></span> <span class='ocrx_word' id='word_1_926' title='bbox 3304 5700 3366 5742; x_wconf 84' lang='lat' dir='ltr'><strong>ex</strong></span> <span class='ocrx_word' id='word_1_927' title='bbox 3395 5683 3498 5743; x_wconf 81' lang='lat' dir='ltr'><strong>lidc</strong></span> <span class='ocrx_word' id='word_1_928' title='bbox 3526 5699 3622 5762; x_wconf 77' lang='lat' dir='ltr'><strong>ap-</strong></span> 
     </span>
    </p>
   </div>
   <div class='ocr_carea' id='block_1_120' title="bbox 2112 5825 2789 5887">
    <p class='ocr_par' dir='ltr' id='par_1_120' title="bbox 2112 5825 2789 5887">
     <span class='ocr_line' id='line_1_120' title="bbox 2112 5825 2789 5887; baseline -0.001 -14"><span class='ocrx_word' id='word_1_929' title='bbox 2112 5833 2124 5857; x_wconf 89' lang='grc' dir='ltr'>ι</span> <span class='ocrx_word' id='word_1_930' title='bbox 2155 5825 2341 5887; x_wconf 74' lang='lat' dir='ltr'><strong>Aliquot</strong></span> <span class='ocrx_word' id='word_1_931' title='bbox 2362 5831 2487 5885; x_wconf 66' lang='lat' dir='ltr'><strong>Mss,</strong></span> <span class='ocrx_word' id='word_1_932' title='bbox 2508 5832 2789 5875; x_wconf 83' lang='lat' dir='ltr'><strong>correctum.</strong></span> 
     </span>
    </p>
   </div>
  </div>
