4084 6466
637 369 775 430 1905

633 483 820 553 pellari
844 478 970 551 justi
1001 498 1012 533 :
1041 480 1284 549 quoniam
1314 479 1478 547 iustus
1492 492 1553 532 ex
1578 478 1677 531 fide
1696 478 1819 531 vivit
1838 477 2005 548 (Rom.
2024 495 2060 541 l,
2079 479 2188 545 17).

631 571 894 642 Quidquid
924 578 1096 625 autem
1127 569 1278 623 nobis
1306 569 1475 623 adhuc
1504 577 1757 638 repugnat
1790 578 1845 623 et
1880 570 2097 633 resistit,
2126 568 2193 622 de

632 664 954 719 mortalitate
992 661 1165 716 carnis
1209 669 1327 725 est;
1365 669 1419 714 et
1455 659 1555 714 hoc
1582 660 1869 713 sanabitur.
1910 658 2189 727 Viviﬁcabit

631 755 791 819 enim,
823 752 1007 820 inquit,
1051 761 1098 805 et
1141 750 1374 804 mortalia
1412 766 1625 819 corpora
1644 760 1825 815 vestra,
1867 766 1953 817 per
1993 748 2191 802 inhabi-

630 851 815 897 tantem
838 840 1084 911 Spiritum
1103 841 1210 910 ejus
1238 841 1291 893 in
1322 840 1475 892 vobis.
1498 838 1577 893 Ad
1602 839 1703 893 hoc
1720 840 1905 908 pignus
1935 837 2099 902 dedit,
2132 845 2189 891 ut

626 932 891 999 compleat
914 930 1053 1000 quod
1086 929 1346 999 promisit.
1370 930 1503 997 Quid
1531 945 1658 999 ergo
1686 945 1825 985 nunc
1854 930 1906 983 in
1935 929 2031 983 hac
2058 930 2186 995 vita,

624 1022 835 1093 quando
857 1022 1029 1076 adhuc
1065 1020 1396 1077 confessores
1430 1037 1632 1086 sumus,
1656 1021 1891 1075 nondum
1917 1034 2191 1090 possesso-

624 1130 731 1179 res,
759 1113 884 1183 quid
911 1114 962 1167 in
984 1114 1082 1168 hac
1098 1114 1227 1178 vita,
1249 1112 1372 1182 quid
1398 1112 1523 1167 fiet?
1548 1112 1822 1180 Quomodo
1844 1112 2112 1165 curabitur
2135 1110 2189 1165 ‘?

625 1206 789 1261 Sanat
817 1204 1053 1259 contritas
1082 1204 1269 1267 corde;
1298 1203 1389 1257 sed
1420 1202 1647 1272 perfecta
1687 1203 1882 1256 sanitas
1913 1210 2037 1256 tunc
2061 1201 2182 1266 erit,

623 1294 837 1364 quando
861 1294 1107 1349 diximus.
1135 1293 1281 1347 Nunc
1309 1306 1433 1363 ergo
1461 1291 1621 1361 quid?
1648 1291 1837 1361 Alligat
1862 1291 2179 1345 contritiones

622 1401 816 1439 coruus.
849 1383 946 1451 Qui
978 1390 1147 1447 curat,
1194 1382 1379 1451 inquit,
1435 1382 1689 1436 contritos
1739 1381 1917 1447 corde,
1960 1394 2185 1450 quorum

622 1477 852 1546 perfecta
883 1476 1078 1530 sanitas
1104 1476 1156 1527 in
1196 1474 1585 1529 resurrectione
1608 1473 1872 1543 justorum
1901 1473 2038 1538 erit;
2066 1472 2182 1526 alli-

618 1580 708 1639 gat
736 1568 892 1623 modo
920 1567 1263 1622 contritiones
1292 1582 1498 1619 eorum.

688 1662 739 1713 7.
765 1659 893 1726 Qua:
922 1667 1044 1712 sunt
1068 1659 1399 1729 alligamenta
1428 1657 1847 1712 contritionum?
1886 1658 2034 1713 Sicut
2053 1673 2170 1713 mc-

616 1750 718 1804 dici
750 1751 962 1819 alligant
988 1748 1265 1803 fracturas.
1308 1747 1601 1817 Aliquando
1622 1749 1797 1810 enim;
1830 1749 2086 1818 intelligat
2114 1756 2167 1803 et

618 1842 719 1896 hoc
740 1840 982 1895 Charitas
1007 1849 1179 1894 vestra
1202 1882 1214 1904 ,
1244 1848 1299 1893 et
1325 1849 1504 1893 notum
1529 1850 1609 1894 est
1631 1841 1707 1894 eis
1727 1841 1814 1909 qui
1841 1841 2178 1895 animadver-

622 1940 818 1993 terunt,
848 1931 928 1984 vel
956 1946 986 1984 a
1016 1930 1232 1984 medicis
1256 1930 1535 1983 audierunt
1568 1948 1578 1979 :
1608 1930 1888 1999 aliquando
1930 1945 2088 1998 prave
2126 1940 2178 1985 et

614 2023 837 2076 distorto
864 2021 1087 2084 ﬁrmata,
1112 2030 1167 2073 ut
1191 2022 1457 2091 corrigaut
1481 2020 1693 2085 medici,
1720 2020 1985 2091 frangunt,
2015 2030 2068 2075 et
2101 2020 2177 2074 fa—

614 2114 760 2168 ciunt
784 2114 971 2167 vulnus
990 2127 1201 2178 novum,
1224 2113 1345 2181 quia
1373 2112 1507 2165 mala
1529 2120 1641 2165 erat
1661 2113 1857 2165 sanitas
1886 2127 2064 2179 prava.
2088 2112 2178 2166 Sic

612 2220 740 2274 ergo
783 2214 929 2258 recta:
969 2214 1102 2268 sunt,
1151 2204 1317 2272 inquit
1362 2202 1649 2271 Scriptura,
1681 2204 1773 2255 via:
1818 2202 2054 2266 Domini;
2088 2203 2176 2256 sed

612 2298 953 2368 pravicordius
1001 2297 1052 2349 in
1102 2296 1202 2349 illis
1242 2294 1664 2349 scandalizabitur
1698 2294 1868 2361 (Osea:
1894 2311 1977 2347 xw
2001 2336 2014 2355 ,
2046 2295 2173 2363 10).

610 2388 744 2455 Quid
775 2397 873 2449 cst,
904 2385 1243 2455 pravicordius
1264 2386 1287 2437 ?
1311 2383 1689 2446 Torticordius,
1721 2393 1911 2437 tortum
1958 2400 2049 2437 eor
2076 2383 2173 2437 ha-

607 2479 759 2532 hens.
808 2478 959 2531 Putat
1001 2485 1135 2530 torta
1171 2491 1289 2529 esse
1333 2476 1508 2527 omnia
1553 2490 1670 2543 qua:
1698 2475 1941 2528 dicuntur
1968 2491 1998 2527 a
2042 2475 2171 2539 Deo,

609 2577 756 2639 putat
782 2584 935 2637 prava
957 2583 1075 2622 esse
1100 2568 1273 2622 omnia
1298 2582 1416 2635 qua:
1458 2566 1577 2620 fecit
1610 2565 1769 2629 Deus,
1802 2575 1854 2620 et
1895 2564 2174 2633 displicent

609 2662 683 2713 illi
710 2660 886 2713 omnia
910 2659 1105 2727 judicia
1131 2658 1243 2721 Dei,
1273 2658 1600 2726 maximeque
1621 2657 1672 2710 in
1696 2658 1885 2725 quibus
1916 2657 2027 2725 ipse
2049 2671 2173 2710 cor-

606 2752 825 2819 ripitur;
850 2759 901 2805 et
928 2750 1095 2815 sedet,
1127 2758 1180 2802 et
1200 2748 1431 2817 disputat
1453 2763 1608 2817 quam
1636 2748 1771 2801 male
1803 2746 1957 2801 faciat
2004 2745 2163 2811 Deus,

604 2843 723 2910 quia
754 2859 853 2894 non
884 2856 977 2909 pro
1000 2842 1115 2909 ejus
1140 2840 1405 2894 voluntate
1431 2840 1567 2892 facit.
1600 2840 1887 2891 Distorlum
1917 2854 2008 2891 cor
2032 2880 2047 2902 ,
2081 2855 2171 2906 pa-

608 2946 723 2983 rum
750 2932 871 2983 est’
915 2930 1051 2999 quod
1100 2944 1202 2982 non
1247 2944 1305 2983 se
1329 2928 1541 2996 corrigit
1580 2927 1645 2980 ad
1679 2928 1838 2980 Deum
1866 2944 1878 2990 ;
1906 2936 1958 2979 et
2004 2928 2168 2981 Deum

604 3021 713 3073 vult
739 3020 1067 3089 distorquere
1093 3019 1157 3073 ad
1184 3035 1260 3073 sc.
1283 3018 1417 3085 Quid
1444 3033 1569 3087 ergo
1589 3018 1714 3071 dicit
1737 3018 1872 3070 Deus
1901 3018 2168 3086 desuper?

602 3112 794 3165 Tortus
832 3128 908 3176 es,
952 3127 1132 3180 aequus
1168 3126 1304 3165 sum.
1350 3110 1404 3165 Si
1437 3120 1491 3163 tu
1521 3120 1698 3164 rectus
1728 3125 1891 3173 esses,
1939 3110 2167 3163 sentires

602 3202 899 3271 aequitatem
948 3218 1138 3255 meam.
1207 3201 1656 3268 Quemadmodum
1698 3201 1742 3253 si
1775 3200 1825 3252 in
1870 3201 2167 3267 pavimento

601 3295 788 3363 :t-quali
822 3307 1047 3363 poneres
1081 3292 1356 3347 distortum
1390 3293 1608 3361 lignum,
1651 3307 1753 3344 non
1793 3291 2162 3353 collocaretur,

602 3387 831 3455 undique
861 3395 1085 3447 nutaret,
1122 3386 1349 3453 undique
1395 3386 1721 3454 agitaretur;
1753 3384 1893 3452 quod
1924 3400 2026 3437 non
2060 3384 2163 3437 loci

600 3476 945 3544 inaequalitas,
988 3475 1079 3527 sed
1108 3474 1346 3527 distortio
1374 3475 1499 3541 ligni
1546 3474 1666 3527 facit
1691 3492 1703 3528 :
1733 3475 1867 3527 sicut
1902 3476 1975 3526 ait
2018 3474 2163 3528 Scri-

599 3578 773 3636 ptura,
828 3565 989 3629 Quam
1026 3566 1180 3617 bonus
1224 3564 1384 3616 Israel
1419 3563 1556 3616 Deus
1597 3565 1741 3617 rectis
1787 3564 1935 3617 cortle
1985 3564 2162 3635 (Psal.

598 3673 773 3723 Lxxu,
798 3658 821 3711 1
851 3656 905 3724 )ι
939 3654 1073 3721 Quid
1104 3656 1271 3725 ergo?
1316 3663 1509 3708 tortum
1553 3668 1645 3707 cor
1689 3653 1953 3723 quomodo
1980 3654 2161 3723 dirigi—

600 3748 726 3802 tur?
755 3747 818 3800 Et
855 3754 1045 3800 tortum
1088 3752 1202 3809 est,
1242 3752 1296 3798 et
1324 3742 1513 3797 durum
1542 3761 1553 3795 :
1583 3743 1692 3811 jam
1736 3758 1861 3811 ergo
1892 3750 2083 3796 tortum
2111 3753 2164 3797 ct

598 3838 788 3892 durum
818 3837 1110 3905 frangatur,
1136 3842 1459 3895 conteratur,
1503 3842 1560 3886 ut
1590 3833 1864 3900 dirigatur.
1906 3832 1981 3885 Tu
2030 3833 2160 3887 diri-

594 3944 722 3998 gere
766 3943 857 3983 cor
896 3936 1041 3981 tuum
1072 3942 1176 3980 non
1221 3933 1417 3993 potes:
1462 3932 1516 3977 tu
1562 3923 1761 3993 frange,
1813 3924 1899 3978 ille
1951 3924 2159 3994 dirigat.

596 4020 872 4089 Quomodo
898 4029 950 4073 tu
994 4018 1232 4088 frangis?
1263 4015 1525 4085 quomodo
1565 4024 1617 4069 tu
1660 4016 1928 4069 conteris?
1983 4016 2163 4070 Conli-

598 4110 782 4175 tendo,
804 4109 1067 4179 puniendo
1089 4116 1301 4177 peccata
1324 4116 1429 4161 tua.
1460 4106 1594 4171 Quid
1618 4106 1759 4159 aliud
1787 4105 2047 4175 signiﬁcat
2070 4121 2161 4175 pe-

596 4210 803 4256 ctorum
838 4199 1055 4254 tuusio?
1083 4198 1193 4253 Nisi
1221 4197 1355 4252 forte
1384 4206 1625 4266 putamus
1645 4212 1763 4250 ossa
1777 4204 1954 4249 nostra
1967 4196 2161 4264 aliquid

595 4307 868 4364 peccasse,
898 4306 1021 4367 cum.
1040 4288 1293 4343 czedimus
1318 4297 1521 4357 pectus.
1552 4285 1655 4341 Sed
1686 4286 2038 4356 signiﬁcamus
2066 4298 2162 4339 nos

593 4398 691 4440 cor
717 4390 1011 4443 conterere,
1035 4390 1093 4434 ut
1117 4394 1145 4431 a
1177 4379 1401 4433 Domino
1430 4378 1701 4446 dirigatur.

671 4476 727 4530 8.
756 4474 919 4528 Sanat
939 4486 1066 4540 ergo
1091 4471 1325 4524 contritas
1352 4470 1520 4531 corde,
1552 4478 1606 4522 et
1630 4468 1912 4522 contritum
1944 4482 2035 4521 cor
2064 4466 2161 4521 ha-

596 4569 785 4623 bentes
810 4582 824 4629 ;
853 4573 905 4617 et
953 4562 1150 4616 sanitas
1193 4559 1356 4629 ipsius
1395 4557 1570 4612 cordis
1602 4568 1725 4611 tunc
1768 4558 1870 4611 erit
1906 4556 2160 4625 perfecta,

597 4674 719 4715 cum
749 4665 803 4712 et
824 4654 1058 4724 corporis
1102 4650 1366 4721 reparatio
1396 4648 1700 4716 implebitur
1744 4661 1862 4716 quae
1908 4646 2165 4716 promissa

599 4760 702 4805 est.
734 4748 883 4803 Nunc
912 4746 1115 4800 interea
1154 4740 1279 4811 quid
1304 4738 1427 4793 facit
1450 4737 1717 4791 medicus?
1754 4737 1940 4805 Alligat
1965 4737 2164 4791 contri-

597 4842 771 4895 tiones
799 4846 936 4901 tuas,
966 4842 1024 4888 ut
1047 4832 1219 4903 possis
1237 4828 1511 4900 pervenire
1531 4828 1595 4881 ad
1622 4828 1978 4896 plenissimam
2002 4826 2165 4879 firmi-

580 4905 760 4986 tatem
800 4928 822 4958 ³
852 4968 866 4993 ,
911 4925 1081 4981 donec
1100 4920 1457 4978 consolidetur
1484 4918 1622 4988 quod
1649 4918 1871 4972 fractum
1899 4926 1997 4981 est,
2025 4916 2165 4987 quod

597 5023 867 5091 alligatum
894 5027 993 5074 est.
1019 5016 1149 5084 Qure
1178 5026 1299 5069 sunt
1329 5015 1427 5067 ista
1456 5009 1831 5081 alligamenta?
1874 5008 2163 5078 Tempora-

596 5112 668 5168 lia
712 5112 1076 5166 Sacramenta.
1123 5106 1471 5175 Alligamenta
1519 5100 1847 5155 medieinalia
1878 5106 2000 5152 sunt
2038 5114 2167 5153 con-

595 5201 828 5258 lrilionis
848 5208 1072 5263 nostras,
1097 5196 1437 5251 Sacramenta
1461 5194 1670 5247 interim
1696 5190 2020 5261 temporalia,
2052 5191 2167 5260 qui-

595 5295 699 5351 bus
722 5290 977 5345 habemus
1005 5288 1415 5343 consolationem
1456 5304 1468 5338 :
1511 5292 1564 5339 et
1593 5286 1691 5338 ista
1718 5284 1895 5338 omnia
1934 5298 2052 5351 quae
2089 5282 2167 5336 lo-

597 5384 811 5455 quimur
836 5378 1003 5443 vobis,
1028 5379 1137 5446 ipsa
1158 5393 1275 5446 qua:
1299 5383 1489 5430 sonant
1510 5384 1562 5430 et
1591 5382 1881 5438 transeunt,
1909 5371 2162 5443 quidquid

596 5478 653 5531 in
676 5471 909 5531 Ecclesia
929 5469 1131 5541 geritur
1151 5469 1525 5537 temporaliter,
1544 5467 1873 5537 alligamenta
1892 5474 2015 5519 sunt
2038 5481 2165 5520 con-

663 5616 681 5644 ι
704 5620 803 5659 Am.
833 5616 883 5658 et
901 5607 1121 5670 plerique
1136 5610 1262 5670 Mss._,
1287 5602 1556 5652 durabitur.

662 5676 683 5705 ⁸
717 5677 788 5721 Sic
811 5660 916 5719 διδςῖ
942 5678 996 5718 Al
1029 5660 1167 5716 Eddn.
1187 5664 1449 5716 Distorlum
1474 5677 1573 5726 cor,
1603 5678 1801 5727 pravum
1823 5676 1905 5714 cor
1928 5669 2015 5723 est,
2040 5660 2165 5728 quod

598 5748 692 5785 mm
712 5748 777 5790 δε,
807 5740 901 5780 etc.

664 5798 684 5828 ⁸
705 5793 1029 5845 Lauduttensis
1052 5797 1152 5849 Ms,
1171 5794 1434 5839 sMutatem.

1855 368 1910 421 S.
1953 369 1991 421 Α
2004 364 2309 423 UGUSTINI
2351 366 2645 424 I'II‘ISCOPI

3705 378 3811 436 1901

2304 480 2595 535 tritiouum.
2643 482 3092 549 Quemadmodum
3148 484 3291 539 enim
3345 485 3571 540 medicus
3618 490 3808 557 perfecta

2300 570 2521 625 sanitate
2549 572 2777 626 detrahit
2821 574 3095 643 ligaturam
3125 592 3138 636 ;
3166 575 3246 628 sic
3276 576 3329 628 in
3361 576 3445 629 illa
3472 576 3664 634 civitate
3684 580 3807 637 leru-

2298 662 2482 727 salem,
2509 677 2628 716 eum
2655 664 2881 732 :equales
2904 666 3118 735 Angelis
3144 666 3267 719 facti
3294 665 3563 733 fuerimus,
3593 675 3803 742 numquid

2298 753 2491 821 putatis
2517 753 2586 807 ibi
2607 763 2913 824 accepturos
2933 769 3031 809 nos
3051 770 3172 811 esse
3193 754 3337 826 quod
3364 756 3449 811 hic
3471 757 3730 828 accipimus
3756 764 3804 817 ‘l

2296 843 2402 895 Aut
2430 842 2499 896 ibi
2544 844 2868 898 recitandum
2911 854 2993 899 est
3027 845 3177 899 nobis
3224 846 3581 916 Evangelium,
3612 860 3659 903 ut
3702 852 3807 909 ﬁdes

2296 941 2473 985 nostra
2504 935 2852 1002 permaneat?
2879 945 2969 989 aut
2994 936 3324 1005 imponenda
3356 946 3437 991 est
3462 953 3633 996 manus
3652 940 3709 995 ab
3726 944 3803 998 ali-

2294 1036 2399 1090 quo
2424 1024 2703 1092 praeposito
2723 1024 2746 1077 ?
2772 1024 2873 1078 Ista
2890 1026 3067 1079 omnia
3087 1026 3424 1096 alligamenta
3446 1027 3667 1084 fractura:
3679 1043 3803 1099 sunt;

2294 1110 2523 1179 perfecta
2549 1114 2773 1169 sanitate
2804 1114 3146 1170 detrahentur
3179 1134 3193 1169 :
3224 1116 3323 1171 sed
3348 1117 3419 1171 ad
3456 1133 3565 1173 eam
3590 1135 3680 1175 non
3705 1138 3802 1192 per-

2294 1202 2599 1269 veniretur,
2650 1205 2749 1259 nisi
2807 1206 3166 1276 alligarentur.
3227 1206 3394 1263 Sanat
3443 1224 3565 1279 ergo
3609 1216 3800 1268 contritas

2291 1294 2459 1358 corde,
2487 1304 2533 1347 et
2552 1295 2725 1366 alligat
2754 1298 3072 1353 contritiones
3093 1316 3295 1354 eorum.

2360 1382 2412 1437 9.
2446 1383 2591 1455 [verm
2621 1384 2697 1456 4.]
2724 1386 2822 1452 Qui
2841 1396 3066 1440 numerat
3090 1390 3461 1444 multitudinem
3486 1391 3742 1458 stellarum,
3768 1406 3801 1449 rt

2290 1474 2516 1528 omnibus
2544 1477 2613 1531 eis
2633 1476 2835 1530 nomina
2858 1494 3056 1532 vocans.
3090 1479 3226 1547 Quid
3253 1495 3499 1550 magnum
3528 1482 3626 1538 Deo
3657 1498 3801 1539 nume.

2289 1576 2406 1617 rare
2428 1563 2813 1619 multitudinem
2836 1566 3149 1621 stellarum?
3169 1568 3284 1623 Hoc
3313 1578 3368 1623 et
3393 1568 3619 1625 homines
3661 1575 3799 1627 conati

2287 1663 2410 1708 sunt
2437 1672 2449 1706 :
2478 1654 2706 1710 viderint
2748 1665 2924 1711 utrum
2950 1658 3173 1727 implere
3204 1659 3510 1728 potuerint;
3536 1674 3629 1715 non
3661 1670 3796 1718 tamen

2286 1754 2622 1811 conarentur,
2656 1746 2755 1801 nisi
2794 1762 2853 1802 se
2890 1747 3201 1816 impleturos
3245 1762 3367 1804 esse
3409 1760 3677 1819 sperarent.
3718 1751 3796 1807 lllis

2285 1836 2610 1891 dimittamus
2627 1837 2751 1907 quid
2778 1838 3064 1907 potuerint,
3088 1846 3143 1893 et
3160 1853 3438 1909 quousque
3465 1842 3757 1909 pervenerint
3782 1859 3791 1895 :

2286 1928 2394 1983 Deo
2414 1940 2587 1983 autem
2618 1939 2742 1999 puto
2772 1945 2877 1984 non
2903 1945 3021 1985 esse
3058 1946 3310 2001 magnum
3347 1947 3613 1987 numerare
3647 1949 3793 1988 omnes

2285 2018 2482 2073 stellas.
2512 2021 2592 2073 An
2640 2019 2773 2075 forte
2802 2036 3077 2076 numerum
3096 2062 3111 2085 ,
3143 2036 3215 2076 ne
3244 2021 3605 2087 obliviscatur,
3650 2039 3794 2078 recen-

2284 2118 2365 2164 set
2388 2112 2411 2162 ?
2434 2110 2677 2180 Magnum
2708 2120 2789 2166 est
2826 2112 3023 2181 aliquid
3070 2113 3177 2167 Deo
3222 2113 3403 2168 stellas
3440 2129 3706 2179 numerare,
3723 2115 3788 2169 cui

2282 2200 2455 2267 capilli
2493 2201 2722 2269 capitum
2756 2201 3011 2256 numerati
3050 2210 3173 2256 sunt
3216 2201 3445 2273 (Matth.
3486 2219 3535 2268 x,
3562 2203 3792 2272 50)?Ila-

2282 2291 2527 2346 nifestum
2555 2301 2637 2346 est
2664 2334 2678 2359 ,
2711 2292 2900 2347 fratres
2926 2333 2940 2358 ,
2966 2292 3161 2362 aliquid
3204 2293 3343 2348 velle
3372 2294 3530 2347 Deum
3559 2294 3791 2362 intelligere

2284 2398 2378 2437 nos
2406 2383 2457 2436 in
2485 2398 2549 2438 eo
2578 2378 2717 2453 quod
2746 2385 2819 2438 ait
2843 2425 2857 2449 ,
2890 2384 2990 2451 Qui
3016 2395 3251 2438 numerat
3288 2385 3633 2438 multitudinem
3654 2385 3790 2439 stella-

2280 2491 2410 2540 rum,
2439 2484 2483 2528 et
2506 2476 2730 2529 omnibus
2746 2476 2837 2541 eis,
2867 2476 3053 2545 inquit,
3077 2477 3285 2529 nomina
3304 2491 3499 2530 vocans.
3526 2475 3643 2530 Sunt
3663 2475 3789 2529 stella

2280 2564 2518 2633 quaedam
2547 2564 2741 2619 lumina
2785 2564 2835 2618 iu
2872 2564 3105 2619 Ecclesia
3148 2564 3475 2620 consolantia
3510 2574 3689 2619 noctem
3714 2578 3787 2616 no-

2279 2663 2465 2720 stram,
2516 2670 2701 2708 omnes
2732 2654 2799 2709 de
2838 2655 3026 2724 quibus
3067 2654 3196 2709 dicit
3224 2654 3540 2726 Apostolus:
3575 2653 3632 2707 In
3654 2652 3788 2720 quibus

2276 2746 2530 2814 apparetis
2550 2754 2783 2813 tanquam
2819 2745 3087 2797 luminaria
3112 2744 3163 2797 in
3188 2744 3399 2798 mundo.
3425 2743 3489 2798 In
3512 2745 3616 2808 ista,
3641 2741 3785 2811 inquit,

2276 2836 2479 2887 natione
2518 2843 2739 2887 tortuosa
2786 2844 2830 2887 et
2860 2850 3105 2901 perversa,
3152 2835 3209 2887 in
3252 2835 3427 2902 quibus
3450 2834 3673 2903 apparetis
3700 2841 3787 2883 tan-

2274 2939 2423 2991 quam
2452 2923 2723 2976 luminaria
2750 2923 2802 2976 in
2835 2923 3040 2988 mundo,
3067 2924 3276 2977 verbum
3311 2924 3422 2978 vita:
3445 2924 3651 2977 habentes
3674 2920 3787 2990 (Phi-

2276 3014 2402 3081 lipp.
2432 3028 2488 3078 ιι,
2523 3014 2610 3078 15,
2645 3012 2774 3084 16).
2806 3012 2950 3081 lpsas
2978 3013 3156 3067 stellas
3182 3022 3429 3068 numerat
3457 3013 3613 3076 Deus;
3644 3023 3787 3065 omnes

2273 3119 2452 3159 secum
2476 3112 2806 3174 regnaturos,
2834 3119 3020 3159 omnes
3048 3104 3409 3176 aggregandos
3433 3102 3619 3172 corpori
3638 3100 3786 3167 Unige-

2274 3199 2369 3251 niti
2393 3197 2472 3251 sui
2491 3206 2794 3253 numeratos
2810 3196 2983 3261 habet,
3012 3203 3067 3250 et
3094 3206 3339 3251 numerat
3355 3210 3461 3251 eos.
3486 3193 3574 3260 Qui
3594 3191 3785 3260 indignus

2272 3299 2374 3355 est,
2432 3305 2528 3344 nec
2557 3297 2880 3344 numeratur.
2915 3289 2980 3342 Et
3006 3288 3156 3342 multi
3196 3288 3547 3349 crediderunt,
3586 3282 3654 3337 vel
3677 3280 3783 3334 mul-

2274 3382 2309 3433 ti
2363 3396 2421 3435 se
2465 3381 2831 3450 qualicumque
2875 3378 3184 3434 adumbrata
3236 3380 3411 3448 Specie
3452 3376 3592 3441 ﬁdei,
3634 3368 3783 3442 populo

2270 3472 2385 3541 ejus
2411 3473 2773 3541 applicuerunt
2800 3488 2813 3536 ;
2859 3471 3003 3525 novit
3034 3479 3211 3525 tamen
3241 3471 3331 3525 ille
3358 3468 3477 3539 quid
3505 3472 3722 3527 numeret,
3741 3468 3781 3513 et

2271 3564 2395 3632 quid
2425 3564 2657 3619 ventilet.
2688 3563 2817 3617 Nam
2859 3571 3002 3616 tanta
3033 3571 3113 3617 est
3155 3562 3413 3617 celsitudo
3453 3556 3702 3628 Evangelii,
3738 3560 3782 3607 ut

2272 3656 2422 3708 fieret
2459 3654 2597 3722 quod
2641 3654 2837 3708 dictum
2880 3662 3003 3708 est:
3054 3653 3361 3706 Annuntiavi
3404 3661 3449 3705 et
3492 3652 3777 3706 locutussum,

2270 3746 2588 3815 multiplicati
2625 3755 2739 3799 sunt
2781 3762 2932 3814 super
2983 3760 3248 3797 numerum
3292 3742 3471 3813 (Psal.
3524 3734 3778 3802 nimii).

2269 3836 2405 3890 Sunt
2431 3852 2556 3906 ergo
2582 3836 2633 3889 in
2662 3836 2869 3906 populis
2890 3842 2945 3889 et
2963 3834 3413 3904 supernumerarii
3436 3823 3774 3902 quodammodo.

2269 3928 2403 3994 Quid
2460 3937 2573 3993 est,
2637 3925 3115 3996 supernumerarii?
3162 3924 3293 3979 Plus
3340 3937 3489 3993 quam
3540 3919 3601 3974 ibi
3656 3911 3776 3968 futuri

2268 4029 2411 4075 sunt.
2434 4020 2569 4074 Intra
2591 4019 2815 4088 parietes
2840 4018 2968 4072 istos
2993 4016 3168 4085 plures
3188 4024 3333 4083 sunt,
3355 4028 3503 4085 quam
3527 4008 3661 4065 futuri
3685 4010 3777 4060 snnt

2270 4112 2323 4167 in
2351 4127 2512 4181 regno
2539 4113 2670 4177 Dei,
2713 4112 2766 4164 in
2814 4110 2902 4164 illa
2924 4109 3218 4164 Jerusalem
3265 4107 3495 4171 caelesti;
3538 4102 3623 4172 ipsi
3657 4100 3776 4165 super

2270 4217 2545 4257 numerum
2586 4209 2726 4256 sunt.
2759 4199 3163 4255 Animadvertat
3188 4200 3409 4268 quisque
3451 4205 3607 4250 utrum
3645 4189 3777 4242 luceat

2270 4293 2597 4359 intenebris,
2647 4301 2823 4346 utrum
2878 4293 3149 4362 iniquitate
3185 4291 3368 4347 saeculi
3418 4286 3663 4343 tenebrosa
3696 4289 3774 4330 non

2270 4384 2583 4448 seducatur;
2625 4385 2671 4438 si
2724 4396 2828 4435 non
2861 4382 3019 4437 fuerit
3064 4382 3314 4437 seductus
3362 4394 3457 4435 nec
3501 4376 3661 4438 victus,
3688 4376 3775 4421 tan-

2270 4490 2428 4543 quam
2468 4474 2617 4528 stella
2644 4474 2743 4527 crit
2772 4488 2929 4542 quam
2963 4476 3073 4541 jam
3099 4481 3345 4527 numerat
3366 4471 3515 4525 Deus.
3782 4464 3783 4467 “

2343 4566 2429 4620 10.
2458 4563 2523 4617 Et
2545 4564 2790 4629 omnibus,
2820 4564 3025 4633 inquit,
3050 4564 3119 4617 eis
3168 4565 3376 4618 nomina
3398 4573 3565 4616 vocans
3590 4571 3605 4607 :
3633 4550 3689 4606 ibi
3712 4552 3774 4601 εει

2272 4666 2439 4711 totum
2484 4655 2776 4725 praemium.
2826 4654 3091 4710 Habemus
3142 4656 3356 4710 nomina
3417 4648 3630 4721 qumdam
3666 4633 3772 4707 apud

2272 4749 2437 4803 Deum
2468 4766 2480 4800 :
2511 4758 2565 4801 ut
2606 4748 2812 4802 noverit
2841 4748 2981 4801 Deus
3008 4748 3219 4801 nomina
3264 4755 3439 4802 nostra
3458 4784 3471 4807 ,
3504 4742 3595 4795 hoc
3628 4740 3771 4803 οριπθ

2272 4839 2544 4903 debemus,
2569 4838 2668 4892 hoc
2693 4852 2869 4907 agere,
2917 4838 3015 4892 hoc
3054 4846 3312 4907 satagere,
3359 4841 3591 4904 quantum
3627 4833 3772 4916 possit-

2272 4946 2409 4993 mus,
2450 4945 2554 4983 non
2583 4928 2648 4983 de
2673 4929 2791 4982 aliis
2818 4927 2973 4982 rebus
2997 4927 3225 4997 gaudere
3247 4969 3261 4993 ,
3288 4940 3384 4981 nec
3421 4922 3483 4977 de
3514 4915 3647 4972 donis
3681 4915 3770 4978 illi“

2271 5020 2491 5074 busdam
2523 5018 2899 5088 spiritualibus.
2926 4996 3113 5072 Videat
3146 5016 3383 5072 Charitas
3420 5018 3579 5067 vestra

2272 5111 2408 5165 dona
2430 5120 2552 5164 sunt
2579 5110 2630 5163 in
2657 5109 2915 5173 Ecclesia,
2946 5110 3083 5163 sicut
3107 5108 3387 5177 Apostolus
3411 5101 3548 5164 dicit,
3574 5092 3658 5148 Atii
3677 5092 3764 5185 titti-

2274 5202 2385 5255 dem
2428 5218 2514 5270 per
2541 5200 2792 5269 Spiritum
2832 5201 2978 5253 datur
3022 5215 3182 5253 sermo
3223 5195 3487 5269 sapientiw,
3528 5186 3605 5241 alii
3642 5188 3769 5235 sermo

2272 5290 2489 5344 scientiw
2517 5289 2786 5343 secundum
2819 5289 3045 5343 eumdem
3077 5288 3324 5357 Spiritum
3347 5327 3361 5351 ,
3397 5282 3482 5336 alii
3505 5277 3615 5348 ﬁdes

2275 5381 2385 5433 dem
2417 5380 2643 5449 Spiritu,
2675 5381 2763 5433 alii
2786 5381 2990 5433 donatio
3037 5380 3384 5441 curationum,
3410 5372 3496 5426 alii
3522 5362 3767 5449 dijudic'alto

2274 5446 2557 5541 spirituum,
2590 5472 2641 5524 id
2685 5480 2785 5536 est,
2825 5480 2883 5524 ut
2917 5470 3169 5540 dijudicet
3210 5471 3342 5523 inter
3374 5465 3529 5519 bonos
3564 5465 3608 5512 et
3633 5446 3764 5541 malos

2275 5536 2487 5633 spiritus
2512 5579 2526 5628 ;
2555 5564 2643 5616 alii
2670 5564 2951 5633 linguarum
2970 5536 3157 5632 'genera
3184 5603 3198 5628 ,
3226 5561 3311 5615 alii
3334 5550 3575 5629 praphetia
3599 5546 3614 5613 (
3634 5542 3650 5596 ί
3671 5536 3761 5593 Co"

2340 5727 2353 5752 ι
2384 5730 2481 5770 Am.
2504 5728 2578 5769 Er.
2608 5727 2656 5767 et
2679 5720 2842 5789 plures
2863 5720 3265 5789 Mss.:.Namnquid
3286 5708 3486 5782 putatis?
3510 5702 3570 5756 Ibi
3586 5695 3759 5755 accep“?

2278 5797 2354 5834 res
2379 5796 2461 5834 nos
2483 5782 2724 5853 essequod
2746 5782 2822 5829 hic
2846 5782 3145 5843 accepimus?
