4084 6448
421 399 449 454 1
462 398 570 455 905

426 530 525 578 χιι,
555 510 747 577 8ο10).
781 508 985 577 Quanta
1028 502 1190 559 dixit!
1243 511 1402 571 quam
1441 506 1608 562 multa
1646 504 1808 561 dixit!
1863 503 2008 558 Mum

427 605 585 661 donis
612 600 807 657 talibus
837 598 976 654 male
1001 598 1080 652 usi
1101 596 1318 652 audient
1343 598 1398 653 in
1430 596 1536 652 ﬁne
1559 639 1574 664 ,
1610 596 1729 650 Non
1761 595 1874 648 novi
1899 609 2006 647 vos.

425 696 499 752 Et
524 693 648 765 quid
679 691 872 746 dicturi
898 698 1021 746 sunt
1050 689 1103 744 in
1127 688 1232 744 ﬁne
1261 730 1276 756 ,
1321 689 1412 759 qui
1449 688 1686 754 audient,
1730 685 1853 740 Non
1898 687 2012 740 novi

425 803 518 841 vos
535 787 560 841 .9
579 784 814 849 Domine,
846 798 1014 837 nonne
1036 781 1089 834 in
1114 780 1410 834 nominetuo
1431 779 1861 850 praphetavimus,
1885 787 1930 832 et
1960 778 2013 831 in

426 878 631 934 nomine
657 885 742 930 tuo
763 874 1016 929 dwmonia
1036 873 1294 942 ejecimus,
1320 881 1368 927 et
1391 872 1445 925 in
1465 873 1664 926 nomine
1683 879 1768 925 luo
1807 871 2014 924 virtutes

425 969 617 1025 multas
637 968 870 1040 fecimus?
889 967 944 1022 In
967 966 1182 1021 nomine
1202 974 1292 1020 tuo
1308 965 1483 1019 omnia
1503 965 1622 1019 ista.
1641 964 1709 1018 Et
1732 961 1857 1032 quid
1874 961 2016 1017 dicet

426 1063 548 1118 eis?
578 1061 855 1132 Nunquam
894 1060 1009 1113 novi
1028 1074 1150 1122 vos;
1177 1057 1413 1112 discedite
1430 1075 1462 1110 a
1490 1073 1589 1123 me,
1622 1056 1708 1125 qui
1733 1055 2015 1126 operamini

424 1154 744 1224 iniquitatem
770 1150 993 1218 (Matth.
1016 1164 1090 1204 vn
1120 1190 1136 1215 ,
1159 1148 1250 1216 22,
1280 1148 1351 1203 2'5
1372 1147 1411 1218 ).
1439 1147 1576 1216 Quid
1603 1156 1849 1218 estergo,
1894 1161 2014 1201 esse

422 1249 536 1318 jam
564 1248 743 1302 lumen
774 1245 896 1301 coeli
925 1245 1208 1300 consolans
1235 1251 1468 1308 noctem,
1498 1251 1552 1298 et
1581 1241 1723 1312 quod
1756 1255 1862 1296 non
1885 1240 2004 1294 vin-

425 1351 582 1396 catur
606 1356 635 1395 a
665 1349 820 1395 nocte
839 1339 863 1390 ?
883 1337 1081 1402 Adhuc,
1115 1337 1306 1407 inquit,
1335 1336 1862 1408 supereminentiorem
1881 1334 2014 1388 viam

433 1431 577 1488 nobis
602 1433 889 1487 demonstro
924 1429 984 1501 (1
1010 1429 1128 1485 Cor.
1151 1445 1246 1495 xu,
1278 1429 1341 1483 51
1369 1427 1412 1497 ).
1438 1428 1500 1483 Si
1529 1427 1712 1498 linguis
1742 1427 2007 1480 hominum

431 1529 614 1596 loquar
641 1534 687 1579 et
717 1524 1022 1595 Angelorum
1045 1564 1059 1589 ,
1092 1521 1388 1575 charitatem
1432 1528 1598 1573 autent
1636 1534 1735 1572 non
1779 1517 2008 1582 habeam,

432 1623 598 1692 factus
610 1635 718 1674 sum
734 1626 787 1670 ut
806 1624 1128 1671 atramentum
1144 1630 1350 1678 sonans,
1366 1621 1452 1665 aut
1469 1611 1753 1682 cymbalum
1775 1610 2011 1663 tinniens.

432 1714 606 1784 Quale
647 1713 842 1767 donum
883 1718 967 1765 est
996 1708 1138 1778 loqui
1182 1706 1374 1776 linguis
1400 1704 1721 1774 Angelorum
1749 1712 1800 1757 et
1837 1700 2014 1755 homi-

433 1807 596 1861 num!
632 1803 830 1857 Tamen
855 1801 899 1855 si
927 1799 1249 1864 charitatem,
1286 1797 1474 1866 inquit,
1504 1812 1603 1850 non
1632 1795 1863 1857 habeam,
1891 1808 2014 1846 cera-

436 1907 660 1951 mentunt
690 1909 1023 1959 sumsonans,
1055 1901 1139 1945 aut
1167 1889 1450 1962 cymbalum
1476 1887 1712 1941 tinniens.
1745 1884 1806 1940 Si
1832 1885 2011 1948 sciero,

434 1991 626 2060 inquit,
659 1989 826 2042 omnia
849 1994 1160 2041 sacramenta
1184 1992 1230 2037 et
1254 1998 1451 2036 omnem
1476 1980 1754 2043 scientiam,
1787 1987 1834 2031 et
1855 1978 1898 2031 si
1919 1977 2015 2030 ha-

437 2084 796 2136 bueroomnem
812 2078 1147 2149 prophetiam,
1165 2083 1211 2130 et
1227 2091 1422 2129 omnem
1451 2072 1631 2141 ﬁdem,
1654 2071 1726 2124 ita
1749 2079 1808 2123 ut
1825 2077 2016 2123 montes

439 2177 738 2245 transferam
759 2172 986 2244 (quanta
1032 2169 1129 2222 ista
1156 2167 1293 2222 dona
1315 2165 1468 2219 sunt!
1493 2163 1510 2233 )
1534 2180 1548 2227 ;
1573 2162 1866 2215 charitatem
1920 2176 2016 2213 au-

440 2277 540 2320 tem
567 2280 666 2319 non
707 2262 949 2328 habeam,
981 2259 1174 2329 inquit,
1200 2257 1328 2311 nihil
1372 2271 1504 2308 sum.
1550 2251 1717 2320 Quale
1755 2260 1838 2306 est
1889 2249 2016 2304 illud

439 2359 638 2414 donum
665 2356 926 2428 martyrii,
954 2362 1009 2410 et
1034 2349 1422 2408 distributionis
1449 2361 1631 2402 rerum
1672 2345 1920 2400 suarum!
1952 2343 2018 2397 Et

440 2462 618 2506 tamen
647 2451 688 2502 si
715 2447 1029 2511 distribuere,
1055 2444 1244 2514 inquit,
1281 2440 1453 2496 omnia
1486 2454 1596 2492 mea
1618 2434 1943 2507 pauperibus,
1973 2440 2019 2486 et

439 2542 697 2597 tradidero
737 2554 917 2608 corpus
943 2550 1109 2590 meum
1151 2541 1205 2586 ut
1251 2532 1478 2594 ardeam,
1515 2528 1808 2580 charitatem
1852 2533 2017 2577 autem

437 2650 542 2688 non
571 2631 812 2694 habeam,
840 2627 968 2681 nihil
996 2625 1118 2678 mihi
1169 2621 1370 2694 prodest
1413 2617 1535 2689 (Itl.
1590 2632 1701 2678 xm,
1735 2615 1826 2668 1-5
1847 2613 1885 2681 ).
1917 2612 2016 2678 Qui

437 2741 568 2797 ergo
588 2740 691 2780 non
715 2722 873 2777 habet
901 2719 1232 2782 charitatem,
1251 2716 1350 2770 etsi
1377 2713 1442 2767 ad
1477 2721 1683 2780 tempus
1715 2709 1873 2763 habet
1903 2708 2016 2760 lucc

436 2817 599 2881 dona,
627 2814 931 2868 auferentur
959 2811 1028 2865 ei.
1078 2806 1366 2862 Auferetur
1409 2803 1457 2858 ei
1489 2800 1626 2871 quod
1672 2799 1851 2863 habet,
1895 2797 2014 2865 quia

436 2909 686 2980 quiddam
718 2920 822 2961 non
847 2903 1009 2959 habet
1040 2921 1054 2956 :
1082 2909 1134 2956 et
1161 2900 1334 2970 ipsum
1358 2894 1607 2967 quiddam
1640 2892 1743 2946 hoc
1771 2906 1873 2944 non
1917 2889 2016 2942 ha-

433 2979 556 3069 bet,
588 2999 726 3055 unde
751 3005 941 3052 etctera
965 3001 1244 3049 teneantur
1268 2999 1322 3045 et
1346 2989 1458 3058 ipse
1479 3002 1584 3041 non
1609 2985 1846 3055 pereat‘.
1878 2979 2014 3048 Quid

433 3101 521 3149 est
549 3090 675 3146 illud
704 3088 844 3159 quod
870 3085 1030 3142 modo
1053 3085 1127 3138 ait
1148 3081 1404 3136 Dominus
1431 3094 1447 3132 :
1479 3078 1578 3145 Qui
1607 3076 1771 3140 habet,
1802 3072 2016 3126 addetur

433 3186 482 3238 ei
495 3201 514 3250 ;
542 3183 627 3252 qui
651 3189 816 3235 autem
847 3194 949 3232 non
977 3175 1143 3241 habet,
1173 3182 1220 3228 et
1247 3171 1381 3244 quod
1419 3169 1564 3224 habet
1589 3169 1844 3237 auferetur
1868 3163 1929 3218 ab
1957 3179 2014 3217 eo

437 3278 460 3350 (
486 3276 674 3331 Matth.
704 3288 823 3337 xm,
855 3269 990 3340 ‘12)?
1012 3267 1111 3334 Qui
1130 3279 1257 3336 ergo
1277 3278 1382 3319 non
1410 3261 1587 3324 habet,
1607 3268 1660 3314 et
1687 3258 1828 3330 quod
1857 3256 2016 3310 habet

433 3348 707 3425 auferetur
734 3363 800 3418 ab
827 3376 914 3418 eo.
957 3359 1126 3416 Habet
1152 3356 1375 3428 gratiam
1400 3349 1738 3423 possidendi,
1772 3348 1864 3403 sed
1907 3363 2012 3402 non

431 3460 596 3516 habet
617 3457 930 3512 charitatem
958 3451 1140 3507 utendi
1175 3467 1187 3503 :
1217 3448 1338 3519 quia
1365 3461 1493 3517 ergo
1521 3442 1648 3498 illud
1676 3457 1779 3496 non
1811 3440 2008 3507 habet,

432 3561 490 3608 et
513 3548 653 3622 quod
677 3548 833 3602 habet
851 3545 1120 3600 auferetur
1139 3542 1206 3596 ab
1235 3554 1319 3595 eo.
1347 3539 1632 3606 Propterea
1662 3533 1926 3603 discipuli,
1951 3540 2011 3587 ut

430 3646 692 3702 haberent
715 3640 1046 3701 charitatem,
1070 3649 1202 3706 quos
1224 3631 1435 3687 volebat
1459 3629 1630 3684 facere
1657 3628 1710 3682 in
1738 3626 1874 3682 caalo
1889 3626 2016 3680 stel-

428 3738 511 3793 las
537 3735 864 3790 ambulantes
902 3727 1382 3798 supereminentem
1400 3723 1560 3786 viam,
1580 3719 1668 3774 ille
1682 3718 1768 3789 qui
1787 3725 2016 3771 numerat

431 3826 802 3882 multitudinem
865 3820 1154 3883 stellarum,
1193 3823 1241 3868 et
1288 3812 1512 3868 omnibus
1561 3811 1631 3863 eis
1681 3808 1882 3862 nomina
1929 3822 2016 3859 vo-

429 3934 585 3982 cans;
613 3932 733 3973 cum
771 3913 1005 3970 redirent
1029 3906 1268 3977 discipuli
1311 3918 1416 3974 quo
1441 3900 1587 3956 missi
1614 3907 1804 3962 erant,
1833 3895 2014 3951 exsul-

432 4017 698 4075 taverunt,
730 4016 783 4063 et
809 4005 1095 4060 dixerunt:
1125 3998 1358 4059 Domine,
1383 4009 1495 4048 ecce
1518 3991 1726 4059 spiritus
1765 3985 2012 4040 immundi

431 4100 645 4171 subjecti
669 4074 783 4154 sunt
804 4096 943 4151 nobis
961 4101 1164 4163 prapter
1195 4104 1378 4144 nomen
1394 4074 1554 4139 tuum.
1589 4081 1656 4136 Et
1683 4080 1770 4135 ille
1791 4080 1874 4150 qui
1914 4094 2014 4131 nu-

432 4169 594 4246 inerat
619 4187 990 4244 multitudinem
1031 4181 1312 4244 stellarum,
1348 4185 1394 4231 et
1442 4173 1669 4229 omnibus
1695 4172 1765 4225 eis
1812 4169 2015 4223 nomina

433 4298 640 4347 socans,
672 4280 847 4336 sciens
874 4276 1071 4331 multos
1097 4272 1333 4327 dicturos
1361 4281 1505 4332 esse,
1538 4263 1722 4317 Nonne
1742 4261 1793 4315 in
1817 4259 2016 4314 nomine

436 4384 524 4428 tuo
571 4363 818 4426 dtentonia
853 4363 1130 4438 ejecimus?
1171 4360 1360 4430 quibus
1401 4357 1636 4412 dicturus
1664 4360 1746 4406 est
1788 4351 1839 4404 in
1887 4350 2011 4416 ﬁne,

439 4463 562 4519 Non
590 4463 706 4517 novi
731 4475 855 4524 vos;
881 4457 1002 4528 quia
1024 4469 1116 4511 eos
1142 4466 1249 4508 non
1277 4447 1577 4506 numeravit
1605 4441 2016 4500 inmnltitudine

437 4555 734 4618 stellarum,
766 4565 866 4606 nec
895 4549 973 4604 eis
994 4545 1210 4602 nomina
1237 4543 1444 4597 vocavit
1473 4559 1486 4594 :
1513 4537 1716 4602 Nolite,
1748 4534 1936 4604 inquit,
1963 4532 2017 4585 in

439 4649 536 4701 hoc
559 4644 798 4717 gaudere,
825 4641 943 4711 quia
969 4638 1176 4709 spiritus
1202 4634 1336 4689 vobis
1360 4630 1568 4701 subjecti
1601 4636 1749 4691 sunt;
1776 4625 1862 4681 sed
1885 4640 2015 4694 gau-

439 4715 698 4802 dete—quia
733 4733 937 4787 nomina
960 4737 1124 4783 vestra
1149 4726 1336 4795 scripta
1365 4731 1482 4776 sunt
1517 4720 1571 4772 in
1600 4717 1723 4772 coelo
1776 4715 1924 4785 (Luc.
1955 4729 2014 4778 x,

436 4830 526 4891 17,
547 4826 675 4898 90).
709 4825 810 4892 Qui
853 4828 1082 4877 numerat
1126 4813 1494 4872 multitudinem
1532 4807 1811 4873 stellarum,
1841 4814 1888 4860 et
1907 4820 2016 4858 om-

382 4921 386 4924 ’
436 4921 582 4974 nibus
603 4919 672 4972 eis
697 4916 901 4971 nomina
919 4927 1118 4967 vocans.

513 5010 600 5064 11.
630 5006 782 5080 [vet-s.
812 5003 890 5076 5.]
922 5003 1139 5073 Magnus
1163 4996 1413 5052 Dominus
1437 4999 1622 5048 noster.
1655 4988 1909 5058 Impletus
1935 4991 2020 5039 est

438 5076 671 5174 gaudia,
722 5097 983 5155 eructavit
1027 5088 1405 5148 ineffabililer:
1452 5083 1634 5140 nescio
1678 5079 1804 5151 quid
1839 5076 2018 5131 dicere

442 5169 551 5254 non
582 5195 828 5257 valebat;
857 5199 911 5246 et
937 5181 1202 5258 cogitare”
1231 5178 1494 5252 quomodo
1520 5173 1758 5231 valebat?
1803 5169 2021 5239 Magnus

443 5289 697 5346 Dominus
730 5293 917 5346 noster,
945 5290 992 5334 et
1025 5292 1210 5348 magna
1243 5275 1399 5329 uirtus
1426 5272 1568 5342 ejus,
1600 5276 1644 5321 et
1680 5259 2023 5332 intelligentia:

443 5383 556 5452 ejus
589 5395 690 5433 non
724 5384 796 5431 est
823 5387 1079 5428 numerus.
1126 5367 1219 5422 Ille
1254 5365 1367 5435 ipse
1391 5361 1481 5433 qui
1519 5363 1761 5414 numerat
1789 5351 2024 5408 multitu-

443 5443 624 5530 dinem
651 5469 951 5531 stellarum,
999 5458 1265 5518 numerari
1293 5471 1398 5511 non
1427 5461 1603 5525 potest
1627 5469 1640 5506 :
1679 5447 1898 5519 Magnus
1919 5443 2024 5498 Do-

446 5565 616 5620 minus
642 5570 830 5626 noster,
854 5566 899 5612 et
918 5571 1100 5626 magna
1131 5553 1287 5607 virtus
1315 5551 1443 5620 ejus,
1475 5555 1521 5600 et
1548 5540 1888 5612 intelligentia:
1916 5537 2024 5607 ejus

448 5674 552 5713 non
595 5664 663 5711 est
702 5665 958 5708 numerus.
999 5646 1128 5724 Quis
1166 5643 1271 5698 hoc
1307 5637 1573 5710 exponat?
1611 5635 1729 5706 quis
1765 5631 1922 5700 digne
1941 5628 2024 5683 vel

513 5773 528 5804 ι
555 5769 873 5819 Floriacensts
892 5770 997 5823 Ms,
1022 5764 1067 5811 et
1089 5757 1246 5823 ipsum
1267 5755 1488 5820 (subaudi
1520 5749 1752 5818 quiddam
1786 5746 1896 5810 hoc)
1933 5758 2025 5796 non

445 5839 670 5905 Ρεζεέηο-
992 5883 1089 5905 _-._-

515 5881 628 5945 'Vtt’r.
655 5893 802 5958 Lugd.
820 5898 965 5948 ‘t’.en.,
985 5881 1235 5950 cogitabat.
1331 5887 1383 5930 at.

1486 377 1884 439 ENABRATIO
1922 383 1986 440 IN
2027 383 2344 444 PSALMUM
2384 388 2608 446 CXLVI.
2647 463 2654 470 _

3556 397 3700 455 1906

2121 505 2313 575 cogitet
2346 506 2486 576 quod
2513 506 2710 561 dictum
2746 515 2857 574 εει,
2888 505 2956 561 Et
2989 506 3330 578 intelligentia:
3358 511 3464 580 ejus
3495 528 3594 567 non
3623 523 3699 569 est

2121 599 2395 653 numerus?
2422 601 2593 669 Atque
2619 600 2820 655 utinam
2848 599 3088 655 infundat
3112 615 3170 656 se
3197 601 3374 668 vobis,
3405 612 3457 658 et
3485 602 3575 658 ubi
3600 620 3697 660 nos

2120 688 2425 756 deﬁcimus,
2458 692 2578 761 quia
2606 691 2717 760 ipse
2739 701 2925 761 potens
2954 700 3062 758 est,
3088 693 3204 763 ipse
3232 693 3462 750 illustret
3490 703 3700 752 mentes

2121 791 2326 836 vestras
2345 825 2360 850 ,
2391 792 2447 837 ut
2470 784 2649 839 sciatis
2672 785 2797 855 quid
2833 786 2930 851 sit,
2960 769 3316 857 lntolliyentiae
3339 788 3450 858 ejus
3482 804 3584 842 non
3624 797 3700 843 est

2121 889 2379 928 numerus.
2408 874 2610 930 Videtis
2629 877 2794 943 enim,
2820 878 3043 943 fratres;
3067 878 3322 948 numquid
3340 888 3422 934 cst
3444 895 3698 935 numerus

2121 966 2335 1020 arente?
2371 965 2534 1022 Nobis
2573 982 2678 1022 non
2720 978 2836 1036 cst,
2880 971 2989 1025 Deo
3021 980 3102 1026 est
3133 989 3147 1025 :
3189 973 3272 1026 cui
3310 973 3483 1042 capilli
3511 973 3700 1043 capitis

2123 1059 2291 1114 nostri
2324 1061 2585 1116 numerati
2627 1071 2776 1128 sunt,
2817 1071 2870 1117 et
2906 1078 3068 1119 arena
3097 1077 3372 1122 numerata
3406 1076 3508 1123 est.
3535 1067 3701 1134 Quid-

2121 1151 2247 1219 quid
2269 1165 2396 1220 ergo
2416 1151 2680 1206 inlinitum
2707 1154 2936 1220 mundus
2961 1155 3060 1210 istc
3080 1157 3462 1226 complectitur,
3488 1160 3697 1215 etiamsi

2121 1239 2354 1307 homini,
2377 1255 2483 1296 non
2511 1250 2685 1297 tamen
2709 1244 2818 1298 Deo
2840 1246 2856 1275 ¹
2883 1263 2896 1298 :
2929 1261 3110 1315 parum
3131 1247 3251 1303 dico
3267 1289 3280 1313 ,
3312 1249 3453 1313 Deo;
3483 1251 3699 1321 Angelis

2121 1341 2455 1387 numeratum
2495 1341 2595 1388 est.
2637 1334 2996 1405 lntelligentiaz
3033 1340 3144 1409 ejus
3186 1355 3286 1392 non
3325 1350 3396 1394 est
3440 1357 3696 1396 numerus.

2121 1425 2342 1480 Excedit
2367 1441 2550 1480 omnes
2580 1429 2913 1484 numerarios
2949 1430 3295 1501 intelligentia
3331 1432 3479 1502 ejus,
3514 1449 3700 1490 numea

2122 1517 2226 1570 rari
2257 1533 2285 1571 a
2315 1519 2467 1572 nobis
2499 1534 2603 1573 non
2631 1529 2821 1589 potest.
2852 1521 3026 1591 Ipsum
3061 1540 3338 1580 numerum
3367 1527 3484 1596 quis
3514 1543 3700 1585 nume-

2121 1610 2244 1660 rat?
2289 1609 2520 1664 Numero
2566 1622 2911 1668 numerantur
2943 1630 3288 1686 quaecumque
3331 1628 3696 1676 numerantur.

2123 1698 2178 1752 Si
2208 1700 2459 1770 quidquid
2491 1713 2818 1769 numeratur,
2854 1721 3076 1761 numero
3115 1719 3458 1772 numeratur;
3491 1713 3699 1767 numeri

2122 1802 2226 1842 non
2265 1799 2437 1857 petest
2471 1806 2589 1845 esse
2629 1808 2917 1860 numerus,
2959 1797 3232 1850 numerari
3271 1813 3523 1854 numerus
3552 1801 3701 1856 nullo

2122 1888 2276 1950 pacto
2305 1890 2494 1950 potest.
2527 1883 2661 1951 Quid
2689 1899 2816 1955 ergo
2845 1895 2928 1940 est
2953 1887 3090 1956 apud
3123 1889 3317 1955 Deum,
3358 1892 3537 1947 unde”
3578 1893 3702 1949 fecit

2123 1971 2335 2032 omnia.
2383 1979 2437 2026 et
2485 1972 2572 2025 ubi
2621 1973 2743 2028 fecit
2781 1976 2988 2042 omnia,
3035 1977 3118 2032 cui
3161 1977 3391 2034 dicitur:
3441 1979 3626 2037 Omnia
3648 1984 3702 2037 in

2122 2077 2354 2114 mensura
2373 2103 2388 2128 ,
2430 2071 2477 2115 et
2510 2079 2746 2129 numero,
2780 2076 2825 2118 et
2855 2067 3075 2134 pondere
3099 2069 3390 2137 disposuiin
3429 2071 3582 2144 (Sap.
3612 2091 3665 2129 ιι
3685 2117 3699 2140 ,

2121 2151 2245 2220 ﬁl)?
2273 2153 2378 2206 Aut
2402 2154 2520 2223 quis
2551 2154 2718 2223 ipsam
2746 2171 3049 2212 mensuram
3070 2200 3084 2223 ,
3119 2169 3171 2214 et
3201 2161 3370 2230 ipsum
3396 2179 3700 2231 numerum,

2122 2251 2176 2296 et
2199 2243 2368 2313 ipsum
2407 2244 2612 2313 pondus
2631 2286 2645 2309 ,
2670 2246 2759 2301 ubi
2787 2247 2924 2302 Deus
2949 2250 3124 2304 omnia
3150 2251 3442 2321 disposuit,
3483 2263 3573 2309 aut
3599 2271 3698 2311 nu-

2121 2348 2330 2389 merare
2357 2343 2558 2404 potest,
2588 2346 2679 2391 aut
2710 2339 2913 2405 metiri,
2945 2343 3392 2410 autappcndere?
3417 2346 3577 2416 Ergo,
3611 2345 3704 2402 ln-

2123 2425 2412 2494 telligentite
2435 2427 2542 2494 ejus
2569 2443 2669 2480 non
2695 2437 2766 2480 est
2794 2445 3050 2484 numerus.
3069 2431 3704 2493 Conticescanthumantn

2121 2529 2300 2581 voces,
2333 2521 2668 2586 requiescant
2702 2518 2947 2574 humana:
2973 2522 3319 2591 cogitationes
3352 2542 3365 2577 :
3400 2525 3465 2579 ad
3496 2526 3703 2582 incom-

2124 2608 2497 2676 prehensibilia
2530 2624 2634 2664 non
2662 2625 2720 2664 se
2746 2612 3033 2666 extendant
3052 2615 3200 2683 quasi
3226 2617 3664 2686 comprehensuri
3685 2660 3702 2686 ,

2121 2699 2213 2753 sed
2259 2707 2506 2769 tanquam
2543 2701 2938 2771 partieipaturi;
2980 2705 3262 2775 participes
3303 2708 3444 2762 enim
3477 2709 3702 2764 erimus.

2119 2789 2234 2844 Non
2271 2789 2370 2844 hoc
2390 2790 2530 2860 quod
2559 2792 2798 2861 capimus
2823 2795 3045 2861 erimus,
3072 2811 3168 2850 nec
3193 2805 3359 2851 totum
3384 2799 3697 2868 capiemus:

2119 2883 2212 2937 sed
2234 2883 2515 2952 participes
2542 2885 2776 2950 erimus;
2803 2887 2924 2956 quia
2946 2887 3144 2943 dictum
3173 2898 3256 2944 est
3277 2889 3344 2945 de
3369 2890 3663 2947 Jerusalem
3683 2933 3702 2959 ,

2120 2975 2270 3044 cujus
2290 2974 2652 3044 dispersiones
2681 2977 2904 3047 colligit,
2929 2977 3126 3033 dictum
3149 2980 3316 3036 estde
3339 2981 3423 3035 illa
3450 2982 3701 3052 quiddam

2121 3079 2366 3133 magnum
2409 3081 2421 3116 :
2460 3063 2747 3120 Jerusalem
2782 3083 2893 3136 qtae
2925 3068 3208 3137 tediﬁcatur
3242 3080 3294 3122 ut
3320 3071 3526 3138 civitas,
3556 3073 3703 3142 cujus

2120 3156 2440 3226 participatio
2462 3157 2568 3226 ejus
2588 3158 2642 3210 in
2661 3157 2878 3226 idipsum
2897 3157 3069 3226 (Psal.
3097 3175 3239 3227 cxxr,
3274 3161 3352 3230 3).
3383 3160 3446 3216 In
3477 3163 3702 3232 idipsum

2118 3248 2243 3317 quid
2274 3247 2380 3313 ait,
2414 3248 2514 3302 nisi
2553 3249 2694 3318 quod
2735 3251 2926 3304 mutari
2968 3267 3074 3304 non
3113 3253 3323 3320 potest?
3355 3252 3557 3310 Caetera
3580 3271 3701 3326 qua:

2118 3349 2243 3396 sunt
2269 3351 2445 3396 creata
2467 3383 2480 3407 ,
2509 3342 2664 3398 aliter
2689 3351 2744 3398 et
2781 3344 2936 3398 aliter
2962 3355 3186 3415 possunt
3220 3363 3372 3415 esse;
3401 3350 3489 3420 qui
3519 3360 3696 3407 autem

2120 3433 2353 3496 creavit,
2411 3433 2565 3487 aliter
2609 3442 2663 3487 et
2707 3433 2860 3488 aliter
2903 3450 3008 3490 non
3050 3445 3223 3506 potest
3273 3455 3412 3495 esse.
3466 3439 3698 3512 ldipsum

2121 3537 2247 3594 ergo
2274 3523 2360 3578 ille
2400 3533 2481 3578 cst
2501 3566 2516 3590 ,
2557 3525 2806 3594 quoniam
2834 3525 3034 3581 dictum
3056 3537 3138 3582 est
3161 3530 3208 3584 ei
3235 3547 3247 3583 :
3283 3529 3505 3585 Mutabis
3529 3549 3622 3599 ea,
3654 3544 3704 3588 et

2120 3616 2481 3679 mutabuntur;
2512 3626 2564 3670 tu
2607 3626 2774 3670 autem
2810 3617 2942 3672 idem
2981 3619 3090 3685 ipse
3127 3636 3210 3688 es,
3247 3631 3295 3674 et
3331 3622 3453 3676 anni
3489 3624 3560 3676 tui
3599 3639 3704 3678 non

2120 3707 2351 3774 deﬁcient
2391 3705 2559 3778 (Psal.
2595 3723 2679 3770 ει,
2706 3708 2796 3773 27,
2839 3708 2954 3778 28).
2989 3708 3150 3778 Igitur
3174 3710 3218 3763 si
3258 3711 3372 3779 ipse
3413 3712 3550 3766 idem
3588 3713 3703 3782 ipse

2120 3806 2231 3863 est,
2272 3806 2326 3852 et
2369 3801 2559 3851 mutari
2609 3813 2670 3852 ex
2717 3799 2860 3851 nulla
2900 3808 3048 3868 parte
3090 3809 3292 3867 potest;
3339 3802 3702 3871 participando

2121 3888 2234 3957 ejus
2277 3887 2604 3942 divinitatem
2644 3888 2844 3943 erimus
2883 3899 2936 3943 et
2977 3904 3074 3943 nos
3105 3890 3430 3946 immortales
3456 3891 3702 3950 invitam

2120 3987 2398 4033 azternam.
2452 3977 2517 4031 Et
2561 3978 2662 4032 hoc
2706 3978 2860 4033 nobis
2908 3978 3096 4048 pignus
3134 3978 3315 4034 datum
3349 3990 3434 4037 est
3467 3982 3536 4038 de
3565 3984 3702 4042 Filio

2120 4069 2246 4135 Dei,
2293 4067 2432 4138 quod
2464 4068 2572 4138 jam
2608 4067 2714 4122 dixi
2751 4067 3028 4122 Sanctitati
3057 4078 3284 4136 vestrm,
3321 4080 3379 4125 ut
3416 4082 3700 4144 antequam

2119 4164 2456 4220 efﬁceremur
2503 4164 2789 4234 participes
2829 4163 3240 4218 immortalitatis
3297 4165 3497 4236 ipsius,
3548 4166 3702 4224 ﬁeret

2120 4257 2236 4327 ipse
2260 4256 2406 4326 prius
2435 4256 2697 4325 particeps
2730 4255 3068 4324 mortalitatis
3091 4261 3308 4310 nostrze.
3347 4256 3496 4312 Sicut
3521 4265 3700 4313 autem

2121 4347 2210 4402 ille
2236 4345 2476 4400 mortalis
2493 4387 2506 4412 ,
2551 4361 2657 4400 non
2685 4345 2751 4400 de
2776 4361 2871 4400 sua
2898 4345 3192 4402 substantia
3217 4388 3232 4413 ,
3271 4347 3363 4403 scd
3389 4348 3456 4404 de
3481 4359 3700 4406 nostra:

2122 4441 2199 4495 sic
2219 4453 2318 4494 nos
2343 4436 2696 4504 immortales,
2730 4454 2836 4492 non
2866 4437 2933 4492 de
2962 4446 3141 4493 nostra
3168 4439 3481 4504 substantia,
3513 4440 3606 4496 sed
3632 4439 3703 4496 de

2121 4531 2310 4601 ipsius.
2339 4530 2630 4600 Participes
2664 4544 2793 4599 ergo
2829 4530 3062 4584 erimus:
3097 4545 3255 4586 nemo
3283 4531 3526 4598 dubitet,
3552 4533 3701 4587 Scri-

2121 4634 2274 4695 ptura
2296 4623 2397 4679 hoc
2424 4623 2576 4678 dixit.
2609 4623 2678 4677 Et
2705 4624 2857 4692 cujus
2876 4623 2950 4678 rei
2980 4622 3266 4692 participes
3289 4623 3488 4677 erimus
3506 4663 3522 4689 ,
3551 4639 3704 4694 quas:

2122 4727 2301 4788 partes
2343 4718 2451 4771 sint
2491 4717 2629 4787 apud
2680 4716 2884 4782 Deum,
2933 4723 3026 4769 aut
3071 4730 3165 4783 per
3212 4723 3389 4784 partes
3439 4714 3706 4773 dividatur

2122 4812 2305 4866 Deus?
2353 4810 2482 4876 Quis
2523 4823 2650 4879 ergo
2693 4809 2920 4876 explicat
2952 4804 3220 4875 quomodo
3263 4805 3370 4860 sint
3417 4806 3709 4877 participes

2123 4904 2278 4959 unius
2315 4900 2569 4971 simplicis
2609 4898 2793 4953 multi?
2834 4897 2945 4952 Non
2990 4911 3117 4966 ergo
3151 4897 3372 4967 exigatis
3414 4897 3555 4967 quod
3583 4909 3709 4969 apte

2123 4997 2227 5052 dici
2267 5011 2372 5049 non
2417 5008 2604 5063 posse,
2652 5000 2778 5061 puto
2813 4991 2936 5060 quia
2967 4989 3200 5044 videtis’
3234 5008 3246 5044 :
3289 4990 3384 5044 sed
3426 4990 3597 5045 redite
3637 4993 3707 5048 ad

2124 5085 2418 5143 remedium
2476 5081 2794 5146 Salvatoris;
2860 5081 3118 5135 conterite
3162 5094 3288 5146 cor,
3344 5080 3710 5151 confringatur

2125 5180 2284 5236 animi
2308 5177 2531 5242 duritia,
2562 5182 2866 5230 conteratur
2895 5173 3057 5227 animi
3083 5173 3367 5242 pertinacia
3385 5214 3400 5239 ,
3416 5182 3712 5228 accusetur

2128 5274 2180 5328 in
2212 5272 2385 5336 malo,
2427 5276 2735 5325 renascatur
2767 5268 2820 5322 in
2855 5266 3017 5322 bono.
3059 5265 3257 5335 Diriget
3297 5266 3442 5336 ipse,
3474 5265 3710 5335 alligabit

2192 5433 2207 5462 ι
2231 5437 2331 5476 Am.
2373 5432 2448 5474 Er.
2479 5430 2538 5487 et
2555 5422 2717 5487 plures
2744 5428 2874 5487 Mss,
2899 5416 3381 5487 ﬁnitttnt._Paulogue
3419 5418 3712 5487 post,iidem

2127 5492 2237 5541 add.
2260 5502 2370 5540 cum
2390 5495 2498 5537 Iov.
2519 5480 2761 5542 ferebant,
2784 5480 2970 5534 etiamsi
2992 5495 3084 5531 non
3109 5480 3567 5542 homini;tamenest
3592 5487 3710 5538 Deo,

2127 5540 2301 5618 parum
2332 5550 2458 5610 dico,
2497 5556 2593 5598 etc.
2619 5553 2675 5596 Al.
2694 5540 2802 5595 Mss.
2835 5544 3079 5607 plerique,
3104 5541 3293 5594 etiamsi
3315 5540 3498 5592 homini
3518 5554 3612 5591 non
3634 5548 3711 5592 ta-

2128 5621 2436 5747 ηιρξλῗξξιεν.
2458 5679 2510 5747 et
2530 5669 2756 5735 plerique
2778 5651 2904 5718 Mss;
2947 5665 3069 5729 Quid
3092 5678 3207 5730 ergo
3241 5669 3311 5717 est
3354 5663 3488 5730 apud
3512 5671 3664 5715 Deum
3687 5661 3715 5715 Ρ

2132 5742 2250 5789 Inde
2273 5740 2402 5802 fecit,
2428 5742 2524 5785 etc.
2941 5759 2961 5785 .-

2194 5804 2215 5834 ³
2238 5807 2312 5849 Er.
2337 5798 2486 5861 Lugd.
2511 5803 2630 5844 Ven.
2654 5804 2707 5844 et
2725 5801 2853 5843 bove
2903 5799 3147 5861 Nostergo.
3169 5789 3379 5861 exigatis
3397 5786 3524 5854 quod
3548 5792 3712 5852 aperte

2135 5870 2238 5917 ante
2259 5860 2357 5913 dici
2381 5852 2474 5910 non
2495 5869 2630 5923 posse
2651 5863 2782 5920 puto,
2803 5867 2951 5918 quam
2972 5852 3188 5905 videatis.
3254 5852 3364 5903 “
