4084 6448
357 453 515 513 1900

359 559 632 631 nubibus?
652 574 751 643 Qui
772 563 1005 644 contegit
1028 571 1352 642 Scripturam
1376 571 1554 642 figuris
1575 582 1627 627 et
1653 586 1949 628 sacramen-

363 671 464 725 tis.
492 668 585 724 ille
614 668 702 738 qui
735 667 975 722 humiliat
996 676 1305 738 peccatores
1329 681 1496 736 usque
1517 666 1581 721 ad
1614 678 1830 731 terram,
1862 666 1949 721 ille

363 761 465 833 qui
503 756 725 829 suscipit
761 766 1104 826 mansuetos,
1146 759 1365 825 cooperit
1401 757 1579 811 caelum
1618 757 1848 810 nubibus.
1884 757 1950 810 Et

354 855 489 925 quis
510 851 685 908 videat
704 851 898 907 coelum
926 851 1066 923 quod
1096 860 1407 921 coopertum
1437 858 1518 905 est
1548 850 1810 904 nubibus?
1829 848 1948 904 Noli

356 945 592 1010 timere;
637 942 761 998 audi
789 942 937 1013 quod
958 942 1197 1012 sequitur
1228 961 1241 996 :
1273 941 1371 1008 Qui
1396 942 1615 1013 coaperit
1641 941 1821 994 coelum
1848 957 1947 994 nu-

355 1036 550 1103 bibus,
587 1037 675 1108 qui
719 1044 869 1107 parat
908 1044 1055 1089 terra:
1102 1035 1341 1103 pluviam.
1383 1034 1482 1101 Qui
1516 1034 1736 1104 cooperit
1769 1034 1946 1086 cretum

350 1128 587 1182 nubibus
604 1142 623 1181 :
648 1126 941 1196 expavisti,
973 1125 1094 1195 quia
1118 1141 1223 1180 non
1250 1125 1398 1179 vides
1426 1124 1653 1190 omium;
1684 1138 1802 1178 cum
1827 1122 1947 1193 plu-

353 1220 526 1284 erit’,
548 1217 910 1282 fructificabis,
930 1225 983 1272 et
997 1231 1242 1272 serenum
1264 1216 1487 1271 videbis.
1515 1215 1745 1285 Cooperit
1765 1215 1944 1269 cretum

351 1310 579 1365 nubibus
600 1354 613 1378 ,
646 1310 728 1380 qui
763 1319 923 1380 parat
944 1320 1091 1365 terra:
1117 1308 1377 1381 pluviam:
1401 1307 1537 1363 forte
1564 1307 1667 1363 hoc
1694 1307 1816 1363 fecit
1841 1306 1945 1362 Do-

347 1403 541 1458 minus
572 1402 713 1457 Deus
739 1411 939 1457 noster.
966 1401 1078 1456 Nisi
1103 1402 1245 1455 enim
1267 1400 1585 1456 haberemus
1607 1400 1940 1454 occasionem

348 1496 699 1553 obscuritatis
728 1496 1142 1567 Scripturarum,
1178 1497 1275 1550 ista
1304 1495 1453 1550 vobis
1481 1510 1585 1549 non
1617 1493 1935 1557 diceremus,

346 1588 559 1660 quibus
601 1586 860 1657 gaudetis.
910 1586 1037 1641 Haec
1078 1601 1205 1656 ergo
1248 1585 1472 1641 fortasse
1519 1586 1692 1655 pluvia
1743 1593 1826 1640 est
1873 1585 1937 1639 ad

346 1692 520 1750 quam
554 1679 813 1750 gaudetis.
860 1678 1095 1747 Exprimi
1137 1679 1289 1733 vobis
1320 1694 1419 1747 per
1440 1679 1669 1748 linguam
1702 1686 1937 1732 nostram

348 1788 469 1826 non
488 1780 684 1841 posset,
707 1770 807 1825 nisi
836 1771 974 1825 Deus
1014 1770 1244 1824 nubibus
1268 1770 1551 1840 figurarum
1573 1770 1765 1824 ctelum
1788 1768 1935 1823 Scri-

346 1869 632 1937 ploratum
660 1864 974 1933 cooperiret.
995 1863 1075 1918 Ad
1098 1864 1201 1918 hoc
1220 1878 1346 1934 ergo
1364 1864 1451 1917 ille
1474 1863 1711 1933 cooperit
1741 1863 1935 1917 ccelum

346 1956 607 2023 nubibus,
637 1965 691 2010 ut
714 1964 861 2025 paret
890 1965 1045 2011 terrae
1065 1955 1317 2025 pluviam.
1338 1954 1417 2009 Ad
1445 1955 1545 2010 hoc
1570 1955 1794 2009 obscura
1816 1968 1935 2009 esse

340 2046 521 2102 voluit
553 2046 694 2101 dicta
738 2046 1125 2116 Prophetarum
1151 2087 1164 2110 ,
1198 2054 1256 2100 ut
1294 2045 1553 2101 haberent
1583 2055 1764 2115 postea
1792 2046 1932 2100 servi

352 2140 475 2195 Dei
504 2137 651 2210 quod
696 2137 1095 2208 interpretando
1145 2137 1423 2192 influerent
1475 2151 1634 2205 super
1676 2151 1832 2190 aures
1880 2144 1932 2190 et

341 2230 513 2287 corda
540 2230 834 2295 hominum,
852 2228 1223 2298 excipientium
1246 2227 1313 2283 de
1330 2227 1557 2282 nubibus
1579 2228 1671 2282 Dei
1694 2227 1931 2298 saginam

345 2324 557 2379 latitia:
595 2322 908 2393 Spiritualis.
954 2321 1053 2389 Qui
1092 2322 1312 2393 coeperit
1349 2320 1527 2375 caelum
1565 2319 1811 2387 nubibus,
1843 2320 1932 2390 qui

337 2422 496 2486 parat
526 2425 673 2469 terra!
699 2414 940 2484 pluviam.

423 2505 508 2563 16.
552 2507 651 2575 Qui
684 2507 871 2561 exoriri
908 2507 1031 2576 facit
1057 2507 1111 2560 in
1137 2507 1386 2561 montibus
1419 2510 1617 2577 fenum,
1649 2516 1695 2559 et
1725 2505 1927 2560 herbam

337 2600 573 2655 servituti
609 2599 885 2653 hominum.
931 2597 1069 2653 Ecce
1108 2598 1309 2653 fructus
1339 2597 1549 2667 pluviae.
1583 2597 1685 2664 Qui
1711 2600 1924 2662 exoriri,

337 2692 548 2762 inquit,
596 2692 716 2762 facit
750 2692 803 2745 in
833 2691 1084 2745 montibus
1125 2693 1313 2762 fenum.
1346 2689 1608 2760 Numquid
1642 2705 1747 2745 non
1786 2698 1839 2745 et
1872 2692 1927 2745 in

338 2792 489 2838 terra
535 2783 755 2837 humili?
792 2778 901 2839 Sed
943 2782 1091 2853 quod
1122 2798 1369 2853 magnum
1409 2790 1521 2848 est,
1564 2783 1616 2836 in
1654 2782 1923 2836 montibus.

340 2874 557 2930 Montes
582 2875 709 2929 dicit
735 2876 976 2930 excelsos
996 2875 1175 2929 seaculi
1212 2893 1223 2927 :
1256 2875 1429 2944 aliqua
1462 2888 1648 2944 magna
1672 2874 1926 2944 dignitate

333 2966 597 3037 prreditos
617 3010 630 3031 ,
659 2966 763 3021 hoc
796 2966 915 3021 loco
955 2976 1162 3020 montes
1187 2967 1387 3036 accipe.
1416 2967 1481 3021 Et
1502 2980 1606 3021 non
1629 2976 1709 3021 est
1730 2966 1923 3020 mirum

340 3056 475 3128 quia
505 3058 609 3112 duo
636 3059 837 3112 minuta
867 3058 1012 3112 misit
1034 3059 1211 3112 nescio
1245 3073 1362 3127 quae
1396 3057 1549 3112 vidua
1581 3058 1633 3112 in
1660 3058 1926 3128 gazophy—

339 3148 541 3203 lacium
560 3147 752 3220 (Mare.
780 3162 874 3215 xu,
906 3147 1033 3218 4‘2);
1065 3156 1204 3202 terra
1231 3146 1403 3201 attulit
1427 3146 1606 3202 fenum
1628 3188 1640 3211 ,
1667 3156 1802 3201 terra
1827 3147 1923 3200 hu-

331 3239 524 3295 milis:
558 3248 611 3293 et
636 3255 789 3294 mons
822 3238 1015 3293 attulit.
1053 3238 1339 3293 Zacchaaus
1366 3238 1453 3293 ille
1480 3239 1650 3307 major
1683 3239 1921 3308 publiea-

332 3338 531 3387 norum
561 3330 725 3403 (Luc.
757 3346 847 3385 xix
868 3374 881 3398 ,
907 3330 1079 3399 2-8);
1127 3329 1229 3385 hoc
1262 3330 1405 3384 enim
1442 3339 1555 3384 erat
1596 3331 1912 3397 mirabilius,

330 3422 469 3492 quia
494 3438 646 3477 mons
676 3422 850 3477 attulit
877 3421 1075 3477 fenum.
1109 3421 1319 3489 Quanto
1347 3424 1489 3477 enim
1516 3422 1639 3477 elati
1666 3430 1789 3477 sunt
1818 3423 1918 3477 ho-

330 3515 511 3569 mines
531 3555 545 3579 ,
568 3522 714 3568 tanto
734 3514 878 3567 avari
903 3521 1054 3577 sunt;
1083 3520 1136 3566 et
1164 3520 1360 3582 quanto
1385 3513 1435 3567 in
1466 3512 1566 3567 hoc
1595 3513 1790 3567 saeculo
1815 3529 1921 3567 ma-

329 3603 519 3674 jores,
542 3612 689 3657 tanto
709 3602 827 3672 plus
857 3611 1035 3656 amant
1054 3601 1263 3657 divitias
1284 3618 1427 3658 suas.
1456 3601 1609 3658 Unde
1638 3603 1727 3658 ille
1754 3604 1920 3657 tristis

337 3695 632 3761 abscessit,
668 3697 756 3765 qui
796 3696 1074 3751 consilium
1104 3696 1225 3751 vitae
1259 3706 1472 3752 aeternae
1507 3696 1717 3767 petebat
1750 3712 1780 3751 a
1810 3697 1918 3752 Do-

332 3788 485 3842 mino
507 3828 523 3852 ,
563 3795 617 3841 et
647 3786 928 3856 appellavit
956 3802 1075 3841 eum
1106 3788 1414 3857 magistrum
1455 3787 1652 3841 bonum
1690 3787 1910 3841 dicens:

338 3880 482 3947 Quid
508 3880 691 3951 faciant
715 3889 770 3933 ut
795 3880 947 3933 vitam
974 3887 1213 3933 ceternam
1243 3878 1489 3933 habeam?
1514 3878 1582 3932 Et
1604 3878 1692 3932 ille
1716 3894 1729 3930 :
1756 3878 1917 3932 Serva

335 3971 600 4025 mandata.
637 3970 805 4038 Qua?
842 3970 910 4024 Et
951 3969 1083 4023 dixit
1110 3968 1356 4023 mandata
1398 3969 1547 4038 legis.
1582 3967 1708 4022 Haec
1746 3969 1919 4021 omnia

332 4061 435 4131 feci
460 4076 490 4112 a
508 4062 765 4130 iuventute
789 4076 920 4115 mea.
944 4059 1147 4126 Unum,
1172 4059 1373 4130 inquit,
1405 4059 1491 4113 tibi
1516 4058 1671 4114 deest.
1705 4058 1791 4113 Vis
1811 4074 1917 4113 esse

334 4153 630 4223 perfectus?
677 4151 849 4217 Vade,
886 4152 1043 4207 vende
1082 4153 1252 4206 omnia
1286 4162 1373 4205 tua
1400 4166 1512 4220 qua:
1540 4151 1721 4219 habes,
1768 4160 1813 4205 et
1849 4152 1918 4205 da

334 4245 643 4316 pauperibus
662 4286 675 4310 ,
708 4257 753 4299 et
788 4245 988 4299 habebis
1018 4246 1309 4300 thesaurum
1335 4245 1387 4299 in
1423 4245 1578 4311 caelo;
1603 4254 1647 4299 et
1678 4246 1807 4309 veni,
1838 4261 1916 4299 se-

330 4354 490 4409 quere
510 4355 608 4392 me.
635 4337 771 4406 Quid
802 4337 934 4393 dixit
966 4338 1257 4392 Dominus?
1288 4338 1426 4393 Ecce
1453 4352 1606 4393 mons
1626 4352 1703 4403 es,
1735 4338 1916 4407 accipe

334 4431 591 4499 pluviam,
621 4439 675 4485 et
694 4429 759 4485 da
789 4428 991 4485 fenum.
1036 4428 1172 4496 Quid
1198 4429 1338 4484 enim
1367 4428 1585 4483 daturus
1609 4429 1709 4483 es?
1739 4442 1917 4483 nonne

336 4522 553 4577 fenum?
583 4522 791 4576 Etenim
826 4522 926 4576 ista
956 4522 1132 4576 omnia
1158 4536 1276 4591 quae
1302 4522 1555 4577 Ecetrasiae
1582 4521 1647 4575 ad
1677 4521 1914 4575 necessi-

344 4615 854 4669 tatesservientium
883 4615 993 4669 Deo
1019 4614 1216 4669 dantur
1243 4629 1271 4667 a
1301 4613 1582 4679 divitibus,
1616 4613 1740 4684 quid
1769 4621 1912 4682 sunt,

339 4707 445 4761 nisi
469 4706 689 4761 fenum?
716 4706 963 4761 Carnalia
986 4707 1126 4761 enim
1158 4714 1299 4773 sunt,
1331 4714 1383 4760 et
1419 4706 1485 4759 ad
1514 4713 1722 4774 tempus
1750 4719 1915 4774 appa-

336 4800 507 4854 rentia
543 4817 554 4852 :
590 4798 682 4853 sed
712 4812 816 4854 non
844 4799 966 4854 inde
987 4800 1185 4868 aliquid
1219 4799 1430 4853 carnale
1462 4799 1807 4868 conquiritur.
1842 4797 1918 4853 De

339 4890 501 4944 rebus
530 4888 725 4944 vilibus
748 4888 874 4959 quid
907 4903 1057 4945 emas
1082 4889 1315 4944 attende.
1344 4889 1627 4958 Apostolus
1648 4889 1789 4943 enim
1807 4887 1915 4955 ait,

338 4982 631 5037 ostendens
673 4982 853 5037 fenum
884 4997 1005 5038 esse
1032 4980 1157 5037 illud
1182 5025 1197 5049 ,
1235 4981 1297 5036 Si
1338 4997 1428 5035 nos
1462 4980 1598 5035 vobis
1635 4981 1920 5050 spiritantia

337 5076 720 5140 seminavimus,
752 5093 992 5149 magnum
1031 5085 1103 5129 est
1142 5077 1186 5130 si
1223 5086 1387 5130 uestra
1424 5075 1651 5129 carnalia
1674 5084 1919 5130 metamus

340 5164 380 5235 (I
405 5164 521 5219 Cor.
552 5182 625 5232 ix,
647 5166 772 5238 ii)?
792 5167 858 5222 Et
878 5168 1145 5237 audiquia
1168 5167 1395 5222 earnaiia
1424 5166 1601 5221 fenum
1627 5174 1770 5221 sunt.
1798 5165 1921 5220 0m-

338 5256 420 5309 nis
473 5272 593 5310 caro
627 5261 831 5328 fenum;
872 5268 918 5311 et
952 5259 1113 5311 omnis
1144 5257 1347 5311 claritas
1377 5256 1589 5310 hominis
1613 5265 1669 5310 ut
1692 5258 1790 5326 ﬂos
1818 5257 1922 5327 feni

346 5345 501 5415 (lsai.
530 5363 620 5410 χι,
647 5345 725 5417 6).
758 5347 898 5416 Ergo
931 5348 1017 5402 ille
1053 5348 1218 5401 tristis
1243 5347 1533 5411 abscessit;
1559 5353 1614 5401 et
1642 5347 1714 5401 ait
1745 5346 1922 5400 Domi-

250 5431 255 5434 ’
342 5453 444 5491 nus
475 5457 487 5491 :
527 5438 695 5504 Quam
729 5438 930 5508 difficile
962 5440 1097 5494 dives
1124 5440 1277 5492 intrat
1307 5439 1360 5493 in
1402 5455 1611 5508 regnum
1648 5438 1923 5493 caelorum!

342 5530 456 5585 Hoc
480 5544 608 5599 ergo
635 5546 882 5601 magnum
901 5572 915 5596 ,
943 5533 1065 5601 quia
1104 5532 1286 5586 exoriri
1332 5532 1452 5602 facit
1482 5531 1536 5584 in
1570 5530 1818 5583 utentibus
1848 5533 1924 5600 fe-

341 5640 485 5676 num.
519 5625 587 5678 Et
611 5623 879 5693 quomodo
907 5625 1089 5676 exoriri
1124 5625 1243 5693 facit
1274 5624 1328 5677 in
1366 5622 1613 5679 montibus
1645 5626 1836 5693 fenum,
1879 5622 1925 5676 si

340 5714 490 5769 dives
523 5715 645 5783 ille,
678 5714 858 5768 audito
888 5713 1025 5783 quod
1061 5730 1147 5769 res
1173 5728 1295 5769 suas
1330 5714 1549 5770 deberet
1577 5712 1704 5767 dare
1729 5728 1927 5782 paupe-
1989 5752 2003 5779 ι,

409 5852 425 5880 ι
451 5854 556 5918 Mss.
576 5857 699 5911 post,
729 5846 917 5907 ccelum,
940 5848 1137 5907 habent,
1162 5845 1463 5908 complueris.
1488 5856 1588 5896 Am.
1620 5854 1671 5898 et
1694 5853 1787 5909 Er.,
1814 5860 1927 5898 cum

335 5922 545 5975 pm.

1461 450 1854 510 ENARRATIO
1891 450 2317 521 INPSALMUM
2352 456 2577 519 CXLVI.

3503 475 3641 532 1910

2061 572 2240 639 ribus,
2288 576 2455 632 tristis
2493 579 3093 649 abscessit?Quomodo
3136 595 3319 655 postea
3367 591 3642 658 respondit

2057 664 2326 733 Apostoiis
2350 669 2712 726 contristatis?
2740 672 2866 737 Quae
2890 674 3171 731 hominibus
3191 677 3415 747 difﬁcilia
3438 680 3455 711 ί
3494 691 3634 748 sunt,

2057 752 2167 807 Deo
2193 758 2367 826 facilia
2400 770 2515 813 sunt
2542 752 2748 832 (Matth.
2778 780 2886 831 XIX,
2917 766 3117 838 1626).
3151 768 3290 838 Ergo
3330 769 3421 825 ille
3448 773 3638 825 exoriri

2058 847 2180 929 facit
2210 849 2262 902 in
2302 853 2549 907 ntontibus
2578 856 2778 924 fenum,
2805 859 2889 912 cui
2917 862 3093 914 omnia
3120 859 3297 917 facilia
3325 872 3468 918 sunt.
3499 863 3636 921 Nam

2057 938 2186 992 nihil
2224 950 2367 996 esset
2412 944 2645 1000 sterilius
2685 947 2984 1006 durissimis
3019 955 3306 1009 montibus.
3353 956 3496 1012 Pluit
3544 958 3637 1015 ille

2054 1030 2140 1097 qui
2168 1032 2291 1101 facit
2316 1034 2504 1086 exoriri
2534 1035 2585 1088 in
2606 1037 2853 1092 montibus
2879 1040 3083 1110 fenum,
3108 1053 3157 1097 et
3184 1045 3386 1099 herbam
3410 1048 3637 1102 servituti

2054 1124 2335 1178 hominum.
2373 1125 2470 1181 Cui
2499 1129 2958 1201 servituti?lpsum
2992 1135 3210 1190 Paulum
3241 1138 3487 1194 attende:
3522 1140 3636 1195 Nos

2053 1224 2220 1269 autern
2243 1259 2258 1284 ,
2292 1218 2492 1287 inquit,
2523 1237 2691 1277 servos
2728 1234 2913 1281 uestros
2964 1244 3053 1298 per
3077 1228 3256 1283 Iesum
3278 1229 3530 1285 Christum
3554 1239 3570 1303 (
3590 1233 3634 1288 ll

2053 1308 2169 1364 Cor.
2196 1326 2279 1377 1v,
2311 1310 2409 1384 5).
2443 1314 2541 1380 Qui
2569 1315 2795 1383 dicebat,
2851 1318 2913 1375 Si
2947 1336 3037 1375 nos
3066 1322 3202 1376 vobis
3227 1325 3513 1393 spiritantia
3549 1342 3633 1379 se-

2057 1404 2357 1459 minavimus
2377 1448 2390 1471 ,
2430 1424 2668 1478 magnum
2706 1420 2777 1465 est
2822 1413 2865 1465 si
2892 1424 3054 1467 vestra
3086 1415 3313 1469 carnalia
3342 1428 3587 1472 metamus
3608 1419 3635 1471 .9

2049 1508 2263 1549 servum
2294 1511 2352 1552 se
2369 1498 2525 1569 dixit.
2558 1498 2828 1558 Servimus
2858 1503 2998 1558 enim
3028 1507 3197 1571 vobis,
3232 1507 3437 1563 fratres.
3465 1508 3633 1563 Nemo

2050 1600 2109 1641 se
2152 1596 2391 1642 nostrum
2427 1590 2570 1645 dicat
2596 1594 2744 1661 quasi
2773 1594 3028 1663 majorem
3071 1596 3221 1650 vobis
3248 1612 3388 1652 esse.
3418 1598 3631 1654 Erimus

2045 1679 2299 1748 majores,
2343 1681 2387 1735 si
2429 1680 2690 1738 fuerimus
2733 1684 3087 1742 humiliores:
3117 1689 3429 1762 Quicumque
3460 1700 3629 1745 autem

2046 1771 2151 1823 vult
2171 1786 2276 1825 esse
2307 1774 2473 1843 major
2500 1783 2738 1839 uestrum,
2768 1776 2978 1831 Domini
3003 1780 3260 1833 sententia
3289 1790 3391 1846 est,
3421 1782 3513 1834 erit
3546 1798 3630 1837 ue-

2042 1868 2147 1914 ster
2171 1877 2337 1916 servus
2360 1862 2571 1933 (Matth.
2593 1880 2693 1930 xx,
2717 1865 2829 1936 96).
2853 1866 2993 1937 Ergo
3017 1869 3201 1923 exoriri
3221 1870 3344 1939 facit
3368 1872 3420 1924 in
3439 1874 3626 1926 monti-

2042 1951 2137 2006 bus
2162 1957 2333 2023 fenum
2355 1964 2401 2008 et
2421 1956 2625 2009 herbam
2644 1960 2865 2012 servituti
2888 1960 3170 2015 hominum.
3194 1962 3388 2018 Paulus
3410 1963 3626 2034 quidem

2043 2046 2315 2112 apostolus
2335 2046 2580 2100 manibus
2603 2048 2716 2102 suis
2734 2049 2937 2115 vivens,
2966 2050 3136 2119 ipsum
3160 2051 3339 2107 fenum
3365 2055 3623 2109 montium

2043 2133 2215 2188 noluit
2242 2135 2486 2204 accipere
2510 2154 2527 2202 ;
2556 2138 2722 2193 voluit
2750 2139 3021 2209 indigere”
3053 2159 3066 2195 :
3096 2142 3189 2197 sed
3215 2152 3389 2198 tamen
3413 2155 3623 2201 montes

2040 2226 2239 2283 dabant
2264 2227 2466 2283 fenum.
2489 2230 2625 2285 Num
2646 2232 2769 2300 quia
2791 2232 2879 2287 ille
2900 2233 3071 2287 noluit
3093 2236 3356 2304 accipere,
3378 2248 3621 2306 propter-

2038 2332 2101 2372 ea
2129 2327 2337 2374 montes
2361 2318 2491 2375 dare
2512 2337 2615 2377 non
2645 2322 2921 2388 deberent,
2946 2332 3004 2378 ut
3020 2325 3228 2381 steriles
3248 2331 3621 2384 remanerent?

2038 2409 2274 2465 Debetur
2325 2410 2515 2481 pluviae
2562 2414 2788 2479 fructus,
2832 2414 3053 2471 debetur
3092 2432 3248 2473 servo
3281 2420 3450 2488 cibus,
3483 2422 3621 2478 sicut

2040 2500 2300 2558 Dominus
2326 2506 2432 2559 ait:
2458 2505 2768 2563 Manducate
2796 2524 2907 2578 qua:
2930 2511 2993 2563 ab
3020 2512 3145 2581 ipsis
3162 2523 3299 2567 sunt.
3331 2515 3397 2568 Et
3426 2532 3492 2571 ne
3522 2532 3620 2589 pu-

2040 2603 2216 2650 tarent
2245 2598 2445 2666 aliquid
2474 2598 2539 2653 de
2564 2614 2660 2655 suo
2676 2600 2873 2655 donare
2901 2621 2913 2656 :
2935 2601 3135 2673 Dignus
3155 2616 3226 2659 est
3247 2607 3398 2675 enim,
3424 2609 3613 2680 inquit,

2036 2690 2299 2758 operarius
2326 2692 2550 2745 mercede
2567 2709 2659 2746 sua
2690 2693 2835 2763 (Luc.
2858 2711 2914 2760 Χ,
2939 2696 2992 2761 8,
3026 2697 3101 2767 7).

2109 2780 2197 2833 i7.
2242 2781 2455 2850 itaque,
2485 2781 2708 2850 fratres,
2748 2787 2996 2854 quoniam
3029 2789 3251 2857 contigit
3271 2790 3379 2859 jam
3419 2807 3485 2846 ex
3515 2793 3616 2848 ista

2033 2872 2317 2927 occasione
2340 2873 2537 2943 aliquid
2565 2875 2710 2944 loqui
2735 2876 2999 2949 vobis(a),
3028 2881 3257 2935 maxime
3285 2883 3407 2951 quia
3439 2882 3614 2952 loqui,

2032 2975 2174 3029 mur,
2205 2961 2326 3015 talia
2356 2978 2453 3017 nos
2492 2979 2598 3018 non
2624 2976 2921 3034 qumrcntes
2946 2982 2975 3020 a
3003 2968 3155 3023 vobis
3183 3011 3198 3037 ,
3245 2981 3297 3025 et
3326 2970 3446 3026 ideo
3479 2973 3612 3027 libe-

2034 3055 2148 3109 rius
2176 3055 2435 3111 dicimus:
2461 3057 2556 3112 sed
2581 3059 2682 3113 etsi
2712 3075 3091 3128 qumreremus,
3124 3061 3348 3116 fructum
3376 3070 3611 3119 vestrum

2031 3163 2410 3218 quaereremus,
2443 3159 2496 3203 et
2521 3164 2626 3204 non
2657 3161 2860 3205 vestras
2885 3168 3013 3221 opes
3040 3153 3081 3217 ³,
3134 3154 3225 3207 sed
3256 3163 3481 3209 vestram
3519 3157 3610 3224 ju-

2030 3239 2229 3293 stitiam
2252 3257 2262 3291 :
2289 3249 2463 3295 tamen
2492 3241 2755 3295 admoneo
2775 3242 3028 3309 breviter,
3048 3245 3294 3311 quoniam
3312 3246 3420 3313 jam
3447 3248 3611 3301 multa

2029 3330 2276 3396 diximus,
2322 3338 2376 3386 et
2415 3332 2702 3402 aliquando
2729 3348 2912 3388 sermo
2942 3334 3207 3389 finiendus
3234 3345 3350 3399 est;
3382 3337 3425 3389 si
3454 3337 3611 3391 vultis

2028 3438 2139 3479 non
2155 3439 2277 3478 esse
2295 3424 2529 3488 steriles,
2552 3433 2608 3479 ut
2629 3425 2871 3480 reddatis
2887 3441 2985 3495 pro
3010 3426 3184 3495 pluvia
3211 3425 3605 3493 fecunditatem,

2027 3533 2099 3573 ne
2138 3518 2420 3573 damnetur
2460 3528 2646 3588 postea
2689 3522 2941 3576 sterilitas
2968 3535 3143 3577 vestra
3170 3523 3441 3593 (minatur
3466 3525 3609 3579 enim

2027 3610 2173 3667 Deus
2204 3620 2360 3666 terra:
2383 3613 2551 3666 sterili
2581 3620 2634 3667 et
2661 3614 2889 3682 spiuosae
2916 3615 3089 3683 ignem
3121 3614 3302 3686 (llebr.
3334 3632 3406 3680 vt,
3442 3616 3492 3680 7,
3526 3616 3605 3685 8),

2027 3702 2165 3758 sicut
2195 3702 2482 3758 fructuosa:
2505 3705 2755 3758 horreum
2786 3714 2936 3773 parat
2960 3706 2977 3774 )
3002 3722 3016 3769 ;
3047 3706 3241 3760 efficite
3266 3716 3323 3759 ut
3344 3721 3437 3760 vos
3464 3707 3608 3774 ipsos

2027 3793 2252 3862 exigatis
2276 3834 2288 3857 ,
2330 3792 2599 3847 efficimini
2624 3802 2900 3847 exactores
2930 3794 3115 3849 vestri.
3144 3795 3386 3849 Christus
3418 3798 3606 3853 tacitus

2028 3884 2194 3953 exigit
2218 3899 2233 3947 ;
2266 3892 2321 3936 et
2348 3884 2519 3951 major
2546 3891 2626 3937 est
2652 3898 2754 3937 vox
2786 3884 3008 3937 tacentis
3032 3923 3046 3948 ,
3073 3885 3194 3953 quia
3219 3885 3272 3939 in
3312 3885 3608 3955 Evangelio

2025 3988 2133 4027 non
2174 3979 2331 4027 tacet.
2378 3972 2491 4026 Non
2536 3973 2677 4027 enim
2718 3988 2842 4028 vere
2873 3982 3049 4040 tacet,
3076 3988 3196 4028 cum
3221 3974 3349 4029 dicit
3382 3994 3394 4029 :
3428 3974 3607 4032 Facite

2023 4064 2163 4118 vobis
2177 4064 2363 4118 amicos
2379 4064 2444 4118 de
2466 4080 2751 4118 mammona
2771 4065 3068 4133 iniquitatis,
3092 4076 3147 4120 ut
3168 4076 3213 4120 et
3242 4068 3337 4136 ipsi
3361 4069 3605 4138 recipiant

2023 4170 2112 4209 vos
2126 4155 2179 4209 in
2193 4164 2379 4209 aeterna
2400 4155 2721 4209 tabernacula
2740 4154 2891 4225 (Luc.
2916 4171 3024 4220 xw,
3050 4155 3129 4226 9).
3154 4157 3269 4211 Non
3297 4168 3435 4212 tacet
3456 4159 3603 4227 ipse;

2024 4246 2204 4301 audite
2248 4260 2434 4300 vocem
2477 4245 2612 4315 ejus.
2647 4244 2814 4300 Nemo
2845 4246 2987 4300 enim
3025 4262 3122 4301 vos
3151 4256 3325 4316 potest
3351 4249 3602 4319 exigere;

2024 4337 2130 4392 nisi
2157 4336 2292 4392 forte
2316 4337 2592 4391 exactione
2618 4350 2754 4406 opus
2779 4344 2880 4402 est,
2913 4344 2975 4391 ut
2995 4338 3084 4406 qui
3110 4338 3258 4394 vobis
3283 4339 3336 4394 in
3366 4338 3608 4410 Evange-

2026 4429 2103 4484 lio
2126 4428 2386 4495 serviunt,
2412 4436 2593 4497 petant
2618 4442 2647 4480 a
2676 4427 2847 4483 vobis.
2879 4427 2933 4483 Si
2964 4428 3031 4483 ad
3055 4428 3156 4484 hoc
3183 4439 3395 4485 ventum
3422 4430 3605 4497 fuerit,

2023 4530 2088 4575 ut
2115 4528 2325 4591 petant;
2357 4519 2535 4575 videte
2559 4536 2627 4576 ne
2651 4520 2792 4590 quod
2832 4536 2927 4577 vos
2963 4536 2993 4577 a
3021 4522 3130 4578 Deo
3156 4525 3333 4593 petitis
3355 4566 3369 4589 ,
3414 4525 3606 4580 frustra

2025 4611 2240 4681 petatis.
2285 4611 2425 4681 Ergo
2462 4620 2633 4667 estote
2660 4624 2936 4669 exactores
2966 4615 3165 4681 vestri,
3205 4630 3275 4670 ue
3302 4614 3498 4684 aliquid
3529 4616 3609 4669 illi

2028 4702 2121 4772 qui
2149 4702 2300 4757 vobis
2325 4701 2382 4757 in
2407 4701 2698 4773 Evangelia
2723 4704 3001 4769 serviunt,
3032 4719 3138 4757 non
3167 4704 3286 4759 dico
3309 4716 3489 4772 petere
3514 4720 3606 4759 co-

2023 4801 2215 4864 gantur
2233 4834 2247 4859 ,
2285 4808 2408 4847 nam
2434 4792 2571 4849 forte
2599 4808 2697 4849 nec
2721 4795 2893 4848 coacti
2919 4802 3139 4862 petunt;
3178 4793 3270 4847 sed
3298 4810 3366 4849 ne
3391 4794 3607 4850 silentio

2024 4901 2125 4942 vos
2147 4895 2388 4957 arguant.
2420 4884 2572 4941 Unde
2599 4885 2853 4955 scriptum
2885 4892 2967 4939 est
2994 4902 3007 4938 :
3036 4884 3223 4939 Beatus
3252 4886 3336 4956 qui
3372 4886 3607 4955 intelligit

2025 4994 2177 5049 super
2217 4994 2429 5049 egenum
2469 4988 2514 5032 et
2540 4992 2811 5049 pauperem
2840 4974 3014 5046 (Psal.
3049 4991 3139 5043 XL,
3170 4975 3249 5045 2).
3283 4975 3415 5032 Cum
3455 4977 3605 5041 dicit,

2027 5070 2115 5140 qui
2142 5070 2376 5140 intelligit
2402 5084 2552 5138 super
2575 5083 2784 5139 egenum
2806 5076 2854 5121 et
2883 5083 3172 5137 pauperem,
3201 5083 3307 5121 non
3336 5077 3612 5138 exspectat

2027 5171 2089 5217 ut
2114 5169 2275 5230 petat.
2309 5158 2548 5228 lntellige
2576 5172 2734 5227 super
2764 5157 2939 5213 illum.
2972 5158 3120 5212 Alius
3158 5166 3209 5213 te
3246 5159 3435 5228 quaerit
3480 5160 3611 5217 indi-

2028 5265 2162 5321 gens
2181 5292 2196 5318 ,
2223 5250 2386 5304 alium
2412 5258 2467 5303 tu
2489 5246 2653 5303 debes
2672 5262 2912 5317 quaerere
2939 5247 3282 5318 indigentem.
3316 5248 3618 5321 Utrumque

2028 5342 2229 5398 dictum
2259 5349 2361 5405 est,
2403 5338 2597 5394 fratres
2622 5338 2728 5394 mei
2757 5356 2771 5392 :
2795 5346 2879 5407 et,
2910 5338 3061 5394 Omni
3087 5341 3268 5410 petenti
3294 5349 3341 5395 te
3366 5340 3433 5394 da
3458 5340 3604 5412 (Lua

2028 5451 2103 5502 vi,
2131 5433 2246 5504 50),
2275 5432 2435 5487 modo
2455 5432 2652 5489 lectum
2674 5442 2789 5499 est;
2815 5440 2871 5488 et
2893 5432 2997 5489 alio
3023 5434 3140 5489 loco
3163 5435 3436 5505 Scriptura
3461 5434 3608 5503 dicit,
3646 5432 3647 5435 “

2034 5527 2195 5584 Sudet
2221 5526 2534 5598 eleeutosyna
2559 5526 2614 5581 in
2641 5542 2794 5581 manu
2820 5534 2908 5580 tua
2927 5566 2942 5593 ,
2969 5543 3225 5597 quousque
3254 5527 3475 5581 invenias
3514 5527 3610 5595 ju-

2095 5660 2113 5692 ί
2138 5662 2210 5711 Sic
2231 5673 2401 5723 omnes
2420 5667 2524 5710 MSS.
2544 5660 2655 5710 Edd.
2682 5658 3161 5723 vero,‘intposs_ibilia.

2097 5722 2117 5752 ²
2144 5731 2242 5786 Α-ω.
2271 5728 2324 5772 et
2350 5722 2571 5785 plerique
2594 5730 2724 5783 Mss.,
2746 5720 2895 5773 noluit
2908 5720 3151 5786 indigere.

2097 5787 2118 5818 ³
2136 5783 2303 5834 Plures
2324 5783 2454 5842 Mss,
2471 5783 2660 5835 nostras
2672 5797 2801 5847 opes.

2098 5847 2171 5913 (ᾳ)
2196 5854 2288 5895 ttae
2325 5848 2388 5895 de
2427 5859 2503 5913 re_
2536 5843 2767 5913 superuis
2800 5847 2905 5910 egit
2942 5844 3070 5908 apud
3100 5843 3520 5908 Carthagmensci,
3568 5853 3637 5913 In,

1965 5922 1968 5925 ‘
2040 5909 2164 5960 Psal.
2185 5924 2280 5972 cm,
2302 5922 2449 5961 serm.
2475 5910 2523 5973 5,
2553 5908 2607 5959 n.
2630 5908 2760 5959 9-ίὲ-
