4084 6482
556 366 686 426 1911

550 495 685 539 stum
710 484 792 537 cui
821 498 929 535 eam
960 479 1153 535 tradas.
1178 474 1328 532 Alius
1354 481 1435 531 est
1455 473 1541 545 qui
1575 484 1624 529 te
1649 477 1859 546 quierit,
1888 475 2048 529 alium
2082 483 2137 529 tu

553 579 719 633 debes
747 591 1006 647 quierere.
1030 575 1136 629 Nec
1161 589 1280 629 eum
1310 572 1397 642 qui
1427 581 1478 626 te
1506 573 1696 641 quierit
1721 570 1989 640 relinquas
2021 569 2138 622 ina—

552 686 709 731 nem;
745 668 896 722 Umni
925 667 1066 722 enim
1097 665 1279 736 petenti
1306 674 1351 717 te
1372 664 1437 717 da
1461 680 1478 717 :
1500 661 1594 717 sed
1621 662 1757 716 alius
1786 671 1867 716 est
1894 674 2055 730 quem
2082 667 2138 713 tu

552 761 719 816 debes
739 774 1011 829 quaerere;
1044 758 1206 812 Sudct
1235 756 1549 825 eleemosyna
1574 755 1627 807 in
1656 770 1809 806 manu
1837 762 1924 806 tua
1949 768 2137 819 quous-

547 868 645 920 que
683 850 906 903 invenias
934 851 1132 920 justum
1168 848 1249 901 cui
1288 847 1395 900 des.
1439 846 1719 915 Nunquam
1760 842 1861 898 hoc
1899 842 2134 903 facietis.

549 946 651 1000 nisi
698 943 895 1014 aliquid
940 942 1007 997 de
1053 942 1212 997 rebus
1250 940 1442 996 vestris
1480 938 1772 1009 sepositum
1811 934 2134 1000 habueritis,

550 1036 693 1106 quod
721 1037 912 1106 cuique
938 1036 1112 1107 placet
1132 1050 1229 1105 pro
1252 1033 1569 1088 necessitate
1597 1031 1674 1085 rei
1699 1028 1973 1084 familiaris
2001 1040 2133 1091 sete,

496 1122 503 1126 ’
550 1141 802 1200 tanquam
831 1127 1067 1183 debitum
1096 1128 1246 1199 quasi
1278 1127 1407 1180 ﬁsco
1435 1123 1785 1179 reddendum.
1814 1122 1869 1177 Si
1896 1135 2004 1176 non
2036 1119 2135 1173 ha-

548 1220 641 1275 bet
682 1220 1065 1289 rempublicam
1113 1234 1262 1272 suam
1308 1216 1551 1272 Christus
1575 1258 1589 1280 ,
1622 1230 1725 1270 non
1757 1214 1916 1269 habet
1947 1214 2134 1267 iiscum

547 1327 725 1367 suum.
754 1312 940 1366 Fiscus
966 1310 1110 1365 enim
1138 1310 1283 1365 scitis
1307 1308 1433 1379 quid
1459 1309 1563 1362 sit?
1593 1308 1778 1362 Fiscus
1808 1320 1995 1361 saccus
2019 1313 2131 1372 est;

545 1406 691 1461 unde
712 1414 765 1460 et
792 1406 1007 1459 ﬁscella:
1049 1414 1102 1458 et
1131 1404 1329 1457 ﬁscina:
1372 1401 1641 1455 dicuntur.
1673 1400 1748 1455 Ne
1778 1399 1975 1470 putetis
2009 1397 2136 1467 quia

545 1498 737 1566 aliquis
759 1496 919 1551 draco
936 1506 1017 1551 est
1039 1495 1220 1561 ﬁscus,
1244 1494 1365 1564 quia
1401 1509 1520 1547 cum
1556 1493 1745 1546 timore
1771 1490 1984 1545 auditur
2009 1502 2135 1544 exa-

548 1600 665 1645 ctor
690 1590 837 1654 ﬁsci;
875 1588 1034 1643 ﬁscus
1063 1602 1246 1643 saccus
1274 1596 1356 1643 est
1393 1587 1655 1657 publicus.
1686 1586 1860 1655 Ipsum
1904 1582 2137 1638 habebat

542 1684 802 1737 Dominus
830 1683 915 1737 hic
936 1683 987 1737 in
1022 1681 1414 1752 terra,quando
1444 1681 1648 1736 loculos
1672 1678 1928 1745 habebat;
1960 1688 2013 1733 et
2033 1678 2133 1747 ipsi

539 1775 703 1830 loculi
729 1775 878 1830 Judte
901 1784 1054 1829 erant
1073 1774 1343 1829 commissi
1375 1772 1552 1843 (Joan.
1580 1787 1676 1838 χιι,
1699 1770 1778 1843 6).
1809 1770 2000 1825 Judam
2027 1780 2134 1825 tra-

540 1866 769 1921 ditorem
802 1865 1099 1935 patiebatur
1128 1865 1384 1919 Dominus
1409 1872 1464 1918 et
1495 1863 1665 1918 furem
1692 1904 1707 1929 ,
1739 1872 1792 1917 et
1822 1862 1873 1916 in
1903 1860 2019 1931 ipso
2046 1875 2135 1917 os-

541 1959 769 2015 tendens
797 1958 992 2027 ubique
1022 1957 1328 2028 patientiam
1358 1971 1507 2011 suam
1539 1974 1550 2009 :
1582 1963 1757 2009 tamen
1786 1954 1858 2008 illi
1889 1952 1979 2023 qui
2003 1967 2134 2008 con-

538 2050 816 2116 ferebant,
859 2050 911 2104 in
952 2050 1155 2104 loculos
1194 2048 1403 2102 Domini
1445 2045 1811 2102 conferebant.
1842 2044 1954 2099 Nisi
1993 2043 2132 2101 forte

538 2141 759 2212 putatis,
790 2142 911 2212 quia
941 2142 1200 2195 Dominus
1228 2140 1355 2205 ibat,
1380 2147 1434 2194 et
1453 2138 1690 2209 petebat,
1717 2145 1809 2191 aut
1836 2135 2127 2206 indigebat,

538 2234 623 2289 cui
667 2234 856 2303 Angeli
898 2232 1243 2297 serviebant,
1280 2231 1371 2301 qui
1417 2229 1484 2284 de
1523 2229 1757 2299 quinque
1790 2227 2017 2298 panibus
2052 2234 2132 2281 tot

534 2328 704 2383 millia
745 2327 1019 2381 hominum
1055 2326 1216 2395 pavit.
1249 2327 1424 2390 Quare
1450 2339 1579 2394 ergo
1604 2338 1762 2393 egere
1792 2321 1989 2387 voluit,
2025 2320 2127 2375 nisi

539 2430 595 2476 et
618 2422 767 2476 daret
796 2421 1098 2489 exemplum
1129 2418 1398 2474 montibus
1418 2459 1431 2482 ,
1462 2427 1521 2471 ιιι
1547 2424 1795 2486 parerent
1826 2414 2027 2479 fenum,
2062 2430 2129 2469 ne

535 2524 721 2569 contra
750 2513 980 2583 pluviam
1004 2512 1336 2567 sterilitatem
1359 2509 1682 2565 redderent?
1702 2508 1978 2563 Prtecidite
2000 2522 2129 2577 ergo

534 2604 755 2675 aliquid,
786 2614 838 2659 et
865 2604 1112 2673 deputate
1141 2603 1337 2673 aliquid
1356 2603 1573 2666 ﬁxum‘,
1598 2602 1683 2655 vel
1716 2616 1781 2655 ex
1810 2599 1998 2654 annuis
2017 2598 2126 2654 fru-

532 2696 723 2758 ctibus,
747 2697 827 2750 vel
844 2712 911 2751 ex
929 2694 1251 2765 quotidianis
1270 2694 1560 2765 qumstibus
1578 2694 1788 2748 vestris.
1813 2692 1944 2747 Nam
1971 2692 2123 2762 quasi

534 2788 603 2842 de
632 2789 752 2841 vivo
778 2790 797 2819 ²
826 2788 1022 2842 videris
1051 2787 1199 2851 dare,
1232 2796 1285 2842 et
1316 2802 1533 2841 necesse
1560 2795 1643 2841 est
1667 2796 1725 2839 ut
1766 2785 1992 2855 trepidet
2012 2799 2125 2839 ma-

532 2893 637 2932 nus
667 2888 774 2944 tua,
793 2878 1004 2948 quando
1023 2880 1164 2932 illam
1190 2879 1415 2949 porrigis
1441 2877 1508 2933 ad
1531 2876 1579 2931 id
1603 2876 1743 2947 quod
1769 2891 1873 2931 non
1891 2876 2123 2932 devove-

530 2970 837 3025 ras.Exime
854 2971 1081 3040 aliquam
1102 2979 1300 3039 partem
1317 2970 1619 3025 reddituum
1634 2979 1864 3024 tuorum.
1883 2968 2126 3024 Decimas

532 3063 653 3117 vis?
674 3063 917 3117 Dccimas
937 3062 1130 3128 exime,
1152 3077 1454 3132 quanquam
1480 3076 1662 3132 parum
1692 3061 1779 3114 sit.
1806 3059 2016 3116 Dictum
2043 3070 2126 3115 est

531 3155 672 3209 enim
691 3154 813 3225 quia
834 3154 1088 3209 Pharisaei
1104 3154 1340 3208 decimas
1358 3153 1556 3208 dabant
1579 3170 1591 3206 :
1610 3153 1798 3223 Jejuno
1822 3152 1897 3229 bis
1923 3153 1975 3206 in
2000 3152 2123 3207 sub-

530 3246 681 3313 bato,
718 3246 934 3299 decimas
978 3245 1043 3299 do
1081 3246 1304 3299 omnium
1345 3261 1669 3315 quaecumque
1700 3243 1931 3315 possideo
1968 3243 2119 3312 (Luc.

533 3354 686 3401 xvttt,
712 3338 824 3409 12).
858 3338 927 3392 Ει
954 3338 1079 3408 quid
1110 3339 1184 3392 ait
1207 3338 1461 3393 Dominus
1483 3338 1506 3391 ?
1528 3337 1648 3392 Nisi
1672 3338 2001 3393 abundaverit
2030 3339 2124 3409 ju-

530 3434 668 3486 stitia
689 3443 848 3487 vestra
870 3434 985 3503 plus
1013 3450 1165 3502 quant
1189 3433 1483 3489 Scribarum
1522 3443 1568 3486 et
1591 3431 1989 3496 Pharisaeorum,
2020 3449 2122 3487 non

532 3523 787 3577 intrabitis
823 3525 875 3577 in
903 3541 1113 3595 regnum
1132 3524 1372 3578 caelorum
1393 3523 1671 3596 (Matth.v,
1700 3523 1814 3594 ‘20).
1837 3524 1906 3578 Et
1932 3524 2021 3579 ille
2041 3539 2118 3579 su-

532 3630 631 3685 per
656 3630 812 3685 quem
830 3616 987 3670 debet
1006 3615 1496 3684 abundarejustitia
1516 3624 1624 3676 tua,
1643 3614 1879 3670 decimas
1914 3615 2035 3682 dat;
2064 3624 2121 3670 tu

530 3718 712 3761 autem
740 3722 839 3762 nec
870 3707 1207 3761 millesimam
1240 3707 1354 3762 das.
1386 3706 1666 3775 Quomodo
1691 3706 1971 3776 superabis
1996 3722 2120 3763 eum

529 3801 613 3854 cui
648 3815 753 3854 non
779 3799 1050 3868 sequaris?
1078 3800 1177 3866 Qui
1206 3801 1427 3870 cooperit
1456 3800 1635 3853 caelum
1663 3799 1892 3865 nubibus,
1923 3801 2008 3870 qui
2031 3816 2122 3871 pa-

530 3901 614 3944 rat
635 3901 780 3944 terra:
802 3890 1061 3961 pluviam;
1100 3892 1187 3960 qui
1213 3892 1398 3945 exoriri
1418 3892 1539 3962 facit
1567 3891 1620 3944 in
1647 3890 1897 3944 montibus
1924 3895 2117 3961 fenum,

529 3994 577 4036 et
605 3983 809 4036 herbam
834 3983 1061 4037 servituti
1092 3974 1372 4039 hominum.

603 4077 691 4128 18.
728 4073 876 4146 [vers.
894 4074 971 4146 9.]
994 4073 1059 4127 Et
1076 4075 1162 4128 dat
1186 4074 1445 4143 pecoribus
1466 4091 1628 4130 escam
1648 4076 1897 4145 ipsorum.
1915 4075 2120 4131 Pecora

529 4169 633 4221 ista
660 4168 805 4231 dicit,
833 4182 1023 4237 greges
1050 4167 1165 4222 Dei.
1190 4166 1303 4222 Non
1329 4168 1538 4222 fraudat
1564 4169 1701 4223 Deus
1724 4184 1938 4239 gregem
1964 4184 2117 4225 suum

532 4274 656 4313 esca
685 4274 777 4312 sua
812 4275 905 4327 per
929 4258 1191 4325 homines,
1223 4274 1447 4328 quorum
1474 4260 1715 4313 servituti
1746 4259 1961 4315 herbam
1993 4259 2121 4316 facit

533 4349 753 4401 exoriri.
774 4348 926 4402 Unde
952 4348 1079 4403 dicit
1105 4350 1392 4418 Apostolus
1424 4367 1435 4402 :
1470 4349 1594 4413 Quis
1622 4351 1781 4417 pascit
1806 4367 2039 4421 gregem,
2072 4358 2119 4405 et

530 4441 594 4493 de
620 4440 748 4493 lacte
766 4441 929 4509 gregis
960 4457 1058 4493 non
1084 4442 1293 4508 percipit
1321 4442 1368 4510 (l
1393 4439 1510 4495 Cor.
1534 4458 1606 4506 Ix,
1639 4442 1745 4512 7)?
1774 4442 1873 4508 Qui
1917 4444 2004 4497 dat
2031 4460 2119 4514 pe-

529 4530 728 4585 coribus
756 4546 919 4584 escam
950 4531 1207 4600 ipsorum,
1236 4542 1281 4584 et
1310 4533 1462 4601 pullis
1487 4549 1747 4586 corvorum
1774 4536 1859 4603 qui
1887 4536 2119 4591 invocant

529 4644 664 4678 ριιηι.
690 4625 803 4680 Hoc
823 4624 958 4679 forte
983 4625 1304 4694 putabimus,
1334 4625 1455 4693 quia
1484 4626 1627 4679 corvi
1652 4626 1817 4680 Deum
1846 4627 2113 4696 invocant,

502 4727 589 4772 ~nt
607 4718 697 4773 det
724 4719 827 4773 illis
853 4718 1065 4772 escam?
1095 4717 1171 4772 Ne
1193 4717 1293 4772 hoc
1319 4718 1580 4788 cogitetis,
1610 4718 1971 4775 irrationalem
1997 4722 2115 4776 ani-

462 4812 463 4815 “
501 4806 676 4865 'mam
737 4812 986 4865 invocare
1027 4811 1234 4875 Deum;
1290 4826 1396 4864 non
1452 4811 1599 4865 novit
1647 4812 1820 4864 anima
1867 4812 2117 4867 invocare

526 4906 717 4968 Deum,
750 4903 853 4957 nisi
881 4903 993 4958 sola
1021 4901 1317 4956 rationalis.
1350 4900 1402 4954 In
1445 4899 1611 4970 ﬁgura
1641 4901 1861 4971 accipite
1888 4901 2111 4969 dictum,

528 5012 599 5051 ne
626 4997 842 5065 putetis,
871 4996 1009 5062 sicut
1036 4996 1180 5065 impii
1206 4995 1421 5064 quidam
1450 4994 1648 5059 dicunt,
1680 4994 1881 5048 revolvi
1912 4994 2115 5050 animas

525 5090 791 5149 humanas
822 5088 888 5142 ad
917 5101 1129 5156 pecora,
1153 5086 1219 5141 ad
1250 5100 1429 5150 canes,
1462 5085 1526 5139 ad
1565 5098 1771 5155 porcos,
1808 5084 1873 5139 ad
1900 5100 2110 5139 corvos.

526 5182 643 5238 Hoc
697 5199 726 5235 a
780 5180 1031 5235 cordibus
1080 5180 1270 5234 vestris
1309 5178 1593 5243 excludite,
1627 5186 1681 5232 et
1709 5192 1737 5231 a
1786 5176 1887 5231 ﬁde
1915 5185 2109 5231 vestra.

528 5274 721 5329 Anima
745 5273 974 5326 humana
1001 5271 1135 5326 facta
1154 5270 1315 5325 estad
1343 5270 1624 5340 imaginem
1648 5270 1739 5325 Dei
1759 5269 1908 5342 (Gen.
1934 5285 1970 5334 ι,
1994 5269 2109 5340 26);

527 5381 635 5420 ηοη
668 5363 815 5418 dabit
860 5364 1141 5433 imaginem
1190 5376 1339 5417 suam
1387 5366 1505 5416 cani
1548 5370 1602 5416 et
1634 5377 1813 5431 porco.
1846 5361 1982 5428 Quid
2029 5370 2113 5416 est

526 5475 686 5529 ergo,
734 5456 800 5510 Et
831 5456 985 5527 pullis
1010 5471 1271 5508 corvorum
1300 5455 1385 5525 qui
1414 5456 1645 5509 invocant
1673 5455 1830 5510 eum?
1857 5454 1956 5521 Qui
1987 5465 2112 5511 sunt

526 5551 656 5620 pulli
687 5564 971 5613 corvorum
996 5549 1018 5601 ?
1050 5547 1302 5603 lsraelitte
1326 5564 1385 5603 se
1422 5548 1567 5603 solos
1589 5548 1763 5618 justos
1790 5563 1909 5604 esse
1952 5548 2100 5605 dice-

590 5733 606 5761 ¹
635 5730 801 5780 Plures
822 5736 952 5788 Mss,
981 5726 1114 5791 fisco.
1139 5725 1333 5791 Supple,
1357 5724 1550 5776 Christi.

589 5797 608 5823 ²
632 5794 704 5842 sic
720 5794 900 5854 aliquot
924 5786 1026 5839 Ms's.
1055 5799 1108 5839 Αι
1132 5786 1260 5838 Eddf:
1293 5796 1408 5854 (vam
1430 5786 1567 5854 quasi
1581 5786 1742 5854 divino
1765 5786 1962 5847 videris,
1984 5795 2105 5852 etc.,

531 5856 610 5923 vui
636 5864 685 5913 et
710 5849 847 5917 infra,
871 5855 993 5916 loco,
1013 5854 1283 5915 derat-eras,
1305 5850 1565 5913 habebant,
1591 5849 1839 5901 debueras.

1789 363 1842 417 s.
1887 344 2249 415 AUGUSTINI
2290 339 2596 415 Eniscom

3697 370 3821 432 19H

2245 472 2392 539 bant,
2435 474 2556 544 quia
2610 472 2804 544 Legem
2849 483 3200 545 acceperant;
3231 482 3458 533 caeteros
3488 492 3677 537 omnes
3715 502 3831 543 mo.

2248 567 2397 622 nium
2423 568 2659 638 gentium
2690 568 2934 625 homines
2960 578 3269 640 peccatores
3293 570 3565 629 dicebant.
3616 575 3684 630 Et
3711 593 3832 637 vera
3876 614 3887 653 ί

2247 674 2435 715 omnes
2471 668 2659 729 gentes
2706 661 2760 715 in
2788 670 3007 732 peccato
3028 704 3043 731 ,
3077 662 3131 717 in
3160 662 3460 720 idololatria
3487 707 3504 734 ,
3546 666 3602 721 in
3644 668 3825 726 adora-
3878 666 3884 679 ³

2248 752 2394 806 tione
2438 751 2671 822 lapidum
2722 761 2881 824 atque
2910 754 3173 825 lignorum
3211 758 3528 823 erant;sed
3580 764 3829 832 numquid.
3893 822 3899 828 ,

2245 845 2325 899 sic
2349 848 2766 901 remanserunt?
2812 848 2923 902 Etsi
2961 864 3069 904 non
3110 848 3208 920 ipsi
3239 852 3385 906 corvi
3426 861 3609 923 patres
3648 858 3827 924 nostri,

2247 945 2424 991 tamen
2456 938 2587 1008 pulli
2614 953 2898 995 corvorum
2921 956 3020 996 nos
3044 942 3146 1012 ipsi
3175 942 3487 999 invocamus
3511 945 3705 1001 Deum.
3736 946 3830 1003 Dat

2245 1029 2507 1097 pecoribus
2540 1046 2705 1084 escam
2743 1032 2990 1102 ipsorum,
3020 1042 3066 1088 et
3104 1034 3261 1103 pullis
3285 1050 3556 1091 corvorum
3584 1039 3672 1107 qui
3697 1040 3829 1096 invo-

2245 1128 2363 1174 cant
2396 1136 2527 1174 cum.
2563 1120 2667 1191 Ipsi
2695 1131 2819 1177 sunt
2844 1124 2974 1193 pnlli
3001 1138 3285 1181 corvorum
3311 1167 3326 1193 ,
3360 1129 3557 1197 quibus
3581 1128 3708 1184 dicit
3730 1129 3825 1187 Pe-
3884 1172 3889 1175 ι

2243 1218 2360 1265 trus
2389 1228 2403 1265 :
2439 1210 2571 1277 Quia
2607 1229 2709 1267 non
2734 1214 3052 1285 corruptibili
3079 1227 3285 1287 argento
3324 1218 3403 1272 vel
3432 1235 3564 1273 auro
3592 1220 3828 1292 redempti

2245 1303 2361 1356 estis
2381 1302 2444 1356 de
2467 1320 2779 1374 supervacua
2812 1316 2974 1360 vestra
3000 1308 3359 1363 consuetudine
3383 1326 3416 1363 α
3440 1312 3731 1378 parentibus
3752 1330 3825 1369 tte-

2243 1394 2361 1449 stris
2400 1397 2587 1450 tradita
2609 1398 2628 1468 (
2654 1397 2673 1451 l
2700 1395 2845 1451 Petr.
2875 1412 2924 1465 ι,
2959 1398 3027 1454 18
3058 1399 3099 1470 ).
3140 1399 3494 1457 Proﬁcientes
3534 1403 3676 1459 enim
3706 1405 3824 1475 pulli

2243 1500 2526 1541 corvorum
2566 1489 2658 1559 qui
2684 1489 2967 1545 simulacra
3001 1491 3181 1548 colere
3211 1492 3530 1551 videbantur
3556 1505 3826 1567 parentum

2243 1594 2484 1647 suorum,
2513 1583 2757 1637 conversi
2782 1594 2908 1638 sunt
2930 1583 2996 1639 ad
3025 1583 3211 1640 Deum.
3252 1584 3319 1641 Et
3347 1586 3504 1642 audis
3529 1588 3688 1645 modo
3711 1591 3825 1661 pul-

2246 1673 2353 1727 lum
2381 1675 2525 1729 corvi
2567 1675 2902 1731 invocantem
2933 1693 3098 1732 unum
3138 1678 3324 1733 Deum.
3365 1678 3505 1748 Quid
3548 1681 3711 1752 ergo?
3744 1683 3825 1738 di-

2242 1765 2434 1820 misisti
2459 1775 2662 1836 patrem
2687 1776 2855 1834 tuum,
2884 1768 3020 1824 dicis
3045 1770 3190 1840 pullo
3213 1772 3398 1827 corvi?
3426 1772 3614 1828 Dimisi
3637 1773 3785 1845 plane
3804 1793 3823 1831 :

2240 1857 2331 1913 ille
2356 1860 2501 1913 enim
2525 1875 2719 1917 corvus
2740 1876 2844 1916 non
2877 1862 3130 1918 invocans
3154 1864 3345 1932 Deum,
3369 1881 3471 1936 ego
3496 1868 3669 1936 pullus
3683 1872 3824 1924 corvi

2244 1946 2438 2003 invoco
2467 1950 2653 2004 Deum.
2691 1951 2757 2005 Et
2785 1953 2939 2021 pullis
2959 1969 3228 2009 corvorum
3254 1957 3339 2026 qui
3369 1958 3605 2013 invocant
3623 1977 3759 2016 eum.
3834 1988 3843 2023 ι

2311 2040 2397 2094 19.
2430 2038 2578 2111 [vers.
2609 2040 2720 2114 l0.]
2753 2040 2873 2097 Non
2903 2044 2955 2097 in
2982 2054 3240 2113 potentatu
3268 2048 3377 2116 equi
3404 2050 3826 2109 volutantemha-

2238 2130 2385 2185 bebit.
2444 2133 2755 2189 l’otentatus
2805 2135 2926 2207 equi
2971 2146 3053 2192 est
3100 2138 3367 2208 superbia.
3418 2139 3641 2197 Videtur
3684 2145 3820 2202 enim

2236 2239 2408 2295 equus
2438 2227 2597 2281 veluti
2628 2228 2694 2282 ad
2735 2240 3042 2300 suggestum
3088 2230 3319 2287 hominis
3359 2236 3823 2308 accommodatus,

2237 2327 2295 2371 ut
2321 2318 2479 2374 altior
2506 2320 2732 2375 incedat.
2764 2321 2831 2376 Et
2858 2338 3042 2379 revera
3070 2334 3153 2380 est
3180 2324 3234 2379 in
3261 2341 3327 2382 eo
3355 2326 3559 2394 cervix,
3591 2328 3827 2387 indicans

2234 2411 2515 2479 quamdam
2561 2414 2884 2483 superbiam.
2932 2415 3049 2471 Non
3092 2429 3155 2472 se
3192 2418 3451 2474 extollant
3497 2420 3739 2478 homines
3769 2424 3824 2481 in.

2233 2500 2347 2555 suis
2375 2502 2748 2574 dignitatibus,
2781 2521 2885 2561 non
2916 2522 2976 2561 se
3005 2506 3259 2564 sublimes
3289 2518 3475 2580 putent
3504 2510 3819 2582 honoribus;

2233 2605 2459 2649 caveant
2489 2612 2555 2651 ne
2584 2611 2722 2666 equo
2758 2598 3017 2653 indomito
3056 2601 3474 2671 prtecipitentur.
3513 2602 3646 2659 Vide
3684 2606 3820 2661 enim

2232 2688 2356 2758 quid
2385 2690 2582 2745 dictum
2615 2699 2696 2745 est
2725 2692 2775 2745 in
2802 2692 2907 2747 alio
2936 2692 3144 2763 psalmo
3178 2711 3191 2746 :
3227 2692 3297 2746 lli
3322 2696 3375 2748 in
3403 2697 3668 2762 curribus,
3700 2708 3744 2753 et
3769 2698 3819 2752 hi

2230 2781 2285 2835 in
2313 2784 2489 2853 equis;
2517 2800 2607 2837 nos
2634 2793 2801 2839 autent
2828 2786 2882 2839 in
2919 2786 3120 2840 nomine
3158 2785 3369 2841 Domini
3399 2788 3494 2842 Dei
3526 2791 3686 2844 nostri
3712 2806 3841 2881 nta-f

2231 2873 2605 2943 gniﬁcabimnr.
2636 2875 2747 2931 lloc
2773 2886 2875 2943 est,
2904 2877 2976 2931 illi
3010 2877 3062 2931 in
3094 2878 3387 2934 honoribus
3416 2880 3815 2950 temporalibus,

2231 2978 2329 3020 nos
2373 2966 2424 3019 in
2474 2966 2690 3021 nomine
2736 2966 2943 3021 Domini
2990 2968 3083 3023 Dei
3129 2969 3298 3023 nostri
3344 2968 3842 3038 magniﬁcabimnr.._

2229 3055 2516 3125 Propterea
2558 3057 2662 3111 illis
2698 3058 2823 3128 quid
2870 3057 3097 3113 accidit?
3135 3059 3323 3115 Videte
3364 3059 3493 3131 quid
3538 3062 3844 3132 sequiturz,

2230 3146 2346 3203 Illis
2369 3148 2575 3219 obligati
2597 3159 2711 3203 sunt
2738 3151 2907 3221 pedes,
2935 3161 2982 3205 et
3007 3151 3323 3218 ceciderunt;
3350 3169 3441 3207 nos
3465 3170 3581 3210 vero
3605 3155 3819 3210 surrexi.

2229 3257 2357 3305 mus,
2386 3250 2431 3294 et
2456 3242 2606 3293 erecti
2628 3257 2799 3296 sumus
2820 3242 2990 3311 (Psal.
3014 3259 3124 3311 xu,
3147 3243 3201 3309 8,
3225 3244 3304 3315 9).
3336 3242 3456 3299 Non
3485 3246 3542 3306 in
3565 3254 3816 3316 potentat-

2229 3331 2339 3400 equt'
2378 3332 2680 3385 voluntatem
2710 3332 2945 3398 habebit;
2975 3350 3065 3387 nec
3103 3336 3158 3388 in
3195 3334 3534 3391 tabernaculis
3571 3338 3671 3392 viri
3705 3339 3815 3396 hu

2228 3424 2423 3477 sentiet.
2457 3421 2523 3477 In
2552 3424 2915 3492 tabernaculis,
2950 3426 3155 3496 inquit,
3187 3427 3302 3481 viri.
3341 3426 3437 3484 Est
3469 3429 3615 3483 enim
3645 3428 3841 3495 tabera,

2228 3514 2475 3569 naculum
2506 3515 2749 3579 Domini,
2784 3516 2894 3586 ipsa
2931 3526 3111 3572 sancta
3144 3517 3383 3574 Ecclesia
3414 3528 3529 3574 toto
3559 3520 3692 3576 orbe
3715 3519 3810 3576 dif-
3836 3586 3839 3589 ἱ

2228 3606 2363 3661 fusa.
2388 3607 2632 3662 Ha-rvtiei
2663 3607 2960 3664 dividentes
2986 3624 3046 3664 se
3072 3609 3140 3664 ab
3165 3609 3419 3665 Ecclesiae
3443 3611 3815 3679 tabernaculis,

2228 3699 2325 3753 sibi
2356 3699 2690 3754 tabernacula
2721 3708 3013 3770 posuerunt
3040 3719 3053 3754 :
3084 3715 3189 3755 non
3219 3700 3270 3754 in
3306 3701 3437 3771 ipsis
3464 3702 3819 3758 tabernaculis-

2226 3791 2325 3847 viri
2353 3792 2488 3847 bene
2515 3793 2709 3847 sentiet
2737 3793 2895 3848 Deus.
2925 3792 3027 3849 Sed
3060 3793 3263 3863 pullum
3289 3808 3575 3850 corvorum
3604 3795 3838 3862 attende,

2226 3883 2488 3938 dicentem
2522 3901 2533 3936 :
2567 3882 2895 3955 Elegiabiiei
2933 3884 2985 3938 in
3021 3884 3171 3938 donto
3203 3884 3441 3952 Domini,
3480 3890 3643 3958 magis
3669 3905 3812 3961 quam

2227 3977 2452 4032 habitare
2473 3979 2524 4031 in
2543 3978 2881 4033 tabernaculis
2903 3988 3223 4049 peccatorum
3244 3978 3419 4049 (Psal.
3443 3997 3676 4047 Lxxxm,
3704 3982 3811 4053 il).

2225 4069 2436 4124 Etenim
2475 4069 2521 4123 si
2561 4069 2719 4123 alicui
2761 4069 2936 4137 bono,
2975 4070 3098 4140 pio,
3143 4072 3416 4126 conﬁtenti
3452 4073 3808 4130 inﬁrmitatem

2225 4176 2399 4228 suam,
2432 4161 2574 4230 pullo
2611 4161 2756 4215 corvi
2797 4161 3061 4216 invocanti
3094 4162 3280 4229 Deum,
3312 4165 3571 4235 contingit
3596 4166 3729 4221 forte
3755 4166 3808 4221 in

2225 4253 2462 4309 Ecclesia
2485 4269 2669 4309 carere
2692 4253 2894 4309 honore
2920 4254 3232 4324 temporali;
3261 4270 3365 4310 non
3395 4256 3435 4310 it
3458 4266 3611 4311 extra
3636 4257 3833 4334 Eccle-l

2224 4350 2378 4411 siam,
2409 4364 2516 4402 non
2541 4347 2640 4402 sibi
2666 4346 2790 4402 facit
2813 4356 2963 4401 extra
2992 4347 3281 4403 Ecclesiam
3313 4349 3732 4420 tabernaculum,
3754 4351 3809 4406 in

2223 4456 2329 4511 quo
2357 4454 2461 4494 non
2492 4439 2629 4494 bene
2657 4438 2852 4493 sentiat
2875 4439 3015 4495 Deus
3045 4456 3058 4494 :
3086 4440 3179 4495 sed
3204 4439 3332 4510 quid
3361 4440 3523 4495 dicit?
3546 4442 3694 4515 Elegi
3719 4444 3806 4497 ab-

2214 4536 2310 4605 jici
2335 4535 2387 4589 in
2408 4533 2557 4587 domo
2585 4532 2811 4599 Domini,
2836 4534 2997 4603 magis
3017 4548 3169 4603 quam
3192 4533 3417 4588 habitare
3442 4535 3495 4588 in
3519 4536 3809 4591 tabernacu-

2224 4631 2287 4684 lis
2314 4639 2648 4698 peccatorum.
2675 4624 2783 4680 Nec
2807 4628 2858 4680 in
2880 4627 3218 4682 tabernaculis
3241 4628 3335 4681 viri
3361 4629 3483 4683 bene
3506 4633 3704 4685 sentiet.

2292 4720 2380 4774 20.
2414 4716 2561 4791 [vers.
2593 4716 2705 4790 1L]
2734 4717 2840 4774 Sed
2870 4718 2995 4788 quid
3020 4717 3297 4789 adjungit?
3322 4717 3459 4774 Bene
3494 4721 3673 4777 sentiet
3697 4719 3803 4775 Do-

2222 4814 2387 4867 minus
2412 4817 2464 4865 in
2490 4811 2772 4866 timentibus
2800 4827 2913 4865 eum
2933 4851 2949 4878 ,
2982 4820 3027 4864 et
3053 4814 3107 4883 in
3137 4811 3214 4865 his
3241 4812 3328 4881 qui
3352 4821 3555 4883 sperant
3581 4814 3636 4867 in
3658 4814 3802 4867 mise-

2222 4905 2441 4960 ricordia
2460 4907 2590 4977 ejus.
2615 4904 2758 4959 Bene
2780 4903 2940 4958 sentit
2964 4903 3218 4958 Dominus
3238 4902 3291 4958 in
3318 4904 3629 4960 timentibus
3652 4920 3769 4960 eum
3784 4922 3801 4956 :

2222 4997 2315 5053 sed
2358 4996 2614 5066 numquid
2651 4997 2727 5051 sic
2772 4996 2986 5050 timetur
3023 4994 3195 5059 Deus,
3237 4995 3506 5064 quomodo
3546 5006 3600 5051 et
3638 4996 3805 5051 latro?

2221 5090 2350 5145 Nam
2382 5098 2435 5144 et
2461 5090 2597 5142 latro
2622 5089 2863 5151 timetur,
2895 5096 2951 5142 et
2977 5086 3145 5143 bestia
3174 5087 3419 5155 timetur,
3450 5097 3505 5142 et
3538 5087 3700 5143 homo
3729 5086 3805 5140 in-

2214 5185 2391 5255 justus
2413 5192 2465 5239 et
2490 5194 2676 5254 potens
2696 5181 2920 5237 multum
2949 5182 3182 5237 timetur.
3206 5179 3341 5236 Bene
3365 5190 3540 5236 sentiet
3560 5181 3805 5236 Dominus

2220 5281 2271 5334 in
2297 5279 2581 5333 timentibus
2606 5294 2719 5331 eum
2751 5293 2768 5331 :
2797 5276 2892 5332 sed
2917 5275 3188 5347 quomodo
3215 5276 3528 5331 timentibus
3548 5274 3710 5330 eum?
3740 5271 3803 5325 Et

2219 5374 2271 5427 in
2294 5374 2370 5427 his
2390 5373 2475 5442 qui
2496 5380 2698 5442 sperant
2720 5371 2773 5423 in
2797 5368 3142 5423 misericordia
3167 5369 3293 5439 ejus.
3324 5368 3461 5423 Ecce
3489 5366 3660 5422 timuit
3683 5378 3801 5420 eum

2219 5464 2382 5520 Judas
2413 5462 2634 5519 traditor
2660 5462 2881 5527 Christi,
2911 5460 3004 5515 sed
3031 5476 3136 5516 non
3166 5460 3398 5529 speravit
3425 5460 3477 5514 in
3502 5459 3803 5514 misericor-

2218 5557 2304 5613 dia
2335 5558 2519 5628 ipsius.
2552 5555 2741 5611 Postea
2762 5553 2903 5609 enim
2932 5553 3179 5623 paenituit
3209 5567 3331 5607 eum
3362 5553 3503 5621 quod
3532 5546 3801 5605 tradiderit

2220 5652 2505 5706 Dominum
2524 5692 2540 5717 ,
2570 5659 2623 5704 et
2650 5648 2789 5703 dixit
2822 5665 2835 5702 :
2869 5645 3114 5711 Peccavi,
3145 5646 3265 5716 quia
3293 5643 3481 5698 tradidi
3508 5641 3799 5713 sanguinem

2207 5746 2425 5817 justum.
2459 5744 2601 5798 Bene
2625 5740 2841 5813 quidem
2869 5739 3123 5806 timuisti;
3154 5738 3246 5801 sed
3272 5738 3315 5795 si
3345 5749 3588 5805 sperares
3616 5734 3668 5787 in
3696 5730 3798 5785 mi-

2218 5835 2503 5907 sericordia
2530 5836 2645 5907 ejus
2670 5846 2829 5909 quem
2855 5833 3094 5890 timuisti.
3135 5831 3223 5888 Ille
3261 5826 3591 5901 desperando
3630 5822 3795 5895 abiit.

3795 5938 3813 5981 ι

3162 6008 3167 6013 .
3190 6006 3271 6017 ’τι-ον
