4084 6448
172 526 209 670 ὲ

193 886 217 995 ξ

196 1007 215 1062 l

333 400 480 457 1913

332 522 389 568 et
418 513 613 584 laqueo
638 528 698 569 se
726 514 1019 586 suspendit.
1050 515 1259 590 (Matth.
1291 533 1452 583 xxvu,
1482 518 1537 583 4,
1564 517 1643 589 5).
1676 519 1815 590 Ergo
1838 520 1914 575 sic

331 606 468 662 time
493 607 806 676 Dominum,
836 618 894 664 ut
915 623 1100 679 speres
1127 611 1178 665 in
1206 610 1569 667 misericordia
1595 611 1730 682 ejus.
1760 612 1816 669 Si
1845 614 1918 668 tio

330 711 452 752 mes
491 697 783 762 latronem.
823 701 892 755 ab
930 702 1035 757 alio
1072 717 1254 774 speras
1291 704 1570 771 auxilium,
1602 722 1706 760 non
1744 706 1813 763 ab
1849 723 1914 763 eo

329 802 494 855 quem
526 788 680 843 limes
712 806 726 843 :
757 791 934 861 poscis
962 792 1213 847 auxilium
1240 794 1308 849 ab
1332 809 1398 850 eo
1422 811 1578 866 quem
1603 811 1710 852 non
1739 797 1911 866 times,

329 876 593 935 adversus
616 895 738 935 eum
762 896 918 952 quem
948 884 1122 940 times.
1150 885 1206 942 Si
1230 887 1308 942 sic
1329 887 1481 943 times
1508 888 1694 956 Deum,
1720 899 1774 945 et
1796 890 1916 946 ideo

330 967 494 1024 times
530 969 698 1025 Deum
727 972 849 1042 quia
880 984 1125 1043 peccator
1162 992 1256 1045 es,
1294 993 1325 1033 a
1361 993 1468 1049 quo
1506 989 1816 1050 accepturus
1855 996 1915 1037 es

328 1062 590 1117 auxilium
618 1063 875 1121 adversus
905 1067 1108 1123 Deum?
1131 1068 1247 1137 Quo
1281 1070 1449 1126 iturus
1477 1072 1574 1127 es?
1597 1072 1721 1143 quid
1750 1072 1916 1129 factu-

327 1153 462 1208 rus?
489 1154 580 1208 Vis
601 1156 668 1216 ab
691 1155 784 1211 illo
809 1155 1026 1227 fugere?
1052 1159 1131 1215 Ad
1159 1162 1328 1231 ipsum
1356 1161 1497 1232 fuge.
1528 1162 1619 1219 Vis
1646 1162 1826 1233 fugere
1848 1166 1915 1221 ab

327 1242 507 1298 irato?
526 1242 672 1314 Fuge
696 1244 763 1300 ad
788 1246 1069 1317 placatum.
1096 1250 1535 1307 Placabis‘autem
1557 1268 1701 1320 eum,
1725 1255 1769 1309 si
1796 1268 1917 1324 spe-

325 1347 422 1388 res
445 1334 498 1389 in
519 1334 880 1391 misericordia
904 1338 1103 1407 ipsius;
1125 1349 1283 1411 atque
1308 1342 1377 1396 ita
1398 1341 1464 1397 de
1482 1351 1677 1399 caetero
1700 1358 1917 1413 peccare

325 1438 553 1491 caveas,
585 1436 645 1480 ut
673 1426 739 1482 de
772 1430 1053 1497 praeteritis
1079 1430 1408 1501 depreceris,
1440 1443 1495 1488 ut
1524 1434 1617 1489 tibi
1643 1435 1917 1491 dimittan-

328 1524 421 1569 tur
446 1530 477 1569 a
509 1515 737 1572 Domino
755 1558 771 1585 ,
798 1519 883 1573 cui
910 1529 989 1574 est
1025 1519 1197 1577 honor
1220 1532 1275 1577 et
1312 1523 1591 1594 imperium
1614 1540 1735 1581 cum
1760 1526 1917 1584 Patre

327 1614 387 1660 et
412 1603 613 1676 Spiritu
641 1617 825 1663 sancto
850 1610 902 1663 in
927 1610 1122 1665 saecula
1147 1613 1482 1669 Steculorum.
1509 1617 1698 1670 Amen.

325 1757 1884 1784 ————__—________________

734 1856 817 1918 IN
858 1856 1239 1920 PSALMUM
1280 1858 1557 1922 CXLVII

956 1999 1370 2057 ENARRATIO.

907 2153 1076 2194 εειωο
1105 2155 1173 2194 AD
1200 2156 1424 2196 PLEBEH.

404 2270 456 2323 1.
485 2268 723 2325 Meminit
750 2267 991 2326 Charitas
1020 2280 1193 2327 vestra
1222 2272 1289 2328 de
1328 2274 1531 2343 psalmo
1562 2290 1719 2345 quem
1753 2276 1913 2332 modo

330 2359 682 2426 cantavimus,
711 2359 766 2415 in
795 2360 1104 2417 hodiernum
1126 2362 1268 2419 diem
1294 2380 1394 2419 nos
1418 2365 1685 2422 distulisse
1710 2383 1914 2424 sermo-

329 2464 477 2505 nem.
510 2450 628 2521 lpse
658 2451 801 2506 enim
841 2461 990 2520 erat,
1021 2463 1075 2509 ct
1100 2454 1188 2510 die
1219 2456 1486 2513 dominico
1528 2459 1694 2514 lectus
1722 2470 1832 2525 est,
1861 2471 1915 2517 et

330 2541 639 2597 tractandus
666 2542 778 2612 ipse
805 2554 1101 2615 susceptus.
1125 2545 1228 2602 Sed
1256 2549 1376 2618 quia
1404 2552 1703 2622 evangelica
1730 2553 1915 2610 lectio-

329 2648 402 2687 ne
438 2642 562 2689 tunc
599 2636 859 2704 permoti,
889 2652 1001 2707 prae
1038 2639 1398 2709 magnitudine
1427 2644 1630 2701 timoris
1667 2648 1833 2701 nostri
1861 2657 1915 2703 et

330 2733 523 2779 vestra:
548 2725 789 2780 utilitatis
813 2726 1077 2782 immorati
1103 2745 1286 2785 sumus
1311 2732 1362 2787 in
1383 2747 1448 2787 eo
1470 2734 1610 2804 quod
1635 2736 1787 2792 nobis
1812 2737 1915 2793 Do-

330 2815 511 2870 minus
530 2815 670 2871 diem
696 2818 1039 2874 novissimum
1065 2822 1477 2889 commendavit,
1504 2836 1792 2898 cautosque
1815 2844 1913 2885 nos

332 2916 390 2960 et
426 2907 703 2977 vigilantes
739 2919 1048 2980 exspectare
1076 2913 1243 2968 voluit
1277 2914 1558 2971 adventum
1590 2932 1775 2985 suum;
1808 2928 1915 2975 ter-

327 3013 458 3054 rens
482 3000 642 3055 etiam
669 3002 914 3073 exemplo
935 3045 949 3068 ,
976 3019 1043 3060 ne
1070 3004 1285 3061 damnet
1308 3006 1540 3077 judicio;
1569 3010 1647 3065 sic
1678 3009 1912 3067 futurum

330 3089 518 3145 dicens
542 3090 825 3147 adventum
856 3093 948 3149 filii
977 3095 1239 3163 hominis,
1266 3098 1404 3154 sicut
1442 3101 1493 3155 in
1524 3101 1711 3158 diebus
1750 3103 1863 3160 Noe
1895 3124 1911 3164 :

328 3181 723 3238 manducabant
748 3192 803 3239 et
830 3183 1117 3251 bibebant,
1146 3189 1422 3258 emebant,
1453 3192 1783 3261 vendebant,
1812 3212 1911 3251 nu-

330 3273 530 3328 hebant
548 3316 563 3341 ,
591 3290 785 3331 uxores
809 3276 1105 3345 ducebant,
1132 3278 1302 3335 donec
1330 3281 1571 3337 introiret
1608 3284 1719 3340 Noe
1744 3286 1797 3340 in
1824 3301 1912 3341 ar-

328 3379 485 3430 cam,
516 3375 571 3420 et
598 3366 739 3422 venit
772 3366 1024 3423 diluvium
1045 3411 1058 3434 ,
1091 3380 1145 3424 et
1187 3370 1416 3440 perdidit
1459 3388 1646 3429 omnes
1685 3375 1909 3446 (Matth.

332 3457 512 3528 xxiv).
545 3457 767 3514 Solliciti
798 3474 927 3530 ergo
952 3469 1008 3515 et
1044 3475 1235 3531 magno
1276 3463 1463 3518 timore
1491 3467 1730 3521 concussi
1762 3466 1913 3538 (quis

328 3547 478 3601 enim
505 3547 549 3602 si
577 3547 780 3615 credit,
810 3563 913 3604 non
941 3549 1215 3621 timeat?),
1247 3551 1300 3606 in
1326 3567 1391 3607 eo
1416 3568 1629 3623 sumus,
1660 3566 1912 3626 quantum

328 3637 638 3705 potuimus,
668 3638 967 3706 immorati,
1001 3649 1057 3693 ut
1094 3640 1161 3695 de
1200 3642 1392 3697 vestris
1428 3643 1665 3700 moribus
1701 3646 1914 3718 vitaque

328 3736 515 3782 vestra
543 3739 596 3783 et
632 3729 868 3785 omnium
898 3739 1137 3785 nostrum
1167 3746 1343 3788 sermo
1372 3734 1777 3805 produceretur,
1807 3754 1913 3808 quo

327 3819 602 3888 possimus
631 3820 779 3874 illum
817 3819 959 3875 diem
1000 3834 1105 3875 non
1142 3822 1311 3876 solum
1351 3825 1524 3878 securi
1562 3836 1909 3895 exspectare,

330 3909 432 3963 sed
459 3910 617 3964 etiam
647 3909 971 3967 desiderare.
997 3908 1052 3966 Si
1078 3912 1219 3965 enim
1243 3926 1481 3966 amamus
1499 3910 1788 3980 Christum,
1811 3917 1912 3972 uti-

335 4016 446 4072 que
471 4001 754 4056 adventum
792 4003 906 4072 ejus
940 4001 1245 4058 desiderare
1280 4002 1553 4059 debemus.
1596 4004 1911 4064 Perversum

330 4092 482 4146 enim
507 4101 607 4157 est,
634 4101 689 4147 et
711 4092 891 4148 nescio
915 4100 1092 4148 utrum
1118 4108 1322 4158 verum,
1346 4109 1503 4163 quem
1528 4094 1701 4166 diligis
1724 4097 1913 4155 timere

336 4197 411 4237 ne
440 4182 647 4249 veniat;
677 4196 852 4248 orare,
879 4182 1122 4237 Adveniat
1149 4200 1357 4253 regnum
1385 4192 1525 4240 tuum
1549 4183 1657 4255 (Id.
1683 4201 1758 4252 Vl,
1785 4187 1909 4261 I0);

329 4284 392 4330 ct
422 4274 607 4330 timere
636 4289 703 4330 ne
728 4273 1046 4330 exaudiaris.
1079 4274 1227 4331 Unde
1249 4283 1426 4331 autem
1455 4277 1653 4331 timor?
1679 4278 1799 4348 quia
1822 4279 1912 4349 ju-

329 4368 441 4423 dex
466 4378 718 4423 venturus
743 4368 857 4423 eSt?
886 4366 1148 4437 Numquid
1178 4366 1441 4437 injustas?
1467 4369 1722 4439 numquid
1747 4371 1913 4426 male-

332 4460 525 4515 volus?
547 4459 800 4531 numquid
825 4458 1066 4513 invidus?
1088 4458 1339 4529 numquid
1368 4468 1638 4529 postremo
1657 4460 1724 4516 ab
1743 4460 1913 4518 altero

330 4562 656 4623 exspectans
698 4567 857 4607 nosse
890 4566 1101 4607 causam
1139 4561 1312 4618 tuam;
1351 4567 1419 4607 ne
1451 4553 1588 4609 forte
1624 4555 1715 4610 ille
1751 4570 1913 4626 quem

332 4644 653 4710 instruxisti,
685 4644 768 4699 vel
796 4642 1227 4713 prtevaricatione
1256 4651 1307 4698 te
1334 4641 1584 4713 decipiat,
1612 4645 1694 4701 vel
1723 4647 1912 4702 minori

332 4735 581 4791 facundia
606 4745 661 4791 et
688 4735 935 4791 facultate
954 4735 1227 4801 deficiens,
1250 4736 1564 4793 innocentiae
1586 4745 1690 4794 tute
1714 4739 1912 4797 bonum

330 4833 516 4887 verbis
540 4832 904 4888 demonstrare
934 4847 1036 4887 non
1064 4832 1260 4902 possit?
1284 4831 1423 4886 Nihil
1450 4834 1658 4888 horum.
1681 4833 1810 4901 Quis
1829 4848 1915 4889 cr-

332 4938 406 4992 go
443 4934 694 4979 venturus
735 4925 849 4979 est?
877 4938 1041 4993 quare
1078 4938 1183 4977 non
1221 4923 1457 4993 gaudes?
1493 4923 1624 4990 Quis
1658 4934 1913 4980 venturus

332 5021 423 5067 est
443 5012 678 5081 judicare
704 5022 775 5079 te,
799 5014 901 5068 nisi
924 5014 1011 5082 qui
1035 5014 1176 5069 venit
1195 5014 1418 5083 judicari
1445 5024 1662 5085 propter
1688 5015 1775 5071 te?
1796 5016 1911 5072 Non

335 5103 527 5157 timeas
549 5114 929 5169 accusatorem,
953 5104 1019 5159 de
1038 5119 1143 5175 quo
1164 5105 1278 5175 ipse
1302 5104 1468 5159 dixit:
1494 5104 1737 5177 Princeps
1760 5106 1931 5179 hujus

333 5197 512 5249 mundi
533 5198 714 5253 missus
736 5208 807 5251 est
828 5202 966 5269 foras
991 5197 1166 5268 (Joan.
1194 5213 1289 5261 xu,
1313 5197 1424 5267 5i).
1452 5197 1565 5253 Non
1593 5199 1778 5253 timeas
1801 5216 1913 5256 ma-

333 5287 448 5342 lum
481 5288 828 5356 advocatum;
866 5291 952 5346 ille
984 5290 1124 5345 enim
1156 5288 1246 5343 tibi
1286 5288 1446 5344 modo
1483 5289 1769 5344 advocatus
1793 5300 1908 5360 est,

334 5382 428 5451 qui
472 5391 593 5437 tunc
628 5382 789 5453 judex
831 5384 1037 5437 futurus
1061 5390 1163 5436 est.
1191 5379 1283 5436 llle
1311 5381 1441 5445 erit,
1471 5390 1526 5437 et
1558 5391 1641 5447 tu,
1671 5391 1726 5437 et
1753 5398 1911 5440 causa

335 5483 425 5527 tua
450 5489 465 5540 ;
495 5489 674 5528 sermo
694 5489 865 5529 causa:
888 5483 1008 5538 tute,
1040 5472 1395 5527 testimonium
1422 5474 1759 5528 conscientia:
1785 5483 1907 5529 tute.

328 5564 584 5635 Quisquis
603 5580 731 5635 ergo
750 5564 986 5620 futurum
1008 5564 1236 5634 judicent
1260 5564 1433 5628 times,
1457 5572 1769 5632 praesentem
1792 5580 1911 5621 con-

332 5658 611 5712 scientiam
639 5669 779 5713 tuam
806 5658 963 5713 modo
992 5659 1217 5726 corrige.
1251 5657 1510 5712 Parumne
1538 5657 1631 5711 tibi
1663 5665 1746 5712 est
1771 5659 1911 5727 quod

334 5751 607 5818 prmterita
645 5766 748 5806 non
786 5750 1051 5820 requiret?
1077 5749 1203 5806 Sine
1231 5750 1434 5819 reliquo
1459 5750 1631 5819 spatio
1660 5753 1911 5821 temporis

333 5850 465 5917 tunc
486 5841 740 5912 judicabit
766 5861 777 5897 :
801 5842 892 5899 sed
919 5856 1037 5897 cum
1059 5849 1254 5912 quanto
1278 5841 1447 5911 Spatio
1474 5841 1722 5912 temporis
1749 5842 1905 5911 modo

1363 400 1756 461 ENARRA'I‘IO
1794 394 1858 461 IN
1897 400 2215 467 PSALMUM
2251 411 2498 473 CXLVII.

3453 426 3594 498 49M

2015 530 2291 619 prtccipit?
2316 532 2464 589 Tunc
2498 534 2607 605 jam
2632 539 2649 569 ⁸
2676 538 2869 610 corrigi
2900 554 3002 596 non
3038 541 3216 599 licebit
3242 563 3257 599 :
3288 546 3444 601 modo
3469 530 3605 619 quis.

2018 618 2302 688 prohibet?
2328 623 2439 680 Hoc
2462 640 2583 681 cum
2617 628 2958 686 vehementer
2982 634 3472 692 commendaremus
3492 618 3589 693 do-

2019 709 2214 765 minico
2238 711 2345 781 die,
2373 716 2495 785 quia
2522 732 2728 785 revera,
2758 721 2879 791 quia
2904 736 3068 793 prope
3094 725 3192 780 hoc
3215 727 3384 782 solum
3409 728 3591 785 dicen-

2019 797 2143 852 dum
2171 810 2281 867 est;
2312 818 2420 858 non
2458 821 2640 876 parum
2671 812 2923 880 temporis
2949 812 3185 882 efﬂuxit,
3213 824 3268 871 et
3298 819 3464 873 coacti
3502 834 3594 874 su-

2020 904 2137 945 mus
2159 890 2300 948 hunc
2318 896 2579 963 psalmum
2600 910 2902 971 susceptum
2922 903 2988 958 ad
3010 906 3360 975 tractandum,
3378 908 3430 963 in
3449 907 3591 966 hunc

2020 981 2162 1037 diem
2199 982 2432 1041 differre.
2465 986 2619 1044 Modo
2646 991 2759 1060 ipse
2793 1004 2985 1062 praesto
3010 1004 3123 1061 est;
3165 996 3496 1053 intendamus
3534 1000 3591 1055 in

2020 1086 2143 1127 eum
2161 1114 2175 1141 ,
2205 1074 2311 1130 imo
2337 1076 2389 1131 in
2420 1077 2584 1133 Deum
2614 1080 2703 1150 qui
2732 1080 2829 1137 hos
2856 1097 3129 1141 sermones
3166 1102 3260 1158 per
3286 1088 3589 1145 misericor-

2019 1164 2159 1220 diam
2187 1182 2336 1223 suam
2362 1169 2415 1224 in
2441 1169 2637 1240 Spiritu
2664 1187 2760 1229 suo
2785 1174 3091 1245 dispensare
3118 1178 3361 1250 dignatus
3387 1190 3489 1245 est,
3516 1182 3589 1238 ita

2020 1266 2079 1311 ut
2100 1256 2212 1327 ipse
2232 1260 2377 1315 novit
2393 1262 2642 1332 expedire
2664 1264 3055 1323 infirmitatibus
3070 1270 3283 1324 nostris.
3299 1270 3427 1338 Quis
3446 1274 3589 1328 enim

2020 1360 2162 1417 :cger
2187 1350 2465 1405 consilium
2493 1352 2700 1409 medico
2724 1354 2852 1410 dare
2880 1356 3076 1412 audet?

2089 1439 2142 1493 2.
2171 1438 2303 1495 Cum
2336 1441 2617 1512 legeretur,
2647 1445 2808 1500 credo
2832 1456 2924 1502 aut
2947 1462 3133 1505 omnes
3158 1460 3249 1505 aut
3276 1452 3469 1509 multos
3496 1469 3591 1510 ve.

2019 1538 2186 1585 strum
2216 1532 2655 1590 animadvertisse
2680 1536 2821 1605 quod
2861 1536 3051 1594 habeat
3083 1540 3290 1612 aliquos
3316 1558 3500 1599 versus
3524 1545 3590 1600 ad

2018 1635 2152 1691 quos
2177 1623 2491 1691 aperiendos
2515 1625 2828 1694 pulsandum
2858 1638 2958 1695 est,
2989 1632 3325 1703 maximeque
3359 1634 3445 1690 ubi
3472 1636 3545 1690 ait
3574 1654 3589 1690 :

2022 1712 2122 1778 Qui
2149 1714 2235 1768 dat
2258 1715 2418 1769 nivem
2441 1717 2573 1770 velut
2594 1716 2780 1785 lanam,
2804 1720 3036 1775 nebulam
3054 1724 3188 1777 velut
3207 1728 3420 1779 cinerem
3439 1743 3587 1796 spar-

2017 1804 2090 1873 git
2118 1820 2137 1857 :
2161 1805 2247 1874 qui
2284 1806 2433 1859 mittit
2472 1808 2762 1877 crystallum
2797 1826 2944 1865 suum
2971 1813 3104 1867 velut
3131 1814 3295 1883 frusta
3330 1818 3509 1886 panis;
3536 1819 3591 1872 in

2018 1897 2199 1967 faciem
2234 1898 2437 1968 frigoris
2473 1900 2582 1970 ejus
2617 1902 2729 1970 quis
2765 1903 3039 1959 subsistet?
3066 1906 3160 1962 His
3187 1909 3327 1963 enim
3365 1910 3589 1978 auditis,

2018 1989 2258 2059 quisquis
2287 2005 2349 2046 ea
2375 1990 2567 2061 accipit
2598 1992 2665 2047 ad
2695 1993 2924 2049 litteram
2945 2036 2960 2061 ,
2988 2011 3146 2066 opera
3177 1999 3386 2068 quidem
3414 2000 3589 2056 divina

2017 2080 2284 2150 cogitavit.
2313 2081 2442 2148 Quis
2480 2082 2621 2137 enim
2663 2082 2755 2140 dat
2793 2086 2967 2141 nivem
2989 2127 3003 2152 ,
3035 2088 3134 2142 nisi
3174 2088 3353 2144 Deus?
3381 2099 3435 2145 et
3471 2092 3591 2162 quis

2017 2169 2264 2225 nebulam
2306 2172 2537 2242 spargit,
2574 2172 2676 2227 nisi
2718 2175 2886 2229 Deus?
2922 2178 3227 2248 crystallum
3257 2181 3373 2251 quis
3399 2179 3588 2249 durat,

2016 2263 2118 2317 nisi
2148 2263 2299 2333 ipse?
2324 2264 2393 2319 Et
2418 2265 2614 2320 habent
2641 2265 2754 2321 hate
2792 2268 2891 2322 tria
2930 2270 3304 2327 similitudines
3330 2288 3591 2344 congruas

2016 2354 2304 2423 oppositas.
2345 2354 2527 2425 Neque
2564 2358 2703 2411 enim
2741 2357 3017 2414 dissimilis
3050 2370 3133 2415 est
3173 2362 3291 2415 lana
3329 2364 3472 2431 nivi,
3500 2374 3591 2420 aut

2016 2447 2150 2502 cinis
2176 2448 2410 2512 nebulae,
2437 2457 2527 2502 aut
2553 2448 2715 2504 frusta
2742 2450 2892 2520 panis
2918 2451 3166 2507 candidi’
3192 2454 3349 2509 nitori
3375 2464 3430 2510 et
3455 2470 3584 2510 can-

2016 2537 2131 2593 dori
2160 2539 2414 2610 crystalli.
2456 2540 2552 2595 Est
2588 2541 2731 2596 enim
2770 2542 3075 2614 crystallum
3112 2545 3315 2614 Species
3341 2545 3583 2616 qumdam

2017 2630 2071 2685 in
2098 2630 2311 2685 modum
2340 2631 2491 2698 vitri,
2520 2632 2613 2687 sed
2638 2633 2921 2688 candidum
2951 2642 3051 2689 est.
3081 2634 3193 2690 Hoc
3220 2645 3394 2691 autem
3422 2652 3590 2707 genus

2017 2723 2240 2779 traditur
2263 2726 2331 2780 ab
2354 2724 2435 2780 eis
2457 2726 2543 2795 qui
2584 2732 2879 2791 noverunt;
2912 2727 3052 2782 unde
3089 2726 3328 2784 dubitare
3356 2743 3461 2784 non
3490 2730 3590 2785 de-

2016 2812 2237 2880 bemus,
2281 2815 2527 2884 quoniam
2571 2814 2876 2871 fidelissima
2919 2816 3190 2887 Scriptura
3227 2819 3587 2876 testimonium

2017 2903 2144 2960 dicit
2176 2923 2189 2959 :
2220 2905 2447 2960 traditur
2487 2920 2614 2976 ergo
2654 2908 2999 2979 crystallum,
3040 2909 3225 2964 durata
3267 2925 3363 2979 per
3398 2912 3589 2968 multos

2016 3009 2185 3050 annos
2208 3005 2262 3051 et
2286 3010 2389 3051 non
2418 2998 2649 3052 resoluta
2674 2999 2815 3065 nive,
2845 2999 2914 3053 ita
2939 3000 3328 3070 congelascere,
3357 3010 3415 3056 ut
3440 3015 3591 3057 reso-

2017 3089 2148 3145 lutio
2172 3105 2275 3144 non
2303 3089 2472 3146 facilis
2496 3091 2585 3145 sit.
2612 3090 2771 3146 Nives
2800 3094 3079 3160 praeteritas
3107 3092 3293 3148 hiemis
3314 3092 3464 3148 facile
3482 3092 3592 3148 dis-

2016 3181 2172 3235 solvit
2198 3192 2355 3235 aeSIas
2394 3182 2714 3248 adveniens;
2756 3197 2861 3238 non
2897 3184 3036 3238 enim
3066 3184 3145 3239 eis
3172 3182 3236 3238 ad
3265 3184 3590 3240 confirman-

2017 3270 2137 3325 dam
2185 3270 2432 3326 duritiam
2475 3274 2701 3328 accessit
2738 3274 3029 3329 annositas.
3054 3274 3177 3331 'llbi
3220 3283 3397 3330 autem
3440 3276 3590 3331 nives

2017 3360 2195 3415 multae
2217 3376 2313 3431 per
2336 3377 2505 3418 annos
2534 3364 2727 3418 multos
2751 3379 2910 3435 super
2931 3365 3153 3421 invicem
3176 3365 3351 3422 missae
3372 3365 3585 3434 fuerint,

2016 3460 2072 3508 ct
2098 3453 2247 3524 copia
2277 3468 2370 3508 sua
2398 3455 2702 3511 violentiam
2726 3457 2925 3511 aestatis
2952 3457 3227 3523 evicerint,
3256 3473 3362 3513 non
3391 3461 3589 3516 astatis

2016 3544 2193 3612 unius,
2217 3545 2310 3601 sed
2332 3547 2639 3613 multarum,
2662 3547 2954 3618 praesertim
2976 3549 3030 3604 in
3053 3548 3134 3604 his
3154 3558 3308 3605 terra:
3330 3552 3587 3621 partibus,

2016 3636 2068 3690 id
2095 3649 2174 3692 est
2205 3637 2257 3691 in
2286 3638 2553 3709 aquilonia
2594 3640 2779 3709 plaga,
2810 3640 2899 3695 ubi
2935 3656 3034 3696 nec
3062 3649 3245 3697 aestate
3273 3643 3353 3697 sol
3384 3644 3589 3713 perfer-

2014 3730 2356 3785 veutissimus
2377 3732 2667 3796 invenitur;
2691 3733 2802 3802 ipsa
2830 3732 3074 3787 diuturna
3101 3743 3153 3787 et
3176 3748 3370 3788 annosa
3397 3734 3588 3791 duritia

2015 3818 2190 3874 reddit
2216 3819 2353 3873 hanc
2379 3822 2611 3889 speciem
2635 3837 2750 3890 quac
2777 3822 3086 3892 crystallum
3108 3822 3319 3877 dicitur.
3350 3822 3588 3880 Intendat

2015 3908 2257 3964 Charitas
2290 3918 2485 3964 vestra.
2525 3908 2660 3976 Quid
2708 3918 2790 3965 est
2827 3925 2955 3981 ergo
2990 3912 3336 3981 crystallum?
3374 3912 3472 3967 Nix
3506 3924 3589 3970 est

2013 3999 2182 4069 glacie
2210 3999 2394 4054 durata
2423 4016 2519 4071 per
2546 4001 2740 4055 multos
2764 4016 2953 4065 annos,
2975 4001 3045 4056 ita
3074 4011 3132 4056 ut
3159 4016 3188 4056 a
3216 4002 3329 4057 sole
3355 4004 3440 4058 vel
3469 4005 3589 4074 igne

2016 4090 2167 4145 facile
2185 4090 2401 4146 dissolvi
2424 4106 2528 4145 non
2548 4092 2736 4162 possit.
2759 4091 2872 4147 Hoc
2897 4100 3174 4162 propterea
3194 4092 3461 4162 aliquanto
3480 4094 3591 4149 diu-

2016 4181 2120 4236 tius
2138 4182 2501 4251 exposuimus,
2528 4182 2648 4252 quia
2674 4182 2825 4237 multi
2848 4182 3126 4252 ignorant:
3153 4197 3251 4237 nec
3275 4183 3349 4237 illi
3372 4184 3459 4255 qui
3488 4180 3589 4240 hoc

2015 4270 2152 4326 forte
2180 4282 2404 4339 norunt,
2433 4272 2500 4328 de
2528 4288 2586 4328 re
2612 4288 2769 4343 quam
2800 4281 3060 4328 noverunt
3084 4287 3368 4328 onerosum
3395 4273 3590 4330 debent

2015 4362 2213 4419 habere
2255 4378 2589 4428 sermonem,
2630 4363 2919 4418 adhibitum
2961 4378 3067 4419 non
3110 4373 3327 4435 propter
3364 4380 3454 4431 se,
3495 4366 3587 4420 sed

2016 4464 2232 4525 propter
2254 4470 2347 4511 eos
2371 4457 2459 4526 qui
2486 4472 2589 4512 non
2618 4465 2896 4511 noverunt.
2925 4456 3049 4512 Haac
3074 4472 3200 4529 ergo
3221 4471 3342 4513 cum
3368 4452 3588 4512 audistis

2016 4555 2334 4616 personante
2381 4546 2638 4613 Lectore,
2686 4563 2790 4602 non
2838 4546 3020 4603 dubito
3062 4563 3157 4603 vos
3195 4548 3403 4604 diversa
3440 4547 3587 4617 cogi-

2018 4645 2190 4703 tasse;
2215 4637 2411 4692 dixisse
2432 4637 2657 4709 aliquos,
2683 4646 2737 4692 et
2757 4653 2941 4693 verum
2968 4633 3201 4702 dixisse,
3219 4636 3402 4706 Magna
3426 4651 3587 4705 opera

2020 4727 2258 4793 Domini,
2291 4727 2430 4783 unde
2468 4729 2723 4799 particula
2751 4728 2990 4798 qumdam
3029 4737 3437 4782 commemorata
3467 4738 3584 4795 est,

2017 4828 2067 4874 et
2095 4819 2206 4889 ipsa
2228 4827 2457 4885 terrena,
2486 4828 2540 4875 et
2566 4834 2727 4889 prope
2752 4819 2996 4873 omnibus
3019 4818 3172 4872 annis
3195 4828 3337 4885 nota,
3366 4834 3591 4889 quomo-

2016 4910 2085 4966 do
2110 4911 2289 4982 ningat
2315 4911 2472 4976 Deus,
2499 4911 2765 4981 quomodo
2794 4910 3039 4967 nebulam
3071 4920 3301 4980 spargat,
3324 4911 3587 4981 quomodo

2016 5003 2175 5059 etiam
2207 5002 2511 5075 crystallum
2542 5001 2733 5058 solidet
2765 5020 2777 5056 :
2807 5002 2941 5058 alios
2968 5002 3167 5057 dixisse
3194 5002 3327 5067 sibi,
3359 5002 3586 5058 Putasne

2017 5095 2132 5149 sine
2155 5109 2313 5150 causa
2339 5094 2438 5148 ista
2464 5094 2515 5148 in
2541 5093 2826 5163 Scripturis
2849 5094 3018 5163 posita
3045 5104 3185 5161 sunt,
3217 5104 3307 5149 aut
3336 5110 3456 5150 vere
3484 5093 3587 5150 hoc

2017 5194 2185 5241 totum
2216 5184 2410 5240 habent
2438 5184 2577 5254 quod
2606 5186 2834 5239 sonant?
2864 5200 2967 5239 non
3008 5186 3160 5240 nobis
3189 5185 3385 5257 aliquid
3417 5188 3588 5243 innuit

2017 5276 2107 5330 nix
2133 5276 2231 5330 ista
2257 5284 2310 5330 et
2336 5275 2478 5343 lana,
2507 5276 2694 5331 nebula
2725 5285 2780 5332 et
2803 5277 2957 5342 cinis,
2988 5276 3293 5347 crystallum
3319 5286 3373 5332 et
3401 5278 3588 5349 panis?

2015 5365 2119 5421 Sed
2157 5380 2319 5434 quare
2362 5365 2439 5420 sic
2479 5366 2747 5435 Scriptura
2790 5367 2928 5435 loqui
2970 5367 3161 5433 voluit,
3203 5383 3298 5438 per
3332 5367 3585 5438 quasdam

2018 5456 2163 5525 quasi
2186 5455 2441 5525 caligines
2467 5456 2904 5511 similitudinum?
2927 5468 3124 5526 quanto
3148 5458 3332 5513 melius
3358 5457 3587 5526 apertius

2016 5546 2357 5616 loqueretur?
2378 5547 2552 5615 Quare
2577 5548 2658 5602 vel
2682 5562 2862 5618 qumro
2882 5548 2965 5603 vel
2997 5548 3198 5613 haesito,
3222 5547 3346 5618 quid
3372 5546 3472 5600 sibi
3497 5546 3585 5602 ill'a

2082 5727 2208 5789 {sic
2227 5732 2334 5775 Mss.
2360 5733 2417 5775 At
2437 5732 2517 5789 Fr.
2538 5734 2589 5776 et
2610 5731 2739 5784 iov.,
2759 5726 2845 5789 sed
2869 5725 2993 5789 quod
3016 5737 3126 5789 cum
3158 5724 3457 5787 tantospatio
3473 5732 3587 5780 τινες

2016 5800 2093 5853 pot
2103 5786 2145 5837 is
2164 5790 2304 5853 modo
2320 5787 2561 5853 ρηζξεῂήι,Δ
2579 5794 2688 5853 tunc
2706 5786 2849 5853 etiam
2864 5786 3058 5853 turrigi,
3086 5794 3181 5835 etc.

2082 5852 2099 5914 ξ
2126 5849 2257 5911 md,
2284 5848 2492 5904 candido
2514 5849 2657 5913 nitori
2686 5862 2701 5898 :
2724 5848 3121 5899 dissentientibus
3143 5854 3244 5902 Mss.
