4084 6452
472 348 647 455 1918

471 509 636 564 verba
665 505 914 578 exigant?
944 518 1111 575 quare
1151 502 1204 557 in
1242 498 1505 555 audiendo
1532 497 1615 553 vel
1650 497 1866 554 laboro?
1894 511 2059 567 quare

473 601 791 673 plerumque
817 596 996 652 audito
1039 594 1243 664 psalmo
1272 590 1516 647 indoctus
1545 588 1810 644 abscedo?
1843 589 1951 643 lioc
1978 596 2062 642 est

475 690 615 763 quod
645 690 803 760 paulo
828 696 952 742 ante
978 685 1087 740 dixi
1116 702 1128 738 :
1156 684 1342 739 Patere
1370 691 1421 737 te
1446 680 1655 746 curari;
1688 681 1759 735 ita
1790 677 2061 734 sanandus

463 777 557 839 'es.
588 782 803 836 Multum
832 777 1094 849 superbus
1121 785 1175 834 et
1212 789 1448 845 przcccps
1476 784 1559 828 est
1584 788 1724 840 mger
1750 771 1840 840 qui
1871 779 1924 825 et
1951 784 2063 826 me-

474 875 651 931 dicum
695 886 914 937 monere
955 868 1150 933 audet,
1180 866 1341 921 etiam
1380 864 1669 919 hominem.
1699 861 2065 917 Consiliumue

476 963 690 1018 audebit
731 961 861 1015 dare
901 974 1042 1030 :cger
1080 955 1331 1013 medico?
1372 954 1473 1011 Ubi
1519 954 1679 1007 homo
1718 958 1975 1021 :egrotat,
2010 957 2066 1004 et

478 1057 618 1111 Deus
647 1062 813 1118 curat,
848 1036 1099 1122 magnum
1131 1048 1340 1121 pietatis
1369 1056 1422 1103 et
1455 1047 1694 1103 sanitatis
1726 1045 1931 1100 initium
1958 1052 2064 1108 est,

477 1160 760 1219 antequam
789 1146 929 1207 scias
962 1159 1127 1215 quare
1153 1143 1277 1212 quid
1314 1140 1512 1196 dictum
1558 1139 1659 1202 sit,
1697 1136 1917 1191 credere
1940 1136 1955 1165 ¹
1994 1135 2065 1188 ita

479 1240 585 1295 dici
612 1238 862 1295 debuisse
887 1245 943 1291 ut
967 1235 1165 1292 dictum
1189 1242 1291 1288 est.
1318 1231 1443 1287 Haec
1466 1230 1605 1286 enim
1636 1229 1806 1299 pietas
1831 1226 1987 1281 faciet
2014 1234 2065 1280 te

478 1348 726 1402 capacem
758 1340 814 1385 nt
839 1344 1047 1401 quteras
1077 1325 1218 1399 quod
1244 1325 1444 1380 dictum
1469 1332 1551 1377 est
1569 1362 1585 1387 ,
1613 1331 1665 1377 ct
1692 1336 1812 1375 cum
1842 1319 2067 1389 quasie-

478 1428 555 1482 ris
594 1426 865 1490 invenias,
898 1432 952 1479 et
990 1436 1113 1475 cum
1155 1417 1424 1474 inveneris
1461 1414 1711 1486 gaudeas.
1753 1412 1907 1468 Adsit
1939 1428 2065 1481 ergo

480 1517 637 1575 nobis
655 1516 794 1587 apud
818 1514 1101 1570 Dominum
1128 1511 1297 1567 Deum
1323 1518 1561 1565 nostrum
1589 1508 1691 1563 iste
1707 1506 1925 1561 atl‘eetus
1950 1520 2067 1574 pre-

480 1627 602 1667 cum
632 1620 962 1673 vestrarum;
990 1616 1045 1662 et
1069 1608 1114 1661 si
1145 1622 1249 1661 non
1283 1614 1499 1675 propter
1528 1620 1645 1666 nos,
1673 1611 1821 1658 certe
1851 1610 2067 1671 prepter

478 1720 576 1759 vos
602 1703 800 1759 donare
822 1701 1070 1770 dignetur
1095 1696 1241 1768 quod
1272 1696 1356 1751 hic
1381 1695 1748 1751 absconditum
1776 1694 1925 1748 latet.
1956 1692 2067 1747 Mo-

481 1794 553 1851 do
576 1809 703 1865 ergo
731 1800 915 1863 putate
938 1806 1054 1855 nos,
1085 1789 1337 1859 quoniam
1362 1786 1635 1855 cujusdam
1664 1784 1949 1854 spectaculi
1976 1785 2065 1837 et”

480 1886 727 1942 editionis
765 1884 958 1939 divina:
995 1881 1138 1935 diem
1177 1877 1555 1948 promisimus,
1600 1876 1953 1945 pronuntiatis
1986 1875 2068 1929 his

480 1978 725 2039 versibus
748 1985 802 2030 et
824 1972 1056 2029 nondmn
1080 1970 1355 2040 expositis,
1383 1968 1644 2022 involutas
1663 1966 1917 2036 quasdam
1946 1964 2065 2019 Edi-

480 2071 611 2125 turis
640 2069 805 2123 nostri
835 2067 1071 2122 sarcinas
1115 2064 1415 2134 protulisse.
1448 2061 1638 2129 Utique
1667 2059 1733 2113 ad
1777 2058 1877 2113 hoc
1917 2060 2068 2112 invo—

481 2162 608 2217 luta!
661 2161 1028 2231 proferuntur,
1075 2167 1134 2212 ut
1184 2156 1409 2211 evoluta:
1451 2150 1871 2221 exspectentur’
1914 2165 1928 2202 :
1971 2163 2071 2205 vos

472 2264 661 2309 autem
694 2268 798 2308 non
829 2261 1032 2307 tantum
1063 2249 1290 2314 intueri,
1318 2246 1409 2303 sed
1438 2255 1494 2301 et
1516 2244 1695 2298 vestiri
1729 2242 2009 2314 paramiui.

477 2359 480 2363 ‘
552 2347 607 2400 5.
648 2345 961 2401 Dixeramus
981 2353 1156 2398 autem
1176 2340 1263 2396 die
1281 2338 1567 2401 dominico,
1591 2338 1632 2390 si
1658 2335 1899 2389 meminit
1930 2334 2071 2389 Cha-

482 2438 615 2493 ritas
638 2444 837 2502 vestra,
878 2436 967 2505 qui
997 2432 1261 2495 adfuistis,
1292 2431 1459 2499 ipsam
1488 2426 1847 2497 evangelicam
1877 2426 2069 2482 lectio-

482 2544 627 2593 nem,
650 2543 767 2598 qua:
794 2542 893 2582 nos
921 2526 1119 2587 diutius
1150 2523 1341 2586 tenuit,
1372 2529 1431 2575 ut:
1455 2520 1647 2575 Psalmi
1684 2518 1945 2587 expositio
1970 2516 2071 2571 dif-

486 2619 734 2684 ferretur,
767 2632 1056 2688 cougruam
1090 2616 1278 2670 lectam
1305 2612 1467 2667 fuisse
1496 2609 1675 2666 eidem
1702 2608 1927 2679 psalmo.
1958 2607 2072 2662 lloc

484 2721 613 2766 tunc
642 2710 893 2773 diximus,
918 2707 1009 2764 sed
1030 2704 1311 2761 ostendere
1334 2718 1438 2757 non
1473 2700 1752 2764 valuimus,
1780 2699 1901 2769 quia
1924 2697 2073 2751 Psal-

484 2817 631 2859 muri
658 2800 980 2858 distulimus.
1021 2796 1190 2852 llodie
1226 2796 1403 2865 itaque
1443 2790 1855 2847 demonstranda
1896 2798 1977 2845 est
2018 2798 2073 2844 et

476 2904 599 2962 tnsa
620 2891 981 2962 congruentia.
1021 2889 1075 2944 ln
1103 2888 1407 2957 evangelica
1435 2886 1521 2939 illa
1550 2884 1776 2939 lectione
1803 2883 1969 2937 territi
1991 2897 2073 2936 su-

474 2960 606 3049 jnus
631 2984 699 3041 de
724 2960 812 3045 die
837 2981 1143 3036 novissime.
1197 2979 1392 3035 Terror
1436 2977 1524 3031 ille
1574 2974 1908 3030 securitatem
1951 2988 2073 3043 par-

489 3078 648 3142 turit;
683 3076 848 3131 territi
900 3074 1043 3129 enim
1078 3086 1459 3142 praecavemns,
1489 3075 1848 3138 praicaventes
1899 3079 2072 3121 securi

477 3170 703 3227 erimus.
777 3168 1053 3239 Quomodo
1120 3167 1262 3221 enim
1317 3171 1640 3233 prmpostera
1692 3160 1950 3215 securitas
2016 3157 2069 3212 in

488 3275 718 3327 terrores
745 3263 986 3331 impellit,
1028 3262 1099 3317 ita
1118 3258 1359 3314 ordinata
1398 3253 1700 3311 sollicitudo
1727 3253 2062 3307 securitatem

488 3357 643 3425 parit.
674 3354 865 3409 Territi
889 3362 1064 3407 autem
1092 3364 1298 3414 sumus,
1326 3364 1394 3403 ne
1431 3354 1747 3416 praesentem
1772 3344 1933 3397 vitam
1973 3343 2071 3397 de—

489 3447 787 3510 ficientem,
836 3444 1113 3499 volaticam
1141 3484 1155 3507 ,
1216 3440 1593 3503 transitoriam,
1651 3438 1727 3492 sic
1794 3450 2067 3499 amemus,

488 3537 640 3612 missi
680 3535 779 3589 alia
822 3534 964 3588 nulla
1002 3534 1070 3587 sit
1099 3551 1110 3585 :
1140 3533 1184 3586 si
1223 3533 1362 3586 enim
1394 3532 1494 3583 alia
1526 3530 1667 3583 nulla
1702 3540 1803 3591 est,
1832 3544 2070 3583 amemus

489 3628 644 3685 hanc.
678 3625 732 3681 Si
781 3624 883 3679 alia
937 3623 1043 3677 vita
1094 3622 1234 3681 nulla
1289 3632 1389 3685 est,
1445 3619 1707 3674 feliciores
1756 3619 1906 3673 nobis
1949 3629 2073 3673 sunt

488 3718 666 3789 quiad
706 3715 1155 3786 amphitheatrum
1204 3712 1365 3766 hodie
1404 3710 1707 3779 vigilarunt.
1747 3708 1883 3774 Quid
1930 3709 2071 3763 enim

487 3812 564 3869 ait
626 3810 954 3881 Apostolus?
996 3808 1055 3862 Si
1110 3808 1162 3859 in
1201 3808 1295 3859 hac
1347 3806 1448 3857 uita
1504 3812 1699 3855 tantum
1766 3803 1819 3855 in
1874 3801 2071 3856 Christo

482 3912 743 3975 sperantes
799 3916 992 3961 sumus,
1043 3897 1425 3951 miserabiliores
1478 3910 1653 3948 smmis
1704 3895 1930 3948 omnibus
1976 3894 2069 3947 ho-

484 3996 711 4056 minibus
743 3994 785 4066 (l
819 3994 937 4047 Cor.
958 4008 1051 4057 xv,
1096 3990 1215 4056 l9).
1241 3991 1331 4043 Est
1367 4003 1495 4057 ergo
1520 3987 1619 4040 alia
1668 3987 1792 4040 vita.
1841 3986 2070 4040 Interro-

486 4095 573 4158 get
592 4086 815 4156 quisque
847 4081 1121 4137 Christum
1158 4078 1179 4110 ⁸
1214 4078 1271 4132 in
1298 4076 1401 4131 title
1438 4091 1533 4131 sua
1564 4094 1580 4131 :
1618 4075 1713 4130 sed
1757 4075 1953 4129 dormit
2006 4076 2069 4129 ti-

487 4178 603 4233 des.
638 4177 825 4232 Merito
868 4174 1108 4238 fluctuas,
1140 4171 1262 4241 quia
1310 4169 1553 4224 Christus
1600 4168 1794 4221 dormit
1837 4168 1889 4220 in
1927 4166 2065 4220 navi.

487 4270 645 4325 Jesus
673 4268 819 4323 enim
844 4264 1140 4320 dormiebat
1174 4264 1223 4315 in
1253 4261 1392 4324 navi,
1426 4270 1478 4313 et
1517 4260 1667 4312 navis
1691 4258 1977 4312 tluetuabat
2018 4259 2067 4311 in

487 4361 640 4429 aquis
675 4368 730 4413 et
769 4355 1166 4426 tempestatibus
1205 4352 1383 4407 multis
1416 4353 1431 4420 (
1460 4350 1642 4404 Matth.
1678 4366 1789 4416 Vill,
1820 4348 1907 4411 9i,
1932 4348 2001 4404 25
2024 4350 2065 4419 ).

489 4449 733 4506 Fluetuat
758 4461 885 4515 ergo
909 4461 1021 4507 cor,
1062 4443 1274 4513 quando
1298 4443 1541 4495 Christus
1572 4440 1785 4493 dormit.
1830 4440 2069 4493 Christus

489 4557 703 4611 semper
729 4539 910 4610 vigilat
941 4556 953 4591 :
977 4536 1102 4606 quid
1125 4544 1207 4589 est
1227 4550 1372 4600 ergo,
1395 4532 1635 4585 Christus
1656 4530 1884 4583 dormit?
1911 4530 2069 4585 Fides

489 4650 576 4696 tua
588 4636 803 4693 dormit.
826 4631 965 4700 Quid
982 4628 1153 4684 adhuc
1176 4625 1516 4682 dubitationis
1535 4631 1844 4692 tempestate
1874 4624 1892 4653 ³
1911 4624 2068 4691 jacta-

492 4726 601 4786 ris?
660 4726 843 4782 Excitat
876 4723 1145 4777 Christum
1172 4762 1185 4783 ,
1231 4718 1402 4773 excita
1471 4714 1626 4770 tidem
1676 4722 1819 4767 tuam
1865 4732 1875 4767 :
1936 4730 2063 4767 cen-

488 4824 633 4894 spice
703 4818 871 4873 oculis
909 4815 1030 4869 fidei
1074 4814 1237 4866 vitam
1296 4807 1548 4871 futuram,
1613 4814 1827 4874 propter
1907 4820 2066 4875 quam

488 4912 781 4977 credidisti,
816 4917 1030 4979 propter
1051 4920 1206 4974 quam
1228 4904 1378 4971 signo
1405 4899 1518 4969 ejus
1546 4897 1789 4967 signaria,
1823 4896 1913 4966 qui
1943 4911 2067 4966 pro-

416 4984 419 4985 ν
490 5016 669 5076 ptt-rra
700 5001 849 5056 duxit
879 4999 1016 5052 hanc
1043 4996 1226 5057 vitam,
1260 5002 1314 5047 ut
1334 4992 1423 5046 tibi
1443 4989 1751 5045 ostenderet
1784 5003 1940 5057 quam
2000 4988 2071 5042 sit

486 5092 872 5151 eoiitemnenda
913 5104 1065 5160 quam
1094 5086 1369 5155 diligebas,
1417 5091 1471 5137 et
1509 5094 1665 5152 quam
1707 5080 1774 5135 sit
1804 5079 2066 5148 Speranda

485 5202 649 5257 quam
674 5199 778 5237 non
801 5180 1076 5237 credebas.
1098 5178 1153 5232 Si
1175 5192 1301 5245 ergo
1331 5174 1485 5228 iidem
1508 5171 1841 5235 excitaveris,
1867 5178 1923 5224 et
1943 5185 2069 5225 ocu-

486 5280 573 5333 los
587 5278 703 5346 ejus
724 5274 775 5327 in
808 5273 1090 5327 novissima
1127 5268 1353 5332 miseris,
1380 5264 1718 5333 futurumque
1737 5262 1987 5317 sacculum
2013 5262 2067 5316 in

1711 386 1772 444 Ξ.
1806 380 2171 441 AUGUSTINI
2210 381 2507 441 EPISCOPI

549 5390 565 5420 ³
592 5382 899 5436 Ita'melioris
923 5388 1046 5429 neue
1200 5384 1247 5427 At
1270 5376 1401 5433 add,
1428 5379 1471 5424 et
1488 5371 1702 5422 sanitatis
1720 5370 1961 5436 indicium
1978 5378 2063 5436 est.
2129 5369 2133 5373 ’

487 5431 757 5513 ληιέάὦῆ
776 5444 901 5497 scius
936 5454 1084 5505 quare
1108 5439 1225 5503 quid
1251 5431 1437 5488 dictum
1462 5436 1540 5497 sit,
1580 5435 1723 5485 crede
1764 5431 1833 5484 ita
1864 5433 1962 5483 dici
1986 5434 2069 5483 de-
2108 5485 2112 5489 ,

486 5512 660 5567 buisse.
679 5516 773 5559 etc.
973 5568 981 5572 _
1102 5569 1109 5572 Α
1223 5562 1252 5572 __
1320 5561 1332 5572 ,
1482 5565 1494 5572 _
1602 5571 1628 5572 ﬂ
1678 5568 1698 5572 Α
1736 5555 1980 5572 ...
2014 5558 2037 5572 ν.

548 5555 665 5621 iiii
685 5555 869 5619 ettov.
892 5568 1112 5617 omittunt
1133 5561 1432 5625 particulam,
1451 5565 1511 5619 et,
1526 5571 1635 5621 quae
1658 5568 1707 5605 tu
1725 5559 1917 5606 cmteris
1934 5555 2067 5605 libris

485 5637 747 5697 reperitur.

551 5682 906 5745 histortacensis
925 5700 1023 5749 δίδη
1039 5690 1305 5745 spectentur
1330 5696 1345 5732 :
1368 5683 1497 5732 idem
1514 5682 1589 5730 lnc
1608 5688 1761 5740 sonat,
1786 5687 2065 5743 exspectat-

486 5765 667 5864 nu:le
688 5821 793 5865 Mss.
824 5821 873 5861 At
896 5813 1007 5861 Fdd.
1038 5811 1160 5864 loco,
1185 5807 1439 5859 t‘ltrivtum,
1465 5804 1666 5865 habent,
1686 5808 1907 5851 vestrum.

551 5880 572 5915 ³
601 5863 1039 5936 Μεεηζᾴιώὶῑαῑὶοηε
1058 5880 1106 5922 ut
1130 5874 1399 5933 tempestate
1430 5879 1446 5917 :
1473 5874 1571 5929 aut,
1595 5863 1720 5935 velut
1743 5867 2033 5932 tempestate.

3605 394 3755 452 I916

2172 514 2279 567 quo
2298 501 2646 571 gaudebimus
2678 512 2794 572 post
2819 504 3045 561 alterum
3067 506 3275 563 Domini
3301 508 3601 577 adventum,
3627 522 3762 583 post

2165 590 2416 658 judicium
2440 602 2730 662 peractum,
2759 606 2876 665 post
2898 597 3147 654 traditum
3169 602 3375 657 sanctis
3389 618 3602 676 regnum
3634 620 3759 661 cae-

2171 683 2359 751 lorum,
2388 686 2430 739 si
2458 686 2600 742 illam
2627 689 2785 743 vitam
2819 691 3157 759 cogitaveris,
3182 680 3238 748 et
3262 695 3403 750 illius
3433 698 3550 751 vita:
3576 713 3761 768 nego-

2172 775 2299 830 tium
2321 786 2568 843 otiosum,
2600 780 2667 835 de
2692 795 2797 851 quo
2821 797 2960 852 saepe
2984 783 3142 838 locuti
3170 798 3353 840 sumus
3373 827 3386 849 ,
3419 786 3759 855 charissimi;

2171 881 2276 921 non
2306 868 2576 924 ﬂuctnabit
2614 873 2878 941 negotium
2910 884 3171 939 nostrum,
3213 876 3765 950 otiosum‘negotium

2172 958 2389 1027 plenum
2433 961 2597 1015 solius
2620 961 2935 1031 dulcedinis,
2969 965 3113 1020 nulla
3148 967 3535 1037 interpellatum
3571 971 3765 1026 mole--

2173 1050 2292 1115 stin,
2312 1050 2453 1105 nulla
2478 1050 2789 1122 fatigatione
2810 1057 3120 1122 sauciatum,
3141 1059 3282 1113 nulla
3311 1060 3450 1115 nube
3470 1063 3769 1132 perturba~

2174 1152 2303 1197 tum.
2341 1144 2619 1215 Negotium
2674 1157 2914 1204 nostrqu
2958 1150 3099 1221 quod
3125 1152 3265 1208 erit?
3292 1153 3528 1213 Laudare
3555 1158 3738 1213 Deum

2172 1250 2353 1291 amare
2377 1248 2430 1293 et
2458 1239 2708 1307 laudare;
2734 1242 2953 1298 laudare
2980 1242 3033 1299 in
3064 1260 3265 1312 amore,
3298 1263 3476 1305 amare
3497 1250 3547 1306 in
3572 1251 3731 1306 laudi

2171 1327 2291 1384 bus.
2315 1331 2458 1385 Beati
2484 1335 2567 1404 qui
2593 1334 2820 1388 habitant
2844 1338 2896 1389 in
2926 1336 3075 1391 domo
3101 1347 3229 1405 tua;
3254 1341 3304 1393 in
3334 1343 3517 1396 swcula
3534 1344 3771 1398 ειτευίοο

2172 1441 2287 1477 rem
2310 1425 2585 1479 laudabunt
2624 1436 2670 1481 te
2697 1425 2877 1499 (Psat.
2908 1445 3127 1497 Lxxxut,
3152 1432 3185 1486 5
3211 1430 3249 1502 ).
3279 1433 3469 1499 Quare,
3499 1436 3591 1490 nisi
3628 1437 3771 1506 quia

2176 1515 2229 1568 in
2254 1516 2447 1570 srecula
2482 1519 2798 1572 smculorum
2818 1520 3069 1575 amabunt
3088 1523 3178 1575 te?
3201 1522 3392 1589 Quare,
3426 1526 3520 1579 nisi
3543 1528 3673 1596 quia
3710 1528 3773 1583 in

2176 1608 2367 1661 smcula
2390 1610 2704 1664 saeculorum
2737 1611 2989 1665 videbunt
3007 1614 3094 1666 te?
3116 1613 3225 1669 lloc
3249 1631 3395 1683 ergo,
3418 1615 3598 1673 fratres
3621 1620 3769 1686 mei,

2174 1701 2327 1768 quale
2356 1703 2713 1770 spectaculum
2755 1705 2856 1759 erit
2884 1704 2935 1758 in
2962 1705 3171 1760 visione
3199 1706 3333 1760 Dei?
3367 1708 3549 1763 Vident
3574 1711 3772 1765 horni-

2176 1807 2270 1845 ues
2302 1802 2626 1857 venatorem,
2653 1804 2703 1849 ct
2732 1794 3102 1851 delectantur:
3132 1812 3210 1850 va:
3232 1798 3461 1864 miseris,
3492 1801 3531 1855 si
3554 1817 3667 1855 non
3706 1816 3772 1858 se

2175 1885 2538 1937 correxerint!
2585 1887 2681 1952 Qui
2724 1886 2863 1940 enim
2917 1885 3099 1941 vident
3129 1897 3465 1953 venatorem,
3496 1901 3549 1945 et
3595 1891 3771 1946 dele-

2174 1983 2405 2039 etantur,
2422 1975 2672 2029 videbunt
2692 1977 3043 2045 Salvatorem,
3061 1980 3589 2036 etcontristabuntur.
3612 1983 3772 2049 Quid

2177 2064 2278 2117 illis
2302 2065 2565 2133 miserius,
2610 2068 2805 2135 quibus
2845 2067 3091 2123 Salvator
3135 2070 3288 2124 saluti
3321 2087 3425 2126 non
3467 2074 3593 2128 erit?
3634 2074 3771 2130 Non

2176 2170 2303 2225 ergo
2330 2158 2518 2211 mirum
2572 2159 2691 2227 quia
2736 2159 2840 2213 illis
2911 2161 3101 2231 quibus
3159 2163 3417 2233 voluptati
3457 2172 3536 2220 est
3586 2167 3774 2223 homo

2177 2264 2439 2319 pugnans,
2462 2267 2565 2305 non
2582 2253 2682 2307 erit
2702 2253 2856 2308 saluti
2877 2254 3016 2308 Deus
3042 2254 3296 2310 libemus.
3313 2257 3425 2313 Nos
3438 2269 3628 2325 autem,
3664 2260 3777 2315 fra-

2179 2349 2303 2406 tres,
2342 2342 2384 2394 si
2413 2357 2510 2396 nos
2539 2342 2589 2397 in
2616 2343 2733 2412 ejus
2761 2344 3016 2400 membris
3066 2346 3423 2414 meminimus,
3471 2350 3513 2403 si
3556 2364 3776 2404 concu-

2176 2430 2450 2498 piscimus,
2478 2432 2523 2486 si
2545 2447 2965 2501 perseveramus,
2988 2434 3285 2491 videbimus
3310 2448 3363 2492 et
3391 2440 3771 2508 gaudebimus.

2177 2521 2294 2577 Erit
2321 2523 2408 2578 illa
2438 2524 2624 2579 civitas
2667 2526 2899 2595 purgatis
2926 2527 3172 2581 omnibus
3193 2528 3397 2582 civibus
3429 2530 3555 2593 suis,
3600 2533 3776 2586 nullo

2176 2606 2411 2663 admixto
2452 2607 2707 2663 seditioso
2747 2619 2839 2664 aut
2885 2608 3190 2666 turbulento
3220 2631 3232 2666 :
3260 2612 3496 2669 inimicus
3540 2616 3627 2670 ille
3671 2618 3777 2686 qui

2176 2698 2337 2753 modo
2380 2699 2602 2763 invidet,
2645 2715 2713 2755 ne
2755 2700 2823 2755 ad
2859 2701 3001 2757 illam
3033 2705 3261 2773 patriam
3304 2708 3591 2771 veniamus,
3648 2710 3773 2766 illic

2177 2788 2423 2858 cuiquam
2453 2789 2689 2845 insidiari
2714 2807 2819 2847 non
2850 2803 3055 2862 potest;
3096 2797 3219 2864 quia
3263 2812 3360 2852 nec
3383 2813 3497 2853 esse
3521 2799 3589 2854 ibi
3629 2817 3776 2870 per-

2177 2880 2420 2934 mittitur.
2454 2880 2509 2936 Si
2535 2880 2676 2936 enim
2711 2882 2870 2938 modo
2899 2885 3198 2941 excluditur
3232 2887 3298 2942 de
3338 2890 3493 2945 corde
3524 2892 3774 2948 creden-

2179 2970 2330 3036 tium,
2379 2972 2644 3041 quomodo
2686 2973 3003 3031 excludetur
3056 2975 3123 3032 de
3165 2978 3381 3035 civitate
3414 2981 3713 3038 viventium
3750 2986 3779 3040 ?

2177 3064 2311 3132 Quid
2338 3067 2461 3133 erit,
2484 3066 2693 3134 fratres,
2726 3068 2851 3138 quid
2889 3070 3008 3136 erit,
3038 3085 3166 3141 rogo
3193 3088 3306 3139 vos,
3337 3088 3453 3129 esse
3480 3075 3530 3129 in
3557 3075 3648 3131 illa
3692 3079 3779 3132 ci-

2177 3151 2360 3218 vitate,
2390 3151 2455 3207 de
2479 3168 2580 3222 qua
2610 3153 2751 3226 loqui
2776 3162 2975 3209 tantum
2998 3156 3245 3225 gaudium
3260 3159 3383 3221 est?
3407 3158 3533 3215 liuic
3563 3159 3779 3218 fetum

2178 3244 2295 3299 vita:
2312 3244 2471 3300 corda
2496 3261 2790 3315 prteparare
2804 3246 3090 3302 debemus:
3113 3249 3352 3320 quisquis
3370 3252 3419 3306 ei
3438 3266 3527 3307 cor
3554 3267 3778 3323 praepa-

2178 3336 2391 3394 raverit.
2419 3346 2579 3390 totam
2604 3337 2756 3391 istam
2787 3340 3116 3405 contemnit;
3156 3351 3452 3412 contempta
3482 3344 3576 3399 ista
3601 3360 3779 3402 secu-

2176 3442 2296 3482 rum
2322 3427 2443 3483 facit
2466 3440 2777 3500 exspectare
2805 3430 2945 3487 diem
2981 3431 3049 3488 de
3070 3448 3175 3503 quo
3199 3435 3547 3504 exspectando
3574 3436 3778 3494 Domi-

2178 3535 2274 3575 nus
2309 3520 2510 3575 terruit.

2247 3630 2299 3683 4.
2332 3629 2463 3683 Cum
2494 3646 2620 3700 ergo
2649 3632 2882 3700 psalmus
2918 3634 3016 3688 iste
3041 3634 3183 3690 dicat
3208 3636 3362 3692 nobis
3406 3647 3660 3694 eteantet
3697 3641 3777 3698 de

2179 3730 2266 3785 ilia
2294 3731 2395 3784 vita
2426 3730 2621 3795 futura,
2651 3732 2992 3801 Evangelium
3023 3741 3198 3788 autem
3230 3735 3476 3789 terruerit
3506 3736 3571 3789 de
3597 3751 3761 3805 prte-

2178 3822 2348 3885 senti;
2376 3821 2615 3875 Psalmus
2644 3820 2768 3877 facit
2794 3836 3031 3879 amorem
3060 3826 3271 3888 totum,
3307 3825 3641 3895 Evangelium
3676 3827 3775 3885 fa-

2177 3913 2249 3965 cit
2277 3912 2518 3966 timorem
2546 3914 2837 3981 praesentis.
2862 3913 2969 3968 Nec
2995 3914 3062 3969 de
3089 3915 3262 3970 futura
3287 3915 3627 3973 delectatione
3676 3928 3769 3974 ta-

2176 4013 2325 4059 cetur
2352 4006 2401 4059 in
2438 4006 2624 4060 litteris
2654 4005 2783 4059 Novi
2816 4008 3161 4075 Testamenti,
3202 4019 3255 4064 et
3301 4011 3466 4064 tmilto
3496 4012 3661 4081 magis
3710 4015 3771 4069 in

2177 4100 2273 4161 eis,
2306 4098 2393 4150 ubi
2427 4111 2531 4151 non
2563 4108 2808 4168 tanquam
2832 4113 2950 4151 cum
2977 4100 3261 4155 involucris
3289 4102 3597 4172 quibusdam
3630 4119 3769 4173 pro-

2176 4187 2415 4242 femntur'
2444 4186 2528 4241 ilia
2558 4203 2675 4257 qua:
2706 4188 3040 4258 intelligenda
3068 4201 3225 4257 sunt;
3269 4192 3363 4247 sed
3400 4194 3471 4247 ibi
3497 4194 3764 4251 videntur

2175 4286 2376 4347 aperta,
2407 4286 2462 4331 ut
2504 4277 2589 4332 hic
2630 4279 2987 4349 intelligantur
3018 4282 3265 4337 obscura.
3290 4283 3422 4338 Cum
3452 4301 3577 4355 ergo
3604 4285 3765 4343 dice-

2176 4379 2257 4424 ret
2300 4372 2451 4424 nobis
2496 4373 2854 4441 Evangelium,
2900 4374 3192 4431 Observate'
3229 4376 3369 4431 diem
3407 4380 3765 4438 novissimum

2176 4471 2477 4525 venturum,
2526 4461 2666 4517 diem
2712 4462 2970 4519 adventus
3000 4466 3114 4521 Filii
3163 4468 3423 4531 hominis:
3472 4473 3592 4540 quia
3638 4474 3767 4530 illos

2174 4553 2312 4605 male
2343 4552 2648 4606 inventurus
2676 4561 2772 4616 est,
2806 4555 2893 4621 qui
2925 4555 3082 4609 modo
3114 4559 3284 4612 securi
3306 4569 3449 4626 sunt,
3483 4560 3602 4614 ideo
3634 4566 3766 4630 quia

2176 4658 2424 4713 perverse
2446 4647 2614 4700 securi
2641 4656 2795 4713 sunt;
2823 4649 2993 4702 securi
3021 4657 3144 4701 sunt
3164 4651 3302 4703 enim
3330 4652 3381 4704 in
3401 4652 3765 4721 voluptatibus

2174 4738 2373 4801 sreeuli,
2405 4753 2522 4791 cum
2546 4738 2799 4793 deberent
2815 4754 2931 4794 esse
2957 4741 3129 4794 securi
3145 4741 3358 4795 domitis
3378 4744 3765 4812 cupiditatibus

2176 4828 2356 4882 saeculi
2386 4847 2398 4881 :
2423 4828 2531 4897 jam
2555 4831 2735 4899 utique
2765 4828 2836 4883 illi
2885 4831 3006 4884 vita:
3033 4845 3130 4885 nos
3167 4835 3490 4901 praeparavit
3529 4836 3767 4904 Aposto-

2176 4920 2276 4985 lus,
2312 4923 2361 4973 in
2386 4921 2560 4975 verbis
2579 4937 2697 4990 quin
2722 4934 2843 4975 tunc
2867 4923 3025 4977 etiam
3044 4926 3479 4991 commemoravi,
3502 4945 3521 4977 ‹
3555 4926 3627 4982 De
3654 4944 3764 4982 ca:-

2176 5022 2311 5076 tero,
2342 5011 2551 5079 fratres,
2586 5025 2792 5085 tempus
2823 5014 2982 5070 breve
3005 5025 3087 5071 est
3121 5033 3133 5068 :
3168 5018 3429 5084 reliquum
3462 5029 3543 5073 est
3574 5030 3629 5075 ut
3660 5024 3756 5090 qui

2175 5104 2367 5158 habent
2400 5119 2608 5170 uxores,
2659 5114 2906 5175 tanquam
2949 5122 3052 5160 non
3084 5106 3338 5163 habentes
3376 5110 3520 5174 sint;
3565 5121 3619 5164 et
3665 5112 3761 5178 qui

2174 5205 2377 5261 emunt,
2414 5206 2659 5265 tauquam
2688 5212 2792 5252 non
2836 5207 3111 5263 ementes;
3149 5207 3202 5253 et
3229 5199 3317 5268 qui
3340 5200 3589 5270 gaudent,
3643 5211 3761 5256 tan-

2110 5321 2117 5328 ~
2175 5307 2331 5360 quam
2360 5308 2465 5345 non
2492 5291 2813 5361 gaudentes;
2840 5301 2890 5347 ct
2919 5293 3007 5361 qui
3039 5292 3182 5355 ﬂent,
3214 5303 3467 5363 tanquam
3494 5309 3598 5349 nou
3626 5294 3759 5349 ﬂen-

2176 5394 2254 5437 tes
2279 5401 2291 5435 :
2323 5391 2380 5437 et
2407 5384 2495 5453 qui
2526 5392 2743 5437 utuntur
2769 5384 2869 5438 hoc
2897 5384 3114 5451 mundo,
3150 5395 3398 5455 tanquam
3420 5401 3525 5440 non
3548 5396 3757 5442 utentes

2174 5477 2279 5529 sint
2305 5493 2318 5528 :
2346 5476 2732 5543 prmteritcnim
2766 5477 2928 5545 tignra
2954 5475 3107 5543 hujus
3128 5476 3329 5529 mundi.
3358 5475 3491 5531 Volo
3517 5494 3611 5532 vos
3636 5480 3751 5533 sine

2174 5565 2524 5623 sollicitudine
2536 5579 2653 5619 esse
2668 5565 2735 5634 »(1
2750 5565 2868 5621 Cor.
2882 5580 2973 5629 vlt,
2988 5565 3197 5639 29-52).
3214 5565 3310 5633 Qui
3324 5568 3571 5637 gaudium
3584 5580 3755 5624 totum

2174 5674 2326 5713 suum
2357 5667 2627 5727 totamque
2664 5657 2963 5713 felicitatem
2997 5673 3144 5711 suam
3171 5658 3753 5715 constituitinmaudu-

2179 5752 2369 5817 cando,
2394 5751 2641 5815 bibendo,
2661 5765 2879 5805 uxorem
2900 5751 3159 5817 ducendo,
3185 5753 3431 5818 emendo,
3454 5755 3749 5817 vendendo,

2178 5852 2380 5934 utendo
2408 5852 2751 5929 mntidoisto.
2772 5853 2894 5911 sine
2917 5854 3273 5921 sollicitudine
3296 5867 3377 5915 est
3399 5866 3454 5915 et
3485 5859 3601 5921 talis
3622 5878 3635 5890 ·
3662 5858 3755 5921 sed
