4084 6452
245 439 385 497 i917

241 561 441 625 prater
467 561 652 605 aream
678 586 691 600 .
715 560 795 601 va
819 545 895 600 illi
914 559 943 600 a
973 543 1192 599 diluvio.
1217 542 1467 615 Quisquis
1486 552 1682 611 autem,
1716 545 1827 599 sive

240 643 553 704 mamlucat,
581 640 697 694 sive
717 638 871 705 bibit,
894 637 1007 693 sive
1034 636 1237 707 aliquid
1258 636 1382 707 agit,
1418 637 1594 690 omnia
1624 637 1681 689 in
1711 636 1828 706 glo-

239 738 379 792 riam
402 735 497 789 Dei
526 731 656 787 facit
678 730 719 803 (l
743 730 863 785 Cor.
896 746 957 795 ι,
987 730 1049 784 51
1075 731 1099 798 )η
1129 746 1141 782 :
1171 737 1225 783 et
1252 728 1298 783 si
1320 729 1492 798 aliqua
1520 728 1731 783 tristitia
1750 736 1830 783 est

237 829 307 884 de
336 827 496 883 rebus
524 822 887 886 szccularibus,
908 822 983 876 sic
998 820 1109 888 ilet,
1136 829 1193 875 ut
1213 821 1355 875 intus
1376 820 1426 874 in
1450 834 1543 890 spe
1563 819 1825 890 gaudeat;

237 928 293 975 et
320 919 366 973 si
384 918 555 986 aliqua
578 913 759 968 laetitia
797 922 881 967 est
903 912 955 966 in
992 910 1149 967 rebus
1172 910 1540 975 smcularibus,
1580 911 1656 966 sic
1695 925 1824 980 gau-

234 1010 352 1077 det,
385 1018 443 1063 ut
484 1008 629 1061 intus
673 1003 1019 1075 spirituaiiter
1064 1003 1267 1065 timeat,
1297 1015 1397 1055 nec
1421 1000 1583 1055 donet
1607 1015 1670 1056 se
1704 1014 1827 1055 cor-

234 1099 593 1172 rumpendum
647 1096 905 1161 felicitati,
954 1109 1051 1150 nec
1099 1108 1158 1149 se
1205 1093 1296 1148 det
1323 1092 1629 1147 adversitati
1676 1090 1825 1147 fran-

234 1196 475 1267 gendum
502 1193 644 1264 (hoe
682 1200 764 1247 est
808 1191 951 1245 enim
987 1189 1115 1244 ﬂere
1146 1196 1394 1258 tanquam
1429 1202 1537 1241 non
1586 1186 1822 1252 ﬂentem,

234 1299 293 1344 et
320 1287 550 1359 gaudere
592 1295 841 1355 tanquam
872 1297 981 1337 non
1009 1279 1367 1352 gaudentem)
1405 1297 1419 1334 :
1451 1279 1687 1349 quisquis
1704 1287 1757 1332 et
1780 1277 1825 1332 si

234 1380 401 1436 habet
444 1392 685 1444 uxorem,
726 1374 842 1445 eius
895 1372 1185 1429 inﬁrmitati
1222 1371 1570 1441 compatiens,
1628 1368 1820 1435 reddit,

232 1488 347 1528 non
385 1470 547 1541 exigit
605 1468 873 1531 debitum;
927 1474 1019 1521 aut
1063 1465 1107 1520 si
1161 1471 1380 1535 propter
1443 1460 1708 1532 propriam
1740 1460 1826 1514 in-

232 1565 541 1619 ﬁmitatem
588 1561 737 1616 ducit
782 1573 1022 1623 uxorem,
1064 1558 1319 1627 plangens
1347 1555 1523 1625 potius
1550 1553 1670 1624 quia
1705 1553 1823 1607 sine

231 1672 409 1711 uxore
434 1669 554 1710 esse
596 1667 701 1707 non
752 1649 941 1721 potuit,
982 1663 1141 1719 quam
1198 1646 1433 1717 gaudens
1462 1646 1583 1716 quia
1622 1644 1771 1699 duxit
1806 1662 1823 1698 :

229 1750 475 1820 quisquis
497 1745 680 1802 vendit
706 1742 846 1815 quod
885 1741 1030 1796 novit
1055 1740 1176 1811 quia
1199 1739 1299 1795 etsi
1328 1745 1586 1803 maneret,
1609 1736 1829 1792 beatum

229 1857 348 1898 non
371 1838 601 1903 faceret;
633 1835 875 1908 quisquis
903 1833 1041 1905 quod
1069 1833 1219 1901 emit,
1244 1831 1389 1887 novit
1417 1830 1540 1901 quia
1560 1830 1816 1895 transiet;

229 1932 372 1989 etde
390 1931 471 1986 his
484 1928 730 1985 omnibus
759 1925 858 1982 etsi
878 1922 1288 1989 abundantibus,
1314 1921 1413 1977 etsi
1434 1918 1809 1975 circumﬂuen-

228 2025 379 2079 tibus
398 2039 501 2078 non
520 2018 809 2091 immutuit,
839 2014 1069 2086 facitque
1098 2030 1164 2070 ex
1198 2029 1263 2070 eo
1298 2012 1443 2084 quod
1460 2012 1637 2076 habet,
1662 2012 1826 2067 mise-

225 2114 527 2171 ricordiam
557 2125 676 2167 cum
704 2124 770 2166 eo
795 2106 884 2178 qui
909 2121 1016 2162 non
1045 2107 1224 2173 habet,
1276 2114 1334 2158 ut
1359 2112 1413 2158 et
1447 2104 1560 2173 ipse
1598 2103 1827 2172 accipiat

224 2205 383 2276 quod
412 2219 513 2259 non
543 2204 701 2258 habet
729 2203 770 2269 ³,
801 2202 869 2256 ab
895 2200 989 2256 illo
1028 2199 1116 2270 qui
1143 2197 1318 2252 omnia
1349 2195 1511 2250 habet
1538 2212 1553 2249 :
1584 2194 1825 2264 quisquis

224 2296 361 2351 talis
387 2304 488 2363 est,
509 2308 730 2350 securus
744 2300 1015 2362 exspectat
1030 2290 1169 2345 diem
1192 2287 1558 2353 novissimum,
1578 2286 1698 2357 quia
1717 2300 1821 2340 non

223 2395 323 2443 est
339 2396 524 2456 praeter
546 2400 722 2441 aream
747 2385 883 2454 ;jam
906 2385 1043 2438 inter
1070 2382 1204 2452 ligna
1231 2380 1573 2451 imputribilia
1598 2393 1819 2448 compu-

223 2489 399 2544 tatur,
427 2493 492 2534 ex
520 2477 710 2547 quibus
736 2490 857 2531 arca
892 2474 1180 2530 fabricatur
1208 2471 1226 2544 (
1253 2462 1379 2526 Gen.
1407 2486 1481 2536 vr,
1516 2470 1578 2525 li
1612 2468 1653 2540 ).
1707 2468 1825 2523 Non

221 2586 367 2640 ergo
393 2570 573 2624 timeat
602 2578 883 2624 venturum
912 2565 1232 2629 Dominum;
1279 2564 1373 2618 sed
1412 2572 1613 2633 Speret,
1647 2569 1701 2615 et
1724 2561 1823 2615 de-

221 2663 436 2718 sideret
462 2678 475 2714 :
503 2676 609 2716 non
629 2662 769 2716 enim
781 2659 961 2715 veniet
984 2658 1061 2712 illi
1081 2656 1147 2711 ad
1170 2653 1474 2710 inferendas
1496 2668 1699 2724 poenas,
1727 2651 1823 2706 sed

220 2753 308 2809 ad
331 2753 584 2809 tlniendas
613 2752 902 2808 molestias.
934 2751 1045 2806 Hoc
1073 2757 1252 2804 autem
1293 2749 1352 2800 tit
1383 2746 1649 2801 desiderio
1682 2745 1823 2800 illius

217 2846 647 2914 civitatis.Quod
668 2859 794 2915 ergo
810 2844 1013 2899 monuit
1031 2841 1408 2912 Evangelium,
1434 2840 1682 2909 impletur
1704 2840 1820 2907 eius

219 2941 465 2998 civitatis
488 2939 771 3005 desiderio,
799 2953 953 3008 quam
996 2936 1236 2991 Psalmus
1256 2942 1435 2988 cantat
1470 2935 1491 2965 ³
1522 2950 1536 2986 :
1579 2933 1650 2987 ita
1690 2947 1821 2987 con-

217 3033 376 3105 gruit
406 3031 749 3103 Evangeiium
772 3030 895 3084 huic
922 3029 1149 3084 cantico.

308 3124 359 3180 5.
402 3123 468 3178 Et
507 3137 663 3193 quam
692 3120 957 3176 civitatem
998 3119 1231 3189 psalmus
1268 3116 1368 3171 iste
1398 3122 1593 3178 cantat,
1639 3112 1826 3167 audia-

217 3232 374 3274 mus.
399 3216 707 3279 Audiamus,
737 3224 792 3269 et
818 3222 1122 3276 cantemus;
1147 3208 1393 3282 gaudium
1415 3217 1675 3273 nostrum,
1700 3222 1827 3261 cum

216 3309 335 3365 hoc
350 3307 613 3374 audimus,
631 3307 892 3362 canticum
907 3305 999 3360 Dei
1023 3304 1188 3358 nostri
1206 3311 1303 3357 est.
1325 3301 1435 3356 Non
1457 3301 1598 3355 enim
1619 3308 1828 3355 tantunr

216 3410 527 3463 cantamus,
561 3397 771 3468 quando
802 3410 932 3451 voce
956 3403 1011 3450 et
1036 3393 1191 3449 labiis
1236 3407 1485 3446 sonamus
1515 3391 1813 3455 canticum;

216 3502 311 3550 est
338 3501 394 3548 et
421 3490 682 3545 canticum
703 3489 863 3553 intus,
893 3487 1012 3558 quia
1043 3484 1248 3541 suntet
1269 3497 1423 3538 aures
1441 3481 1719 3552 cujusdam
1749 3481 1820 3535 in-

220 3594 336 3639 tus.
372 3580 517 3639 Voce
545 3590 847 3644 cantamus,
875 3588 932 3633 ut
972 3590 1073 3632 nos
1092 3576 1415 3639 excitemus;
1447 3572 1606 3627 corde
1643 3581 1822 3626 canta-

219 3689 374 3741 mus,
399 3680 460 3727 ut
485 3672 554 3726 illi
585 3671 903 3741 placeamus.
939 3668 1111 3740 Aggaei
1128 3665 1457 3722 etZac/tariw
1486 3662 1559 3737 (α)
1580 3664 1821 3719 Psalmus

219 3767 449 3823 dicitur.
526 3765 749 3833 Aggmus
816 3770 871 3816 et
927 3760 1207 3815 Zacharias
1272 3757 1543 3828 propheta:
1587 3756 1817 3810 fuerunt.

221 3859 399 3915 Erant
431 3864 606 3910 autem
639 3852 911 3924 pr0pheta:
940 3850 1027 3905 isti
1050 3851 1160 3919 jam
1188 3850 1241 3902 in
1268 3847 1576 3916 captivitate
1596 3845 1811 3902 Jerusa-

220 3950 335 4004 lem
386 3947 546 4011 illius,
578 3959 695 4015 quae
724 3944 775 3997 in
823 3951 961 3997 terra
992 3940 1220 4010 portavit
1248 3939 1491 3991 umbram
1534 3934 1810 4005 cujusdam

219 4038 483 4097 ctelestis.
516 4037 573 4091 in
596 4036 734 4091 illius
760 4048 889 4104 ergo
918 4029 1144 4087 civitatis
1164 4028 1467 4098 captivitate
1485 4040 1604 4081 cum
1636 4034 1816 4080 essent

217 4135 277 4190 in
302 4130 613 4202 Babylonia,
642 4125 1095 4198 prophetaveruut
1127 4120 1400 4192 propheta:
1426 4118 1513 4174 isti
1534 4116 1819 4189 reparatio-

218 4237 361 4280 nem
391 4219 706 4286 Jerusalem,
731 4216 1178 4288 prophetaverunt
1212 4212 1479 4266 civitatem
1510 4223 1701 4263 novam
1742 4223 1809 4263 ex

220 4314 575 4385 reparatione
611 4309 827 4373 veteris,
874 4308 1097 4363 liberato
1125 4303 1319 4375 populo
1348 4317 1376 4356 a
1402 4301 1705 4370 captivitate
1745 4300 1763 4371 (
1794 4298 1812 4353 l

220 4407 419 4463 Eadm
442 4421 497 4471 v,
531 4406 554 4459 i
584 4417 600 4469 ;
631 4415 676 4457 et
702 4418 774 4469 vr,
806 4402 873 4457 ii
908 4402 948 4472 ).
997 4398 1347 4470 Agnoscimus
1373 4403 1427 4450 et
1452 4394 1604 4449 istam
1649 4392 1818 4462 capti-

218 4502 471 4562 vitatem,
496 4497 543 4551 si
562 4510 686 4551 vere
706 4494 1041 4565 agnoscimus
1061 4499 1295 4546 nostram
1315 4487 1812 4560 peregrinationem.

219 4596 283 4651 In
315 4596 425 4648 hoc
444 4593 582 4647 enim
602 4590 819 4654 mundo,
853 4591 902 4643 in
942 4588 1024 4642 his
1048 4586 1469 4642 tribulationibus
1508 4583 1708 4649 saeculi,
1761 4584 1817 4638 in

221 4689 332 4743 hac
363 4686 515 4741 turba
545 4684 816 4754 multiplici
850 4681 1242 4745 scandalorum,
1291 4677 1519 4749 quodam
1564 4675 1720 4730 modo
1760 4675 1814 4730 in

218 4776 535 4853 captivitate
564 4775 848 4847 gemimus;
879 4771 970 4827 sed
998 4770 1297 4842 erigcmur:
1329 4766 1718 4838 praenuntiatur
1740 4765 1817 4820 ci-

222 4873 369 4929 vitas
391 4880 569 4925 nostra
594 4882 733 4923 nova
752 4866 922 4922 futura
952 4865 1188 4937 :cqnaiis:
1216 4861 1345 4917 Nam
1374 4869 1427 4915 et
1450 4867 1568 4930 post
1590 4859 1815 4914 istorum

220 4962 715 5037 prophetationem,
748 4968 801 5014 et
833 4956 1108 5011 visibiliter
1151 4952 1390 5023 contigit,
1419 4959 1476 5005 ut
1517 4959 1679 5005 totum
1717 4966 1814 5004 ex-

219 5057 521 5129 plicaretur
535 5052 674 5124 quod
692 5052 756 5108 ad
775 5046 1176 5124 persolvendam
1197 5045 1474 5113 imaginem
1495 5041 1812 5113 pertinebat.

217 5149 496 5216 Reparata
546 5154 628 5198 est
665 5140 953 5199 Jerusalem
987 5146 1104 5208 post
1138 5135 1467 5207 septuaginta
1523 5146 1691 5187 annos
1724 5147 1813 5186 ca-

217 5237 505 5309 ptivitatis.
541 5234 629 5290 Sic
652 5232 909 5289 Ieremias
938 5228 1191 5300 propheta
1235 5225 1565 5295 septuaginta
1596 5224 1747 5278 annis
1769 5223 1811 5289 ³,

217 5325 535 5398 septenario
583 5324 671 5378 illo
707 5337 927 5377 numero
972 5333 1183 5375 omnem
1224 5312 1608 5370 volubilitatem
1656 5312 1814 5380 huius

220 5420 488 5489 temporis
510 5418 718 5488 signat:
761 5413 1063 5486 septenario
1094 5411 1233 5466 enim
1270 5422 1493 5463 numero
1532 5405 1815 5462 volvuntur

217 5513 346 5567 dies
393 5510 466 5573 hi,
504 5510 638 5564 sicut
672 5509 871 5572 nostis;
915 5506 1073 5561 iidem
1103 5502 1314 5567 abeunt,
1362 5499 1519 5553 iidem
1569 5497 1811 5553 redeunt.

218 5602 359 5659 Post
403 5600 733 5670 septuaginta
765 5612 892 5667 ergo
936 5611 1124 5660 annos,
1156 5609 1275 5649 cum
1309 5590 1638 5663 prophetavit
1667 5589 1812 5646 Jerc-

292 5716 312 5761 ξ
339 5723 439 5773 Ain.
467 5721 519 5765 et
540 5720 646 5773 Mss.
670 5713 913 5770 emittunt,
932 5711 1057 5773 quod
1080 5722 1171 5773 non
1195 5708 1349 5763 habet.

291 5774 315 5823 ξ
572 5770 686 5825 Edd.
711 5768 851 5831 vero.
945 5768 1001 5823 ’ά
1030 5771 1244 5839 Patimur
1266 5776 1439 5833 cwztat.

293 5835 321 5881 ξ
338 5781 561 5887 dirigis
581 5828 711 5887 ὼε..
734 5783 987 5887 monii;
1003 5840 1111 5887 vast
1126 5832 1423 5887 sentiatqsz
1436 5846 1605 5887 annos.
1631 5840 1683 5885 ct

291 5781 315 5823 ξ
476 5828 485 5843 ,
572 5781 686 5825 Edu'.
711 5785 851 5831 vero.
880 5826 917 5833 η
967 5781 1001 5823 α
1030 5781 1244 5847 mimus
1264 5781 1439 5851 ςιιζιζαε.
1680 5840 1683 5851 η

1126 5840 1605 5944 Wa

293 5896 377 5962 (κη
395 5894 580 5948 'ntﬁtus‘
611 5894 779 5950 munt
800 5894 943 5962 hujus
972 5894 1103 5962 apud
1126 5894 1249 5945 cxx.

1276 429 1668 494 ENARRATIO
1707 429 1773 487 IN
1811 431 2134 492 PSALMUM
2172 438 2423 498 CXLVII.

3376 450 3513 511 i918

1936 554 2070 607 mias
2111 556 2347 624 reparari
2377 556 2642 614 civitatem
2672 554 2967 617 Ierusalem
2988 558 3011 634 (
3031 559 3221 617 Jerem.
3247 562 3381 632 'xxv,
3411 562 3511 633 ἃς

1938 657 1982 701 et
2002 663 2146 714 xxrx,
2177 649 2242 703 iO
2263 652 2304 721 ),
2332 648 2528 707 factum
2561 664 2659 720 est,
2689 663 2817 711 utet
2847 655 2912 710 ibi
2938 657 3319 729 signiﬁcaretur
3346 659 3515 730 imago

1936 737 2231 793 futurorum
2264 758 2275 792 :
2304 742 2650 811 signiﬁcatum
2678 756 2758 800 est
2789 748 2937 803 nobis
2961 758 3077 818 post
3106 765 3318 804 onmem
3358 750 3512 806 istam

1937 830 2313 886 volubilitatem
2335 836 2604 904 temporis,
2638 853 2753 907 qme
2774 841 3074 908 septenario
3103 858 3323 895 numero
3351 842 3512 897 volvi-

1937 931 2039 988 tur,
2070 922 2297 978 l'uturam
2340 926 2479 981 illam
2510 930 2772 984 civitatem
2818 944 3049 986 nostram
3077 934 3185 1002 jam
3216 935 3266 988 in
3306 930 3517 990 aeterni-

1936 1024 2040 1069 tate
2072 1017 2121 1070 in
2146 1034 2248 1070 uno
2267 1019 2370 1072 die.
2405 1019 2456 1072 in
2482 1020 2566 1073 illa
2598 1023 2789 1091 quippe
2821 1022 3140 1079 habitatione
3170 1036 3377 1095 tempus
3405 1042 3510 1080 non

1934 1109 2181 1173 volvitur,
2211 1110 2331 1180 quia
2363 1112 2624 1166 habitator
2645 1106 2714 1167 ibi
2738 1131 2840 1169 non
2863 1115 3072 1170 labitur.
3102 1116 3247 1172 Hauc
3273 1134 3393 1172 cum
3430 1118 3509 1172 vis

1932 1197 2122 1254 dereut
2150 1200 2198 1253 in
2230 1202 2418 1271 Spiritu
2448 1198 2725 1271 PrOphetaa
2749 1221 2762 1270 ;
2797 1204 3043 1260 videbant
3072 1204 3236 1273 illam,
3261 1206 3514 1262 dicebant

1932 1289 1999 1344 de
2026 1292 2142 1344 ista.
2166 1289 2269 1346 Sed
2298 1292 2410 1345 haec
2435 1291 2678 1347 dicebant
2704 1294 2768 1348 de
2800 1294 2917 1362 ista,
2942 1311 3059 1366 quze
3093 1298 3143 1350 in
3176 1297 3315 1351 illam
3349 1297 3513 1352 duces

1932 1391 2082 1446 rent;
2126 1389 2181 1437 et
2224 1382 2309 1435 illa
2342 1384 2517 1437 omnia
2547 1400 2664 1454 quae
2709 1384 2906 1440 ﬁebant
2947 1386 3236 1442 secundum
3286 1399 3514 1458 tempus,

1932 1472 2221 1527 secundum
2251 1474 2554 1543 corporales
2585 1476 2867 1543 motiones,
2902 1479 3193 1535 secundum
3239 1490 3386 1537 actus
3415 1480 3514 1535 ho-

1931 1562 2154 1629 minum,
2179 1564 2325 1635 signa
2352 1574 2502 1620 erant
2527 1575 2579 1621 et
2603 1568 3069 1638 prmnuutiationes
3091 1567 3405 1624 futurorum.

2003 1656 2055 1709 6.
2086 1650 2248 1727 [vers.
2281 1656 2393 1729 12.]
2435 1659 2722 1713 Audiamus
2760 1659 2868 1729 jam
2898 1660 3099 1715 cantari
3138 1656 3402 1716 civitatem
3447 1662 3516 1716 il-

1932 1744 2072 1812 lam,
2114 1756 2167 1801 et
2196 1747 2463 1816 erigamur
2498 1748 2563 1802 ad
2604 1764 2741 1805 eam.
2787 1749 3003 1806 Multum
3044 1752 3185 1806 enim
3216 1752 3366 1807 nobis
3394 1768 3512 1808 eam

1931 1838 2268 1892 commendat
2298 1837 2525 1910 Spiritus
2555 1839 2667 1907 Dei,
2701 1838 2985 1897 infundens
3012 1841 3163 1897 nobis
3190 1859 3423 1898 amorem
3448 1843 3514 1899 il-

1930 1928 2063 1993 lius,
2098 1937 2153 1983 ut
2192 1930 2238 1985 ci
2279 1930 2628 2001 SilSpii‘CmUS,
2660 1933 2792 1987 etin
2842 1933 3263 2003 peregrinatione
3291 1935 3517 2004 ingemi-

1929 2030 2164 2087 5camus,
2193 2029 2247 2075 et
2275 2021 2343 2075 ad
2371 2021 2514 2077 illam
2542 2022 2722 2077 venire
2751 2020 3135 2079 desideremus.
3165 2026 3418 2080 Amemus
3451 2016 3517 2081 il.-

1931 2109 2035 2163 lam
2056 2150 2070 2175 ,
2094 2120 2147 2169 et
2177 2112 2345 2181 ipsum
2376 2128 2555 2167 amare
2584 2109 2855 2169 ambulare
2884 2123 2983 2168 est.
3014 2113 3157 2169 Ecce
3183 2131 3424 2170 amemus
3453 2116 3517 2170 il-

1930 2203 2034 2257 lam
2064 2220 2127 2257 ex
2158 2217 2251 2259 ore
2288 2216 2470 2261 sancto
2490 2247 2505 2272 ,
2548 2221 2611 2261 ex
2652 2216 2744 2261 ore
2774 2207 3087 2278 prophetico
3117 2217 3171 2263 et
3191 2209 3283 2265 Dei
3312 2205 3515 2279 Spiritu

1930 2294 2154 2351 dicentis
2191 2315 2201 2350 :
2239 2294 2504 2364 Collauda,
2533 2296 2850 2367 Jerusalem,
2874 2298 3171 2359 Dominum.
3206 2300 3260 2355 In
3289 2302 3516 2371 captivi-

1930 2396 2039 2445 tate
2074 2387 2246 2443 adimc
2272 2390 2542 2445 constituti
2567 2432 2583 2457 ,
2616 2390 2798 2447 vident
2825 2392 2942 2447 illos
2966 2408 3183 2463 greges,
3215 2393 3322 2457 imo
3351 2409 3514 2450 unum

1930 2495 2143 2549 gregem
2166 2479 2399 2534 omnium
2426 2476 2621 2535 civium
2642 2523 2656 2543 ,
2700 2481 2931 2553 undique
2976 2484 3320 2543 coliectorum
3350 2484 3414 2539 ad
3445 2484 3513 2540 il-

1930 2568 2032 2623 lam
2063 2570 2364 2637 civitatcm;
2396 2572 2577 2627 vident
2598 2572 2849 2643 gaudium
2888 2568 3100 2643 massae,
3126 2584 3243 2646 post
3272 2576 3511 2644 trituras,

1930 2669 2049 2729 post
2091 2662 2462 2719 ventilationes
2506 2663 2612 2734 jam
2659 2666 2833 2720 missae
2873 2665 2923 2721 iu
2964 2667 3211 2722 horreum
3235 2710 3249 2735 ,
3279 2668 3411 2722 nihil
3442 2669 3514 2723 ti-

1930 2753 2123 2807 mentis
2147 2796 2161 2819 ,
2200 2752 2331 2808 nihil
2362 2754 2557 2811 laboris
2582 2766 2636 2811 et
2663 2755 2919 2815 molestia:
2944 2746 3219 2827 patientis;
3253 2767 3307 2813 et
3333 2758 3510 2815 adhuc

1930 2843 2017 2899 hic
2040 2846 2213 2915 positi,
2238 2855 2290 2902 et
2309 2847 2360 2901 in
2394 2848 2504 2918 ipsa
2530 2850 2853 2906 contritione
2879 2860 3257 2908 conversantes
3279 2853 3510 2921 puemit-

1930 2946 2047 2991 tunt
2084 2937 2330 3009 gaudium
2373 2942 2517 3011 spei,
2547 2948 2600 2995 et
2631 2941 2883 3003 anhelant
2920 2942 2971 2996 iu
2999 2943 3167 3010 illam,
3195 2944 3344 3013 quasi
3375 2958 3508 2999 cou-

1923 3028 2207 3099 jungentes
2236 3030 2396 3085 corda
2422 3047 2513 3085 sua
2537 3032 2753 3102 Angelis
2782 3033 2897 3099 Dei,
2927 3043 2978 3089 et
3005 3035 3179 3089 loturo
3210 3034 3286 3089 illi
3311 3034 3507 3104 populo

1928 3135 2109 3176 secum
2151 3122 2204 3177 in
2234 3123 2425 3193 gaudio
2455 3138 2825 3193 permansura.
2856 3123 3107 3180 Collauda
3130 3167 3144 3192 ,
3180 3116 3465 3181 Jerusalem
3490 3166 3507 3194 ,

1928 3210 2222 3267 Dominum.
2252 3214 2387 3281 Quid
2415 3216 2558 3270 enim
2582 3216 2779 3272 iactura
2808 3231 2886 3280 es,
2910 3232 2941 3270 ο
2958 3216 3251 3273 Jerusalem
3271 3216 3294 3270 ?
3316 3214 3511 3273 Trans-

1928 3303 2003 3359 iet
2036 3313 2181 3359 certe
2222 3314 2275 3360 et
2313 3305 2462 3361 labor
2489 3315 2543 3361 et
2567 3307 2814 3377 gemitus.
2847 3306 2985 3375 Quid
3032 3306 3228 3364 iactura
3258 3308 3353 3364 es?
3382 3323 3503 3364 ara-

1928 3403 2045 3451 tura
2069 3437 2083 3461 ,
2115 3396 2437 3451 seminatura
2459 3439 2473 3463 ,
2507 3398 2833 3453 uovellatura
2853 3441 2868 3465 ,
2894 3398 3198 3469 navigatura
3221 3415 3278 3455 es
3299 3442 3315 3467 ,
3343 3414 3510 3471 nego-

1929 3488 2117 3543 tiatura
2156 3488 2248 3543 es?
2286 3487 2423 3556 Quid
2468 3487 2670 3543 factura
2714 3490 2808 3545 es?
2856 3491 2936 3545 An
2980 3490 3034 3545 in
3081 3490 3186 3547 illis
3212 3491 3465 3561 operibus
3493 3531 3511 3561 ,

1927 3579 2167 3650 quamvis
2194 3579 2348 3635 bouis
2376 3588 2431 3636 et
2455 3580 2520 3636 de
2553 3581 2913 3639 misericordia
2951 3584 3286 3641 venientibus
3307 3626 3321 3653 ,
3350 3600 3510 3639 excr-

1926 3673 2033 3726 ceri
2075 3680 2126 3727 te
2170 3671 2345 3729 adhuc
2388 3673 2636 3743 oportet?
2670 3674 2961 3731 Considera
3001 3691 3278 3733 numerum
3320 3684 3504 3743 tuum,

1926 3764 2205 3820 considera
2231 3766 2462 3836 undique
2487 3766 2795 3823 societatem
2825 3776 2965 3822 tuam
2999 3785 3012 3821 :
3043 3768 3163 3823 vide
3193 3777 3367 3823 utrum
3403 3768 3505 3823 ali-

1925 3856 2043 3924 quis
2069 3856 2300 3921 esuriat,
2331 3857 2415 3911 cui
2447 3858 2685 3927 porrigas
2714 3872 2939 3926 panem;
2973 3857 3095 3912 vide
3130 3858 3175 3913 si
3201 3858 3392 3929 aliquis
3430 3860 3508 3915 S'i-

1925 3948 2040 4009 tiat,
2069 3946 2154 4001 cui
2182 3946 2277 4001 des
2299 3946 2518 4002 calicem
2545 3962 2695 4019 aqua:
2717 3948 2955 4020 frigidm;
2982 3949 3101 4006 vide
3122 3959 3296 4006 utrum
3316 3952 3508 4023 aliquis

1924 4036 2082 4092 modo
2102 4036 2242 4107 apud
2269 4047 2322 4093 te
2348 4040 2659 4110 peregrinus
2678 4049 2782 4108 est,
2805 4057 2963 4112 quem
2985 4042 3215 4113 hospitio
3245 4045 3507 4115 recipias;

1924 4130 2044 4187 vide
2096 4140 2275 4187 utrum
2320 4133 2513 4202 aliquis
2561 4133 2632 4188 sit
2679 4149 2850 4203 inger,
2906 4150 3063 4205 quem
3115 4136 3341 4203 visites;
3385 4138 3508 4195 vide

1923 4232 2101 4278 utrum
2134 4223 2325 4294 aliquis
2368 4225 2571 4297 litiget,
2608 4241 2766 4297 quem
2792 4227 3086 4284 concordes
3118 4228 3341 4301 (Matth.
3373 4247 3505 4298 xxv,

1924 4314 2013 4381 55,
2044 4314 2169 4385 36);
2201 4314 2323 4371 vide
2351 4326 2527 4371 utrum
2556 4317 2746 4387 aliquis
2769 4321 3046 4388 moriatur,
3073 4336 3230 4390 quem
3255 4322 3505 4391 serelias.

1922 4408 2058 4476 Quid
2079 4424 2207 4479 ergo
2234 4408 2433 4464 factura
2459 4411 2557 4466 es?
2582 4409 2852 4479 Collauda,
2876 4411 3182 4481 Jerusalem,
3211 4413 3507 4481 Dominum;

1922 4515 2051 4556 ecce
2076 4500 2175 4555 hoc
2199 4502 2566 4571 estnegotium
2586 4510 2756 4558 tuum.
2784 4504 2934 4561 Sicut
2947 4505 3083 4561 solet
3104 4506 3156 4560 in
3184 4506 3347 4562 titulis
3371 4508 3505 4562 scri-

1925 4594 1999 4659 bi,
2032 4592 2194 4649 Utere
2223 4592 2357 4649 felix
2387 4611 2401 4647 :
2432 4583 2703 4663 Collauda,
2732 4595 3036 4665 Jerusalem,
3064 4596 3359 4650 Dominum.

1995 4686 2047 4739 7.
2092 4686 2276 4739 Estote
2325 4684 2661 4741 Jerusalem:
2694 4697 3017 4742 mementote
3066 4686 3131 4741 de
3178 4686 3366 4755 quibus
3417 4685 3502 4739 di—

1922 4788 2067 4832 clum
2091 4786 2190 4844 est,
2219 4775 2456 4842 Domine,
2483 4779 2754 4833 incivitate
2780 4788 2865 4832 tua
2894 4778 3161 4847 imaginem
3186 4777 3410 4846 ipsorum
3437 4778 3505 4831 ad

1924 4869 2138 4924 nihilum
2167 4870 2359 4942 rediges
2390 4867 2411 4945 (
2438 4870 2581 4925 Psal.
2615 4885 2758 4925 Lxxn
2780 4911 2794 4935 ,
2820 4868 2947 4940 ΞΟ).
2980 4869 3042 4923 lli
3082 4879 3207 4924 sunt
3225 4870 3315 4938 qui
3342 4869 3503 4926 modo

1921 4962 2153 5034 [audent
2179 4964 2370 5019 talibus
2391 4963 2628 5033 pompis:
2658 4962 2796 5016 inter
2816 4963 2934 5016 illos
2960 4970 3082 5016 sunt
3105 4962 3194 5031 qui
3221 4970 3501 5031 propterea

1923 5054 2080 5111 hodie
2109 5071 2213 5111 non
2243 5064 2522 5120 venerunt,
2550 5054 2670 5124 quia
2694 5070 2883 5109 munus
2910 5064 3010 5110 est.
3035 5053 3130 5109 Cui
3163 5070 3357 5109 munus
3384 5055 3503 5109 est?

1921 5148 2006 5205 cui
2035 5147 2328 5203 damnum?
2356 5147 2460 5200 Aut
2498 5145 2637 5201 unde
2668 5147 2896 5201 munus?
2925 5156 3015 5201 aut
3040 5145 3179 5200 unde
3204 5144 3502 5200 damnum?

1921 5240 2035 5296 Non
2061 5240 2201 5297 enim
2232 5239 2307 5293 illi
2336 5246 2537 5292 tantum
2562 5239 2650 5308 qui
2682 5238 2802 5293 talia
2834 5238 3016 5305 edunt,
3061 5237 3254 5293 damno
3297 5237 3503 5293 feriun-

1923 5340 2041 5397 tur;
2069 5330 2162 5386 sed
2184 5329 2371 5400 majori
2394 5329 2588 5384 damno
2612 5328 2995 5401 percutiuntur,
3015 5328 3105 5400 qui
3127 5329 3249 5384 talia
3276 5329 3502 5385 libenter

1923 5423 2213 5479 intuentur.
2244 5421 2457 5476 Illorum
2484 5437 2606 5477 arca
2636 5436 2767 5476 auro
2792 5422 3121 5489 exinanitur;
3154 5422 3370 5477 istorum
3402 5436 3498 5490 pe-

1921 5524 2040 5570 ctus
2080 5513 2296 5583 iustitia:
2330 5512 2529 5569 divitiis
2567 5514 2910 5584 exspoliatur.
2964 5514 3227 5584 Plangunt
3257 5513 3497 5583 plerique

1920 5608 2191 5673 editores,
2233 5607 2520 5663 vendentes
2565 5607 2718 5663 vilias
2761 5623 2884 5663 suas
2929 5626 2942 5662 :
2989 5606 3255 5676 quomodo
3302 5605 3498 5659 debent

1920 5702 2171 5773 plangere
2216 5712 2555 5772 peccatores,
2600 5701 2882 5772 perdentcs
2919 5702 3124 5763 animas
3154 5700 3307 5753 suas!
3356 5697 3499 5759 Itane

1919 5796 1986 5849 ad
2016 5794 2117 5849 hoc
2140 5794 2390 5853 clamavit
2420 5794 2674 5850 Dominus
2697 5794 2965 5848 dominico
2995 5791 3080 5847 die
3105 5834 3119 5858 ,
3162 5782 3375 5862 Vigilute
3394 5833 3409 5856 ,
3444 5800 3503 5846 ut

1925 5885 2083 5943 hodie
2105 5887 2183 5943 sic
2203 5886 2545 5961 vigilarctur?
2572 5886 2808 5944 Obsecro
2829 5899 2945 5955 vos,
2975 5900 3006 5941 o
3029 5883 3173 5941 cives
3189 5883 3499 5945 Jerusalem.
