4084 6472
683 378 823 447 £919

678 501 867 572 adjuro
879 502 982 556 Vos
1010 514 1103 570 per
1124 512 1305 569 pacem
1331 496 1624 555 Jerusalem
1644 542 1659 568 ,
1688 517 1781 573 per
1817 504 2207 576 redemptorem
2226 552 2241 575 ,

679 603 778 662 per
796 600 1130 657 Structorem,
1156 606 1251 661 per
1274 600 1537 647 rectorem
1557 591 1873 660 Jerusalem,
1899 605 1954 649 ut
1978 609 2254 653 converta-

678 684 748 738 tis
774 699 869 753 pro
895 684 998 740 illis
1026 699 1211 755 preces
1252 685 1318 740 ad
1368 685 1552 741 Deum.
1582 686 1836 754 Videam,
1866 690 2099 744 sentiant
2132 692 2253 761 quia

678 784 975 844 nugantur;
999 787 1052 831 et
1077 778 1297 832 multum
1326 778 1585 833 intentiin
1614 778 1700 833 illa
1728 783 2028 850 spectacula
2054 798 2170 853 quae
2192 784 2255 838 il-

677 865 742 920 lis
774 865 985 934 placent
1003 909 1018 934 ,
1055 868 1336 938 aliquando
1359 878 1413 924 et
1442 882 1500 924 se
1529 879 1800 940 spectent,
1829 872 2037 942 sibique
2063 873 2251 944 displi-

676 968 853 1014 ceant.
885 959 939 1012 In
980 959 1159 1013 multis
1193 959 1333 1015 enim
1376 960 1485 1030 jam
1516 961 1707 1017 factum
1734 963 2052 1033 gaudemus;
2078 974 2132 1020 et
2154 967 2251 1021 ali-

677 1050 891 1121 quando
916 1066 1013 1105 nos
1047 1066 1271 1122 quoque.
1301 1053 1372 1107 ibi
1410 1052 1666 1123 sedimus,
1698 1063 1753 1110 et
1786 1057 2131 1113 insanivimus
2157 1077 2168 1111 :
2199 1069 2253 1114 et

675 1156 831 1210 quam
872 1142 1067 1196 multos
1107 1152 1351 1212 putamus
1378 1143 1447 1198 ibi
1478 1160 1617 1200 nunc
1654 1145 1842 1201 sedere
1863 1188 1879 1212 ,
1912 1146 2116 1203 futuros
2145 1164 2250 1204 non

673 1234 845 1287 solum
868 1234 1204 1301 christianos,
1229 1235 1321 1290 sed
1342 1236 1502 1291 etiam
1524 1237 1841 1307 episcopos?
1868 1238 1943 1293 Ex
1971 1240 2250 1309 praeteritis

674 1324 849 1380 futura
895 1326 1235 1395 conjicimus;
1267 1342 1329 1381 ex
1363 1326 1443 1381 his
1484 1344 1601 1397 qua:
1639 1328 1748 1398 jam
1790 1329 1926 1384 facta
1961 1340 2104 1396 sunt,
2133 1348 2250 1402 qua:

672 1415 815 1471 Deus
840 1417 1069 1471 facturus
1107 1426 1189 1472 est
1213 1419 1647 1487 prmnuntiamus.
1681 1421 1911 1492 Vigilent
1938 1438 2122 1493 preces
2160 1440 2251 1480 ve-

674 1515 835 1573 strm;
867 1524 969 1562 non
1009 1510 1171 1578 gratis
1210 1510 1418 1579 gemitis
1448 1552 1462 1575 ,
1504 1511 1716 1567 fratres.
1760 1513 1985 1569 Prorsus
2032 1516 2108 1570 illi
2160 1518 2249 1587 qui

674 1609 975 1663 evaserunt,
1009 1599 1354 1668 deprecantes
1382 1616 1478 1670 pro
1509 1602 1590 1657 bis
1610 1604 1698 1673 qui
1724 1606 2106 1674 periclitantur,
2126 1609 2247 1678 quia

677 1698 730 1743 et
762 1689 856 1757 ipsi
886 1688 1099 1743 fuerunt
1126 1689 1175 1743 in
1216 1705 1439 1744 numero
1467 1692 1881 1760 periclitantium
1906 1735 1922 1761 ,
1954 1697 2246 1751 exaudiun-

673 1787 760 1831 tur
784 1795 798 1843 ;
827 1788 881 1833 et
905 1778 1325 1834 abstrahetDeus
1345 1796 1372 1833 a
1394 1782 1696 1849 captivitate
1718 1782 2019 1854 Babylonia:
2040 1786 2245 1855 plebem

672 1884 841 1932 suam,
863 1869 1082 1924 redimet
1102 1871 1318 1925 omnino
1340 1880 1392 1925 et
1408 1882 1577 1937 eruet,
1596 1881 1649 1927 et
1667 1873 1972 1942 perﬁcietur
1998 1892 2248 1932 numerus

672 1969 974 2013 sanctorum
1003 1962 1317 2029 gestantium
1344 1964 1624 2032 imaginem
1664 1964 1777 2019 Dei.
1807 1965 1921 2021 Non
1966 1967 2036 2021 ibi
2069 1977 2243 2034 erunt,

672 2062 896 2119 quorum
922 2049 1201 2119 imaginem
1232 2051 1368 2106 Deus
1398 2052 1447 2105 in
1470 2053 1680 2109 civitate
1702 2070 1793 2109 sua
1824 2066 2071 2125 spernet,
2100 2066 2153 2112 et
2180 2058 2246 2112 ad

670 2140 892 2194 nihilum
922 2139 1161 2210 rediget;
1195 2142 1316 2210 quia
1342 2151 1394 2197 et
1424 2142 1521 2213 ipsi
1550 2144 1601 2198 in
1629 2146 1840 2200 civitate
1862 2162 1955 2201 sua
1975 2150 2014 2214 ί,
2043 2148 2141 2204 hoc
2165 2159 2247 2205 est

670 2228 998 2299 Babylonia,
1046 2231 1329 2299 imaginem
1377 2232 1492 2301 ejus
1534 2233 1601 2287 ad
1648 2234 1870 2290 nihilum
1909 2238 2241 2309 redegerunt.

671 2317 787 2371 Erit
830 2317 917 2373 ille
954 2319 1179 2388 populus
1205 2320 1424 2375 laudans
1454 2322 1736 2377 Dominum
1761 2367 1775 2391 ,
1804 2342 1960 2395 quem
1997 2329 2247 2397 praevidet

667 2410 829 2466 modo
858 2409 1085 2480 Spiritus
1112 2412 1433 2482 prophetize;
1462 2422 1511 2469 et
1555 2415 1682 2469 dicit
1728 2426 1782 2470 ut
1825 2419 2150 2475 exsultemus
2192 2424 2243 2475 in

670 2514 786 2570 Spe,
815 2511 866 2555 et
896 2501 1257 2558 desideremus
1289 2504 1453 2572 ipsam
1483 2521 1615 2559 rem.
1637 2505 1904 2572 Collauda,
1937 2508 2240 2575 Jerusalem,

670 2590 980 2654 Dominum;
1006 2593 1158 2646 lauda
1189 2592 1349 2647 Deum
1374 2604 1536 2661 tuum,
1566 2595 1711 2650 Sion.
1740 2596 2006 2664 Collauda,
2037 2601 2157 2669 quia
2178 2616 2244 2657 ex

670 2683 847 2737 inultis
886 2692 1131 2745 constas;
1166 2683 1354 2749 lauda,
1398 2685 1517 2754 quia
1561 2702 1721 2739 unum
1765 2687 1897 2742 facta
1937 2704 2015 2745 es.
2048 2689 2199 2745 Multi
2226 2734 2241 2757 ,

671 2773 839 2841 inquit
867 2773 1173 2842 Apostolus,
1204 2789 1357 2827 unum
1388 2791 1558 2828 sumus
1582 2776 1633 2829 in
1663 2776 1858 2831 Christo
1878 2777 2000 2832 Jesn
2028 2780 2045 2850 (
2075 2780 2094 2833 1
2125 2780 2241 2835 Cor.

671 2878 725 2923 χ,
755 2863 873 2933 l7).
902 2864 1159 2929 Quoniam
1185 2880 1310 2935 ergo
1338 2865 1487 2919 multi
1512 2909 1526 2930 ,
1567 2868 1928 2924 collaudamus
1954 2887 1966 2933 ;
1996 2872 2241 2941 quoniam

671 2970 853 3021 unum,
885 2955 1180 3009 laudamus.
1214 2956 1372 3011 Iidem
1406 2958 1553 3011 multi
1591 2960 1677 3029 qui
1708 2976 1899 3028 unum;
1930 2963 2049 3031 quia
2077 2964 2162 3019 ille
2192 2965 2241 3018 in

668 3061 774 3116 quo
801 3062 985 3113 unum,
1008 3062 1216 3119 semper
1246 3063 1396 3103 unus.

740 3139 792 3192 8.
806 3137 999 3205 Quare,
1022 3140 1185 3209 inquit
1216 3140 1327 3196 haec
1344 3140 1658 3210 Jerusalem,
1678 3144 1919 3199 collaudo
1938 3146 2238 3214 Dominum,

670 3240 723 3284 et
762 3230 917 3284 laudo
960 3231 1122 3285 Deum
1165 3247 1338 3286 meum
1384 3232 1554 3287 Sion?
1591 3235 1717 3303 Qum
1742 3235 1890 3303 Sion,
1928 3240 2039 3307 ipsa
2083 3238 2238 3293 Jeru-

669 3322 854 3375 salem.
875 3321 1103 3376 Diversis
1121 3323 1294 3376 causis
1312 3322 1415 3377 duo
1437 3326 1669 3379 nomina.
1691 3326 1983 3382 Jerusalem
2006 3328 2141 3383 dicta
2160 3340 2242 3384 est

673 3409 817 3463 Visio
845 3412 986 3478 pacis
1011 3428 1022 3464 :
1057 3410 1182 3466 Sion
1206 3412 1341 3466 dicta
1364 3422 1445 3467 est
1470 3412 1791 3483 Speculatio.
1821 3417 2005 3472 Videte
2034 3421 2075 3473 si
2101 3420 2241 3475 aliud

671 3509 862 3554 sonant
882 3501 977 3554 ista
1006 3504 1238 3567 nomina,
1270 3505 1370 3558 nisi
1396 3507 1690 3573 spectacula
1717 3524 1730 3571 ;
1762 3523 1827 3561 ne
1848 3518 2035 3577 putent
2058 3521 2241 3580 gentes

670 3606 728 3646 se
756 3592 949 3647 habere
977 3594 1271 3662 spectacula
1293 3635 1307 3658 ,
1338 3604 1391 3649 et
1414 3612 1511 3650 nos
1542 3614 1643 3651 non
1678 3598 1894 3652 habere.
1923 3602 2238 3670 Aliquando,

670 3682 889 3737 dimisso
917 3682 1122 3737 theatro
1145 3694 1232 3738 aut
1258 3684 1640 3754 amphiteatro,
1669 3703 1787 3741 cum
1816 3692 2035 3758 cmperit
2061 3707 2124 3745 ex
2156 3693 2240 3747 illa

668 3788 827 3829 cavea
852 3776 1020 3830 evomi
1052 3775 1205 3830 turba
1237 3776 1584 3845 perditorum,
1612 3779 1891 3848 aliquando
1919 3789 2157 3837 tenentes
2188 3785 2240 3839 in

668 3868 845 3921 animo
876 3867 1176 3937 pbantasias
1207 3869 1451 3923 vanitatis
1481 3884 1590 3923 sure
1615 3912 1628 3933 ,
1659 3880 1711 3924 et
1750 3873 2057 3927 memoriam
2089 3888 2237 3930 suam

668 3967 947 4029 pascentes
978 3961 1135 4014 rebus
1162 3975 1265 4013 non
1294 3962 1466 4015 solum
1504 3960 1777 4015 inutilibus
1797 4003 1811 4027 ,
1848 3963 1940 4016 sed
1974 3973 2026 4018 ct
2057 3967 2237 4034 perni-

668 4053 846 4117 ciosis,
876 4053 1163 4122 gaudentes
1191 4053 1244 4107 in
1276 4054 1353 4108 eis
1374 4063 1621 4123 tanquam
1652 4054 1702 4107 in
1728 4053 1986 4120 dulcibus,
2019 4057 2111 4110 sed
2140 4072 2235 4125 pe-

662 4143 902 4209 .Stileris;
936 4143 1117 4198 vident
1155 4144 1500 4214 plerumque,
1546 4153 1603 4197 ut
1644 4143 1737 4209 fit,
1790 4146 2015 4200 transire
2058 4161 2240 4202 servos

666 4230 783 4299 Dei,
810 4243 1133 4305 cognoscunt
1162 4236 1276 4305 ipso
1303 4236 1481 4290 habitu
1504 4236 1586 4290 vel
1615 4236 1773 4289 vestis
1806 4236 1887 4291 vel
1914 4237 2127 4306 capitis,
2157 4240 2238 4293 vel

669 4320 844 4380 fronte
868 4329 887 4357 ¹
915 4335 1067 4380 notos
1107 4326 1341 4392 habent,
1374 4336 1425 4381 et
1455 4326 1635 4380 dicunt
1674 4325 1815 4395 apud
1850 4328 2161 4398 semetipsos
2188 4339 2240 4385 et

666 4428 848 4471 secum
883 4435 895 4470 :
924 4416 968 4471 Ο
993 4418 1216 4471 miseros
1240 4418 1385 4482 istos,
1419 4418 1543 4487 quid
1574 4417 1838 4488 perdunt!
1871 4419 2116 4487 Fratres,
2148 4436 2238 4477 ro-

667 4521 852 4579 gemus
899 4508 1178 4562 Dominum
1223 4523 1320 4577 pro
1364 4508 1729 4562 benevolentia
1783 4510 2014 4577 ipsorum
2046 4554 2061 4578 ,
2117 4513 2234 4582 quia

670 4601 866 4655 bonum
900 4599 1025 4654 illud
1054 4608 1256 4669 putant.
1300 4599 1443 4653 Bene
1487 4600 1637 4653 nobis
1664 4600 1847 4653 volunt
1873 4619 1888 4655 :
1920 4602 2011 4656 sed
2042 4605 2128 4673 qui
2159 4605 2239 4659 di-

670 4693 783 4763 ligit
813 4693 1163 4763 iniquitatem,
1195 4691 1307 4745 odit
1342 4692 1570 4744 animam
1599 4705 1745 4745 suam
1779 4690 1946 4763 (Psal.
1971 4710 2024 4763 x,
2058 4696 2148 4761 6).
2182 4697 2238 4752 Si

669 4783 781 4837 odit
805 4783 1033 4837 animam
1061 4797 1230 4848 suam,
1264 4780 1529 4851 quomodo
1553 4780 1749 4835 amabit
1776 4782 2004 4838 animam
2032 4789 2237 4842 meam?

671 4873 869 4928 'l‘amen
899 4874 1009 4943 ipsa
1034 4887 1285 4943 perversa
1319 4881 1373 4927 et
1412 4872 1551 4926 inani
1581 4882 1635 4927 et
1672 4890 1802 4931 vana
1834 4876 2195 4931 benevolentia
2220 4919 2235 4943 ,

669 4963 713 5015 si
745 4963 1107 5017 benevolentia
1133 4962 1351 5019 dicenda
1383 4974 1464 5019 est
1488 5008 1501 5029 ,
1534 4965 1714 5022 dolent
1738 4983 1836 5023 nos
1859 4967 2078 5037 perdere
2098 4969 2237 5038 quod

670 5062 889 5119 amant;
933 5070 1146 5110 oremus
1193 5071 1259 5110 ne
1305 5056 1529 5127 perdant
1573 5060 1713 5129 quod
1760 5075 2017 5115 amamus.
2052 5061 2240 5117 Videte

671 5145 878 5215 qualem
906 5146 1197 5202 Jerusalem
1225 5148 1532 5205 cxhortetur
1570 5151 1636 5205 ad
1667 5152 1871 5209 laudem
1892 5196 1907 5219 ,
1940 5154 2025 5209 vel
2066 5154 2240 5224 potius

670 5239 973 5307 prmsentiat
1005 5239 1353 5295 laudaturam.
1384 5241 1496 5298 Non
1530 5232 1670 5299 enim
1701 5246 1841 5301 illius
1870 5246 2097 5301 civitatis
2122 5247 2237 5300 lau-

670 5325 786 5393 des,
813 5336 935 5383 tunc
962 5344 1078 5384 cum
1105 5322 1398 5389 videbimus
1424 5343 1476 5388 ct
1502 5335 1793 5392 amabimus
1814 5346 1867 5392 et
1888 5337 2235 5403 laudabimus,

668 5434 803 5475 voce
836 5418 1141 5489 prephetica
1167 5424 1506 5479 exhortandas
1533 5435 1587 5481 et
1609 5428 1901 5483 excitanda:
1943 5438 2066 5484 sunt
2098 5447 2110 5483 :
2142 5429 2237 5484 sed

668 5520 948 5586 propterea
993 5513 1151 5569 modo
1178 5514 1359 5571 dicunt
1402 5520 1501 5574 hoc
1536 5520 1844 5590 Propheta},
1884 5530 1944 5575 ut
1986 5523 2235 5592 potent’,

670 5605 751 5718 ml
766 5605 978 5715 'Sicutlgss.
1004 5611 1059 5654 At
1081 5609 1153 5654 Er.
1176 5613 1227 5656 et
1246 5614 1372 5669 Lov.,
1395 5616 1439 5659 et
1455 5609 1549 5673 ipsi
1563 5611 1612 5661 in
1636 5612 1903 5675 captivitate
1926 5628 2013 5665 sua
2035 5620 2079 5664 et
2099 5614 2151 5665 in
2173 5613 2242 5664 ci-

736 5680 764 5713 a
783 5679 846 5717 es
915 5704 925 5714 .

736 5679 811 5717 (118
821 5679 925 5715 sua.

733 5730 754 5795 ξ
778 5734 850 5795 Er.
878 5735 929 5795 et
950 5728 1130 5792 aliquot
1152 5738 1276 5795 Mss.,
1312 5732 1447 5795 forte.

735 5790 756 5821 ³
772 5791 847 5838 sie
860 5790 1044 5862 aliquot
1054 5801 1160 5862 Mss.
1188 5794 1296 5843 Edd.
1312 5790 1444 5853 vero,
1466 5801 1657 5859 utpote;
1682 5805 1733 5848 et
1760 5799 1904 5862 infra,
1928 5799 2106 5862 gaudia
2127 5800 2238 5850 bea-

673 5853 831 5913 tOrum
848 5856 1112 5904 eructantes
1132 5856 1183 5907 in
1206 5869 1346 5907 aures
1365 5853 1564 5920 nostras,
1592 5853 1997 5922 nt'excitent,'e'tc.

1910 393 1967 451 S.
2007 394 2368 454 AUGUSTINI
2408 401 2709 460 EPISCOPI

2365 525 2618 584 quantum
2665 531 2884 589 possunt
2927 523 2980 577 in
3028 524 3126 582 hac
3177 542 3339 588 carne
3397 538 3684 612 constituti,
3719 547 3846 611 futura

2359 607 2547 675 gaudia
2590 609 2861 668 beatorum
2886 656 2901 681 ,
2947 625 3001 671 et
3042 630 3341 678 eructantes
3382 626 3433 681 in
3476 644 3617 687 aures
3655 607 3844 711 nostras,

2360 702 2589 756 excitent
2604 718 2837 761 amorem
2866 707 3006 765 illius
3026 710 3275 770 civitatis.
3304 714 3605 780 Ferveamus
3621 702 3841 801 desiderio,

2358 804 2464 845 non
2493 793 2659 849 simus
2684 797 2872 865 spiritu
2902 802 3055 871 pigri.

2431 883 2482 937 9.
2537 883 2700 956 [vers.
2734 887 2862 961 15.]
2894 891 2996 945 Sed
3038 895 3213 952 videte
3250 901 3454 968 qualem
3481 904 3734 968 Jerusalem
3756 916 3845 974 dicit

2357 972 2683 1031 laudaturam
2726 979 2890 1035 Deum
2916 1022 2931 1048 ,
2958 992 3012 1038 et
3044 988 3182 1043 unde
3208 989 3564 1052 laudaturum:
3594 972 3844 1070 perfectione

2357 1065 2580 1164 quadam
2604 1068 2961 1127 beatitudinis.
2985 1073 3255 1144 Collauda,
3285 1083 3469 1154 inquit,
3485 1065 3745 1164 Jerusalem,
3765 1065 3842 1155 Dos

2357 1154 2548 1258 minam
2568 1175 2589 1223 ;
2631 1159 2784 1213 lauda
2812 1160 2977 1218 Deum
3020 1176 3179 1234 tuum,
3214 1172 3361 1229 Sion.
3408 1177 3473 1234 Et
3506 1186 3638 1250 quasi
3659 1154 3841 1258 diceret,

2358 1245 2506 1303 Unde
2532 1264 2716 1307 secura
2744 1254 2970 1312 laudabo
2996 1261 3019 1313 ?
3051 1261 3303 1328 Quoniam
3332 1245 3624 1339 conﬁrmavit
3643 1319 3656 1342 ,
3686 1245 3837 1351 inquit,

2353 1347 2510 1394 vectes
2540 1352 2796 1410 portarum
2820 1356 3037 1405 tuarum.
3068 1354 3340 1413 Attendite
3358 1401 3372 1424 ,
3402 1360 3577 1422 fratres
3607 1372 3712 1425 mei.
3741 1347 3839 1429 Con;

2354 1429 2591 1499 ﬁrmavit,
2623 1434 2809 1505 inquit,
2833 1450 2989 1495 vectes
3013 1455 3274 1513 portarum
3294 1460 3506 1508 tuarum.
3530 1456 3732 1517 Vectium
3746 1479 3838 1521 con-

2353 1519 2582 1577 lirmatio
2604 1540 2708 1580 non
2732 1537 2815 1583 est
2843 1541 3111 1598 portarum
3133 1548 3453 1607 apertarum,
3471 1546 3556 1601 sed
3576 1519 3835 1611 clausarum:

2353 1610 2492 1665 unde
2522 1614 2759 1686 plerique
2795 1621 3005 1678 codices
3040 1624 3256 1697 habent,
3288 1630 3728 1700 Conﬁrmavitseras
3749 1662 3836 1712 por-

2352 1714 2516 1758 tarum
2555 1714 2773 1764 tuarum.
2814 1714 3067 1771 Attendat
3110 1718 3353 1777 Charitas
3381 1737 3563 1782 vestra.
3590 1729 3833 1790 Conclusam

2351 1797 2650 1857 Jerusalem
2679 1803 2809 1859 dicit
2847 1807 3063 1866 laudare
3106 1812 3410 1871 Dominum.
3444 1818 3696 1887 Collauda,
3723 1824 3833 1880 Jeru-

2351 1893 2527 1958 salem,
2561 1894 2869 1962 Donn'num;
2895 1901 3050 1954 lauda
3079 1902 3244 1958 Deum
3273 1916 3428 1973 tuum,
3456 1909 3589 1965 Sion.
3615 1912 3830 1970 Collauda-

2350 1997 2471 2038 mus
2495 1985 2675 2052 modo,
2702 1988 2976 2045 laudamus
2997 1993 3178 2058 modo,
3209 1997 3301 2050 sed
3322 1997 3455 2053 inter
3478 2002 3706 2057 scandala.
3727 2005 3831 2061 Multi

2350 2089 2484 2143 quos
2514 2077 2776 2145 nolumus,
2806 2080 3029 2147 intrant;
3064 2085 3243 2152 multi,
3273 2088 3370 2142 etsi
3401 2090 3639 2158 nolumus,
3659 2106 3827 2155 exeunt;

2351 2164 2472 2221 ideo
2496 2168 2838 2225 crebrescunt
2867 2173 3114 2227 scandala
3144 2195 3157 2231 :
3183 2176 3248 2230 Et
3267 2182 3493 2247 quoniam
3517 2185 3739 2238 abundavit
3756 2187 3829 2240 ini-

2349 2261 2532 2327 quitas,
2552 2262 2625 2315 ait
2640 2257 2867 2331 Veritas,
2886 2268 3167 2337 refrigescit
3183 2272 3400 2328 charitas
3416 2276 3655 2329 multarunt
3673 2275 3825 2345 (Matth.

2349 2365 2473 2405 xxrv
2497 2394 2511 2416 ,
2557 2354 2686 2424 12):
2727 2366 2942 2425 propter
2980 2360 3260 2428 intrantes,
3306 2379 3433 2433 quos
3473 2365 3720 2434 dijudicare
3752 2381 3826 2421 non

2350 2456 2629 2510 possumus
2654 2460 2668 2509 ;
2702 2456 2754 2499 οι
2778 2458 3056 2513 exeuntes,
3083 2465 3221 2520 quos
3262 2461 3437 2509 tenere
3473 2470 3567 2509 non
3596 2470 3823 2525 pOSSUlllllS-

2349 2532 2524 2598 Quare
2564 2534 2713 2589 hoc?
2753 2538 2882 2605 Quia
2930 2541 3165 2596 nondum
3223 2543 3501 2613 perfectio,
3543 2547 3733 2601 nondum
3765 2548 3824 2600 illa

2349 2623 2636 2680 beatitudo.
2687 2628 2861 2695 Quare
2910 2630 3048 2685 hoc?
3086 2634 3223 2700 Quia
3273 2636 3439 2691 adhuc
3472 2652 3614 2704 area,
3654 2638 3823 2692 nondum

2349 2716 2619 2773 horreum.
2648 2718 2797 2773 Tunc
2817 2736 2943 2789 ergo
2967 2723 3113 2792 quid,
3146 2727 3245 2780 nisi
3270 2737 3327 2782 ut
3353 2743 3452 2783 non
3477 2730 3637 2783 timeas
3659 2730 3737 2783 tale
3755 2729 3824 2781 ali-

2348 2811 2472 2879 quid
2505 2810 2773 2866 futurum?
2800 2812 3050 2871 Collauda
3077 2818 3245 2882 enim,
3272 2818 3565 2884 Jerusalem,
3595 2820 3818 2881 Dominum,

2348 2902 2500 2955 lauda
2539 2901 2701 2956 Deum
2743 2913 2915 2970 tuum,
2961 2906 3128 2971 Sion;
3163 2911 3395 2979 quoniam
3429 2910 3822 2978 con/innaritvectcs

2346 3004 2605 3063 portarunt
2649 3003 2867 3049 tuarum.
2898 2998 3247 3066 Con/irmavit.
3288 3001 3397 3057 Non
3425 3002 3572 3065 dixit,
3600 3002 3817 3072 Apposuit,

2348 3095 2549 3142 tantum
2584 3105 2595 3139 :
2626 3087 2951 3157 Con/irmavit
2982 3093 2996 3123 ¹
3026 3102 3186 3147 vectes
3216 3103 3466 3163 portarum
3491 3104 3677 3148 tuarum.
3701 3091 3819 3146 Nemo

2346 3188 2531 3245 exeat,
2572 3197 2727 3235 nemo
2765 3183 2943 3259 intret.
2986 3183 3156 3240 Nemo
3185 3198 3371 3253 exeat,
3397 3186 3677 3257 gaudemus:
3700 3181 3818 3237 Nemo

2346 3271 2523 3335 intret,
2578 3273 2843 3329 timemus.
2885 3274 2995 3329 Nec
3034 3274 3139 3331 hoc
3181 3279 3400 3343 timeas;
3440 3292 3549 3332 cum
3575 3272 3814 3335 intraveris,

2345 3360 2551 3417 dicetur
2582 3380 2596 3428 ;
2628 3364 2991 3421 tantummodo
3019 3377 3141 3423 esto
3169 3369 3221 3423 in
3259 3382 3470 3424 numero
3493 3368 3706 3438 virginum
3734 3376 3817 3433 quit

2346 3462 2623 3521 portarunt
2646 3456 2822 3511 oleum
2847 3470 3049 3512 secum.

2419 3544 2756 3615 lO.Virgines
2778 3549 2918 3603 enim
2946 3550 3048 3605 illa:
3067 3552 3276 3607 animas
3292 3552 3584 3623 signiﬁcant.
3605 3548 3696 3603 Non
3716 3544 3815 3599 enim

2345 3649 2470 3689 vere
2497 3636 2726 3706 quinque
2761 3648 2939 3706 erant,
2972 3640 3066 3695 sed
3104 3641 3161 3696 in
3191 3644 3416 3713 quinque
3439 3642 3532 3696 illis
3564 3639 3693 3696 millia
3714 3644 3811 3691 sunt.

2344 3722 2401 3779 ln
2441 3741 2660 3781 numero
2692 3728 2779 3782 illo
2816 3730 3058 3799 quinario
3086 3734 3254 3788 millia
3284 3734 3625 3804 intelliguntur,
3653 3743 3732 3783 non
3760 3724 3813 3777 lc-

2344 3814 2604 3870 minarum
2652 3826 2848 3873 tantum
2883 3860 2898 3885 ,
2951 3821 3043 3876 sed
3092 3833 3151 3877 ct
3194 3825 3420 3879 virorum
3462 3842 3473 3877 :
3518 3824 3622 3893 quia
3656 3829 3814 3887 ιιιεηιυο

2345 3920 2501 3959 sexus
2526 3906 2720 3963 dicitur
2743 3909 2958 3974 femina,
2982 3913 3101 3981 quia
3128 3914 3363 3971 Ecclesia
3380 3932 3393 3980 ;
3410 3923 3663 3982 etuterque
3681 3920 3810 3968 sexus.

2345 3997 2447 4055 hoc
2480 4008 2565 4054 est
2592 4000 2823 4057 Ecclesia
2843 4045 2859 4070 ,
2901 4003 3092 4059 dicitur
3131 4007 3301 4078 virgo.
3350 4005 3625 4076 Desponsavi
3657 4016 3722 4055 vos
3754 3997 3815 4051 uti

2344 4091 2478 4155 viro,
2512 4091 2750 4161 virginem
2775 4104 2963 4149 castam
2993 4096 3224 4152 exhibere
3247 4098 3437 4153 Christo
3463 4096 3536 4170 (ll
3560 4093 3658 4149 Cor.
3681 4106 3735 4153 XI,
3757 4086 3796 4151 9ο)

2345 4180 2638 4238 Paucorum
2667 4193 2748 4239 est
2773 4187 3048 4255 virginitas
3071 4188 3120 4242 in
3149 4204 3327 4257 carne,
3350 4189 3567 4243 omnium
3590 4183 3713 4239 debet
3730 4188 3813 4231 esse

2344 4274 2395 4327 in
2433 4276 2915 4346 corde.Virginitas
2964 4280 3162 4346 carnis,
3192 4296 3380 4351 corpus
3426 4281 3672 4338 intactum;
3697 4268 3811 4335 νίτῧί·

2344 4367 2480 4421 nitas
2505 4369 2702 4435 cordis,
2738 4369 2866 4425 lides
2896 4371 3223 4442 incorrupta.
3254 4374 3389 4442 Ergo
3415 4371 3587 4426 dicitur
3607 4366 3721 4434 virgo
3737 4367 3810 4413 toll

2344 4458 2605 4526 Ecclesia,
2628 4469 2680 4514 et
2701 4462 2991 4517 masculino
3010 4478 3206 4533 genere
3225 4464 3504 4534 appellatur
3520 4456 3705 4530 pepulos
3722 4449 3808 4505 Dei:

2343 4559 2565 4620 uterque
2592 4566 2748 4606 sexus
2767 4553 2995 4623 populus
3017 4554 3132 4622 Dei,
3151 4564 3205 4610 et
3221 4570 3354 4610 unus
3378 4551 3597 4625 populus,
3619 4556 3661 4603 et
3677 4542 3810 4640 unicus

2345 4644 2593 4713 populus;
2623 4654 2675 4699 et
2700 4660 2802 4699 una
2826 4646 3082 4713 Ecclesia,
3105 4658 3159 4703 et
3179 4650 3329 4702 unica
3357 4645 3579 4702 columba
3605 4656 3616 4694 :
3641 4644 3809 4729 atquein

2343 4733 2441 4788 bac
2463 4734 2759 4802 virginitate
2788 4736 2951 4790 millia
2977 4746 3300 4793 sanctorum.
3331 4737 3462 4807 Ergo
3486 4724 3809 4821 quinquevirsni'

2344 4838 2438 4877 nes
2467 4838 2653 4879 omnes
2689 4826 2890 4881 animas
2915 4827 3201 4882 intraturas
3230 4828 3280 4881 in
3322 4840 3525 4896 regnum
3554 4821 3631 4876 Dei
3662 4808 3810 4911 signiﬁ-

2344 4921 2504 4979 cant;
2555 4930 2659 4968 non
2704 4917 2820 4971 sine
2867 4932 3025 4972 causa
3075 4918 3314 4988 quinario
3360 4928 3592 4977 numero,
3625 4912 3809 4977 quoniam

2343 5005 2571 5075 quinque
2599 5014 2724 5060 sunt
2751 5010 2987 5077 corporis
3011 5024 3200 5065 sensus
3228 5007 3476 5064 notissimi
3503 4999 3721 5058 omnibus.
3742 4990 3812 5044 Pet

2343 5098 2576 5169 quinque
2618 5100 2758 5154 enim
2802 5076 2991 5170 januas
3038 5103 3197 5157 intrat
3238 5100 3427 5172 aliquid
3474 5111 3557 5169 per
3590 5076 3810 5157 corpusad

2343 5190 2572 5245 animam
2602 5208 2616 5245 :
2638 5200 2728 5245 aut
2751 5207 2846 5261 per
2870 5195 3053 5249 oculos
3082 5194 3243 5248 intrat
3268 5190 3402 5262 quod
3427 5183 3812 5253 concupiscasmi‘

2344 5279 2393 5336 le
2414 5323 2429 5349 ,
2460 5290 2551 5335 aut
2576 5295 2672 5351 per
2695 5296 2871 5347 aures,
2902 5293 2989 5338 aut
3018 5299 3110 5355 per
3134 5283 3398 5348 olfactuin,
3431 5286 3512 5333 alii
3538 5287 3619 5345 Ροτ
3637 5272 3809 5368 ῧυῗωὲίῗζ

2344 5380 2435 5425 aut
2480 5387 2573 5441 per
2597 5382 2919 5428 contactum.
2950 5372 3050 5431 Peri
3083 5374 3179 5430 has‘
3200 5375 3422 5444 quinque
3441 5369 3608 5439 1³⁸³³³

2346 5478 2449 5518 non
2478 5463 2749 5519 admiserit
2774 5466 3163 5535 corruptionem
3189 5506 3204 5531 ,
3246 5465 3379 5518 inter
3413 5458 3619 5529 ᾳυῑητιυε
3640 5452 3811 5537 νίτε¹¹ξῗ⁵

2346 5564 2697 5625 computatur.
2728 5525 3089 5611 Admittuutur
3113 5563 3282 5610 autem
3319 5545 3647 5617 corruptiones
3670 5546 3742 5605 Per
3762 5525 3811 5580 ⁵¹⁸

2410 5736 2425 5766 ¹
2443 5736 2523 5806 _Sic
2539 5743 2710 5806 Amuet
2732 5736 2897 5806 plures
2919 5745 3024 5787 Mss.
3046 5744 3099 5786 At
3116 5742 3241 5806 pom:
3264 5703 3813 5806 Νᾳνζιξιι-ῃξ

2346 5804 2425 5869 tan
2435 5776 3197 5869 meamea-misisses
3212 5776 3776 5869 ’ὑὸέἶίὶέίξεςλὲὲίεἱίὲῗὲλῖεἰὲ

2347 5833 3039 5916 iit}?iiiiEEé"E}th"iyii}Jz¥}i£
3059 5833 3583 5915 Ἑιὶἓῖιῖννιαηιισπτηοαο,
3606 5840 3700 5894 es”:
3718 5833 3786 5877 δια
