  <div class='ocr_page' id='page_1' title='image "/cluster/home/n/w/nwhite01/storage/ocr_20150623/37/uva.x000827106/458.png"; bbox 0 0 4084 6454; ppageno 0'>
   <div class='ocr_carea' id='block_1_1' title="bbox 311 388 452 445">
    <p class='ocr_par' dir='ltr' id='par_1_1' title="bbox 311 388 452 445">
     <span class='ocr_line' id='line_1_1' title="bbox 311 388 452 445; baseline -0.014 0"><span class='ocrx_word' id='word_1_1' title='bbox 311 388 452 445; x_wconf 70' lang='grc' dir='ltr'><strong>19Ἧ</strong></span> 
     </span>
    </p>
   </div>
   <div class='ocr_carea' id='block_1_2' title="bbox 308 500 1897 570">
    <p class='ocr_par' dir='ltr' id='par_1_2' title="bbox 308 500 1897 570">
     <span class='ocr_line' id='line_1_2' title="bbox 308 500 1897 570; baseline -0.001 -12"><span class='ocrx_word' id='word_1_2' title='bbox 308 504 460 558; x_wconf 87' lang='lat' dir='ltr'><strong>licita</strong></span> <span class='ocrx_word' id='word_1_3' title='bbox 498 500 785 559; x_wconf 89' lang='lat' dir='ltr'><strong>desideria.</strong></span> <span class='ocrx_word' id='word_1_4' title='bbox 822 500 959 570; x_wconf 87' lang='lat' dir='ltr'><strong>Quid</strong></span> <span class='ocrx_word' id='word_1_5' title='bbox 1008 510 1186 557; x_wconf 90' lang='lat' dir='ltr'><strong>autem</strong></span> <span class='ocrx_word' id='word_1_6' title='bbox 1229 501 1385 557; x_wconf 90' lang='lat' dir='ltr'><strong>liceat</strong></span> <span class='ocrx_word' id='word_1_7' title='bbox 1427 510 1480 556; x_wconf 88' lang='lat' dir='ltr'><strong>et</strong></span> <span class='ocrx_word' id='word_1_8' title='bbox 1533 517 1637 557; x_wconf 90' lang='lat' dir='ltr'><strong>non</strong></span> <span class='ocrx_word' id='word_1_9' title='bbox 1686 502 1843 558; x_wconf 85' lang='lat' dir='ltr'><strong>liceat</strong></span> <span class='ocrx_word' id='word_1_10' title='bbox 1881 545 1897 567; x_wconf 92' lang='lat'><strong>,</strong></span> 
     </span>
    </p>
   </div>
   <div class='ocr_carea' id='block_1_3' title="bbox 306 593 1903 666">
    <p class='ocr_par' dir='ltr' id='par_1_3' title="bbox 306 593 1903 666">
     <span class='ocr_line' id='line_1_3' title="bbox 306 593 1903 666; baseline 0.001 -15"><span class='ocrx_word' id='word_1_11' title='bbox 306 596 461 666; x_wconf 82' lang='lat' dir='ltr'><strong>pleni</strong></span> <span class='ocrx_word' id='word_1_12' title='bbox 488 604 611 650; x_wconf 92' lang='lat' dir='ltr'><strong>sunt</strong></span> <span class='ocrx_word' id='word_1_13' title='bbox 637 594 755 649; x_wconf 86' lang='lat' dir='ltr'><strong>libri</strong></span> <span class='ocrx_word' id='word_1_14' title='bbox 784 594 1198 664; x_wconf 85' lang='lat' dir='ltr'><strong>Scripturarum.</strong></span> <span class='ocrx_word' id='word_1_15' title='bbox 1228 593 1369 665; x_wconf 87' lang='lat' dir='ltr'><strong>Ergo</strong></span> <span class='ocrx_word' id='word_1_16' title='bbox 1396 608 1529 665; x_wconf 91' lang='lat' dir='ltr'><strong>opus</strong></span> <span class='ocrx_word' id='word_1_17' title='bbox 1558 605 1638 651; x_wconf 92' lang='lat' dir='ltr'><strong>est</strong></span> <span class='ocrx_word' id='word_1_18' title='bbox 1669 606 1725 650; x_wconf 93' lang='lat' dir='ltr'><strong>ut</strong></span> <span class='ocrx_word' id='word_1_19' title='bbox 1750 597 1823 652; x_wconf 90' lang='lat' dir='ltr'><strong>sis</strong></span> <span class='ocrx_word' id='word_1_20' title='bbox 1849 597 1903 652; x_wconf 91' lang='lat' dir='ltr'><strong>in</strong></span> 
     </span>
    </p>
   </div>
   <div class='ocr_carea' id='block_1_4' title="bbox 306 687 1901 759">
    <p class='ocr_par' dir='ltr' id='par_1_4' title="bbox 306 687 1901 759">
     <span class='ocr_line' id='line_1_4' title="bbox 306 687 1901 759; baseline -0.001 -14"><span class='ocrx_word' id='word_1_21' title='bbox 306 690 425 745; x_wconf 89' lang='lat' dir='ltr'><strong>illis</strong></span> <span class='ocrx_word' id='word_1_22' title='bbox 469 688 702 759; x_wconf 89' lang='lat' dir='ltr'><strong>quinque</strong></span> <span class='ocrx_word' id='word_1_23' title='bbox 743 687 1054 758; x_wconf 81' lang='lat' dir='ltr'><strong>virginibus.</strong></span> <span class='ocrx_word' id='word_1_24' title='bbox 1104 687 1221 743; x_wconf 87' lang='lat' dir='ltr'><strong>Non</strong></span> <span class='ocrx_word' id='word_1_25' title='bbox 1270 687 1481 744; x_wconf 91' lang='lat' dir='ltr'><strong>timebis</strong></span> <span class='ocrx_word' id='word_1_26' title='bbox 1522 688 1662 758; x_wconf 89' lang='lat' dir='ltr'><strong>quod</strong></span> <span class='ocrx_word' id='word_1_27' title='bbox 1700 688 1901 744; x_wconf 91' lang='lat' dir='ltr'><strong>dictum</strong></span> 
     </span>
    </p>
   </div>
   <div class='ocr_carea' id='block_1_5' title="bbox 308 778 1903 849">
    <p class='ocr_par' dir='ltr' id='par_1_5' title="bbox 308 778 1903 849">
     <span class='ocr_line' id='line_1_5' title="bbox 308 778 1903 849; baseline -0.001 -11"><span class='ocrx_word' id='word_1_28' title='bbox 308 792 421 849; x_wconf 88' lang='lat' dir='ltr'><strong>est,</strong></span> <span class='ocrx_word' id='word_1_29' title='bbox 451 780 619 837; x_wconf 86' lang='lat' dir='ltr'><strong>Nemo</strong></span> <span class='ocrx_word' id='word_1_30' title='bbox 648 781 826 835; x_wconf 90' lang='lat' dir='ltr'><strong>intret.</strong></span> <span class='ocrx_word' id='word_1_31' title='bbox 859 780 1062 834; x_wconf 88' lang='lat' dir='ltr'><strong>Dicitur</strong></span> <span class='ocrx_word' id='word_1_32' title='bbox 1089 780 1232 834; x_wconf 91' lang='lat' dir='ltr'><strong>enim</strong></span> <span class='ocrx_word' id='word_1_33' title='bbox 1260 778 1364 834; x_wconf 89' lang='lat' dir='ltr'><strong>hoc</strong></span> <span class='ocrx_word' id='word_1_34' title='bbox 1387 821 1402 848; x_wconf 93' lang='lat'><strong>,</strong></span> <span class='ocrx_word' id='word_1_35' title='bbox 1433 789 1489 835; x_wconf 90' lang='lat' dir='ltr'><strong>et</strong></span> <span class='ocrx_word' id='word_1_36' title='bbox 1516 778 1607 835; x_wconf 91' lang='lat' dir='ltr'><strong>ﬁet</strong></span> <span class='ocrx_word' id='word_1_37' title='bbox 1636 780 1774 848; x_wconf 87' lang='lat' dir='ltr'><strong>hoc;</strong></span> <span class='ocrx_word' id='word_1_38' title='bbox 1808 780 1903 836; x_wconf 90' lang='lat' dir='ltr'><strong>sed</strong></span> 
     </span>
    </p>
   </div>
   <div class='ocr_carea' id='block_1_6' title="bbox 306 870 1901 937">
    <p class='ocr_par' dir='ltr' id='par_1_6' title="bbox 306 870 1901 937">
     <span class='ocr_line' id='line_1_6' title="bbox 306 870 1901 937; baseline -0.001 -8"><span class='ocrx_word' id='word_1_39' title='bbox 306 889 440 930; x_wconf 90' lang='lat' dir='ltr'><strong>cum</strong></span> <span class='ocrx_word' id='word_1_40' title='bbox 478 872 757 927; x_wconf 79' lang='lat' dir='ltr'><strong>intraveris</strong></span> <span class='ocrx_word' id='word_1_41' title='bbox 785 890 798 926; x_wconf 89' lang='lat'><strong>:</strong></span> <span class='ocrx_word' id='word_1_42' title='bbox 831 886 990 926; x_wconf 91' lang='lat' dir='ltr'><strong>nemo</strong></span> <span class='ocrx_word' id='word_1_43' title='bbox 1015 879 1201 926; x_wconf 89' lang='lat' dir='ltr'><strong>contra</strong></span> <span class='ocrx_word' id='word_1_44' title='bbox 1238 878 1288 925; x_wconf 89' lang='lat' dir='ltr'><strong>te</strong></span> <span class='ocrx_word' id='word_1_45' title='bbox 1317 870 1563 937; x_wconf 81' lang='lat' dir='ltr'><strong>claudet;</strong></span> <span class='ocrx_word' id='word_1_46' title='bbox 1609 872 1705 927; x_wconf 93' lang='lat' dir='ltr'><strong>sed</strong></span> <span class='ocrx_word' id='word_1_47' title='bbox 1734 881 1785 929; x_wconf 91' lang='lat' dir='ltr'><strong>te</strong></span> <span class='ocrx_word' id='word_1_48' title='bbox 1816 873 1901 928; x_wconf 90' lang='lat' dir='ltr'><strong>in-</strong></span> 
     </span>
    </p>
   </div>
   <div class='ocr_carea' id='block_1_7' title="bbox 304 961 1901 1036">
    <p class='ocr_par' dir='ltr' id='par_1_7' title="bbox 304 961 1901 1036">
     <span class='ocr_line' id='line_1_7' title="bbox 304 961 1901 1036; baseline -0.001 -16"><span class='ocrx_word' id='word_1_49' title='bbox 304 979 501 1036; x_wconf 85' lang='lat' dir='ltr'><strong>gresso</strong></span> <span class='ocrx_word' id='word_1_50' title='bbox 527 1004 543 1030; x_wconf 94' lang='lat'><strong>,</strong></span> <span class='ocrx_word' id='word_1_51' title='bbox 587 962 898 1018; x_wconf 84' lang='lat' dir='ltr'><strong>claudentur</strong></span> <span class='ocrx_word' id='word_1_52' title='bbox 943 971 1111 1031; x_wconf 71' lang='lat' dir='ltr'><strong>porta:</strong></span> <span class='ocrx_word' id='word_1_53' title='bbox 1151 961 1481 1027; x_wconf 83' lang='lat' dir='ltr'><strong>Jerusalem,</strong></span> <span class='ocrx_word' id='word_1_54' title='bbox 1522 972 1576 1018; x_wconf 91' lang='lat' dir='ltr'><strong>et</strong></span> <span class='ocrx_word' id='word_1_55' title='bbox 1613 963 1901 1019; x_wconf 84' lang='lat' dir='ltr'><strong>firmabun-</strong></span> 
     </span>
    </p>
   </div>
   <div class='ocr_carea' id='block_1_8' title="bbox 308 1055 1903 1125">
    <p class='ocr_par' dir='ltr' id='par_1_8' title="bbox 308 1055 1903 1125">
     <span class='ocr_line' id='line_1_8' title="bbox 308 1055 1903 1125; baseline 0.001 -14"><span class='ocrx_word' id='word_1_56' title='bbox 308 1065 411 1112; x_wconf 92' lang='lat' dir='ltr'><strong>tur</strong></span> <span class='ocrx_word' id='word_1_57' title='bbox 436 1065 616 1112; x_wconf 81' lang='lat' dir='ltr'><strong>vectes</strong></span> <span class='ocrx_word' id='word_1_58' title='bbox 646 1064 919 1125; x_wconf 89' lang='lat' dir='ltr'><strong>portarum</strong></span> <span class='ocrx_word' id='word_1_59' title='bbox 940 1055 1074 1124; x_wconf 84' lang='lat' dir='ltr'><strong>ejus.</strong></span> <span class='ocrx_word' id='word_1_60' title='bbox 1102 1055 1235 1110; x_wconf 90' lang='lat' dir='ltr'><strong>Nam</strong></span> <span class='ocrx_word' id='word_1_61' title='bbox 1268 1064 1323 1110; x_wconf 91' lang='lat' dir='ltr'><strong>tu</strong></span> <span class='ocrx_word' id='word_1_62' title='bbox 1344 1055 1388 1109; x_wconf 90' lang='lat' dir='ltr'><strong>si</strong></span> <span class='ocrx_word' id='word_1_63' title='bbox 1414 1070 1535 1111; x_wconf 90' lang='lat' dir='ltr'><strong>esse</strong></span> <span class='ocrx_word' id='word_1_64' title='bbox 1561 1056 1791 1112; x_wconf 90' lang='lat' dir='ltr'><strong>volueris</strong></span> <span class='ocrx_word' id='word_1_65' title='bbox 1810 1065 1903 1113; x_wconf 90' lang='lat' dir='ltr'><strong>aut</strong></span> 
     </span>
    </p>
   </div>
   <div class='ocr_carea' id='block_1_9' title="bbox 310 1145 1896 1218">
    <p class='ocr_par' dir='ltr' id='par_1_9' title="bbox 310 1145 1896 1218">
     <span class='ocr_line' id='line_1_9' title="bbox 310 1145 1896 1218; baseline 0 -15"><span class='ocrx_word' id='word_1_66' title='bbox 310 1164 427 1203; x_wconf 88' lang='lat' dir='ltr'><strong>non</strong></span> <span class='ocrx_word' id='word_1_67' title='bbox 457 1147 605 1218; x_wconf 86' lang='lat' dir='ltr'><strong>virgo</strong></span> <span class='ocrx_word' id='word_1_68' title='bbox 633 1146 814 1210; x_wconf 91' lang='lat' dir='ltr'><strong>corde,</strong></span> <span class='ocrx_word' id='word_1_69' title='bbox 844 1155 954 1212; x_wconf 89' lang='lat' dir='ltr'><strong>aut,</strong></span> <span class='ocrx_word' id='word_1_70' title='bbox 978 1146 1077 1201; x_wconf 90' lang='lat' dir='ltr'><strong>etsi</strong></span> <span class='ocrx_word' id='word_1_71' title='bbox 1094 1146 1262 1217; x_wconf 87' lang='lat' dir='ltr'><strong>virgo,</strong></span> <span class='ocrx_word' id='word_1_72' title='bbox 1285 1145 1424 1201; x_wconf 86' lang='lat' dir='ltr'><strong>inter</strong></span> <span class='ocrx_word' id='word_1_73' title='bbox 1447 1145 1616 1201; x_wconf 90' lang='lat' dir='ltr'><strong>fatuas</strong></span> <span class='ocrx_word' id='word_1_74' title='bbox 1634 1146 1896 1218; x_wconf 84' lang='lat' dir='ltr'><strong>virgines;</strong></span> 
     </span>
    </p>
   </div>
   <div class='ocr_carea' id='block_1_10' title="bbox 306 1235 1382 1307">
    <p class='ocr_par' dir='ltr' id='par_1_10' title="bbox 306 1235 1382 1307">
     <span class='ocr_line' id='line_1_10' title="bbox 306 1235 1382 1307; baseline -0.003 -14"><span class='ocrx_word' id='word_1_75' title='bbox 306 1237 450 1293; x_wconf 82' lang='lat' dir='ltr'><strong>foris</strong></span> <span class='ocrx_word' id='word_1_76' title='bbox 476 1235 799 1303; x_wconf 90' lang='lat' dir='ltr'><strong>remanebis,</strong></span> <span class='ocrx_word' id='word_1_77' title='bbox 831 1244 886 1292; x_wconf 90' lang='lat' dir='ltr'><strong>et</strong></span> <span class='ocrx_word' id='word_1_78' title='bbox 909 1235 1099 1291; x_wconf 79' lang='lat' dir='ltr'><strong>frustra</strong></span> <span class='ocrx_word' id='word_1_79' title='bbox 1126 1236 1382 1307; x_wconf 84' lang='lat' dir='ltr'><strong>pulsabis.</strong></span> 
     </span>
    </p>
   </div>
   <div class='ocr_carea' id='block_1_11' title="bbox 392 1326 1901 1400">
    <p class='ocr_par' dir='ltr' id='par_1_11' title="bbox 392 1326 1901 1400">
     <span class='ocr_line' id='line_1_11' title="bbox 392 1326 1901 1400; baseline 0.001 -16"><span class='ocrx_word' id='word_1_80' title='bbox 392 1330 480 1384; x_wconf 81' lang='lat' dir='ltr'><strong>H.</strong></span> <span class='ocrx_word' id='word_1_81' title='bbox 524 1327 653 1396; x_wconf 77' lang='lat' dir='ltr'><strong>Quae</strong></span> <span class='ocrx_word' id='word_1_82' title='bbox 698 1336 821 1382; x_wconf 86' lang='lat' dir='ltr'><strong>sunt</strong></span> <span class='ocrx_word' id='word_1_83' title='bbox 868 1326 1022 1382; x_wconf 62' lang='lat' dir='ltr'><strong>fatum</strong></span> <span class='ocrx_word' id='word_1_84' title='bbox 1063 1328 1331 1398; x_wconf 84' lang='lat' dir='ltr'><strong>virgines?</strong></span> <span class='ocrx_word' id='word_1_85' title='bbox 1383 1328 1452 1382; x_wconf 88' lang='lat' dir='ltr'><strong>Et</strong></span> <span class='ocrx_word' id='word_1_86' title='bbox 1495 1328 1623 1399; x_wconf 82' lang='lat' dir='ltr'><strong>ipsa:</strong></span> <span class='ocrx_word' id='word_1_87' title='bbox 1668 1329 1901 1400; x_wconf 88' lang='lat' dir='ltr'><strong>quinque</strong></span> 
     </span>
    </p>
   </div>
   <div class='ocr_carea' id='block_1_12' title="bbox 308 1420 1899 1492">
    <p class='ocr_par' dir='ltr' id='par_1_12' title="bbox 308 1420 1899 1492">
     <span class='ocr_line' id='line_1_12' title="bbox 308 1420 1899 1492; baseline -0.001 -14"><span class='ocrx_word' id='word_1_88' title='bbox 308 1430 481 1478; x_wconf 84' lang='lat' dir='ltr'><strong>sunt:</strong></span> <span class='ocrx_word' id='word_1_89' title='bbox 515 1436 633 1492; x_wconf 74' lang='lat' dir='ltr'><strong>qua:</strong></span> <span class='ocrx_word' id='word_1_90' title='bbox 653 1462 668 1487; x_wconf 95' lang='lat'><strong>,</strong></span> <span class='ocrx_word' id='word_1_91' title='bbox 699 1420 801 1474; x_wconf 89' lang='lat' dir='ltr'><strong>nisi</strong></span> <span class='ocrx_word' id='word_1_92' title='bbox 832 1420 1023 1474; x_wconf 66' lang='lat' dir='ltr'><strong>anima:</strong></span> <span class='ocrx_word' id='word_1_93' title='bbox 1052 1436 1169 1490; x_wconf 87' lang='lat' dir='ltr'><strong>quae</strong></span> <span class='ocrx_word' id='word_1_94' title='bbox 1202 1420 1396 1475; x_wconf 89' lang='lat' dir='ltr'><strong>habent</strong></span> <span class='ocrx_word' id='word_1_95' title='bbox 1424 1420 1578 1475; x_wconf 89' lang='lat' dir='ltr'><strong>istam</strong></span> <span class='ocrx_word' id='word_1_96' title='bbox 1620 1421 1899 1477; x_wconf 80' lang='lat' dir='ltr'><strong>continen-</strong></span> 
     </span>
    </p>
   </div>
   <div class='ocr_carea' id='block_1_13' title="bbox 310 1509 1899 1579">
    <p class='ocr_par' dir='ltr' id='par_1_13' title="bbox 310 1509 1899 1579">
     <span class='ocr_line' id='line_1_13' title="bbox 310 1509 1899 1579; baseline -0.001 -12"><span class='ocrx_word' id='word_1_97' title='bbox 310 1513 448 1567; x_wconf 85' lang='lat' dir='ltr'><strong>tiam</strong></span> <span class='ocrx_word' id='word_1_98' title='bbox 475 1510 652 1566; x_wconf 90' lang='lat' dir='ltr'><strong>carnis</strong></span> <span class='ocrx_word' id='word_1_99' title='bbox 673 1550 689 1576; x_wconf 94' lang='lat'><strong>,</strong></span> <span class='ocrx_word' id='word_1_100' title='bbox 722 1518 780 1564; x_wconf 92' lang='lat' dir='ltr'><strong>ut</strong></span> <span class='ocrx_word' id='word_1_101' title='bbox 803 1512 972 1565; x_wconf 89' lang='lat' dir='ltr'><strong>vitent</strong></span> <span class='ocrx_word' id='word_1_102' title='bbox 1009 1509 1334 1579; x_wconf 85' lang='lat' dir='ltr'><strong>corruptelas</strong></span> <span class='ocrx_word' id='word_1_103' title='bbox 1360 1510 1426 1564; x_wconf 90' lang='lat' dir='ltr'><strong>ab</strong></span> <span class='ocrx_word' id='word_1_104' title='bbox 1451 1510 1695 1565; x_wconf 88' lang='lat' dir='ltr'><strong>omnibus</strong></span> <span class='ocrx_word' id='word_1_105' title='bbox 1728 1511 1899 1566; x_wconf 88' lang='lat' dir='ltr'><strong>sensi-</strong></span> 
     </span>
    </p>
   </div>
   <div class='ocr_carea' id='block_1_14' title="bbox 307 1601 1902 1671">
    <p class='ocr_par' dir='ltr' id='par_1_14' title="bbox 307 1601 1902 1671">
     <span class='ocr_line' id='line_1_14' title="bbox 307 1601 1902 1671; baseline -0.001 -12"><span class='ocrx_word' id='word_1_106' title='bbox 307 1604 421 1659; x_wconf 85' lang='lat' dir='ltr'><strong>bus</strong></span> <span class='ocrx_word' id='word_1_107' title='bbox 443 1602 748 1668; x_wconf 77' lang='lat' dir='ltr'><strong>venientes,</strong></span> <span class='ocrx_word' id='word_1_108' title='bbox 795 1616 928 1671; x_wconf 90' lang='lat' dir='ltr'><strong>quus</strong></span> <span class='ocrx_word' id='word_1_109' title='bbox 971 1614 1158 1655; x_wconf 89' lang='lat' dir='ltr'><strong>sensus</strong></span> <span class='ocrx_word' id='word_1_110' title='bbox 1195 1601 1304 1669; x_wconf 87' lang='lat' dir='ltr'><strong>jam</strong></span> <span class='ocrx_word' id='word_1_111' title='bbox 1349 1602 1691 1656; x_wconf 88' lang='lat' dir='ltr'><strong>enumeravi?</strong></span> <span class='ocrx_word' id='word_1_112' title='bbox 1722 1602 1902 1658; x_wconf 85' lang='lat' dir='ltr'><strong>Vitant</strong></span> 
     </span>
    </p>
   </div>
   <div class='ocr_carea' id='block_1_15' title="bbox 306 1691 1899 1762">
    <p class='ocr_par' dir='ltr' id='par_1_15' title="bbox 306 1691 1899 1762">
     <span class='ocr_line' id='line_1_15' title="bbox 306 1691 1899 1762; baseline 0 -13"><span class='ocrx_word' id='word_1_113' title='bbox 306 1693 479 1749; x_wconf 84' lang='lat' dir='ltr'><strong>veluti</strong></span> <span class='ocrx_word' id='word_1_114' title='bbox 506 1693 871 1762; x_wconf 88' lang='lat' dir='ltr'><strong>corruptiones</strong></span> <span class='ocrx_word' id='word_1_115' title='bbox 896 1691 1169 1746; x_wconf 88' lang='lat' dir='ltr'><strong>venientes</strong></span> <span class='ocrx_word' id='word_1_116' title='bbox 1197 1692 1450 1762; x_wconf 91' lang='lat' dir='ltr'><strong>undique,</strong></span> <span class='ocrx_word' id='word_1_117' title='bbox 1479 1702 1533 1747; x_wconf 93' lang='lat' dir='ltr'><strong>et</strong></span> <span class='ocrx_word' id='word_1_118' title='bbox 1556 1708 1660 1748; x_wconf 92' lang='lat' dir='ltr'><strong>non</strong></span> <span class='ocrx_word' id='word_1_119' title='bbox 1689 1693 1741 1747; x_wconf 88' lang='lat' dir='ltr'><strong>in</strong></span> <span class='ocrx_word' id='word_1_120' title='bbox 1768 1708 1899 1749; x_wconf 89' lang='lat' dir='ltr'><strong>con-</strong></span> 
     </span>
    </p>
   </div>
   <div class='ocr_carea' id='block_1_16' title="bbox 305 1783 1901 1854">
    <p class='ocr_par' dir='ltr' id='par_1_16' title="bbox 305 1783 1901 1854">
     <span class='ocr_line' id='line_1_16' title="bbox 305 1783 1901 1854; baseline 0.001 -14"><span class='ocrx_word' id='word_1_121' title='bbox 305 1784 537 1841; x_wconf 86' lang='lat' dir='ltr'><strong>scientia</strong></span> <span class='ocrx_word' id='word_1_122' title='bbox 578 1791 771 1854; x_wconf 88' lang='lat' dir='ltr'><strong>gerunt</strong></span> <span class='ocrx_word' id='word_1_123' title='bbox 811 1783 1007 1837; x_wconf 90' lang='lat' dir='ltr'><strong>bonum</strong></span> <span class='ocrx_word' id='word_1_124' title='bbox 1038 1797 1191 1837; x_wconf 88' lang='lat' dir='ltr'><strong>suum</strong></span> <span class='ocrx_word' id='word_1_125' title='bbox 1220 1797 1399 1836; x_wconf 87' lang='lat' dir='ltr'><strong>coram</strong></span> <span class='ocrx_word' id='word_1_126' title='bbox 1441 1784 1609 1839; x_wconf 89' lang='lat' dir='ltr'><strong>oculis</strong></span> <span class='ocrx_word' id='word_1_127' title='bbox 1635 1785 1727 1839; x_wconf 90' lang='lat' dir='ltr'><strong>Dei</strong></span> <span class='ocrx_word' id='word_1_128' title='bbox 1757 1802 1770 1839; x_wconf 88' lang='lat'><strong>:</strong></span> <span class='ocrx_word' id='word_1_129' title='bbox 1804 1785 1901 1841; x_wconf 92' lang='lat' dir='ltr'><strong>sed</strong></span> 
     </span>
    </p>
   </div>
   <div class='ocr_carea' id='block_1_17' title="bbox 304 1874 1898 1947">
    <p class='ocr_par' dir='ltr' id='par_1_17' title="bbox 304 1874 1898 1947">
     <span class='ocr_line' id='line_1_17' title="bbox 304 1874 1898 1947; baseline 0.001 -15"><span class='ocrx_word' id='word_1_130' title='bbox 304 1876 527 1947; x_wconf 85' lang='lat' dir='ltr'><strong>placere</strong></span> <span class='ocrx_word' id='word_1_131' title='bbox 554 1875 679 1930; x_wconf 93' lang='lat' dir='ltr'><strong>inde</strong></span> <span class='ocrx_word' id='word_1_132' title='bbox 715 1874 902 1929; x_wconf 90' lang='lat' dir='ltr'><strong>volunt</strong></span> <span class='ocrx_word' id='word_1_133' title='bbox 932 1874 1235 1929; x_wconf 90' lang='lat' dir='ltr'><strong>hominibus</strong></span> <span class='ocrx_word' id='word_1_134' title='bbox 1256 1916 1271 1942; x_wconf 95' lang='lat'><strong>,</strong></span> <span class='ocrx_word' id='word_1_135' title='bbox 1302 1884 1357 1930; x_wconf 92' lang='lat' dir='ltr'><strong>et</strong></span> <span class='ocrx_word' id='word_1_136' title='bbox 1379 1875 1638 1944; x_wconf 91' lang='lat' dir='ltr'><strong>judicium</strong></span> <span class='ocrx_word' id='word_1_137' title='bbox 1665 1891 1898 1947; x_wconf 86' lang='lat' dir='ltr'><strong>sequun-</strong></span> 
     </span>
    </p>
   </div>
   <div class='ocr_carea' id='block_1_18' title="bbox 304 1966 1899 2038">
    <p class='ocr_par' dir='ltr' id='par_1_18' title="bbox 304 1966 1899 2038">
     <span class='ocr_line' id='line_1_18' title="bbox 304 1966 1899 2038; baseline 0.002 -15"><span class='ocrx_word' id='word_1_138' title='bbox 304 1978 405 2023; x_wconf 89' lang='lat' dir='ltr'><strong>tur</strong></span> <span class='ocrx_word' id='word_1_139' title='bbox 444 1967 695 2023; x_wconf 92' lang='lat' dir='ltr'><strong>alienum.</strong></span> <span class='ocrx_word' id='word_1_140' title='bbox 743 1966 977 2022; x_wconf 85' lang='lat' dir='ltr'><strong>Favores</strong></span> <span class='ocrx_word' id='word_1_141' title='bbox 1023 1967 1163 2038; x_wconf 81' lang='lat' dir='ltr'><strong>vulgi</strong></span> <span class='ocrx_word' id='word_1_142' title='bbox 1213 1978 1570 2035; x_wconf 89' lang='lat' dir='ltr'><strong>aucupantur;</strong></span> <span class='ocrx_word' id='word_1_143' title='bbox 1619 1968 1752 2025; x_wconf 89' lang='lat' dir='ltr'><strong>viles</strong></span> <span class='ocrx_word' id='word_1_144' title='bbox 1797 1970 1899 2026; x_wconf 91' lang='lat' dir='ltr'><strong>sibi</strong></span> 
     </span>
    </p>
   </div>
   <div class='ocr_carea' id='block_1_19' title="bbox 304 2063 1898 2133">
    <p class='ocr_par' dir='ltr' id='par_1_19' title="bbox 304 2063 1898 2133">
     <span class='ocr_line' id='line_1_19' title="bbox 304 2063 1898 2133; baseline -0.001 -13"><span class='ocrx_word' id='word_1_145' title='bbox 304 2072 467 2129; x_wconf 88' lang='lat' dir='ltr'><strong>sunt,</strong></span> <span class='ocrx_word' id='word_1_146' title='bbox 497 2079 615 2120; x_wconf 92' lang='lat' dir='ltr'><strong>cum</strong></span> <span class='ocrx_word' id='word_1_147' title='bbox 646 2063 1033 2133; x_wconf 89' lang='lat' dir='ltr'><strong>spectatoribus</strong></span> <span class='ocrx_word' id='word_1_148' title='bbox 1072 2078 1193 2118; x_wconf 91' lang='lat' dir='ltr'><strong>esse</strong></span> <span class='ocrx_word' id='word_1_149' title='bbox 1230 2063 1405 2118; x_wconf 70' lang='lat' dir='ltr'><strong>charte</strong></span> <span class='ocrx_word' id='word_1_150' title='bbox 1431 2064 1646 2128; x_wconf 87' lang='lat' dir='ltr'><strong>volunt;</strong></span> <span class='ocrx_word' id='word_1_151' title='bbox 1680 2079 1784 2118; x_wconf 91' lang='lat' dir='ltr'><strong>non</strong></span> <span class='ocrx_word' id='word_1_152' title='bbox 1820 2063 1898 2120; x_wconf 90' lang='lat' dir='ltr'><strong>eis</strong></span> 
     </span>
    </p>
   </div>
   <div class='ocr_carea' id='block_1_20' title="bbox 303 2156 1894 2225">
    <p class='ocr_par' dir='ltr' id='par_1_20' title="bbox 303 2156 1894 2225">
     <span class='ocr_line' id='line_1_20' title="bbox 303 2156 1894 2225; baseline -0.003 -10"><span class='ocrx_word' id='word_1_153' title='bbox 303 2158 508 2215; x_wconf 88' lang='lat' dir='ltr'><strong>sufﬁcit</strong></span> <span class='ocrx_word' id='word_1_154' title='bbox 530 2157 878 2212; x_wconf 87' lang='lat' dir='ltr'><strong>conscientia.</strong></span> <span class='ocrx_word' id='word_1_155' title='bbox 906 2156 1096 2211; x_wconf 83' lang='lat' dir='ltr'><strong>Merito</strong></span> <span class='ocrx_word' id='word_1_156' title='bbox 1120 2170 1223 2210; x_wconf 91' lang='lat' dir='ltr'><strong>non</strong></span> <span class='ocrx_word' id='word_1_157' title='bbox 1258 2164 1467 2225; x_wconf 89' lang='lat' dir='ltr'><strong>portant</strong></span> <span class='ocrx_word' id='word_1_158' title='bbox 1494 2156 1668 2211; x_wconf 91' lang='lat' dir='ltr'><strong>oleum</strong></span> <span class='ocrx_word' id='word_1_159' title='bbox 1692 2171 1894 2211; x_wconf 90' lang='lat' dir='ltr'><strong>secum.</strong></span> 
     </span>
    </p>
   </div>
   <div class='ocr_carea' id='block_1_21' title="bbox 304 2249 1900 2319">
    <p class='ocr_par' dir='ltr' id='par_1_21' title="bbox 304 2249 1900 2319">
     <span class='ocr_line' id='line_1_21' title="bbox 304 2249 1900 2319; baseline -0.001 -12"><span class='ocrx_word' id='word_1_160' title='bbox 304 2250 501 2307; x_wconf 88' lang='lat' dir='ltr'><strong>Oleum</strong></span> <span class='ocrx_word' id='word_1_161' title='bbox 530 2260 706 2306; x_wconf 89' lang='lat' dir='ltr'><strong>autem</strong></span> <span class='ocrx_word' id='word_1_162' title='bbox 737 2258 821 2305; x_wconf 90' lang='lat' dir='ltr'><strong>est</strong></span> <span class='ocrx_word' id='word_1_163' title='bbox 865 2250 975 2317; x_wconf 90' lang='lat' dir='ltr'><strong>ipsa</strong></span> <span class='ocrx_word' id='word_1_164' title='bbox 1021 2249 1295 2317; x_wconf 82' lang='lat' dir='ltr'><strong>gloriatio,</strong></span> <span class='ocrx_word' id='word_1_165' title='bbox 1329 2257 1546 2319; x_wconf 88' lang='lat' dir='ltr'><strong>pr0pter</strong></span> <span class='ocrx_word' id='word_1_166' title='bbox 1587 2250 1813 2304; x_wconf 92' lang='lat' dir='ltr'><strong>nitorem</strong></span> <span class='ocrx_word' id='word_1_167' title='bbox 1845 2259 1900 2305; x_wconf 92' lang='lat' dir='ltr'><strong>et</strong></span> 
     </span>
    </p>
   </div>
   <div class='ocr_carea' id='block_1_22' title="bbox 301 2337 1897 2412">
    <p class='ocr_par' dir='ltr' id='par_1_22' title="bbox 301 2337 1897 2412">
     <span class='ocr_line' id='line_1_22' title="bbox 301 2337 1897 2412; baseline -0.001 -15"><span class='ocrx_word' id='word_1_168' title='bbox 301 2340 667 2412; x_wconf 88' lang='lat' dir='ltr'><strong>splendorem.</strong></span> <span class='ocrx_word' id='word_1_169' title='bbox 714 2339 819 2395; x_wconf 88' lang='lat' dir='ltr'><strong>Sed</strong></span> <span class='ocrx_word' id='word_1_170' title='bbox 850 2337 975 2410; x_wconf 92' lang='lat' dir='ltr'><strong>quid</strong></span> <span class='ocrx_word' id='word_1_171' title='bbox 1004 2338 1130 2393; x_wconf 91' lang='lat' dir='ltr'><strong>dicit</strong></span> <span class='ocrx_word' id='word_1_172' title='bbox 1159 2338 1478 2407; x_wconf 84' lang='lat' dir='ltr'><strong>Apostolus?</strong></span> <span class='ocrx_word' id='word_1_173' title='bbox 1505 2337 1638 2393; x_wconf 83' lang='lat' dir='ltr'><strong>Vide</strong></span> <span class='ocrx_word' id='word_1_174' title='bbox 1669 2339 1897 2409; x_wconf 78' lang='lat' dir='ltr'><strong>virgines</strong></span> 
     </span>
    </p>
   </div>
   <div class='ocr_carea' id='block_1_23' title="bbox 302 2426 1897 2502">
    <p class='ocr_par' dir='ltr' id='par_1_23' title="bbox 302 2426 1897 2502">
     <span class='ocr_line' id='line_1_23' title="bbox 302 2426 1897 2502; baseline -0.004 -15"><span class='ocrx_word' id='word_1_175' title='bbox 302 2432 574 2502; x_wconf 82' lang='lat' dir='ltr'><strong>sapientes</strong></span> <span class='ocrx_word' id='word_1_176' title='bbox 605 2438 881 2499; x_wconf 84' lang='lat' dir='ltr'><strong>portantes</strong></span> <span class='ocrx_word' id='word_1_177' title='bbox 922 2429 1099 2483; x_wconf 90' lang='lat' dir='ltr'><strong>oleum</strong></span> <span class='ocrx_word' id='word_1_178' title='bbox 1128 2443 1346 2482; x_wconf 90' lang='lat' dir='ltr'><strong>secum:</strong></span> <span class='ocrx_word' id='word_1_179' title='bbox 1382 2426 1523 2499; x_wconf 84' lang='lat' dir='ltr'><strong>Opus</strong></span> <span class='ocrx_word' id='word_1_180' title='bbox 1551 2437 1717 2482; x_wconf 83' lang='lat' dir='ltr'><strong>autem</strong></span> <span class='ocrx_word' id='word_1_181' title='bbox 1751 2445 1897 2483; x_wconf 85' lang='lat' dir='ltr'><strong>suum</strong></span> 
     </span>
    </p>
   </div>
   <div class='ocr_carea' id='block_1_24' title="bbox 302 2519 1893 2593">
    <p class='ocr_par' dir='ltr' id='par_1_24' title="bbox 302 2519 1893 2593">
     <span class='ocr_line' id='line_1_24' title="bbox 302 2519 1893 2593; baseline -0.003 -16"><span class='ocrx_word' id='word_1_182' title='bbox 302 2522 483 2593; x_wconf 76' lang='lat' dir='ltr'><strong>probet</strong></span> <span class='ocrx_word' id='word_1_183' title='bbox 502 2522 855 2593; x_wconf 77' lang='lat' dir='ltr'><strong>unusquisque,</strong></span> <span class='ocrx_word' id='word_1_184' title='bbox 878 2529 925 2574; x_wconf 84' lang='lat' dir='ltr'><strong>et</strong></span> <span class='ocrx_word' id='word_1_185' title='bbox 946 2529 1063 2573; x_wconf 86' lang='lat' dir='ltr'><strong>tunc</strong></span> <span class='ocrx_word' id='word_1_186' title='bbox 1084 2520 1137 2573; x_wconf 84' lang='lat' dir='ltr'><strong>in</strong></span> <span class='ocrx_word' id='word_1_187' title='bbox 1157 2519 1420 2589; x_wconf 84' lang='lat' dir='ltr'><strong>semetipso</strong></span> <span class='ocrx_word' id='word_1_188' title='bbox 1442 2519 1639 2572; x_wconf 80' lang='lat' dir='ltr'><strong>habebit</strong></span> <span class='ocrx_word' id='word_1_189' title='bbox 1658 2519 1893 2590; x_wconf 82' lang='lat' dir='ltr'><strong>gloriam,</strong></span> 
     </span>
    </p>
   </div>
   <div class='ocr_carea' id='block_1_25' title="bbox 302 2608 1896 2682">
    <p class='ocr_par' dir='ltr' id='par_1_25' title="bbox 302 2608 1896 2682">
     <span class='ocr_line' id='line_1_25' title="bbox 302 2608 1896 2682; baseline -0.001 -14"><span class='ocrx_word' id='word_1_190' title='bbox 302 2624 358 2669; x_wconf 86' lang='lat' dir='ltr'><strong>et</strong></span> <span class='ocrx_word' id='word_1_191' title='bbox 387 2631 487 2667; x_wconf 87' lang='lat' dir='ltr'><strong>non</strong></span> <span class='ocrx_word' id='word_1_192' title='bbox 525 2614 578 2667; x_wconf 89' lang='lat' dir='ltr'><strong>in</strong></span> <span class='ocrx_word' id='word_1_193' title='bbox 621 2614 779 2666; x_wconf 82' lang='lat' dir='ltr'><strong>altera</strong></span> <span class='ocrx_word' id='word_1_194' title='bbox 822 2610 965 2681; x_wconf 80' lang='lat' dir='ltr'><strong>(Gal.</strong></span> <span class='ocrx_word' id='word_1_195' title='bbox 997 2627 1068 2676; x_wconf 84' lang='lat' dir='ltr'><strong>vt,</strong></span> <span class='ocrx_word' id='word_1_196' title='bbox 1099 2608 1176 2682; x_wconf 72' lang='grc'><strong>4).</strong></span> <span class='ocrx_word' id='word_1_197' title='bbox 1210 2610 1302 2665; x_wconf 84' lang='lat' dir='ltr'><strong>Hae</strong></span> <span class='ocrx_word' id='word_1_198' title='bbox 1332 2619 1456 2665; x_wconf 90' lang='lat' dir='ltr'><strong>sunt</strong></span> <span class='ocrx_word' id='word_1_199' title='bbox 1496 2626 1623 2682; x_wconf 87' lang='lat' dir='ltr'><strong>ergo</strong></span> <span class='ocrx_word' id='word_1_200' title='bbox 1666 2612 1896 2682; x_wconf 81' lang='lat' dir='ltr'><strong>virgines</strong></span> 
     </span>
    </p>
   </div>
   <div class='ocr_carea' id='block_1_26' title="bbox 301 2700 1893 2774">
    <p class='ocr_par' dir='ltr' id='par_1_26' title="bbox 301 2700 1893 2774">
     <span class='ocr_line' id='line_1_26' title="bbox 301 2700 1893 2774; baseline -0.002 -15"><span class='ocrx_word' id='word_1_201' title='bbox 301 2705 593 2774; x_wconf 76' lang='lat' dir='ltr'><strong>sapientes.</strong></span> <span class='ocrx_word' id='word_1_202' title='bbox 622 2703 805 2759; x_wconf 70' lang='lat' dir='ltr'><strong>Stulta:</strong></span> <span class='ocrx_word' id='word_1_203' title='bbox 831 2712 1005 2757; x_wconf 89' lang='lat' dir='ltr'><strong>autem</strong></span> <span class='ocrx_word' id='word_1_204' title='bbox 1029 2700 1323 2756; x_wconf 91' lang='lat' dir='ltr'><strong>accendunt</strong></span> <span class='ocrx_word' id='word_1_205' title='bbox 1344 2701 1558 2771; x_wconf 92' lang='lat' dir='ltr'><strong>quidem</strong></span> <span class='ocrx_word' id='word_1_206' title='bbox 1586 2701 1893 2771; x_wconf 88' lang='lat' dir='ltr'><strong>lampades;</strong></span> 
     </span>
    </p>
   </div>
   <div class='ocr_carea' id='block_1_27' title="bbox 302 2793 1890 2865">
    <p class='ocr_par' dir='ltr' id='par_1_27' title="bbox 302 2793 1890 2865">
     <span class='ocr_line' id='line_1_27' title="bbox 302 2793 1890 2865; baseline -0.001 -16"><span class='ocrx_word' id='word_1_207' title='bbox 302 2797 555 2852; x_wconf 78' lang='lat' dir='ltr'><strong>videntur</strong></span> <span class='ocrx_word' id='word_1_208' title='bbox 578 2794 791 2865; x_wconf 85' lang='lat' dir='ltr'><strong>quidem</strong></span> <span class='ocrx_word' id='word_1_209' title='bbox 818 2795 998 2849; x_wconf 88' lang='lat' dir='ltr'><strong>lucere</strong></span> <span class='ocrx_word' id='word_1_210' title='bbox 1033 2809 1193 2864; x_wconf 81' lang='lat' dir='ltr'><strong>Opera</strong></span> <span class='ocrx_word' id='word_1_211' title='bbox 1224 2809 1408 2849; x_wconf 90' lang='lat' dir='ltr'><strong>earum</strong></span> <span class='ocrx_word' id='word_1_212' title='bbox 1435 2810 1448 2847; x_wconf 90' lang='lat'><strong>:</strong></span> <span class='ocrx_word' id='word_1_213' title='bbox 1476 2793 1571 2849; x_wconf 91' lang='lat' dir='ltr'><strong>sed</strong></span> <span class='ocrx_word' id='word_1_214' title='bbox 1607 2793 1854 2849; x_wconf 88' lang='lat' dir='ltr'><strong>deﬁcient</strong></span> <span class='ocrx_word' id='word_1_215' title='bbox 1874 2834 1890 2861; x_wconf 95' lang='lat'><strong>,</strong></span> 
     </span>
    </p>
   </div>
   <div class='ocr_carea' id='block_1_28' title="bbox 300 2884 1895 2956">
    <p class='ocr_par' dir='ltr' id='par_1_28' title="bbox 300 2884 1895 2956">
     <span class='ocr_line' id='line_1_28' title="bbox 300 2884 1895 2956; baseline -0.001 -15"><span class='ocrx_word' id='word_1_216' title='bbox 300 2895 369 2942; x_wconf 83' lang='lat' dir='ltr'><strong>et</strong></span> <span class='ocrx_word' id='word_1_217' title='bbox 400 2886 824 2956; x_wconf 79' lang='lat' dir='ltr'><strong>exstinguentur;</strong></span> <span class='ocrx_word' id='word_1_218' title='bbox 855 2884 977 2954; x_wconf 89' lang='lat' dir='ltr'><strong>quia</strong></span> <span class='ocrx_word' id='word_1_219' title='bbox 1006 2900 1110 2939; x_wconf 92' lang='lat' dir='ltr'><strong>non</strong></span> <span class='ocrx_word' id='word_1_220' title='bbox 1136 2884 1204 2939; x_wconf 91' lang='lat' dir='ltr'><strong>de</strong></span> <span class='ocrx_word' id='word_1_221' title='bbox 1228 2884 1350 2939; x_wconf 94' lang='lat' dir='ltr'><strong>oleo</strong></span> <span class='ocrx_word' id='word_1_222' title='bbox 1384 2885 1636 2941; x_wconf 86' lang='lat' dir='ltr'><strong>interiore</strong></span> <span class='ocrx_word' id='word_1_223' title='bbox 1666 2900 1895 2955; x_wconf 82' lang='lat' dir='ltr'><strong>pascun-</strong></span> 
     </span>
    </p>
   </div>
   <div class='ocr_carea' id='block_1_29' title="bbox 301 2975 1892 3047">
    <p class='ocr_par' dir='ltr' id='par_1_29' title="bbox 301 2975 1892 3047">
     <span class='ocr_line' id='line_1_29' title="bbox 301 2975 1892 3047; baseline 0.001 -16"><span class='ocrx_word' id='word_1_224' title='bbox 301 2987 417 3032; x_wconf 88' lang='lat' dir='ltr'><strong>tur.</strong></span> <span class='ocrx_word' id='word_1_225' title='bbox 465 2977 531 3031; x_wconf 86' lang='lat' dir='ltr'><strong>Et</strong></span> <span class='ocrx_word' id='word_1_226' title='bbox 571 2976 842 3031; x_wconf 88' lang='lat' dir='ltr'><strong>dormiunt</strong></span> <span class='ocrx_word' id='word_1_227' title='bbox 883 2991 1069 3031; x_wconf 90' lang='lat' dir='ltr'><strong>omnes</strong></span> <span class='ocrx_word' id='word_1_228' title='bbox 1114 2975 1356 3030; x_wconf 88' lang='lat' dir='ltr'><strong>tardante</strong></span> <span class='ocrx_word' id='word_1_229' title='bbox 1394 2991 1633 3047; x_wconf 88' lang='lat' dir='ltr'><strong>sponso:</strong></span> <span class='ocrx_word' id='word_1_230' title='bbox 1664 2976 1784 3047; x_wconf 90' lang='lat' dir='ltr'><strong>quia</strong></span> <span class='ocrx_word' id='word_1_231' title='bbox 1828 2993 1892 3032; x_wconf 79' lang='lat' dir='ltr'><strong>ex</strong></span> 
     </span>
    </p>
   </div>
   <div class='ocr_carea' id='block_1_30' title="bbox 300 3068 1923 3139">
    <p class='ocr_par' dir='ltr' id='par_1_30' title="bbox 300 3068 1923 3139">
     <span class='ocr_line' id='line_1_30' title="bbox 300 3068 1923 3139; baseline -0.001 -14"><span class='ocrx_word' id='word_1_232' title='bbox 300 3080 532 3139; x_wconf 86' lang='lat' dir='ltr'><strong>utroque</strong></span> <span class='ocrx_word' id='word_1_233' title='bbox 576 3084 771 3139; x_wconf 83' lang='lat' dir='ltr'><strong>genere</strong></span> <span class='ocrx_word' id='word_1_234' title='bbox 803 3068 1071 3123; x_wconf 85' lang='lat' dir='ltr'><strong>hominum</strong></span> <span class='ocrx_word' id='word_1_235' title='bbox 1104 3068 1507 3124; x_wconf 90' lang='lat' dir='ltr'><strong>obdormiscunt</strong></span> <span class='ocrx_word' id='word_1_236' title='bbox 1536 3069 1589 3123; x_wconf 91' lang='lat' dir='ltr'><strong>in</strong></span> <span class='ocrx_word' id='word_1_237' title='bbox 1632 3078 1890 3136; x_wconf 90' lang='lat' dir='ltr'><strong>mortem;</strong></span> <span class='ocrx_word' id='word_1_238' title='bbox 1920 3079 1923 3083; x_wconf 76' lang='lat'><em>‘</em></span> 
     </span>
    </p>
   </div>
   <div class='ocr_carea' id='block_1_31' title="bbox 301 3159 1894 3230">
    <p class='ocr_par' dir='ltr' id='par_1_31' title="bbox 301 3159 1894 3230">
     <span class='ocr_line' id='line_1_31' title="bbox 301 3159 1894 3230; baseline -0.001 -12"><span class='ocrx_word' id='word_1_239' title='bbox 301 3172 365 3219; x_wconf 86' lang='lat' dir='ltr'><strong>ct</strong></span> <span class='ocrx_word' id='word_1_240' title='bbox 397 3162 463 3217; x_wconf 87' lang='lat' dir='ltr'><strong>de</strong></span> <span class='ocrx_word' id='word_1_241' title='bbox 488 3162 594 3217; x_wconf 87' lang='lat' dir='ltr'><strong>illis</strong></span> <span class='ocrx_word' id='word_1_242' title='bbox 629 3160 787 3216; x_wconf 84' lang='lat' dir='ltr'><strong>fatuis</strong></span> <span class='ocrx_word' id='word_1_243' title='bbox 806 3200 822 3225; x_wconf 90' lang='lat'><strong>,</strong></span> <span class='ocrx_word' id='word_1_244' title='bbox 855 3171 908 3215; x_wconf 92' lang='lat' dir='ltr'><strong>et</strong></span> <span class='ocrx_word' id='word_1_245' title='bbox 938 3161 1004 3216; x_wconf 92' lang='lat' dir='ltr'><strong>de</strong></span> <span class='ocrx_word' id='word_1_246' title='bbox 1030 3159 1113 3215; x_wconf 87' lang='lat' dir='ltr'><strong>his</strong></span> <span class='ocrx_word' id='word_1_247' title='bbox 1135 3161 1493 3230; x_wconf 90' lang='lat' dir='ltr'><strong>sapientibus,</strong></span> <span class='ocrx_word' id='word_1_248' title='bbox 1521 3161 1767 3216; x_wconf 89' lang='lat' dir='ltr'><strong>tardante</strong></span> <span class='ocrx_word' id='word_1_249' title='bbox 1796 3161 1894 3216; x_wconf 87' lang='lat' dir='ltr'><strong>ad-</strong></span> 
     </span>
    </p>
   </div>
   <div class='ocr_carea' id='block_1_32' title="bbox 301 3252 1895 3323">
    <p class='ocr_par' dir='ltr' id='par_1_32' title="bbox 301 3252 1895 3323">
     <span class='ocr_line' id='line_1_32' title="bbox 301 3252 1895 3323; baseline -0.002 -14"><span class='ocrx_word' id='word_1_250' title='bbox 301 3264 475 3309; x_wconf 71' lang='lat' dir='ltr'><strong>ventu</strong></span> <span class='ocrx_word' id='word_1_251' title='bbox 504 3254 740 3318; x_wconf 89' lang='lat' dir='ltr'><strong>Domini,</strong></span> <span class='ocrx_word' id='word_1_252' title='bbox 784 3254 887 3308; x_wconf 91' lang='lat' dir='ltr'><strong>itur</strong></span> <span class='ocrx_word' id='word_1_253' title='bbox 912 3254 965 3307; x_wconf 92' lang='lat' dir='ltr'><strong>in</strong></span> <span class='ocrx_word' id='word_1_254' title='bbox 1010 3261 1240 3307; x_wconf 92' lang='lat' dir='ltr'><strong>mortem</strong></span> <span class='ocrx_word' id='word_1_255' title='bbox 1284 3254 1439 3307; x_wconf 88' lang='lat' dir='ltr'><strong>istam</strong></span> <span class='ocrx_word' id='word_1_256' title='bbox 1480 3252 1811 3323; x_wconf 89' lang='lat' dir='ltr'><strong>corporalem</strong></span> <span class='ocrx_word' id='word_1_257' title='bbox 1841 3260 1895 3307; x_wconf 92' lang='lat' dir='ltr'><strong>ct</strong></span> 
     </span>
    </p>
   </div>
   <div class='ocr_carea' id='block_1_33' title="bbox 304 3345 1892 3417">
    <p class='ocr_par' dir='ltr' id='par_1_33' title="bbox 304 3345 1892 3417">
     <span class='ocr_line' id='line_1_33' title="bbox 304 3345 1892 3417; baseline -0.002 -16"><span class='ocrx_word' id='word_1_258' title='bbox 304 3348 588 3412; x_wconf 80' lang='lat' dir='ltr'><strong>visibilem,</strong></span> <span class='ocrx_word' id='word_1_259' title='bbox 616 3361 772 3417; x_wconf 87' lang='lat' dir='ltr'><strong>quam</strong></span> <span class='ocrx_word' id='word_1_260' title='bbox 801 3347 973 3401; x_wconf 90' lang='lat' dir='ltr'><strong>somni</strong></span> <span class='ocrx_word' id='word_1_261' title='bbox 998 3346 1118 3400; x_wconf 87' lang='lat' dir='ltr'><strong>loco</strong></span> <span class='ocrx_word' id='word_1_262' title='bbox 1147 3345 1450 3415; x_wconf 90' lang='lat' dir='ltr'><strong>Scripturas</strong></span> <span class='ocrx_word' id='word_1_263' title='bbox 1478 3360 1678 3414; x_wconf 90' lang='lat' dir='ltr'><strong>ponere</strong></span> <span class='ocrx_word' id='word_1_264' title='bbox 1710 3353 1892 3400; x_wconf 90' lang='lat' dir='ltr'><strong>notum</strong></span> 
     </span>
    </p>
   </div>
   <div class='ocr_carea' id='block_1_34' title="bbox 300 3436 1891 3507">
    <p class='ocr_par' dir='ltr' id='par_1_34' title="bbox 300 3436 1891 3507">
     <span class='ocr_line' id='line_1_34' title="bbox 300 3436 1891 3507; baseline -0.003 -12"><span class='ocrx_word' id='word_1_265' title='bbox 300 3447 391 3495; x_wconf 83' lang='lat' dir='ltr'><strong>est</strong></span> <span class='ocrx_word' id='word_1_266' title='bbox 417 3438 660 3493; x_wconf 90' lang='lat' dir='ltr'><strong>omnibus</strong></span> <span class='ocrx_word' id='word_1_267' title='bbox 691 3437 1027 3493; x_wconf 88' lang='lat' dir='ltr'><strong>Christianis.</strong></span> <span class='ocrx_word' id='word_1_268' title='bbox 1067 3436 1202 3491; x_wconf 92' lang='lat' dir='ltr'><strong>Cum</strong></span> <span class='ocrx_word' id='word_1_269' title='bbox 1232 3436 1434 3492; x_wconf 88' lang='lat' dir='ltr'><strong>diceret</strong></span> <span class='ocrx_word' id='word_1_270' title='bbox 1470 3436 1537 3492; x_wconf 90' lang='lat' dir='ltr'><strong>de</strong></span> <span class='ocrx_word' id='word_1_271' title='bbox 1581 3436 1891 3507; x_wconf 65' lang='lat' dir='ltr'><strong>aegrotanti-</strong></span> 
     </span>
    </p>
   </div>
   <div class='ocr_carea' id='block_1_35' title="bbox 299 3528 1892 3601">
    <p class='ocr_par' dir='ltr' id='par_1_35' title="bbox 299 3528 1892 3601">
     <span class='ocr_line' id='line_1_35' title="bbox 299 3528 1892 3601; baseline -0.002 -15"><span class='ocrx_word' id='word_1_272' title='bbox 299 3531 407 3587; x_wconf 84' lang='lat' dir='ltr'><strong>bus</strong></span> <span class='ocrx_word' id='word_1_273' title='bbox 437 3531 751 3601; x_wconf 83' lang='lat' dir='ltr'><strong>Apostolus,</strong></span> <span class='ocrx_word' id='word_1_274' title='bbox 784 3529 1065 3600; x_wconf 82' lang='lat' dir='ltr'><strong>Propterea</strong></span> <span class='ocrx_word' id='word_1_275' title='bbox 1092 3529 1147 3583; x_wconf 86' lang='lat' dir='ltr'><strong>in</strong></span> <span class='ocrx_word' id='word_1_276' title='bbox 1185 3528 1351 3594; x_wconf 80' lang='lat' dir='ltr'><strong>vobis,</strong></span> <span class='ocrx_word' id='word_1_277' title='bbox 1384 3529 1584 3600; x_wconf 86' lang='lat' dir='ltr'><strong>inquit,</strong></span> <span class='ocrx_word' id='word_1_278' title='bbox 1628 3529 1774 3583; x_wconf 87' lang='lat' dir='ltr'><strong>multi</strong></span> <span class='ocrx_word' id='word_1_279' title='bbox 1812 3530 1892 3583; x_wconf 80' lang='lat' dir='ltr'><strong>in-</strong></span> 
     </span>
    </p>
   </div>
   <div class='ocr_carea' id='block_1_36' title="bbox 301 3618 1888 3693">
    <p class='ocr_par' dir='ltr' id='par_1_36' title="bbox 301 3618 1888 3693">
     <span class='ocr_line' id='line_1_36' title="bbox 301 3618 1888 3693; baseline 0 -18"><span class='ocrx_word' id='word_1_280' title='bbox 301 3622 445 3692; x_wconf 78' lang='lat' dir='ltr'><strong>ﬁrmi</strong></span> <span class='ocrx_word' id='word_1_281' title='bbox 470 3631 514 3675; x_wconf 81' lang='lat' dir='ltr'><strong>et</strong></span> <span class='ocrx_word' id='word_1_282' title='bbox 537 3622 661 3693; x_wconf 65' lang='lat' dir='ltr'><strong>aegri</strong></span> <span class='ocrx_word' id='word_1_283' title='bbox 681 3663 695 3687; x_wconf 94' lang='lat'><strong>,</strong></span> <span class='ocrx_word' id='word_1_284' title='bbox 723 3630 769 3675; x_wconf 89' lang='lat' dir='ltr'><strong>et</strong></span> <span class='ocrx_word' id='word_1_285' title='bbox 794 3621 1049 3674; x_wconf 85' lang='lat' dir='ltr'><strong>dormiunt</strong></span> <span class='ocrx_word' id='word_1_286' title='bbox 1078 3619 1375 3690; x_wconf 70' lang='lat' dir='ltr'><strong>suﬁicienter</strong></span> <span class='ocrx_word' id='word_1_287' title='bbox 1403 3618 1459 3691; x_wconf 90' lang='lat' dir='ltr'><strong>(l</strong></span> <span class='ocrx_word' id='word_1_288' title='bbox 1491 3619 1609 3674; x_wconf 88' lang='lat' dir='ltr'><strong>Cor.</strong></span> <span class='ocrx_word' id='word_1_289' title='bbox 1640 3636 1689 3674; x_wconf 75' lang='grc' dir='ltr'><strong>ιιι</strong></span> <span class='ocrx_word' id='word_1_290' title='bbox 1710 3659 1726 3685; x_wconf 86' lang='grc'><em>,</em></span> <span class='ocrx_word' id='word_1_291' title='bbox 1760 3619 1849 3689; x_wconf 81' lang='grc'><strong>50)</strong></span> <span class='ocrx_word' id='word_1_292' title='bbox 1876 3638 1888 3675; x_wconf 92' lang='lat'><strong>:</strong></span> 
     </span>
    </p>
   </div>
   <div class='ocr_carea' id='block_1_37' title="bbox 305 3711 1894 3784">
    <p class='ocr_par' dir='ltr' id='par_1_37' title="bbox 305 3711 1894 3784">
     <span class='ocr_line' id='line_1_37' title="bbox 305 3711 1894 3784; baseline -0.003 -13"><span class='ocrx_word' id='word_1_293' title='bbox 305 3716 618 3781; x_wconf 90' lang='lat' dir='ltr'><strong>Dormiunt,</strong></span> <span class='ocrx_word' id='word_1_294' title='bbox 652 3714 849 3784; x_wconf 91' lang='lat' dir='ltr'><strong>inquit,</strong></span> <span class='ocrx_word' id='word_1_295' title='bbox 883 3713 1199 3768; x_wconf 89' lang='lat' dir='ltr'><strong>moriuntur.</strong></span> <span class='ocrx_word' id='word_1_296' title='bbox 1231 3711 1336 3768; x_wconf 88' lang='lat' dir='ltr'><strong>Sed</strong></span> <span class='ocrx_word' id='word_1_297' title='bbox 1376 3727 1500 3768; x_wconf 90' lang='lat' dir='ltr'><strong>ecce</strong></span> <span class='ocrx_word' id='word_1_298' title='bbox 1530 3721 1782 3768; x_wconf 83' lang='lat' dir='ltr'><strong>venturus</strong></span> <span class='ocrx_word' id='word_1_299' title='bbox 1811 3720 1894 3768; x_wconf 91' lang='lat' dir='ltr'><strong>est</strong></span> 
     </span>
    </p>
   </div>
   <div class='ocr_carea' id='block_1_38' title="bbox 302 3805 1887 3879">
    <p class='ocr_par' dir='ltr' id='par_1_38' title="bbox 302 3805 1887 3879">
     <span class='ocr_line' id='line_1_38' title="bbox 302 3805 1887 3879; baseline -0.004 -15"><span class='ocrx_word' id='word_1_300' title='bbox 302 3824 556 3879; x_wconf 89' lang='lat' dir='ltr'><strong>sponsus,</strong></span> <span class='ocrx_word' id='word_1_301' title='bbox 584 3818 637 3864; x_wconf 89' lang='lat' dir='ltr'><strong>et</strong></span> <span class='ocrx_word' id='word_1_302' title='bbox 663 3823 851 3863; x_wconf 89' lang='lat' dir='ltr'><strong>omnes</strong></span> <span class='ocrx_word' id='word_1_303' title='bbox 876 3815 1115 3877; x_wconf 87' lang='lat' dir='ltr'><strong>surgent,</strong></span> <span class='ocrx_word' id='word_1_304' title='bbox 1140 3806 1232 3861; x_wconf 92' lang='lat' dir='ltr'><strong>sed</strong></span> <span class='ocrx_word' id='word_1_305' title='bbox 1258 3821 1363 3860; x_wconf 92' lang='lat' dir='ltr'><strong>non</strong></span> <span class='ocrx_word' id='word_1_306' title='bbox 1389 3821 1576 3861; x_wconf 90' lang='lat' dir='ltr'><strong>omnes</strong></span> <span class='ocrx_word' id='word_1_307' title='bbox 1598 3805 1887 3860; x_wconf 86' lang='lat' dir='ltr'><strong>intrabunt.</strong></span> 
     </span>
    </p>
   </div>
   <div class='ocr_carea' id='block_1_39' title="bbox 304 3896 1888 3971">
    <p class='ocr_par' dir='ltr' id='par_1_39' title="bbox 304 3896 1888 3971">
     <span class='ocr_line' id='line_1_39' title="bbox 304 3896 1888 3971; baseline -0.003 -15"><span class='ocrx_word' id='word_1_308' title='bbox 304 3902 566 3957; x_wconf 78' lang='lat' dir='ltr'><strong>Deficiunt</strong></span> <span class='ocrx_word' id='word_1_309' title='bbox 604 3915 766 3971; x_wconf 90' lang='lat' dir='ltr'><strong>opera</strong></span> <span class='ocrx_word' id='word_1_310' title='bbox 800 3900 1080 3954; x_wconf 91' lang='lat' dir='ltr'><strong>stultarum</strong></span> <span class='ocrx_word' id='word_1_311' title='bbox 1117 3898 1381 3968; x_wconf 86' lang='lat' dir='ltr'><strong>virginum</strong></span> <span class='ocrx_word' id='word_1_312' title='bbox 1402 3937 1416 3962; x_wconf 96' lang='lat'><strong>,</strong></span> <span class='ocrx_word' id='word_1_313' title='bbox 1446 3912 1552 3951; x_wconf 90' lang='lat' dir='ltr'><strong>non</strong></span> <span class='ocrx_word' id='word_1_314' title='bbox 1584 3896 1888 3951; x_wconf 87' lang='lat' dir='ltr'><strong>habentium</strong></span> 
     </span>
    </p>
   </div>
   <div class='ocr_carea' id='block_1_40' title="bbox 303 3985 1893 4056">
    <p class='ocr_par' dir='ltr' id='par_1_40' title="bbox 303 3985 1893 4056">
     <span class='ocr_line' id='line_1_40' title="bbox 303 3985 1893 4056; baseline -0.004 -10"><span class='ocrx_word' id='word_1_315' title='bbox 303 3991 482 4046; x_wconf 89' lang='lat' dir='ltr'><strong>oleum</strong></span> <span class='ocrx_word' id='word_1_316' title='bbox 521 3990 889 4055; x_wconf 86' lang='lat' dir='ltr'><strong>conscientiae;</strong></span> <span class='ocrx_word' id='word_1_317' title='bbox 938 4002 1044 4042; x_wconf 90' lang='lat' dir='ltr'><strong>non</strong></span> <span class='ocrx_word' id='word_1_318' title='bbox 1090 3986 1364 4043; x_wconf 91' lang='lat' dir='ltr'><strong>invenient</strong></span> <span class='ocrx_word' id='word_1_319' title='bbox 1405 4000 1435 4040; x_wconf 91' lang='lat' dir='ltr'><strong>a</strong></span> <span class='ocrx_word' id='word_1_320' title='bbox 1478 3985 1669 4056; x_wconf 89' lang='lat' dir='ltr'><strong>quibus</strong></span> <span class='ocrx_word' id='word_1_321' title='bbox 1711 3993 1893 4040; x_wconf 86' lang='lat' dir='ltr'><strong>emant</strong></span> 
     </span>
    </p>
   </div>
   <div class='ocr_carea' id='block_1_41' title="bbox 302 4075 1891 4155">
    <p class='ocr_par' dir='ltr' id='par_1_41' title="bbox 302 4075 1891 4155">
     <span class='ocr_line' id='line_1_41' title="bbox 302 4075 1891 4155; baseline -0.007 -17"><span class='ocrx_word' id='word_1_322' title='bbox 302 4083 447 4155; x_wconf 90' lang='lat' dir='ltr'><strong>quod</strong></span> <span class='ocrx_word' id='word_1_323' title='bbox 484 4084 586 4138; x_wconf 87' lang='lat' dir='ltr'><strong>illis</strong></span> <span class='ocrx_word' id='word_1_324' title='bbox 615 4082 857 4137; x_wconf 89' lang='lat' dir='ltr'><strong>solebant</strong></span> <span class='ocrx_word' id='word_1_325' title='bbox 881 4080 1112 4136; x_wconf 89' lang='lat' dir='ltr'><strong>vendere</strong></span> <span class='ocrx_word' id='word_1_326' title='bbox 1151 4079 1473 4133; x_wconf 89' lang='lat' dir='ltr'><strong>adulatores.</strong></span> <span class='ocrx_word' id='word_1_327' title='bbox 1502 4076 1585 4131; x_wconf 81' lang='lat' dir='ltr'><strong>Ab</strong></span> <span class='ocrx_word' id='word_1_328' title='bbox 1620 4075 1891 4130; x_wconf 85' lang='lat' dir='ltr'><strong>irridenti-</strong></span> 
     </span>
    </p>
   </div>
   <div class='ocr_carea' id='block_1_42' title="bbox 305 4162 1894 4236">
    <p class='ocr_par' dir='ltr' id='par_1_42' title="bbox 305 4162 1894 4236">
     <span class='ocr_line' id='line_1_42' title="bbox 305 4162 1894 4236; baseline -0.005 -7"><span class='ocrx_word' id='word_1_329' title='bbox 305 4175 408 4229; x_wconf 87' lang='lat' dir='ltr'><strong>bus</strong></span> <span class='ocrx_word' id='word_1_330' title='bbox 434 4175 573 4229; x_wconf 90' lang='lat' dir='ltr'><strong>enim</strong></span> <span class='ocrx_word' id='word_1_331' title='bbox 600 4162 941 4236; x_wconf 29' lang='lat' dir='ltr'><strong>dicitur,&#39;non</strong></span> <span class='ocrx_word' id='word_1_332' title='bbox 966 4172 1033 4227; x_wconf 89' lang='lat' dir='ltr'><strong>ab</strong></span> <span class='ocrx_word' id='word_1_333' title='bbox 1061 4169 1419 4225; x_wconf 90' lang='lat' dir='ltr'><strong>invidentibus</strong></span> <span class='ocrx_word' id='word_1_334' title='bbox 1444 4186 1456 4222; x_wconf 95' lang='lat'><strong>:</strong></span> <span class='ocrx_word' id='word_1_335' title='bbox 1488 4166 1568 4221; x_wconf 85' lang='lat' dir='ltr'><strong>Ite</strong></span> <span class='ocrx_word' id='word_1_336' title='bbox 1587 4209 1600 4231; x_wconf 94' lang='lat'><strong>,</strong></span> <span class='ocrx_word' id='word_1_337' title='bbox 1631 4167 1778 4221; x_wconf 82' lang='lat' dir='ltr'><strong>emite</strong></span> <span class='ocrx_word' id='word_1_338' title='bbox 1800 4182 1894 4221; x_wconf 79' lang='lat' dir='ltr'><strong>vo-</strong></span> 
     </span>
    </p>
   </div>
   <div class='ocr_carea' id='block_1_43' title="bbox 304 4258 1892 4330">
    <p class='ocr_par' dir='ltr' id='par_1_43' title="bbox 304 4258 1892 4330">
     <span class='ocr_line' id='line_1_43' title="bbox 304 4258 1892 4330; baseline -0.005 -11"><span class='ocrx_word' id='word_1_339' title='bbox 304 4266 403 4320; x_wconf 85' lang='lat' dir='ltr'><strong>bis.</strong></span> <span class='ocrx_word' id='word_1_340' title='bbox 436 4266 701 4320; x_wconf 73' lang='lat' dir='ltr'><strong>Pctierant</strong></span> <span class='ocrx_word' id='word_1_341' title='bbox 742 4265 883 4319; x_wconf 91' lang='lat' dir='ltr'><strong>enim</strong></span> <span class='ocrx_word' id='word_1_342' title='bbox 921 4263 1099 4318; x_wconf 57' lang='lat' dir='ltr'><strong>stultae</strong></span> <span class='ocrx_word' id='word_1_343' title='bbox 1127 4278 1157 4317; x_wconf 90' lang='lat' dir='ltr'><strong>a</strong></span> <span class='ocrx_word' id='word_1_344' title='bbox 1183 4260 1538 4330; x_wconf 88' lang='lat' dir='ltr'><strong>sapientibus,</strong></span> <span class='ocrx_word' id='word_1_345' title='bbox 1565 4267 1621 4313; x_wconf 86' lang='lat' dir='ltr'><strong>et</strong></span> <span class='ocrx_word' id='word_1_346' title='bbox 1644 4258 1892 4312; x_wconf 79' lang='lat' dir='ltr'><strong>dixerant</strong></span> 
     </span>
    </p>
   </div>
   <div class='ocr_carea' id='block_1_44' title="bbox 302 4350 1887 4423">
    <p class='ocr_par' dir='ltr' id='par_1_44' title="bbox 302 4350 1887 4423">
     <span class='ocr_line' id='line_1_44' title="bbox 302 4350 1887 4423; baseline -0.008 -10"><span class='ocrx_word' id='word_1_347' title='bbox 302 4358 386 4413; x_wconf 83' lang='lat' dir='ltr'><strong>cis</strong></span> <span class='ocrx_word' id='word_1_348' title='bbox 413 4374 426 4410; x_wconf 86' lang='lat'><strong>:</strong></span> <span class='ocrx_word' id='word_1_349' title='bbox 459 4356 589 4409; x_wconf 86' lang='lat' dir='ltr'><strong>Date</strong></span> <span class='ocrx_word' id='word_1_350' title='bbox 608 4356 748 4411; x_wconf 83' lang='lat' dir='ltr'><strong>nobis</strong></span> <span class='ocrx_word' id='word_1_351' title='bbox 768 4355 954 4421; x_wconf 85' lang='lat' dir='ltr'><strong>oleum,</strong></span> <span class='ocrx_word' id='word_1_352' title='bbox 981 4353 1100 4423; x_wconf 84' lang='lat' dir='ltr'><strong>quia</strong></span> <span class='ocrx_word' id='word_1_353' title='bbox 1124 4354 1259 4421; x_wconf 78' lang='lat' dir='ltr'><strong>faces</strong></span> <span class='ocrx_word' id='word_1_354' title='bbox 1279 4360 1465 4405; x_wconf 65' lang='lat' dir='ltr'><strong>nostrae</strong></span> <span class='ocrx_word' id='word_1_355' title='bbox 1483 4350 1887 4419; x_wconf 73' lang='lat' dir='ltr'><strong>exstinguuntur.</strong></span> 
     </span>
    </p>
   </div>
   <div class='ocr_carea' id='block_1_45' title="bbox 302 4440 1893 4516">
    <p class='ocr_par' dir='ltr' id='par_1_45' title="bbox 302 4440 1893 4516">
     <span class='ocr_line' id='line_1_45' title="bbox 302 4440 1893 4516; baseline -0.006 -14"><span class='ocrx_word' id='word_1_356' title='bbox 302 4447 442 4515; x_wconf 87' lang='lat' dir='ltr'><strong>Quid</strong></span> <span class='ocrx_word' id='word_1_357' title='bbox 472 4447 575 4501; x_wconf 65' lang='lat' dir='ltr'><strong>illac</strong></span> <span class='ocrx_word' id='word_1_358' title='bbox 606 4444 911 4516; x_wconf 90' lang='lat' dir='ltr'><strong>sapientes?</strong></span> <span class='ocrx_word' id='word_1_359' title='bbox 943 4443 1026 4497; x_wconf 85' lang='lat' dir='ltr'><strong>Ne</strong></span> <span class='ocrx_word' id='word_1_360' title='bbox 1054 4446 1182 4514; x_wconf 79' lang='lat' dir='ltr'><strong>forte</strong></span> <span class='ocrx_word' id='word_1_361' title='bbox 1207 4459 1307 4496; x_wconf 87' lang='lat' dir='ltr'><strong>non</strong></span> <span class='ocrx_word' id='word_1_362' title='bbox 1334 4441 1545 4512; x_wconf 70' lang='lat' dir='ltr'><strong>suﬁiciat</strong></span> <span class='ocrx_word' id='word_1_363' title='bbox 1569 4440 1711 4494; x_wconf 88' lang='lat' dir='ltr'><strong>nobis</strong></span> <span class='ocrx_word' id='word_1_364' title='bbox 1739 4448 1785 4493; x_wconf 89' lang='lat' dir='ltr'><strong>et</strong></span> <span class='ocrx_word' id='word_1_365' title='bbox 1807 4455 1893 4493; x_wconf 88' lang='lat' dir='ltr'><strong>vo-</strong></span> 
     </span>
    </p>
   </div>
   <div class='ocr_carea' id='block_1_46' title="bbox 302 4529 1889 4609">
    <p class='ocr_par' dir='ltr' id='par_1_46' title="bbox 302 4529 1889 4609">
     <span class='ocr_line' id='line_1_46' title="bbox 302 4529 1889 4609; baseline -0.006 -16"><span class='ocrx_word' id='word_1_366' title='bbox 302 4540 403 4602; x_wconf 81' lang='lat' dir='ltr'><strong>bis,</strong></span> <span class='ocrx_word' id='word_1_367' title='bbox 436 4540 499 4591; x_wconf 84' lang='lat' dir='ltr'><strong>ite</strong></span> <span class='ocrx_word' id='word_1_368' title='bbox 524 4538 687 4609; x_wconf 78' lang='lat' dir='ltr'><strong>potius</strong></span> <span class='ocrx_word' id='word_1_369' title='bbox 715 4537 781 4590; x_wconf 86' lang='lat' dir='ltr'><strong>ad</strong></span> <span class='ocrx_word' id='word_1_370' title='bbox 802 4535 1086 4601; x_wconf 81' lang='lat' dir='ltr'><strong>uendentes,</strong></span> <span class='ocrx_word' id='word_1_371' title='bbox 1117 4544 1164 4588; x_wconf 85' lang='lat' dir='ltr'><strong>et</strong></span> <span class='ocrx_word' id='word_1_372' title='bbox 1207 4534 1354 4588; x_wconf 85' lang='lat' dir='ltr'><strong>emite</strong></span> <span class='ocrx_word' id='word_1_373' title='bbox 1381 4532 1537 4587; x_wconf 86' lang='lat' dir='ltr'><strong>vobis.</strong></span> <span class='ocrx_word' id='word_1_374' title='bbox 1568 4532 1679 4586; x_wconf 86' lang='lat' dir='ltr'><strong>Hoc</strong></span> <span class='ocrx_word' id='word_1_375' title='bbox 1704 4529 1889 4585; x_wconf 85' lang='lat' dir='ltr'><strong>admo-</strong></span> 
     </span>
    </p>
   </div>
   <div class='ocr_carea' id='block_1_47' title="bbox 305 4621 1891 4694">
    <p class='ocr_par' dir='ltr' id='par_1_47' title="bbox 305 4621 1891 4694">
     <span class='ocr_line' id='line_1_47' title="bbox 305 4621 1891 4694; baseline -0.006 -10"><span class='ocrx_word' id='word_1_376' title='bbox 305 4644 438 4688; x_wconf 86' lang='lat' dir='ltr'><strong>ncrc</strong></span> <span class='ocrx_word' id='word_1_377' title='bbox 465 4637 609 4691; x_wconf 89' lang='lat' dir='ltr'><strong>erat,</strong></span> <span class='ocrx_word' id='word_1_378' title='bbox 651 4626 784 4694; x_wconf 83' lang='lat' dir='ltr'><strong>Quid</strong></span> <span class='ocrx_word' id='word_1_379' title='bbox 817 4625 967 4679; x_wconf 89' lang='lat' dir='ltr'><strong>vobis</strong></span> <span class='ocrx_word' id='word_1_380' title='bbox 994 4623 1153 4678; x_wconf 92' lang='lat' dir='ltr'><strong>modo</strong></span> <span class='ocrx_word' id='word_1_381' title='bbox 1182 4632 1405 4693; x_wconf 87' lang='lat' dir='ltr'><strong>prosunt</strong></span> <span class='ocrx_word' id='word_1_382' title='bbox 1433 4636 1461 4675; x_wconf 88' lang='lat' dir='ltr'><strong>a</strong></span> <span class='ocrx_word' id='word_1_383' title='bbox 1491 4621 1683 4691; x_wconf 90' lang='lat' dir='ltr'><strong>quibus</strong></span> <span class='ocrx_word' id='word_1_384' title='bbox 1710 4635 1891 4676; x_wconf 87' lang='lat' dir='ltr'><strong>emere</strong></span> 
     </span>
    </p>
   </div>
   <div class='ocr_carea' id='block_1_48' title="bbox 306 4708 1891 4782">
    <p class='ocr_par' dir='ltr' id='par_1_48' title="bbox 306 4708 1891 4782">
     <span class='ocr_line' id='line_1_48' title="bbox 306 4708 1891 4782; baseline -0.007 -9"><span class='ocrx_word' id='word_1_385' title='bbox 306 4719 492 4773; x_wconf 90' lang='lat' dir='ltr'><strong>soletis</strong></span> <span class='ocrx_word' id='word_1_386' title='bbox 518 4717 915 4772; x_wconf 88' lang='lat' dir='ltr'><strong>adulationem?</strong></span> <span class='ocrx_word' id='word_1_387' title='bbox 946 4714 1013 4769; x_wconf 89' lang='lat' dir='ltr'><strong>Et</strong></span> <span class='ocrx_word' id='word_1_388' title='bbox 1054 4732 1167 4768; x_wconf 88' lang='lat' dir='ltr'><strong>cum</strong></span> <span class='ocrx_word' id='word_1_389' title='bbox 1205 4723 1356 4778; x_wconf 86' lang='lat' dir='ltr'><strong>eunt,</strong></span> <span class='ocrx_word' id='word_1_390' title='bbox 1392 4711 1597 4782; x_wconf 89' lang='lat' dir='ltr'><strong>inquit,</strong></span> <span class='ocrx_word' id='word_1_391' title='bbox 1638 4708 1891 4764; x_wconf 86' lang='lat' dir='ltr'><strong>intrarunt</strong></span> 
     </span>
    </p>
   </div>
   <div class='ocr_carea' id='block_1_49' title="bbox 303 4800 1889 4877">
    <p class='ocr_par' dir='ltr' id='par_1_49' title="bbox 303 4800 1889 4877">
     <span class='ocr_line' id='line_1_49' title="bbox 303 4800 1889 4877; baseline -0.006 -12"><span class='ocrx_word' id='word_1_392' title='bbox 303 4811 414 4865; x_wconf 79' lang='lat' dir='ltr'><strong>illa:</strong></span> <span class='ocrx_word' id='word_1_393' title='bbox 433 4853 447 4877; x_wconf 93' lang='lat'><strong>,</strong></span> <span class='ocrx_word' id='word_1_394' title='bbox 493 4819 539 4864; x_wconf 89' lang='lat' dir='ltr'><strong>et</strong></span> <span class='ocrx_word' id='word_1_395' title='bbox 576 4810 805 4863; x_wconf 88' lang='lat' dir='ltr'><strong>clausum</strong></span> <span class='ocrx_word' id='word_1_396' title='bbox 831 4817 901 4861; x_wconf 85' lang='lat' dir='ltr'><strong>est</strong></span> <span class='ocrx_word' id='word_1_397' title='bbox 932 4809 1114 4861; x_wconf 81' lang='lat' dir='ltr'><strong>ostium</strong></span> <span class='ocrx_word' id='word_1_398' title='bbox 1154 4804 1364 4875; x_wconf 79' lang='lat' dir='ltr'><strong>(Matth.</strong></span> <span class='ocrx_word' id='word_1_399' title='bbox 1395 4818 1518 4868; x_wconf 82' lang='lat' dir='ltr'><strong>xxv,</strong></span> <span class='ocrx_word' id='word_1_400' title='bbox 1552 4801 1724 4873; x_wconf 81' lang='grc'><strong>1-15).</strong></span> <span class='ocrx_word' id='word_1_401' title='bbox 1755 4800 1889 4855; x_wconf 92' lang='lat' dir='ltr'><strong>Cum</strong></span> 
     </span>
    </p>
   </div>
   <div class='ocr_carea' id='block_1_50' title="bbox 305 4892 1888 4967">
    <p class='ocr_par' dir='ltr' id='par_1_50' title="bbox 305 4892 1888 4967">
     <span class='ocr_line' id='line_1_50' title="bbox 305 4892 1888 4967; baseline -0.006 -12"><span class='ocrx_word' id='word_1_402' title='bbox 305 4912 435 4955; x_wconf 90' lang='lat' dir='ltr'><strong>eunt</strong></span> <span class='ocrx_word' id='word_1_403' title='bbox 461 4900 645 4966; x_wconf 89' lang='lat' dir='ltr'><strong>corde,</strong></span> <span class='ocrx_word' id='word_1_404' title='bbox 674 4915 795 4955; x_wconf 91' lang='lat' dir='ltr'><strong>cum</strong></span> <span class='ocrx_word' id='word_1_405' title='bbox 826 4898 949 4953; x_wconf 88' lang='lat' dir='ltr'><strong>talia</strong></span> <span class='ocrx_word' id='word_1_406' title='bbox 975 4897 1209 4967; x_wconf 90' lang='lat' dir='ltr'><strong>cogitant</strong></span> <span class='ocrx_word' id='word_1_407' title='bbox 1228 4938 1242 4962; x_wconf 95' lang='lat'><strong>,</strong></span> <span class='ocrx_word' id='word_1_408' title='bbox 1269 4895 1395 4950; x_wconf 91' lang='lat' dir='ltr'><strong>dum</strong></span> <span class='ocrx_word' id='word_1_409' title='bbox 1418 4909 1478 4949; x_wconf 92' lang='lat' dir='ltr'><strong>se</strong></span> <span class='ocrx_word' id='word_1_410' title='bbox 1506 4892 1573 4947; x_wconf 90' lang='lat' dir='ltr'><strong>ab</strong></span> <span class='ocrx_word' id='word_1_411' title='bbox 1598 4892 1687 4947; x_wconf 89' lang='lat' dir='ltr'><strong>illa</strong></span> <span class='ocrx_word' id='word_1_412' title='bbox 1714 4892 1888 4946; x_wconf 90' lang='lat' dir='ltr'><strong>inten-</strong></span> 
     </span>
    </p>
   </div>
   <div class='ocr_carea' id='block_1_51' title="bbox 306 4984 1983 5059">
    <p class='ocr_par' dir='ltr' id='par_1_51' title="bbox 306 4984 1983 5059">
     <span class='ocr_line' id='line_1_51' title="bbox 306 4984 1983 5059; baseline -0.006 -12"><span class='ocrx_word' id='word_1_413' title='bbox 306 4993 453 5047; x_wconf 90' lang='lat' dir='ltr'><strong>tione</strong></span> <span class='ocrx_word' id='word_1_414' title='bbox 492 4991 760 5056; x_wconf 87' lang='lat' dir='ltr'><strong>alienant,</strong></span> <span class='ocrx_word' id='word_1_415' title='bbox 803 4998 858 5046; x_wconf 93' lang='lat' dir='ltr'><strong>et</strong></span> <span class='ocrx_word' id='word_1_416' title='bbox 895 4998 1038 5044; x_wconf 90' lang='lat' dir='ltr'><strong>retro</strong></span> <span class='ocrx_word' id='word_1_417' title='bbox 1078 4988 1344 5059; x_wconf 67' lang='lat' dir='ltr'><strong>praeterita</strong></span> <span class='ocrx_word' id='word_1_418' title='bbox 1383 5001 1476 5041; x_wconf 88' lang='lat' dir='ltr'><strong>sua</strong></span> <span class='ocrx_word' id='word_1_419' title='bbox 1521 4984 1887 5051; x_wconf 85' lang='lat' dir='ltr'><strong>recordamur,</strong></span> <span class='ocrx_word' id='word_1_420' title='bbox 1980 5012 1983 5015; x_wconf 57' lang='grc' dir='ltr'><strong><em>λ</em></strong></span> 
     </span>
    </p>
   </div>
   <div class='ocr_carea' id='block_1_52' title="bbox 307 5073 1890 5153">
    <p class='ocr_par' dir='ltr' id='par_1_52' title="bbox 307 5073 1890 5153">
     <span class='ocr_line' id='line_1_52' title="bbox 307 5073 1890 5153; baseline -0.008 -15"><span class='ocrx_word' id='word_1_421' title='bbox 307 5096 439 5138; x_wconf 83' lang='lat' dir='ltr'><strong>cunt</strong></span> <span class='ocrx_word' id='word_1_422' title='bbox 464 5082 614 5153; x_wconf 84' lang='lat' dir='ltr'><strong>quasi</strong></span> <span class='ocrx_word' id='word_1_423' title='bbox 660 5082 726 5136; x_wconf 90' lang='lat' dir='ltr'><strong>ad</strong></span> <span class='ocrx_word' id='word_1_424' title='bbox 754 5080 1081 5135; x_wconf 88' lang='lat' dir='ltr'><strong>vendentes:</strong></span> <span class='ocrx_word' id='word_1_425' title='bbox 1113 5088 1169 5134; x_wconf 89' lang='lat' dir='ltr'><strong>ct</strong></span> <span class='ocrx_word' id='word_1_426' title='bbox 1195 5092 1301 5133; x_wconf 92' lang='lat' dir='ltr'><strong>non</strong></span> <span class='ocrx_word' id='word_1_427' title='bbox 1327 5076 1605 5131; x_wconf 89' lang='lat' dir='ltr'><strong>inveniunt</strong></span> <span class='ocrx_word' id='word_1_428' title='bbox 1646 5083 1772 5128; x_wconf 91' lang='lat' dir='ltr'><strong>tunc</strong></span> <span class='ocrx_word' id='word_1_429' title='bbox 1811 5073 1890 5127; x_wconf 87' lang='lat' dir='ltr'><strong>fa-</strong></span> 
     </span>
    </p>
   </div>
   <div class='ocr_carea' id='block_1_53' title="bbox 309 5163 1889 5239">
    <p class='ocr_par' dir='ltr' id='par_1_53' title="bbox 309 5163 1889 5239">
     <span class='ocr_line' id='line_1_53' title="bbox 309 5163 1889 5239; baseline -0.008 -10"><span class='ocrx_word' id='word_1_430' title='bbox 309 5183 500 5229; x_wconf 80' lang='lat' dir='ltr'><strong>ventes</strong></span> <span class='ocrx_word' id='word_1_431' title='bbox 521 5216 534 5239; x_wconf 91' lang='lat'><strong>,</strong></span> <span class='ocrx_word' id='word_1_432' title='bbox 571 5188 675 5226; x_wconf 89' lang='lat' dir='ltr'><strong>non</strong></span> <span class='ocrx_word' id='word_1_433' title='bbox 718 5171 990 5226; x_wconf 86' lang='lat' dir='ltr'><strong>inveniunt</strong></span> <span class='ocrx_word' id='word_1_434' title='bbox 1021 5178 1144 5224; x_wconf 90' lang='lat' dir='ltr'><strong>tunc</strong></span> <span class='ocrx_word' id='word_1_435' title='bbox 1183 5167 1489 5230; x_wconf 80' lang='lat' dir='ltr'><strong>laudantes,</strong></span> <span class='ocrx_word' id='word_1_436' title='bbox 1522 5180 1552 5219; x_wconf 88' lang='lat' dir='ltr'><strong>a</strong></span> <span class='ocrx_word' id='word_1_437' title='bbox 1581 5163 1771 5233; x_wconf 90' lang='lat' dir='ltr'><strong>quibus</strong></span> <span class='ocrx_word' id='word_1_438' title='bbox 1799 5176 1889 5217; x_wconf 88' lang='lat' dir='ltr'><strong>so-</strong></span> 
     </span>
    </p>
   </div>
   <div class='ocr_carea' id='block_1_54' title="bbox 314 5258 1987 5332">
    <p class='ocr_par' dir='ltr' id='par_1_54' title="bbox 314 5258 1987 5332">
     <span class='ocr_line' id='line_1_54' title="bbox 314 5258 1987 5332; baseline -0.01 -11"><span class='ocrx_word' id='word_1_439' title='bbox 314 5268 496 5321; x_wconf 88' lang='lat' dir='ltr'><strong>lebant</strong></span> <span class='ocrx_word' id='word_1_440' title='bbox 521 5266 745 5328; x_wconf 87' lang='lat' dir='ltr'><strong>laudari,</strong></span> <span class='ocrx_word' id='word_1_441' title='bbox 769 5262 984 5332; x_wconf 85' lang='lat' dir='ltr'><strong>etquasi</strong></span> <span class='ocrx_word' id='word_1_442' title='bbox 1003 5259 1218 5314; x_wconf 81' lang='lat' dir='ltr'><strong>excitari</strong></span> <span class='ocrx_word' id='word_1_443' title='bbox 1240 5258 1305 5312; x_wconf 90' lang='lat' dir='ltr'><strong>ad</strong></span> <span class='ocrx_word' id='word_1_444' title='bbox 1323 5259 1456 5313; x_wconf 88' lang='lat' dir='ltr'><strong>bona</strong></span> <span class='ocrx_word' id='word_1_445' title='bbox 1481 5270 1663 5325; x_wconf 86' lang='lat' dir='ltr'><strong>opera,</strong></span> <span class='ocrx_word' id='word_1_446' title='bbox 1684 5270 1787 5307; x_wconf 89' lang='lat' dir='ltr'><strong>non</strong></span> <span class='ocrx_word' id='word_1_447' title='bbox 1806 5268 1891 5307; x_wconf 84' lang='lat' dir='ltr'><strong>ro-</strong></span> <span class='ocrx_word' id='word_1_448' title='bbox 1984 5290 1987 5293; x_wconf 53' lang='grc' dir='ltr'><strong><em>ν</em></strong></span> 
     </span>
    </p>
   </div>
   <div class='ocr_carea' id='block_1_55' title="bbox 308 5347 1887 5421">
    <p class='ocr_par' dir='ltr' id='par_1_55' title="bbox 308 5347 1887 5421">
     <span class='ocr_line' id='line_1_55' title="bbox 308 5347 1887 5421; baseline -0.011 -5"><span class='ocrx_word' id='word_1_449' title='bbox 308 5361 442 5416; x_wconf 82' lang='lat' dir='ltr'><strong>bore</strong></span> <span class='ocrx_word' id='word_1_450' title='bbox 460 5360 611 5413; x_wconf 73' lang='lat' dir='ltr'><strong>bona:</strong></span> <span class='ocrx_word' id='word_1_451' title='bbox 629 5356 989 5421; x_wconf 81' lang='lat' dir='ltr'><strong>conscientiae,</strong></span> <span class='ocrx_word' id='word_1_452' title='bbox 1009 5353 1100 5408; x_wconf 90' lang='lat' dir='ltr'><strong>sed</strong></span> <span class='ocrx_word' id='word_1_453' title='bbox 1122 5352 1459 5406; x_wconf 87' lang='lat' dir='ltr'><strong>incitamento</strong></span> <span class='ocrx_word' id='word_1_454' title='bbox 1472 5349 1663 5418; x_wconf 69' lang='lat' dir='ltr'><strong>lingua:</strong></span> <span class='ocrx_word' id='word_1_455' title='bbox 1679 5347 1887 5401; x_wconf 64' lang='lat' dir='ltr'><strong>alienae.</strong></span> 
     </span>
    </p>
   </div>
   <div class='ocr_carea' id='block_1_56' title="bbox 386 5437 1891 5519">
    <p class='ocr_par' dir='ltr' id='par_1_56' title="bbox 386 5437 1891 5519">
     <span class='ocr_line' id='line_1_56' title="bbox 386 5437 1891 5519; baseline -0.013 -11"><span class='ocrx_word' id='word_1_456' title='bbox 386 5454 474 5508; x_wconf 70' lang='grc'><strong>12.</strong></span> <span class='ocrx_word' id='word_1_457' title='bbox 508 5453 573 5506; x_wconf 83' lang='lat' dir='ltr'><strong>Et</strong></span> <span class='ocrx_word' id='word_1_458' title='bbox 603 5450 729 5505; x_wconf 91' lang='lat' dir='ltr'><strong>illud</strong></span> <span class='ocrx_word' id='word_1_459' title='bbox 757 5448 898 5519; x_wconf 75' lang='lat' dir='ltr'><strong>quod</strong></span> <span class='ocrx_word' id='word_1_460' title='bbox 928 5447 1130 5502; x_wconf 88' lang='lat' dir='ltr'><strong>dictum</strong></span> <span class='ocrx_word' id='word_1_461' title='bbox 1159 5450 1260 5506; x_wconf 89' lang='lat' dir='ltr'><strong>est,</strong></span> <span class='ocrx_word' id='word_1_462' title='bbox 1291 5440 1375 5496; x_wconf 83' lang='lat' dir='ltr'><strong>Ne</strong></span> <span class='ocrx_word' id='word_1_463' title='bbox 1400 5441 1527 5508; x_wconf 75' lang='lat' dir='ltr'><strong>forte</strong></span> <span class='ocrx_word' id='word_1_464' title='bbox 1557 5456 1656 5492; x_wconf 88' lang='lat' dir='ltr'><strong>non</strong></span> <span class='ocrx_word' id='word_1_465' title='bbox 1684 5437 1891 5508; x_wconf 68' lang='lat' dir='ltr'><strong>sufﬁciat</strong></span> 
     </span>
    </p>
   </div>
   <div class='ocr_carea' id='block_1_57' title="bbox 311 5530 1889 5612">
    <p class='ocr_par' dir='ltr' id='par_1_57' title="bbox 311 5530 1889 5612">
     <span class='ocr_line' id='line_1_57' title="bbox 311 5530 1889 5612; baseline -0.011 -13"><span class='ocrx_word' id='word_1_466' title='bbox 311 5545 453 5599; x_wconf 84' lang='lat' dir='ltr'><strong>nobis</strong></span> <span class='ocrx_word' id='word_1_467' title='bbox 476 5585 491 5610; x_wconf 93' lang='lat'><strong>,</strong></span> <span class='ocrx_word' id='word_1_468' title='bbox 534 5556 721 5612; x_wconf 83' lang='lat' dir='ltr'><strong>magna</strong></span> <span class='ocrx_word' id='word_1_469' title='bbox 748 5539 1174 5595; x_wconf 88' lang='lat' dir='ltr'><strong>consideratione</strong></span> <span class='ocrx_word' id='word_1_470' title='bbox 1209 5531 1520 5587; x_wconf 86' lang='lat' dir='ltr'><strong>humilitatis</strong></span> <span class='ocrx_word' id='word_1_471' title='bbox 1549 5530 1746 5584; x_wconf 90' lang='lat' dir='ltr'><strong>dictum</strong></span> <span class='ocrx_word' id='word_1_472' title='bbox 1788 5536 1889 5584; x_wconf 87' lang='lat' dir='ltr'><strong>est.</strong></span> 
     </span>
    </p>
   </div>
   <div class='ocr_carea' id='block_1_58' title="bbox 312 5622 1891 5703">
    <p class='ocr_par' dir='ltr' id='par_1_58' title="bbox 312 5622 1891 5703">
     <span class='ocr_line' id='line_1_58' title="bbox 312 5622 1891 5703; baseline -0.009 -12"><span class='ocrx_word' id='word_1_473' title='bbox 312 5635 499 5692; x_wconf 89' lang='lat' dir='ltr'><strong>Oleum</strong></span> <span class='ocrx_word' id='word_1_474' title='bbox 526 5634 668 5689; x_wconf 88' lang='lat' dir='ltr'><strong>enim</strong></span> <span class='ocrx_word' id='word_1_475' title='bbox 697 5631 836 5703; x_wconf 90' lang='lat' dir='ltr'><strong>quod</strong></span> <span class='ocrx_word' id='word_1_476' title='bbox 867 5639 1135 5701; x_wconf 82' lang='lat' dir='ltr'><strong>gestamus</strong></span> <span class='ocrx_word' id='word_1_477' title='bbox 1163 5628 1217 5681; x_wconf 92' lang='lat' dir='ltr'><strong>in</strong></span> <span class='ocrx_word' id='word_1_478' title='bbox 1256 5624 1575 5682; x_wconf 89' lang='lat' dir='ltr'><strong>conscientia</strong></span> <span class='ocrx_word' id='word_1_479' title='bbox 1595 5666 1607 5689; x_wconf 92' lang='lat'><strong>,</strong></span> <span class='ocrx_word' id='word_1_480' title='bbox 1637 5622 1891 5693; x_wconf 90' lang='lat' dir='ltr'><strong>judicium</strong></span> 
     </span>
    </p>
   </div>
   <div class='ocr_carea' id='block_1_59' title="bbox 312 5714 1891 5791">
    <p class='ocr_par' dir='ltr' id='par_1_59' title="bbox 312 5714 1891 5791">
     <span class='ocr_line' id='line_1_59' title="bbox 312 5714 1891 5791; baseline -0.008 -9"><span class='ocrx_word' id='word_1_481' title='bbox 312 5738 394 5783; x_wconf 87' lang='lat' dir='ltr'><strong>est</strong></span> <span class='ocrx_word' id='word_1_482' title='bbox 421 5736 660 5781; x_wconf 90' lang='lat' dir='ltr'><strong>nostrum</strong></span> <span class='ocrx_word' id='word_1_483' title='bbox 692 5728 757 5779; x_wconf 89' lang='lat' dir='ltr'><strong>de</strong></span> <span class='ocrx_word' id='word_1_484' title='bbox 784 5723 937 5778; x_wconf 88' lang='lat' dir='ltr'><strong>nobis</strong></span> <span class='ocrx_word' id='word_1_485' title='bbox 969 5721 1116 5791; x_wconf 87' lang='lat' dir='ltr'><strong>ipsis,</strong></span> <span class='ocrx_word' id='word_1_486' title='bbox 1144 5720 1325 5791; x_wconf 90' lang='lat' dir='ltr'><strong>quales</strong></span> <span class='ocrx_word' id='word_1_487' title='bbox 1367 5720 1566 5782; x_wconf 90' lang='lat' dir='ltr'><strong>simus;</strong></span> <span class='ocrx_word' id='word_1_488' title='bbox 1600 5726 1652 5771; x_wconf 79' lang='lat' dir='ltr'><strong>et</strong></span> <span class='ocrx_word' id='word_1_489' title='bbox 1677 5714 1891 5771; x_wconf 85' lang='lat' dir='ltr'><strong>difficile</strong></span> 
     </span>
    </p>
   </div>
   <div class='ocr_carea' id='block_1_60' title="bbox 309 5808 1883 5889">
    <p class='ocr_par' dir='ltr' id='par_1_60' title="bbox 309 5808 1883 5889">
     <span class='ocr_line' id='line_1_60' title="bbox 309 5808 1883 5889; baseline -0.01 -11"><span class='ocrx_word' id='word_1_490' title='bbox 309 5831 393 5878; x_wconf 80' lang='lat' dir='ltr'><strong>est</strong></span> <span class='ocrx_word' id='word_1_491' title='bbox 432 5828 490 5877; x_wconf 91' lang='lat' dir='ltr'><strong>ut</strong></span> <span class='ocrx_word' id='word_1_492' title='bbox 516 5821 582 5875; x_wconf 87' lang='lat' dir='ltr'><strong>de</strong></span> <span class='ocrx_word' id='word_1_493' title='bbox 623 5830 681 5875; x_wconf 84' lang='lat' dir='ltr'><strong>se</strong></span> <span class='ocrx_word' id='word_1_494' title='bbox 723 5818 945 5889; x_wconf 76' lang='lat' dir='ltr'><strong>quisque</strong></span> <span class='ocrx_word' id='word_1_495' title='bbox 987 5812 1462 5884; x_wconf 85' lang='lat' dir='ltr'><strong>pcrfectcjudicet.</strong></span> <span class='ocrx_word' id='word_1_496' title='bbox 1505 5812 1719 5867; x_wconf 85' lang='lat' dir='ltr'><strong>Fratres</strong></span> <span class='ocrx_word' id='word_1_497' title='bbox 1746 5808 1883 5873; x_wconf 87' lang='lat' dir='ltr'><strong>mei,</strong></span> 
     </span>
    </p>
   </div>
   <div class='ocr_carea' id='block_1_61' title="bbox 1352 386 2497 449">
    <p class='ocr_par' dir='ltr' id='par_1_61' title="bbox 1352 386 2497 449">
     <span class='ocr_line' id='line_1_61' title="bbox 1352 386 2497 449; baseline 0.003 -8"><span class='ocrx_word' id='word_1_498' title='bbox 1352 386 1746 443; x_wconf 83' lang='lat' dir='ltr'><strong>ENARRATIO</strong></span> <span class='ocrx_word' id='word_1_499' title='bbox 1784 387 1849 443; x_wconf 89' lang='lat' dir='ltr'><strong>IN</strong></span> <span class='ocrx_word' id='word_1_500' title='bbox 1888 388 2209 446; x_wconf 84' lang='lat' dir='ltr'><strong>PSALMUM</strong></span> <span class='ocrx_word' id='word_1_501' title='bbox 2246 391 2497 449; x_wconf 80' lang='lat' dir='ltr'><strong>CXLVII.</strong></span> 
     </span>
    </p>
   </div>
   <div class='ocr_carea' id='block_1_62' title="bbox 3448 408 3588 465">
    <p class='ocr_par' dir='ltr' id='par_1_62' title="bbox 3448 408 3588 465">
     <span class='ocr_line' id='line_1_62' title="bbox 3448 408 3588 465; baseline 0.014 -2"><span class='ocrx_word' id='word_1_502' title='bbox 3448 408 3588 465; x_wconf 70' lang='grc'>1922</span> 
     </span>
    </p>
   </div>
   <div class='ocr_carea' id='block_1_63' title="bbox 2008 509 3587 591">
    <p class='ocr_par' dir='ltr' id='par_1_63' title="bbox 2008 509 3587 591">
     <span class='ocr_line' id='line_1_63' title="bbox 2008 509 3587 591; baseline 0.013 -31"><span class='ocrx_word' id='word_1_503' title='bbox 2008 509 2393 576; x_wconf 88' lang='lat' dir='ltr'><strong>quantumlibet</strong></span> <span class='ocrx_word' id='word_1_504' title='bbox 2438 512 2598 569; x_wconf 91' lang='lat' dir='ltr'><strong>homo</strong></span> <span class='ocrx_word' id='word_1_505' title='bbox 2650 516 2921 586; x_wconf 76' lang='lat' dir='ltr'><strong>proﬂuat,</strong></span> <span class='ocrx_word' id='word_1_506' title='bbox 2968 522 3358 591; x_wconf 91' lang='lat' dir='ltr'><strong>quantumlibet</strong></span> <span class='ocrx_word' id='word_1_507' title='bbox 3420 539 3480 580; x_wconf 90' lang='lat' dir='ltr'><strong>se</strong></span> <span class='ocrx_word' id='word_1_508' title='bbox 3520 524 3587 581; x_wconf 88' lang='lat' dir='ltr'><strong>ad</strong></span> 
     </span>
    </p>
   </div>
   <div class='ocr_carea' id='block_1_64' title="bbox 2006 601 3588 686">
    <p class='ocr_par' dir='ltr' id='par_1_64' title="bbox 2006 601 3588 686">
     <span class='ocr_line' id='line_1_64' title="bbox 2006 601 3588 686; baseline 0.011 -34"><span class='ocrx_word' id='word_1_509' title='bbox 2006 601 2270 656; x_wconf 89' lang='lat' dir='ltr'><strong>anteriora</strong></span> <span class='ocrx_word' id='word_1_510' title='bbox 2316 604 2600 672; x_wconf 81' lang='lat' dir='ltr'><strong>extendat,</strong></span> <span class='ocrx_word' id='word_1_511' title='bbox 2646 617 2701 663; x_wconf 89' lang='lat' dir='ltr'><strong>et</strong></span> <span class='ocrx_word' id='word_1_512' title='bbox 2748 612 3013 678; x_wconf 73' lang='lat' dir='ltr'><strong>prreterita</strong></span> <span class='ocrx_word' id='word_1_513' title='bbox 3060 612 3399 669; x_wconf 89' lang='lat' dir='ltr'><strong>obliviscatur</strong></span> <span class='ocrx_word' id='word_1_514' title='bbox 3432 614 3588 686; x_wconf 87' lang='lat' dir='ltr'><strong>(Phi-</strong></span> 
     </span>
    </p>
   </div>
   <div class='ocr_carea' id='block_1_65' title="bbox 2009 691 3589 777">
    <p class='ocr_par' dir='ltr' id='par_1_65' title="bbox 2009 691 3589 777">
     <span class='ocr_line' id='line_1_65' title="bbox 2009 691 3589 777; baseline 0.011 -31"><span class='ocrx_word' id='word_1_515' title='bbox 2009 691 2135 761; x_wconf 89' lang='lat' dir='ltr'><strong>lipp.</strong></span> <span class='ocrx_word' id='word_1_516' title='bbox 2167 710 2253 761; x_wconf 86' lang='lat' dir='ltr'><strong>Ill,</strong></span> <span class='ocrx_word' id='word_1_517' title='bbox 2293 696 2419 767; x_wconf 78' lang='lat' dir='ltr'><strong>l5);</strong></span> <span class='ocrx_word' id='word_1_518' title='bbox 2464 700 2509 753; x_wconf 92' lang='lat' dir='ltr'><strong>si</strong></span> <span class='ocrx_word' id='word_1_519' title='bbox 2544 699 2654 768; x_wconf 91' lang='lat' dir='ltr'><strong>jam</strong></span> <span class='ocrx_word' id='word_1_520' title='bbox 2698 701 2826 756; x_wconf 90' lang='lat' dir='ltr'><strong>dicit</strong></span> <span class='ocrx_word' id='word_1_521' title='bbox 2865 704 2999 770; x_wconf 90' lang='lat' dir='ltr'><strong>sibi,</strong></span> <span class='ocrx_word' id='word_1_522' title='bbox 3040 704 3183 760; x_wconf 91' lang='lat' dir='ltr'><strong>Bene</strong></span> <span class='ocrx_word' id='word_1_523' title='bbox 3221 715 3303 761; x_wconf 91' lang='lat' dir='ltr'><strong>est</strong></span> <span class='ocrx_word' id='word_1_524' title='bbox 3336 724 3347 758; x_wconf 91' lang='lat'><strong>:</strong></span> <span class='ocrx_word' id='word_1_525' title='bbox 3397 722 3589 777; x_wconf 82' lang='lat' dir='ltr'><strong>proce-</strong></span> 
     </span>
    </p>
   </div>
   <div class='ocr_carea' id='block_1_66' title="bbox 2007 782 3586 870">
    <p class='ocr_par' dir='ltr' id='par_1_66' title="bbox 2007 782 3586 870">
     <span class='ocr_line' id='line_1_66' title="bbox 2007 782 3586 870; baseline 0.013 -33"><span class='ocrx_word' id='word_1_526' title='bbox 2007 782 2085 839; x_wconf 89' lang='lat' dir='ltr'><strong>dit</strong></span> <span class='ocrx_word' id='word_1_527' title='bbox 2126 787 2301 857; x_wconf 86' lang='lat' dir='ltr'><strong>regula</strong></span> <span class='ocrx_word' id='word_1_528' title='bbox 2330 789 2396 845; x_wconf 88' lang='lat' dir='ltr'><strong>de</strong></span> <span class='ocrx_word' id='word_1_529' title='bbox 2425 790 2686 849; x_wconf 88' lang='lat' dir='ltr'><strong>thesauris</strong></span> <span class='ocrx_word' id='word_1_530' title='bbox 2731 786 3169 860; x_wconf 47' lang='lat' dir='ltr'><strong>Dei,&#39;examinat</strong></span> <span class='ocrx_word' id='word_1_531' title='bbox 3201 799 3267 853; x_wconf 89' lang='lat' dir='ltr'><strong>ad</strong></span> <span class='ocrx_word' id='word_1_532' title='bbox 3294 798 3586 870; x_wconf 87' lang='lat' dir='ltr'><strong>liquidum:</strong></span> 
     </span>
    </p>
   </div>
   <div class='ocr_carea' id='block_1_67' title="bbox 2008 880 3589 962">
    <p class='ocr_par' dir='ltr' id='par_1_67' title="bbox 2008 880 3589 962">
     <span class='ocr_line' id='line_1_67' title="bbox 2008 880 3589 962; baseline 0.009 -29"><span class='ocrx_word' id='word_1_533' title='bbox 2008 886 2062 933; x_wconf 91' lang='lat' dir='ltr'><strong>ct</strong></span> <span class='ocrx_word' id='word_1_534' title='bbox 2102 880 2220 949; x_wconf 91' lang='lat' dir='ltr'><strong>quis</strong></span> <span class='ocrx_word' id='word_1_535' title='bbox 2265 881 2573 950; x_wconf 87' lang='lat' dir='ltr'><strong>gloriabitur</strong></span> <span class='ocrx_word' id='word_1_536' title='bbox 2616 894 2818 941; x_wconf 87' lang='lat' dir='ltr'><strong>castum</strong></span> <span class='ocrx_word' id='word_1_537' title='bbox 2867 902 2926 943; x_wconf 92' lang='lat' dir='ltr'><strong>se</strong></span> <span class='ocrx_word' id='word_1_538' title='bbox 2972 888 3171 945; x_wconf 89' lang='lat' dir='ltr'><strong>habere</strong></span> <span class='ocrx_word' id='word_1_539' title='bbox 3214 891 3345 944; x_wconf 84' lang='lat' dir='ltr'><strong>cor?</strong></span> <span class='ocrx_word' id='word_1_540' title='bbox 3373 900 3426 946; x_wconf 91' lang='lat' dir='ltr'><strong>et</strong></span> <span class='ocrx_word' id='word_1_541' title='bbox 3469 894 3589 962; x_wconf 88' lang='lat' dir='ltr'><strong>quis</strong></span> 
     </span>
    </p>
   </div>
   <div class='ocr_carea' id='block_1_68' title="bbox 2007 970 3586 1054">
    <p class='ocr_par' dir='ltr' id='par_1_68' title="bbox 2007 970 3586 1054">
     <span class='ocr_line' id='line_1_68' title="bbox 2007 970 3586 1054; baseline 0.009 -30"><span class='ocrx_word' id='word_1_542' title='bbox 2007 970 2317 1040; x_wconf 89' lang='lat' dir='ltr'><strong>gloriabitur</strong></span> <span class='ocrx_word' id='word_1_543' title='bbox 2357 975 2610 1031; x_wconf 89' lang='lat' dir='ltr'><strong>mundum</strong></span> <span class='ocrx_word' id='word_1_544' title='bbox 2651 993 2709 1033; x_wconf 92' lang='lat' dir='ltr'><strong>se</strong></span> <span class='ocrx_word' id='word_1_545' title='bbox 2754 993 2873 1034; x_wconf 90' lang='lat' dir='ltr'><strong>esse</strong></span> <span class='ocrx_word' id='word_1_546' title='bbox 2916 995 2946 1034; x_wconf 92' lang='lat' dir='ltr'><strong>a</strong></span> <span class='ocrx_word' id='word_1_547' title='bbox 2987 991 3205 1050; x_wconf 89' lang='lat' dir='ltr'><strong>peccan</strong></span> <span class='ocrx_word' id='word_1_548' title='bbox 3252 981 3449 1054; x_wconf 77' lang='lat' dir='ltr'><strong>(Prov.</strong></span> <span class='ocrx_word' id='word_1_549' title='bbox 3482 1000 3586 1045; x_wconf 79' lang='lat' dir='ltr'><strong>xx,</strong></span> 
     </span>
    </p>
   </div>
   <div class='ocr_carea' id='block_1_69' title="bbox 1984 1063 3591 1151">
    <p class='ocr_par' dir='ltr' id='par_1_69' title="bbox 1984 1063 3591 1151">
     <span class='ocr_line' id='line_1_69' title="bbox 1984 1063 3591 1151; baseline 0.009 -34"><span class='ocrx_word' id='word_1_550' title='bbox 1984 1063 2101 1151; x_wconf 12' lang='lat'><strong>‘9)?</strong></span> <span class='ocrx_word' id='word_1_551' title='bbox 2147 1064 2253 1120; x_wconf 87' lang='lat' dir='ltr'><strong>Sed</strong></span> <span class='ocrx_word' id='word_1_552' title='bbox 2295 1067 2420 1137; x_wconf 88' lang='lat' dir='ltr'><strong>quid</strong></span> <span class='ocrx_word' id='word_1_553' title='bbox 2463 1068 2593 1123; x_wconf 86' lang='lat' dir='ltr'><strong>dixit</strong></span> <span class='ocrx_word' id='word_1_554' title='bbox 2635 1070 2943 1140; x_wconf 86' lang='lat' dir='ltr'><strong>Scriptura?</strong></span> <span class='ocrx_word' id='word_1_555' title='bbox 2989 1072 3250 1131; x_wconf 76' lang='lat' dir='ltr'><strong>Iudicium</strong></span> <span class='ocrx_word' id='word_1_556' title='bbox 3293 1077 3401 1131; x_wconf 81' lang='lat' dir='ltr'><strong>sine</strong></span> <span class='ocrx_word' id='word_1_557' title='bbox 3442 1078 3591 1131; x_wconf 85' lang='lat' dir='ltr'><strong>mise-</strong></span> 
     </span>
    </p>
   </div>
   <div class='ocr_carea' id='block_1_70' title="bbox 2004 1157 3586 1239">
    <p class='ocr_par' dir='ltr' id='par_1_70' title="bbox 2004 1157 3586 1239">
     <span class='ocr_line' id='line_1_70' title="bbox 2004 1157 3586 1239; baseline 0.008 -29"><span class='ocrx_word' id='word_1_558' title='bbox 2004 1157 2226 1212; x_wconf 79' lang='lat' dir='ltr'><strong>ricordia</strong></span> <span class='ocrx_word' id='word_1_559' title='bbox 2251 1160 2329 1213; x_wconf 84' lang='lat' dir='ltr'><strong>illi</strong></span> <span class='ocrx_word' id='word_1_560' title='bbox 2352 1162 2440 1231; x_wconf 87' lang='lat' dir='ltr'><strong>qui</strong></span> <span class='ocrx_word' id='word_1_561' title='bbox 2464 1178 2565 1216; x_wconf 89' lang='lat' dir='ltr'><strong>non</strong></span> <span class='ocrx_word' id='word_1_562' title='bbox 2589 1163 2707 1232; x_wconf 79' lang='lat' dir='ltr'><strong>fecit</strong></span> <span class='ocrx_word' id='word_1_563' title='bbox 2736 1165 3127 1220; x_wconf 85' lang='lat' dir='ltr'><strong>misericordiam</strong></span> <span class='ocrx_word' id='word_1_564' title='bbox 3162 1166 3361 1239; x_wconf 84' lang='lat' dir='ltr'><strong>(Jacobi</strong></span> <span class='ocrx_word' id='word_1_565' title='bbox 3380 1187 3435 1235; x_wconf 92' lang='grc' dir='ltr'>ιι,</span> <span class='ocrx_word' id='word_1_566' title='bbox 3471 1169 3586 1237; x_wconf 78' lang='grc'><strong>15).</strong></span> 
     </span>
    </p>
   </div>
   <div class='ocr_carea' id='block_1_71' title="bbox 2005 1246 3584 1326">
    <p class='ocr_par' dir='ltr' id='par_1_71' title="bbox 2005 1246 3584 1326">
     <span class='ocr_line' id='line_1_71' title="bbox 2005 1246 3584 1326; baseline 0.01 -25"><span class='ocrx_word' id='word_1_567' title='bbox 2005 1246 2495 1322; x_wconf 87' lang='lat' dir='ltr'><strong>Quantumcumque</strong></span> <span class='ocrx_word' id='word_1_568' title='bbox 2517 1254 2781 1323; x_wconf 82' lang='lat' dir='ltr'><strong>proficias,</strong></span> <span class='ocrx_word' id='word_1_569' title='bbox 2806 1257 3044 1326; x_wconf 89' lang='lat' dir='ltr'><strong>sperabis</strong></span> <span class='ocrx_word' id='word_1_570' title='bbox 3066 1260 3117 1312; x_wconf 93' lang='lat' dir='ltr'><strong>in</strong></span> <span class='ocrx_word' id='word_1_571' title='bbox 3142 1260 3584 1317; x_wconf 90' lang='lat' dir='ltr'><strong>misericordiam.</strong></span> 
     </span>
    </p>
   </div>
   <div class='ocr_carea' id='block_1_72' title="bbox 2005 1339 3587 1420">
    <p class='ocr_par' dir='ltr' id='par_1_72' title="bbox 2005 1339 3587 1420">
     <span class='ocr_line' id='line_1_72' title="bbox 2005 1339 3587 1420; baseline 0.01 -27"><span class='ocrx_word' id='word_1_572' title='bbox 2005 1339 2135 1394; x_wconf 89' lang='lat' dir='ltr'><strong>Nam</strong></span> <span class='ocrx_word' id='word_1_573' title='bbox 2178 1343 2223 1395; x_wconf 92' lang='lat' dir='ltr'><strong>si</strong></span> <span class='ocrx_word' id='word_1_574' title='bbox 2259 1342 2460 1411; x_wconf 89' lang='lat' dir='ltr'><strong>justitia</strong></span> <span class='ocrx_word' id='word_1_575' title='bbox 2490 1345 2605 1401; x_wconf 91' lang='lat' dir='ltr'><strong>sine</strong></span> <span class='ocrx_word' id='word_1_576' title='bbox 2652 1347 3017 1404; x_wconf 92' lang='lat' dir='ltr'><strong>misericordia</strong></span> <span class='ocrx_word' id='word_1_577' title='bbox 3064 1351 3266 1420; x_wconf 90' lang='lat' dir='ltr'><strong>prolata</strong></span> <span class='ocrx_word' id='word_1_578' title='bbox 3307 1352 3498 1419; x_wconf 86' lang='lat' dir='ltr'><strong>fuerit,</strong></span> <span class='ocrx_word' id='word_1_579' title='bbox 3532 1354 3587 1409; x_wconf 92' lang='lat' dir='ltr'><strong>in</strong></span> 
     </span>
    </p>
   </div>
   <div class='ocr_carea' id='block_1_73' title="bbox 2005 1431 3587 1508">
    <p class='ocr_par' dir='ltr' id='par_1_73' title="bbox 2005 1431 3587 1508">
     <span class='ocr_line' id='line_1_73' title="bbox 2005 1431 3587 1508; baseline 0.01 -25"><span class='ocrx_word' id='word_1_580' title='bbox 2005 1431 2241 1499; x_wconf 86' lang='lat' dir='ltr'><strong>quolibet</strong></span> <span class='ocrx_word' id='word_1_581' title='bbox 2265 1433 2405 1503; x_wconf 91' lang='lat' dir='ltr'><strong>quod</strong></span> <span class='ocrx_word' id='word_1_582' title='bbox 2439 1434 2656 1491; x_wconf 88' lang='lat' dir='ltr'><strong>damnet</strong></span> <span class='ocrx_word' id='word_1_583' title='bbox 2697 1436 2953 1494; x_wconf 90' lang='lat' dir='ltr'><strong>inveniet.</strong></span> <span class='ocrx_word' id='word_1_584' title='bbox 2984 1440 3115 1508; x_wconf 86' lang='lat' dir='ltr'><strong>Quae</strong></span> <span class='ocrx_word' id='word_1_585' title='bbox 3153 1456 3251 1497; x_wconf 90' lang='lat' dir='ltr'><strong>nos</strong></span> <span class='ocrx_word' id='word_1_586' title='bbox 3279 1444 3587 1499; x_wconf 86' lang='lat' dir='ltr'><strong>consolatur</strong></span> 
     </span>
    </p>
   </div>
   <div class='ocr_carea' id='block_1_74' title="bbox 2004 1519 3587 1592">
    <p class='ocr_par' dir='ltr' id='par_1_74' title="bbox 2004 1519 3587 1592">
     <span class='ocr_line' id='line_1_74' title="bbox 2004 1519 3587 1592; baseline 0.009 -15"><span class='ocrx_word' id='word_1_587' title='bbox 2004 1519 2310 1592; x_wconf 90' lang='lat' dir='ltr'><strong>Scriptura?</strong></span> <span class='ocrx_word' id='word_1_588' title='bbox 2349 1525 2478 1592; x_wconf 78' lang='lat' dir='ltr'><strong>Qua:</strong></span> <span class='ocrx_word' id='word_1_589' title='bbox 2523 1526 2766 1583; x_wconf 88' lang='lat' dir='ltr'><strong>hortatur</strong></span> <span class='ocrx_word' id='word_1_590' title='bbox 2805 1529 2873 1583; x_wconf 87' lang='lat' dir='ltr'><strong>ad</strong></span> <span class='ocrx_word' id='word_1_591' title='bbox 2921 1532 3340 1589; x_wconf 89' lang='lat' dir='ltr'><strong>misericordiam</strong></span> <span class='ocrx_word' id='word_1_592' title='bbox 3386 1535 3587 1591; x_wconf 80' lang='lat' dir='ltr'><strong>facien-</strong></span> 
     </span>
    </p>
   </div>
   <div class='ocr_carea' id='block_1_75' title="bbox 2005 1612 3587 1695">
    <p class='ocr_par' dir='ltr' id='par_1_75' title="bbox 2005 1612 3587 1695">
     <span class='ocr_line' id='line_1_75' title="bbox 2005 1612 3587 1695; baseline 0.009 -29"><span class='ocrx_word' id='word_1_593' title='bbox 2005 1612 2148 1679; x_wconf 88' lang='lat' dir='ltr'><strong>dam,</strong></span> <span class='ocrx_word' id='word_1_594' title='bbox 2179 1622 2239 1669; x_wconf 91' lang='lat' dir='ltr'><strong>ut</strong></span> <span class='ocrx_word' id='word_1_595' title='bbox 2262 1617 2481 1672; x_wconf 92' lang='lat' dir='ltr'><strong>omnino</strong></span> <span class='ocrx_word' id='word_1_596' title='bbox 2503 1619 2905 1675; x_wconf 89' lang='lat' dir='ltr'><strong>crebrescamus</strong></span> <span class='ocrx_word' id='word_1_597' title='bbox 2930 1622 2981 1675; x_wconf 88' lang='lat' dir='ltr'><strong>in</strong></span> <span class='ocrx_word' id='word_1_598' title='bbox 3010 1624 3280 1693; x_wconf 88' lang='lat' dir='ltr'><strong>erogando</strong></span> <span class='ocrx_word' id='word_1_599' title='bbox 3308 1626 3448 1695; x_wconf 93' lang='lat' dir='ltr'><strong>quod</strong></span> <span class='ocrx_word' id='word_1_600' title='bbox 3474 1642 3587 1681; x_wconf 82' lang='lat' dir='ltr'><strong>am-</strong></span> 
     </span>
    </p>
   </div>
   <div class='ocr_carea' id='block_1_76' title="bbox 2006 1705 3586 1784">
    <p class='ocr_par' dir='ltr' id='par_1_76' title="bbox 2006 1705 3586 1784">
     <span class='ocr_line' id='line_1_76' title="bbox 2006 1705 3586 1784; baseline 0.011 -26"><span class='ocrx_word' id='word_1_601' title='bbox 2006 1705 2143 1774; x_wconf 90' lang='lat' dir='ltr'><strong>plius</strong></span> <span class='ocrx_word' id='word_1_602' title='bbox 2189 1707 2465 1762; x_wconf 88' lang='lat' dir='ltr'><strong>habemus.</strong></span> <span class='ocrx_word' id='word_1_603' title='bbox 2494 1708 2653 1765; x_wconf 87' lang='lat' dir='ltr'><strong>Multa</strong></span> <span class='ocrx_word' id='word_1_604' title='bbox 2699 1721 2875 1766; x_wconf 89' lang='lat' dir='ltr'><strong>autem</strong></span> <span class='ocrx_word' id='word_1_605' title='bbox 2906 1714 3173 1784; x_wconf 89' lang='lat' dir='ltr'><strong>superflua</strong></span> <span class='ocrx_word' id='word_1_606' title='bbox 3216 1716 3506 1784; x_wconf 88' lang='lat' dir='ltr'><strong>habemus,</strong></span> <span class='ocrx_word' id='word_1_607' title='bbox 3539 1720 3586 1775; x_wconf 89' lang='lat' dir='ltr'><strong>si</strong></span> 
     </span>
    </p>
   </div>
   <div class='ocr_carea' id='block_1_77' title="bbox 2004 1796 3587 1881">
    <p class='ocr_par' dir='ltr' id='par_1_77' title="bbox 2004 1796 3587 1881">
     <span class='ocr_line' id='line_1_77' title="bbox 2004 1796 3587 1881; baseline 0.011 -33"><span class='ocrx_word' id='word_1_608' title='bbox 2004 1796 2215 1850; x_wconf 89' lang='lat' dir='ltr'><strong>nonnisi</strong></span> <span class='ocrx_word' id='word_1_609' title='bbox 2246 1800 2545 1854; x_wconf 88' lang='lat' dir='ltr'><strong>necessaria</strong></span> <span class='ocrx_word' id='word_1_610' title='bbox 2590 1810 2868 1858; x_wconf 87' lang='lat' dir='ltr'><strong>teneamus</strong></span> <span class='ocrx_word' id='word_1_611' title='bbox 2893 1823 2906 1859; x_wconf 88' lang='lat'><strong>:</strong></span> <span class='ocrx_word' id='word_1_612' title='bbox 2936 1822 3056 1859; x_wconf 90' lang='lat' dir='ltr'><strong>nam</strong></span> <span class='ocrx_word' id='word_1_613' title='bbox 3099 1808 3144 1862; x_wconf 93' lang='lat' dir='ltr'><strong>si</strong></span> <span class='ocrx_word' id='word_1_614' title='bbox 3175 1809 3351 1863; x_wconf 89' lang='lat' dir='ltr'><strong>inania</strong></span> <span class='ocrx_word' id='word_1_615' title='bbox 3381 1827 3587 1881; x_wconf 60' lang='lat' dir='ltr'><strong>quaera-</strong></span> 
     </span>
    </p>
   </div>
   <div class='ocr_carea' id='block_1_78' title="bbox 2004 1888 3589 1969">
    <p class='ocr_par' dir='ltr' id='par_1_78' title="bbox 2004 1888 3589 1969">
     <span class='ocr_line' id='line_1_78' title="bbox 2004 1888 3589 1969; baseline 0.011 -31"><span class='ocrx_word' id='word_1_616' title='bbox 2004 1901 2156 1953; x_wconf 92' lang='lat' dir='ltr'><strong>mus,</strong></span> <span class='ocrx_word' id='word_1_617' title='bbox 2204 1888 2335 1942; x_wconf 88' lang='lat' dir='ltr'><strong>nihil</strong></span> <span class='ocrx_word' id='word_1_618' title='bbox 2378 1891 2591 1945; x_wconf 88' lang='lat' dir='ltr'><strong>sufficit.</strong></span> <span class='ocrx_word' id='word_1_619' title='bbox 2643 1892 2889 1961; x_wconf 88' lang='lat' dir='ltr'><strong>Fratres,</strong></span> <span class='ocrx_word' id='word_1_620' title='bbox 2936 1898 3159 1967; x_wconf 58' lang='lat' dir='ltr'><strong>quaerite</strong></span> <span class='ocrx_word' id='word_1_621' title='bbox 3203 1899 3347 1969; x_wconf 89' lang='lat' dir='ltr'><strong>quod</strong></span> <span class='ocrx_word' id='word_1_622' title='bbox 3392 1900 3589 1957; x_wconf 88' lang='lat' dir='ltr'><strong>sufﬁcit</strong></span> 
     </span>
    </p>
   </div>
   <div class='ocr_carea' id='block_1_79' title="bbox 2004 1978 3587 2063">
    <p class='ocr_par' dir='ltr' id='par_1_79' title="bbox 2004 1978 3587 2063">
     <span class='ocr_line' id='line_1_79' title="bbox 2004 1978 3587 2063; baseline 0.01 -32"><span class='ocrx_word' id='word_1_623' title='bbox 2004 1978 2152 2047; x_wconf 90' lang='lat' dir='ltr'><strong>operi</strong></span> <span class='ocrx_word' id='word_1_624' title='bbox 2182 1978 2308 2045; x_wconf 91' lang='lat' dir='ltr'><strong>Dei,</strong></span> <span class='ocrx_word' id='word_1_625' title='bbox 2340 1996 2447 2035; x_wconf 90' lang='lat' dir='ltr'><strong>non</strong></span> <span class='ocrx_word' id='word_1_626' title='bbox 2490 1983 2631 2052; x_wconf 91' lang='lat' dir='ltr'><strong>quod</strong></span> <span class='ocrx_word' id='word_1_627' title='bbox 2658 1985 2848 2040; x_wconf 91' lang='lat' dir='ltr'><strong>sufficit</strong></span> <span class='ocrx_word' id='word_1_628' title='bbox 2880 1987 3152 2055; x_wconf 90' lang='lat' dir='ltr'><strong>cupiditati</strong></span> <span class='ocrx_word' id='word_1_629' title='bbox 3181 2000 3390 2046; x_wconf 69' lang='lat' dir='ltr'><strong>vestrm.</strong></span> <span class='ocrx_word' id='word_1_630' title='bbox 3423 1992 3587 2063; x_wconf 87' lang='lat' dir='ltr'><strong>Cupi-</strong></span> 
     </span>
    </p>
   </div>
   <div class='ocr_carea' id='block_1_80' title="bbox 2003 2067 3588 2153">
    <p class='ocr_par' dir='ltr' id='par_1_80' title="bbox 2003 2067 3588 2153">
     <span class='ocr_line' id='line_1_80' title="bbox 2003 2067 3588 2153; baseline 0.012 -32"><span class='ocrx_word' id='word_1_631' title='bbox 2003 2067 2141 2124; x_wconf 89' lang='lat' dir='ltr'><strong>ditas</strong></span> <span class='ocrx_word' id='word_1_632' title='bbox 2169 2078 2343 2125; x_wconf 90' lang='lat' dir='ltr'><strong>vestra</strong></span> <span class='ocrx_word' id='word_1_633' title='bbox 2374 2087 2480 2126; x_wconf 91' lang='lat' dir='ltr'><strong>non</strong></span> <span class='ocrx_word' id='word_1_634' title='bbox 2522 2084 2603 2128; x_wconf 91' lang='lat' dir='ltr'><strong>est</strong></span> <span class='ocrx_word' id='word_1_635' title='bbox 2628 2089 2760 2145; x_wconf 91' lang='lat' dir='ltr'><strong>opus</strong></span> <span class='ocrx_word' id='word_1_636' title='bbox 2790 2077 2903 2130; x_wconf 89' lang='lat' dir='ltr'><strong>Dei.</strong></span> <span class='ocrx_word' id='word_1_637' title='bbox 2932 2076 3127 2134; x_wconf 86' lang='lat' dir='ltr'><strong>Forma</strong></span> <span class='ocrx_word' id='word_1_638' title='bbox 3154 2089 3328 2135; x_wconf 90' lang='lat' dir='ltr'><strong>vestra</strong></span> <span class='ocrx_word' id='word_1_639' title='bbox 3349 2124 3364 2150; x_wconf 93' lang='lat'><strong>,</strong></span> <span class='ocrx_word' id='word_1_640' title='bbox 3395 2097 3588 2153; x_wconf 92' lang='lat' dir='ltr'><strong>corpus</strong></span> 
     </span>
    </p>
   </div>
   <div class='ocr_carea' id='block_1_81' title="bbox 2004 2163 3587 2240">
    <p class='ocr_par' dir='ltr' id='par_1_81' title="bbox 2004 2163 3587 2240">
     <span class='ocr_line' id='line_1_81' title="bbox 2004 2163 3587 2240; baseline 0.01 -27"><span class='ocrx_word' id='word_1_641' title='bbox 2004 2169 2269 2226; x_wconf 91' lang='lat' dir='ltr'><strong>vestrum,</strong></span> <span class='ocrx_word' id='word_1_642' title='bbox 2320 2163 2495 2217; x_wconf 89' lang='lat' dir='ltr'><strong>anima</strong></span> <span class='ocrx_word' id='word_1_643' title='bbox 2523 2175 2729 2233; x_wconf 84' lang='lat' dir='ltr'><strong>vestra,</strong></span> <span class='ocrx_word' id='word_1_644' title='bbox 2764 2166 2865 2222; x_wconf 90' lang='lat' dir='ltr'><strong>hoc</strong></span> <span class='ocrx_word' id='word_1_645' title='bbox 2893 2176 3059 2222; x_wconf 91' lang='lat' dir='ltr'><strong>totum</strong></span> <span class='ocrx_word' id='word_1_646' title='bbox 3090 2184 3224 2240; x_wconf 90' lang='lat' dir='ltr'><strong>opus</strong></span> <span class='ocrx_word' id='word_1_647' title='bbox 3252 2171 3365 2227; x_wconf 90' lang='lat' dir='ltr'><strong>Dei.</strong></span> <span class='ocrx_word' id='word_1_648' title='bbox 3397 2174 3587 2239; x_wconf 76' lang='lat' dir='ltr'><strong>Quzerc</strong></span> 
     </span>
    </p>
   </div>
   <div class='ocr_carea' id='block_1_82' title="bbox 2002 2253 3586 2331">
    <p class='ocr_par' dir='ltr' id='par_1_82' title="bbox 2002 2253 3586 2331">
     <span class='ocr_line' id='line_1_82' title="bbox 2002 2253 3586 2331; baseline 0.012 -27"><span class='ocrx_word' id='word_1_649' title='bbox 2002 2268 2120 2322; x_wconf 78' lang='lat' dir='ltr'><strong>qtne</strong></span> <span class='ocrx_word' id='word_1_650' title='bbox 2146 2253 2445 2319; x_wconf 88' lang='lat' dir='ltr'><strong>sufﬁciant,</strong></span> <span class='ocrx_word' id='word_1_651' title='bbox 2494 2265 2547 2311; x_wconf 92' lang='lat' dir='ltr'><strong>et</strong></span> <span class='ocrx_word' id='word_1_652' title='bbox 2585 2257 2789 2314; x_wconf 88' lang='lat' dir='ltr'><strong>videbis</strong></span> <span class='ocrx_word' id='word_1_653' title='bbox 2832 2275 2988 2329; x_wconf 91' lang='lat' dir='ltr'><strong>quam</strong></span> <span class='ocrx_word' id='word_1_654' title='bbox 3033 2277 3199 2331; x_wconf 89' lang='lat' dir='ltr'><strong>pauca</strong></span> <span class='ocrx_word' id='word_1_655' title='bbox 3243 2266 3367 2321; x_wconf 91' lang='lat' dir='ltr'><strong>sint.</strong></span> <span class='ocrx_word' id='word_1_656' title='bbox 3403 2267 3586 2324; x_wconf 76' lang='lat' dir='ltr'><strong>Vidua:</strong></span> 
     </span>
    </p>
   </div>
   <div class='ocr_carea' id='block_1_83' title="bbox 2001 2344 3585 2416">
    <p class='ocr_par' dir='ltr' id='par_1_83' title="bbox 2001 2344 3585 2416">
     <span class='ocr_line' id='line_1_83' title="bbox 2001 2344 3585 2416; baseline 0.011 -18"><span class='ocrx_word' id='word_1_657' title='bbox 2001 2344 2325 2401; x_wconf 83' lang='lat' dir='ltr'><strong>suffecerunt</strong></span> <span class='ocrx_word' id='word_1_658' title='bbox 2367 2347 2473 2404; x_wconf 93' lang='lat' dir='ltr'><strong>duo</strong></span> <span class='ocrx_word' id='word_1_659' title='bbox 2501 2351 2702 2405; x_wconf 91' lang='lat' dir='ltr'><strong>nummi</strong></span> <span class='ocrx_word' id='word_1_660' title='bbox 2729 2351 2795 2406; x_wconf 91' lang='lat' dir='ltr'><strong>ad</strong></span> <span class='ocrx_word' id='word_1_661' title='bbox 2822 2352 3117 2408; x_wconf 84' lang='lat' dir='ltr'><strong>faciendam</strong></span> <span class='ocrx_word' id='word_1_662' title='bbox 3165 2357 3585 2416; x_wconf 90' lang='lat' dir='ltr'><strong>misericordiam</strong></span> 
     </span>
    </p>
   </div>
   <div class='ocr_carea' id='block_1_84' title="bbox 2003 2436 3576 2511">
    <p class='ocr_par' dir='ltr' id='par_1_84' title="bbox 2003 2436 3576 2511">
     <span class='ocr_line' id='line_1_84' title="bbox 2003 2436 3576 2511; baseline 0.011 -21"><span class='ocrx_word' id='word_1_663' title='bbox 2003 2436 2192 2509; x_wconf 80' lang='lat' dir='ltr'><strong>(Marc.</strong></span> <span class='ocrx_word' id='word_1_664' title='bbox 2221 2456 2319 2507; x_wconf 80' lang='lat' dir='ltr'><strong>xu,</strong></span> <span class='ocrx_word' id='word_1_665' title='bbox 2357 2441 2469 2511; x_wconf 62' lang='grc' dir='ltr'><strong>ιε),</strong></span> <span class='ocrx_word' id='word_1_666' title='bbox 2496 2443 2820 2499; x_wconf 78' lang='lat' dir='ltr'><strong>suffecerunt</strong></span> <span class='ocrx_word' id='word_1_667' title='bbox 2844 2446 2950 2500; x_wconf 91' lang='lat' dir='ltr'><strong>duo</strong></span> <span class='ocrx_word' id='word_1_668' title='bbox 2973 2450 3173 2502; x_wconf 91' lang='lat' dir='ltr'><strong>nummi</strong></span> <span class='ocrx_word' id='word_1_669' title='bbox 3201 2449 3266 2503; x_wconf 89' lang='lat' dir='ltr'><strong>ad</strong></span> <span class='ocrx_word' id='word_1_670' title='bbox 3292 2453 3576 2508; x_wconf 87' lang='lat' dir='ltr'><strong>emendum</strong></span> 
     </span>
    </p>
   </div>
   <div class='ocr_carea' id='block_1_85' title="bbox 2000 2532 3585 2611">
    <p class='ocr_par' dir='ltr' id='par_1_85' title="bbox 2000 2532 3585 2611">
     <span class='ocr_line' id='line_1_85' title="bbox 2000 2532 3585 2611; baseline 0.009 -27"><span class='ocrx_word' id='word_1_671' title='bbox 2000 2546 2225 2601; x_wconf 85' lang='lat' dir='ltr'><strong>regnum</strong></span> <span class='ocrx_word' id='word_1_672' title='bbox 2257 2532 2369 2585; x_wconf 92' lang='lat' dir='ltr'><strong>Dei.</strong></span> <span class='ocrx_word' id='word_1_673' title='bbox 2401 2532 2479 2586; x_wconf 85' lang='lat' dir='ltr'><strong>Ad</strong></span> <span class='ocrx_word' id='word_1_674' title='bbox 2512 2534 2815 2590; x_wconf 79' lang='lat' dir='ltr'><strong>vestiendos</strong></span> <span class='ocrx_word' id='word_1_675' title='bbox 2835 2536 2993 2592; x_wconf 89' lang='lat' dir='ltr'><strong>toties</strong></span> <span class='ocrx_word' id='word_1_676' title='bbox 3020 2540 3299 2595; x_wconf 85' lang='lat' dir='ltr'><strong>venatores</strong></span> <span class='ocrx_word' id='word_1_677' title='bbox 3324 2542 3449 2611; x_wconf 91' lang='lat' dir='ltr'><strong>quid</strong></span> <span class='ocrx_word' id='word_1_678' title='bbox 3474 2543 3585 2597; x_wconf 89' lang='lat' dir='ltr'><strong>suf-</strong></span> 
     </span>
    </p>
   </div>
   <div class='ocr_carea' id='block_1_86' title="bbox 2003 2620 3585 2703">
    <p class='ocr_par' dir='ltr' id='par_1_86' title="bbox 2003 2620 3585 2703">
     <span class='ocr_line' id='line_1_86' title="bbox 2003 2620 3585 2703; baseline 0.009 -28"><span class='ocrx_word' id='word_1_679' title='bbox 2003 2620 2113 2676; x_wconf 90' lang='lat' dir='ltr'><strong>ﬁcit</strong></span> <span class='ocrx_word' id='word_1_680' title='bbox 2139 2622 2370 2677; x_wconf 84' lang='lat' dir='ltr'><strong>cditori?</strong></span> <span class='ocrx_word' id='word_1_681' title='bbox 2402 2623 2588 2679; x_wconf 86' lang='lat' dir='ltr'><strong>Videte</strong></span> <span class='ocrx_word' id='word_1_682' title='bbox 2613 2626 2734 2695; x_wconf 89' lang='lat' dir='ltr'><strong>quia</strong></span> <span class='ocrx_word' id='word_1_683' title='bbox 2764 2642 2868 2681; x_wconf 93' lang='lat' dir='ltr'><strong>non</strong></span> <span class='ocrx_word' id='word_1_684' title='bbox 2910 2629 3084 2683; x_wconf 91' lang='lat' dir='ltr'><strong>solum</strong></span> <span class='ocrx_word' id='word_1_685' title='bbox 3112 2644 3279 2700; x_wconf 90' lang='lat' dir='ltr'><strong>pauca</strong></span> <span class='ocrx_word' id='word_1_686' title='bbox 3316 2642 3440 2686; x_wconf 87' lang='lat' dir='ltr'><strong>sunt</strong></span> <span class='ocrx_word' id='word_1_687' title='bbox 3466 2650 3585 2703; x_wconf 73' lang='lat' dir='ltr'><strong>qua:</strong></span> 
     </span>
    </p>
   </div>
   <div class='ocr_carea' id='block_1_87' title="bbox 2002 2712 3586 2787">
    <p class='ocr_par' dir='ltr' id='par_1_87' title="bbox 2002 2712 3586 2787">
     <span class='ocr_line' id='line_1_87' title="bbox 2002 2712 3586 2787; baseline 0.009 -22"><span class='ocrx_word' id='word_1_688' title='bbox 2002 2712 2152 2767; x_wconf 92' lang='lat' dir='ltr'><strong>vobis</strong></span> <span class='ocrx_word' id='word_1_689' title='bbox 2196 2713 2488 2780; x_wconf 85' lang='lat' dir='ltr'><strong>sufficiant;</strong></span> <span class='ocrx_word' id='word_1_690' title='bbox 2536 2715 2628 2770; x_wconf 88' lang='lat' dir='ltr'><strong>sed</strong></span> <span class='ocrx_word' id='word_1_691' title='bbox 2660 2732 2760 2771; x_wconf 90' lang='lat' dir='ltr'><strong>nec</strong></span> <span class='ocrx_word' id='word_1_692' title='bbox 2808 2716 2947 2787; x_wconf 80' lang='lat' dir='ltr'><strong>ipse‘</strong></span> <span class='ocrx_word' id='word_1_693' title='bbox 2964 2719 3103 2774; x_wconf 90' lang='lat' dir='ltr'><strong>Deus</strong></span> <span class='ocrx_word' id='word_1_694' title='bbox 3151 2722 3318 2777; x_wconf 87' lang='lat' dir='ltr'><strong>multa</strong></span> <span class='ocrx_word' id='word_1_695' title='bbox 3359 2738 3389 2777; x_wconf 88' lang='lat' dir='ltr'><strong>a</strong></span> <span class='ocrx_word' id='word_1_696' title='bbox 3432 2723 3586 2780; x_wconf 88' lang='lat' dir='ltr'><strong>vobis</strong></span> 
     </span>
    </p>
   </div>
   <div class='ocr_carea' id='block_1_88' title="bbox 2000 2806 3585 2879">
    <p class='ocr_par' dir='ltr' id='par_1_88' title="bbox 2000 2806 3585 2879">
     <span class='ocr_line' id='line_1_88' title="bbox 2000 2806 3585 2879; baseline 0.009 -20"><span class='ocrx_word' id='word_1_697' title='bbox 2000 2806 2211 2876; x_wconf 71' lang='lat' dir='ltr'><strong>quccrit.</strong></span> <span class='ocrx_word' id='word_1_698' title='bbox 2240 2807 2431 2873; x_wconf 65' lang='lat' dir='ltr'><strong>Quaere</strong></span> <span class='ocrx_word' id='word_1_699' title='bbox 2471 2819 2725 2879; x_wconf 87' lang='lat' dir='ltr'><strong>quantum</strong></span> <span class='ocrx_word' id='word_1_700' title='bbox 2771 2810 2864 2865; x_wconf 89' lang='lat' dir='ltr'><strong>tibi</strong></span> <span class='ocrx_word' id='word_1_701' title='bbox 2905 2812 3141 2878; x_wconf 87' lang='lat' dir='ltr'><strong>dederit,</strong></span> <span class='ocrx_word' id='word_1_702' title='bbox 3175 2824 3229 2869; x_wconf 92' lang='lat' dir='ltr'><strong>et</strong></span> <span class='ocrx_word' id='word_1_703' title='bbox 3263 2830 3327 2871; x_wconf 81' lang='lat' dir='ltr'><strong>ex</strong></span> <span class='ocrx_word' id='word_1_704' title='bbox 3359 2832 3424 2871; x_wconf 89' lang='lat' dir='ltr'><strong>eo</strong></span> <span class='ocrx_word' id='word_1_705' title='bbox 3458 2818 3585 2874; x_wconf 86' lang='lat' dir='ltr'><strong>tolle</strong></span> 
     </span>
    </p>
   </div>
   <div class='ocr_carea' id='block_1_89' title="bbox 2000 2899 3585 2977">
    <p class='ocr_par' dir='ltr' id='par_1_89' title="bbox 2000 2899 3585 2977">
     <span class='ocr_line' id='line_1_89' title="bbox 2000 2899 3585 2977; baseline 0.009 -25"><span class='ocrx_word' id='word_1_706' title='bbox 2000 2899 2141 2968; x_wconf 87' lang='lat' dir='ltr'><strong>quod</strong></span> <span class='ocrx_word' id='word_1_707' title='bbox 2173 2900 2365 2955; x_wconf 86' lang='lat' dir='ltr'><strong>sufﬁcit</strong></span> <span class='ocrx_word' id='word_1_708' title='bbox 2394 2919 2407 2955; x_wconf 92' lang='lat'><strong>:</strong></span> <span class='ocrx_word' id='word_1_709' title='bbox 2440 2910 2630 2957; x_wconf 84' lang='lat' dir='ltr'><strong>caetera</strong></span> <span class='ocrx_word' id='word_1_710' title='bbox 2663 2918 2780 2973; x_wconf 68' lang='lat' dir='ltr'><strong>qua:</strong></span> <span class='ocrx_word' id='word_1_711' title='bbox 2809 2905 3075 2975; x_wconf 81' lang='lat' dir='ltr'><strong>superﬂua</strong></span> <span class='ocrx_word' id='word_1_712' title='bbox 3101 2906 3311 2977; x_wconf 89' lang='lat' dir='ltr'><strong>jacent,</strong></span> <span class='ocrx_word' id='word_1_713' title='bbox 3360 2910 3585 2967; x_wconf 86' lang='lat' dir='ltr'><strong>aliorum</strong></span> 
     </span>
    </p>
   </div>
   <div class='ocr_carea' id='block_1_90' title="bbox 2004 2994 3585 3066">
    <p class='ocr_par' dir='ltr' id='par_1_90' title="bbox 2004 2994 3585 3066">
     <span class='ocr_line' id='line_1_90' title="bbox 2004 2994 3585 3066; baseline 0.009 -21"><span class='ocrx_word' id='word_1_714' title='bbox 2004 3000 2129 3046; x_wconf 91' lang='lat' dir='ltr'><strong>sunt</strong></span> <span class='ocrx_word' id='word_1_715' title='bbox 2161 2994 2479 3049; x_wconf 88' lang='lat' dir='ltr'><strong>necessaria.</strong></span> <span class='ocrx_word' id='word_1_716' title='bbox 2529 2995 2805 3065; x_wconf 86' lang='lat' dir='ltr'><strong>Superflua</strong></span> <span class='ocrx_word' id='word_1_717' title='bbox 2832 2999 3089 3066; x_wconf 90' lang='lat' dir='ltr'><strong>divitum,</strong></span> <span class='ocrx_word' id='word_1_718' title='bbox 3134 3004 3433 3057; x_wconf 85' lang='lat' dir='ltr'><strong>necessaria</strong></span> <span class='ocrx_word' id='word_1_719' title='bbox 3463 3013 3585 3059; x_wconf 90' lang='lat' dir='ltr'><strong>sunt</strong></span> 
     </span>
    </p>
   </div>
   <div class='ocr_carea' id='block_1_91' title="bbox 2000 3086 3582 3165">
    <p class='ocr_par' dir='ltr' id='par_1_91' title="bbox 2000 3086 3582 3165">
     <span class='ocr_line' id='line_1_91' title="bbox 2000 3086 3582 3165; baseline 0.009 -28"><span class='ocrx_word' id='word_1_720' title='bbox 2000 3097 2314 3153; x_wconf 87' lang='lat' dir='ltr'><strong>pauperum.</strong></span> <span class='ocrx_word' id='word_1_721' title='bbox 2360 3086 2467 3141; x_wconf 83' lang='lat' dir='ltr'><strong>Res</strong></span> <span class='ocrx_word' id='word_1_722' title='bbox 2505 3088 2693 3143; x_wconf 75' lang='lat' dir='ltr'><strong>aliena:</strong></span> <span class='ocrx_word' id='word_1_723' title='bbox 2742 3090 3102 3160; x_wconf 86' lang='lat' dir='ltr'><strong>possidentur,</strong></span> <span class='ocrx_word' id='word_1_724' title='bbox 3145 3108 3266 3147; x_wconf 89' lang='lat' dir='ltr'><strong>cum</strong></span> <span class='ocrx_word' id='word_1_725' title='bbox 3316 3096 3582 3165; x_wconf 87' lang='lat' dir='ltr'><strong>superflua</strong></span> 
     </span>
    </p>
   </div>
   <div class='ocr_carea' id='block_1_92' title="bbox 1999 3176 2358 3244">
    <p class='ocr_par' dir='ltr' id='par_1_92' title="bbox 1999 3176 2358 3244">
     <span class='ocr_line' id='line_1_92' title="bbox 1999 3176 2358 3244; baseline 0.003 -15"><span class='ocrx_word' id='word_1_726' title='bbox 1999 3176 2358 3244; x_wconf 88' lang='lat' dir='ltr'><strong>possidentur.</strong></span> 
     </span>
    </p>
   </div>
   <div class='ocr_carea' id='block_1_93' title="bbox 2074 3266 3582 3343">
    <p class='ocr_par' dir='ltr' id='par_1_93' title="bbox 2074 3266 3582 3343">
     <span class='ocr_line' id='line_1_93' title="bbox 2074 3266 3582 3343; baseline 0.01 -22"><span class='ocrx_word' id='word_1_727' title='bbox 2074 3268 2160 3322; x_wconf 81' lang='grc'><strong>15.</strong></span> <span class='ocrx_word' id='word_1_728' title='bbox 2190 3266 2411 3324; x_wconf 87' lang='lat' dir='ltr'><strong>Faciens</strong></span> <span class='ocrx_word' id='word_1_729' title='bbox 2434 3285 2560 3342; x_wconf 88' lang='lat' dir='ltr'><strong>ergo</strong></span> <span class='ocrx_word' id='word_1_730' title='bbox 2590 3272 2891 3342; x_wconf 88' lang='lat' dir='ltr'><strong>hujusmodi</strong></span> <span class='ocrx_word' id='word_1_731' title='bbox 2915 3274 3326 3343; x_wconf 85' lang='lat' dir='ltr'><strong>misericordias,</strong></span> <span class='ocrx_word' id='word_1_732' title='bbox 3357 3286 3409 3333; x_wconf 90' lang='lat' dir='ltr'><strong>et</strong></span> <span class='ocrx_word' id='word_1_733' title='bbox 3439 3279 3582 3337; x_wconf 85' lang='lat' dir='ltr'><strong>illam</strong></span> 
     </span>
    </p>
   </div>
   <div class='ocr_carea' id='block_1_94' title="bbox 1999 3359 3583 3433">
    <p class='ocr_par' dir='ltr' id='par_1_94' title="bbox 1999 3359 3583 3433">
     <span class='ocr_line' id='line_1_94' title="bbox 1999 3359 3583 3433; baseline 0.009 -21"><span class='ocrx_word' id='word_1_734' title='bbox 1999 3359 2263 3429; x_wconf 71' lang='lat' dir='ltr'><strong>praecipue</strong></span> <span class='ocrx_word' id='word_1_735' title='bbox 2285 3376 2405 3431; x_wconf 66' lang='lat' dir='ltr'><strong>quae</strong></span> <span class='ocrx_word' id='word_1_736' title='bbox 2433 3363 2598 3431; x_wconf 89' lang='lat' dir='ltr'><strong>gratis</strong></span> <span class='ocrx_word' id='word_1_737' title='bbox 2622 3373 2848 3431; x_wconf 86' lang='lat' dir='ltr'><strong>constat,</strong></span> <span class='ocrx_word' id='word_1_738' title='bbox 2878 3365 3107 3433; x_wconf 81' lang='lat' dir='ltr'><strong>Dimitte,</strong></span> <span class='ocrx_word' id='word_1_739' title='bbox 3137 3368 3265 3421; x_wconf 82' lang='lat' dir='ltr'><strong>sicut</strong></span> <span class='ocrx_word' id='word_1_740' title='bbox 3286 3368 3583 3427; x_wconf 83' lang='lat' dir='ltr'><strong>dimittimus</strong></span> 
     </span>
    </p>
   </div>
   <div class='ocr_carea' id='block_1_95' title="bbox 2004 3450 3584 3532">
    <p class='ocr_par' dir='ltr' id='par_1_95' title="bbox 2004 3450 3584 3532">
     <span class='ocr_line' id='line_1_95' title="bbox 2004 3450 3584 3532; baseline 0.009 -29"><span class='ocrx_word' id='word_1_741' title='bbox 2004 3450 2212 3521; x_wconf 81' lang='lat' dir='ltr'><strong>(Matth.</strong></span> <span class='ocrx_word' id='word_1_742' title='bbox 2243 3468 2313 3516; x_wconf 82' lang='lat' dir='ltr'><strong>vt,</strong></span> <span class='ocrx_word' id='word_1_743' title='bbox 2353 3450 2470 3524; x_wconf 73' lang='lat' dir='ltr'><strong>l2);</strong></span> <span class='ocrx_word' id='word_1_744' title='bbox 2503 3470 2606 3523; x_wconf 89' lang='lat' dir='ltr'><strong>quo</strong></span> <span class='ocrx_word' id='word_1_745' title='bbox 2634 3456 2841 3511; x_wconf 91' lang='lat' dir='ltr'><strong>nonnisi</strong></span> <span class='ocrx_word' id='word_1_746' title='bbox 2868 3457 3183 3513; x_wconf 88' lang='lat' dir='ltr'><strong>charitatem</strong></span> <span class='ocrx_word' id='word_1_747' title='bbox 3215 3475 3430 3531; x_wconf 86' lang='lat' dir='ltr'><strong>erogas,</strong></span> <span class='ocrx_word' id='word_1_748' title='bbox 3462 3478 3584 3532; x_wconf 73' lang='lat' dir='ltr'><strong>qua:</strong></span> 
     </span>
    </p>
   </div>
   <div class='ocr_carea' id='block_1_96' title="bbox 1999 3545 3586 3625">
    <p class='ocr_par' dir='ltr' id='par_1_96' title="bbox 1999 3545 3586 3625">
     <span class='ocr_line' id='line_1_96' title="bbox 1999 3545 3586 3625; baseline 0.008 -26"><span class='ocrx_word' id='word_1_749' title='bbox 1999 3545 2191 3599; x_wconf 85' lang='lat' dir='ltr'><strong>crescit</strong></span> <span class='ocrx_word' id='word_1_750' title='bbox 2218 3561 2337 3599; x_wconf 91' lang='lat' dir='ltr'><strong>cum</strong></span> <span class='ocrx_word' id='word_1_751' title='bbox 2382 3562 2609 3617; x_wconf 88' lang='lat' dir='ltr'><strong>erogas:</strong></span> <span class='ocrx_word' id='word_1_752' title='bbox 2639 3547 2838 3605; x_wconf 85' lang='lat' dir='ltr'><strong>faciens</strong></span> <span class='ocrx_word' id='word_1_753' title='bbox 2864 3565 2991 3620; x_wconf 88' lang='lat' dir='ltr'><strong>ergo</strong></span> <span class='ocrx_word' id='word_1_754' title='bbox 3024 3561 3077 3605; x_wconf 90' lang='lat' dir='ltr'><strong>et</strong></span> <span class='ocrx_word' id='word_1_755' title='bbox 3118 3551 3330 3608; x_wconf 91' lang='lat' dir='ltr'><strong>fervens</strong></span> <span class='ocrx_word' id='word_1_756' title='bbox 3360 3554 3409 3608; x_wconf 93' lang='lat' dir='ltr'><strong>in</strong></span> <span class='ocrx_word' id='word_1_757' title='bbox 3455 3554 3586 3625; x_wconf 88' lang='lat' dir='ltr'><strong>ipsis</strong></span> 
     </span>
    </p>
   </div>
   <div class='ocr_carea' id='block_1_97' title="bbox 1997 3635 3584 3716">
    <p class='ocr_par' dir='ltr' id='par_1_97' title="bbox 1997 3635 3584 3716">
     <span class='ocr_line' id='line_1_97' title="bbox 1997 3635 3584 3716; baseline 0.008 -26"><span class='ocrx_word' id='word_1_758' title='bbox 1997 3635 2151 3691; x_wconf 86' lang='lat' dir='ltr'><strong>bonis</strong></span> <span class='ocrx_word' id='word_1_759' title='bbox 2179 3638 2428 3707; x_wconf 91' lang='lat' dir='ltr'><strong>operibus</strong></span> <span class='ocrx_word' id='word_1_760' title='bbox 2448 3640 2847 3706; x_wconf 63' lang='lat' dir='ltr'><strong>misericordiae,</strong></span> <span class='ocrx_word' id='word_1_761' title='bbox 2876 3658 2994 3712; x_wconf 75' lang='lat' dir='ltr'><strong>qua:</strong></span> <span class='ocrx_word' id='word_1_762' title='bbox 3013 3643 3123 3712; x_wconf 90' lang='lat' dir='ltr'><strong>jam</strong></span> <span class='ocrx_word' id='word_1_763' title='bbox 3150 3644 3288 3700; x_wconf 90' lang='lat' dir='ltr'><strong>bona</strong></span> <span class='ocrx_word' id='word_1_764' title='bbox 3313 3661 3494 3716; x_wconf 86' lang='lat' dir='ltr'><strong>opera,</strong></span> <span class='ocrx_word' id='word_1_765' title='bbox 3526 3658 3584 3704; x_wconf 90' lang='lat' dir='ltr'><strong>ut</strong></span> 
     </span>
    </p>
   </div>
   <div class='ocr_carea' id='block_1_98' title="bbox 1991 3727 3585 3804">
    <p class='ocr_par' dir='ltr' id='par_1_98' title="bbox 1991 3727 3585 3804">
     <span class='ocr_line' id='line_1_98' title="bbox 1991 3727 3585 3804; baseline 0.007 -23"><span class='ocrx_word' id='word_1_766' title='bbox 1991 3727 2103 3797; x_wconf 88' lang='lat' dir='ltr'><strong>jam</strong></span> <span class='ocrx_word' id='word_1_767' title='bbox 2133 3728 2385 3795; x_wconf 80' lang='lat' dir='ltr'><strong>diximus,</strong></span> <span class='ocrx_word' id='word_1_768' title='bbox 2419 3738 2544 3786; x_wconf 92' lang='lat' dir='ltr'><strong>tunc</strong></span> <span class='ocrx_word' id='word_1_769' title='bbox 2571 3746 2675 3785; x_wconf 90' lang='lat' dir='ltr'><strong>non</strong></span> <span class='ocrx_word' id='word_1_770' title='bbox 2707 3741 2863 3785; x_wconf 90' lang='lat' dir='ltr'><strong>erunt</strong></span> <span class='ocrx_word' id='word_1_771' title='bbox 2894 3734 3189 3787; x_wconf 86' lang='lat' dir='ltr'><strong>necessaria</strong></span> <span class='ocrx_word' id='word_1_772' title='bbox 3212 3775 3225 3799; x_wconf 92' lang='lat'><strong>,</strong></span> <span class='ocrx_word' id='word_1_773' title='bbox 3260 3736 3378 3804; x_wconf 87' lang='lat' dir='ltr'><strong>quia</strong></span> <span class='ocrx_word' id='word_1_774' title='bbox 3409 3737 3585 3793; x_wconf 87' lang='lat' dir='ltr'><strong>nullus</strong></span> 
     </span>
    </p>
   </div>
   <div class='ocr_carea' id='block_1_99' title="bbox 1999 3818 3583 3896">
    <p class='ocr_par' dir='ltr' id='par_1_99' title="bbox 1999 3818 3583 3896">
     <span class='ocr_line' id='line_1_99' title="bbox 1999 3818 3583 3896; baseline -0.002 -25"><span class='ocrx_word' id='word_1_775' title='bbox 1999 3818 2101 3872; x_wconf 84' lang='lat' dir='ltr'><strong>erit</strong></span> <span class='ocrx_word' id='word_1_776' title='bbox 2127 3820 2293 3873; x_wconf 89' lang='lat' dir='ltr'><strong>miser</strong></span> <span class='ocrx_word' id='word_1_777' title='bbox 2322 3819 2372 3872; x_wconf 91' lang='lat' dir='ltr'><strong>in</strong></span> <span class='ocrx_word' id='word_1_778' title='bbox 2398 3836 2553 3890; x_wconf 89' lang='lat' dir='ltr'><strong>quem</strong></span> <span class='ocrx_word' id='word_1_779' title='bbox 2587 3820 2825 3874; x_wconf 86' lang='lat' dir='ltr'><strong>facienda</strong></span> <span class='ocrx_word' id='word_1_780' title='bbox 2853 3822 2921 3874; x_wconf 90' lang='lat' dir='ltr'><strong>sit</strong></span> <span class='ocrx_word' id='word_1_781' title='bbox 2952 3824 3311 3878; x_wconf 86' lang='lat' dir='ltr'><strong>misericordia</strong></span> <span class='ocrx_word' id='word_1_782' title='bbox 3344 3824 3454 3896; x_wconf 87' lang='lat' dir='ltr'><strong>(a);</strong></span> <span class='ocrx_word' id='word_1_783' title='bbox 3484 3842 3583 3882; x_wconf 72' lang='lat' dir='ltr'><strong>ex-</strong></span> 
     </span>
    </p>
   </div>
   <div class='ocr_carea' id='block_1_100' title="bbox 1996 3910 3583 3987">
    <p class='ocr_par' dir='ltr' id='par_1_100' title="bbox 1996 3910 3583 3987">
     <span class='ocr_line' id='line_1_100' title="bbox 1996 3910 3583 3987; baseline 0.006 -24"><span class='ocrx_word' id='word_1_784' title='bbox 1996 3910 2262 3978; x_wconf 84' lang='lat' dir='ltr'><strong>speetabis</strong></span> <span class='ocrx_word' id='word_1_785' title='bbox 2291 3925 2512 3965; x_wconf 89' lang='lat' dir='ltr'><strong>securus</strong></span> <span class='ocrx_word' id='word_1_786' title='bbox 2548 3910 2802 3981; x_wconf 89' lang='lat' dir='ltr'><strong>judicium</strong></span> <span class='ocrx_word' id='word_1_787' title='bbox 2827 3954 2841 3978; x_wconf 94' lang='lat'><strong>,</strong></span> <span class='ocrx_word' id='word_1_788' title='bbox 2876 3927 2980 3965; x_wconf 92' lang='lat' dir='ltr'><strong>non</strong></span> <span class='ocrx_word' id='word_1_789' title='bbox 3012 3923 3115 3966; x_wconf 87' lang='lat' dir='ltr'><strong>tam</strong></span> <span class='ocrx_word' id='word_1_790' title='bbox 3148 3928 3367 3970; x_wconf 91' lang='lat' dir='ltr'><strong>securus</strong></span> <span class='ocrx_word' id='word_1_791' title='bbox 3405 3916 3471 3971; x_wconf 89' lang='lat' dir='ltr'><strong>de</strong></span> <span class='ocrx_word' id='word_1_792' title='bbox 3493 3917 3583 3987; x_wconf 85' lang='lat' dir='ltr'><strong>ju-</strong></span> 
     </span>
    </p>
   </div>
   <div class='ocr_carea' id='block_1_101' title="bbox 1997 4002 3583 4078">
    <p class='ocr_par' dir='ltr' id='par_1_101' title="bbox 1997 4002 3583 4078">
     <span class='ocr_line' id='line_1_101' title="bbox 1997 4002 3583 4078; baseline 0.006 -22"><span class='ocrx_word' id='word_1_793' title='bbox 1997 4002 2137 4057; x_wconf 91' lang='lat' dir='ltr'><strong>stitia</strong></span> <span class='ocrx_word' id='word_1_794' title='bbox 2167 4013 2250 4056; x_wconf 91' lang='lat' dir='ltr'><strong>tua</strong></span> <span class='ocrx_word' id='word_1_795' title='bbox 2273 4044 2288 4068; x_wconf 91' lang='lat'><strong>,</strong></span> <span class='ocrx_word' id='word_1_796' title='bbox 2317 4018 2475 4073; x_wconf 89' lang='lat' dir='ltr'><strong>quam</strong></span> <span class='ocrx_word' id='word_1_797' title='bbox 2501 4018 2721 4057; x_wconf 90' lang='lat' dir='ltr'><strong>securus</strong></span> <span class='ocrx_word' id='word_1_798' title='bbox 2748 4003 2815 4058; x_wconf 92' lang='lat' dir='ltr'><strong>de</strong></span> <span class='ocrx_word' id='word_1_799' title='bbox 2838 4004 3199 4059; x_wconf 90' lang='lat' dir='ltr'><strong>misericordia</strong></span> <span class='ocrx_word' id='word_1_800' title='bbox 3234 4006 3348 4074; x_wconf 90' lang='lat' dir='ltr'><strong>Dei,</strong></span> <span class='ocrx_word' id='word_1_801' title='bbox 3377 4008 3498 4078; x_wconf 89' lang='lat' dir='ltr'><strong>quia</strong></span> <span class='ocrx_word' id='word_1_802' title='bbox 3529 4017 3583 4065; x_wconf 86' lang='lat' dir='ltr'><strong>et</strong></span> 
     </span>
    </p>
   </div>
   <div class='ocr_carea' id='block_1_102' title="bbox 1996 4095 3582 4166">
    <p class='ocr_par' dir='ltr' id='par_1_102' title="bbox 1996 4095 3582 4166">
     <span class='ocr_line' id='line_1_102' title="bbox 1996 4095 3582 4166; baseline 0.004 -17"><span class='ocrx_word' id='word_1_803' title='bbox 1996 4104 2052 4149; x_wconf 89' lang='lat' dir='ltr'><strong>tu</strong></span> <span class='ocrx_word' id='word_1_804' title='bbox 2085 4095 2502 4150; x_wconf 88' lang='lat' dir='ltr'><strong>misericordiam</strong></span> <span class='ocrx_word' id='word_1_805' title='bbox 2536 4097 2861 4166; x_wconf 71' lang='lat' dir='ltr'><strong>prwrogasti.</strong></span> <span class='ocrx_word' id='word_1_806' title='bbox 2892 4095 3153 4151; x_wconf 73' lang='lat' dir='ltr'><strong>Iudicium</strong></span> <span class='ocrx_word' id='word_1_807' title='bbox 3182 4099 3311 4153; x_wconf 90' lang='lat' dir='ltr'><strong>enim</strong></span> <span class='ocrx_word' id='word_1_808' title='bbox 3342 4100 3450 4155; x_wconf 85' lang='lat' dir='ltr'><strong>sine</strong></span> <span class='ocrx_word' id='word_1_809' title='bbox 3483 4102 3582 4155; x_wconf 82' lang='lat' dir='ltr'><strong>mi-</strong></span> 
     </span>
    </p>
   </div>
   <div class='ocr_carea' id='block_1_103' title="bbox 1996 4186 3583 4260">
    <p class='ocr_par' dir='ltr' id='par_1_103' title="bbox 1996 4186 3583 4260">
     <span class='ocr_line' id='line_1_103' title="bbox 1996 4186 3583 4260; baseline 0.004 -21"><span class='ocrx_word' id='word_1_810' title='bbox 1996 4187 2267 4240; x_wconf 80' lang='lat' dir='ltr'><strong>sericordia</strong></span> <span class='ocrx_word' id='word_1_811' title='bbox 2291 4186 2367 4240; x_wconf 83' lang='lat' dir='ltr'><strong>illi</strong></span> <span class='ocrx_word' id='word_1_812' title='bbox 2390 4187 2475 4258; x_wconf 87' lang='lat' dir='ltr'><strong>qui</strong></span> <span class='ocrx_word' id='word_1_813' title='bbox 2511 4203 2609 4240; x_wconf 87' lang='lat' dir='ltr'><strong>non</strong></span> <span class='ocrx_word' id='word_1_814' title='bbox 2636 4187 2752 4256; x_wconf 82' lang='lat' dir='ltr'><strong>fecit</strong></span> <span class='ocrx_word' id='word_1_815' title='bbox 2779 4188 3175 4242; x_wconf 84' lang='lat' dir='ltr'><strong>misericordiam</strong></span> <span class='ocrx_word' id='word_1_816' title='bbox 3199 4204 3218 4242; x_wconf 90' lang='lat'><strong><em>:</em></strong></span> <span class='ocrx_word' id='word_1_817' title='bbox 3242 4192 3583 4260; x_wconf 72' lang='lat' dir='ltr'><strong>stiparexaltat</strong></span> 
     </span>
    </p>
   </div>
   <div class='ocr_carea' id='block_1_104' title="bbox 1998 4281 3579 4357">
    <p class='ocr_par' dir='ltr' id='par_1_104' title="bbox 1998 4281 3579 4357">
     <span class='ocr_line' id='line_1_104' title="bbox 1998 4281 3579 4357; baseline 0.006 -25"><span class='ocrx_word' id='word_1_818' title='bbox 1998 4290 2183 4347; x_wconf 80' lang='lat' dir='ltr'><strong>autem,</strong></span> <span class='ocrx_word' id='word_1_819' title='bbox 2213 4281 2402 4350; x_wconf 84' lang='lat' dir='ltr'><strong>inquit,</strong></span> <span class='ocrx_word' id='word_1_820' title='bbox 2425 4281 2767 4335; x_wconf 85' lang='lat' dir='ltr'><strong>misericordia</strong></span> <span class='ocrx_word' id='word_1_821' title='bbox 2785 4282 2999 4353; x_wconf 83' lang='lat' dir='ltr'><strong>judicio.</strong></span> <span class='ocrx_word' id='word_1_822' title='bbox 3026 4282 3103 4337; x_wconf 90' lang='lat' dir='ltr'><strong>Nc</strong></span> <span class='ocrx_word' id='word_1_823' title='bbox 3124 4285 3337 4354; x_wconf 88' lang='lat' dir='ltr'><strong>putetis,</strong></span> <span class='ocrx_word' id='word_1_824' title='bbox 3368 4286 3579 4357; x_wconf 83' lang='lat' dir='ltr'><strong>fratres,</strong></span> 
     </span>
    </p>
   </div>
   <div class='ocr_carea' id='block_1_105' title="bbox 1997 4373 3580 4449">
    <p class='ocr_par' dir='ltr' id='par_1_105' title="bbox 1997 4373 3580 4449">
     <span class='ocr_line' id='line_1_105' title="bbox 1997 4373 3580 4449; baseline 0.005 -22"><span class='ocrx_word' id='word_1_825' title='bbox 1997 4373 2117 4443; x_wconf 89' lang='lat' dir='ltr'><strong>quia</strong></span> <span class='ocrx_word' id='word_1_826' title='bbox 2148 4382 2271 4427; x_wconf 91' lang='lat' dir='ltr'><strong>tunc</strong></span> <span class='ocrx_word' id='word_1_827' title='bbox 2302 4388 2405 4426; x_wconf 90' lang='lat' dir='ltr'><strong>non</strong></span> <span class='ocrx_word' id='word_1_828' title='bbox 2436 4383 2516 4427; x_wconf 89' lang='lat' dir='ltr'><strong>est</strong></span> <span class='ocrx_word' id='word_1_829' title='bbox 2537 4373 2742 4442; x_wconf 89' lang='lat' dir='ltr'><strong>justus,</strong></span> <span class='ocrx_word' id='word_1_830' title='bbox 2774 4374 2987 4443; x_wconf 87' lang='lat' dir='ltr'><strong>quando</strong></span> <span class='ocrx_word' id='word_1_831' title='bbox 3030 4377 3193 4431; x_wconf 91' lang='lat' dir='ltr'><strong>nostri</strong></span> <span class='ocrx_word' id='word_1_832' title='bbox 3226 4379 3241 4409; x_wconf 81' lang='grc'><strong>¹</strong></span> <span class='ocrx_word' id='word_1_833' title='bbox 3272 4379 3580 4449; x_wconf 88' lang='lat' dir='ltr'><strong>miseretur,</strong></span> 
     </span>
    </p>
   </div>
   <div class='ocr_carea' id='block_1_106' title="bbox 1996 4464 3584 4541">
    <p class='ocr_par' dir='ltr' id='par_1_106' title="bbox 1996 4464 3584 4541">
     <span class='ocr_line' id='line_1_106' title="bbox 1996 4464 3584 4541; baseline 0.004 -22"><span class='ocrx_word' id='word_1_834' title='bbox 1996 4473 2088 4519; x_wconf 88' lang='lat' dir='ltr'><strong>aut</strong></span> <span class='ocrx_word' id='word_1_835' title='bbox 2114 4464 2313 4519; x_wconf 91' lang='lat' dir='ltr'><strong>recedit</strong></span> <span class='ocrx_word' id='word_1_836' title='bbox 2339 4479 2367 4519; x_wconf 85' lang='lat' dir='ltr'><strong>a</strong></span> <span class='ocrx_word' id='word_1_837' title='bbox 2394 4464 2569 4534; x_wconf 84' lang='lat' dir='ltr'><strong>regula</strong></span> <span class='ocrx_word' id='word_1_838' title='bbox 2597 4464 2815 4535; x_wconf 61' lang='lat' dir='ltr'><strong>justitia:</strong></span> <span class='ocrx_word' id='word_1_839' title='bbox 2842 4482 2971 4521; x_wconf 69' lang='lat' dir='ltr'><strong>sum.</strong></span> <span class='ocrx_word' id='word_1_840' title='bbox 3002 4467 3068 4522; x_wconf 87' lang='lat' dir='ltr'><strong>Et</strong></span> <span class='ocrx_word' id='word_1_841' title='bbox 3091 4483 3211 4522; x_wconf 92' lang='lat' dir='ltr'><strong>cum</strong></span> <span class='ocrx_word' id='word_1_842' title='bbox 3239 4468 3475 4539; x_wconf 88' lang='lat' dir='ltr'><strong>damnat,</strong></span> <span class='ocrx_word' id='word_1_843' title='bbox 3494 4471 3584 4541; x_wconf 81' lang='lat' dir='ltr'><strong>ju-</strong></span> 
     </span>
    </p>
   </div>
   <div class='ocr_carea' id='block_1_107' title="bbox 1997 4556 3581 4628">
    <p class='ocr_par' dir='ltr' id='par_1_107' title="bbox 1997 4556 3581 4628">
     <span class='ocr_line' id='line_1_107' title="bbox 1997 4556 3581 4628; baseline 0.006 -19"><span class='ocrx_word' id='word_1_844' title='bbox 1997 4567 2111 4610; x_wconf 91' lang='lat' dir='ltr'><strong>stus</strong></span> <span class='ocrx_word' id='word_1_845' title='bbox 2130 4565 2244 4621; x_wconf 86' lang='lat' dir='ltr'><strong>est;</strong></span> <span class='ocrx_word' id='word_1_846' title='bbox 2277 4564 2331 4611; x_wconf 90' lang='lat' dir='ltr'><strong>et</strong></span> <span class='ocrx_word' id='word_1_847' title='bbox 2357 4572 2476 4611; x_wconf 92' lang='lat' dir='ltr'><strong>cum</strong></span> <span class='ocrx_word' id='word_1_848' title='bbox 2506 4556 2807 4622; x_wconf 89' lang='lat' dir='ltr'><strong>miseretur,</strong></span> <span class='ocrx_word' id='word_1_849' title='bbox 2834 4556 3005 4628; x_wconf 89' lang='lat' dir='ltr'><strong>justus</strong></span> <span class='ocrx_word' id='word_1_850' title='bbox 3025 4568 3125 4614; x_wconf 90' lang='lat' dir='ltr'><strong>est.</strong></span> <span class='ocrx_word' id='word_1_851' title='bbox 3150 4560 3283 4627; x_wconf 91' lang='lat' dir='ltr'><strong>Quid</strong></span> <span class='ocrx_word' id='word_1_852' title='bbox 3306 4563 3446 4616; x_wconf 90' lang='lat' dir='ltr'><strong>enim</strong></span> <span class='ocrx_word' id='word_1_853' title='bbox 3474 4571 3581 4618; x_wconf 88' lang='lat' dir='ltr'><strong>tam</strong></span> 
     </span>
    </p>
   </div>
   <div class='ocr_carea' id='block_1_108' title="bbox 1992 4650 3581 4723">
    <p class='ocr_par' dir='ltr' id='par_1_108' title="bbox 1992 4650 3581 4723">
     <span class='ocr_line' id='line_1_108' title="bbox 1992 4650 3581 4723; baseline 0.003 -20"><span class='ocrx_word' id='word_1_854' title='bbox 1992 4650 2229 4720; x_wconf 86' lang='lat' dir='ltr'><strong>justum,</strong></span> <span class='ocrx_word' id='word_1_855' title='bbox 2283 4665 2440 4720; x_wconf 85' lang='lat' dir='ltr'><strong>quam</strong></span> <span class='ocrx_word' id='word_1_856' title='bbox 2489 4650 2714 4706; x_wconf 90' lang='lat' dir='ltr'><strong>reddere</strong></span> <span class='ocrx_word' id='word_1_857' title='bbox 2758 4651 3175 4706; x_wconf 87' lang='lat' dir='ltr'><strong>misericordiam</strong></span> <span class='ocrx_word' id='word_1_858' title='bbox 3224 4654 3581 4723; x_wconf 84' lang='lat' dir='ltr'><strong>praeroganti?</strong></span> 
     </span>
    </p>
   </div>
   <div class='ocr_carea' id='block_1_109' title="bbox 1997 4741 3581 4813">
    <p class='ocr_par' dir='ltr' id='par_1_109' title="bbox 1997 4741 3581 4813">
     <span class='ocr_line' id='line_1_109' title="bbox 1997 4741 3581 4813; baseline 0.004 -18"><span class='ocrx_word' id='word_1_859' title='bbox 1997 4742 2134 4811; x_wconf 89' lang='lat' dir='ltr'><strong>Quid</strong></span> <span class='ocrx_word' id='word_1_860' title='bbox 2163 4753 2270 4795; x_wconf 88' lang='lat' dir='ltr'><strong>tam</strong></span> <span class='ocrx_word' id='word_1_861' title='bbox 2309 4741 2546 4811; x_wconf 89' lang='lat' dir='ltr'><strong>justum,</strong></span> <span class='ocrx_word' id='word_1_862' title='bbox 2590 4758 2746 4813; x_wconf 87' lang='lat' dir='ltr'><strong>quam</strong></span> <span class='ocrx_word' id='word_1_863' title='bbox 2791 4753 2848 4797; x_wconf 90' lang='lat' dir='ltr'><strong>ut</strong></span> <span class='ocrx_word' id='word_1_864' title='bbox 2892 4744 2942 4796; x_wconf 93' lang='lat' dir='ltr'><strong>in</strong></span> <span class='ocrx_word' id='word_1_865' title='bbox 2987 4758 3088 4813; x_wconf 92' lang='lat' dir='ltr'><strong>qua</strong></span> <span class='ocrx_word' id='word_1_866' title='bbox 3131 4758 3381 4799; x_wconf 90' lang='lat' dir='ltr'><strong>mensura</strong></span> <span class='ocrx_word' id='word_1_867' title='bbox 3410 4746 3581 4801; x_wconf 86' lang='lat' dir='ltr'><strong>mensi</strong></span> 
     </span>
    </p>
   </div>
   <div class='ocr_carea' id='block_1_110' title="bbox 1996 4833 3581 4907">
    <p class='ocr_par' dir='ltr' id='par_1_110' title="bbox 1996 4833 3581 4907">
     <span class='ocr_line' id='line_1_110' title="bbox 1996 4833 3581 4907; baseline 0.003 -18"><span class='ocrx_word' id='word_1_868' title='bbox 1996 4834 2221 4897; x_wconf 88' lang='lat' dir='ltr'><strong>fueritis,</strong></span> <span class='ocrx_word' id='word_1_869' title='bbox 2251 4834 2302 4887; x_wconf 90' lang='lat' dir='ltr'><strong>in</strong></span> <span class='ocrx_word' id='word_1_870' title='bbox 2330 4849 2390 4888; x_wconf 89' lang='lat' dir='ltr'><strong>ea</strong></span> <span class='ocrx_word' id='word_1_871' title='bbox 2420 4836 2729 4888; x_wconf 90' lang='lat' dir='ltr'><strong>remetiatur</strong></span> <span class='ocrx_word' id='word_1_872' title='bbox 2748 4833 2896 4888; x_wconf 86' lang='lat' dir='ltr'><strong>vobis</strong></span> <span class='ocrx_word' id='word_1_873' title='bbox 2919 4833 3027 4906; x_wconf 90' lang='lat' dir='ltr'><strong>(Id.</strong></span> <span class='ocrx_word' id='word_1_874' title='bbox 3058 4850 3147 4901; x_wconf 88' lang='lat' dir='ltr'><strong>vn,</strong></span> <span class='ocrx_word' id='word_1_875' title='bbox 3177 4834 3270 4903; x_wconf 74' lang='lat'><strong>2)?</strong></span> <span class='ocrx_word' id='word_1_876' title='bbox 3302 4836 3374 4890; x_wconf 91' lang='lat' dir='ltr'><strong>Da</strong></span> <span class='ocrx_word' id='word_1_877' title='bbox 3404 4838 3581 4907; x_wconf 87' lang='lat' dir='ltr'><strong>egenti</strong></span> 
     </span>
    </p>
   </div>
   <div class='ocr_carea' id='block_1_111' title="bbox 1996 4926 3579 4998">
    <p class='ocr_par' dir='ltr' id='par_1_111' title="bbox 1996 4926 3579 4998">
     <span class='ocr_line' id='line_1_111' title="bbox 1996 4926 3579 4998; baseline 0 -15"><span class='ocrx_word' id='word_1_878' title='bbox 1996 4929 2164 4983; x_wconf 87' lang='lat' dir='ltr'><strong>fratri.</strong></span> <span class='ocrx_word' id='word_1_879' title='bbox 2194 4927 2293 4983; x_wconf 88' lang='lat' dir='ltr'><strong>Cui</strong></span> <span class='ocrx_word' id='word_1_880' title='bbox 2338 4926 2522 4981; x_wconf 88' lang='lat' dir='ltr'><strong>fratri?</strong></span> <span class='ocrx_word' id='word_1_881' title='bbox 2547 4926 2780 4981; x_wconf 90' lang='lat' dir='ltr'><strong>Christo.</strong></span> <span class='ocrx_word' id='word_1_882' title='bbox 2812 4926 2867 4981; x_wconf 92' lang='lat' dir='ltr'><strong>Si</strong></span> <span class='ocrx_word' id='word_1_883' title='bbox 2905 4942 3033 4998; x_wconf 89' lang='lat' dir='ltr'><strong>ergo</strong></span> <span class='ocrx_word' id='word_1_884' title='bbox 3061 4928 3181 4997; x_wconf 87' lang='lat' dir='ltr'><strong>quia</strong></span> <span class='ocrx_word' id='word_1_885' title='bbox 3211 4928 3387 4994; x_wconf 88' lang='lat' dir='ltr'><strong>fratri,</strong></span> <span class='ocrx_word' id='word_1_886' title='bbox 3419 4928 3579 4984; x_wconf 88' lang='lat' dir='ltr'><strong>Chri-</strong></span> 
     </span>
    </p>
   </div>
   <div class='ocr_carea' id='block_1_112' title="bbox 1997 5020 3581 5091">
    <p class='ocr_par' dir='ltr' id='par_1_112' title="bbox 1997 5020 3581 5091">
     <span class='ocr_line' id='line_1_112' title="bbox 1997 5020 3581 5091; baseline 0.003 -17"><span class='ocrx_word' id='word_1_887' title='bbox 1997 5032 2113 5087; x_wconf 88' lang='lat' dir='ltr'><strong>sto;</strong></span> <span class='ocrx_word' id='word_1_888' title='bbox 2144 5029 2198 5075; x_wconf 89' lang='lat' dir='ltr'><strong>et</strong></span> <span class='ocrx_word' id='word_1_889' title='bbox 2222 5021 2341 5091; x_wconf 87' lang='lat' dir='ltr'><strong>quia</strong></span> <span class='ocrx_word' id='word_1_890' title='bbox 2372 5020 2605 5084; x_wconf 88' lang='lat' dir='ltr'><strong>Christo,</strong></span> <span class='ocrx_word' id='word_1_891' title='bbox 2639 5021 2768 5086; x_wconf 90' lang='lat' dir='ltr'><strong>Deo,</strong></span> <span class='ocrx_word' id='word_1_892' title='bbox 2796 5021 2884 5090; x_wconf 92' lang='lat' dir='ltr'><strong>qui</strong></span> <span class='ocrx_word' id='word_1_893' title='bbox 2911 5030 2992 5076; x_wconf 86' lang='lat' dir='ltr'><strong>est</strong></span> <span class='ocrx_word' id='word_1_894' title='bbox 3020 5036 3179 5091; x_wconf 89' lang='lat' dir='ltr'><strong>super</strong></span> <span class='ocrx_word' id='word_1_895' title='bbox 3203 5023 3377 5077; x_wconf 88' lang='lat' dir='ltr'><strong>omnia</strong></span> <span class='ocrx_word' id='word_1_896' title='bbox 3412 5022 3581 5079; x_wconf 86' lang='lat' dir='ltr'><strong>bene-</strong></span> 
     </span>
    </p>
   </div>
   <div class='ocr_carea' id='block_1_113' title="bbox 1996 5110 3577 5182">
    <p class='ocr_par' dir='ltr' id='par_1_113' title="bbox 1996 5110 3577 5182">
     <span class='ocr_line' id='line_1_113' title="bbox 1996 5110 3577 5182; baseline -0.001 -14"><span class='ocrx_word' id='word_1_897' title='bbox 1996 5114 2168 5168; x_wconf 90' lang='lat' dir='ltr'><strong>dictus</strong></span> <span class='ocrx_word' id='word_1_898' title='bbox 2199 5114 2249 5167; x_wconf 90' lang='lat' dir='ltr'><strong>in</strong></span> <span class='ocrx_word' id='word_1_899' title='bbox 2279 5113 2468 5168; x_wconf 84' lang='lat' dir='ltr'><strong>saecula</strong></span> <span class='ocrx_word' id='word_1_900' title='bbox 2497 5112 2671 5181; x_wconf 83' lang='lat' dir='ltr'><strong>(Rom.</strong></span> <span class='ocrx_word' id='word_1_901' title='bbox 2711 5127 2761 5165; x_wconf 80' lang='grc' dir='ltr'><strong>ιιι</strong></span> <span class='ocrx_word' id='word_1_902' title='bbox 2782 5151 2796 5174; x_wconf 84' lang='grc'><em>,</em></span> <span class='ocrx_word' id='word_1_903' title='bbox 2838 5110 2893 5182; x_wconf 84' lang='grc'><strong>5)</strong></span> <span class='ocrx_word' id='word_1_904' title='bbox 2922 5130 2934 5164; x_wconf 92' lang='lat'>:</span> <span class='ocrx_word' id='word_1_905' title='bbox 2969 5111 3108 5166; x_wconf 91' lang='lat' dir='ltr'><strong>Deus</strong></span> <span class='ocrx_word' id='word_1_906' title='bbox 3144 5126 3301 5181; x_wconf 87' lang='lat' dir='ltr'><strong>cgere</strong></span> <span class='ocrx_word' id='word_1_907' title='bbox 3329 5128 3357 5166; x_wconf 90' lang='lat' dir='ltr'><strong>a</strong></span> <span class='ocrx_word' id='word_1_908' title='bbox 3399 5121 3449 5167; x_wconf 90' lang='lat' dir='ltr'><strong>te</strong></span> <span class='ocrx_word' id='word_1_909' title='bbox 3483 5129 3577 5168; x_wconf 91' lang='lat' dir='ltr'><strong>vo-</strong></span> 
     </span>
    </p>
   </div>
   <div class='ocr_carea' id='block_1_114' title="bbox 1998 5203 3575 5274">
    <p class='ocr_par' dir='ltr' id='par_1_114' title="bbox 1998 5203 3575 5274">
     <span class='ocr_line' id='line_1_114' title="bbox 1998 5203 3575 5274; baseline -0.001 -14"><span class='ocrx_word' id='word_1_910' title='bbox 1998 5208 2129 5270; x_wconf 89' lang='lat' dir='ltr'><strong>luit;</strong></span> <span class='ocrx_word' id='word_1_911' title='bbox 2165 5216 2215 5260; x_wconf 89' lang='lat' dir='ltr'><strong>et</strong></span> <span class='ocrx_word' id='word_1_912' title='bbox 2238 5216 2288 5258; x_wconf 91' lang='lat' dir='ltr'><strong>tu</strong></span> <span class='ocrx_word' id='word_1_913' title='bbox 2314 5220 2501 5259; x_wconf 87' lang='lat' dir='ltr'><strong>manus</strong></span> <span class='ocrx_word' id='word_1_914' title='bbox 2522 5204 2788 5258; x_wconf 82' lang='lat' dir='ltr'><strong>retrahis?</strong></span> <span class='ocrx_word' id='word_1_915' title='bbox 2820 5203 2977 5259; x_wconf 86' lang='lat' dir='ltr'><strong>Certe</strong></span> <span class='ocrx_word' id='word_1_916' title='bbox 3004 5213 3059 5258; x_wconf 90' lang='lat' dir='ltr'><strong>tu</strong></span> <span class='ocrx_word' id='word_1_917' title='bbox 3085 5204 3311 5274; x_wconf 85' lang='lat' dir='ltr'><strong>porrigis</strong></span> <span class='ocrx_word' id='word_1_918' title='bbox 3339 5220 3575 5270; x_wconf 89' lang='lat' dir='ltr'><strong>manum,</strong></span> 
     </span>
    </p>
   </div>
   <div class='ocr_carea' id='block_1_115' title="bbox 1998 5294 3581 5366">
    <p class='ocr_par' dir='ltr' id='par_1_115' title="bbox 1998 5294 3581 5366">
     <span class='ocr_line' id='line_1_115' title="bbox 1998 5294 3581 5366; baseline 0.001 -17"><span class='ocrx_word' id='word_1_919' title='bbox 1998 5308 2051 5351; x_wconf 89' lang='lat' dir='ltr'><strong>et</strong></span> <span class='ocrx_word' id='word_1_920' title='bbox 2080 5297 2211 5366; x_wconf 86' lang='lat' dir='ltr'><strong>petis</strong></span> <span class='ocrx_word' id='word_1_921' title='bbox 2242 5314 2269 5348; x_wconf 72' lang='grc' dir='ltr'>τι</span> <span class='ocrx_word' id='word_1_922' title='bbox 2304 5297 2445 5350; x_wconf 88' lang='lat' dir='ltr'><strong>Deo:</strong></span> <span class='ocrx_word' id='word_1_923' title='bbox 2480 5294 2601 5349; x_wconf 86' lang='lat' dir='ltr'><strong>audi</strong></span> <span class='ocrx_word' id='word_1_924' title='bbox 2643 5294 2998 5363; x_wconf 81' lang='lat' dir='ltr'><strong>Scripturam,</strong></span> <span class='ocrx_word' id='word_1_925' title='bbox 3043 5294 3163 5347; x_wconf 87' lang='lat' dir='ltr'><strong>Non</strong></span> <span class='ocrx_word' id='word_1_926' title='bbox 3192 5296 3255 5348; x_wconf 80' lang='lat' dir='ltr'><strong>sit</strong></span> <span class='ocrx_word' id='word_1_927' title='bbox 3282 5312 3463 5350; x_wconf 86' lang='lat' dir='ltr'><strong>manus</strong></span> <span class='ocrx_word' id='word_1_928' title='bbox 3493 5306 3581 5350; x_wconf 86' lang='lat' dir='ltr'><strong>tua</strong></span> 
     </span>
    </p>
   </div>
   <div class='ocr_carea' id='block_1_116' title="bbox 1998 5386 3578 5459">
    <p class='ocr_par' dir='ltr' id='par_1_116' title="bbox 1998 5386 3578 5459">
     <span class='ocr_line' id='line_1_116' title="bbox 1998 5386 3578 5459; baseline 0.001 -19"><span class='ocrx_word' id='word_1_929' title='bbox 1998 5397 2224 5459; x_wconf 84' lang='lat' dir='ltr'><strong>porrecta</strong></span> <span class='ocrx_word' id='word_1_930' title='bbox 2251 5388 2318 5440; x_wconf 86' lang='lat' dir='ltr'><strong>ad</strong></span> <span class='ocrx_word' id='word_1_931' title='bbox 2356 5386 2699 5457; x_wconf 84' lang='lat' dir='ltr'><strong>accipiendum</strong></span> <span class='ocrx_word' id='word_1_932' title='bbox 2724 5429 2736 5451; x_wconf 94' lang='lat'><strong>,</strong></span> <span class='ocrx_word' id='word_1_933' title='bbox 2766 5398 2812 5439; x_wconf 85' lang='lat' dir='ltr'><strong>et</strong></span> <span class='ocrx_word' id='word_1_934' title='bbox 2847 5387 2914 5439; x_wconf 85' lang='lat' dir='ltr'><strong>ad</strong></span> <span class='ocrx_word' id='word_1_935' title='bbox 2943 5386 3168 5454; x_wconf 59' lang='lat' dir='ltr'><strong>dandum</strong></span> <span class='ocrx_word' id='word_1_936' title='bbox 3194 5386 3403 5441; x_wconf 83' lang='lat' dir='ltr'><strong>collecta</strong></span> <span class='ocrx_word' id='word_1_937' title='bbox 3451 5386 3578 5457; x_wconf 79' lang='lat' dir='ltr'><strong>(Ec-</strong></span> 
     </span>
    </p>
   </div>
   <div class='ocr_carea' id='block_1_117' title="bbox 2000 5479 3577 5551">
    <p class='ocr_par' dir='ltr' id='par_1_117' title="bbox 2000 5479 3577 5551">
     <span class='ocr_line' id='line_1_117' title="bbox 2000 5479 3577 5551; baseline -0.001 -17"><span class='ocrx_word' id='word_1_938' title='bbox 2000 5484 2084 5537; x_wconf 87' lang='lat' dir='ltr'><strong>cli.</strong></span> <span class='ocrx_word' id='word_1_939' title='bbox 2118 5496 2191 5546; x_wconf 84' lang='lat' dir='ltr'><strong>IV,</strong></span> <span class='ocrx_word' id='word_1_940' title='bbox 2224 5482 2335 5551; x_wconf 80' lang='lat'><strong>&#39;56).</strong></span> <span class='ocrx_word' id='word_1_941' title='bbox 2367 5482 2586 5551; x_wconf 86' lang='lat' dir='ltr'><strong>Erogari</strong></span> <span class='ocrx_word' id='word_1_942' title='bbox 2619 5480 2717 5535; x_wconf 86' lang='lat' dir='ltr'><strong>sibi</strong></span> <span class='ocrx_word' id='word_1_943' title='bbox 2745 5480 2857 5535; x_wconf 84' lang='lat' dir='ltr'><strong>vult</strong></span> <span class='ocrx_word' id='word_1_944' title='bbox 2884 5480 3019 5536; x_wconf 87' lang='lat' dir='ltr'><strong>Deus</strong></span> <span class='ocrx_word' id='word_1_945' title='bbox 3040 5497 3103 5536; x_wconf 81' lang='lat' dir='ltr'><strong>ex</strong></span> <span class='ocrx_word' id='word_1_946' title='bbox 3131 5480 3220 5535; x_wconf 91' lang='lat' dir='ltr'><strong>illo</strong></span> <span class='ocrx_word' id='word_1_947' title='bbox 3245 5479 3384 5551; x_wconf 91' lang='lat' dir='ltr'><strong>quod</strong></span> <span class='ocrx_word' id='word_1_948' title='bbox 3412 5479 3577 5535; x_wconf 87' lang='lat' dir='ltr'><strong>dedit.</strong></span> 
     </span>
    </p>
   </div>
   <div class='ocr_carea' id='block_1_118' title="bbox 2064 5678 3579 5753">
    <p class='ocr_par' dir='ltr' id='par_1_118' title="bbox 2064 5678 3579 5753">
     <span class='ocr_line' id='line_1_118' title="bbox 2064 5678 3579 5753; baseline -0.002 -19"><span class='ocrx_word' id='word_1_949' title='bbox 2064 5686 2076 5715; x_wconf 90' lang='grc'>¹</span> <span class='ocrx_word' id='word_1_950' title='bbox 2105 5686 2329 5753; x_wconf 76' lang='lat' dir='ltr'><strong>Sicjuxta</strong></span> <span class='ocrx_word' id='word_1_951' title='bbox 2352 5683 2607 5734; x_wconf 88' lang='lat' dir='ltr'><strong>nonnullos</strong></span> <span class='ocrx_word' id='word_1_952' title='bbox 2629 5683 2792 5746; x_wconf 70' lang='lat' dir='ltr'><strong>proba:</strong></span> <span class='ocrx_word' id='word_1_953' title='bbox 2829 5690 2957 5733; x_wconf 69' lang='lat' dir='ltr'><strong>notae</strong></span> <span class='ocrx_word' id='word_1_954' title='bbox 2994 5689 3100 5731; x_wconf 82' lang='lat' dir='ltr'><strong>Mss.</strong></span> <span class='ocrx_word' id='word_1_955' title='bbox 3128 5680 3297 5742; x_wconf 78' lang='lat' dir='ltr'><strong>[nostri</strong></span> <span class='ocrx_word' id='word_1_956' title='bbox 3319 5691 3412 5730; x_wconf 85' lang='lat' dir='ltr'><strong>non</strong></span> <span class='ocrx_word' id='word_1_957' title='bbox 3431 5678 3579 5731; x_wconf 74' lang='lat' dir='ltr'><strong>mise-</strong></span> 
     </span>
    </p>
   </div>
   <div class='ocr_carea' id='block_1_119' title="bbox 2000 5750 3032 5872">
    <p class='ocr_par' dir='ltr' id='par_1_119' title="bbox 2000 5750 3032 5872">
     <span class='ocr_line' id='line_1_119' title="bbox 2000 5750 3032 5872; baseline -0.005 -10"><span class='ocrx_word' id='word_1_958' title='bbox 2000 5750 2307 5872; x_wconf 58' lang='lat' dir='ltr'><strong>,ﬂ(lg)JSttll‘a</strong></span> <span class='ocrx_word' id='word_1_959' title='bbox 2331 5811 2379 5859; x_wconf 91' lang='lat' dir='ltr'><strong>in</strong></span> <span class='ocrx_word' id='word_1_960' title='bbox 2402 5809 2519 5859; x_wconf 78' lang='lat' dir='ltr'><strong>Psal.</strong></span> <span class='ocrx_word' id='word_1_961' title='bbox 2548 5823 2748 5872; x_wconf 77' lang='lat' dir='ltr'><strong>Lxxxm,</strong></span> <span class='ocrx_word' id='word_1_962' title='bbox 2773 5823 2853 5858; x_wconf 88' lang='lat' dir='ltr'><strong>nn.</strong></span> <span class='ocrx_word' id='word_1_963' title='bbox 2884 5809 2929 5869; x_wconf 89' lang='lat'><strong>8,</strong></span> <span class='ocrx_word' id='word_1_964' title='bbox 2962 5809 3032 5857; x_wconf 83' lang='lat' dir='ltr'><strong>ll.</strong></span> 
     </span>
    </p>
   </div>
  </div>
