4084 6470
679 355 819 416 1923
875 369 882 376 '

678 464 819 534 Quid
849 464 990 530 enim
1018 465 1113 520 das
1139 461 1280 534 quod
1311 460 1400 518 ille
1431 473 1534 516 non
1563 459 1744 518 dedit?
1769 458 1896 530 quid
1923 459 2063 514 enim
2094 457 2256 514 habes

679 559 819 632 quod
844 575 947 617 non
970 556 1217 628 accepisti
1250 554 1291 628 (l
1315 554 1430 609 Cor.
1461 569 1536 620 tv,
1568 553 1620 624 7)
1641 553 1788 610 ?Ant
1813 567 1955 615 vero,
1984 566 2087 604 non
2114 547 2254 614 dico,

681 643 821 717 Deo,
854 652 946 708 sed
973 650 1191 710 cuilibet
1233 647 1300 704 de
1331 656 1421 702 tuo
1447 645 1542 702 itas
1580 644 1813 714 aliquid?
1852 643 1927 702 De
1954 642 2094 702 illius
2123 642 2254 707 das,

677 746 765 817 qui
788 745 944 814 jubet
974 751 1030 798 ut
1057 741 1170 798 des.
1201 741 1534 810 Prtrrogator
1557 747 1692 803 esto,
1727 751 1830 792 non
1875 737 2105 792 invasor.
2135 733 2261 789 [lare

678 851 806 908 ergo
836 835 1055 900 faciens,
1088 843 1140 896 et
1169 834 1211 888 si
1244 833 1382 888 bona
1413 831 1711 887 humilitate
1741 829 1874 885 dicis
1899 828 1967 884 de
1997 827 2086 882 illo
2117 827 2254 891 oleo,

680 923 763 982 Ne
803 917 930 999 forte
957 942 1058 981 non
1082 924 1295 996 suﬁiciat
1334 924 1475 979 nobis
1495 965 1508 988 ,
1541 922 1705 975 intras
1733 932 1784 975 et
1814 919 2094 975 clauditur.
2121 917 2259 976 Audi

677 1018 990 1090 Apostolum
1013 1016 1113 1071 hoc
1138 1016 1400 1072 dicentem
1431 1033 1442 1068 :
1474 1013 1605 1066 Mihi
1634 1023 1799 1066 autem
1826 1012 2088 1064 minimum
2117 1017 2262 1064 estut

676 1127 708 1164 a
733 1109 866 1163 vobis
897 1105 1147 1180 dijudicer
1177 1105 1368 1176 (Ibid.,
1403 1104 1480 1173 3).
1512 1101 1740 1172 Quando
1767 1101 1906 1156 enim
1931 1099 2158 1170 potestis
2181 1098 2260 1154 di-

672 1198 915 1270 judicare
940 1195 1322 1252 conscientiam
1355 1194 1568 1248 meam?
1595 1190 1806 1263 quando
1833 1191 2134 1245 examinare
2156 1203 2261 1260 quo

677 1291 857 1346 animo
884 1289 1039 1352 facio,
1069 1285 1323 1358 quidquid
1352 1284 1522 1340 facio?
1551 1293 1804 1354 quantum
1835 1289 2054 1352 possunt
2085 1280 2260 1335 hom‘i-

679 1399 778 1444 nes
807 1382 874 1438 de
915 1382 1020 1437 alio
1046 1379 1324 1452 judicare?
1356 1377 1481 1433 Plus
1525 1379 1682 1431 homo
1714 1375 1893 1445 utique
1921 1372 2034 1444 ipse
2068 1372 2133 1427 de
2172 1387 2257 1438 sc;

678 1473 773 1529 sed
803 1473 940 1528 Deus
957 1471 1088 1548 plus
1114 1469 1180 1543 de
1208 1469 1444 1536 homine,
1476 1483 1634 1539 quam
1663 1466 1822 1520 homo
1851 1464 1915 1520 de
1945 1480 2021 1519 se.
2057 1464 2193 1535 Ergo
2215 1464 2261 1520 si

680 1567 799 1622 talis
828 1565 1012 1632 fueris,
1049 1563 1304 1628 intrabis;
1336 1563 1387 1616 in
1411 1562 1641 1632 quinque
1669 1560 1769 1613 illis
1799 1558 2088 1628 virginibus
2116 1557 2220 1611 eris
2246 1575 2260 1611 :

675 1667 885 1716 czelera:
916 1658 1069 1714 fatua:
1098 1656 1463 1712 excludentur.
1494 1653 1621 1706 Nam
1668 1653 1768 1706 hoc
1798 1643 1958 1704 habes
1991 1651 2040 1704 in
2075 1649 2253 1703 Evan-

679 1751 843 1822 gelio,
888 1748 1178 1818 Claudctur
1219 1748 1447 1809 ostium,
1493 1753 1546 1800 et
1592 1744 1805 1798 stabunt
1833 1751 1885 1797 et
1927 1741 2261 1808 clamabunt,

677 1843 834 1914 Aperi
863 1841 1040 1908 nobis;
1070 1851 1123 1896 ct
1166 1856 1268 1894 non
1310 1838 1614 1908 aperietur:
1658 1833 1908 1903 Quoniam
1950 1834 2264 1902 conﬁrmavit

679 1945 835 1990 vectes
858 1945 1116 2006 portarum
1139 1941 1359 1987 tuarum.
1379 1930 1727 2000 Conﬁrntavit,
1754 1929 1942 1999 inquit,
1968 1936 2123 1982 vectes
2136 1943 2264 1996 ,ρον-

681 2039 846 2083 tarum
889 2038 1128 2080 tuarum:
1159 2039 1345 2079 secura
1376 2031 1490 2088 sta,
1543 2037 1729 2076 secura
1775 2020 1961 2081 lauda,
2002 2019 2116 2075 sine
2161 2017 2264 2074 ﬁne

679 2119 854 2178 lauda.
886 2117 1118 2174 Fortiter
1146 2117 1339 2172 clausa:
1371 2122 1494 2169 sunt
1522 2123 1686 2184 portae
1715 2122 1815 2168 tua:
1837 2129 1850 2176 ;
1872 2126 1980 2174 non
2013 2112 2117 2166 exit
2140 2111 2263 2168 ami-

678 2226 793 2276 cus,
818 2226 922 2268 non
955 2210 1117 2274 intrat
1146 2206 1389 2264 inimicus
1416 2223 1429 2260 :
1461 2203 1790 2275 Con/intrarit
1818 2214 1975 2258 vectes
2001 2210 2264 2273 portarum

677 2312 900 2357 tuarum.

665 2469 667 2471 _
751 2399 839 2453 id.
873 2394 1136 2449 Benedixit
1160 2394 1297 2458 ﬁlios
1329 2401 1437 2445 tuos
1482 2389 1537 2441 in
1568 2396 1633 2443 te.
1661 2385 1780 2443 Non
1809 2394 2064 2454 vagantur
2093 2383 2260 2449 foris,

670 2497 778 2541 non
809 2479 1248 2551 peregrinantur;
1281 2472 1425 2527 intus
1451 2469 1698 2541 gaudent,
1735 2469 1879 2525 intus
1908 2467 2144 2530 laudant,
2172 2466 2258 2520 in-

673 2580 758 2627 tus
784 2566 1239 2629 benedicuntur‘;
1275 2564 1416 2616 intus
1455 2576 1559 2615 non
1606 2563 1942 2631 parturiunt,
1993 2557 2113 2628 quia
2144 2556 2255 2627 jam

673 2661 940 2716 neminem
977 2657 1209 2727 pariunt.
1245 2654 1364 2709 Filii
1413 2661 1568 2718 sunt,
1613 2651 1781 2705 sancti
1827 2659 1951 2705 sunt
1988 2668 2000 2702 :
2034 2649 2116 2703 isti
2165 2648 2255 2702 ﬁlii

671 2754 838 2810 sancti
866 2752 973 2822 jam
1019 2749 1293 2803 laudantes
1321 2753 1375 2800 et
1399 2744 1685 2816 gaudentes
1707 2786 1720 2809 ,
1765 2741 2010 2811 parturiti
2037 2749 2089 2794 et
2120 2740 2255 2810 parti

671 2853 795 2900 sunt
820 2851 989 2897 matre
1008 2840 1288 2902 charitate.
1315 2837 1502 2892 inclusi
1527 2843 1650 2889 sunt
1672 2834 1952 2905 colligente
1974 2832 2251 2887 charitate.

669 2934 808 2992 Audi
853 2935 1168 2988 charitatem
1223 2929 1600 3001 parturientem
1649 2927 1812 3005 illos:
1861 2940 1962 2996 qua
2007 2925 2254 2994 prmditus

668 3030 864 3087 Paulus
891 3026 1192 3097 apostolus,
1242 3015 1544 3078 non‘solum
1577 3029 1889 3092 paternum,
1919 3017 2012 3073 sed
2055 3026 2108 3073 et
2139 3032 2252 3071 ma-

668 3131 879 3179 ternum
910 3135 1004 3174 cor
1028 3132 1220 3189 gerens
1244 3117 1263 3147 ²
1292 3115 1343 3171 in
1375 3115 1546 3181 ﬁlios,
1583 3112 1705 3166 Filii
1734 3113 1859 3177 mei,
1895 3097 2094 3182 inquit,
2130 3126 2254 3181 quos

666 3215 849 3270 iterum
877 3211 1104 3282 parturio
1134 3208 1271 3281 (Gal.
1320 3224 1392 3273 tv,
1420 3206 1533 3278 19).
1562 3205 1694 3268 Cum
1723 3205 1919 3260 Paulus
1946 3219 2038 3258 eos
2071 3209 2253 3273 partu-

667 3309 858 3372 riebat,
887 3306 1120 3361 charitas
1150 3302 1508 3374 parturiebat;
1539 3315 1657 3354 cum
1687 3298 1920 3353 charitas
1948 3312 2041 3352 eos
2071 3305 2251 3366 partu-

665 3400 837 3456 riebat
857 3441 871 3465 ,
919 3398 1010 3451 Dei
1041 3395 1270 3466 Spiritus
1313 3393 1639 3465 parturiebat
1670 3410 1682 3446 :
1714 3390 1944 3446 charitas
1975 3390 2115 3444 enim
2157 3387 2251 3444 Dei

668 3487 855 3548 diliusa
881 3498 962 3544 est
987 3489 1038 3542 in
1077 3487 1326 3543 cordibus
1355 3486 1548 3540 nostris
1577 3500 1672 3554 per
1696 3483 1948 3554 Spiritum
1977 3491 2247 3550 sanctum,

659 3583 756 3654 qui
785 3582 941 3636 datus
968 3589 1050 3635 est
1093 3579 1245 3634 nobis
1277 3578 1449 3651 (Rom.
1482 3593 1535 3641 v,
1569 3575 1648 3648 6).
1680 3576 1818 3646 Ergo
1861 3575 2074 3645 colligat
2116 3589 2252 3645 quos

667 3673 946 3746 parturivit
971 3681 1025 3728 et
1045 3671 1276 3750 peperit.
1316 3667 1472 3724 Modo
1491 3668 1599 3739 jam
1625 3671 1768 3722 intus
1791 3667 1882 3720 ﬁlii
1906 3676 2049 3734 sunt,
2077 3667 2252 3722 securi

661 3751 796 3822 sunt
820 3783 833 3820 :
862 3765 1108 3832 velarunt
1132 3761 1198 3817 de
1227 3760 1351 3816 nido
1379 3759 1605 3824 timoris,
1637 3757 1878 3812 velarunt
1905 3757 1958 3812 in
1989 3757 2248 3825 cmlestia,

654 3843 918 3916 'volarunt
947 3859 998 3912 in
1031 3865 1227 3912 :eterna
1250 3873 1263 3920 ;
1289 3856 1401 3925 jam
1432 3852 1564 3908 nihil
1597 3859 1840 3906 metuunt
1862 3851 2176 3920 temporale.

737 3949 824 4008 15.
857 3948 1006 4023 [vers.
1039 3946 1154 4022 ‘14.]
1183 3945 1446 4024 Benedixit
1473 3945 1607 4018 ﬁlios
1638 3953 1747 3996 tuos
1777 3945 1828 3998 in
1860 3955 1922 3998 te.
1953 3942 2120 4012 Quis?
2152 3943 2252 4008 Qui

667 4043 833 4114 posuit
851 4042 977 4112 ﬁnes
1004 4050 1114 4094 tuos
1135 4054 1329 4110 pacem.
1355 4034 1631 4105 Quomodo
1658 4035 1966 4100 exsultastis
1987 4050 2175 4090 omnes
2196 4034 2250 4088 8?

655 4119 815 4196 illanc
839 4143 1034 4199 amate,
1064 4132 1252 4186 fratres
1276 4131 1398 4186 mei.
1422 4128 1642 4185 Multum
1669 4128 2016 4193 delectamur,
2040 4127 2251 4200 quando

667 4229 863 4285 clamat
889 4227 955 4281 de
994 4223 1243 4280 cordibus
1286 4223 1479 4278 vestris
1508 4222 1650 4292 pacis
1694 4220 1928 4276 dilectio.
1973 4221 2251 4290 Quomodo

667 4336 762 4394 vos
783 4317 1098 4374 delectavit?
1119 4315 1260 4372 Nihil
1284 4316 1542 4382 dixeram,
1569 4315 1698 4369 nihil
1724 4329 2107 4384 exposueram;
2139 4329 2253 4370 vcr-

668 4427 784 4468 sum
817 4409 1190 4480 pronuntiavi,
1227 4416 1281 4463 et
1310 4407 1667 4462 exclamastis.
1697 4405 1830 4474 Quid
1875 4405 1941 4460 de
1967 4405 2115 4460 vobis
2143 4406 2252 4460 cla-

669 4503 874 4568 mavit?
915 4501 1143 4557 Dilectio
1191 4500 1354 4572 pacis.
1387 4498 1521 4566 Quid
1563 4498 1768 4552 ostendi
1816 4499 1984 4553 oculis
2022 4497 2250 4553 vestris?

663 4595 822 4660 Unde
853 4592 1094 4650 clamatis
1115 4633 1128 4658 ,
1161 4579 1206 4648 si
1246 4605 1350 4660 non
1383 4589 1606 4644 amatis?
1648 4589 1788 4644 unde
1816 4590 2003 4645 amatis
2024 4631 2038 4656 ,
2071 4591 2115 4644 si
2145 4605 2251 4646 non

667 4674 899 4746 videtis?
928 4683 1210 4740 invisibili;
1250 4692 1334 4740 est
1360 4697 1481 4753 pax.
1515 4681 1642 4752 Quis
1669 4691 1749 4735 cst
1793 4681 1976 4737 oculus
2005 4697 2110 4752 quo
2139 4681 2249 4736 visa

656 4790 772 4850 .cst,
796 4789 855 4848 ut
875 4787 1142 4842 amaretur
1158 4779 1175 4831 ὲ
1194 4777 1378 4848 Neque
1398 4776 1539 4844 enim
1562 4775 1962 4845 acclamaretur,
1986 4775 2085 4829 nisi
2107 4789 2252 4829 ama-

669 4884 836 4939 retur.
874 4867 999 4928 llaec
1024 4880 1145 4926 sunt
1175 4867 1475 4948 Spectacula
1507 4883 1622 4938 qure
1651 4866 1864 4926 exhibet
1889 4867 2028 4922 Deus
2072 4882 2250 4924 rerum

668 4965 1034 5038 invisibilium.
1068 4959 1274 5037 Quanta
1324 4955 1714 5029 pulchritudine
1760 4957 2059 5013 intellectus
2105 4957 2252 5030 pacis

668 5059 831 5123 corda
852 5065 1027 5119 vestra
1045 5054 1352 5127 percussit?
1379 5051 1512 5118 Quid
1531 5053 1641 5121 jam
1669 5065 1766 5122 ego
1790 5049 1981 5122 loquar
2007 5049 2074 5106 de
2097 5065 2248 5122 pace,

668 5162 758 5208 aut
783 5151 849 5212 de
877 5148 1031 5213 laude
1057 5146 1241 5220 pacis?
1270 5144 1532 5202 Praevenit
1550 5142 1730 5200 omnia
1757 5142 1916 5196 verba
1938 5157 2055 5196 mea
2078 5149 2253 5196 vester

669 5240 892 5296 aﬁ‘ectus
918 5257 929 5292 :
965 5253 1071 5293 non
1101 5235 1295 5307 impleo
1318 5233 1369 5303 l‘;
1406 5250 1509 5298 non
1543 5248 1756 5303 possum
1778 5275 1793 5300 ,
1838 5232 2079 5288 inﬁrmus
2109 5248 2249 5288 sum.

671 5335 991 5391 Differamus
1019 5345 1207 5386 omnes
1233 5327 1418 5384 laudes
1441 5326 1589 5397 pacis
1627 5324 1691 5379 ad
1719 5315 1875 5379 illam.
1906 5325 2127 5396 patriam
2161 5340 2253 5395 pa.

669 5428 765 5489 cis.
799 5416 874 5481 lbi
901 5434 1019 5479 cam
1049 5420 1257 5492 plenius
1283 5419 1636 5481 laudabimus,
1673 5417 1758 5471 ubi
1786 5431 1902 5472 eam
1931 5416 2134 5487 plenius
2161 5417 2254 5472 ha-

671 5519 936 5576 bebimus.
969 5511 1272 5569 lnchoatam
1310 5512 1361 5564 in
1393 5509 1546 5565 nobis
1583 5509 1626 5562 si
1658 5509 1735 5564 sic
1759 5522 2035 5573 amamus,
2077 5506 2251 5573 perfe-

739 5657 755 5688 ’
783 5655 860 5705 sic
879 5658 980 5701 Am.
1007 5655 1062 5700 et
1082 5654 1188 5698 uss.
1204 5652 1265 5694 ιΑι
1291 5650 1364 5692 Er.
1394 5651 1446 5693 et
1466 5649 1597 5702 nova,
1622 5640 1921 5695 benedicunt.

736 5720 756 5748 ⁸
773 5717 848 5766 sic
869 5723 977 5763 Mss.
990 5709 1102 5760 Edd.
1118 5721 1252 5764 vero,
1278 5714 1322 5756 et
1346 5712 1612 5755 maternum
1635 5717 1844 5754 amorem.
1868 5713 2144 5766 congerens,
2158 5710 2253 5753 etc.

739 5780 757 5810 ε
798 5776 980 5838 Aliquot
1005 5781 1110 5821 Mss.
1135 5771 1378 5838 omittunt,
1403 5779 1578 5838 omnes.

742 5839 760 5870 ι
781 5827 927 5897 Lugd.
948 5845 1069 5885 ven.
1091 5840 1142 5883 et
1165 5839 1293 5891 Lov.,
1311 5827 1527 5893 implebo.
1627 5835 1679 5876 at.

1915 346 1972 400 S.
2005 341 2363 401 AUGUSTINI
2407 341 2705 396 El‘lSCOPl

2367 465 2504 512 ctam
2533 455 2796 527 quomodo
2823 456 3187 516 laudabimus?
3204 459 3356 519 Ecce
3373 461 3481 517 .hoc
3502 462 3633 534 dico,
3658 480 3687 521 ο
3706 468 3782 526 ﬁlii
3804 473 3866 530 di.

2361 550 2483 608 lecti
2514 552 2553 617 ί,
2584 566 2616 604 o
2639 551 2730 607 ﬁlii
2758 553 2905 623 regni
2929 593 2943 618 ,
2989 568 3021 609 ο
3046 553 3187 609 cives
3213 553 3511 612 Jerusalem
3534 597 3549 621 ,
3583 563 3798 629 quoniam
3827 567 3865 623 in

2363 643 2652 700 Jerusalem
2686 645 2821 699 visio
2847 646 2994 716 pacis
3037 655 3149 710 est;
3196 656 3252 702 et
3280 661 3467 704 orunes
3505 649 3589 720 qui
3629 665 3780 709 amant
3800 673 3866 728 pa-

2363 749 2513 802 cem,
2542 735 2925 796 benedicuntur
2951 738 3006 792 in
3050 752 3147 804 ea,
3179 747 3240 794 .et
3269 738 3368 810 ipsi
3409 736 3597 796 intrant
3618 758 3723 800 cum
3753 748 3865 804 clau-

2364 828 2563 884 duntur
2589 836 2784 898 portae,
2830 838 2884 886 et
2927 827 3203 886 ﬁrmantur
3236 837 3437 887 vectes.
3472 831 3605 889 Hanc
3630 850 3763 906 quam
3791 856 3865 896 no.

2364 927 2616 982 minatam
2664 927 2741 983 sic
2789 929 2977 986 amatis
3012 937 3076 986 .et
3117 929 3365 1001 diligitis,
3414 930 3574 1002 ipsam
3612 935 3862 1004 sectamini,

2364 1019 2531 1089 ipsam
2559 1019 2856 1082 desiderate
2871 1037 2888 1088 ;
2937 1021 3105 1092 ipsam
3132 1023 3182 1077 in
3211 1023 3397 1092 domo,
3426 1023 3584 1095 ipsam
3609 1027 3654 1082 in
3673 1031 3862 1099 negotio,

2366 1110 2532 1181 ipsam
2573 1111 2626 1166 in
2654 1113 2908 1168 uxoribus
2921 1121 2946 1180 ,'
2984 1113 3150 1183 ipsam
3184 1115 3243 1170 .iu
3271 1114 3430 1184 ﬁliis,
3449 1115 3615 1186 ipsam
3637 1117 3684 1173 in
3707 1120 3861 1185 servis,

2367 1201 2533 1271 ipsam
2559 1203 2610 1256 in
2638 1204 2845 1267 amicis,
2879 1203 3049 1274 ipsam
3074 1204 3125 1260 in
3153 1204 3381 1262 inimicis
3399 1205 3612 1277 diligite.

2439 1293 2525 1350 l6.
2559 1293 2673 1364 Ipsa
2701 1304 2783 1350 est
2819 1310 2924 1366 pax
2951 1311 3245 1366 quamnon
3289 1297 3488 1354 habent
3516 1297 3859 1370 btet-eiicieuid

2369 1386 2476 1455 agit
2497 1401 2596 1455 pax
2619 1387 2672 1441 in
2703 1385 2861 1457 hujus
2874 1386 3049 1442 adhuc
3073 1386 3316 1458 regionis
3342 1388 3569 1453 incertis,
3598 1389 3645 1444 in
3669 1390 3748 1448 ista
3770 1407 3859 1461 per-

2357 1478 2696 1548 egrinatione
2739 1479 3076 1536 mortalitatis
3111 1490 3350 1546 nostrae;
3399 1496 3513 1538 cum
3554 1482 3704 1538 adhuc
3747 1500 3858 1540 neum

2365 1578 2449 1626 est
2484 1571 2636 1624 alteri
2670 1571 3006 1640 conspicuus,
3050 1586 3208 1627 nemo
3246 1571 3392 1630 videt
3415 1587 3506 1626 cor
3529 1573 3748 1628 alterius?
3769 1575 3856 1644 quid

2365 1659 2469 1730 agit
2494 1675 2591 1731 pax
2612 1662 2636 1715 ?
2657 1661 2733 1716 De
2762 1661 2980 1717 incertis
3007 1677 3110 1717 non
3134 1661 3360 1732 judicat,
3389 1663 3634 1734 incognita
3659 1679 3745 1720 non
3767 1679 3857 1720 con-

2367 1753 2543 1813 ﬁrmat
2562 1769 2576 1817 ;
2608 1754 2889 1823 proclivior
2909 1763 2992 1810 est
3015 1754 3081 1809 ad
3101 1754 3242 1809 bene
3261 1753 3575 1810 credendum
3598 1754 3655 1810 de
3678 1755 3851 1820 lmine,

2366 1859 2522 1914 quam
2563 1843 2631 1900 ad
2676 1844 2812 1899 male
2853 1844 3255 1914 suspicandum.
3293 1844 3405 1900 Non
3433 1860 3489 1900 se
3531 1845 3722 1898 multum
3751 1844 3852 1898 dolet

2363 1952 2580 2003 errare,
2607 1951 2730 1992 cum
2775 1937 2911 1994 bene
2942 1937 3112 1993 credit
3135 1938 3300 1993 etiam
3341 1937 3409 1993 de
3445 1938 3602 2002 malo;
3627 1937 3851 2006 perniciose

2365 2035 2565 2095 autem,
2594 2043 2712 2083 cum
2743 2028 2882 2084 male
2910 2029 3070 2084 sentit
3097 2026 3239 2084 forte
3266 2028 3332 2084 de
3357 2028 3510 2083 bono.
3531 2027 3699 2083 Nescio
3726 2025 3847 2096 qualis

2367 2122 2471 2178 sit'
2498 2140 2509 2175 :
2541 2122 2666 2193 quid
2696 2122 2882 2193 perdo,
2913 2122 2956 2176 si
2983 2121 3143 2178 credo
3180 2121 3305 2192 quia
3345 2120 3506 2190 bonus
3527 2121 3633 2175 est?
3653 2119 3699 2176 Si
3719 2101 3850 2174 inccr-

2369 2221 2478 2270 tum
2509 2222 2611 2282 cst,
2637 2214 2766 2269 licet
2791 2225 2846 2269 ut
2875 2229 3084 2280 caveas,
3114 2228 3185 2268 ne
3221 2212 3358 2268 forte
3392 2227 3564 2267 verum
3585 2210 3668 2278 sit;
3689 2225 3769 2264 non
3792 2218 3849 2262 ta-

2366 2320 2492 2364 men
2535 2305 2778 2369 damnes,
2825 2315 3073 2376 tanquam
3112 2319 3302 2359 verum
3353 2303 3439 2360 sit.
3469 2302 3573 2357 Hoc
3611 2316 3694 2372 pax
3719 2298 3845 2370 jubet.

2371 2398 2553 2466 Quare
2581 2414 2782 2467 pacem,
2815 2399 2916 2456 ait.
2943 2408 2989 2452 et
3009 2414 3216 2466 sequere
3257 2412 3365 2452 eam
3387 2393 3552 2461 (Psal.
3586 2407 3744 2457 xum,
3767 2390 3847 2458 l5).

2363 2483 2594 2540 llmresis
2634 2484 2761 2555 qtnd
2813 2482 3029 2539 monet?
3065 2483 3300 2540 Damnat
3347 2483 3650 2553 incognitos,
3694 2481 3849 2536 damnat

2364 2583 2531 2629 totum
2573 2572 2868 2630 mundum:
2916 2573 3080 2628 Periit
3133 2581 3282 2630 totus
3327 2570 3575 2639 mundus,
3616 2572 3758 2627 nullus
3792 2577 3849 2624 est

2358 2667 2692 2725 Christianus
2711 2709 2726 2734 ,
2755 2666 2935 2722 Africa
2959 2667 3243 2722 remansit.
3274 2667 3416 2723 Bene
3433 2666 3673 2738 judicasti.
3692 2665 3756 2719 De
3773 2675 3848 2738 quo

2361 2759 2609 2814 tribunali
2653 2759 2786 2815 dicis
2813 2769 2866 2815 tu
2902 2759 3225 2816 sententiam
3257 2760 3309 2815 in
3347 2760 3520 2815 orbem
3548 2753 3786 2812 terrarum?
3807 2752 3845 2806 in

2358 2870 2464 2924 quo
2487 2854 2605 2910 foro
2633 2862 2757 2910 alite
2782 2865 2835 2908 te
2865 2853 3097 2908 mundus
3116 2852 3306 2910 stetit?
3331 2852 3461 2910 Nolo
3485 2851 3605 2914 mihi
3630 2847 3840 2908 credatur.

2351 2947 2451 3005 sed
2482 2963 2579 3004 nec
2610 2947 2703 3003 tibi
2728 2963 2741 3000 :
2765 2946 2982 3002 Christo
3010 2945 3287 3011 credatur,
3318 2944 3524 3015 Spiritui
3557 2943 3637 2998 Dei
3657 2956 3728 3010 per
3747 2938 3842 2992 Pro-

2358 3039 2546 3109 phetas
2587 3038 2869 3110 credatur,
2922 3039 3048 3109 Legi
3089 3038 3262 3110 Moysi
3300 3037 3554 3094 credatur.
3603 3031 3713 3101 Quid
3749 3028 3842 3085 dixit

2360 3132 2567 3204 Moyses
2594 3131 2663 3187 de
2692 3129 2882 3186 futuris
2911 3130 2995 3188 his
3023 3130 3390 3201 temporibus?
3418 3128 3495 3184 Ad
3529 3126 3754 3184 Abraham
3787 3120 3842 3174 tli-

2355 3234 2499 3281 ctum
2527 3235 2608 3282 est
2639 3243 2651 3280 :
2681 3224 2749 3289 In
2791 3227 2977 3280 semine
3023 3233 3108 3280 tuo
3153 3225 3498 3282 benedicentur
3542 3236 3686 3278 attines
3721 3224 3841 3288 Μαι

2357 3316 2509 3388 (Gen.
2540 3316 2809 3388 xxu,18).
2855 3317 2938 3374 An
2955 3317 3172 3373 dubitas
3209 3317 3336 3388 quid
3374 3317 3441 3373 sit
3463 3330 3624 3370 semen
3642 3305 3840 3366 Abt-aha?

2347 3410 2492 3467 Puto
2519 3413 2641 3482 quia
2671 3427 2790 3468 cum
2819 3412 3110 3483 Apostolus
3133 3412 3352 3478 dixerit,
3378 3426 3478 3466 non
3505 3405 3754 3466 dubitabis:
3775 3409 3839 3455 III

2351 3503 2398 3558 si
2425 3512 2479 3558 et
2501 3502 2567 3558 de
2595 3504 2860 3573 .Apostolo
2885 3502 3171 3568 dubitabis,
3213 3519 3395 3575 quare,
3421 3502 3542 3567 Pax,
3564 3513 3676 3569 pax;
3704 3501 3836 3551 etnon

2348 3605 2438 3650 cst
2459 3611 2559 3665 pax
2581 3593 2795 3666 μενέω.
2818 3611 2891 3658 vi,
2916 3594 3006 3666 li)
3024 3594 3204 3661 ?Quid
3227 3595 3355 3650 dicit
3377 3588 3662 3663 Apostolus?
3678 3581 3836 3640 Abrae

2353 3687 2502 3742 dictae
2516 3695 2630 3741 sunt
2649 3686 3026 3756 prontissiones,
3047 3696 3092 3739 et
3109 3687 3293 3742 semini
3308 3687 3433 3756 ejus.
3453 3682 3561 3737 Non
3576 3679 3691 3743 dicit,
3707 3673 3757 3728 Et
3780 3687 3836 3726 εε-

2353 3781 2588 3846 minibus,
2601 3789 2841 3851 tanquam
2860 3780 2912 3834 in
2927 3779 3121 3846 multis;
3138 3781 3232 3834 sed
3243 3790 3469 3849 tanquam
3487 3776 3533 3830 in
3543 3769 3702 3838 «no.5!
3712 3762 3836 3822 ωνέιί

2351 3880 2460 3935 tuo,
2490 3871 2623 3942 quod
2641 3880 2713 3926 est
2733 3869 2962 3926 Christus
2981 3869 3178 3940 (Colat.
3201 3887 3279 3938 tu,
3311 3869 3411 3941 16).
3439 3869 3679 3924 Ecceante
3713 3855 3833 3913 ιηὶυίι

2353 3979 2614 4020 annorum
2634 3963 2841 4018 dictum
2879 3971 2965 4018 est
2993 3962 3258 4028 Abrahae,
3289 3960 3354 4016 In
3389 3959 3562 4016 semine
3595 3965 3666 4008 tuo
3687 3944 3834 4004 bendi-

2349 4063 2527 4110 ccntur
2545 4071 2718 4111 omnes
2732 4063 2903 4125 gentes
2925 4069 2942 4108 :
2967 4053 3106 4124 quod
3129 4064 3256 4110 ante
3274 4052 3431 4108 millia
3448 4059 3673 4106 annorum
3692 4041 3833 4096 dictum

2349 4156 2527 4214 est,et
2543 4147 2611 4202 ab
2637 4159 2742 4202 uno
2763 4145 3048 4211 creditum,
3069 4145 3234 4200 modo
3249 4146 3358 4216 jam
3376 4144 3594 4198 videmus
3611 4133 3830 4203 impletum.

2351 4238 2466 4296 Bac
2501 4240 2762 4310 legimus,
2795 4238 2895 4294 hac
2948 4239 3238 4304 intuemur,
3266 4246 3319 4294 et
3344 4246 3396 4292 tu
3433 4232 3614 4291 resistis
3640 4227 3832 4282 detram-

2355 4347 2508 4388 verse
2529 4309 2780 4388 veniens?
2795 4332 2932 4400 Quid
2955 4331 3231 4387 dicturus?
3249 4330 3366 4387 Noli
3387 4326 3604 4386 credere.
3627 4316 3722 4376 Cui?
3743 4309 3830 4379 δρί-

2351 4425 2478 4480 ritui
2511 4425 2642 4480 Dei?
2671 4425 2783 4480 Deo
2823 4424 3061 4494 loquenti
3099 4424 3166 4480 ad
3197 4421 3492 4480 Abraham?
3518 4418 3578 4472 Et
3600 4412 3669 4469 cui
3688 4401 3832 4464 credo?

2357 4517 2516 4572 Tibi?
2561 4516 2678 4570 Non
2727 4515 2831 4571 hoc
2877 4515 3017 4580 dico,
3049 4517 3277 4587 inquies.
3315 4515 3425 4572 Non
3467 4513 3559 4566 hoc
3596 4501 3828 4562 dicislnoa

2353 4608 2486 4664 dicis
2511 4627 2524 4662 :
2555 4608 2680 4663 Mihi
2711 4609 2886 4678 potius
2922 4609 3112 4673 crede,
3151 4623 3313 4679 quam
3352 4601 3555 4676 Spiritui
3586 4595 3663 4654 Dei
3692 4599 3733 4646 et
3755 4587 3830 4641 θεο

2351 4701 2588 4771 loquenti
2620 4701 2685 4755 ad
2713 4702 3021 4757 Abraham?
3046 4701 3182 4768 Quid
3204 4715 3332 4772 ergo
3354 4696 3479 4753 mihi
3502 4685 3734 4750 dicisillle

2349 4767 2506 4858 didit,
2536 4802 2590 4849 et
2616 4793 2705 4848 ille
2734 4793 2971 4848 tradidit.
3003 4767 3080 4850 ne
3123 4767 3411 4863 Evangelia
3447 4785 3620 4842 recitas
3653 4777 3746 4836 hoc,
3783 4767 3830 4822 te

2355 4886 2634 4954 Apostolo,
2665 4884 2736 4940 de
2775 4885 3053 4955 Prophetis
3074 4885 3098 4938 γ
3122 4869 3337 4940 Discute
3362 4892 3536 4938 omnes
3569 4868 3828 4955 εοήμυηξι

2350 4951 2474 5048 lege
2489 4951 2738 5032 mihihoc
2753 4991 2816 5032 ex
2833 4951 2912 5034 eis
2927 4978 3120 5048 quibus
3133 4978 3328 5043 credo;
3347 4973 3434 5031 tibi
3453 4970 3680 5028 enimnon

2357 5043 2509 5126 {Inde
2554 5071 2786 5127 lecturus
2823 5069 2918 5126 es?
2947 5043 3080 5126 llos
3124 5071 3254 5126 mihi
3295 5076 3440 5140 pater
3475 5073 3625 5123 meus,
3654 5052 3728 5144 Iit.

2355 5163 2487 5218 mihi
2514 5178 2642 5218 avus
2665 5177 2836 5228 meus,
2869 5162 2972 5219 hoc
3001 5164 3128 5218 mihi
3149 5165 3308 5218 frater
3332 5171 3490 5218 meus,
3512 5153 3602 5206 hoc
3623 5140 3726 5202 mihi
3743 5140 3825 5204 οβ’

2358 5271 2550 5326 scopas
2577 5271 2749 5312 meus.
2781 5256 2888 5312 Sed
2924 5257 3026 5312 hoc
3050 5256 3275 5312 Abrahae
3319 5254 3449 5308 Deus
3475 5266 3487 5300 :
3517 5244 3577 5298 1η

2356 5316 2708 5406 benedicentur
2727 5364 2906 5405 omnes
2918 5360 3105 5422 gentes.
3131 5348 3288 5404 Audit
3306 5357 3434 5399 unus
3453 5340 3595 5392 homo
3630 5337 3676 5384 οι

2359 5453 2413 5500 et
2441 5445 2497 5499 ﬁt
2523 5445 2574 5498 in
2619 5443 2800 5498 multis
2835 5415 2956 5515 post
2987 5445 3150 5498 multa
3177 5450 3429 5508 tempora-
3460 5423 3655 5500 093m”

2359 5547 2471 5608 est,
2499 5537 2774 5595 creditur:
2807 5499 3020 5609 quando
3045 5499 3312 5609 impletum
3347 5537 3452 5592 est,
3478 5499 3830 5580 dubitatur?“

2428 5695 3107 5789 ἰξίιέαέῗθὲἧῇ
3190 5749 3438 5789 mnium
3475 5745 3626 5789 autem.
3643 5737 3730 5782 συσπ
3743 5712 3831 5770 ’πά

2472 5737 3145 5829 ,,
3475 5745 3626 5796 mrtem,
3643 5737 3730 5782 cum

2366 5814 2575 5872 senserit
2587 5814 2785 5884 forte'dc
2808 5821 2942 5882 bona,
2962 5814 3170 5872 nesciens
3189 5814 3337 5879 quatis
3359 5814 3430 5861 sit.
