4084 6512
319 527 456 584 ergo
496 510 631 566 dixit
674 509 915 579 Moyses,
949 505 1128 561 dicant
1167 512 1219 559 et
1253 501 1553 572 Prophetae.
1585 498 1717 553 Vide
1765 511 1915 553 com-

320 604 584 661 mercium
612 600 898 670 emptionis
926 609 1146 652 nostra).
1171 596 1414 651 Christus
1443 593 1642 663 pendet
1663 591 1715 646 in
1738 591 1912 661 ligno;

316 695 445 752 vide
470 702 676 764 quanto
703 691 852 753 emit,
884 698 937 743 et
955 690 1034 743 sic
1063 687 1270 742 videbis
1296 684 1421 756 quid
1450 684 1597 738 emit.
1630 682 1915 752 Empturus

320 796 408 844 est
446 784 679 856 aliquid;
723 783 894 852 ipsum
923 778 1121 851 aliquid
1162 777 1396 833 nondum
1439 778 1565 831 scis.
1600 775 1750 843 Vide,
1795 773 1914 828 vide

282 926 287 929 .
318 881 529 952 quanti,
572 889 629 934 et
654 876 860 931 videbis
910 874 1058 945 quid.
1096 872 1421 943 Sanguinem
1458 871 1613 937 fudit,
1654 870 1913 953 sanguine

318 990 423 1029 suo
448 972 598 1037 emit,
633 969 891 1040 sanguine
920 967 1057 1037 Agni
1097 965 1421 1021 immaculati
1470 964 1621 1030 emit,
1654 963 1912 1034 sanguine

310 1067 463 1122 unici
491 1063 612 1118 Filii
642 1062 738 1117 Dei
770 1060 917 1117 emit.
946 1059 1084 1126 Quid
1104 1068 1349 1129 emptum
1380 1066 1463 1113 est
1478 1056 1737 1126 sanguine
1768 1055 1911 1111 unici

304 1160 445 1214 Filii
462 1158 582 1213 Dei?
598 1154 791 1211 Adhuc
801 1153 922 1209 vide
940 1153 1143 1223 quanti.
1157 1140 1423 1222 Propheta
1446 1149 1578 1204 dixit
1598 1149 1755 1219 longe
1770 1157 1912 1204 ante-

316 1268 481 1324 quam
512 1252 695 1306 fieret:
724 1248 987 1303 Fuderunt
1012 1262 1191 1300 manus
1220 1261 1367 1299 meas
1395 1251 1440 1298 et
1466 1242 1615 1315 pedes
1642 1258 1799 1307 meos,
1828 1238 1909 1295 tli-

317 1351 711 1399 numeraverunt
731 1340 902 1395 omnia
921 1356 1037 1395 ossa
1059 1354 1188 1392 mea.
1212 1337 1457 1407 Magnum
1480 1335 1709 1405 pretium
1720 1333 1905 1401 video,

316 1437 537 1493 Christe
564 1437 618 1500 ¹;
658 1433 866 1488 videam
908 1431 1035 1501 quid
1090 1429 1264 1485 emisti
1298 1447 1310 1482 :
1355 1426 1906 1492 Commemorabuntur,

319 1540 367 1585 et
410 1536 758 1584 convertentur
788 1526 855 1579 ad
902 1524 1177 1579 Dominum
1210 1522 1432 1603 uniuersi
1481 1522 1605 1591 ﬁnes
1642 1529 1814 1576 terra).
1844 1518 1905 1574 in

316 1638 432 1678 uno
459 1621 753 1691 eodemque
794 1618 1002 1689 psalmo
1030 1625 1325 1686 emptorem
1354 1614 1530 1681 video,
1572 1623 1626 1693 et
1657 1612 1907 1684 pretium,

321 1726 379 1772 et
431 1714 846 1785 possessionem.
916 1712 1139 1782 Emptor
1185 1710 1428 1767 Christus
1475 1718 1556 1763 est
1600 1750 1615 1775 ,
1684 1707 1910 1777 pretium

322 1808 561 1878 sanguis,
594 1805 865 1876 possessio
910 1802 1054 1859 orbis
1085 1815 1363 1859 terrarum.
1390 1801 1569 1855 Voces
1604 1800 1747 1869 ipsas
1782 1813 1911 1869 pro-

322 1900 566 1970 phelicas
590 1896 888 1961 audiamus,
911 1894 1340 1950 contradicentes
1358 1891 1714 1963 litigatoribus
1743 1890 1909 1944 barre-

312 1990 470 2046 -tieis.
488 1990 624 2044 Ecce
650 1990 921 2059 possessio
944 1986 1153 2041 Domini
1172 1983 1408 2039 melius
1428 1986 1450 2015 '
1472 1984 1588 2054 lego
1607 1983 1659 2036 in
1677 1981 1907 2052 psalmo,

325 2078 890 2145 Commemorabuntur,
918 2088 961 2132 et
996 2086 1343 2133 convertentur
1382 2076 1448 2129 ad
1478 2075 1753 2130 Dominum
1792 2074 1911 2128 uni-

318 2173 454 2228 uersi
475 2174 600 2242 ﬁnes
620 2180 792 2236 teri-te,
812 2179 859 2225 et
880 2168 1163 2224 adorabunt
1183 2170 1233 2222 in
1253 2176 1524 2238 conspectu
1540 2169 1651 2239 ejus
1670 2167 1914 2219 universa:

324 2265 506 2334 patria:
522 2265 764 2335 gentium.
809 2264 874 2317 Et
915 2262 1036 2318 ride
1064 2262 1388 2332 jurgantem,
1431 2260 1550 2315 vide
1590 2259 1678 2329 jus
1721 2257 1910 2313 defen-

322 2356 539 2412 dentem
566 2373 578 2409 :
611 2354 863 2423 Quoniam
886 2354 1047 2424 ipsius
1075 2361 1148 2407 est
1182 2368 1411 2424 regnum,
1450 2360 1495 2405 et
1526 2351 1638 2421 ipse
1675 2352 1911 2405 domina-

326 2448 459 2502 bitur
498 2444 718 2518 gentium
755 2442 925 2516 (Psal.
978 2460 1095 2511 xm,
1129 2445 1218 2510 i7,
1252 2444 1339 2509 18,
1367 2442 1459 2509 28,
1498 2442 1615 2513 29).
1664 2441 1781 2513 Ipse
1821 2444 1911 2514 qui

323 2542 455 2597 emit
492 2539 759 2608 ChriStus,
805 2553 909 2592 non
939 2537 1028 2606 qui
1072 2537 1395 2608 apostatavit
1420 2536 1679 2589 Donatus.
1715 2536 1914 2589 Adera-

323 2634 447 2688 bunt
558 2604 753 2698 recte,
789 2604 1072 2685 adorabunt
1123 2644 1292 2683 omnes
1352 2630 1532 2700 patria:
1587 2630 1809 2700 gentium
1856 2631 1913 2683 in

322 2735 593 2791 compertu
638 2726 767 2795 ejus.
814 2722 989 2799 Quare
1036 2722 1221 2777 recte?
1280 2721 1531 2788 Quoniam
1584 2720 1789 2775 Domini
1842 2730 1913 2775 est

322 2835 556 2891 regnum,
578 2828 622 2873 et
642 2819 751 2887 ipse
771 2816 1114 2871 dominabitur
1134 2816 1379 2886 gentium.
1400 2814 1533 2868 Illud
1557 2814 1785 2885 Moyses,
1813 2816 1912 2869 hoc

324 2913 607 2983 Propheta:
629 2952 641 2975 ,
671 2918 726 2965 et
771 2909 875 2964 alia
903 2907 1067 2962 multa
1097 2908 1282 2962 millia.
1317 2906 1444 2981 Quis
1476 2916 1721 2960 numerat
1766 2906 1915 2960 testi-

325 3006 506 3061 monia
543 3003 619 3058 de
648 3001 888 3058 Ecclesia
937 3010 1049 3055 toto
1090 3010 1348 3055 terrarum
1382 3000 1509 3054 orbe
1538 2997 1766 3053 diffusa?
1797 2999 1914 3069 quis

324 3097 608 3153 numerat?
633 3094 749 3149 Non
796 3103 920 3148 sunt
966 3101 1043 3147 tot
1084 3092 1317 3146 haereses
1360 3100 1543 3146 contra
1589 3092 1910 3158 Ecclesium,

322 3202 455 3262 quot
485 3198 611 3245 sunt
637 3188 936 3244 testimonia
964 3188 1121 3258 Legis
1150 3202 1248 3269 pro
1279 3186 1539 3241 Ecclesia.
1568 3186 1912 3255 Quzepagina

323 3301 433 3340 non
462 3284 565 3337 ltoc
591 3282 784 3338 sonat?
807 3281 926 3351 quis
952 3295 1138 3335 versus
1167 3295 1270 3333 non
1290 3279 1404 3333 hoc
1434 3278 1702 3347 loquitur?
1724 3278 1913 3333 Omnia

321 3378 687 3445 clamantpro
703 3375 901 3428 unitate
919 3373 1204 3439 dominica,
1238 3372 1358 3441 quia
1384 3372 1560 3442 posuit
1592 3372 1724 3426 lines
1753 3371 1911 3425 Jeru-

320 3470 492 3524 salem
523 3482 727 3537 pacem.
756 3464 835 3520 Tu
876 3474 1062 3519 contra
1098 3464 1197 3517 ista
1231 3462 1414 3529 latras,
1447 3463 1729 3518 lncretice!
1758 3463 1913 3520 Unde

320 3561 521 3616 merito
548 3559 740 3613 dicitur
781 3558 832 3611 in
866 3558 951 3611 illa
983 3557 1224 3622 civitate,
1273 3556 1413 3627 quod
1465 3556 1719 3626 scriptum
1750 3568 1831 3613 est
1860 3559 1913 3613 in

324 3650 668 3721 Apocalypsi,
697 3647 857 3704 Canes
898 3650 1035 3720 foras
1084 3648 1264 3718 (Apoc.
1294 3664 1431 3713 xxii,
1465 3647 1577 3721 15).
1619 3648 1696 3704 Tu
1726 3659 1912 3734 contra

325 3743 430 3798 ista
461 3743 642 3796 latras.
670 3739 825 3796 Unde
859 3741 1103 3811 judicasti
1134 3739 1200 3794 de
1229 3741 1359 3795 orbe
1405 3750 1668 3796 terrarum
1691 3785 1705 3810 ,
1742 3750 1799 3797 ut
1826 3742 1912 3798 di-

324 3852 452 3893 cere
491 3836 801 3905 coeperam?
830 3850 935 3904 quo
979 3833 1260 3888 tribunali?
1289 3834 1713 3904 Prmsumptionc
1762 3836 1914 3890 vide-

328 3928 459 3984 licet
484 3926 663 3981 cordis
694 3926 786 3980 tui.
816 3925 991 3979 Altum
1020 3924 1272 3991 tribunal,
1302 3925 1395 3978 sed
1427 3925 1722 3979 ruinosam.
1774 3926 1917 3981 Dixit

326 4020 437 4076 hoc
484 4018 728 4091 Moyses,
775 4017 1021 4073 dixerunt
1071 4017 1170 4071 hoc
1219 4014 1525 4086 PrOpbetac;
1576 4024 1632 4071 et
1678 4017 1913 4072 nondum

327 4112 579 4178 credunt,
606 4111 694 4182 qui
726 4124 783 4164 se
810 4108 1129 4164 christianos
1154 4107 1319 4163 videri
1348 4106 1533 4161 volunt
1554 4105 1607 4162 ’ἓ

388 4203 491 4259 i7.
527 4201 896 4273 Torquebatur
934 4199 1146 4271 quidam
1176 4199 1325 4255 dives
1351 4198 1489 4269 apud
1517 4198 1736 4268 inferos,
1768 4201 1913 4258 desi-

320 4293 542 4352 deravit
569 4309 719 4364 aqua:
741 4292 934 4347 stillam
964 4293 1028 4347 de
1048 4292 1210 4363 digito
1239 4293 1527 4361 contempti
1555 4303 1677 4349 ante
1697 4294 1915 4363 januam

324 4405 481 4447 suam
509 4385 775 4457 pauperis,
800 4385 1049 4456 quoniam
1079 4383 1328 4439 urebatur
1356 4383 1407 4437 in
1428 4382 1671 4440 ﬂammis.
1705 4383 1916 4440 Etcum

324 4484 377 4539 ei
415 4495 520 4536 non
564 4479 808 4544 daretur,
856 4480 977 4548 quia
1017 4478 1261 4547 judicium
1304 4478 1412 4532 sine
1451 4480 1794 4535 misericordia
1836 4479 1917 4536 illi

324 4573 415 4646 qui
446 4588 547 4626 non
571 4570 684 4642 fecit
711 4569 1103 4624 misericordiam
1120 4587 1137 4635 ;
1160 4585 1279 4625 cum
1307 4572 1509 4641 ergo-ci
1538 4588 1643 4626 non
1665 4572 1913 4641 daretur,

324 4663 465 4720 dixit
507 4661 572 4716 ad
613 4660 881 4717 Abraham
913 4679 925 4714 :
962 4659 1119 4715 Pater
1156 4661 1432 4728 Abraham,
1472 4664 1611 4719 mitte
1636 4663 1911 4720 Lazarum.

329 4756 511 4813 Habeo
534 4756 600 4809 ibi
626 4756 842 4825 quinque
867 4756 1086 4827 fratres;
1108 4756 1370 4810 annuntiet
1391 4758 1460 4809 eis
1480 4774 1592 4826 qua:
1619 4759 1699 4812 hic
1727 4761 1914 4828 patior,

324 4867 393 4905 ne
420 4858 464 4901 et
496 4848 594 4917 ipsi
622 4847 822 4900 veniant
853 4846 906 4899 in
935 4846 1101 4900 locum
1130 4847 1261 4901 hunc
1292 4857 1670 4905 tormentorum.
1697 4850 1764 4906 Et
1788 4852 1917 4922 quid

323 4941 405 4998 illi
438 4938 748 4996 Abraham?
779 4936 982 4992 Habent
1021 4939 1125 4993 illic
1176 4939 1389 5012 Moysen
1430 4950 1476 4995 et
1515 4940 1822 5012 Prophetas.
1853 4945 1920 5000 Et

322 5034 419 5099 ille
452 5051 465 5087 :
500 5030 643 5098 Non,
673 5040 816 5102 pater
858 5030 1151 5096 Abraham;
1191 5032 1277 5086 sed
1304 5034 1347 5089 si
1372 5034 1483 5104 quis
1507 5051 1569 5089 ea:
1598 5037 1807 5093 mortuis
1836 5054 1918 5093 re—

315 5124 629 5189 surrexerit,
656 5122 879 5183 credent.
906 5123 988 5178 .Et
1014 5122 1281 5179 Abraham
1319 5143 1332 5179 :
1363 5126 1422 5181 Si
1449 5125 1682 5197 Moysen,
1714 5129 1914 5200 inquit,

317 5228 375 5275 et
401 5214 697 5288 Prophetas
726 5232 828 5270 non
850 5214 1094 5283 audiunt,
1133 5233 1221 5270 nec
1246 5218 1289 5271 si
1304 5218 1421 5288 quis
1449 5235 1479 5272 a
1510 5219 1719 5275 mortuis
1748 5238 1919 5277 resur-

316 5310 540 5375 rexerit,
588 5307 966 5379 credent.(Luc.
1010 5325 1115 5371 xvi,
1151 5310 1237 5373 19,
1285 5309 1396 5377 51).
1432 5311 1505 5366 De
1528 5314 1721 5383 quibus
1750 5314 1912 5381 dixit,

322 5402 543 5460 Habent
586 5403 655 5456 ibi
680 5402 895 5475 Moysen
932 5414 977 5459 et
1026 5404 1351 5475 PrOphetas?
1376 5407 1455 5461 De
1507 5407 1589 5462 his
1619 5409 1799 5478 utique
1829 5392 1917 5480 ιιῖιί

317 5494 511 5553 adhuc
555 5494 839 5563 vivebant,
885 5497 1074 5567 quibus
1100 5496 1276 5553 adhuc
1321 5508 1531 5569 tempus
1570 5501 1917 5557 correctionis

318 5589 541 5658 largum
563 5596 698 5652 erat,
716 5588 804 5659 qui
824 5589 1056 5645 nondum
1092 5591 1419 5647 venerantia
1436 5591 1553 5648 loca
1573 5592 1663 5648 illa
1683 5602 1918 5649 tormen-

392 5703 412 5765 ξ
449 5700 523 5765 sic
543 5699 742 5765 aliquot
757 5708 863 5752 Mss.
878 5700 1144 5759 Eddtvcro.
1166 5702 1363 5757 Christi.

389 5763 413 5795 ²
438 5764 513 5811 Sic
562 5761 827 5831 legendum
865 5776 975 5812 cum
1028 5770 1099 5814 Er.
1145 5772 1195 5815 et
1237 5766 1453 5818 melioris
1493 5775 1621 5820 nom
1663 5776 1766 5820 Mss.
1796 5769 1923 5831 .[Vis

316 5826 695 5938 W30,tlfl%il-MS.
716 5923 730 5949 ,
751 5887 932 5939 uolunt.

1373 380 1766 453 ENARRATIIO
1805 378 1869 434 ΙΝ
1910 374 2231 437 PSALMUM
2270 382 2518 441 CXLVII.

3469 395 3609 457 i326

2026 502 2222 553 torum.
2244 499 2444 556 Habent
2461 504 2546 569 ibi,
2573 505 2760 575 inquit,
2779 521 2905 577 quas
2931 509 3163 575 audiant,
3190 509 3405 581 Moysen
3420 521 3467 567 et
3485 510 3613 568 Pro-

2019 593 2214 663 phelas.
2242 596 2359 652 Non
2397 598 2621 653 credunt
2651 598 2749 665 his,
2780 601 2869 655 sed
2899 601 2942 655 si
2963 603 3073 672 quis
3093 620 3123 656 (ι
3141 604 3351 658 mortuis
3388 622 3609 660 resurre-
3656 593 3667 620 ⁸

2016 688 2388 754 xerit,credent.
2408 690 2467 767 Si
2490 691 2700 763 Moysen
2719 700 2763 747 et
2784 691 3065 765 PrOphetas
3083 712 3182 749 non
3201 695 3434 763 audiunt,
3454 715 3541 753 nec
3562 700 3607 754 si

2000 778 2127 848 'quis
2149 796 2179 833 a
2203 782 2415 837 mortuis
2439 785 2787 851 resurrexerit,
2816 788 3039 843 credent.
3067 787 3343 844 Sententia
3374 790 3603 848 Abrahae

2002 878 2118 924 est.
2147 870 2374 928 Ahraha:
2403 878 2666 931 sententia
2695 877 2816 945 ubi,
2845 886 2900 934 et
2924 878 3105 935 unde?
3134 879 3214 937 De
3243 881 3471 953 quodam
3503 900 3605 940 cx-

2017 962 2161 1017 celso
2201 962 2341 1029 loco,
2375 974 2429 1035 et
2468 967 2625 1037 pleno
2657 969 2849 1040 quietis
2872 979 2925 1029 et
2952 971 3252 1041 felicitatis,
3285 991 3443 1046 quem
3473 975 3605 1033 vidit

2017 1052 2125 1121 ille,
2160 1057 2247 1126 qui
2293 1058 2630 1115 cruciabatur
2678 1062 2731 1116 in
2767 1061 2977 1119 flamma
3000 1108 3014 1131 ,
3047 1065 3234 1122 levatis
3261 1066 3429 1125 oculis
3458 1070 3602 1136 suis;

2014 1146 2225 1215 quando
2244 1149 2303 1203 in
2335 1150 2451 1220 ejus
2491 1153 2695 1223 gremio
2717 1196 2730 1220 ,
2754 1155 2814 1211 .id
2845 1165 2925 1214 est
2969 1158 3020 1211 in
3051 1158 3165 1229 ejus
3212 1172 3441 1231 secreto,
3471 1162 3605 1219 vidit

2017 1250 2302 1307 pauperem
2332 1239 2562 1298 feliciter
2592 1247 2946 1302 exsultantem
2980 1267 2991 1301 :
3022 1250 3144 1306 inde
3166 1248 3374 1323 prolata
3402 1263 3483 1311 est
3504 1256 3605 1312 ista

2016 1333 2300 1388 sententia.
2342 1334 2479 1391 Vide
2524 1336 2591 1392 de
2633 1356 2737 1410 quo
2784 1336 3054 1398 tribunali.
3099 1341 3173 1399 lbi
3215 1346 3357 1403 enim
3401 1346 3606 1407 habitat

2006 1422 2187 1491 Deus,
2217 1426 2419 1495 quia'in
2449 1431 2646 1485 sanctis
2673 1430 2875 1505 habitat
2898 1435 3062 1506 Deus.
3089 1434 3239 1492 Unde
3285 1448 3435 1510 Optat
3465 1440 3608 1511 Apo-

2015 1515 2184 1570 stolus
2206 1526 2257 1571 ct
2275 1517 2419 1585 dicit,
2451 1519 2672 1576 Dissolvi
2688 1534 2732 1577 et
2761 1542 2864 1580 esse
2884 1544 2999 1583 cum
3028 1525 3245 1596 Christo,
3272 1531 3430 1585 multo
3448 1535 3607 1604 magis

2016 1607 2259 1676 optimum
2283 1608 2537 1683 (Philipp.
2563 1629 2599 1679 ι,
2632 1614 2723 1685 25)
2752 1634 2763 1668 :
2791 1626 2841 1671 et
2868 1616 3060 1674 latroni
3090 1618 3165 1675 illi
3197 1620 3407 1687 dicitur,
3435 1614 3606 1695 Hodie

2015 1713 2210 1752 mecum
2257 1705 2354 1755 en‘s
2392 1702 2445 1755 in
2492 1706 2729 1774 paradiso
2770 1706 2920 1780 (Luc.
2960 1710 3262 1783 xxut,.43).
3304 1712 3446 1787 Ergo
3496 1716 3603 1772 Do-

2014 1790 2191 1846 minus
2235 1806 2356 1847 cum
2410 1795 2677 1851 Abraham
2724 1806 2777 1851 et
2826 1802 2878 1853 iu
2908 1799 3175 1857 Abraham
3220 1800 3443 1873 manens
3472 1807 3607 1863 dixit

1994 1881 2174 1937 ‘istam
2220 1887 2539 1941 sententiam
2568 1907 2580 1943 :
2612 1887 2812 1946 Habent
2848 1892 2928 1947 ibi
2960 1892 3171 1965 Moysen
3209 1907 3254 1965 et
3284 1897 3603 1971 Prata/tetas;

2015 1978 2061 2030 si
2088 1977 2205 2033 illos
2232 1994 2331 2033 non
2372 1982 2604 2048 audiunt,
2638 2000 2795 2055 neque
2823 1986 2869 2039 si
2906 1986 3089 2057 aliquis
3110 2006 3147 2054 ,α
3190 1990 3401 2045 mortuis
3432 2010 3605 2047 τεθαν-

2015 2070 2220 2133 rexerit,
2253 2073 2455 2125 credent
2485 2075 2549 2137 ei.
2584 2074 2627 2128 Ο
2657 2074 2914 2143 haeretici,
2948 2076 3157 2137 habetis
3185 2079 3269 2137 hic
3301 2081 3519 2155 Moysen
3550 2094 3601 2139 et

2014 2160 2312 2233 Prolihetas
2332 2182 2342 2216 :
2365 2164 2538 2221 adhuc
2558 2168 2755 2236 vivitis,
2776 2168 2840 2223 ad
2850 2170 2950 2224 huc
2964 2174 3185 2243 potestis
3204 2174 3410 2242 audire,
3430 2176 3606 2243 adhuc

2014 2252 2139 2309 licet
2153 2256 2596 2328 corrigi,animosi
2606 2267 2763 2316 tatem
2782 2261 3008 2338 frenare;
3025 2265 3302 2327 veritatem
3323 2277 3503 2326 tenere
3520 2271 3588 2327 ad

2014 2342 2118 2401 huc
2156 2349 2785 2423 concediturzdiseeptate
2803 2356 3073 2412 vobiscum
3097 2369 3272 2415 utrum
3308 2361 3605 2421 audiendus

2016 2441 2307 2517 sitiloyses
2323 2445 2688 2519 et’Prophetai,
2712 2449 2799 2520 qui
2828 2449 3072 2509 tideisuae
3100 2454 3400 2511 testimonia
3417 2465 3563 2515 tanta
3587 2458 3603 2490 ¹

2016 2536 2401 2605 exhibuerunt;
2427 2556 2547 2596 cum
2571 2541 2845 2599 videamus
2862 2542 2939 2600 sic
2965 2561 3181 2604 currere
3205 2563 3293 2603 res
3310 2547 3603 2621 humanas,

2017 2639 2075 2684 ut
2102 2629 2168 2686 ab
2194 2629 2321 2700 ipsis
2340 2633 2619 2703 prardictre
2662 2644 2804 2692 sunt.
2837 2635 2973 2704 Quid
3001 2637 3253 2703 dubitatis
3279 2641 3452 2699 adhuc
3488 2658 3597 2701 cre-

2015 2721 2143 2777 dere
2169 2722 2333 2795 Moysi
2376 2735 2429 2779 et
2457 2726 2778 2797 Prophetis?
2807 2729 2934 2801 quid
2974 2730 3226 2793 dubitatis
3272 2735 3495 2800 audire?
3521 2737 3603 2795 An

2015 2810 2152 2866 forte
2178 2815 2413 2884 quaeritis
2445 2828 2812 2888 resurgentem
2852 2836 2879 2873 a
2920 2822 3173 2889 mortuis,
3207 2833 3384 2897 utrum
3413 2836 3466 2883 ct
3493 2826 3607 2899 ipse

2016 2904 2166 2959 vobis
2194 2905 2333 2977 dicat
2354 2906 2419 2962 de
2453 2908 2688 2965 Ecclesia
2718 2913 2853 2967 sua?
2878 2913 3135 2981 Quaesivit
3154 2916 3263 2973 hoc
3292 2917 3441 2975 dives
3458 2920 3603 2990 apud

2016 2994 2236 3061 inferos,
2270 2996 2501 3069 aliquem
2544 3001 2681 3056 mitti
2727 3018 2792 3057 ex
2837 3006 3060 3063 mortuis
3086 3005 3152 3063 ad
3194 3006 3385 3064 fratres
3430 3025 3556 3067 suos
3590 3029 3603 3065 :

2015 3090 2373 3167 reprehensus
2400 3103 2481 3149 est
2521 3096 2642 3167 quia
2668 3096 2769 3152 hoc
2810 3100 3089 3171 qumsivit;
3116 3101 3364 3160 sufﬁcere
3402 3103 3603 3163 debue-

2015 3190 2140 3235 runt
2170 3182 2420 3238 fratribus
2449 3186 2564 3256 ejus
2604 3187 2811 3260 Moyses
2839 3199 2892 3245 et
2918 3190 3221 3263 Propbctm.
3260 3194 3343 3251 Ad
3375 3195 3477 3253 hoe
3504 3197 3605 3254 ille

2016 3269 2212 3327 frustra
2243 3276 2522 3344 qumsivit,
2558 3287 2614 3333 ut
2643 3294 2736 3333 vos
2776 3280 2891 3350 jam
2938 3283 3187 3354 exemplo
3216 3284 3495 3354 admoniti,
3522 3304 3598 3345 ne

2015 3364 2210 3421 fru5tra
2237 3376 2291 3421 et
2320 3381 2440 3422 sero
2466 3381 2789 3441 quaerentes,
2821 3373 2958 3437 sicut
2982 3374 3069 3431 ille
3094 3380 3468 3448 torqueamiui.
3497 3381 3605 3437 Au-

2015 3454 2175 3512 diatis
2210 3457 2427 3532 Moysen
2471 3470 2522 3516 et
2564 3463 2880 3534 Prophetas.
2906 3466 3052 3535 Quid
3090 3467 3224 3525 dixit
3262 3470 3508 3543 Moyses?
3536 3472 3607 3528 In

2016 3548 2204 3601 semine
2242 3558 2325 3603 tuo
2373 3552 2727 3609 benedicentur
2763 3572 2935 3612 omnes
2952 3567 3147 3631 gentes.
3194 3560 3607 3629 Quiddixerunt

2019 3636 2339 3710 Prophette?
2368 3644 2934 3713 commemorabuntur,
2958 3659 3004 3704 et
3027 3661 3377 3708 convertentur
3406 3655 3475 3709 ad
3497 3654 3608 3711 Do-

2018 3733 2208 3786 minum
2237 3736 2451 3791 universi
2479 3738 2607 3805 ﬁnes
2643 3749 2806 3793 terrm.
2841 3739 3031 3795 Adhuc
3073 3742 3201 3796 mihi
3240 3742 3481 3811 dicturus
3511 3760 3605 3802 es:

2018 3822 2208 3894 Surgat
2230 3828 2420 3897 aliquis
2449 3844 2514 3883 ex
2540 3831 2791 3895 mortuis;
2817 3846 2915 3901 ego
2937 3848 3041 3887 non
3068 3834 3252 3899 credo,
3282 3837 3385 3891 nisi
3414 3837 3607 3907 aliquis

2019 3912 2142 3968 inde
2187 3917 2413 3981 venerit,
2442 3928 2496 3971 et
2540 3918 2773 3974 dixerit?
2812 3919 2855 3975 Ο
2883 3920 3125 3987 Domine,
3147 3924 3357 3993 gratias
3388 3925 3605 3982 miseri-

2018 4008 2217 4062 cordicc
2272 4019 2374 4064 tua:
2418 4011 2681 4066 :voluisti
2743 4012 2911 4079 mori,
2961 4022 3015 4068 ut
3065 4014 3257 4085 aliquis
3307 4017 3608 4076 abinleris

2019 4109 2297 4170 surgeret;
2326 4110 2379 4156 et
2400 4101 2514 4171 ipse
2539 4102 2750 4173 aliquis,
2783 4119 2889 4159 non
2909 4105 3249 4179 quicumque,
3277 4108 3371 4163 sed
3404 4108 3608 4167 Veritas

2020 4194 2252 4248 surrexit
2275 4195 2343 4250 ab
2373 4195 2574 4251 inferis.
2603 4195 2703 4265 Qui
2728 4212 2912 4253 verum
2945 4197 3013 4255 de
3042 4198 3228 4257 inferis
3253 4200 3476 4267 diceret,
3502 4203 3607 4259 etsi

2019 4284 2085 4339 ad
2117 4285 2314 4342 inferos
2354 4303 2457 4343 non
2486 4288 2725 4354 veniret;
2757 4298 2933 4345 tamen
2977 4302 3192 4361 propter
3231 4307 3390 4350 voces
3431 4294 3604 4366 impe-

2018 4377 2242 4433 ritorum
2273 4379 2554 4446 malorum,
2581 4396 2707 4437 ecce
2735 4381 2849 4453 ipse
2876 4392 3117 4445 mortuus
3138 4393 3249 4451 Δεδει,
3281 4400 3407 4445 ecce
3432 4402 3585 4447 resur

2018 4473 2159 4527 rexit
2175 4472 2241 4527 ab
2263 4470 2468 4530 inieris.
2489 4473 2626 4542 Quid
2642 4474 2797 4543 dicis,
2821 4474 3107 4535 hazretice?
3125 4477 3254 4547 quid
3268 4478 3403 4539 dicis
3419 4479 3611 4538 ?Modo

2022 4575 2074 4627 te
2105 4565 2338 4634 audiam,
2368 4567 2530 4624 ﬁnita:
2557 4579 2683 4633 sunt
2710 4584 2898 4627 omnes
2929 4573 3307 4633 excusationes
3338 4582 3441 4629 tum
3463 4575 3607 4638 ;etsi

2021 4658 2183 4713 verba
2228 4658 2477 4716 diceres’
2519 4660 2697 4725 divitis
2723 4661 2861 4732 apud
2911 4662 3443 4730 inferosrcoustituti,
3486 4679 3607 4721 sur-

2020 4752 2160 4807 rexit
2185 4766 2214 4805 a
2234 4753 2737 4826 .mort_uis.Christus
2764 4771 2777 4807 :
2809 4754 3356 4825 dignaristvelipsum
3382 4756 3609 4813 audire?

2022 4845 2159 4900 Ecce
2189 4826 2329 4915 quod
2374 4844 2510 4900 forte
2547 4846 2735 4899 similis
2775 4844 2925 4899 diviti
2968 4846 3607 4907 moratorvivusdeside-

2023 4937 2201 5005 rubas,
2230 4937 2463 4993 surrexit
2484 4936 2550 5001 ab
2580 4936 2763 4992 inieris
2785 4936 2806 4968 ³
2832 4955 2844 4991 ;
2869 4946 3322 5009 nompatertuas,
3342 4954 3609 4997 nonavus

2014 5041 2293 5099 tuus,.uon
2324 5032 2403 5087 illi
2420 5031 3067 5113 surrexeruntquineauio
3090 5047 3227 5103 quos
3252 5035 3469 5105 nomine
3493 5043 3609 5090 tra-

2012 5126 2241 5195 ditionis
2278 5126 2684 5187 inlamaveruut.
2708 5125 2831 5183 Sed
2853 5141 2998 5183 .ecee
3025 5140 3151 5181 mon
3194 5126 3606 5195 infamaret-unt,

2012 5234 2206 5276 verum
2234 5219 2510 5283 dixerunt;
2540 5219 2803 5277 vis-nosne
2844 5217 3160 5287 quamuihil
3182 5217 3249 5273 ad
3268 5219 3604 5275 nte?zAud.ia-

2005 5313 2326 5381 mussimul
2358 5312 2488 5383 quid
2510 5311 2712 5371 dimit
2748 5311 3104 5381 quisurruit
3137 5310 3607 5379 ab-iuleris.'Quid

2007 5408 2263 5480 pluribus
2287 5408 2577 5464 immorer?
2610 5404 2940 5472 Audiamus,
2972 5428 2977 5453 ι
2981 5404 3092 5474 jam
3108 5405 3393 5476 aperiatur
3416 5406 3423 5451 ἱ
3434 5405 3608 5459 Evan-

2008 5502 2472 5575 gelium,.legatiur
2494 5500 2656 5572 ῳιαί
2684 5498 2894 5554 ἣρωσι
2940 5506 3301 5597 αειίιιιιῳιιιιη
3351 5499 3607 5568 liatupo.

2086 5643 2102 5672 ί
2130 5646 2202 5690 Sic
2223 5637 2403 5693 aliquot
2419 5642 2528 5687 Mss.
2551 5634 2637 5683 Alii
2661 5646 2781 5691 vero
2803 5645 2913 5683 cum
2934 5631 3069 5693 Edd.,
3095 5637 3295 5681 tantum.

2084 5706 2105 5738 ι
2128 5702 2222 5751 tsdd
2247 5740 2260 5761 ,
2288 5696 2503 5759 derides,
2525 5696 3089 5767 dissemientsliusllss.’
3142 5761 3153 5767 _
3246 5754 3256 5764 ,
3494 5754 3521 5767 L
3560 5751 3573 5767 9

2088 5768 2107 5799 ³
2133 5772 2199 5815 tta
2220 5754 2326 5828 uss.
2352 5754 2536 5828 stam.
2553 5768 2606 5810 et
2632 5765 2738 5828 ,ξιιμ
2778 5766 2903 5808 Ecce
2922 5756 3181 5828 qstiatfgrte
3198 5754 3450 5828 tsinsilises
3472 5754 3608 5828 (urit:

2020 5834 2225 5886 mortuo,
2249 5824 2373 5876 rivos
2396 5816 2709 5887 desiderabas
2726 5816 2999 5887 surgere'ab
3021 5816 3206 5887 inferis.
3232 5820 3305 5868 sic
3327 5820 3473 5869 etiam
3503 5818 3604 5867 edi.

2024 5894 2093 5945 tio
2116 5881 2245 5943 Levi.
2272 5890 2361 5939 nisi
2386 5885 2515 5945 quod
2546 5884 2671 5947 loco,
2696 5881 2835 5942 vivos,
2860 5881 3029 5941 habet,
3052 5881 3197 5931 ritus.
