4084 6466
618 417 753 477 I927

624 545 818 592 nantur
841 541 965 588 ante
993 530 1176 585 oculos
1222 534 1432 582 nostros
1458 531 1603 593 gesta
1648 517 1911 590 praeterita
1931 556 1946 580 ,
1975 522 2192 595 propter

623 625 858 683 cavenda
882 623 1069 678 futura.
1098 622 1233 676 Ecce
1254 618 1497 674 Christus
1523 628 1746 684 surgens
1769 627 1799 665 a
1830 609 2074 671 mortuis,
2106 620 2193 661 os-

626 718 796 774 tendit
818 731 877 771 se
902 713 1170 783 discipulis
1194 712 1322 766 suis.
1345 708 1551 779 Nuptiae
1580 706 1772 776 ipsius;
1805 703 1919 772 ipse
1943 714 2190 771 sponsus,

628 808 863 865 Ecclesia
883 818 1095 876 sponsa.
1120 802 1256 857 Ecce
1280 814 1505 871 sponsus
1525 797 1614 868 qui
1635 795 1910 851 dicebatur
1929 800 2192 857 mortuus,

604 901 957 967 absumptus,
989 896 1200 959 ﬁnitus;
1232 908 1357 948 ecce
1386 892 1587 960 integer
1610 888 1919 953 resurrexit,
1954 901 2079 942 ecce
2103 898 2195 941 os-

625 990 858 1046 tenditur
882 987 1048 1043 oculis
1073 985 1449 1056 discipulorum
1470 1024 1485 1049 ,
1528 996 1652 1037 ecce
1682 980 1952 1051 praebetur
1978 985 2195 1034 contre-

632 1081 900 1139 ctantibus
926 1078 1187 1145 manibus,
1212 1091 1337 1132 ecce
1361 1075 1643 1145 tetigerunt
1660 1070 1952 1136 cicatrices,
1970 1084 2090 1139 quae
2105 1068 2200 1123 dc-

628 1182 855 1244 sper'ata:
881 1180 1004 1227 sunt
1027 1158 1247 1225 vulnera
1272 1170 1311 1222 ί.
1344 1166 1601 1222 Exhibuit
1627 1180 1686 1221 se
1711 1162 1880 1220 oculis
1908 1175 2093 1218 eorum
2121 1159 2201 1214 vi-

628 1267 861 1323 dendum
886 1305 901 1330 ,
928 1263 1174 1318 manibus
1213 1257 1646 1316 contrectandum
1680 1274 1694 1311 :
1744 1263 1930 1326 putant
1957 1253 2200 1323 spiritum

632 1373 785 1423 esse;
818 1356 1232 1426 desperaverunt
1260 1352 1402 1408 enim
1428 1349 1496 1405 de
1530 1348 1699 1404 salute
1726 1360 1842 1401 sua.
1870 1343 2203 1400 Exhortatur

634 1462 749 1515 eos,
776 1447 1053 1503 conﬁrmat
1078 1446 1132 1500 in
1159 1444 1298 1500 (ide:
1327 1443 1563 1514 Palpate,
1590 1450 1637 1495 et
1656 1440 1833 1505 videte,
1853 1439 1972 1509 quia
1996 1437 2203 1507 spiritus

634 1557 835 1596 carnem
863 1548 909 1594 et
936 1555 1051 1594 ossa
1071 1554 1170 1592 non
1195 1537 1359 1602 habet,
1385 1537 1513 1591 sicut
1528 1552 1605 1590 me
1640 1534 1814 1588 videtis
1840 1533 2037 1587 habere.
2063 1530 2205 1586 Tan-

636 1641 799 1703 gunt,
833 1630 1094 1703 gaudent,
1141 1628 1422 1700 trepidant.
1460 1627 1527 1682 Et
1552 1644 1663 1681 cum
1702 1626 1869 1680 adhuc
1898 1624 2206 1695 trepidarent

641 1741 745 1795 pra:
768 1724 992 1796 gaudio;
1020 1722 1097 1778 sic
1124 1721 1288 1777 habes
1313 1720 1586 1791 scriptum.
1618 1719 1729 1774 Etsi
1750 1728 1894 1773 certa
1921 1723 2062 1783 sunt,
2088 1730 2208 1786 quae

638 1818 861 1873 multum
894 1817 1013 1871 lzeta
1053 1824 1176 1870 sunt
1203 1814 1288 1869 vix
1330 1813 1637 1868 creduntur.
1671 1810 1937 1866 Dubitatio
1965 1808 2207 1879 quaedam

636 1910 798 1966 veluti
826 1908 1025 1964 tardius
1049 1906 1337 1973 credentis,
1359 1905 1538 1961 condit
1563 1903 1887 1959 voluntatem
1916 1902 2143 1957 tenentis
2162 1902 2206 1954 '.

638 2002 865 2058 Necesse
894 2009 978 2055 est
1002 2008 1059 2055 ut
1082 1999 1201 2069 plus
1236 1998 1395 2053 homo
1426 1996 1672 2068 gaudeat,
1695 2010 1816 2049 cum
1846 1994 2046 2049 venerit
2069 1991 2211 2064 quod

641 2093 1035 2163 desperaverat.
1066 2089 1196 2146 Nam
1242 2088 1309 2144 ad
1357 2089 1526 2158 ipsum
1572 2086 1819 2158 gaudium
1856 2083 2211 2141 condiendum

639 2195 692 2240 et
716 2182 1012 2255 augendum
1033 2222 1048 2249 ,
1080 2181 1246 2236 noluit
1270 2195 1330 2236 se
1357 2179 1535 2234 statim
1547 2177 1813 2247 cognosci.
1844 2175 2037 2231 Tenuit
2066 2175 2212 2229 visus

640 2276 1018 2346 discipulorum
1064 2286 1301 2336 suorum,
1348 2270 1556 2325 illorum
1594 2267 1821 2323 duorum
1847 2280 1986 2336 quos
2011 2263 2214 2320 invenit

644 2368 696 2422 in
727 2366 809 2421 via
836 2365 1199 2435 colloquentes
1218 2362 1327 2432 jam
1359 2361 1411 2416 in
1440 2359 1834 2430 desperatione,
1861 2365 1915 2413 et
1933 2356 2170 2413 dicentes
2195 2373 2211 2410 :

647 2456 760 2512 Nos
808 2465 973 2509 autem
1019 2453 1342 2525 sperabantus
1390 2451 1507 2521 quia
1552 2450 1659 2519 ipse
1699 2457 1823 2505 esset
1868 2449 2216 2519 redempturus

647 2550 828 2607 Israel.
862 2549 1179 2604 Putaverant
1219 2545 1322 2601 hoc
1340 2587 1354 2607 ,
1379 2544 1489 2614 jam
1518 2557 1624 2599 non
1652 2541 1922 2612 putabant.
1952 2540 2067 2596 Jam
2094 2554 2216 2609 spes

648 2658 769 2697 cum
799 2641 876 2696 eis
913 2654 1016 2694 non
1045 2647 1179 2704 erat,
1210 2645 1267 2693 et
1288 2635 1529 2693 Christus
1569 2649 1688 2689 cum
1716 2634 1794 2689 eis
1823 2642 1937 2688 erat
1962 2649 1977 2686 :
2006 2631 2099 2688 sed
2126 2630 2217 2702 qui

648 2749 708 2790 se
738 2732 986 2799 reddidit,
1011 2740 1065 2787 et
1089 2745 1235 2800 spem
1265 2728 1494 2785 reduxit.
1516 2728 1707 2783 Postea
1737 2741 1866 2797 ergo
1892 2725 2042 2791 dixit,
2067 2734 2217 2796 post-

648 2840 881 2895 eaquam
924 2838 1045 2879 eum
1094 2823 1169 2877 illi
1200 2822 1251 2877 in
1284 2823 1432 2892 panis
1460 2820 1720 2876 fractione
1743 2828 2124 2889 cognoverunt,
2163 2825 2221 2873 et

651 2917 841 2973 obtulit
862 2930 918 2971 se
946 2915 1063 2969 aliis
1100 2913 1371 2985 discipulis
1398 2912 1528 2976 suis,
1557 2926 1677 2967 cum
1703 2916 1949 2980 putarent
1973 2909 2218 2979 spiritum

650 3024 790 3075 csse,
821 3007 1040 3078 Palpate
1058 3016 1104 3063 et
1126 3007 1301 3071 videte,
1326 3007 1445 3077 quia
1464 3006 1668 3076 spiritus
1687 3020 1885 3058 carnem
1914 3014 1959 3058 et
1981 3020 2093 3058 ossa
2118 3019 2220 3057 non

653 3101 816 3167 habet,
838 3101 964 3156 sicut
980 3116 1057 3154 me
1080 3098 1255 3154 videtis
1275 3098 1472 3153 habere.
1499 3096 1566 3153 Et
1591 3113 1704 3152 cum
1724 3097 1889 3151 adhuc
1915 3112 2020 3168 pra:
2036 3096 2221 3168 gaudio

652 3192 999 3264 trepidarent:
1032 3191 1243 3247 Habetis
1290 3191 1390 3258 hic,
1421 3192 1513 3259 ait,
1544 3191 1678 3260 quod
1716 3190 2081 3245 munducetur?
2114 3190 2221 3243 Ac-

652 3285 814 3355 cepit,
846 3282 1137 3349 benedixit,
1164 3281 1515 3347 manducavit,
1551 3289 1604 3335 et
1641 3280 1788 3335 dedit
1826 3280 1922 3335 eis.
1955 3279 2221 3350 Expressa

654 3384 737 3429 est
764 3374 960 3429 veritas
984 3374 1221 3443 corporis
1241 3414 1257 3441 ,
1286 3372 1458 3428 ablata
1489 3380 1571 3427 est
1613 3371 1785 3425 omnis
1814 3370 2044 3440 suspicio
2075 3369 2222 3425 falsi-

655 3466 797 3520 tatis.
843 3465 979 3531 Quid
1004 3465 1233 3520 deinde?
1262 3463 1385 3519 Non
1419 3464 1647 3519 sciebalis
1684 3464 1800 3533 quia
1835 3462 2094 3532 oportebat
2122 3464 2222 3517 im-

656 3556 783 3626 pleri
802 3558 970 3609 omnia
992 3569 1103 3624 quae
1120 3556 1217 3608 scri
1221 3564 1307 3623 pta
1331 3563 1446 3607 sunt
1470 3556 1522 3607 in
1547 3553 1680 3623 Lege
1698 3552 1865 3624 Moysi
1886 3561 1932 3608 et
1954 3552 2225 3622 Propltetis

655 3656 703 3701 et
728 3646 950 3701 Psalmis
975 3646 1038 3700 de
1055 3646 1173 3701 me?
1192 3644 1259 3700 Et
1278 3645 1397 3715 quia
1421 3645 1493 3699 illi
1519 3644 1805 3699 credebant
1829 3644 1993 3715 Moysi
2022 3653 2075 3700 et
2096 3644 2227 3699 Pro-

656 3737 872 3807 phetis:
920 3750 1103 3792 verum
1148 3735 1289 3791 enim
1332 3742 1449 3790 erat
1487 3733 1629 3805 quod
1668 3732 1799 3789 dixit
1842 3733 2130 3799 Abraham,
2165 3734 2227 3790 Si

659 3827 870 3898 Moysen
902 3836 949 3881 et
992 3824 1274 3894 Pmphetas
1317 3842 1417 3879 non
1456 3825 1700 3891 audiunt,
1751 3841 1908 3894 neque
1952 3825 1995 3878 si
2020 3826 2129 3895 quis
2166 3841 2228 3880 ea:

659 3920 868 3974 mortuis
905 3918 1248 3986 resurrexerit,
1294 3918 1492 3972 credent
1532 3934 1551 3971 :
1593 3917 1713 3986 quia
1763 3932 1889 3986 ergo
1938 3916 2228 3973 credebant

656 4010 823 4081 Moysi
870 4020 924 4066 et
953 4010 1261 4079 Prophetis,
1293 4018 1349 4064 ct
1376 4025 1478 4063 non
1522 4018 1674 4064 erant
1702 4009 1767 4064 de
1798 4009 1924 4079 ipsis
1967 4024 2100 4079 quos
2138 4002 2228 4065 re;

657 4099 937 4172 prehendit
976 4098 1271 4165 Abraham,
1320 4098 1598 4154 audierunt
1634 4099 1774 4168 quod
1815 4100 1887 4155 ait
1939 4099 2226 4168 Dominus,

660 4192 781 4247 Non
806 4191 1031 4247 sciebatis
1052 4192 1170 4262 quia
1198 4190 1452 4260 oportebat
1495 4190 1694 4262 impleri
1716 4192 1883 4245 omnia
1905 4208 2017 4262 qua:
2039 4193 2230 4263 scripta

657 4291 775 4336 sunt
814 4282 866 4335 in
892 4280 1024 4352 Lege
1061 4280 1229 4351 Moysi
1273 4290 1319 4334 et
1348 4279 1617 4349 Pr0phetis
1646 4290 1689 4335 et
1733 4281 1955 4335 Psalmis
1999 4282 2061 4335 de
2099 4283 2225 4336 me?

663 4370 803 4426 Ecce
852 4370 941 4439 qui
991 4370 1333 4425 crediderunt
1372 4370 1534 4441 Moysi
1578 4379 1631 4424 et
1674 4370 1956 4442 Pr0phetis
1982 4412 1997 4437 ,
2050 4372 2226 4428 videte

659 4460 1103 4532 quemadmodum
1127 4475 1190 4516 ex
1221 4461 1455 4530 ipsorum
1483 4462 1783 4517 testimonio
1811 4463 2039 4519 credunt
2064 4464 2112 4518 ei
2137 4465 2227 4533 qui

661 4551 895 4607 surrexit
919 4566 949 4605 a
980 4551 1202 4605 mortuis
1229 4566 1242 4603 ε
1278 4550 1417 4604 Tunc
1457 4552 1652 4620 aperuit
1676 4553 1778 4607 illis
1805 4569 2027 4621 sensum,
2059 4564 2115 4608 ut
2147 4555 2232 4610 in-

662 4643 939 4713 telligerent
965 4642 1286 4713 Scripturas;
1310 4651 1356 4696 et
1384 4642 1511 4695 dixit
1539 4642 1639 4709 eis,
1691 4642 1942 4707 Quoniam
1982 4646 2057 4700 sic
2102 4646 2231 4700 scri-

663 4745 805 4805 ptum
830 4744 922 4801 est,
963 4742 1010 4789 et
1046 4734 1117 4788 sic
1156 4733 1410 4805 oportebat
1446 4732 1700 4789 Christum
1732 4736 1856 4805 pati,
1885 4745 1932 4790 et
1970 4754 2001 4791 a
2026 4739 2232 4792 mortuis

664 4842 926 4897 resurgere
948 4826 1093 4880 tertia
1120 4825 1219 4881 die.

662 5008 773 5065 cuit
795 5008 1025 5080 Moyses,
1045 5022 1151 5064 non
1177 5006 1300 5063 hinc
1326 5017 1603 5064 tacuerunt
1631 5008 1931 5078 Prophetas,
1957 5010 2230 5067 Christum

664 5107 1088 5156 resurrecturum
1139 5113 1170 5153 a
1196 5100 1418 5155 mortuis
1464 5101 1618 5155 tertia
1645 5099 1733 5156 die
1758 5117 1773 5165 ;
1802 5115 2079 5171 passurum
2105 5143 2121 5169 ,
2149 5118 2235 5159 re-

668 5200 1052 5247 surrecturum.
1092 5190 1397 5261 Descriptus
1422 5200 1507 5246 est
1532 5191 1685 5246 nobis
1735 5207 1962 5262 sponsus
1984 5232 1998 5257 ,
2031 5201 2088 5247 ut
2128 5209 2235 5249 non

667 5297 929 5338 erremus.
956 5281 1062 5337 Sed
1093 5281 1272 5337 nescio
1297 5282 1386 5352 qui
1411 5282 1647 5336 existunt
1677 5324 1691 5348 ,
1721 5292 1774 5337 et
1800 5282 1921 5352 quia
1949 5297 2057 5338 non
2082 5298 2236 5338 erra-

667 5388 791 5431 mus
814 5373 869 5429 in
893 5387 1091 5444 sponso
1118 5414 1134 5441 ,
1155 5382 1209 5429 ct
1256 5372 1358 5444 ipsi
1384 5372 1632 5428 videntur
1660 5388 1722 5428 ea
1752 5388 1872 5443 quae
1900 5382 1954 5429 et
1985 5388 2085 5429 nos
2113 5389 2233 5431 cre-

673 5469 800 5525 dere
825 5466 892 5523 de
910 5480 1135 5536 sponso,
1156 5474 1215 5520 ut
1259 5480 1289 5519 a
1338 5465 1592 5520 membris
1616 5465 1799 5534 sponsi
1828 5479 1926 5520 nos
1966 5474 2191 5521 avocent
2216 5507 2236 5535 ,

670 5561 855 5617 dicunt
869 5557 1023 5613 nobis
1052 5574 1065 5611 :
1093 5554 1212 5626 Ipse
1238 5564 1321 5611 est
1347 5554 1558 5627 quidem
1578 5570 1805 5625 sponsus
1819 5570 1975 5626 quem
2000 5556 2235 5624 creditis,

675 5665 836 5724 quem
868 5660 922 5706 et
947 5664 1045 5704 nos
1071 5646 1335 5703 credimus
1367 5663 1379 5699 :
1407 5646 1500 5701 sed
1527 5661 1721 5716 sponsa
1749 5661 1852 5701 non
1879 5660 1959 5701 est
1986 5648 2099 5718 ipsa
2140 5648 2240 5703 Ec-

732 5744 752 5777 ί
772 5753 891 5803 Am.,
916 5740 999 5803 qui
1013 5738 1255 5803 desperati
1268 5742 1376 5789 sum
1397 5735 1603 5787 vulnere.
1632 5744 1706 5787 Er.
1733 5745 1786 5789 et
1806 5736 1989 5801 aliquot
2007 5746 2133 5800 Mss.,
2159 5737 2242 5801 qui

672 5801 911 5866 desperati
925 5801 1032 5866 nm;
1047 5801 1257 5866 vulnera.

742 5862 771 5899 ι’
788 5864 982 5916 Videtur
1008 5865 1287 5926 legendum,
1316 5862 1597 5927 voluptatem
1611 5862 1823 5914 tenentis.

1850 401 1907 456 S.
1949 390 2311 455 AUGUSTINI
2346 391 2644 452 EPISCOPI

2310 5082 2319 5090 _
2344 5014 2617 5079 membra;
2641 5012 2873 5068 ostendit
2918 5027 3196 5085 sponsum,
3227 5002 3452 5066 ostendit
3474 4996 3705 5090 sponsalll:

2279 5809 2287 5812 μ
2352 5714 2496 5802 latas.
2526 5755 2719 5801 terras.
2765 5745 2821 5800 Si
2847 5745 3039 5802 vellem
3070 5742 3196 5801 illud
3220 5714 3316 5810 ego
3339 5714 3565 5812 dicererl'

2468 290 2537 307 W.‘

3710 404 3821 461 l928

2305 530 2467 587 clesia
2495 545 2653 601 quam
2683 531 2892 587 tenetis.
2920 531 2988 585 Et
3016 544 3135 601 qua:
3182 529 3275 585 illa
3316 530 3439 587 esti
3488 532 3607 588 Pars
3649 535 3822 595 Donati.

2300 622 2370 676 Et
2397 621 2499 677 hoc
2522 632 2607 677 est
2631 621 2772 692 quod
2800 631 2855 676 tu
2880 621 3012 677 dicis
3040 639 3053 675 :
3084 619 3192 677 hoc
3219 631 3276 676 tu
3324 622 3480 687 dicis,
3509 638 3571 678 an
3596 632 3823 696 sponsus!

2300 712 2381 767 Tu
2406 711 2558 777 dicis,
2598 726 2667 767 an
2714 712 2854 768 Deus
2902 727 2998 783 per
3035 711 3303 783 Moysen?
3333 711 3470 768 Ecce
3519 729 3606 783 per
3644 715 3823 789 Moysen

2303 803 2598 859 Ecclesiam
2621 812 2777 859 teneo
2808 820 2822 857 :
2852 802 3051 858 dictum
3080 812 3164 859 est
3202 817 3234 857 a
3256 803 3457 876 Moyse,
3488 803 3551 859 In
3576 808 3739 863 semine
3754 820 3822 866 tuo

2304 895 2657 950 benedicentur
2681 911 2854 951 omnes
2880 906 3067 967 gentes.
3108 894 3188 950 Tu
3217 894 3374 960 dicis,
3404 910 3469 949 an
3512 896 3713 966 Spiritus
3749 900 3821 956 Dei

2305 1003 2402 1059 per
2424 988 2754 1058 Prophetas?
2777 988 2916 1043 Ecce
2942 1003 3039 1058 per
3062 986 3361 1056 Prophetas
3377 986 3649 1043 Ecclesiam
3666 1000 3820 1046 teneo:
3896 980 3899 981 ⁷

2305 1079 2505 1136 dictum
2536 1089 2620 1135 est
2657 1094 2753 1150 per
2798 1077 3126 1149 Prophetam
3150 1118 3167 1144 ,
3216 1076 3746 1149 Commemorabuntur,
3787 1094 3822 1136 et

2315 1179 2662 1226 convertentur
2697 1170 2765 1224 ad
2806 1169 3082 1225 Dominum
3118 1169 3345 1224 universi
3398 1170 3520 1240 ﬁnes
3548 1180 3691 1226 terra.
3716 1172 3822 1229 Ecce

2304 1263 2414 1334 jam
2440 1272 2592 1319 teneo
2619 1262 2979 1318 testimonium
3010 1261 3165 1333 Legis
3182 1269 3241 1316 et
3259 1260 3609 1317 testimonium
3630 1262 3821 1332 Prophe-

2310 1367 2517 1424 tarum;
2548 1357 2826 1413 audiamus
2869 1364 2925 1411 et
2960 1370 3081 1410 eum
3131 1354 3224 1426 qui
3273 1353 3506 1409 surrexit
3551 1369 3579 1408 a
3624 1356 3818 1410 mortuis.

2309 1447 2554 1505 Ostendit
2578 1462 2638 1503 se
2674 1461 2954 1518 sponsum,
2978 1454 3223 1501 tenemus
3249 1460 3393 1500 eum.
3425 1444 3821 1500 Conﬁrmavitde-

2311 1540 2680 1606 monstrando,
2730 1537 3039 1596 exhibendo
3068 1537 3395 1594 testimonia.
3424 1537 3532 1593 Hoc
3557 1538 3685 1594 enim
3708 1538 3820 1611 Moy-

2312 1648 2421 1701 ses,
2454 1631 2556 1687 hoc
2582 1630 2865 1702 Propheta:
2885 1671 2901 1698 ,
2927 1628 3049 1700 quia
3095 1627 3359 1697 oportebat
3389 1631 3491 1700 pati
3531 1628 3762 1693 Christum,
3788 1641 3822 1684 et

2314 1740 2575 1795 resurgere
2603 1724 2753 1778 tertia
2798 1721 2901 1777 die.
2945 1720 3065 1777 Jam
3116 1734 3248 1792 ergo
3297 1720 3419 1790 quia
3465 1729 3682 1776 tenemus
3702 1720 3820 1777 ambo

2313 1832 2569 1887 sponsum
2598 1832 2663 1871 ex
2708 1816 2838 1887 ipsis
2863 1813 3073 1881 verbis,
3114 1822 3173 1869 et
3223 1821 3351 1883 puto
3396 1813 3513 1885 quia
3553 1814 3651 1882 jam
3679 1813 3820 1883 incipis

2317 1924 2526 1966 mecum
2554 1907 2776 1964 credere
2819 1916 2875 1963 et
2913 1906 3000 1961 his
3029 1906 3211 1961 verbis
3242 1905 3429 1976 Moysi,
3462 1913 3513 1961 et
3562 1904 3817 1975 Prophetis;

2315 2000 2598 2057 credamus
2622 2008 2677 2054 et
2702 1998 2754 2054 ei
2781 1997 2872 2068 qui
2909 1997 3212 2053 resurrexit
3252 2011 3285 2051 a
3339 1996 3572 2051 mortuis.
3596 1996 3817 2066 Sequatur,

2316 2102 2373 2148 et
2398 2092 2561 2147 dicat.
2592 2090 2635 2145 Ο
2665 2090 2910 2155 Domine,
2941 2087 3098 2144 video
3136 2088 3254 2157 jam
3284 2100 3530 2157 sponsum
3559 2085 3777 2141 Christum
3802 2101 3815 2149 ;

2319 2183 2516 2239 factum
2568 2191 2689 2237 est:
2722 2196 2789 2236 ne
2819 2180 2938 2251 quis
2981 2195 3068 2235 me
3095 2188 3290 2235 avocet
3321 2166 3359 2233 ab
3402 2177 3634 2234 membris
3653 2191 3815 2246 sponsa:

2319 2285 2423 2331 tuae
2446 2318 2460 2341 ,
2492 2284 2547 2331 et
2576 2290 2681 2330 non
2714 2274 2789 2330 sis
2826 2273 2956 2328 mihi
2983 2281 3141 2342 caput
3160 2313 3182 2338 ,
3212 2272 3258 2327 si
3290 2285 3388 2342 ego
3412 2271 3463 2325 in
3487 2269 3704 2324 membris
3723 2268 3809 2336 ejus

2320 2382 2426 2423 non
2452 2366 2633 2431 fuero;
2674 2364 2760 2418 dic
2784 2362 2913 2418 mihi
2941 2372 2995 2418 et
3021 2361 3090 2419 de
3115 2361 3358 2419 Ecclesia
3379 2358 3595 2430 aliquid;
3621 2358 3719 2428 quia
3736 2357 3815 2426 jam

2318 2456 2387 2512 de
2415 2470 2613 2527 sponso
2646 2454 2763 2524 ejus
2792 2469 2898 2508 non
2925 2452 3128 2508 dubito.
3163 2452 3310 2507 Audi
3336 2459 3393 2506 et
3422 2450 3485 2505 de
3509 2447 3724 2505 Ecclesia.
3747 2447 3817 2501 δελ

2321 2548 2506 2619 quitur
2529 2554 2586 2602 et
2624 2544 2753 2600 dicit
2780 2562 2792 2598 :
2816 2543 3097 2599 Prwdicari
3125 2544 3187 2597 in
3212 2543 3409 2597 nomine
3426 2540 3529 2611 ejus
3553 2538 3816 2609 penitentiam

2324 2651 2372 2696 et
2395 2639 2736 2695 remissionem
2776 2645 3113 2708 peccatorum.
3144 2635 3294 2691 Nihil
3335 2636 3524 2698 verius,
3554 2628 3815 2701 praedicarim

2324 2732 2521 2786 nomine
2545 2732 2652 2803 ejus
2700 2729 3042 2800 paenitentiam
3081 2736 3131 2781 et
3188 2726 3515 2781 remissionem
3552 2729 3811 2793 peccatorum.

2322 2821 2428 2879 Sed
2459 2822 2561 2877 hoc
2586 2820 2722 2876 ubi?
2750 2820 2854 2874 Alii
2883 2817 3027 2874 enim
3054 2818 3280 2885 dicunt,
3304 2814 3432 2871 Ecce
3458 2815 3566 2877 hic;
3591 2811 3682 2875 alii,
3718 2807 3814 2862 Ecce

2324 2915 2451 2969 illic.
2492 2914 2559 2968 Et
2587 2913 2710 2984 quid
2739 2912 2891 2983 ipse?
2918 2911 3096 2966 Nolite
3132 2911 3339 2966 credere
3360 2898 3813 2977 :exsurgentpmdo-

2324 3005 2500 3060 christi
2520 3014 2567 3059 et
2595 3003 3047 3075 pseudOprophetae
3064 3042 3082 3070 ,
3129 3011 3182 3057 et
3212 3001 3396 3066 dicent,
3425 2995 3546 3052 Ecce
3569 2995 3653 3059 hic,
3678 3001 3713 3045 et
3738 3003 3815 3042 ecce

2324 3096 2431 3152 illic
2458 3095 2667 3170 (Matth.
2690 3111 2834 3163 xxiv,
2863 3094 2955 3161 25,
2988 3095 3104 3166 24).
3150 3093 3277 3150 Non
3302 3092 3440 3149 enim
3475 3089 3537 3145 de
3576 3087 3670 3157 ipso
3690 3080 3815 3150 capite

2326 3188 2529 3255 dicunt,
2558 3187 2690 3244 Ecce
2714 3188 2814 3255 hic,
2844 3197 2890 3243 et
2916 3205 3028 3243 ecce
3068 3187 3176 3242 illic
3206 3205 3227 3253 ;
3257 3196 3434 3242 notum
3460 3190 3534 3239 est
3572 3180 3688 3235 enim
3710 3170 3812 3243 quod

2328 3279 2573 3337 Christus
2621 3280 2675 3336 in
2724 3280 2878 3336 caelis
2907 3288 3023 3336 est:
3053 3279 3147 3335 sed
3196 3279 3263 3334 de
3290 3274 3513 3333 Ecclesia
3538 3270 3612 3325 ubi
3635 3264 3813 3321 Christus

2328 3379 2433 3438 est,
2459 3370 2549 3441 qui
2572 3371 2664 3435 ait,
2698 3368 2831 3424 Ecce
2859 3386 2949 3439 ego
2969 3370 3232 3423 vobiscum
3269 3384 3378 3422 sum
3402 3379 3543 3434 usque
3561 3358 3619 3414 ad
3634 3366 3811 3411 consum-

2328 3463 2600 3517 mationem
2623 3462 2797 3517 seculi
2827 3460 2936 3533 (Id.
2968 3477 3130 3517 xxvm
3156 3501 3171 3526 ,
3208 3460 3323 3532 20).
3352 3456 3452 3515 Sed
3494 3454 3561 3508 ait
3587 3447 3811 3506 Dominus:

2331 3552 2507 3607 Nolite
2526 3554 2727 3608 credere
2749 3568 2769 3607 :
2789 3554 2879 3624 qui
2902 3551 3049 3620 dicit,
3073 3552 3215 3607 Ecce
3251 3552 3353 3619 hic,
3378 3558 3422 3604 et
3441 3561 3540 3601 ecce
3563 3541 3663 3603 illis,
3686 3542 3814 3607 partes

2331 3645 2602 3711 ostendit;
2661 3660 2759 3716 ego
2798 3654 2966 3701 totum
3016 3646 3146 3701 emi.
3181 3646 3340 3701 Dicat
3367 3639 3487 3697 mihi
3514 3637 3600 3691 hoc
3639 3630 3815 3716 Evangv‘

2332 3737 2461 3791 lium
2488 3754 2502 3792 :
2529 3736 2616 3792 dic
2645 3736 2745 3792 hoc
2770 3738 2883 3807 ipse
2907 3752 2971 3792 ex
3001 3736 3318 3806 Evangelia,
3342 3732 3457 3803 quia
3476 3730 3572 3798 iam
3594 3712 3815 3807 “sum?”

2332 3827 2401 3882 sti
2427 3842 2459 3882 a
2503 3827 2727 3883 mortuis
2749 3869 2764 3895 ,
2791 3804 2858 3881 ut
2882 3826 3104 3883 credant
3139 3804 3242 3883 tibi
3284 3823 3372 3895 qui
3406 3817 3604 3876 credunt
3622 3804 3751 3878 Moysi

2334 3918 2653 3989 Prophetis;
2684 3894 2771 3974 dic
2796 3919 2926 3974 mihi
2953 3918 3055 3974 hoc
3093 3927 3168 3972 tu.
3209 3894 3377 3973 Audio
3415 3930 3427 3966 :
3455 3904 3688 3980 Oportebat
3708 3894 3815 3992 Cliti-

2333 4019 2467 4063 stum
2489 4011 2595 4082 pati
2625 4019 2671 4064 et
2692 4024 2950 4079 resurgere
2975 4009 3120 4062 tertia
3140 4008 3248 4073 die,
3279 4014 3324 4061 et
3344 3996 3588 4074 praedicari
3611 3994 3652 4046 in
3670 3994 3816 4042 nomine

2333 4102 2445 4171 ejus
2462 4100 2805 4170 paenitentiam
2829 4109 2875 4153 et
2909 4099 3252 4153 remissionem
3276 4100 3571 4168 peccatorum
3595 4095 3667 4153 Ρθτ
3684 4082 3812 4171 (δηξἶὲ

2336 4160 2502 4264 gentes
2525 4233 2541 4259 ,
2571 4192 2922 4261 incipientibus
2943 4191 3005 4244 ab
3026 4160 3315 4246 Jerusalem
3335 4185 3475 4258 (Luc.
3504 4160 3811 4264 xxiv,_1347)-

2337 4262 2474 4353 Quid
2500 4293 2601 4349 est,
2635 4284 2927 4339 hmretice?
2967 4282 3127 4339 Certe
3178 4298 3297 4340 cum
3338 4277 3594 4335 recitarem
3621 4262 3812 4354 NON“)

2337 4352 2463 4429 cum
2494 4374 2772 4429 recitarem
2800 4373 3096 4444 Prophetas
3124 4413 3140 4439 ,
3170 4367 3413 4427 distulisti
3458 4361 3517 4417 ad
3543 4368 3648 4444 eum,
3666 4352 3733 4417 qui

2339 4474 2675 4521 surrecturus
2718 4472 2833 4519 erat
2875 4479 2906 4518 a
2958 4466 3367 4520 mortuiszecce
3421 4441 3814 4528 resurrexit,

2339 4555 2505 4620 dixit;
2536 4564 2640 4609 tam
2668 4553 2871 4608 nullam
2896 4553 3059 4609 habet
3086 4552 3463 4609 dubitationem
3487 4522 3813 4627 EcclesiaChl'i:

2340 4646 2408 4701 Sli
2436 4654 2489 4701 et
2509 4661 2646 4700 uxor
2674 4644 2895 4711 Christi,
2922 4661 3078 4715 quam
3110 4646 3308 4700 nullam
3331 4638 3481 4696 habet
3515 4620 3814 4715 dubitationem

2341 4753 2533 4809 corpus
2556 4737 2755 4793 Christi
2781 4781 2794 4803 ,
2852 4712 3275 4794 demonstratum
3302 4729 3483 4792 oculis,
3508 4712 3813 4809 contrectatqu

2240 4870 2278 4913 ε
2344 4831 2594 4886 manibus
2620 4830 3022 4901 discipulorum.
3056 4830 3193 4885 Ecce
3235 4827 3325 4899 qui
3369 4803 3815 4913 resurrexitaﬂﬁ';

735 4917 823 4973 18.
854 4916 1027 4973 Habes
1047 4916 1155 4986 jam
1185 4932 1436 4987 sponsum
1462 4917 1734 4974 Ecclesiae.
1767 4918 1834 4973 Et
1874 4934 1978 4974 non
2009 4919 2132 4976 hinc
2153 4929 2236 4977 ta-
2266 4914 2275 4923 ”

3641 4878 3815 4947 ostendit

3740 4972 3816 5027 Aut

3633 5072 3809 5129 ationcm

2344 4924 2448 4979 tuis
2497 4932 2785 4993 utrumque
2827 4921 3062 4977 ostendit
3114 4916 3387 4977 :ostendit
3429 4910 3611 4977 caput.

2342 5119 2628 5179 ull‘umqm:
2670 5121 2877 5161 mecum
2932 5106 3112 5174 crede,
3139 5113 3231 5161 aut
3280 5095 3401 5157 illud
3426 5094 3475 5147 in
3494 5087 3761 5179 damnatum:

2345 5208 2487 5256 tuam
2511 5165 2708 5255 credis.
2740 5198 2877 5267 Quid
2908 5198 3051 5253 enim
3090 5199 3211 5269 quia
3243 5179 3522 5250 resurrexit
3562 5187 3588 5226 a

2344 5292 2466 5361 quia
2498 5291 2549 5345 in
2598 5289 2786 5345 eodem
2813 5303 3041 5359 corpore
3066 5252 3394 5343 resurrexit?
3417 5274 3565 5327 Βθηθν

2347 5336 2466 5361 νηκ
2600 5336 2786 5345 νην..-
2818 5336 3041 5359 --.,.,--
3067 5336 3235 5343 ______
3256 5336 3270 5339 -

2347 5383 2509 5438 trices
2536 5380 2805 5446 ostendit;
2836 5381 2960 5451 quia
2986 5389 3045 5436 ut
3072 5376 3355 5435 cruciﬁxus
3380 5370 3458 5468 est
3482 5401 3495 5423 ο
3524 5336 3816 5469 υῑαεὶξξευξζῗάξ

2350 5475 2423 5530 ita
2455 5473 2714 5540 redditus,
2745 5472 2818 5528 ita
2868 5473 3261 5529 demonstratus
3294 5483 3307 5519 :
3335 5456 3519 5556 οριὶηξξ)

2349 5566 2497 5621 illum
2518 5564 2827 5633 loquentem
2853 5563 2907 5618 in
2932 5578 3091 5635 quem
3116 5559 3305 5618 credis.
3338 5542 3592 5605 Prtedica"

2350 5597 2497 5621 ΙΙΙυΙΙΙ
2520 5597 2827 5633 ιυιίυῠιιιῦιιι
2855 5597 2907 5618 ἸἸ
2932 5597 3091 5635 ιμιῦιιι
3116 5597 3305 5618 υιυυισ·
3338 5597 3361 5605 ⁵
3386 5597 3440 5603 ”ή
3608 5610 3687 5671 Ub.
3703 5605 3721 5642 ’

2349 5658 2457 5727 ejus
2486 5654 2822 5724 paenitentiam
2848 5662 2895 5708 et
2918 5654 3253 5709 remissionem
3277 5640 3587 5717 peccatorum
3679 5626 3715 5662 "

2352 5749 2365 5763 I
2382 5761 2389 5763 Α
2407 5755 2419 5763 .
2436 5761 2445 5763 -
2465 5760 2483 5763 λ
2527 5755 2541 5763 ι
2558 5761 2570 5763 _
2648 5761 2657 5763 _
2676 5760 2695 5763 _
2765 5745 2819 5763 ο·
2848 5745 3029 5763 μαιιημ
3070 5746 3121 5763 9n
3150 5742 3193 5763 ΑΙ
3225 5750 3314 5763 -..Α
3340 5730 3523 5763 Αἰρινε-

2372 5782 2487 5802 an...
2528 5782 2719 5801 πηνα,
2766 5782 2821 5800 υ,
2856 5782 3039 5802 MM"
3221 5782 3312 5810 vr
3344 5782 3412 5787 π

2366 5837 2620 5893 adversus
2643 5834 2921 5893 haereticos
2943 5879 2956 5905 ,
2984 5836 3086 5892 iam
3115 5838 3363 5908 pugnans,
3390 5818 3490 5888 jam
3528 5798 3697 5860 habens
3727 5782 3814 5834 cum
