4084 6450
316 419 338 472 Ι
349 415 448 473 99.9

308 551 417 604 illis
455 547 762 604 conﬂictum
793 554 954 601 tanta:
998 545 1345 617 quaestionis;
1378 562 1480 601 non
1513 547 1638 602 illud
1664 546 1895 603 dicerem

305 646 388 699 sic
409 654 597 699 contra
632 650 924 713 praesentes
963 643 1245 698 haereticos
1267 685 1281 711 ,
1314 644 1582 714 quomodo
1609 645 1737 700 illud
1768 646 1900 700 dixit

307 739 402 794 ille
428 746 613 793 contra
649 737 874 791 futuros.
907 736 1045 804 Quid
1085 737 1164 791 vis
1189 736 1454 806 amplius?
1480 736 1745 792 Remissio
1776 753 1899 807 pec-

306 839 552 884 catorum
602 829 655 882 in
713 826 908 882 Christi
963 826 1179 882 nomine
1225 827 1563 897 prmdicatur.
1624 828 1766 883 Ubi?
1798 827 1899 882 Per

308 935 486 975 ontnes
511 928 699 989 gentes.
730 917 920 974 Unde?
943 916 1205 987 Incipiens
1231 918 1293 971 ob
1316 916 1621 972 Jerusalem.
1645 918 1897 975 Commu-

308 1009 433 1064 nica
465 1009 586 1062 huic
609 1008 880 1063 Ecclesizn.
902 1007 1077 1075 Quare
1104 1007 1406 1078 litigamus?
1426 1007 1599 1078 Cmpit
1618 1011 1759 1064 enim
1782 1010 1899 1066 haec

315 1100 558 1156 Ecclesia
586 1100 653 1154 ab
678 1100 974 1155 Jerusalem
1020 1100 1118 1154 ista
1149 1110 1380 1167 terrena,
1413 1112 1468 1155 ut
1494 1101 1723 1173 gaudeat
1772 1102 1899 1158 inde

306 1193 423 1250 Deo
446 1194 498 1248 in
540 1194 631 1248 illa
657 1192 954 1249 Jerusalem
985 1193 1209 1248 caelesti.
1234 1193 1318 1247 Ab
1348 1193 1447 1248 hac
1476 1195 1618 1249 enim
1661 1195 1853 1265 incipit
1878 1236 1893 1261 ,

309 1283 382 1339 ad
413 1284 558 1338 illam
590 1284 860 1338 terminat.
892 1283 947 1337 In
991 1283 1078 1337 illa
1111 1291 1219 1338 tota
1247 1282 1491 1338 Ecclesia
1517 1284 1619 1339 erit
1650 1327 1663 1352 ,
1699 1284 1767 1339 ab
1797 1286 1897 1339 ista

306 1374 590 1431 exordium
614 1374 735 1431 ﬁdei
766 1374 1011 1445 sumpsit.

384 1467 472 1522 I9.
507 1468 650 1537 Lege
702 1469 868 1521 Actus
912 1467 1290 1537 Apostolorum
1320 1508 1334 1532 ,
1379 1467 1424 1521 si
1451 1467 1590 1523 forte
1622 1468 1853 1522 mentior
1877 1511 1890 1534 ,

304 1560 580 1631 quomodo
607 1560 681 1614 ibi
721 1568 877 1615 erant
904 1560 1210 1630 congregati
1252 1559 1519 1629 discipuli,
1553 1575 1673 1614 cum
1695 1560 1899 1615 veniret

302 1653 539 1723 Spiritus
582 1660 826 1717 sanctus;
878 1661 936 1706 ut
973 1650 1293 1706 ostendatur
1329 1652 1420 1706 tibi
1452 1652 1595 1721 quod
1629 1651 1761 1706 dixit
1796 1652 1899 1705 Do-

303 1745 508 1812 minus,
540 1743 906 1813 Incipientibus
935 1744 996 1797 ab
1033 1741 1360 1807 Jerusalem;
1398 1742 1667 1812 quomodo
1704 1744 1897 1813 linguis

304 1837 547 1892 omnium
576 1836 740 1890 locuti
771 1836 978 1890 suntin
1025 1849 1162 1904 quos
1209 1835 1352 1889 venit
1399 1834 1630 1905 Spiritus
1672 1846 1892 1891 sanctus

304 1930 446 1996 (Act.
466 1945 503 1995 ι,
524 1930 684 1993 4-14;
716 1937 759 1982 et
785 1944 840 1993 ιι,
866 1927 1038 1997 1-12).
1063 1927 1239 1995 Quare
1260 1943 1365 1982 non
1385 1928 1465 1982 vis
1488 1928 1629 1998 loqui
1650 1928 1892 1983 omnium

304 2022 545 2093 linguis?
587 2021 729 2076 Ecce
774 2020 848 2075 ibi
892 2034 1081 2074 omnes
1124 2020 1319 2091 lingua:
1367 2028 1681 2074 sonuerunt.
1723 2019 1897 2087 Quare

302 2116 472 2171 modo
521 2116 603 2169 cui
675 2113 835 2169 datur
886 2113 1116 2183 Spiritus
1178 2120 1397 2168 sanctus
1429 2155 1443 2179 ,
1499 2128 1606 2167 non
1662 2112 1898 2182 loquitur

303 2207 546 2262 omnium
586 2205 816 2275 linguis?
860 2204 976 2259 Hoc
1004 2204 1148 2259 enim
1197 2213 1322 2259 tunc
1372 2212 1489 2259 erat
1518 2202 1769 2259 indicium
1808 2218 1897 2258 ve-

302 2300 509 2356 nientis
527 2300 579 2353 in
610 2298 856 2353 homines
876 2297 1108 2367 Spiritus
1132 2296 1325 2363 sancti,
1354 2305 1411 2350 ut
1437 2296 1630 2366 linguis
1657 2294 1893 2350 omnium

298 2390 673 2460 loquerentur.
706 2388 865 2443 Modo
896 2387 1021 2458 quid
1051 2388 1291 2442 dicturus
1319 2401 1378 2442 es
1402 2427 1417 2453 ,
1453 2386 1745 2441 haereticc?
1773 2388 1893 2456 quia

300 2497 414 2537 non
440 2480 597 2535 datur
627 2479 858 2549 Spiritus
878 2479 1129 2534 sanctus?
1155 2477 1270 2532 Non
1294 2477 1435 2545 dico,
1474 2477 1576 2533 Ubi
1613 2479 1630 2509 ί
1654 2478 1678 2531 ?
1709 2478 1891 2544 Datur,

305 2590 384 2629 an
412 2588 519 2629 non
546 2572 741 2627 datur?
778 2570 835 2627 Si
876 2586 980 2626 non
1031 2570 1221 2635 datur;
1263 2569 1389 2639 quid
1422 2577 1505 2624 cst
1530 2569 1671 2639 quod
1698 2569 1853 2639 agitis
1876 2612 1891 2635 ,

299 2662 597 2735 loquendo,
625 2661 965 2733 baptizando,
1000 2660 1405 2716 benedicendo?
1430 2659 1569 2727 Quid
1608 2667 1693 2715 est
1742 2658 1885 2730 quod

296 2758 505 2829 agitis?
544 2757 723 2811 lnania
755 2755 1060 2811 celebratis.
1087 2754 1229 2824 Ergo
1250 2753 1424 2809 datur.
1454 2752 1507 2808 Si
1546 2752 1735 2816 datur;
1766 2768 1894 2821 qua-

296 2866 369 2906 re
393 2849 588 2920 linguis
613 2848 854 2904 omnittm
886 2864 992 2903 non
1007 2847 1297 2917 loquuntur
1310 2845 1501 2916 quibus
1520 2844 1677 2898 datur
1698 2844 1720 2897 ?
1738 2843 1895 2898 Num-

295 2941 431 3011 quid
462 2939 877 3009 dcfecitdonum
910 2937 999 2991 Dei
1022 2978 1037 3000 .
1077 2944 1169 2990 aut
1206 2936 1379 2989 minor
1400 2944 1481 2989 est
1508 2933 1747 2988 fructus?
1767 2932 1895 2988 Cre-

294 3040 497 3088 verunt
520 3031 718 3085 zizania
740 3074 754 3096 ,
782 3030 877 3085 sed
919 3038 972 3084 et
1011 3028 1243 3083 triticum
1276 3045 1290 3081 :
1325 3028 1489 3083 Sinite
1538 3036 1750 3097 utraque
1787 3043 1894 3081 cre-

293 3142 439 3179 scere
467 3140 623 3195 usque
670 3124 737 3176 ad
775 3138 984 3177 messem
1024 3119 1237 3194 (ΜαιιΙι.
1271 3136 1384 3186 xm,
1417 3120 1533 3189 50).
1564 3119 1681 3174 Non
1723 3118 1888 3185 dixit,

292 3217 562 3273 Crescant
610 3215 845 3281 zizania,
897 3213 1172 3268 decrescat
1227 3212 1892 3281 frumentum;utrumque

291 3308 490 3364 crevit.
524 3307 697 3375 Quare
729 3321 833 3359 non
859 3313 1079 3373 apparet
1105 3301 1263 3356 modo
1292 3301 1522 3371 Spiritus
1571 3310 1785 3355 sanctus
1833 3300 1886 3354 in

291 3398 497 3467 linguis
526 3396 810 3451 omnibus?
843 3394 952 3449 Into
980 3407 1106 3447 vero
1127 3400 1349 3462 apparet
1374 3392 1425 3445 in
1468 3390 1660 3460 linguis
1700 3390 1873 3445 omni-

295 3491 404 3546 bus
436 3509 448 3544 :
482 3498 610 3543 tunc
649 3488 791 3541 enim
821 3485 1056 3540 nondum
1081 3494 1199 3539 erat
1226 3484 1463 3538 Ecclesia
1493 3498 1593 3553 per
1622 3490 1885 3537 terrarum

297 3583 494 3638 orbem
522 3580 741 3645 diffusa,
778 3587 835 3633 ut
876 3578 1119 3632 membra
1160 3574 1356 3630 Christi
1386 3576 1437 3629 iu
1471 3574 1721 3628 omnibus
1751 3589 1885 3644 gen.

295 3673 445 3728 tibus
485 3672 851 3741 loquerentur.
905 3669 1055 3722 Tunc
1123 3665 1443 3735 implebatur
1470 3664 1520 3718 in
1552 3679 1696 3731 uno,
1746 3663 1887 3732 quod

293 3764 764 3836 praenuntiabatur
792 3762 844 3816 in
869 3759 1141 3816 omnibus.
1174 3758 1291 3813 Jam
1315 3766 1483 3812 totum
1508 3771 1703 3827 corpus
1728 3755 1886 3812 Chri-

294 3858 370 3913 sti
396 3856 632 3927 loquitur
668 3854 907 3909 omnium
951 3851 1179 3922 linguis:
1215 3858 1272 3905 et
1299 3850 1492 3919 quibus
1534 3847 1773 3902 nondum
1800 3848 1885 3902 lo-

294 3949 503 4020 quitur,
532 3947 796 4017 loquetur.
837 3945 1058 4001 Crescet
1102 3943 1243 3997 enim
1293 3939 1553 4005 Ecclesia,
1588 3938 1759 3993 donec
1797 3954 1887 3994 oc-

291 4050 458 4113 cupet
480 4055 667 4096 omnes
696 4039 924 4108 linguas.
949 4034 1102 4105 Quod
1131 4049 1228 4089 vos
1254 4031 1588 4095 deseruistis,
1609 4045 1886 4101 quousque

292 4133 508 4189 crevit!
542 4131 745 4186 Tenete
784 4128 1061 4184 nobiscum
1092 4138 1369 4195 quousque
1409 4122 1654 4188 accessit,
1698 4132 1753 4174 ut
1784 4136 1883 4175 no-

294 4229 507 4282 biscum
530 4221 850 4295 pervcniatis
870 4219 935 4273 ad
959 4234 1076 4289 quae
1104 4217 1340 4271 nondum
1379 4213 1625 4269 accessit.
1672 4212 1886 4282 Loquor

291 4318 541 4373 omnium
568 4314 786 4384 linguis,
824 4310 998 4365 audeo
1022 4306 1326 4363 tibidicere.
1360 4305 1414 4358 In
1434 4318 1659 4374 corpore
1688 4303 1883 4358 Christi

290 4424 447 4473 sum,
484 4406 537 4462 in
564 4402 1028 4462 EcclesiaChristi
1056 4415 1171 4455 sum
1205 4418 1217 4453 :
1247 4400 1289 4453 si
1331 4412 1525 4467 corpus
1548 4396 1749 4451 Christi
1772 4396 1882 4465 jam

289 4502 539 4558 omnium
567 4498 760 4569 linguis
787 4496 1042 4566 loquitur,
1077 4502 1130 4548 et
1156 4506 1254 4561 ego
1287 4492 1339 4545 in
1390 4490 1640 4545 omnibus
1684 4489 1882 4559 linguis

288 4608 417 4649 sum
442 4609 457 4658 ;
490 4606 605 4647 mea
639 4598 721 4644 est
748 4603 943 4659 graeca,
966 4600 1083 4640 mea
1108 4593 1191 4639 est
1223 4598 1366 4655 syra,
1392 4597 1510 4636 mea
1535 4590 1619 4636 est
1642 4581 1878 4649 hebraca,

290 4698 419 4738 mea
447 4689 531 4737 est
556 4680 795 4735 omnium
834 4677 1094 4749 gentium,
1128 4675 1250 4745 quia
1280 4675 1333 4727 in
1364 4675 1565 4728 unitate
1612 4688 1728 4727 sum
1760 4688 1878 4727 om-

289 4776 447 4829 nium
478 4774 734 4843 gentium.

366 4864 457 4918 20.
486 4864 644 4932 Ergo,
682 4862 896 4925 fratres,
940 4860 1104 4929 erepit
1136 4857 1375 4914 Ecclesia
1426 4856 1493 4909 ab
1539 4856 1830 4912 Jerusalem
1861 4874 1875 4923 ;

286 4956 356 5008 iit
380 4968 475 5023 per
503 4967 688 5007 omnes
712 4960 899 5022 gentes
924 4967 936 5003 :
958 4949 1084 5020 quid
1106 4947 1410 5003 evidentius
1436 4945 1539 5000 hoc
1572 4945 1879 5001 testimonio

284 5046 476 5115 Legis,
509 5045 895 5114 Prophetarum
923 5085 938 5109 ,
999 5042 1167 5112 ipsius
1202 5038 1448 5094 Domini?
1501 5038 1877 5108 Apostolorum

282 5137 492 5206 ubique
521 5142 809 5206 personant
835 5147 1016 5198 voces,
1052 5131 1337 5187 reddentes
1368 5128 1733 5184 testimonium
1758 5131 1872 5199 spei

282 5236 492 5281 nostra:
519 5227 573 5280 in
620 5226 821 5280 unitate
855 5224 1099 5293 corporis
1128 5222 1347 5276 Christi.
1398 5218 1635 5275 Gaudete
1682 5220 1738 5273 in
1768 5219 1880 5275 fru-

282 5318 508 5381 mentis,
535 5317 755 5371 tolerate
782 5315 985 5370 zizania
1010 5354 1023 5379 ,
1049 5312 1244 5382 gemite
1274 5312 1324 5365 in
1368 5311 1576 5375 tritura,
1614 5311 1877 5379 suspirate

283 5411 348 5465 in
386 5409 658 5464 horreum.
695 5408 886 5463 Veniet
930 5406 1059 5460 illud
1093 5413 1307 5473 tempus
1343 5419 1447 5473 quo
1485 5402 1834 5472 gaudebimus
1859 5446 1875 5469 ,

284 5499 622 5554 confirmatis
660 5498 903 5554 vectibus
935 5507 1211 5568 portarum
1242 5494 1560 5550 Jerusalem.
1592 5494 1757 5548 Intret
1785 5496 1875 5564 qui

284 5596 590 5648 intraturus
615 5600 715 5646 cst.
731 5590 829 5658 Qui
848 5592 972 5645 illuc
994 5586 1305 5643 manifestus
1330 5585 1568 5651 intrabit,
1600 5585 1700 5639 huc
1723 5585 1876 5639 fictus

288 5701 401 5741 non
442 5685 624 5738 intrat.
675 5682 777 5749 Qui
820 5689 998 5736 autem
1048 5681 1155 5734 huc
1192 5679 1346 5734 fictus
1392 5679 1573 5742 intrat,
1618 5677 1743 5731 foris
1770 5685 1872 5731 est.

291 5776 448 5832 Foris
469 5783 552 5829 est
575 5815 589 5838 ,
618 5784 673 5830 ct
722 5774 892 5829 nescit
924 5791 937 5826 :
971 5771 1321 5826 ventilabrum
1374 5768 1621 5838 probabit
1647 5811 1661 5837 ,
1693 5776 1873 5824 vectes

354 5891 367 5919 '
397 5894 468 5935 Fr.
499 5885 646 5948 Lugd.
682 5893 801 5934 Ven.
828 5891 955 5932 Lov.:
984 5880 1213 5930 Non'dico
1236 5878 1322 5930 tibi
1343 5877 1439 5929 ubi.
1537 5885 1591 5925 It.

496 5968 721 6030 SANCT.
762 5971 1040 6028 Accus'r.
1077 5964 1183 6025 IV.

1417 413 1810 469 ENARRATIO
1850 415 1914 469 IN
1957 416 2271 475 PSALMUM
2310 420 2559 480 CXLVII.

3454 439 3591 495 I930

2010 531 2327 599 probabunt.
2377 537 2476 604 Qui
2515 539 2673 593 modo
2706 544 2831 597 vere
2862 544 3003 599 intus
3040 553 3094 601 et
3125 548 3382 604 veraciter
3413 550 3584 618 intus,

2005 620 2077 675 ibi
2102 622 2518 682 firmiterintus:
2550 631 2637 699 qui
2662 641 2841 687 autem
2874 635 2961 691 hic
2988 638 3264 693 tolerando
3311 641 3484 708 intus,
3516 645 3586 698 ibi

1958 740 1965 741 ί
2003 711 2286 802 gaudendo
2328 716 2489 771 intus.
2517 718 2677 776 Fines
2727 724 2869 781 enim
2917 725 3213 784 Jerusalem
3270 746 3405 799 pax;
3439 734 3585 802 quia,

2005 801 2209 873 Posuit,
2233 808 2421 879 inquit,
2476 812 2601 880 fines
2634 824 2745 869 tuos
2773 833 2969 886 pacem.
3010 820 3168 875 Modo
3217 801 3589 879 desideramus

2004 908 2213 963 pacem,
2243 915 2399 967 quam
2429 903 2515 958 hic
2545 905 2805 962 habemus
2840 909 2893 962 in
2933 925 3048 981 spe.
3098 912 3284 969 Adhuc
3339 916 3483 971 enim
3534 919 3586 975 in

2003 985 2159 1085 nobis
2188 987 2317 1057 ipsis
2363 992 2535 1061 qualis
2579 997 2719 1064 pax?
2773 999 2908 1054 Caro
2956 1004 3286 1073 concupiscit
3331 1007 3590 1063 adversus

2004 1076 2270 1171 spiritum,
2295 1088 2349 1133 et
2373 1082 2592 1150 spiritus
2620 1086 2883 1142 adversus
2911 1104 3124 1147 carnem
3156 1093 3351 1166 (Colat.
3379 1114 3432 1165 v,
3453 1099 3517 1153 17
3543 1100 3584 1171 ).

2006 1164 2105 1220 Ubi
2136 1169 2292 1236 plena
2320 1188 2418 1241 pax
2453 1174 2505 1227 in
2530 1191 2634 1230 uno
2665 1176 2926 1233 homine?
2959 1164 3180 1248 Quando
3205 1186 3309 1239 erit
3345 1164 3501 1257 plena
3534 1164 3587 1245 in

2003 1272 2112 1310 uno
2144 1258 2378 1330 homine,
2426 1272 2557 1320 tunc
2585 1267 2688 1321 erit
2717 1269 2875 1338 plena
2903 1270 2957 1325 in
2993 1273 3239 1329 omnibus
3272 1277 3477 1333 civibus
3496 1279 3586 1335 Je-

2002 1352 2253 1407 rusalem.
2284 1354 2508 1422 Quando
2529 1360 2627 1414 erit
2657 1362 2809 1430 plena
2833 1366 2973 1434 pax?
2998 1366 3222 1435 Quando
3245 1375 3587 1442 corruptibile

2005 1442 2105 1496 hoc
2142 1443 2373 1502 induerit
2410 1449 2867 1522 incorruptionem
2898 1499 2913 1525 ,
2968 1468 3021 1513 et
3070 1463 3297 1519 mortale
3346 1464 3448 1520 hoc
3495 1468 3579 1521 in-

2002 1530 2182 1588 duerit
2227 1537 2680 1598 immortalitatem
2712 1542 2755 1616 (l
2788 1544 2903 1599 Cor.
2958 1564 3048 1617 xv,
3089 1550 3218 1624 55):
3254 1563 3379 1611 tunc
3423 1558 3581 1627 plena

2002 1636 2102 1690 pax
2123 1664 2138 1690 ,
2178 1632 2302 1680 tunc
2332 1628 2481 1685 firma
2529 1648 2627 1702 pax
2661 1652 2675 1700 ;
2709 1635 2837 1690 nihil
2864 1637 3035 1709 litigat
3066 1642 3320 1700 adversus
3349 1649 3583 1705 animam

2002 1712 2056 1765 in
2088 1713 2324 1807 homine,
2357 1735 2464 1775 non
2510 1721 2620 1791 ipsa
2659 1724 2941 1782 adversum
2972 1746 3050 1795 se,
3079 1747 3143 1785 ex
3172 1735 3400 1803 quadam
3432 1749 3586 1807 parte

2001 1806 2215 1900 saucia;
2266 1824 2372 1865 non
2403 1812 2578 1868 carnis
2603 1814 2879 1884 fragilitas,
2935 1835 3041 1874 non
3074 1824 3361 1893 indigentia
3392 1806 3585 1900 corpo-

2002 1895 2099 1964 ris,
2136 1914 2242 1989 non
2285 1900 2453 1958 fames
2477 1944 2492 1970 ,
2525 1919 2630 1959 non
2662 1907 2800 1974 sitis,
2853 1923 2959 1964 non
3006 1910 3194 1982 frigus,
3234 1931 3339 1971 non
3396 1895 3582 1989 testas,

2004 2001 2110 2043 non
2136 1988 2411 2058 lassitudo,
2437 2009 2541 2048 non
2572 1996 2677 2051 ulla
2703 1997 2882 2069 inopia
2901 2041 2915 2067 ,
2968 2017 3073 2057 non
3095 2007 3402 2073 provocatio
3431 1988 3583 2079 rixae,

2002 2093 2110 2132 non
2142 2089 2291 2136 certe
2338 2083 2452 2152 ipsa
2483 2085 2710 2140 sollicita
2737 2090 2947 2144 cautela
2976 2100 3030 2147 ct
3056 2094 3254 2150 vitandi
3301 2098 3501 2155 inimici
3528 2111 3585 2157 et

2000 2168 2271 2240 diligendi.
2306 2172 2430 2229 llaec
2454 2176 2653 2241 omnia,
2687 2176 2881 2235 fratres
2909 2182 3036 2249 mei,
3065 2183 3273 2255 litigant
3292 2188 3579 2246 adversum

2002 2276 2134 2329 nos;
2168 2263 2407 2319 nondum
2432 2275 2513 2321 est
2534 2267 2699 2337 plena
2713 2278 2767 2325 et
2796 2271 3031 2341 perfecta
3056 2291 3177 2351 pax,
3202 2278 3355 2359 Quod
3383 2282 3585 2339 clama-

1999 2353 2095 2408 stis
2116 2354 2429 2424 jamdudum
2457 2360 2727 2415 nominata
2779 2377 2929 2432 pace,
2977 2380 3040 2421 ex
3093 2350 3359 2427 deSt’derio
3384 2373 3585 2430 clama-

1998 2447 2130 2514 stis;
2159 2448 2361 2505 clamor
2380 2460 2559 2507 vester
2603 2452 2670 2509 de
2717 2455 2805 2510 siti
2846 2456 2963 2526 fuit,
3004 2475 3111 2515 non
3165 2461 3233 2517 de
3258 2466 3534 2524 saturitate
3568 2485 3585 2524 :

1999 2540 2122 2609 quia
2177 2541 2250 2596 ibi
2305 2544 2407 2598 erit
2458 2544 2693 2615 perfecta
2726 2547 2931 2618 justitia
2967 2591 2982 2618 ,
3031 2552 3119 2607 ubi
3168 2555 3401 2624 perfecta
3447 2574 3573 2629 pax.

1998 2632 2156 2689 Modo
2222 2636 2486 2693 esurimus
2543 2648 2598 2694 et
2669 2642 2880 2698 sitimus
2938 2647 3219 2714 justitiam.
3280 2650 3429 2707 Beati
3489 2656 3583 2725 qui

1999 2726 2244 2783 esuriunt
2267 2737 2321 2783 et
2344 2729 2833 2804 sitiuntjustitiam,
2856 2738 3108 2806 quoniam
3132 2740 3234 2810 ipsi
3260 2746 3582 2802 saturabun-

2001 2826 2086 2871 tur
2116 2818 2327 2886 (Matth.
2351 2838 2401 2887 ν,
2430 2822 2508 2893 6).
2536 2822 2815 2890 Quomodo
2838 2828 2936 2896 ipsi
2982 2831 3404 2890 saturabuntur?
3446 2837 3580 2893 Cum

1998 2907 2064 2962 ad
2096 2923 2280 2978 pacem
2332 2913 2655 2969 venerimus.
2692 2915 2816 2971 Ideo
2844 2932 2963 2973 cum
2997 2919 3239 2990 dixisset,
3274 2925 3374 2992 Qui
3404 2935 3573 2997 posuit

1998 3001 2123 3069 ﬁnes
2145 3011 2256 3057 tuos
2284 3021 2501 3073 pacem;
2544 3008 2665 3076 quia
2691 3007 2762 3061 ibi
2785 3010 3039 3065 saturitas
3082 3024 3136 3067 et
3163 3015 3306 3069 nulla
3329 3017 3580 3090 indigen-

1999 3092 2088 3159 tia,
2118 3093 2354 3147 subdidit
2379 3095 2578 3162 statim,
2612 3096 2679 3150 Et
2707 3099 2858 3168 adipe
2883 3103 3125 3170 frumenti
3148 3105 3339 3159 satians
3369 3117 3437 3160 te.

2065 3183 2154 3237 9.1.
2184 3185 2430 3251 Fratres,
2460 3188 2709 3256 quoniam
2742 3205 2846 3259 pax
2896 3191 3009 3261 ipsa
3052 3192 3119 3248 de
3156 3209 3257 3263 qua
3291 3197 3574 3268 loquimur,

1995 3277 2227 3331 nondum
2254 3286 2335 3332 est
2356 3279 2408 3332 in
2441 3282 2565 3336 totis
2596 3281 2748 3336 nobis
2778 3324 2792 3347 ,
2824 3282 2872 3336 id
2906 3292 2988 3338 est
3016 3286 3070 3339 in
3110 3302 3427 3359 unoquoque
3472 3309 3575 3348 no-

1992 3378 2159 3422 strum
2190 3377 2317 3435 tota,
2346 3370 2521 3426 adhuc
2550 3372 2682 3426 forte
2700 3373 2942 3442 spiritum
2967 3383 3198 3431 vestrum
3228 3378 3456 3436 delectat
3478 3399 3573 3438 au-

1991 3458 2143 3515 dire:
2174 3461 2266 3515 sed
2311 3463 2355 3516 si
2409 3462 2540 3517 nihil
2585 3464 2784 3519 resistit
2826 3472 2879 3519 et
2932 3466 3152 3522 rebellat
3193 3484 3260 3526 ex
3308 3487 3572 3544 corpore,

1992 3552 2236 3608 finiemus
2265 3555 2555 3610 Psalmum.
2589 3555 2857 3627 Fatigatos
2905 3574 2999 3613 vos
3037 3576 3308 3633 nunquam
3358 3570 3573 3635 sentio;

1992 3652 2170 3700 tamen
2194 3660 2400 3713 vereor,
2434 3648 2586 3702 novit
2638 3649 2812 3715 Deus,
2864 3666 2931 3705 ne
2976 3655 3123 3706 oneri
3164 3656 3263 3709 sim
3308 3656 3457 3714 vobis
3486 3672 3577 3716 aut

1991 3736 2304 3804 quibusdam
2331 3736 2584 3793 fratribus
2618 3756 2631 3791 :
2664 3749 2716 3793 et
2742 3740 2897 3794 video
2923 3741 3095 3795 studia
3124 3745 3410 3800 multorum
3453 3753 3572 3805 exi—

1988 3829 2223 3897 gentium
2249 3829 2315 3881 de
2341 3845 2428 3882 me
2454 3830 2595 3883 hunc
2619 3829 2853 3885 laborem
2880 3841 2933 3885 et
2960 3831 3100 3886 hunc
3119 3834 3388 3903 sudorem,
3415 3855 3573 3908 quem

1989 3919 2149 3974 credo
2179 3921 2232 3973 in
2265 3921 2488 3976 Domino
2516 3936 2620 3977 non
2648 3920 2879 3976 futurum
2908 3922 3315 3980 infructuosum.
3353 3929 3574 3988 Gaudeo

1991 4020 2190 4065 tantam
2213 4027 2333 4067 esse
2362 4014 2686 4084 voluptatem
2718 4014 2771 4067 in
2798 4015 3020 4071 veritate
3042 4017 3188 4071 verbi
3217 4018 3310 4074 Dei
3333 4062 3345 4083 ,
3376 4031 3431 4076 ut
3460 4034 3572 4077 stu-

1989 4101 2134 4157 dium
2161 4111 2393 4157 vestrum
2423 4104 2617 4158 bonum
2644 4104 2699 4158 in
2726 4104 2868 4160 bono
2890 4114 2943 4160 et
2971 4105 3036 4161 de
3056 4106 3195 4161 bono
3214 4151 3227 4175 ,
3257 4111 3433 4166 vincat
3461 4123 3573 4169 stu-

1988 4192 2135 4248 dium
2167 4193 2475 4247 insanorum
2497 4194 2584 4263 qui
2612 4203 2735 4248 sunt
2764 4195 2817 4248 in
2844 4195 3255 4264 amphitheatro.
3302 4199 3570 4273 Numquid

1988 4284 2062 4339 illi
2092 4286 2136 4339 si
2166 4292 2269 4339 tam
2300 4284 2389 4339 diu
2421 4293 2623 4340 starent
2649 4328 2664 4353 ,
2692 4284 2866 4341 adhuc
2895 4289 3242 4355 spectarent?
3268 4290 3428 4362 Ergo,
3462 4294 3569 4350 fra-

1991 4387 2098 4431 tres
2122 4420 2137 4444 ,
2193 4378 2472 4433 audiamus
2517 4389 2707 4433 caetera
2730 4421 2744 4447 ,
2791 4379 2917 4448 quia
2941 4378 3042 4435 hoc
3068 4382 3246 4438 vultis.
3279 4385 3435 4440 Adsit
3459 4388 3568 4443 Do—

1928 4480 1931 4483 ‘
1986 4472 2205 4538 minus,
2240 4471 2377 4526 adsit
2431 4480 2483 4529 et
2526 4472 2725 4528 viribus
2778 4481 2831 4526 et
2885 4472 3151 4529 mentibus
3203 4479 3416 4534 nostris.
3471 4480 3571 4545 Qui

1989 4565 2155 4633 posuit
2184 4565 2310 4632 ﬁnes
2340 4575 2451 4619 tuos
2472 4580 2683 4632 pacem,
2731 4563 2797 4618 ad
2826 4563 2966 4619 illam
2997 4564 3289 4619 Jerusalem
3318 4568 3446 4622 dicit
3477 4584 3491 4621 :
3523 4580 3570 4622 et

1986 4656 2135 4725 adipe
2163 4657 2401 4725 frumenti
2438 4657 2628 4710 satians
2676 4664 2741 4709 te.
2783 4654 2997 4708 Transit
3038 4654 3207 4710 fames
3252 4665 3303 4711 et
3354 4658 3569 4729 sitisju-

1984 4748 2163 4811 stitize,
2192 4748 2428 4801 succedit
2452 4748 2721 4803 saturitas.
2754 4745 2852 4812 Qui
2880 4746 2950 4799 ibi
2977 4746 3077 4799 erit
3105 4746 3269 4815 adeps
3290 4748 3563 4817 frumenti,

1984 4841 2085 4896 nisi
2117 4840 2266 4910 panis
2295 4841 2384 4895 ille
2413 4842 2500 4910 qui
2532 4838 2806 4895 descendit
2850 4837 2916 4891 de
2964 4837 3100 4892 coelo
3142 4838 3207 4892 ad
3248 4854 3344 4894 nos
3367 4841 3564 4913 (Joan.

1982 4951 2054 5000 γι,
2085 4934 2147 4990 51
2186 4933 2245 5004 )?
2278 4933 2332 4987 ln
2382 4932 2551 5001 patria
2594 4932 2705 4999 ipsa
2734 4928 3001 5000 quomodo
3043 4930 3332 4997 saturabit,
3372 4934 3463 5003 qui
3514 4935 3566 4989 in

1983 5016 2401 5097 peregrinatione
2424 5023 2498 5078 sic
2523 5020 2712 5097 pavit?

2054 5117 2141 5170 29..
2173 5115 2322 5188 [vet-5.
2359 5112 2473 5186 15.]
2500 5113 2615 5168 Jatn
2678 5112 2835 5166 modo
2874 5111 2940 5167 de
2985 5113 3093 5183 ipsa
3133 5113 3560 5184 peregrinatione

1983 5218 2165 5265 nostra
2196 5210 2465 5263 locuturus
2494 5216 2608 5272 est,
2636 5221 2738 5276 qua
2766 5204 2974 5260 venitur
2999 5204 3065 5260 ad
3096 5205 3239 5259 illam
3265 5205 3562 5263 Jerusalem

1984 5305 2073 5358 ubi
2099 5300 2517 5357 collaudabimus
2548 5298 2826 5353 Dominum
2855 5338 2870 5363 ,
2918 5295 3253 5351 laudabimus
3281 5297 3562 5352 Dominum

1985 5396 2151 5449 Deum
2182 5401 2423 5446 nostrum
2446 5433 2459 5455 ,
2496 5405 2593 5443 nos
2620 5386 2917 5443 Jerusalem
2943 5430 2956 5453 ,
3012 5402 3112 5441 nos
3160 5386 3287 5441 Sion
3307 5427 3322 5451 ,
3354 5387 3567 5456 quando

1982 5484 2435 5541 conﬁrmabuntur
2456 5490 2633 5536 vectes
2658 5487 2926 5547 portarum
2973 5486 3296 5532 nostrarum.
3348 5476 3562 5532 Etenim

1982 5579 2071 5633 ille
2099 5578 2188 5648 qui
2222 5585 2344 5630 tunc
2374 5573 2585 5629 satiabit
2609 5571 2767 5641 adipe
2792 5569 3065 5635 frumenti,
3091 5568 3215 5639 quid
3242 5568 3367 5623 facit
3389 5569 3441 5623 in
3462 5570 3563 5624 ista

1982 5668 2453 5742 peregrinatione?
2480 5667 2592 5722 Hoc
2619 5666 2760 5736 quod
2791 5665 3029 5734 sequitur
3058 5680 3071 5715 :
3109 5661 3207 5727 Qui
3232 5662 3413 5715 emittit
3454 5678 3565 5715 ver-

1984 5767 2098 5820 bum
2124 5780 2269 5817 suum
2303 5774 2466 5816 terra}.
2499 5760 2638 5813 Ecce
2669 5759 2719 5811 in
2751 5766 2885 5811 terra
2915 5755 3217 5808 laboramus
3240 5752 3364 5808 fessi
3388 5795 3403 5819 ,
3447 5753 3564 5807 lan-

1984 5858 2160 5931 guidi,
2213 5853 2376 5926 pigri,
2404 5851 2580 5922 frigidi
2609 5868 2620 5902 :
2654 5848 2866 5919 quando
2910 5847 3208 5901 levaremur
3245 5845 3311 5901 ad
3356 5845 3565 5918 adipem

2727 5942 2761 6019 (
2761 5939 2842 5999 So
2853 5940 3241 6000 trante-une.
3239 5939 3278 6018 λ
