4084 6442
576 500 701 557 1951
1766 478 1823 535 S.

569 611 818 669 frumenti
846 617 898 665 et
926 606 1221 661 satietatem
1253 603 1291 667 ί,
1318 599 1416 654 nisi
1449 598 1682 651 mitteret
1733 592 1951 647 verbum
1994 602 2146 642 suum

578 715 761 767 terrm,
789 715 889 770 qua
919 696 1304 768 gravabantur;
1344 699 1528 752 terrm,
1579 699 1681 755 qua
1732 680 2150 752 impcdiebamur

573 811 603 850 a
637 791 845 849 reditu?
878 767 1019 844 Misit
1049 785 1265 841 verbum
1293 796 1477 845 suum,
1510 792 1613 831 non
1644 772 1879 830 deseruit
1907 770 2065 825 etiam
2097 767 2151 820 in

570 900 751 943 eremo
772 925 786 947 ,
813 881 947 953 pluit
975 893 1166 933 manna
1189 875 1255 929 de
1275 874 1429 928 cmlo.
1457 871 1554 937 Qui
1577 867 1753 922 emittit
1780 863 1980 919 verbum
2005 876 2150 915 suum

570 988 755 1040 terraz;
787 952 839 1029 et
861 972 1005 1027 venit
1033 969 1100 1024 ad
1130 976 1300 1022 terras
1322 964 1541 1018 verbum
1562 959 1694 1028 ejus.
1714 952 2034 1024 Quomodo?
2061 958 2151 1003 aut

570 1070 710 1140 quod
743 1076 823 1124 est
871 1065 1088 1120 verbum
1134 1059 1291 1131 ejus?
1339 1056 1507 1125 Usque
1550 1054 1603 1105 in
1647 1051 1954 1105 velocitatem
1994 1044 2150 1099 currit

567 1163 769 1217 verbum
796 1161 923 1229 ejus.
950 1156 1064 1210 Non
1087 1152 1248 1215 dixit,
1275 1149 1441 1203 Velox
1464 1153 1546 1200 est
1570 1142 1787 1197 verbum
1815 1139 1927 1208 ejus
1953 1155 1965 1186 τ
1992 1134 2150 1188 currit

566 1255 768 1308 verbum
790 1252 898 1321 ejus
914 1262 1069 1316 usque
1092 1246 1143 1297 in
1164 1242 1486 1296 velocitatem.
1532 1235 1907 1302 lntelligamus,
1934 1228 2147 1291 fratres;

569 1360 673 1400 non
700 1320 875 1412 potuit
898 1339 1093 1408 eligere
1118 1333 1306 1388 melius
1336 1328 1573 1383 verbum.
1606 1322 1819 1379 Calidas
1846 1320 2021 1374 calore
2063 1330 2151 1371 ca-

568 1408 744 1499 lescit,
767 1430 985 1500 frigidus
1012 1427 1203 1497 frigore
1229 1420 1494 1491 frigescit,
1519 1417 1669 1471 velox
1691 1412 1973 1467 velocitate
1994 1408 2147 1462 velox

570 1526 645 1581 fit.
666 1523 801 1590 Quid
819 1499 1039 1576 calidius
1062 1518 1176 1585 ipso
1206 1514 1382 1568 calore
1400 1553 1413 1575 ,
1441 1524 1545 1579 quo
1570 1506 1787 1562 calescit
1811 1500 2063 1573 quidquid
2092 1499 2151 1553 fit

567 1616 832 1675 calidum?
851 1612 988 1682 Quid
1006 1608 1247 1680 frigidius
1266 1607 1378 1675 ipso
1392 1602 1606 1672 frigore,
1627 1611 1732 1669 quo
1754 1594 1984 1665 frigescit
2000 1590 2147 1662 quid-

566 1709 691 1779 quid
708 1705 949 1777 frigidttm
967 1702 1047 1755 fit?
1063 1698 1197 1768 Quid
1210 1711 1336 1765 ergo
1351 1694 1584 1749 velocius
1606 1692 1717 1758 ipsa
1730 1687 2029 1748 velocitate,
2049 1698 2151 1752 qua

570 1773 729 1853 velox
758 1773 814 1850 lit
833 1790 1088 1864 quidquid
1116 1787 1370 1844 velociter
1392 1781 1587 1838 currit?
1614 1781 1846 1834 Possunt
1866 1776 1966 1830 dici
1990 1773 2153 1828 multa

569 1888 792 1952 velocia,
812 1896 866 1941 et
882 1884 981 1937 alia
1001 1881 1165 1949 magis
1183 1886 1237 1933 et
1252 1877 1352 1929 alia
1371 1875 1571 1935 minus;
1595 1878 1649 1925 et
1666 1877 1810 1923 tanto
1826 1879 2047 1936 quaeque
2068 1876 2154 1918 res

575 1981 727 2035 velox
750 1986 850 2043 est,
875 1982 1072 2045 quanto
1092 1978 1174 2026 est
1196 1968 1460 2039 particeps
1489 1961 1804 2018 velocitatis.
1825 1958 1917 2011 llla
1936 1971 2023 2012 res
2042 1969 2153 2009 ma-

571 2074 654 2143 gis
674 2079 756 2127 est
778 2068 1044 2139 particeps
1061 2060 1387 2124 velocitatis;
1411 2071 1538 2126 ergo
1555 2053 1719 2123 magis
1740 2050 1892 2106 velox
1914 2068 1927 2103 :
1951 2056 2043 2102 aut
2057 2046 2157 2101 mi-

574 2137 675 2223 nus
719 2137 984 2234 particeps
1030 2153 1365 2217 velocitatis;
1415 2164 1542 2218 ergo
1591 2146 1767 2200 minus
1820 2142 1998 2197 velox.
2037 2137 2155 2208 lpsa

575 2230 751 2330 itaque
777 2254 1055 2311 velocitate
1075 2248 1200 2320 quid
1222 2242 1477 2301 velocius?
1497 2241 1635 2309 Ergo
1656 2252 1760 2307 quo
1782 2247 1947 2304 usque
1967 2230 2155 2287 currit?

580 2322 748 2420 Usque
774 2349 826 2402 in
851 2344 1183 2400 velocitatem.
1228 2338 1494 2405 Quantum
1538 2331 1618 2384 vis
1647 2342 1781 2397 auge
1825 2324 1965 2393 quod
1992 2322 2150 2378 velox

576 2410 676 2503 esti
687 2440 907 2496 verbum
929 2476 943 2503 ,
975 2442 1029 2489 et
1047 2432 1131 2487 dic
1158 2450 1170 2485 :
1190 2426 1440 2484 Velocius
1460 2432 1541 2479 est
1560 2434 1718 2490 quam
1744 2415 1871 2471 illud
1893 2423 1982 2468 aut
2003 2410 2153 2477 illud,

575 2500 736 2605 quam
791 2500 954 2593 aves,
1008 2538 1165 2595 quam
1209 2518 1391 2581 venti,
1438 2527 1595 2585 quam
1649 2507 1861 2579 Angeli.
1890 2500 2157 2573 Numquid

576 2598 775 2695 aliquid
804 2622 995 2677 horum
1023 2622 1224 2671 tantum
1248 2652 1262 2678 ,
1294 2616 1489 2679 quanta
1516 2605 1629 2676 ipsa
1655 2598 1907 2656 velocitas
1927 2637 1940 2661 ,
1988 2607 2157 2664 usque

576 2719 629 2773 in
658 2686 829 2787 ipsam
854 2704 1232 2766 velocitatem?
1258 2698 1526 2755 Velocitas
1554 2695 1667 2765 ipsa
1699 2689 1821 2761 quid
1874 2696 1955 2744 est
1976 2728 1991 2753 ,
2048 2686 2158 2740 fra-

576 2775 724 2862 tres?
756 2803 961 2871 Ubique
985 2806 1098 2863 est,
1132 2809 1237 2849 non
1263 2798 1345 2847 est
1373 2790 1425 2843 in
1470 2794 1641 2858 parte.
1673 2782 1787 2837 Hoc
1828 2778 2063 2851 pertinet
2090 2775 2158 2830 ad

576 2897 809 2953 Verbum
842 2892 934 2947 Dei
961 2932 976 2957 ,
1004 2904 1110 2943 non
1153 2899 1274 2941 esse
1327 2883 1378 2937 in
1426 2887 1613 2951 parte,
1660 2875 1857 2945 ubique
1898 2886 2019 2928 esse
2063 2884 2159 2940 per

574 2991 808 3061 seipsum
838 2984 1071 3041 Verbum
1096 3022 1109 3046 ,
1138 2994 1202 3034 ex
1229 2992 1334 3047 quo
1365 2974 1457 3030 Dei
1490 2972 1668 3027 Virtus
1697 2976 1751 3024 et
1778 2967 1867 3021 Dei
1888 2962 2157 3034 Sapientia

573 3053 704 3152 est-(
731 3079 748 3132 l
777 3076 893 3133 Cor.
926 3091 964 3142 ι,
996 3073 1065 3127 24
1087 3072 1126 3141 ),
1156 3068 1390 3125 nondum
1417 3070 1688 3130 assumpta
1714 3072 1895 3113 carne.
1922 3056 1977 3111 Si
2004 3053 2154 3123 cogi-

573 3144 748 3229 temus
774 3170 939 3223 Deum
972 3165 1023 3219 in
1058 3164 1229 3217 forma
1274 3158 1401 3221 Dei,
1446 3153 1677 3209 Verbum
1723 3146 1927 3218 mquale
1969 3144 2153 3209 Patri;

573 3265 691 3335 ipsa
721 3269 803 3318 est
831 3255 1100 3329 Sapientia
1129 3252 1221 3307 Dei
1247 3293 1261 3317 ,
1309 3250 1377 3304 de
1415 3262 1517 3317 qua
1562 3244 1760 3299 dictum
1790 3248 1872 3296 est
1904 3257 1917 3293 :
1947 3236 2158 3307 Attingit

567 3330 733 3424 a-ﬁne
761 3366 920 3423 usque
946 3348 1012 3401 ad
1040 3347 1191 3415 ﬁnem
1244 3342 1441 3413 fortiter
1490 3338 1644 3409 (Sap.
1673 3350 1782 3400 vttt,
1828 3331 1903 3403 1).
1949 3330 2156 3398 Quanta

572 3417 861 3505 velocitas!
894 3437 1107 3507 Attingit
1137 3451 1168 3488 a
1200 3434 1300 3501 ﬁne
1339 3445 1493 3500 usque
1519 3427 1585 3480 ad
1624 3426 1776 3496 ﬁnem
1804 3422 2020 3491 fortiter.
2050 3417 2157 3473 Sed

577 3540 714 3593 forte
736 3532 1102 3589 immobilitate
1131 3525 1357 3595 attingit.
1389 3523 1447 3578 Si
1482 3518 1873 3583 immobilitate,
1907 3522 2156 3584 tanquam

574 3628 744 3685 moles
769 3624 944 3694 aliqua
993 3634 1150 3675 saxea
1179 3616 1397 3684 impleat
1436 3613 1611 3667 locum
1640 3609 1867 3677 aliquem
1895 3622 1908 3671 ;
1965 3603 2157 3659 dicitur

572 3719 714 3793 quod
742 3714 953 3786 attingit
982 3709 1222 3782 ejusdem
1254 3706 1354 3761 loci
1380 3718 1407 3757 a
1438 3704 1542 3757 ﬁne
1563 3713 1727 3770 usque
1748 3696 1812 3751 ad
1833 3696 1989 3750 tinem
2008 3733 2023 3758 ,
2048 3706 2157 3748 non

573 3788 751 3870 tamen
791 3817 958 3865 motu.
1003 3803 1141 3873 Quid
1164 3815 1290 3871 ergo
1315 3795 1578 3854 dicimus?
1606 3808 1712 3848 non
1760 3788 1922 3845 habet
1954 3793 2156 3841 motum

568 3906 806 3973 Verbum
836 3898 1002 3967 illud,
1035 3905 1089 3953 et
1113 3891 1384 3963 Sapientia
1414 3889 1501 3943 illa
1553 3884 1746 3941 stolida
1795 3881 1913 3938 est?
1959 3880 2026 3935 Et
2064 3877 2157 3932 ubi

572 4008 655 4055 eSt
673 3968 824 4067 quod
852 3993 1042 4048 dicitur
1070 3987 1137 4043 de
1165 3982 1446 4053 Sapientiae
1475 3976 1706 4048 Spiritu?
1735 3973 1866 4028 Cum
1893 3970 2056 4025 multa
2078 3968 2154 4023 di-

570 4096 825 4145 cerentur
857 4100 871 4136 :
904 4082 1095 4135 Acutus
1121 4118 1134 4140 ,
1193 4071 1397 4143 inquit,
1427 4068 1625 4123 mobilis
1647 4108 1660 4131 ,
1705 4072 1867 4118 certus
1891 4102 1905 4127 ,
1960 4060 2156 4113 incoin-

574 4179 811 4251 quinatus
840 4172 969 4245 (1d.
1000 4186 1094 4235 vn,
1125 4167 1194 4221 22
1224 4166 1263 4236 ).
1295 4164 1384 4218 Sic
1412 4160 1594 4230 utique
1623 4155 1878 4227 sapientia
1908 4152 2000 4207 Dei
2045 4165 2160 4205 mo-

574 4242 717 4328 bilis.
746 4268 801 4323 Si
834 4242 959 4335 ergo
986 4258 1234 4322 mobilis;
1268 4252 1480 4326 quando
1522 4250 1625 4305 hoc
1654 4246 1847 4317 tangit,
1880 4242 2008 4298 illud
2051 4255 2156 4296 non

578 4358 785 4428 tangit?
817 4333 912 4409 aut
935 4353 1037 4408 hoc
1063 4349 1260 4419 tangit,
1293 4344 1424 4402 illud
1446 4340 1678 4399 deserit?
1710 4340 1778 4393 Et
1806 4335 1896 4392 ubi
1916 4344 1998 4390 est
2017 4333 2160 4388 velo-

581 4425 753 4507 citas?
775 4446 889 4501 Hoc
910 4443 1033 4498 facit
1052 4439 1305 4495 velocitas
1325 4477 1339 4501 ,
1372 4444 1428 4490 ut
1447 4444 1501 4490 et
1528 4432 1722 4502 ubique
1743 4442 1955 4497 semper
1979 4425 2078 4490 sit,
2107 4432 2161 4479 et

579 4552 838 4609 nusquam
870 4533 1071 4589 inclusa
1095 4537 1355 4584 teneatur.
1386 4525 1490 4580 Sed
1527 4522 1759 4593 cogitare
1785 4520 1883 4573 ista
1904 4532 2010 4572 non
2038 4527 2161 4585 pos-

580 4608 802 4693 sumus;
830 4624 963 4697 pigri
1003 4635 1206 4677 sumus.
1235 4616 1364 4686 Quis
1407 4616 1506 4669 ista
1552 4611 1784 4682 cogitet?
1837 4608 1905 4663 Et
1928 4621 2111 4662 revera
2142 4646 2157 4674 ,

578 4728 772 4781 fratres
796 4764 811 4789 ,
833 4717 1084 4791 quoniam
1114 4712 1221 4769 dixi
1244 4706 1512 4782 quomodo
1541 4704 1685 4776 potui
1714 4704 1731 4772 (
1755 4703 1799 4758 si
1840 4710 2018 4757 tamen
2061 4714 2159 4770 po-

578 4818 691 4883 tui,
721 4816 766 4870 si
796 4810 1030 4869 intellexi
1058 4810 1096 4878 ),
1126 4816 1180 4861 et
1204 4800 1472 4875 quomodo
1513 4796 1760 4869 potuistis
1798 4791 2157 4850 intellexistis.

580 4909 687 4965 Sed
710 4905 835 4978 quid
862 4903 991 4960 dicit
1018 4896 1341 4970 Apostolus?
1363 4892 1431 4948 Ei
1456 4900 1622 4947 autem
1646 4888 1729 4958 qui
1760 4896 1933 4957 potens
1978 4893 2051 4939 est
2077 4886 2162 4957 fa-

580 5019 693 5058 cere
736 4977 896 5070 supra
942 5011 1092 5067 quam
1143 4991 1398 5063 petimus,
1429 4995 1516 5040 aut
1558 4982 1885 5053 intelligimus
1928 4977 2164 5051 (Ep/tes.

582 5110 662 5159 tu,
688 5092 760 5148 20
786 5068 827 5161 )V.
859 5086 995 5156 Quid
1026 5084 1112 5139 hic
1155 5078 1422 5137 ostendit?
1441 5076 1572 5146 Quia
1595 5073 2033 5145 quotiescumque
2083 5068 2164 5121 in-

583 5184 948 5242 tellexerimus
972 5221 987 5247 ,
1019 5190 1125 5232 non
1152 5171 1511 5230 intelleximus
1539 5165 1693 5221 sicuti
1716 5170 1816 5220 est.
1842 5161 2017 5228 Quare
2039 5157 2163 5213 hoc?

584 5281 780 5350 Corpus
799 5276 932 5332 enim
956 5270 1090 5344 quod
1119 5265 1457 5336 corrumpitur
1485 5267 1723 5332 aggravat
1752 5256 1974 5310 animam
2004 5250 2164 5323 (Sap.

584 5388 659 5436 ιχ,
687 5342 822 5440 '15).
855 5342 995 5435 Ergo
1016 5362 1071 5417 in
1102 5368 1241 5415 terra
1264 5352 1438 5427 frigidi
1477 5363 1679 5406 sumus.
1725 5344 1993 5401 Velocitas
2021 5342 2162 5396 enim

589 5435 801 5520 fervens
829 5466 939 5523 est;
980 5463 1035 5511 et
1058 5454 1234 5507 omnia
1261 5444 1521 5505 ferventia
1548 5440 1811 5498 velociora
1831 5480 1845 5504 ,
1879 5436 2055 5493 omnia
2074 5435 2168 5488 fri-

584 5556 709 5630 gida
737 5550 987 5609 tardiora.
1014 5545 1125 5603 Nos
1146 5542 1312 5608 tardi,
1342 5552 1468 5607 ergo
1493 5532 1686 5605 frigidi.
1718 5530 1813 5585 llla
1855 5537 2030 5583 autem
2070 5526 2167 5581 Sa-

586 5619 787 5723 pientia
832 5645 1000 5701 currit
1047 5651 1216 5709 usque
1268 5634 1319 5688 in
1374 5628 1729 5685 velocitatem.
1785 5623 1924 5692 Ergo
1955 5619 2165 5675 ferven-

589 5708 797 5798 iissima
843 5744 963 5801 est;
1012 5745 1112 5789 nec
1132 5708 1217 5785 est
1244 5722 1335 5796 qui
1361 5735 1419 5777 se
1447 5714 1738 5774 abscondat
1781 5726 1811 5767 a
1842 5711 2017 5768 calore
2054 5708 2168 5779 ejus

591 5830 612 5899 (
638 5827 783 5882 Psal.
811 5842 955 5891 xvm,
985 5824 1015 5877 7
1044 5823 1083 5892 ).

659 5941 677 5972 ⁶
704 5946 802 5988 Am.
830 5944 881 5987 et
899 5943 1024 5996 Mss,
1052 5932 1115 5983 ad
1139 5929 1328 5992 adipem
1355 5920 1577 5976 frumenti
1600 5918 1861 5971 satiantem.

1868 469 2227 530 AUGUSTINI
2272 469 2566 525 EPISCOPI

3697 476 3843 532 1952

2328 588 2416 642 25.
2462 586 2611 659 [vers.
2644 588 2758 661 l6.]
2790 590 2895 645 Nos
2921 606 3048 661 ergo
3073 632 3086 658 ,
3111 592 3197 661 qui
3228 590 3401 663 frigidi
3446 594 3680 661 corporis
3724 605 3843 649 tar-

2254 679 2416 733 ditate
2441 722 2454 746 ,
2493 680 2709 735 vinculo
2737 689 2961 737 terrenas
2990 683 3111 736 vitae
3140 681 3298 752 hujus
3318 683 3677 753 corruptibilis
3696 700 3842 740 one-

2254 772 2375 839 rati,
2400 771 2671 827 nullamne
2692 787 2839 842 spem
2868 773 3127 828 habemus
3148 774 3212 828 ad
3234 774 3559 843 capiendum
3580 775 3839 841 Verbum,

2252 860 2391 931 quod
2419 878 2582 932 usque
2609 863 2659 917 in
2690 863 3022 919 velocitatem
3041 864 3232 919 currit?
3248 866 3327 919 An
3345 880 3475 921 vero
3493 865 3582 920 ille
3599 868 3844 937 quamvis

2252 971 2316 1010 ex
2349 971 2571 1025 corpore
2598 957 2649 1010 in
2672 956 2851 1011 intima
2886 957 3171 1027 depressos
3201 958 3473 1014 deseruit?
3500 959 3683 1015 Nonne
3718 962 3842 1032 ipse

2253 1050 2648 1118 prcedestinavit
2678 1064 2775 1104 nos
2798 1092 2812 1115 ,
2845 1059 3132 1120 antequam
3156 1052 3205 1105 in
3236 1052 3339 1107 isto
3370 1053 3583 1107 mortali
3606 1062 3657 1108 et
3683 1055 3842 1125 pigro

2252 1157 2477 1211 corpore
2518 1143 2898 1199 nasceremur?
2936 1143 3036 1211 Qui
3083 1159 3208 1214 ergo
3263 1144 3661 1214 praedestinavit
3696 1160 3835 1213 nos,

2253 1236 2399 1290 dedit
2431 1245 2585 1291 terra:
2627 1237 2799 1291 nivem
2827 1278 2841 1303 ,
2897 1236 3042 1307 ipsos
3072 1252 3188 1291 nos.
3216 1237 3331 1292 Jam
3372 1238 3520 1293 enim
3568 1238 3841 1294 veniamus

2253 1330 2319 1385 ad
2344 1330 2463 1384 illos
2485 1329 2681 1384 Psalmi
2711 1344 2898 1384 versus
2927 1330 3323 1394 subobscuros;
3359 1330 3618 1401 incipiant
3645 1332 3730 1386 illa
3752 1333 3839 1387 in-

2252 1421 2471 1476 volucra
2520 1420 2693 1475 evolvi
2726 1438 2736 1473 :
2768 1421 3018 1490 quoniam
3068 1437 3160 1475 vos
3211 1422 3432 1477 verbum
3482 1422 3610 1487 Dei,
3641 1433 3840 1493 quanto

2255 1512 2421 1581 magis
2448 1526 2541 1580 per
2565 1526 2663 1566 nos
2693 1511 2907 1576 dicitur,
2948 1521 3094 1567 tanto
3138 1512 3405 1567 avidiores
3431 1512 3655 1569 invenit.
3701 1515 3841 1570 Ecce

2255 1618 2353 1659 nos
2403 1604 2535 1674 pigri
2586 1603 2636 1659 in
2669 1604 2769 1658 hac
2810 1614 2948 1659 terra
2989 1605 3139 1674 quasi
3185 1605 3583 1675 congelavimus
3626 1606 3730 1662 hic.
3775 1608 3843 1663 Et

2254 1695 2525 1765 quomodo
2556 1695 2814 1765 contingit
2843 1696 3088 1759 nivibus;
3118 1711 3330 1751 sursum
3370 1699 3513 1751 enim
3543 1698 3720 1767 gelant
3746 1741 3762 1766 ,
3791 1710 3843 1755 et

2256 1789 2307 1842 in
2332 1789 2435 1842 ima
2466 1789 2720 1843 decidunt
2745 1808 2757 1843 :
2784 1790 2863 1844 sic
2884 1789 3202 1860 frigescentc
3230 1790 3490 1846 charitate
3520 1791 3717 1847 decidit
3743 1792 3841 1847 hu-

2257 1895 2409 1933 mana
2438 1890 2623 1935 natura
2654 1881 2708 1935 in
2739 1880 2833 1935 has
2864 1890 3067 1947 terras,
3092 1890 3146 1936 et
3176 1882 3324 1951 pigro
3349 1896 3577 1952 corpore
3604 1883 3841 1939 involuta

2257 1973 2401 2027 velut
2431 1974 2519 2027 nix
2552 1972 2686 2029 facta
2716 1982 2816 2029 est.
2846 1974 2950 2030 Sed
2982 1974 3037 2028 in
3067 1975 3165 2029 ista
3189 1975 3451 2030 nivesunt
3479 1975 3846 2045 praedestinati

2260 2067 2353 2120 filii
2387 2067 2499 2122 Dei.
2532 2067 2794 2123 Datenim
2823 2067 2910 2123 ille
2938 2068 3105 2122 nivem
3146 2069 3277 2123 velut
3306 2068 3500 2123 lanam.
3539 2069 3677 2136 Quid
3722 2079 3805 2124 est
3826 2111 3842 2138 ,

2257 2157 2387 2211 velut
2413 2158 2631 2211 lanam?
2661 2157 2717 2212 Id
2744 2167 2859 2225 est,
2892 2157 2958 2213 de
3002 2157 3123 2213 nive
3164 2174 3322 2229 quam
3371 2158 3559 2223 dedit,
3608 2160 3679 2216 de
3732 2161 3845 2215 istis

2260 2248 2422 2318 pigris
2448 2247 2622 2303 adhuc
2643 2248 2831 2318 spiritu
2876 2258 2931 2303 et
2971 2248 3176 2320 frigidis
3220 2265 3357 2319 quos
3406 2250 3844 2320 praedestinavit,

2259 2340 2492 2396 facturus
2519 2349 2600 2396 est
2636 2340 2854 2411 aliquid.
2887 2341 3031 2396 Lana
3062 2342 3203 2397 enim
3229 2342 3481 2398 materies
3508 2344 3675 2398 vestis
3719 2351 3803 2399 est
3829 2360 3843 2396 :

2260 2433 2379 2487 lana
2434 2448 2555 2487 cum
2583 2432 2815 2499 videtur,
2848 2433 3014 2488 veluti
3063 2433 3381 2503 praeparatio
3422 2443 3505 2488 est
3554 2433 3733 2504 aliqua
3783 2433 3847 2489 ad

2258 2536 2486 2580 vestem.
2512 2526 2650 2594 Ergo
2672 2526 2790 2595 quia
2819 2523 3215 2595 prcedestinavit
3247 2524 3345 2580 hos
3388 2525 3479 2595 qui
3520 2524 3588 2579 ad
3635 2534 3843 2595 tempus

2260 2617 2433 2686 frigidi
2462 2625 2656 2686 repunt
2687 2616 2908 2672 interra
2934 2657 2947 2681 ,
3008 2622 3063 2670 et
3117 2615 3354 2671 nondum
3407 2615 3619 2671 fervent
3666 2616 3848 2687 spiritu

2260 2709 2534 2763 charitatis
2559 2708 2578 2779 (
2602 2707 2669 2763 de
2699 2706 3170 2777 prmdestinatione
3194 2706 3337 2761 enim
3364 2705 3538 2761 adhuc
3565 2707 3843 2777 loquitur),

2260 2800 2422 2855 veluti
2451 2800 2623 2854 lanam
2655 2798 2799 2854 dedit
2827 2794 2923 2853 hos
2959 2798 3129 2863 Deus;
3172 2797 3408 2853 facturus
3450 2806 3534 2854 est
3582 2799 3711 2855 inde
3753 2814 3840 2855 ve-

2258 2901 2419 2947 stem.
2452 2891 2638 2969 lilerito
2668 2889 2720 2945 in
2746 2898 2927 2946 monte
2958 2891 3119 2945 vestis
3148 2888 3345 2945 Christi
3376 2887 3551 2957 fulsit,
3596 2889 3737 2945 sicut
3761 2890 3847 2944 nix

2265 2984 2282 3054 (
2313 2984 2498 3037 Matth.
2528 2998 2657 3048 xvu,
2684 2982 2720 3036 2
2747 2981 2786 3053 ).
2822 2980 3078 3051 Fulgebat
3105 2981 3266 3036 vestis
3288 2980 3521 3047 Christi,
3555 2981 3699 3036 sicut
3720 2982 3805 3035 nix
3828 3020 3845 3046 ,

2260 3084 2509 3145 tanquam
2539 3074 2604 3128 de
2636 3073 2724 3127 illa
2754 3073 2873 3127 lana
2894 3072 3005 3142 jam
3034 3071 3171 3127 facta
3219 3080 3336 3127 erat
3385 3072 3593 3137 tunica;
3634 3071 3707 3127 de
3751 3087 3848 3142 qua

2262 3166 2412 3233 lana,
2441 3166 2493 3221 id
2523 3173 2604 3221 est
2625 3165 2691 3220 de
2722 3165 2841 3220 nive
2870 3178 3030 3234 quam
3058 3162 3204 3219 dedit
3232 3162 3367 3218 sicut
3409 3163 3587 3217 lanam
3610 3203 3625 3227 ,
3678 3161 3849 3217 adhuc

2261 3256 2622 3329 praedestinati
2648 3298 2661 3320 ,
2691 3257 2827 3326 pigri
2853 3264 3007 3311 erant
3039 3272 3051 3309 :
3084 3253 3180 3309 sed
3225 3261 3471 3323 exspecta
3491 3294 3505 3318 ,
3550 3252 3679 3308 vide
3729 3252 3845 3323 quid

2260 3358 2545 3419 sequatur;
2571 3347 2691 3417 quia
2718 3348 2853 3401 sicut
2879 3346 3051 3400 lanam
3082 3344 3229 3399 dedit
3254 3358 3378 3409 eos,
3412 3344 3469 3398 lit
3495 3343 3620 3398 inde
3645 3345 3843 3398 tunica.

2260 3442 2539 3511 Quomodo
2554 3441 2695 3497 enim
2724 3439 2917 3496 dicitur
2934 3438 3171 3494 Ecclesia
3193 3452 3387 3506 corpus
3411 3436 3633 3504 Christi,
3658 3436 3848 3492 dicitur

2260 3548 2314 3595 et
2340 3538 2716 3593 vestimentum
2741 3531 2938 3588 Christi
2964 3532 3076 3603 ipsa
3106 3530 3344 3586 Ecclesia
3372 3547 3384 3582 :
3416 3528 3538 3585 inde
3593 3538 3678 3584 est
3727 3526 3846 3583 illud

2261 3630 2403 3701 quod
2454 3629 2527 3683 ait
2555 3626 2876 3697 Apostolus,
2910 3622 2977 3679 Ut
3026 3620 3276 3678 exhiberet
3304 3621 3398 3675 sibi
3444 3619 3723 3692 gloriosam
3751 3618 3846 3673 Ec-

2262 3722 2466 3777 clesium
2489 3762 2504 3787 ,
2549 3735 2651 3774 non
2701 3717 2962 3771 habentem
3009 3712 3262 3767 maculam
3296 3720 3381 3765 aut
3402 3727 3580 3781 rugam
3608 3712 3625 3781 (
3654 3708 3842 3780 Ephes.

2262 3833 2314 3881 v,
2342 3815 2411 3870 27
2438 3814 2477 3885 ).
2506 3814 2645 3883 Ergo
2670 3810 2919 3867 exhibeat
2947 3807 3049 3863 sibi
3087 3805 3371 3876 gloriosam
3399 3803 3719 3869 Ecclesium,
3747 3816 3843 3857 non

2263 3908 2547 3963 habentem
2580 3901 2837 3959 maculam
2865 3910 2957 3955 aut
2979 3912 3201 3969 rugam;
3234 3895 3391 3950 faciat
3418 3894 3519 3948 sibi
3547 3901 3758 3949 vestem
3781 3891 3845 3945 de

2262 3999 2348 4053 illa
2376 3998 2492 4051 lana
2523 4009 2680 4064 quam
2713 3986 3108 4062 praedestinavit
3132 3985 3185 4038 in
3207 3981 3347 4037 nive.
3378 3980 3567 4036 Adhuc
3594 3980 3648 4034 in
3674 3977 3842 4034 homi-

2264 4089 2419 4143 nibus
2450 4083 2772 4148 incredulis,
2804 4088 2858 4135 et
2884 4075 3090 4147 frigidis
3114 4116 3129 4141 ,
3162 4083 3217 4129 et
3240 4071 3403 4144 pigris
3425 4113 3440 4137 ,
3467 4070 3629 4126 faciat
3647 4077 3841 4125 vestem

2263 4178 2329 4233 de
2356 4177 2456 4231 hac
2478 4177 2618 4230 lana.
2650 4172 2719 4228 Ut
2744 4171 2988 4225 abluatur
3014 4182 3043 4220 a
3071 4163 3292 4219 maculis
3316 4205 3331 4229 ,
3365 4161 3653 4217 mandetur
3699 4160 3802 4214 fide
3826 4173 3839 4221 ;

2264 4280 2322 4325 ut
2369 4281 2550 4337 rugam
2594 4279 2702 4319 non
2743 4260 2963 4325 habeat,
3020 4255 3267 4311 tendatur
3296 4253 3350 4307 in
3377 4266 3553 4307 cruce.
3619 4251 3727 4317 Qui
3764 4249 3843 4302 dat

2265 4362 2424 4416 nivem
2445 4359 2571 4412 sicut
2593 4356 2784 4409 lanam.

2333 4453 2423 4507 24.
2452 4449 2567 4505 Jam
2592 4446 2635 4500 si
2663 4441 3025 4515 prmdestinati
3050 4445 3212 4503 sunt,
3258 4432 3485 4491 vocandi
3518 4441 3663 4487 sunt.
3715 4434 3842 4499 Quas

2264 4543 2405 4599 enim
2436 4536 2842 4613 praedestinavit,
2868 4533 2983 4587 illos
3010 4539 3055 4585 et
3087 4528 3276 4583 vocavit
3318 4526 3336 4595 (
3363 4524 3513 4578 Rom.
3562 4540 3680 4589 vni,
3714 4523 3781 4578 30
3802 4520 3840 4592 j.

2264 4633 2381 4690 Jam
2410 4626 2677 4701 quomodo
2701 4631 2964 4680 vocantur
3001 4636 3066 4675 ex
3108 4620 3363 4690 languore
3387 4615 3633 4685 corporis
3664 4615 3802 4668 illius
3824 4653 3837 4676 ,

2266 4733 2326 4780 ut
2350 4722 2464 4777 sani
2492 4718 2661 4774 fiant?
2687 4712 2956 4786 quomodo
2982 4709 3262 4766 vocantur?
3292 4706 3429 4761 Audi
3459 4704 3802 4774 Evangelium
3826 4719 3837 4752 :

2270 4817 2391 4872 Non
2416 4813 2525 4868 veni
2550 4824 2726 4865 vocare
2762 4808 2952 4876 justas,
2990 4804 3077 4857 sed
3105 4809 3388 4873 peccatores
3427 4797 3480 4851 in
3510 4797 3840 4867 penitentiam

2271 4906 2502 4980 (Matth.
2531 4918 2606 4968 ιχ,
2640 4901 2708 4956 15
2733 4898 2777 4967 ).
2828 4895 3015 4965 Incipit
3062 4908 3189 4963 ergo
3224 4891 3335 4961 jam
3382 4887 3842 4959 prmdestinatione

2268 5000 2403 5057 nivis
2452 4996 2634 5051 illius1
2682 5002 3004 5060 cognoscere
3055 4996 3321 5056 torporem
3372 4996 3565 5043 suum,
3594 4991 3842 5034 accusare

2269 5098 2543 5163 peccatum
2572 5099 2748 5148 suum;
2774 5080 2956 5150 incipit
2981 5077 3256 5131 vocatione
3281 5073 3463 5128 venire
3488 5070 3553 5125 ad
3580 5070 3842 5139 pmniten-

2269 5186 2419 5239 tiam.
2446 5178 2634 5236 Merito
2661 5190 2787 5245 ergo
2813 5173 2897 5244 qui
2919 5171 3005 5225 dat
3031 5170 3194 5223 nivem
3234 5166 3362 5221 velut
3388 5165 3560 5219 lanam
3582 5204 3599 5229 ,
3634 5170 3842 5233 propter

2270 5274 2569 5332 confectum
2597 5269 2789 5324 tunica:
2814 5265 3034 5328 futurae;
3068 5261 3229 5317 etiam
3271 5265 3491 5328 propter
3515 5255 3839 5309 vocationem

2271 5370 2324 5424 in
2353 5363 2717 5438 ptenitentiam
2740 5400 2755 5427 ,
2783 5357 3013 5414 nebulam
3037 5355 3167 5409 velut
3194 5353 3407 5406 cinerem
3435 5348 3651 5419 spargit.
3684 5345 3841 5400 Nebu-

2273 5435 2373 5519 lam
2395 5505 2409 5529 ,
2433 5461 2623 5532 inquit,
2652 5457 2785 5513 velut
2812 5454 3025 5508 cinerem
3050 5450 3283 5521 spargit:
3313 5443 3471 5516 quis?
3513 5441 3613 5509 Qui
3662 5440 3747 5494 dat
3773 5435 3845 5489 ni-

2274 5572 2381 5611 vem
2405 5554 2534 5609 sicut
2557 5554 2746 5606 lanam.
2775 5547 2920 5615 Quos
2946 5544 3088 5599 enim
3137 5536 3569 5611 prcedestinavit,
3595 5538 3752 5587 vocat
3796 5528 3842 5581 in

2276 5645 2677 5719 pmnitentiam;
2708 5639 2828 5710 quia
2856 5652 2981 5706 quos
3010 5630 3381 5705 prwdestinavit
3404 5669 3420 5694 ,
3463 5626 3578 5681 illos
3616 5634 3662 5678 et
3710 5635 3846 5677 voca»

2343 5784 2360 5814 ί
2388 5781 2618 5841 Plerique
2642 5767 3201 5841 Mss.,.pra}destinatione
3222 5759 3686 5841 ris__illi_us._t\'onmJtlli
3706 5767 3846 5841 vel:

2278 5823 2912 5959 Ξῖωᾶὲᾶίιῗᾶιῖοηῖἁιῖῳιίδ
2950 5842 3247 5895 cognoscere.
3286 5834 3423 5876 Forte
3453 5823 3747 5887 legendum,
3771 5826 3848 5865 πει

2333 5920 2379 5957 a.
