4084 6484
215 537 358 594 1955

208 656 303 709 vit.
336 653 482 709 Cinis
512 660 688 707 autent
739 649 805 706 ad
852 648 1214 720 ptenitentiam
1262 645 1511 716 pertinet.
1541 642 1679 699 Audi
1701 656 1800 696 vo-

210 753 426 799 cantem
453 743 519 798 ad
548 742 944 813 pmnitentiam,
974 756 1093 795 cum
1122 736 1461 808 exprobravit
1488 733 1802 806 quibusdam

210 836 518 892 civitatibus
543 877 557 899 ,
588 836 771 890 dicens
802 853 813 888 :
857 833 945 888 Va}
973 833 1061 887 tibi
1103 832 1367 886 Corozaim
1391 869 1405 896 ,
1428 844 1501 882 vce
1532 827 1618 881 tibi
1644 825 1801 879 Beth-

209 928 359 982 saida
384 943 403 991 ;
432 929 553 998 quia
576 928 622 981 si
646 928 697 980 in
726 926 859 996 Tyro
903 934 951 979 et
976 924 1171 979 Sidone
1208 926 1357 994 facttv
1386 929 1548 975 essent
1599 920 1803 972 virtutes

208 1036 325 1090 qua:
344 1024 498 1090 facta:
518 1029 631 1073 sunt
657 1019 709 1072 in
734 1018 899 1084 vobis,
928 1017 1071 1084 olim,
1097 1016 1284 1085 inquit,
1312 1015 1365 1068 in
1389 1014 1551 1067 cilicio
1578 1020 1624 1066 et
1641 1011 1804 1065 cinere

210 1111 559 1181 paenitentiam
580 1111 791 1180 egissent
809 1107 1017 1181 (Matth.
1037 1123 1110 1175 xt,
1132 1106 1247 1178 21).
1268 1105 1408 1175 Ergo
1426 1102 1657 1158 nebulam
1673 1103 1803 1156 velut

210 1186 435 1257 cinerem
487 1202 697 1273 spargit.
762 1200 897 1269 Quid
946 1210 1065 1267 est,
1116 1198 1371 1254 Nebulam
1416 1197 1548 1251 velut
1588 1197 1803 1250 cinerem

208 1295 445 1366 spargit?
465 1296 597 1350 Cum
620 1301 837 1349 vocatur
852 1293 1077 1364 quisque
1097 1291 1163 1347 ad
1187 1288 1588 1360 intelligendum
1610 1287 1798 1351 Deum,

210 1396 265 1441 et
294 1388 492 1441 dicitur
521 1386 631 1451 illi,
683 1384 823 1454 Cape
874 1385 1149 1440 veritatem
1172 1424 1186 1450 ,
1216 1382 1401 1451 incipit
1445 1380 1582 1435 velle
1609 1393 1801 1448 capere

213 1478 495 1533 veritatem
522 1518 537 1545 ,
566 1491 671 1532 non
694 1475 922 1542 sufﬁcit,
948 1475 1091 1530 videt
1121 1490 1179 1530 se
1206 1472 1489 1544 quamdam
1516 1471 1799 1542 caliginem

216 1571 320 1640 pati
349 1612 365 1636 ,
392 1585 550 1640 quam
577 1577 730 1624 antea
762 1584 866 1623 non
896 1567 1132 1623 videbat.
1162 1566 1244 1622 Ad
1274 1565 1375 1620 hoc
1399 1572 1481 1620 est
1507 1565 1524 1595 ί
1553 1577 1681 1634 ergo
1712 1563 1801 1616 illa

214 1662 443 1727 nebula,
473 1670 529 1716 ut
555 1661 766 1716 noveris
796 1660 1002 1716 nescire
1033 1668 1118 1725 te,
1153 1667 1206 1714 et
1247 1658 1460 1714 noveris
1503 1656 1629 1727 quid
1665 1656 1801 1710 scire

212 1761 495 1823 oporteat,
530 1761 584 1809 et
610 1753 792 1808 videas
822 1760 873 1807 te
899 1751 1191 1807 invalidum
1243 1750 1309 1806 ad
1349 1749 1481 1805 illud
1525 1750 1798 1805 sciendum

213 1845 357 1915 quod
389 1852 601 1915 Oportet
632 1846 777 1901 sciri.
799 1844 930 1899 Nam
959 1845 1002 1899 si
1047 1845 1099 1899 in
1154 1844 1252 1899 ista
1299 1843 1489 1899 nebula
1525 1843 1635 1913 jam
1680 1851 1802 1896 ante

213 1935 625 2006 praesumpseris
654 1937 792 1991 scire
813 1977 828 2004 ,
857 1936 1041 1992 audies
1062 1935 1128 1991 ab
1154 1934 1409 2004 Apostolo
1429 1951 1441 1987 :
1462 1933 1563 2000 Qui
1579 1950 1632 1987 se
1659 1941 1803 2003 putat

212 2027 413 2095 aliquid
436 2028 563 2081 scire
584 2068 603 2095 ,
630 2028 854 2082 nondum
877 2028 968 2082 scit
989 2026 1413 2098 quemadmodum
1440 2034 1668 2096 oporteat
1689 2042 1801 2079 eum

213 2118 344 2171 scire
374 2117 433 2188 (Ι
462 2117 579 2173 Cor.
614 2134 726 2185 vin,
756 2119 791 2171 2
815 2118 854 2189 ).
885 2120 1025 2188 Ergo
1050 2118 1284 2174 nondum
1313 2116 1798 2187 comprehendisti,

214 2208 392 2263 adhuc
419 2209 666 2263 nebulam
698 2209 914 2278 pateris.
946 2208 1053 2265 Sed
1077 2223 1179 2263 non
1215 2218 1268 2265 te
1308 2208 1545 2264 deseruit
1581 2207 1670 2277 qui
1714 2223 1801 2262 ac-

211 2298 397 2353 cendit
443 2299 534 2353 tibi
585 2299 860 2355 lucernam
899 2301 1074 2356 carnis
1098 2316 1228 2356 sua}.
1264 2300 1381 2357 Non
1408 2314 1555 2355 erras
1576 2302 1595 2330 ²
1618 2300 1671 2354 in
1701 2315 1799 2355 nc-

213 2390 373 2456 bula;
423 2391 526 2446 fide
555 2405 797 2462 sequere.
831 2392 940 2449 Sed
973 2393 1094 2463 quia
1119 2394 1329 2448 conaris
1369 2393 1554 2449 videre
1578 2435 1591 2460 ,
1623 2402 1675 2448 ct
1695 2408 1802 2448 non

211 2493 406 2553 potes,
436 2485 691 2553 poeniteat
731 2494 781 2541 te
823 2496 1204 2557 peccatorum;
1254 2486 1375 2557 quia
1421 2486 1614 2543 nebula
1660 2487 1807 2541 velut

208 2576 349 2630 cinis
396 2591 579 2647 sparsa
625 2585 727 2633 est.
770 2577 887 2633 Jam
931 2588 981 2633 te
1033 2578 1289 2649 poeniteat
1328 2587 1697 2633 contumacem
1752 2586 1802 2632 te

209 2667 384 2724 fuisse
408 2669 659 2726 adversus
695 2670 893 2736 Deum;
918 2671 1029 2741 jam
1068 2680 1123 2727 te
1156 2673 1413 2741 pmniteat
1464 2680 1704 2725 secutum
1752 2680 1802 2725 to

209 2763 382 2819 fuisse
402 2763 512 2818 vias
546 2772 662 2819 tuas
692 2763 882 2819 malas.
913 2763 1205 2819 Pervenisti
1249 2763 1304 2817 in
1330 2763 1483 2817 istam
1512 2761 1801 2817 difficulta-~

210 2861 316 2908 tem
371 2852 511 2908 illius
535 2854 703 2909 beata:
730 2854 950 2909 visionis
975 2870 989 2919 ;
1015 2862 1069 2910 et
1104 2854 1205 2909 erit
1232 2853 1326 2909 tibi
1348 2853 1575 2908 salubris
1605 2853 1799 2908 nebula

206 2958 374 3015 quam
400 2943 535 2999 sicut
563 2945 799 3000 cinerem
824 2946 1023 3016 spargit
1062 2945 1220 3000 Deus.
1253 2944 1332 3000 Tu
1376 2944 1490 3014 ipse
1542 2960 1600 3000 es
1628 2944 1805 2999 adhuc

207 3034 406 3090 nebula
426 3076 441 3101 ,
473 3034 567 3090 sed
595 3035 905 3091 velutcinis.
937 3036 1125 3092 Adhuc
1150 3038 1290 3091 enim
1311 3036 1632 3107 poenitentes
1654 3039 1806 3092 volu-

209 3115 403 3178 tantur
463 3125 515 3179 in
564 3126 744 3181 cinere
768 3167 784 3193 ,
830 3127 1023 3182 fratres
1056 3128 1199 3193 mei,
1228 3136 1478 3198 tanquam
1507 3129 1707 3184 similes
1746 3144 1805 3186 se

217 3222 619 3283 contestantes,
680 3214 918 3273 dicentes
972 3218 1084 3272 Deo
1131 3233 1228 3273 suo
1279 3237 1292 3273 :
1341 3219 1478 3275 Cinis
1506 3236 1636 3274 sum.
1667 3220 1807 3275 Dixit

206 3306 352 3359 enim
386 3305 628 3375 qumdam
654 3305 926 3377 Scriptura
960 3325 974 3362 :
1006 3308 1226 3378 Despexi
1273 3309 1517 3380 meipsum
1559 3318 1604 3363 et
1634 3311 1796 3364 dista«

205 3395 317 3462 bui,
351 3405 401 3450 et
434 3399 675 3452 testimoni
702 3416 779 3453 me
807 3409 988 3453 terram
1016 3409 1063 3454 et
1091 3402 1302 3455 cinerem
1331 3401 1351 3472 (
1376 3400 1475 3455 Job
1501 3419 1626 3469 xxx,
1662 3402 1728 3458 19
1753 3402 1793 3474 ).

206 3486 331 3542 [late
367 3496 451 3542 est
477 3487 744 3544 humilitas
767 3491 1094 3559 paenitentis.
1124 3490 1348 3559 Quando
1396 3492 1668 3547 Abraham
1712 3493 1794 3547 lo-

206 3578 392 3647 quitur
418 3578 483 3632 ad
515 3580 677 3634 Deum
707 3595 858 3635 suum
880 3624 894 3647 ,
924 3591 977 3636 et
1001 3581 1213 3651 quando
1235 3582 1347 3636 vult
1376 3581 1477 3637 sibi
1502 3583 1696 3653 aperiri
1723 3584 1799 3638 in-

205 3668 464 3723 cendium
488 3668 875 3727 Sodomorum:
907 3670 1043 3744 Ego,
1064 3673 1232 3744 inquit
1255 3716 1269 3741 ,
1298 3682 1430 3728 terra
1456 3685 1502 3730 et
1539 3677 1665 3731 cinis
1689 3694 1802 3732 sum

210 3774 227 3829 ί
264 3760 401 3814 Gen.
430 3776 557 3816 xvut
581 3804 596 3830 ,
622 3762 692 3816 27
718 3762 759 3834 ).
790 3764 1067 3831 Quomodo
1096 3764 1194 3820 fuit
1241 3765 1340 3820 ista
1371 3781 1584 3838 semper
1622 3768 1801 3824 humi-

208 3850 328 3905 litas
362 3851 417 3905 in
445 3854 651 3923 magnis
673 3864 727 3909 et
773 3855 973 3910 sanctis
1000 3855 1169 3910 viris?
1220 3856 1471 3911 Nebulam
1514 3873 1640 3928 ergo
1668 3862 1800 3914 velut

204 3945 427 3998 cinerem
456 3946 650 4016 spargit
676 3961 695 4000 :
719 3948 923 4017 quare?
962 3946 1093 4015 Quia
1119 3964 1243 4017 quos
1264 3950 1661 4018 praedestinavit,
1684 3953 1801 4006 illos

207 4047 254 4088 et
278 4036 478 4090 vocavit
500 4076 515 4103 ,
548 4038 637 4107 qui
663 4053 767 4093 non
792 4039 937 4094 venit
962 4056 1139 4094 vocare
1152 4042 1319 4111 justos
1344 4081 1358 4108 ,
1389 4043 1477 4096 sed
1516 4052 1799 4112 peccatores

206 4126 259 4179 in
290 4126 662 4197 penitentiam.

276 4217 370 4272 25.
400 4216 554 4291 [vers.
584 4220 670 4287 I7,
706 4220 816 4293 18.]
851 4221 950 4289 Qui
976 4210 1126 4278 mittit
1157 4224 1455 4294 crystallum
1494 4241 1641 4280 suum
1668 4228 1800 4281 velut

207 4309 375 4378 frusta
406 4309 574 4377 panis.
615 4310 729 4365 Non
755 4311 932 4368 denuo
957 4313 1302 4368 laborandum
1332 4322 1413 4371 est
1456 4316 1634 4372 dicere
1676 4318 1800 4388 quid

206 4396 274 4450 sit
300 4399 638 4469 crystallum.
663 4400 943 4457 Prmlocuti
969 4404 1112 4458 enim
1139 4419 1356 4475 sumus,
1397 4416 1451 4462 et
1486 4408 1649 4463 credo
1693 4425 1798 4464 non

206 4490 478 4545 excidisse
506 4490 760 4548 Cbaritati
784 4504 995 4550 vestra}.
1020 4495 1157 4563 Quid
1186 4505 1268 4551 est
1308 4512 1464 4569 ergo,
1493 4498 1651 4554 Mittit
1680 4518 1797 4572 crg-

205 4581 419 4635 stallum
467 4597 610 4636 suum
647 4584 778 4639 velut
822 4589 986 4657 frusta
1024 4587 1515 4658 panis?Quomodo
1561 4590 1651 4645 nix
1706 4591 1797 4647 illa

215 4672 410 4743 ipsius,
428 4675 549 4744 quia
570 4678 1187 4747 prmdestinatorumest;
1204 4681 1469 4751 quomodo
1490 4684 1683 4739 nebula
1710 4685 1799 4741 illa

208 4764 379 4832 ipsius
400 4806 415 4831 ,
452 4769 572 4837 quia
599 4769 697 4839 ipsi
728 4780 985 4826 vocantur
1008 4772 1073 4827 ad
1112 4773 1476 4843 paenitentiam
1497 4818 1511 4843 ,
1539 4776 1626 4845 qui
1656 4792 1795 4846 prte-

207 4853 467 4910 dcstinati
490 4867 612 4913 sunt
634 4860 701 4915 ad
731 4862 959 4917 salutem
993 4882 1005 4918 :
1037 4864 1114 4919 sic
1142 4874 1223 4919 est
1258 4864 1651 4936 quodammodo
1675 4884 1798 4940 cry-

207 4946 429 5001 stallum
456 4946 638 5019 ipsius.
657 4951 795 5019 Quid
819 4962 899 5009 est
924 4956 1271 5026 crystallum?
1287 4956 1503 5012 Multum
1526 4957 1796 5027 obduruit,

207 5037 447 5092 multum
470 5042 804 5111 congelavit;
834 5059 940 5099 non
958 5045 1066 5115 jam
1088 5046 1225 5102 sicut
1250 5048 1339 5103 nix
1370 5047 1523 5104 facile
1544 5050 1676 5105 solvi
1705 5066 1800 5121 po-

208 5139 336 5185 test.
373 5132 476 5187 Nix
501 5133 787 5191 multorum
813 5152 1073 5193 annorum
1102 5150 1342 5211 tempore
1367 5141 1551 5198 durata
1580 5151 1633 5197 et
1661 5144 1800 5199 serie

206 5225 537 5280 saeculorum
558 5269 573 5294 ,
598 5228 906 5298 crystallum
934 5230 1129 5285 dicitur
1163 5248 1175 5283 :
1208 5240 1262 5287 et
1307 5232 1409 5287 hoc
1456 5234 1617 5288 mittit
1657 5235 1801 5289 velut

207 5315 380 5395 frusta
414 5318 584 5387 panis.
614 5320 747 5386 Quid
779 5321 879 5377 hoc
904 5323 1005 5378 sibi
1035 5324 1183 5378 vult?
1212 5324 1450 5381 Fuerunt
1477 5326 1633 5382 nimis
1655 5326 1795 5394 duri,

203 5421 313 5461 non
342 5408 455 5477 jam
482 5409 608 5474 nivi,
638 5410 732 5466 sed
758 5413 1008 5484 crystallo
1035 5416 1374 5484 comparandi
1406 5434 1419 5469 :
1453 5426 1505 5472 et
1535 5417 1633 5487 ipsi
1660 5433 1798 5487 pra:-

202 5497 464 5553 destinati
489 5511 644 5565 sunt,
673 5511 726 5557 et
748 5506 953 5572 vocati;
979 5515 1033 5561 et
1060 5506 1275 5577 quidam
1304 5523 1490 5563 eorum
1524 5510 1595 5564 ita
1623 5518 1679 5564 ut
1704 5526 1798 5581 pa-

200 5598 428 5644 scet-ent
453 5591 621 5656 alios,
645 5603 700 5647 et
738 5605 917 5650 essent
962 5597 1115 5654 utiles
1144 5608 1197 5654 ct
1240 5598 1380 5653 aliis.
1414 5599 1483 5653 Et
1510 5600 1635 5670 quid
1665 5616 1800 5672 opus

201 5688 287 5733 est
317 5687 383 5734 ut
423 5697 767 5739 numeremus
793 5687 989 5741 multos
1022 5688 1157 5745 forte
1184 5704 1316 5760 quos
1342 5691 1586 5746 novimus
1606 5733 1621 5758 ,
1652 5692 1796 5747 illum

198 5779 292 5825 aut
337 5771 531 5827 illum?
559 5773 801 5830 Occurrit
828 5778 1110 5849 unicuique
1138 5781 1427 5851 cogitanti,
1470 5797 1533 5836 ex
1578 5783 1641 5838 iis
1668 5799 1800 5853 quos

267 5928 281 5957 ι
312 5925 395 5998 sic
414 5931 485 5975 Er.
516 5928 761 6037 GIJJIUI‘BS
782 5936 890 5981 Mss.
918 5940 970 5982 At
991 5940 1091 5983 Am.
1116 5940 1168 5984 et
1192 5940 1321 5999 Lov.,
1341 5934 1500 5987 adhuc
1522 5943 1609 5988 est.

267 5988 282 6017 '
310 5992 393 6035 Stc
415 5994 518 6037 Mss.
545 5996 573 6037 ε
607 5990 655 6037 d.
685 6004 822 6037 vero.
848 6006 996 6037 erres.

262 5988 282 6017 ¹
310 5988 393 6035 sic
415 5994 518 6038 Mss.
545 5988 655 6041 Edd.
685 6004 822 6054 vero,
848 6006 996 6045 erres.

1317 525 1707 585 ENARRA'I‘IO
1745 524 1808 580 IN
1849 524 2170 581 PSALMUM
2209 526 2455 582 CLXVII.

3360 535 3491 591 ιοδι

1917 641 2096 707 novit,
2128 656 2285 709 quam
2326 642 2463 699 forte
2504 643 2620 700 duri
2658 655 2712 700 et
2763 656 3057 716 pertinaces
3096 658 3149 706 et
3194 652 3494 710 obnitentes

1912 730 2166 785 adversus
2191 734 2468 789 veritatem
2492 733 2741 804 fuerunt,
2770 746 2824 793 et
2852 739 3012 796 modo
3039 742 3326 811 praedicant
3349 747 3492 802 veri-

1914 827 2075 875 tatem
2108 838 2120 873 :
2146 821 2269 877 facti
2306 832 2429 879 sunt
2470 826 2634 882 frusta
2662 829 2836 898 panis.
2865 830 2994 899 Quis
3023 832 3113 893 ille
3142 851 3279 891 unus
3300 840 3495 907 panis!

1913 909 2085 977 Multi,
2104 913 2272 983 inquit
2291 916 2594 985 Apostolus,
2622 919 2791 974 Unum
2817 938 3001 994 corpus
3021 941 3195 982 sumus
3215 929 3267 982 in
3292 930 3492 986 Christo

1913 1001 2086 1074 (Rom.
2110 1020 2207 1070 xu,
2229 1004 2283 1075 5)
2308 1024 2320 1059 :
2350 1022 2482 1063 unus
2511 1011 2674 1078 panis,
2699 1028 2857 1067 unum
2895 1032 3078 1086 corpus
3101 1020 3246 1074 multi
3272 1038 3445 1078 sumus
3476 1068 3491 1090 ,

1912 1093 2028 1161 ipse
2068 1093 2415 1165 dicit(lCor.
2451 1100 2635 1170 x,l7).
2658 1100 2798 1172 Ergo
2837 1105 2881 1158 si
2931 1122 3069 1163 unus
3121 1111 3273 1180 panis
3324 1121 3492 1169 totum

1910 1199 2105 1256 corpus
2129 1187 2350 1255 Christi,
2381 1192 2619 1247 membra
2648 1192 2845 1251 Christi
2874 1197 3038 1254 frusta
3065 1204 3216 1271 panis
3248 1217 3388 1262 sunt.
3421 1208 3495 1264 De

1910 1277 2222 1345 quibusdam
2252 1279 2399 1336 duris
2426 1281 2552 1339 facit
2587 1286 2827 1342 membra
2867 1302 2982 1356 sua,
3012 1300 3066 1346 et
3092 1293 3236 1348 utilia
3268 1295 3333 1351 ad
3362 1299 3496 1352 alios

1910 1368 2225 1435 pascendos.
2257 1371 2391 1439 Quid
2416 1374 2552 1430 imus
2580 1391 2675 1446 per
2702 1378 2944 1435 multos?
2971 1381 3314 1442 Notissimum
3343 1389 3493 1445 illum

1910 1455 2133 1513 Paulum
2177 1464 2476 1531 apostolum
2526 1467 2846 1523 intueamur.
2873 1470 3016 1528 Nihil
3062 1475 3219 1532 nobis
3248 1479 3351 1534 isto
3378 1481 3493 1536 viro

1912 1552 2088 1606 notius
2110 1595 2124 1619 ,
2158 1553 2289 1609 nihil
2318 1559 2533 1613 suavius
2553 1600 2566 1625 ,
2600 1561 2732 1615 nihil
2773 1562 2826 1618 in
2854 1563 3142 1636 Scripturis
3181 1546 3493 1630 familiarius

1909 1650 2010 1696 est.
2039 1642 2104 1697 Et
2130 1645 2172 1699 si
2194 1645 2389 1703 fuerint
2423 1650 2512 1719 qui
2548 1667 2612 1706 ex
2645 1662 2789 1709 tanta
2813 1655 3004 1713 duritia
3027 1701 3041 1727 ,
3066 1660 3120 1715 in
3149 1673 3346 1733 quanta
3377 1668 3494 1737 ipse

1910 1730 2039 1797 fuit,
2070 1736 2222 1804 panis
2265 1737 2456 1795 tierent
2485 1742 2538 1807 ¹;
2571 1743 2687 1812 ipso
2712 1748 2987 1816 proposito
3032 1749 3101 1806 ad
3143 1730 3447 1826 exemplum
3474 1799 3488 1823 ,

1910 1838 2097 1881 omnes
2149 1838 2465 1900 occurrant,
2496 1843 2556 1888 ut
2603 1836 2899 1905 explicetur
2938 1856 3129 1897 sensus
3174 1846 3303 1913 iste,
3335 1849 3492 1904 Mittit

1910 1919 2203 1985 crystallum
2243 1936 2391 1974 suum
2420 1923 2549 1977 sicut
2592 1926 2761 1995 frusta
2801 1932 2967 2000 panis.
2998 1932 3138 1989 Ecce
3178 1939 3491 2008 crystallum

1910 2016 2026 2060 erat
2055 2010 2332 2078 apostolus
2352 2011 2568 2079 Paulus,
2600 2017 2796 2085 durus,
2827 2021 3074 2080 obnitens
3113 2028 3353 2097 veritati,
3385 2031 3495 2086 cla-

1910 2110 2063 2151 mans
2109 2098 2366 2157 adversus
2396 2102 2777 2176 Evangelium,
2811 2118 3062 2183 tanquam
3106 2117 3363 2177 indurans
3402 2125 3491 2179 ad.

1910 2202 2097 2244 versus
2124 2191 2313 2247 solem.
2334 2193 2438 2250 Iste
2464 2212 2620 2266 quam
2653 2199 2815 2256 durus
2844 2202 2961 2271 fuit,
2986 2221 3236 2266 crescens
3264 2212 3316 2269 in
3329 2214 3491 2287 Lege,

1910 2281 2149 2376 eruditus
2165 2284 2233 2339 ad
2252 2286 2414 2355 pedes
2435 2287 2741 2348 Gamaliclis
2762 2293 2921 2366 Legis
2939 2297 3174 2357 doctoris
3202 2304 3334 2375 (Act.
3361 2281 3489 2376 nm,

1910 2372 2148 2441 5)!Non
2198 2376 2447 2432 audiebat
2498 2380 2715 2453 Moysen
2775 2393 2829 2440 et
2879 2386 3174 2459 Prophetas
3210 2372 3493 2455 Christum

1909 2464 2493 2540 prmdicantesiblagna
2524 2471 2747 2528 duritia!
2771 2473 2926 2533 Certe
2954 2479 3151 2538 Gentes
3177 2501 3283 2541 non
3313 2491 3497 2547 audie-

1911 2563 2029 2609 rant
2058 2555 2371 2627 PrOphetas,
2398 2575 2503 2615 non
2532 2562 2811 2620 audierant
2836 2567 3052 2640 Moysen
3082 2573 3294 2647 :frigidi
3318 2591 3489 2651 erant,

1911 2647 2006 2704 sed
2037 2651 2346 2720 crystallum
2388 2669 2494 2709 non
2526 2665 2698 2711 erant.
2732 2657 2827 2714 Ille
2851 2662 2943 2731 qui
2965 2664 3215 2722 credebat
3240 2672 3260 2702 ¹
3288 2669 3341 2726 in
3372 2647 3493 2729 ver;

1911 2740 1994 2795 bis
2022 2741 2435 2810 praedicantibus
2459 2745 2760 2817 Christum,
2786 2759 2840 2806 et
2866 2751 3080 2811 Christo
3122 2760 3354 2817 venienti
3380 2781 3493 2821 non

1911 2830 2206 2900 credebat,
2237 2834 2396 2891 nimis
2441 2837 2819 2897 obduraverat.
2861 2844 2992 2912 Quia
3033 2863 3160 2919 ergo
3185 2855 3493 2923 crystallum

1912 2930 2057 2988 erat,
2088 2922 2284 2980 nitidus
2336 2926 2615 2983 videbatur
2664 2939 2719 2986 et
2762 2935 3058 3006 candidus;
3089 2941 3186 2996 sed
3234 2922 3398 3002 durus
3442 2957 3497 3003 et

1910 3014 2130 3069 nimium
2154 3017 2381 3086 gelidus.
2408 3020 2685 3088 Quomodo
2715 3026 2913 3083 nitidus
2958 3039 3009 3085 et
3034 3034 3336 3092 candidus?
3379 3040 3492 3095 He-

1911 3103 2078 3159 brteus
2108 3122 2171 3160 ea:
2201 3105 2429 3164 Hebrwis
2449 3152 2462 3176 ,
2493 3114 2769 3168 secundum
2802 3116 2986 3187 Legem
3016 3120 3328 3183 P/tariswus.
3361 3130 3493 3188 Vide

1910 3195 2136 3250 nitorem
2186 3200 2443 3268 crystalli.
2485 3202 2624 3257 Audi
2676 3204 2923 3263 duritiam
2976 3215 3211 3281 crystalli
3245 3236 3259 3273 :
3293 3219 3496 3278 Secun-

1909 3287 2029 3341 dum
2042 3290 2410 3346 cumulationem
2423 3309 2718 3366 persequens
2733 3297 3011 3357 Ecclesium
3028 3304 3214 3370 Citriin
3235 3309 3490 3385 (Philipp.

1912 3393 1988 3445 ιιι,
2018 3379 2070 3445 5,
2106 3378 2181 3452 6).
2214 3379 2357 3438 Inter
2386 3384 2706 3454 lapidatores
2735 3392 2904 3447 sancti
2931 3392 3188 3465 Stephani
3219 3378 3488 3477 martyris,

1909 3471 1981 3526 ibi
2003 3482 2117 3528 erat
2143 3473 2247 3529 iste
2293 3476 2489 3542 durus,
2520 3487 2573 3533 et
2615 3478 2753 3535 forte
2782 3486 2989 3540 caneris
3013 3486 3232 3547 durior:
3256 3471 3492 3553 omnium

1908 3564 2049 3619 enim
2097 3564 2446 3639 lapidantium
2486 3572 2800 3629 vestimenta
2841 3580 3121 3650 servabat,
3153 3592 3212 3639 ut
3254 3590 3491 3647 omnium

1908 3655 2152 3711 manibus
2182 3657 2447 3728 lapidaret
2477 3659 2611 3733 (Act.
2641 3676 2731 3733 vn,
2760 3664 2877 3737 57).

1977 3745 2067 3827 26.
2098 3747 2238 3818 Ergo
2278 3750 2522 3807 videmus
2572 3754 2745 3809 nivem
2769 3798 2784 3824 ,
2824 3759 3101 3829 nebulam,
3133 3771 3440 3839 crystallum
3474 3791 3489 3829 :

1907 3839 2104 3917 bonum
2135 3849 2218 3895 est
2242 3850 2301 3896 ut
2329 3842 2417 3898 ille
2458 3844 2655 3914 spiret,
2688 3854 2743 3901 ct
2771 3849 2961 3905 solvat.
2990 3852 3047 3909 Si
3084 3857 3224 3913 enim
3251 3859 3342 3918 ille
3382 3879 3491 3924 non

1906 3929 2220 3996 spiraverit,
2251 3931 2293 3985 si
2326 3948 2431 3987 non
2464 3933 2581 4003 ipse
2623 3935 2872 3994 duritiam
2898 3942 3084 4011 glaciei
3112 3946 3268 4018 hujus
3293 3952 3493 4012 dissol-

1905 4020 2070 4086 verit,
2104 4019 2171 4074 In
2201 4022 2382 4092 [aciem
2421 4025 2625 4095 frigoris
2656 4029 2763 4096 ejus
2785 4031 2897 4100 quis
2924 4034 3194 4092 subsistet?
3216 4040 3284 4096 In
3306 4044 3491 4114 faciem

1907 4111 2111 4182 frigoris
2135 4113 2243 4182 ejus
2270 4155 2283 4177 ,
2315 4114 2503 4184 cujus?
2532 4115 2645 4171 Dei.
2679 4116 2835 4175 Unde
2863 4130 2945 4177 est
2969 4124 3086 4193 ejus
3111 4111 3321 4200 frigus?
3347 4134 3489 4196 Ecce

1905 4201 2105 4257 deserit
2127 4213 2464 4273 peccatorem
2488 4248 2501 4273 ,
2533 4222 2658 4263 ecce
2681 4225 2787 4264 non
2815 4222 3001 4281 vocat,
3029 4232 3153 4275 ecce
3181 4237 3286 4279 non
3317 4231 3491 4297 aperit

1906 4310 2123 4352 sensum
2155 4340 2169 4364 ,
2201 4313 2325 4355 ecce
2354 4316 2457 4355 non
2487 4301 2714 4360 infundit
2742 4309 2968 4377 gratiam
3000 4329 3013 4365 :
3043 4315 3277 4374 solvatur
3302 4323 3483 4396 homo,

1905 4389 1949 4443 si
1997 4394 2399 4464 potest,glacie
2432 4396 2690 4453 stultitiae.
2741 4399 2856 4456 Non
2903 4413 3080 4474 potest
3105 4408 3143 4461 ³.
3165 4410 3339 4479 Quare
3382 4389 3489 4477 non

1905 4484 2126 4551 potest?
2155 4484 2220 4538 In
2269 4487 2451 4556 faciem
2497 4490 2704 4561 frigoris
2742 4495 2849 4565 ejus
2894 4498 3007 4567 quis
3050 4502 3331 4563 subsistet?
3356 4510 3488 4570 Vide

1906 4585 2034 4642 ergo
2081 4576 2541 4645 congelascentem
2597 4582 2745 4639 illum
2778 4626 2793 4653 ,
2848 4596 2901 4641 et
2954 4589 3216 4650 dicentem
3262 4616 3277 4653 :
3334 4599 3488 4659 Video

1906 4662 2061 4715 aliam
2089 4665 2247 4736 legem
2268 4667 2322 4721 in
2352 4670 2585 4725 membris
2611 4675 2764 4741 meis,
2797 4692 3162 4749 repugnantem
3187 4686 3287 4757 legi
3310 4697 3488 4749 utentis

1906 4770 2047 4822 mete,
2082 4766 2127 4810 et
2152 4759 2403 4826 captivum
2434 4778 2512 4815 me
2538 4764 2799 4820 ducentem
2832 4768 2883 4821 in
2913 4770 3020 4841 lege
3039 4778 3259 4845 peccati,
3281 4796 3394 4851 qua:
3418 4797 3489 4840 est

1904 4849 1959 4901 in
2008 4850 2240 4905 membris
2290 4854 2431 4907 meis.
2463 4853 2622 4909 Miser
2672 4875 2761 4929 ego
2801 4860 2983 4928 homo,
3015 4866 3126 4934 quis
3175 4887 3255 4925 me
3293 4849 3487 4932 libera-

1909 4940 1977 4994 bit
2006 4942 2069 4996 de
2087 4958 2298 5013 corpore
2326 4947 2499 5000 mortis
2524 4947 2674 5015 hujus
2697 4949 2722 5002 ?
2754 4950 2891 5007 Ecce
2916 4952 3145 5025 frigesco
3165 5003 3178 5023 ,
3209 4978 3333 5021 ecce
3362 4983 3491 5023 con-

1905 5033 2149 5101 gelasco;
2175 5049 2280 5105 quo
2305 5037 2486 5092 calore
2512 5039 2707 5105 solvar,
2740 5050 2801 5096 ut
2831 5047 3080 5102 curram?
3109 5050 3235 5116 Quis
3261 5071 3340 5110 me
3362 5058 3488 5114 libe-

1906 5124 2036 5178 rabit
2069 5126 2131 5180 de
2161 5142 2369 5196 corpore
2396 5130 2570 5183 mortis
2600 5129 2798 5201 hujus?
2826 5132 2892 5188 In
2920 5139 3103 5207 faciem
3140 5144 3345 5215 frigoris
3380 5152 3490 5219 ejus

1905 5219 2016 5286 quis
2044 5218 2322 5273 subsistet?
2346 5219 2414 5274 Ει
2445 5221 2562 5290 quis
2589 5222 2823 5291 seipsum
2852 5226 3130 5299 liberabit,
3154 5233 3198 5287 si
3226 5235 3313 5292 ille
3333 5218 3490 5297 dese-

1907 5308 2118 5363 ruerit?
2145 5308 2212 5362 Et
2252 5311 2371 5379 quis
2402 5311 2630 5366 liberat?
2658 5312 2834 5368 Gratia
2855 5315 2984 5384 Dei,
3009 5337 3099 5389 per
3131 5321 3309 5380 Jesum
3339 5328 3489 5385 Chri-

1904 5410 2039 5454 stum
2076 5398 2351 5455 Dominum
2390 5412 2615 5457 nostrum
2659 5403 2833 5473 (Rom.
2866 5424 2973 5473 vn,
3000 5410 3213 5487 25-25).
3242 5418 3379 5475 Audi
3431 5431 3486 5477 et

1906 5493 1994 5549 hic
2030 5494 2250 5563 gratiam
2299 5495 2394 5551 Dei
2427 5514 2440 5551 :
2478 5496 2580 5563 Qui
2624 5498 2775 5552 mittit
2816 5504 3112 5571 crystallum
3158 5524 3305 5563 suum
3352 5513 3483 5567 sicut

1970 5692 1985 5722 ί
2013 5691 2087 5741 sic
2123 5689 2356 5757 meliores
2390 5696 2499 5741 Mss.
2523 5700 2580 5757 at
2609 5698 2699 5757 Era
2727 5700 2779 5757 et
2814 5702 2942 5756 Lov.,
2968 5698 3053 5757 qui
3073 5711 3137 5748 ex
3160 5706 3291 5751 tanta
3309 5704 3492 5757 duritia

1906 5752 2330 5823 convertuntur,_in
2354 5760 2531 5817 quanta
2553 5752 2654 5823 ipse
2672 5754 2780 5818 fuit,
2801 5752 2940 5819 panis
2965 5752 3096 5822 ﬁent.
3128 5769 3252 5823 Ipso,
3279 5752 3373 5815 etc.

1970 5816 1990 5845 ³
2015 5813 2237 5876 Plerique
2261 5813 2388 5875 tussi,
2409 5813 2642 5865 creverat.

1972 5875 2088 5952 {sic
2111 5875 2216 5952 Mss.
2250 5884 2309 5952 at.
2328 5886 2442 5952 Am.
2470 5886 2522 5927 et
2539 5885 2676 5952 ξιονη
2699 5878 2761 5948 _si
2794 5885 2944 5952 potest
2977 5882 3168 5952 gratim,
3216 5898 3310 5937 non
3346 5896 3494 5952 po!est

1909 5998 2122 6051 stultitia:
2142 6011 2158 6049 :
2183 6007 2354 6061 Quare,
2382 6007 2476 6049 etc.
