4084 6478
665 575 800 634 1935

664 694 826 763 frusta
864 683 1009 758 panis
1043 684 1136 737 :in
1181 682 1361 753 faciem
1406 680 1610 753 frigoris
1650 680 1763 749 ejus
1811 679 1923 749 quis
1966 677 2240 732 subsistet?

661 782 800 850 Ergo
831 777 1133 847 desperatio
1171 765 1291 830 est?
1320 771 1489 828 Absit.
1522 772 1777 841 Sequitur
1819 772 1961 825 enim
1990 787 2002 823 :
2030 767 2236 821 Emittet

658 870 857 925 verbum
876 885 1053 934 suum,
1082 876 1130 922 et
1151 864 1410 934 labefaciat
1436 881 1516 918 ea.
1548 863 1661 917 Non
1688 878 1818 932 ergo
1845 862 2095 931 desperet
2127 860 2237 923 nis.

659 978 764 1021 non
810 961 1057 1030 desperet
1100 957 1328 1022 nebula,
1359 971 1465 1010 non
1494 954 1749 1024 desperet
1791 952 2120 1024 crystallum.
2166 950 2242 1005 De

658 1056 778 1108 nive
816 1066 1043 1122 namque
1128 1060 1376 1118 tanquam
1415 1045 1485 1101 de
1524 1046 1679 1109 lana,
1721 1043 2001 1099 conﬁcitur
2043 1040 2238 1095 tunica.

656 1144 857 1200 Nebula
885 1143 973 1197 illa
1004 1142 1057 1196 in
1088 1139 1404 1212 poenitentia
1432 1136 1661 1192 salutem
1689 1134 1928 1196 invenit;
1963 1133 2082 1203 quia
2116 1148 2242 1201 quos

658 1232 1052 1306 prwdestinavit,
1083 1230 1198 1284 illos
1228 1236 1271 1283 et
1298 1229 1510 1283 vocavit.
1536 1226 1640 1281 Sed
1672 1225 1796 1278 licet
1821 1224 1928 1278 sint
1957 1224 2094 1277 inter
2118 1236 2244 1291 pra:-

659 1328 954 1383 destinatos
973 1323 1242 1379 durissimi
1264 1363 1279 1387 ,
1314 1329 1368 1376 et
1408 1319 1572 1374 multo
1598 1317 1746 1387 quasi
1778 1325 2019 1386 tempore
2046 1328 2242 1384 conge-

660 1418 917 1483 laverint,
946 1424 999 1471 et
1027 1412 1335 1486 crystallum
1365 1409 1491 1466 facti
1518 1409 1754 1474 fuerint;
1790 1423 1893 1463 non
1924 1416 2081 1463 erunt
2121 1406 2240 1460 duri

659 1511 1039 1569 misericordiae
1069 1508 1181 1564 Dei.
1216 1506 1422 1561 Emittet
1462 1505 1664 1559 verbum
1692 1520 1837 1560 suum
1858 1545 1873 1571 ,
1905 1511 1949 1555 et
1979 1501 2241 1571 tabefaciet

658 1621 737 1660 ea.
767 1601 903 1671 Quid
932 1610 1041 1666 est,
1074 1600 1342 1670 tabefaciet
1364 1599 1389 1651 ?
1416 1597 1492 1652 Ne
1518 1597 1654 1652 forte
1694 1597 1744 1650 in
1769 1594 1908 1649 malo
1935 1592 2241 1661 intelligatis

658 1694 958 1766 tabefaciet;
988 1689 1326 1760 liquefaciet,
1358 1687 1632 1744 dissolvet.
1668 1685 1799 1740 Duri
1831 1683 2117 1766 suntenim
2148 1697 2241 1752 per

657 1762 986 1858 superbiam.
1026 1783 1215 1839 Merito
1244 1790 1300 1837 et
1343 1780 1589 1851 superbia
1620 1786 1804 1847 stupor
1828 1762 2053 1839 dicitur;
2084 1772 2238 1843 quid-

658 1879 786 1951 quid
813 1878 954 1932 cnim
976 1873 1246 1945 stupidum
1275 1880 1388 1938 est,
1420 1869 1663 1939 frigidum
1685 1876 1791 1924 est.
1816 1867 2067 1937 Rigorem
2102 1863 2242 1934 passi

660 1969 906 2024 homines
957 1964 1195 2037 quotidie
1238 1962 1465 2027 dicunt,
1496 1958 1776 2029 Obstupui.
1808 1957 1950 2027 Ergo
1991 1954 2241 2026 superbia

658 2070 848 2130 stupor
871 2065 977 2114 est.
998 2054 1206 2109 Emittet
1245 2052 1446 2107 verbum
1476 2066 1652 2117 suum,
1686 2059 1731 2103 et
1772 2047 2033 2117 tabefaciet
2059 2063 2138 2100 ea.
2176 2045 2245 2100 Et

659 2166 846 2208 revera
879 2148 1076 2205 cumuli
1107 2146 1245 2201 nivis
1272 2159 1394 2200 cum
1432 2142 1679 2198 calcﬁunt
1714 2142 1729 2173 ⁸
1751 2181 1766 2207 ,
1792 2140 2165 2211 deliquescunt
2189 2139 2242 2194 in

658 2244 977 2305 humilitate.
1010 2238 1289 2308 Quomodo
1314 2251 1441 2307 ergo
1466 2234 1617 2306 quasi
1655 2245 1888 2291 montem
1920 2233 2060 2289 nivis
2088 2233 2246 2304 erigit

660 2344 883 2406 stupor,
912 2333 991 2387 sic
1035 2330 1229 2386 stultos
1273 2328 1431 2399 erigit
1468 2327 1738 2398 superbia.
1795 2326 2003 2381 Emittet
2039 2324 2245 2381 verbum

660 2443 830 2491 suum,
856 2432 901 2480 et
923 2422 1180 2493 tabefaciet
1201 2437 1277 2475 ea.
1300 2420 1437 2474 Ecce
1462 2419 1607 2473 venit
1627 2417 1754 2473 illud
1778 2416 2089 2488 crystallum
2111 2416 2246 2472 Sau-

660 2518 745 2573 lus
788 2525 909 2586 post
951 2513 1151 2570 caedem
1198 2521 1254 2567 et
1299 2508 1679 2579 lapidationem
1727 2506 2019 2577 Stephani,
2049 2506 2243 2562 duritia

661 2607 889 2680 quadam
919 2602 1165 2675 stupidus
1196 2601 1249 2655 in
1278 2600 1568 2665 Christum,
1601 2598 1755 2668 petiit
1784 2598 1987 2653 litteras
2013 2613 2042 2651 a
2069 2612 2248 2653 sacer-

660 2698 878 2755 dotibus
902 2738 917 2764 ,
947 2704 1006 2750 ut
1035 2693 1272 2764 undique
1302 2690 1551 2747 exhibeat
1578 2688 1910 2746 Christianos
1936 2730 1952 2757 ,
1986 2688 2247 2744 anhelans

658 2790 857 2847 aedes.
890 2790 1063 2843 Durus
1088 2794 1168 2841 est
1214 2784 1314 2838 iste
1362 2792 1417 2838 et
1461 2780 1668 2853 gelidus
1710 2789 1896 2836 contra
1924 2781 2099 2852 ignem
2128 2780 2241 2835 Dei.

663 2882 770 2938 Sed
793 2893 1094 2953 quanquam
1123 2878 1143 2908 '
1161 2884 1307 2932 esset
1325 2873 1510 2942 durus,
1535 2886 1837 2943 quanquam
1862 2871 2090 2942 gelidus,
2120 2886 2247 2926 ecce

659 2976 753 3031 ille
778 2974 867 3045 qui
893 2980 1079 3029 enuttet
1105 2969 1308 3024 verbum
1331 2983 1477 3022 suum
1496 3007 1511 3033 ,
1534 2974 1579 3020 et
1604 2964 1866 3038 tabcfaciet
1888 2981 1969 3033 ea,
1991 2964 2245 3020 clamavit

662 3068 728 3122 de
756 3066 894 3122 CCIth
921 3062 1180 3128 fervidus,
1211 3060 1370 3116 Saule
1390 3101 1407 3126 ,
1440 3056 1631 3125 Saule,
1657 3058 1779 3129 quid
1820 3074 1899 3112 me
1938 3058 2247 3130 persequeris

661 3159 800 3230 (Act.
833 3175 905 3224 ix,
937 3153 1100 3229 1-4)?
1142 3153 1257 3209 Una
1288 3152 1375 3208 illa
1407 3166 1535 3207 voce
1555 3192 1569 3217 ,
1604 3160 1749 3206 tanta
1778 3150 1871 3206 illa
1893 3151 2086 3207 duritia
2117 3166 2244 3223 cry-

660 3252 801 3307 stalli
826 3249 1059 3305 resoluta
1079 3257 1183 3303 est.
1213 3245 1420 3299 Emittet
1447 3259 1575 3316 ergo
1601 3243 1801 3301 verbum
1830 3261 1996 3311 suum,
2026 3256 2075 3300 et
2106 3246 2246 3301 tabe-

662 3342 815 3416 faciet
840 3357 921 3397 ea.
951 3337 1072 3394 Non
1099 3337 1415 3407 desperetur
1442 3334 1510 3391 de
1536 3336 1820 3407 crystallo;
1848 3346 2046 3408 quanto
2072 3339 2247 3394 minus

661 3433 731 3488 de
752 3432 893 3498 nive,
921 3430 1005 3484 vel
1036 3428 1102 3483 de
1128 3427 1361 3482 nebula?
1389 3427 1463 3482 De
1490 3426 1608 3497 ipso
1636 3428 1891 3498 crystallo
1918 3444 2024 3485 non
2052 3429 2246 3499 despe-

662 3532 835 3578 retur.
866 3518 1004 3575 Audi
1031 3533 1215 3574 vocem
1245 3516 1529 3587 quamdam
1557 3518 1793 3589 crystalli
1825 3536 1838 3573 :
1873 3519 1975 3587 Qui
2004 3521 2146 3591 prius
2168 3522 2245 3593 fui

662 3612 985 3683 blasphemus
1009 3651 1024 3678 ,
1053 3617 1099 3664 et
1149 3615 1464 3679 persecutor,
1492 3617 1538 3660 et
1590 3608 1886 3677 injuriosus.
1926 3609 2031 3666 Sed
2082 3627 2249 3681 quare

660 3708 816 3765 solvit
834 3703 1140 3777 crystallum
1167 3701 1345 3756 Deus?
1365 3699 1440 3754 Ne
1457 3698 1524 3755 de
1542 3714 1602 3754 se
1626 3699 1713 3754 nix
1743 3700 1856 3771 ipsa
1883 3702 2250 3773 desperet.Ait

662 3801 805 3858 enim
824 3841 837 3863 ,
869 3796 997 3851 Ideo
1046 3792 1449 3848 misericordiam
1478 3800 1777 3847 consecutus
1824 3809 1936 3848 sum
1956 3835 1970 3858 ,
1995 3803 2047 3849 ut
2076 3796 2131 3850 in
2171 3813 2250 3852 me

656 3887 942 3945 ostenderet
973 3883 1202 3940 Christus
1230 3882 1264 3937 Ι
1271 3898 1381 3937 esus
1408 3897 1604 3936 omnem
1632 3884 1926 3953 patientiam
1950 3925 1965 3951 ,
1996 3885 2065 3938 ad
2089 3886 2250 3956 infor-

660 3979 938 4036 mationem
971 3991 1147 4031 eorum
1169 3974 1251 4044 qui
1274 3972 1519 4029 credituri
1545 3982 1661 4028 sunt
1702 3974 1781 4029 illi
1818 3977 1870 4028 in
1908 3975 2060 4030 vitam
2101 3987 2248 4032 azter-

660 4088 783 4128 nam
811 4068 853 4144 (I
874 4067 1008 4123 Tim.
1037 4083 1078 4134 ι,
1105 4064 1325 4137 15,16).
1350 4063 1560 4119 Clamat
1586 4080 1714 4135 ergo
1756 4065 1896 4120 Deus
1935 4065 2002 4121 ad
2028 4076 2246 4138 gentes:

658 4162 809 4221 Solvi
836 4158 1170 4232 crystallum,
1200 4155 1379 4211 venite
1406 4156 1576 4211 nives.
1608 4153 1816 4209 Emittet
1842 4158 2043 4212 verbum
2064 4174 2244 4228 suum,

664 4263 711 4309 et
739 4250 1000 4320 tabefaciet
1026 4265 1119 4315 ea;
1147 4246 1357 4318 spirabit
1399 4247 1607 4317 spiritus
1647 4246 1755 4318 ejus
1774 4288 1789 4313 ,
1818 4256 1866 4301 et
1892 4249 2053 4318 ﬂuent
2081 4266 2244 4321 aquw.

664 4348 806 4401 Ecce
831 4327 1139 4414 crystallum
1170 4346 1225 4394 et
1249 4339 1397 4394 nives
1419 4338 1782 4405 resolvuntur,
1810 4351 1939 4395 eunt
1968 4341 2021 4396 in
2048 4357 2246 4413 aquas;

668 4436 760 4507 qui
792 4434 1001 4499 sitiunt,
1034 4430 1251 4487 veniant
1276 4440 1331 4485 et
1358 4430 1566 4485 bibant.
1609 4430 1800 4487 Saulus
1842 4430 2007 4488 durus
2040 4444 2096 4489 ut
2123 4449 2249 4506 cry-

664 4525 903 4591 stallum,
934 4520 1264 4591 Stephanum
1287 4528 1367 4575 est
1398 4528 1709 4589 persecutus
1735 4519 1801 4575 ad
1831 4531 2090 4589 mortem;
2114 4525 2250 4580 Pauo

667 4619 752 4672 lus
775 4616 884 4688 jam
908 4614 963 4669 in
991 4628 1129 4684 aqua
1153 4612 1270 4664 viva
1295 4619 1481 4680 gentes
1506 4622 1658 4665 vocat
1680 4610 1746 4665 ad
1774 4610 1995 4667 fontem.
2021 4614 2250 4687 Spirabit

665 4709 875 4783 spiritus
899 4708 1010 4778 ejus
1034 4747 1049 4774 ,
1081 4713 1127 4759 et
1168 4704 1329 4772 ﬂuent
1351 4717 1516 4772 aquw.
1555 4701 1785 4773 Spiritus
1823 4703 2032 4763 fervens
2064 4726 2077 4763 :
2109 4709 2249 4764 unde

676 4800 878 4858 dictum
919 4806 1003 4854 est
1040 4796 1094 4851 in
1114 4795 1221 4849 alio
1250 4793 1454 4864 psalmo
1479 4833 1492 4858 ,
1523 4792 1795 4862 Converte,
1821 4794 2064 4864 Domine,
2087 4801 2250 4870 capti.

666 4897 869 4952 vitalem
894 4898 1139 4952 nostram,
1164 4887 1294 4940 sicut
1320 4896 1512 4938 torrens
1537 4883 1590 4938 in
1611 4893 1783 4939 austro
1811 4884 2144 4958 (Psal.cxxv,
2169 4892 2244 4963 4).

675 4986 891 5057 Captiva
937 4981 1080 5039 enim
1125 4970 1421 5035 Ierusalem
1468 4985 1720 5047 tanquam
1778 4980 2146 5049 congelaverat
2193 4983 2247 5038 in

668 5074 959 5149 Babylonia
989 5091 1003 5128 :
1031 5071 1124 5126 flat
1150 5076 1353 5135 auster,
1376 5066 1600 5122 solvitur
1638 5067 1784 5139 rigor
1810 5068 2164 5139 captivitatis,
2194 5082 2248 5129 et

666 5169 834 5223 currit
859 5167 912 5220 in
942 5165 1106 5218 Deum
1135 5160 1315 5215 fervor
1342 5157 1874 5228 charitatis.Spirabit
1896 5161 2100 5232 spiritus
2116 5165 2244 5235 ejus,

667 5268 713 5311 et
736 5258 889 5327 ﬂuent
921 5268 1085 5325 aquae.
1109 5249 1227 5305 Fiet
1256 5250 1308 5304 in
1337 5264 1430 5304 eos
1462 5249 1579 5304 fons
1614 5264 1766 5321 aqua:
1797 5251 2036 5313 salientis
2075 5254 2127 5309 in
2170 5256 2249 5311 vi-

671 5363 778 5405 tam
809 5357 1064 5401 aeternam
1098 5342 1275 5415 (Joan.
1299 5339 1500 5412 iv,14).

736 5442 829 5496 27.
858 5437 1024 5514 [vers.
1054 5434 1169 5508 19.]
1199 5434 1519 5489 Anuuntians
1548 5433 1752 5488 verbum
1777 5451 1924 5490 suum
1951 5435 2133 5506 Iacob,
2161 5440 2245 5506 iu-

668 5535 837 5593 stitias
864 5541 912 5588 et
934 5528 1133 5603 judicia
1156 5544 1249 5582 sua
1275 5526 1462 5581 Israel.
1496 5525 1640 5593 Quas
1666 5526 1935 5596 justitias?
1962 5546 2080 5599 qua:
2101 5531 2245 5600 judi-

666 5626 789 5683 cia?
815 5623 949 5692 Quia
977 5627 1035 5676 et
1060 5616 1317 5689 quidquid
1344 5615 1433 5671 hic
1458 5617 1745 5670 humanum
1773 5632 1939 5688 genus
1965 5630 2089 5676 ante
2125 5635 2249 5691 per-

667 5732 883 5792 pessum
912 5721 1014 5783 est,
1038 5726 1163 5768 cum
1185 5716 1328 5765 esset
1354 5709 1462 5774 uix,
1497 5716 1552 5763 et
1579 5708 1794 5775 nebula,
1820 5720 1873 5765 et
1899 5712 2207 5784 crystallum
2230 5755 2244 5780 ,

667 5811 860 5866 merito
891 5815 1200 5872 perpessum
1229 5808 1313 5856 est
1334 5798 1597 5870 superbia:
1625 5810 1679 5855 et
1702 5799 1947 5857 elationis
1970 5804 2020 5857 in
2048 5805 2234 5860 Deum.

720 5894 735 5925 Ι

720 5967 742 5995 ι
775 5905 882 6007 iii;
898 5888 1226 6012 ξιῗέεξῖωἱὰῑη
1245 5951 1369 6014 loco,
1405 5964 1698 6017 quanquam,
1743 5961 2023 6007 constanter
2045 5957 2242 6021 habent,

661 6033 904 6093 quantum.

1897 563 1953 619 S.
1995 560 2357 619 AUGUS'I‘INI
2400 564 2700 624 EPISCOPI

3800 568 3920 625 1936

2353 680 2711 736 Recurramus
2753 682 2819 737 ad
2866 681 3126 753 originem
3174 693 3332 737 casus
3360 677 3554 745 nostri,
3581 686 3641 734 et
3663 676 3921 735 videamus

2350 774 2474 844 quia
2507 774 2785 830 verissime
2807 775 2860 829 in
2892 776 3099 846 psalmo
3118 782 3362 830 cantatur
3391 757 3405 826 ἐ
3436 770 3745 843 Priusquam
3766 772 3920 828 humi-

2351 868 2525 931 liarer,
2551 884 2641 938 ego
2686 867 2891 937 deliqui.
2921 866 3026 923 Sed
3077 867 3169 937 qui
3212 865 3381 932 dicit,
3411 863 3721 934 Priusquam
3766 864 3920 919 humi-

2353 956 2528 1022 liarer,
2555 975 2648 1029 ego
2675 957 2904 1029 deliqui;
2933 958 3048 1029 ipse
3083 957 3253 1023 dicit,
3288 955 3489 1010 Bonum
3537 954 3664 1009 mihi
3694 964 3766 1009 est
3810 971 3921 1025 quo-

2350 1051 2487 1105 niam
2516 1051 2795 1105 humiliasti
2815 1067 2910 1116 me,
2936 1061 2988 1105 ut
3011 1050 3205 1104 discam
3220 1046 3613 1120 justiﬁcationes
3636 1057 3746 1101 tuas
3764 1045 3917 1117 (Psal.

2348 1156 2535 1207 csvm,
2566 1142 2655 1207 67,
2685 1140 2797 1212 71).
2829 1141 2934 1196 IIas
2964 1156 3093 1212 ergo
3113 1139 3525 1211 justiﬁcationes
3552 1154 3586 1194 a
3618 1138 3731 1195 Deo
3754 1138 3920 1196 didicit

2347 1232 2541 1299 Jacob,
2573 1233 2662 1302 qui
2697 1231 2821 1287 fecit
2848 1231 3025 1302 ipsum
3053 1230 3220 1287 Iacob
3245 1230 3439 1285 luctari
3455 1244 3581 1285 cum
3608 1229 3847 1301 Angela;
3870 1230 3915 1289 in

2348 1323 2499 1393 cujus
2543 1322 2732 1393 Angeli
2781 1336 3011 1391 persona
3051 1322 3165 1392 ipse
3211 1322 3472 1377 Dominus
3518 1329 3638 1377 erat
3684 1321 3913 1376 luctatus.

2349 1414 2564 1480 Tenuit,
2599 1415 2703 1468 vim
2756 1412 2882 1469 fecit
2925 1423 2987 1469 ut
3025 1412 3525 1479 teneret,iuvaluit
3575 1423 3634 1468 ut
3686 1422 3911 1468 teneret:

2347 1504 2474 1562 fecit
2505 1520 2563 1560 se
2592 1505 2764 1560 teneri
2800 1504 3169 1560 misericordia
3196 1545 3211 1571 ,
3245 1519 3349 1558 non
3379 1503 3718 1559 inﬁrmitate.
3744 1502 3914 1559 Lucta-

2351 1606 2435 1652 tus
2461 1612 2591 1669 ergo
2613 1597 2779 1653 Jacoh
2828 1597 3129 1668 prmvaluit,
3156 1597 3359 1661 tenuit;
3389 1605 3445 1652 et
3469 1612 3636 1667 quem
3662 1596 3913 1652 videbatur

2347 1689 2541 1744 vicisse
2559 1730 2575 1756 ,
2604 1697 2758 1759 rogat
2788 1697 2843 1743 ut
2886 1688 3236 1744 benedicatur
3260 1688 3328 1743 ab
3365 1702 3432 1743 eo
3456 1685 3611 1757 (Gen.
3637 1703 3799 1753 usu,
3825 1686 3910 1742 24-

2348 1780 2462 1851 26).
2488 1779 2770 1849 Quomodo
2800 1779 3133 1851 intelligebat
3160 1794 3282 1834 cum
3310 1794 3418 1849 quo
3462 1779 3699 1833 luctatus
3724 1779 3909 1844 fuerat,

2347 1884 2507 1939 quem
2554 1869 2830 1924 tenuerit?
2855 1868 3032 1936 Quare
3081 1868 3346 1924 violenter
3374 1876 3459 1924 est
3482 1869 3742 1933 luctatus,
3766 1876 3817 1922 et
3839 1875 3909 1922 te-

2348 1959 2498 2016 nuit?
2526 1958 2658 2028 Quia
2685 1976 2894 2032 regnum
2928 1958 3170 2015 cwlorum
3193 1960 3292 2013 vim
3308 1960 3521 2037 patitur,
3544 1968 3593 2014 et
3618 1959 3705 2030 qui
3728 1959 3818 2013 vim
3840 1962 3909 2029 {a-

2350 2052 2520 2119 ciuut,
2544 2051 2791 2122 diripiunt
2816 2049 2947 2105 illud
2977 2050 3188 2122 (Matth.
3214 2065 3288 2116 xl,
3325 2049 3441 2122 12).
3474 2051 3618 2122 Ergo
3642 2065 3803 2121 quare
3840 2049 3909 2103 lur

2348 2145 2556 2199 elatus?
2582 2143 2713 2212 Quia
2750 2158 2871 2199 cum
2919 2143 3120 2198 labore.
3166 2142 3343 2211 Quare
3392 2143 3482 2198 vix
3510 2152 3752 2199 tenemus
3788 2139 3909 2214 quod

2347 2234 2501 2290 facile
2521 2235 2796 2290 amisimus
2814 2235 2835 2288 ?
2851 2234 2928 2290 Ne
2949 2233 3105 2289 facile
3130 2234 3439 2304 recipiendo
3459 2233 3607 2304 quod
3629 2232 3903 2298 amisimus,

2350 2327 2617 2383 discamus
2663 2325 2889 2397 perdere
2933 2324 3076 2396 quod
3118 2334 3378 2381 tenemus.
3413 2325 3650 2382 Laboret
3676 2325 3828 2380 homo
3859 2331 3909 2378 ut

2350 2428 2568 2486 teneat;
2602 2421 2806 2476 tenebit
2834 2419 2900 2474 ad
2931 2418 3237 2474 ﬁrmitatem
3278 2418 3420 2489 quod
3451 2418 3687 2474 tenuerit
3711 2426 3822 2488 post
3842 2417 3908 2471 la-

2351 2509 2560 2565 borem.
2586 2510 2724 2581 Ergo
2746 2509 3074 2581 hazcjudicia
3097 2524 3192 2566 sua
3219 2510 3359 2565 Deus
3387 2507 3745 2565 manifestavit
3771 2505 3910 2563 Iacob

2350 2611 2405 2659 et
2430 2602 2616 2659 Israel.
2648 2603 2897 2675 Apertius
2924 2603 3098 2658 dicam
3133 2619 3147 2655 :
3181 2600 3234 2657 id
3284 2610 3369 2658 est
3390 2644 3406 2668 ,
3433 2603 3559 2672 quia
3603 2611 3658 2657 et
3689 2600 3811 2671 justi
3835 2595 3909 2670 qui

2350 2695 2439 2751 hic
2466 2703 2593 2751 sunt
2616 2736 2632 2762 ,
2662 2693 2895 2761 labores,
2920 2693 3177 2764 pericula,
3197 2693 3496 2761 molestias,
3534 2692 3808 2763 passiones
3828 2702 3910 2760 pro

2352 2787 2550 2842 merito
2594 2785 2896 2856 patiuntur,
2921 2785 3069 2854 justo
3112 2783 3317 2855 judicio
3358 2783 3472 2839 Dei.
3500 2782 3637 2851 Quia
3664 2782 3748 2837 ille
3776 2780 3902 2837 solus

2352 2885 2532 2950 potest
2580 2877 2760 2933 dicere
2782 2919 2798 2945 ,
2829 2878 2945 2933 sine
2991 2891 3151 2933 causa
3181 2876 3268 2932 hic
3312 2890 3372 2932 se
3408 2891 3666 2947 passum;
3693 2872 3908 2947 quamvis

2352 2970 2475 3028 ideo
2524 2986 2632 3026 non
2682 2969 2799 3027 sine
2840 2984 3001 3024 causa
3027 3011 3040 3034 ,
3073 2969 3196 3040 quia
3242 2977 3460 3039 propter
3495 2983 3597 3024 nos
3626 2985 3641 3021 :
3667 2965 3753 3038 qui
3782 2965 3907 3021 solus

2351 3064 2530 3135 potest
2553 3063 2733 3119 dicere
2758 3104 2773 3129 ,
2806 3061 2932 3130 Qua:
2955 3078 3056 3115 non
3082 3062 3254 3131 rapui,
3272 3071 3393 3114 tunc
3421 3061 3735 3116 exsolvebant
3756 3058 3907 3133 (Psal.

2353 3170 2542 3220 vatn,
2573 3153 2776 3225 5);qui
2821 3153 2971 3208 solus
3015 3151 3195 3208 dicere
3218 3152 3425 3223 potuit,
3453 3151 3587 3207 Ecce
3623 3152 3750 3206 venit
3788 3149 3909 3220 pria-

2353 3263 2470 3318 ceps
2498 3246 2650 3317 hujus
2676 3244 2874 3312 mundi,
2905 3254 2953 3299 et
2979 3244 3030 3298 in
3061 3260 3143 3298 me
3170 3243 3298 3298 nihil
3323 3244 3562 3299 inveniet.
3593 3244 3661 3299 Et
3682 3242 3825 3315 quasi
3845 3239 3911 3294 di-

2357 3347 2572 3396 ceretur
2612 3337 2703 3403 ci',
2727 3340 2904 3405 Quare
2949 3324 3077 3407 ergo
3124 3336 3362 3407 pateris?
3387 3335 3631 3407 sequitur
3674 3345 3727 3390 et
3765 3332 3910 3388 dicit:

2355 3431 2461 3488 Sed
2481 3441 2534 3485 ut
2563 3431 2723 3485 sciant
2752 3446 2923 3484 omnes
2943 3429 3063 3501 quia
3100 3429 3407 3484 voluntatem
3437 3427 3615 3483 Patris
3637 3428 3729 3482 mei
3760 3426 3911 3497 facio,

2352 3524 2543 3596 surgite
2562 3565 2578 3591 ,
2610 3538 2783 3577 eamus
2821 3521 2939 3575 hinc
2974 3519 3161 3590 (Joan.
3191 3536 3300 3590 xiv,
3325 3520 3417 3585 30,
3449 3519 3565 3592 31).
3593 3517 3779 3575 Czeteri
3809 3529 3911 3570 om-

2352 3630 2450 3670 nes
2497 3612 2691 3668 merito
2729 3625 2828 3666 suo
2849 3653 2863 3677 ,
2888 3610 3091 3681 judicio
3119 3610 3244 3678 Dei,
3275 3620 3329 3666 et
3355 3627 3452 3681 pro
3474 3611 3681 3681 justitia
3708 3608 3795 3680 qui
3831 3620 3911 3677 pa-

2354 3707 2576 3769 tiuntur,
2608 3716 2712 3756 non
2740 3699 2841 3755 sibi
2868 3707 3141 3770 arrogent,
3166 3701 3315 3771 quasi
3343 3702 3655 3771 passionem
3684 3699 3912 3754 innocen-

2355 3794 2441 3850 tia:
2465 3794 2505 3861 ¹,
2524 3792 2696 3862 qualis
2726 3792 2778 3846 in
2803 3789 3023 3846 Christo
3051 3799 3186 3846 erat.
3212 3790 3349 3845 Audi
3372 3791 3679 3862 apostolum
3700 3789 3909 3845 Petrum:

2358 3885 2577 3956 Tempus
2602 3894 2673 3940 est
2696 3925 2710 3950 ,
2739 3882 2947 3954 inquit,
2977 3892 3032 3937 ut
3042 3882 3294 3953 judicium
3342 3882 3558 3953 incipiat
3586 3898 3618 3934 a
3643 3882 3785 3936 domo
3824 3878 3913 3932 Do-

2354 3979 2499 4033 mini.
2529 3976 2834 4032 Exhortans
2876 3984 3140 4047 martyres
3186 3983 3241 4031 et
3284 3983 3449 4031 testes
3489 3976 3623 4041 Dei,
3654 3985 3712 4030 ut
3750 3985 3912 4029 omnes

2356 4071 2532 4126 minas
2585 4069 2866 4126 frementis
2921 4069 3105 4123 surculi
3149 4067 3541 4140 patientissime
3584 4064 3913 4131 tolerent,ait

2356 4163 2460 4218 illis
2497 4180 2510 4217 :
2543 4162 2777 4230 Tempus
2806 4169 2888 4215 est
2913 4158 3252 4214 inchoationis
3268 4158 3460 4229 judicii
3482 4174 3546 4211 ea:
3572 4157 3718 4211 domo
3740 4154 3844 4209 Dei.
3862 4151 3913 4208 Si

2355 4265 2522 4308 autem
2558 4251 2758 4305 initiuut
2787 4266 2818 4303 a
2844 4250 2984 4305 nobis
3005 4291 3019 4316 ,
3070 4241 3182 4321 quis
3216 4248 3333 4317 ﬁnis
3368 4264 3543 4303 eorum
3579 4248 3662 4317 qui
3687 4263 3783 4301 non
3817 4258 3908 4297 cre-

2360 4347 2487 4401 dunt
2515 4344 2613 4399 Dei
2635 4341 2916 4414 Evangelia
2937 4342 2961 4397 ?
2985 4349 3032 4396 et
3059 4342 3102 4395 si
3113 4342 3285 4412 justus
3308 4341 3391 4394 vix
3410 4339 3581 4393 salvus
3610 4339 3687 4405 fit,
3711 4343 3913 4407 peccator

2356 4448 2402 4494 et
2428 4436 2611 4507 impius
2633 4433 2715 4488 ubi
2738 4433 2984 4505 parebunt
3008 4432 3026 4504 (
3051 4432 3065 4486 Ι
3093 4430 3236 4486 Petr.
3263 4446 3338 4498 tv,
3361 4432 3416 4498 4,
3447 4431 3539 4496 17,
3565 4429 3697 4503 18)?
3725 4429 3909 4483 Annuu-

2357 4530 2488 4584 tiaus
2515 4526 2713 4582 verbum
2740 4541 2887 4579 suum
2903 4522 3083 4591 Jacob,
3098 4523 3327 4594 justitias
3351 4532 3398 4577 et
3408 4522 3615 4593 judicia
3640 4538 3727 4576 sua
3751 4518 3909 4574 Israel.

2425 4620 2514 4675 ‘28.
2547 4616 2710 4691 [vers.
2741 4614 2831 4671 9.0.
2860 4613 2880 4688 ]
2907 4612 3025 4667 Non
3068 4613 3183 4685 fecit
3219 4614 3292 4667 sic
3320 4614 3569 4667 universa:
3588 4613 3738 4684 genti.
3766 4609 3911 4665 Nemo

2356 4726 2451 4766 vos
2491 4710 2637 4764 fallat
2669 4725 2682 4761 :
2712 4724 2816 4761 non
2862 4706 3157 4760 nuntiatum
3187 4713 3268 4759 est
3303 4703 3463 4759 alicui
3490 4704 3637 4775 genti
3678 4703 3771 4756 hoc
3791 4698 3908 4770 judi-

2354 4803 2493 4858 cium
2520 4801 2638 4867 Dei,
2670 4796 2936 4870 quomodo
2960 4797 3224 4867 patiantur
3249 4802 3304 4850 et
3326 4794 3455 4865 justi
3482 4806 3537 4849 et
3562 4793 3740 4865 injusti
3765 4810 3778 4846 :
3800 4805 3891 4861 quo

2357 4894 2515 4951 modo
2542 4908 2640 4964 pro
2665 4892 2856 4946 merito
2885 4902 3090 4954 omnes;
3119 4889 3387 4958 quomodo
3415 4887 3466 4941 iu
3498 4888 3666 4957 gratia
3696 4886 3802 4951 Dei,
3822 4898 3905 4937 nou

2355 4990 2408 5043 in
2437 4986 2547 5042 suis
2574 4983 2778 5040 meritis
2802 4982 3091 5037 liberentur
3119 4980 3216 5050 ipsi
3240 4979 3389 5050 justi.
3422 4978 3541 5034 Non
3571 4979 3909 5036 annuntiatuui

2355 5086 2437 5135 est
2484 5076 2586 5131 hoc
2615 5074 2878 5129 universa:
2902 5071 3044 5143 genti
3072 5088 3087 5138 ;
3114 5070 3209 5126 sed
3252 5070 3351 5125 soli
3395 5069 3596 5137 Iacob,
3630 5072 3726 5127 soli
3757 5068 3909 5125 Israel.

2354 5168 2490 5238 Quid
2522 5183 2649 5240 ergo
2679 5180 2778 5244 nos
2809 5164 3030 5219 facimus
3054 5204 3069 5229 ,
3094 5163 3137 5216 si
3182 5177 3290 5217 non
3316 5163 3654 5218 annuutiavit
3682 5162 3915 5218 universa:

2352 5261 2531 5334 genti,
2550 5259 2645 5316 sed
2688 5265 2892 5312 tantum
2922 5253 3086 5310 Jacob
3110 5295 3125 5319 ,
3150 5262 3353 5308 tantum
3393 5252 3585 5309 Israel?
3612 5253 3714 5311 Ubi
3747 5253 3918 5308 erimus

2356 5353 2496 5409 nos?
2521 5352 2579 5406 In
2617 5348 2783 5405 Jacob
2824 5357 2878 5403 et
2919 5348 2971 5401 in
3012 5345 3196 5401 Israel.
3227 5344 3436 5399 Iudicia
3464 5362 3560 5399 sua
3600 5363 3700 5400 non
3732 5342 3919 5413 manife-

2354 5448 2501 5502 stavit
2541 5445 2630 5500 eis.
2671 5441 2910 5511 Quibus?
2949 5439 3209 5496 Omnibus
3257 5438 3524 5508 gentibus.
3564 5438 3635 5493 Et
3680 5434 3921 5510 quomodo

2356 5548 2556 5595 vocata:
2582 5543 2705 5593 sunt
2733 5535 2902 5596 nives,
2922 5532 3095 5586 soluto
3124 5529 3421 5602 crystallo?
3446 5528 3719 5599 quomodo
3743 5535 3921 5584 vocata:

2356 5642 2477 5688 sunt
2495 5633 2701 5704 gentes,
2716 5628 3008 5701 justiﬁcato
3027 5626 3222 5681 Paulo?
3242 5623 3544 5692 Quomodo,
3565 5625 3669 5679 nisi
3692 5634 3745 5679 ut
3760 5627 3922 5679 essent

2356 5725 2410 5779 in
2451 5724 2652 5779 Jacob?
2680 5724 2939 5779 Prmeisus
2979 5729 3061 5774 est
3103 5718 3334 5773 oleaster
3357 5758 3371 5781 ,
3419 5725 3476 5771 ut
3515 5717 3839 5773 insereretur
3877 5714 3922 5767 in

2354 5818 2547 5872 olivam
2582 5815 2755 5888 (Rom.
2788 5830 2879 5882 si,
2913 5812 3025 5883 17).
3056 5809 3172 5865 Jam
3200 5807 3264 5863 ad
3292 5807 3487 5862 olivam
3522 5809 3804 5877 pertinent;
3827 5805 3920 5875 jam

2424 5955 2439 5986 ³
2467 5956 2539 6015 sic
2557 5952 2755 6015 aliquot
2790 5958 2896 6001 Mss.
2933 5957 2990 6015 Al.
3011 5947 3145 6015 βάρι,
3170 5952 3217 5997 et
3239 5958 3327 6010 pro
3339 5942 3542 6015 justiiia
3557 5955 3670 6006 qua:
3685 5943 3923 6015 patiuntur.

2363 6027 2457 6069 non
2473 6013 2565 6066 sibi
2584 6005 2825 6078 arrogent,
2847 6011 2987 6076 quasi
3008 6005 3213 6061 habeam
3230 6005 3498 6073 passionem
3522 6005 3817 6058 innocentia.
