4084 6480
226 353 261 408 1
274 352 418 411 937

224 484 378 523 non
416 469 611 524 debent
632 465 735 521 dici
765 472 969 537 gentes,
999 461 1091 518 sed
1117 477 1221 517 una
1244 478 1372 533 gens
1402 464 1452 516 in
1475 462 1708 527 Christo,
1727 472 1856 530 gens

226 560 443 615 Jacob
462 602 477 626 ,
507 574 639 629 gens
665 556 844 611 Israel.
874 554 1049 622 Quare
1073 569 1203 625 gens
1228 553 1390 609 Jacob
1415 563 1468 608 et
1494 568 1623 623 gens
1652 551 1857 607 Israel?

225 651 408 719 Quia
434 650 599 706 Jacob
629 649 696 703 de
722 647 885 713 Isaae,
918 646 1064 702 Isaac
1093 646 1158 701 de
1184 644 1471 700 Abraham.
1506 644 1732 699 Abraha:
1759 659 1854 698 au-

231 753 378 799 tem
407 743 532 814 quid
553 742 751 797 dictum
780 740 892 793 est?
920 738 983 792 In
1006 740 1189 792 semine
1211 746 1292 790 tuo
1317 736 1665 790 benedicentur
1685 752 1856 789 omnes

225 843 458 904 gentes.
480 833 591 888 Hoc
619 832 758 886 idem
783 831 979 885 dictum
1011 838 1091 883 est
1114 828 1179 882 ad
1207 828 1370 892 Isaac,
1396 827 1495 881 hoc
1521 836 1574 881 ct
1599 826 1664 880 ad
1690 826 1854 881 Jacob

235 925 424 997 (Gen.
458 941 588 990 xxu,
620 924 715 989 I8;
742 937 886 986 xxvi,
919 922 986 986 tl;
1014 936 1197 985 xxviii,
1222 920 1329 989 14).
1362 919 1697 973 Pertinemus
1724 933 1851 988 ergo

228 1017 317 1071 ad
370 1017 571 1081 Jacob;
601 1016 724 1085 quia
768 1015 1091 1084 pertinemus
1116 1012 1181 1067 ad
1206 1011 1350 1066 Isaac
1372 1054 1385 1076 ,
1416 1012 1742 1081 pertinemus
1783 1009 1850 1064 ad

230 1108 561 1162 Abraham.
593 1107 786 1162 Semen
817 1106 957 1160 enim
987 1104 1234 1171 Abrahm,
1260 1118 1363 1158 non
1393 1119 1479 1157 me
1510 1103 1592 1157 vel
1615 1102 1852 1171 quolibet

231 1197 487 1253 homine
506 1239 521 1265 ,
552 1197 645 1253 sed
672 1197 926 1266 Apostolo
951 1204 1135 1250 sancto
1164 1195 1544 1264 interpretante
1564 1237 1577 1259 ,
1605 1194 1849 1249 Christus

229 1297 339 1342 cst
361 1306 375 1341 :
396 1298 451 1343 et
476 1290 588 1357 ipse
602 1289 695 1354 ait,
720 1287 835 1341 Non
851 1287 991 1353 dicit,
1012 1286 1078 1339 Et
1094 1285 1365 1341 seminibus
1393 1295 1629 1355 tanquam
1651 1286 1701 1338 in
1720 1286 1853 1339 ntul-

231 1382 346 1445 tis;
382 1380 473 1436 sed
498 1390 733 1453 tanquam
760 1381 811 1433 in
838 1396 966 1445 uno,
994 1379 1060 1432 Et
1090 1379 1266 1432 semini
1290 1387 1375 1431 tuo
1400 1418 1413 1442 ,
1443 1377 1577 1447 quod
1606 1388 1675 1431 est
1698 1377 1848 1432 Chri-

230 1480 369 1525 stus
392 1470 589 1541 (ϐολαί.
620 1487 694 1537 ιιι,
716 1470 823 1541 16).
848 1470 901 1526 Si
928 1485 1091 1523 unum
1118 1484 1318 1533 semen,
1340 1484 1477 1523 unus
1502 1469 1686 1535 Jacob,
1714 1485 1848 1524 unus

232 1562 434 1619 Israel
458 1603 471 1625 ,
505 1570 557 1617 et
586 1576 772 1617 omnes
813 1570 998 1632 gentes
1028 1574 1161 1614 unus
1196 1561 1210 1590 ί
1239 1559 1290 1613 in
1319 1559 1552 1614 Christo.
1597 1560 1737 1629 Ergo
1779 1560 1846 1614 ad

233 1667 453 1708 omnes
490 1652 719 1723 pertinet
744 1660 928 1721 gentes
952 1692 967 1718 ,
995 1648 1134 1719 quod
1163 1649 1414 1705 revelavit
1452 1649 1550 1718 ipsi
1592 1649 1755 1704 Jacob
1794 1657 1849 1703 et

237 1745 361 1813 ipsi
389 1742 575 1808 Israel;
600 1752 652 1798 et
677 1743 752 1797 illi
782 1743 879 1798 soli
906 1742 957 1796 in
980 1742 1098 1797 aliis
1123 1742 1365 1812 gentibus
1392 1740 1674 1811 deputandi
1701 1748 1842 1804 sunt,

236 1839 350 1907 qui
382 1837 623 1892 nolentes
652 1834 869 1891 credere
896 1834 947 1889 in
977 1834 1266 1899 Christum,
1294 1836 1479 1890 nolunt
1504 1831 1751 1887 recedere
1780 1832 1847 1887 ab

239 1926 497 1981 oleastro
528 1933 582 1981 et
608 1926 766 1980 inseri
797 1926 971 2006 oliva).
991 1925 1359 1980 Remanebunt
1383 1925 1433 1979 in
1451 1925 1660 1980 silvosis
1676 1927 1844 1980 rami’

240 2017 473 2072 steriles
496 2027 549 2072 et
568 2018 751 2071 amari.
769 2016 1008 2071 Gaudeat
1030 2015 1211 2071 Jacob.
1230 2015 1364 2085 Quid
1391 2026 1471 2070 est
1489 2014 1676 2071 Jacob?
1706 2015 1847 2085 Sup-

240 2109 548 2177 plantator;
572 2110 693 2179 quia
715 2109 1069 2179 supplantavit
1089 2108 1302 2163 fratrem
1318 2107 1481 2162 Jacob
1502 2106 1650 2177 (Gen.
1672 2124 1839 2173 xxvu,

240 2198 605 2269 56).Ctecitas
624 2199 762 2253 enim
785 2216 847 2253 ea:
873 2208 1015 2269 parte
1040 2199 1204 2254 Israel
1229 2200 1365 2268 facta
1391 2208 1485 2265 est,
1512 2207 1566 2251 ut
1588 2199 1845 2267 plenitudo

242 2290 497 2346 Gentium
514 2293 721 2345 intraret
736 2292 987 2363 (Rom.xr,
1002 2292 1196 2363 9.5).De
1208 2292 1370 2347 Jacob
1381 2292 1549 2347 factus
1561 2301 1641 2347 est
1658 2292 1840 2346 Israel.

239 2380 393 2449 Quid
407 2392 489 2437 est
504 2381 690 2437 Israel?
704 2381 731 2438 J
737 2399 819 2435 am
840 2383 1328 2447 omnesaudiamus,
1347 2397 1534 2437 omnes
1548 2381 1845 2449 Israel,sive

242 2473 343 2542 qui
374 2472 462 2526 hic
491 2472 619 2527 estis
646 2472 698 2526 in
726 2472 977 2528 membris
1000 2471 1216 2540 Christi,
1242 2474 1354 2528 sive
1383 2474 1471 2544 qui
1498 2472 1627 2529 foris
1657 2483 1707 2528 et
1739 2488 1844 2528 non

242 2564 409 2630 foris,
433 2572 488 2618 et
517 2578 612 2632 per
640 2578 826 2617 omnes
854 2571 1035 2632 gentes
1063 2564 1259 2634 ubique
1286 2564 1436 2629 foris,
1462 2565 1652 2635 ubique
1680 2565 1841 2630 intus;

240 2655 439 2709 audiat
466 2654 577 2723 ipse
603 2653 785 2718 Israel,
810 2654 895 2723 qui
923 2669 986 2707 ex
1012 2654 1177 2709 Jacob
1204 2655 1370 2709 factus
1397 2664 1479 2710 est
1502 2656 1680 2710 Israel.
1706 2655 1843 2723 Quid

241 2758 336 2802 est
366 2746 568 2801 Israel?
589 2746 788 2801 Videas
816 2746 1000 2800 Deum.
1024 2740 1125 2801 Ubi
1158 2746 1354 2801 videbit
1387 2747 1585 2801 Deum?
1606 2746 1661 2801 In
1690 2761 1840 2816 pace.

240 2837 311 2892 In
343 2852 449 2908 qua
482 2837 644 2906 pace?
672 2836 806 2891 Pace
835 2836 1129 2891 Jerusalem
1156 2853 1170 2902 ;
1202 2838 1345 2908 quia,
1380 2837 1598 2903 Posuit,
1634 2837 1800 2905 inquit
1825 2879 1840 2905 ,

244 2928 384 2995 ﬁnes
415 2936 527 2980 tuos
556 2942 747 2996 pacem.
777 2925 851 2979 Ibi
877 2925 1209 2980 laudabimus
1234 2968 1249 2993 ,
1277 2942 1464 2982 omnes
1494 2942 1629 2982 unus
1657 2928 1706 2981 in
1739 2944 1843 2983 uno

240 3015 318 3069 ad
372 3030 537 3069 unum
581 3016 818 3081 erimus;
849 3015 970 3086 quia
999 3014 1247 3086 deinceps
1289 3016 1437 3071 multi
1483 3017 1707 3089 dispersi
1737 3032 1844 3071 non

245 3119 479 3159 ertutus.

617 3311 696 3371 IN
740 3310 1117 3373 PSALMUM
1159 3311 1466 3373 CXLVIII

846 3435 1262 3491 ENARRA'I‘IO.

795 3563 964 3603 SERMO
994 3564 1059 3602 AD
1094 3564 1317 3602 PLEBEM.

327 3666 381 3720 l.
423 3662 591 3736 [vers.
625 3664 673 3717 1.
703 3662 724 3735 ]
755 3662 1018 3717 Meditatio
1058 3664 1335 3732 praesentis
1383 3664 1503 3717 vitae
1548 3672 1743 3719 nostra:
1786 3665 1837 3718 in

244 3755 413 3810 laude
445 3754 539 3809 Dei
567 3768 685 3809 esse
714 3753 871 3809 debet
898 3772 911 3807 :
940 3755 1060 3823 quia
1096 3755 1378 3809 exsultatio
1407 3755 1729 3824 sempiterna
1759 3754 1836 3809 fu-

249 3854 390 3899 tura:
419 3834 617 3898 noStrte
649 3846 790 3911 vitm,
820 3845 934 3899 laus
961 3846 1051 3900 Dei
1083 3845 1183 3899 erit
1211 3861 1226 3909 ;
1261 3854 1314 3899 et
1339 3861 1496 3899 nemo
1523 3854 1696 3915 potest
1723 3846 1837 3900 ido-

248 3950 393 3992 neus
433 3936 544 3990 fieri
586 3936 774 3991 futura:
804 3938 957 4003 vitze,
984 3938 1075 4008 qui
1123 3955 1226 3993 non
1274 3953 1332 3993 se
1380 3938 1444 3993 ad
1486 3938 1629 3991 illam
1675 3940 1836 3993 modo

249 4028 576 4083 exercuerit.
608 4027 762 4081 Modo
786 4043 911 4096 ergo
937 4028 1212 4084 laudamus
1243 4030 1405 4083 Deum
1436 4048 1447 4082 :
1481 4030 1574 4084 sed
1605 4039 1657 4084 et
1682 4046 1832 4100 roga-

250 4136 375 4175 mus
407 4121 595 4174 Deum.
628 4121 765 4175 Laus
796 4133 971 4175 nostra
1001 4121 1237 4175 laetitiam
1271 4121 1446 4187 habet,
1476 4124 1644 4177 oratio
1668 4124 1833 4193 gemi-

251 4224 391 4268 tum.
420 4213 744 4267 Promissum
769 4221 849 4267 est
869 4214 1008 4268 enim
1033 4214 1184 4269 nobis
1208 4214 1404 4284 aliquid
1431 4216 1570 4285 quod
1599 4215 1831 4270 nondum

250 4303 536 4367 habemus;
568 4311 622 4357 et
649 4304 769 4373 quia
800 4319 956 4358 verax
985 4315 1065 4358 est
1091 4306 1180 4373 qui
1209 4307 1480 4373 promisit,
1509 4308 1559 4361 in
1587 4322 1680 4376 spe
1709 4324 1836 4378 gau-

251 4393 446 4447 demus
476 4410 488 4445 :
518 4394 638 4463 quia
686 4403 859 4447 tamen
900 4394 1134 4448 nomium
1164 4394 1419 4451 habemus
1447 4439 1461 4464 ,
1490 4398 1540 4451 in
1569 4397 1833 4452 desiderio

249 4486 540 4555 gemimus.
569 4485 769 4540 Bonum
796 4495 876 4541 est
901 4487 1051 4540 nobis
1081 4502 1417 4555 perseverare
1444 4490 1495 4543 in
1525 4490 1789 4545 desiderio

250 4575 429 4631 donec
458 4579 633 4630 veniat
666 4578 804 4647 quod
832 4579 1146 4647 promissum
1173 4588 1294 4647 est,
1322 4590 1376 4635 ct
1406 4589 1637 4636 transeat
1663 4582 1799 4652 gemi

250 4672 363 4729 tus,
391 4665 640 4720 succedat
664 4667 773 4720 sola
796 4667 1045 4721 laudatio.
1069 4668 1289 4738 Propter
1309 4669 1422 4724 hanc
1437 4670 1541 4724 duo
1569 4679 1807 4740 tempora

249 4770 419 4808 unum
451 4754 589 4824 quod
632 4771 772 4809 nunc
800 4764 882 4810 est
911 4757 961 4811 in
996 4758 1373 4812 tentationibus
1399 4768 1451 4814 ct
1479 4760 1799 4814 tribulationi

249 4844 355 4898 bus
386 4844 546 4913 hujus
572 4846 691 4899 vita:
716 4888 729 4912 ,
762 4846 984 4901 alterum
1010 4847 1149 4916 quod
1182 4856 1306 4902 tunc
1340 4851 1441 4904 erit
1471 4850 1521 4903 in
1550 4851 1831 4905 securitate

248 4944 306 4988 et
354 4934 709 4990 exsultatione
760 4944 1046 5006 perpetua,
1081 4938 1313 4993 instituta
1355 4950 1435 4994 est
1483 4940 1633 4995 nobis
1671 4942 1828 4995 etiam

248 5026 544 5080 celebratio
586 5028 808 5082 duorum
851 5038 1145 5098 temporum
1168 5071 1181 5095 ,
1211 5040 1332 5086 ante
1361 5030 1559 5085 Pascha
1585 5072 1599 5095 ,
1630 5042 1683 5086 et
1715 5042 1831 5102 post

249 5116 481 5175 Pascha.
514 5117 641 5171 Illud
668 5119 806 5188 quod
834 5128 914 5174 est
937 5129 1058 5173 ante
1081 5121 1302 5185 Pascha,
1331 5123 1590 5192 signiﬁcat
1617 5124 1832 5177 tribula-

251 5209 454 5262 ti::nem
488 5209 538 5262 in
571 5224 669 5278 qua
703 5210 859 5263 modo
885 5225 1067 5263 sumus
1100 5229 1113 5264 :
1145 5212 1282 5279 quod
1312 5228 1435 5265 vero
1464 5229 1601 5268 nunc
1627 5216 1832 5284 agimus

252 5308 379 5367 post
418 5299 656 5364 Pascha,
684 5300 944 5369 signiﬁcat
987 5302 1364 5356 beatitudinem
1410 5303 1461 5356 in
1505 5319 1606 5373 qua
1648 5314 1831 5374 postea

252 5389 475 5444 erimus.
507 5390 644 5445 Ante
685 5391 885 5446 Pascha
930 5408 1055 5459 ergo
1086 5392 1223 5460 quod
1254 5394 1579 5449 celebramus
1600 5437 1614 5461 ,
1644 5396 1742 5449 hoc
1781 5404 1833 5451 et

252 5478 463 5547 agimus
487 5498 498 5532 :
526 5488 645 5550 post
670 5481 866 5535 Pascha
893 5491 1067 5537 autem
1098 5482 1237 5551 quod
1267 5484 1595 5539 celebramus
1621 5527 1635 5549 ,
1665 5484 1830 5555 signi-

254 5567 478 5625 ﬁcamus
502 5570 641 5640 quod
669 5571 902 5625 nondum
931 5581 1190 5628 tenemus.
1218 5575 1499 5644 Propterea
1536 5575 1665 5630 illud
1702 5584 1831 5631 tem-

324 5704 341 5735 ¹
366 5702 499 5757 md.
525 5717 701 5764 unum;
724 5706 1123 5754 dissentientibus
1146 5714 1249 5758 uss.

326 5766 348 5796 ³
369 5765 442 5813 sic
459 5764 637 5827 aliquot
655 5773 759 5813 Mss.
790 5772 838 5814 At
863 5766 994 5826 Ed(I.,
1022 5768 1182 5816 ramis.

1338 346 1729 405 ENARIiATIO
1759 346 1820 402 IN
1862 344 2181 408 PSALMUM
2219 355 2490 411 CXLVIII.

3411 371 3543 426 I933

1964 477 2060 530 pus
2095 464 2147 519 in
2186 466 2404 535 jejuniis
2446 476 2499 522 et
2535 469 2862 525 orationibus
2891 486 3238 541 exercemus;
3272 474 3371 531 hoc
3411 496 3541 536 vero

1965 565 2170 626 tempus
2200 559 2448 614 relaxatis
2468 561 2683 630 jejuniis
2714 562 2767 617 in
2793 563 3036 619 laudibus
3064 567 3290 636 agimus.
3322 568 3433 625 Iloc
3460 581 3541 628 est

1962 648 2123 713 enim,
2147 650 2384 715 Alleluia,
2412 652 2550 721 quod
2580 662 2891 721 cantamus;
2923 656 3065 725 quod
3094 658 3253 713 latine
3281 660 3544 731 interpre.
3569 671 3579 749 ς

1961 748 2117 806 tatur,
2148 750 2205 795 ut
2233 743 2416 810 nostis,
2442 744 2673 800 Laudate
2699 746 2997 802 Dominum.
3029 748 3153 804 Ideo
3176 750 3305 805 illud
3331 761 3537 822 tempus
3570 743 3573 758 ³

1960 840 2082 885 ante
2104 833 2570 902 resurrectionem,
2597 838 2697 890 hoc
2726 844 2933 907 tempus
2956 847 3075 907 post
3095 841 3536 897 resurrectionem

1959 922 2165 977 Domini
2188 934 2289 978 est.
2310 925 2426 991 Quo
2446 935 2682 995 tempore
2701 928 3024 999 signiﬁcatur
3046 930 3147 985 vita
3164 931 3360 1001 futura,
3380 949 3537 1005 quam

1957 1016 2190 1071 nondum
2218 1025 2490 1082 tenemus;
2515 1020 2633 1088 quia
2659 1021 2799 1089 quod
2832 1022 3192 1091 signiﬁcamus
3214 1033 3336 1093 post
3359 1041 3537 1080 resur-

1956 1106 2245 1161 rectionem
2293 1108 2537 1172 Domini,
2582 1110 2877 1165 tenebimus
2931 1119 3047 1181 post
3089 1114 3531 1169 resurrectionem

1954 1204 2213 1251 nostram.
2247 1198 2301 1251 lu
2330 1199 2502 1268 capite
2529 1200 2669 1254 enim
2696 1209 2879 1255 nostro
2901 1202 3053 1257 nobis
3082 1212 3364 1274 utrumque
3398 1206 3534 1277 ﬁgu-

1954 1298 2124 1344 ratum
2146 1300 2246 1357 est,
2268 1299 2549 1362 utrumque
2564 1293 2982 1350 demonstratum
3003 1305 3102 1352 est.
3127 1298 3308 1353 Passio
3326 1300 3533 1354 Domini

1954 1381 2185 1435 ostendit
2213 1382 2363 1437 nobis
2384 1383 2540 1436 vitam
2562 1386 2839 1452 praesentis
2859 1386 3211 1455 necessitatis,
3236 1389 3354 1459 quia
3377 1404 3534 1459 opor-

1954 1477 2029 1525 tet
2051 1471 2289 1527 laborare
2315 1515 2328 1539 ,
2359 1481 2412 1527 et
2442 1474 2679 1529 tribulari
2701 1516 2713 1538 ,
2744 1483 2797 1529 et
2823 1475 2887 1529 ad
2917 1484 3214 1532 extremum
3241 1479 3375 1532 mori
3407 1497 3418 1532 :
3451 1495 3533 1534 re-

1952 1564 2209 1618 surrectio
2247 1580 2373 1620 vero
2418 1572 2471 1620 et
2497 1565 2799 1621 clariﬁcatio
2848 1568 3053 1622 Domini
3100 1570 3333 1625 ostendit
3379 1572 3533 1627 nobis

1952 1653 2111 1707 vitam
2138 1671 2293 1724 quam
2325 1658 2589 1726 accepturi
2616 1673 2827 1727 sumus,
2858 1674 2980 1713 cum
3008 1662 3213 1723 venerit
3234 1662 3532 1720 retribuere

1952 1743 2107 1815 digna
2153 1746 2324 1815 dignis
2352 1790 2366 1813 ,
2398 1748 2533 1802 mala
2582 1748 2734 1803 malis
2765 1791 2781 1817 ,
2812 1750 2949 1805 bona
2997 1751 3170 1806 bonis.
3204 1753 3271 1807 Et
3316 1754 3529 1823 quidem

1950 1835 2110 1889 modo
2129 1837 2250 1890 mali
2274 1852 2459 1892 omnes
2479 1848 2694 1894 cantare
2715 1839 2988 1894 nobiscum
3011 1850 3251 1910 possunt,
3269 1842 3490 1897 Alleluia
3515 1862 3533 1899 :

1951 1926 1995 1980 si
2043 1936 2219 1981 autem
2265 1928 2317 1982 in
2365 1929 2563 1983 malitia
2602 1944 2695 1982 sua
2743 1932 3234 1999 perseveraverint,
3267 1935 3531 1990 canticum

1949 2016 2073 2071 vita:
2120 2026 2316 2072 nostrae
2359 2018 2546 2071 futurae
2591 2018 2744 2073 labiis
2794 2019 2976 2075 dicere
3026 2030 3311 2090 poterunt;
3360 2023 3529 2093 ipsam

1950 2122 2079 2163 vero
2114 2108 2273 2161 vitam
2296 2150 2311 2173 ,
2335 2124 2452 2178 qua:
2483 2116 2609 2164 tunc
2636 2112 2736 2163 erit
2783 2110 2835 2163 in
2878 2126 2939 2165 ea
2975 2113 3199 2169 veritate
3227 2129 3343 2185 quae
3390 2132 3532 2172 nunc

1951 2198 2313 2268 signiﬁcatur,
2353 2199 2594 2254 obtinere
2633 2214 2736 2253 non
2782 2211 3033 2269 possunt;
3083 2204 3203 2273 quia
3250 2204 3532 2260 noluerunt

1951 2290 2215 2359 meditari,
2236 2299 2521 2361 antequam
2547 2292 2773 2358 veniret,
2797 2303 2850 2348 et
2879 2301 3059 2349 tenere
3084 2295 3224 2366 quod
3246 2306 3527 2353 venturum

1950 2389 2083 2437 erat.

2019 2472 2073 2525 2.
2115 2472 2263 2529 Nunc
2296 2489 2443 2545 ergo,
2474 2475 2679 2551 fratres,
2709 2476 3049 2533 exhortamur
3090 2493 3183 2535 vos
3210 2487 3266 2535 ut
3299 2479 3527 2539 laudetis

1952 2564 2141 2631 Deum;
2163 2576 2215 2621 et
2242 2566 2343 2622 hoc
2372 2576 2453 2622 est
2480 2568 2618 2637 quod
2650 2570 2801 2625 nobis
2830 2584 3016 2626 omnes
3048 2571 3526 2644 dicimus,quando

1949 2654 2672 2723 dieimus,Alleluia.Laudate
2687 2660 3127 2725 Dominum,dicis
3141 2671 3194 2717 tu
3208 2664 3382 2732 alteri,
3396 2664 3526 2720 dicit

1950 2747 2063 2816 ipse
2100 2747 2189 2802 tibi
2214 2765 2226 2802 :
2252 2764 2370 2805 cum
2414 2766 2472 2806 se
2500 2767 2685 2807 omnes
2709 2754 3086 2824 exhortantur,
3115 2772 3301 2814 omnes
3325 2758 3527 2815 faciunt

1950 2838 2087 2906 quod
2117 2839 2413 2895 hortantur.
2440 2841 2543 2898 Sed
2567 2842 2774 2899 laudate
2794 2844 2861 2900 de
2882 2846 3006 2901 totis
3025 2847 3175 2903 vobis
3197 2850 3235 2915 ¹;
3268 2848 3319 2905 id
3341 2859 3442 2915 est,
3470 2860 3529 2906 ut

1949 2947 2057 2986 non
2081 2932 2190 2986 sola
2208 2932 2382 3003 lingua
2409 2943 2462 2989 et
2486 2951 2586 2989 vox
2615 2945 2789 2991 vestra
2813 2938 2986 2994 laudet
3007 2940 3195 3005 Deum,
3216 2941 3308 2996 sed
3330 2950 3382 2997 et
3399 2957 3527 2998 conv

1948 3022 2167 3077 scientia
2188 3033 2381 3091 vestra,
2405 3026 2507 3080 vita
2526 3035 2719 3094 vestra,
2744 3028 2875 3083 facta
2896 3038 3094 3084 vestra.
3120 3031 3327 3087 Etenim
3347 3032 3529 3087 lauda-

1949 3130 2066 3171 mus
2082 3116 2238 3171 modo
2251 3117 2299 3170 in
2314 3119 2531 3174 ecclesia
2545 3121 2756 3190 quando
2767 3136 3289 3193 congregamur;cum
3304 3126 3525 3195 quisque

1949 3206 2171 3261 discedit
2196 3208 2260 3261 ad
2300 3210 2509 3279 propria
2532 3252 2545 3276 ,
2576 3213 2720 3281 quasi
2751 3221 2926 3268 cessat
2951 3213 3166 3269 laudare
3193 3216 3377 3270 Deum.
3405 3216 3520 3270 Non

1949 3305 2119 3352 cesset
2150 3297 2286 3354 bene
2341 3300 2516 3355 vivere
2540 3342 2553 3366 ,
2578 3310 2633 3355 et
2674 3317 2883 3371 semper
2933 3303 3107 3358 laudat
3163 3305 3349 3359 Deum.
3374 3304 3522 3377 Tunc

1948 3387 2145 3443 desinis
2187 3389 2402 3445 laudare
2444 3392 2608 3445 Deum
2631 3434 2645 3458 ,
2681 3392 2891 3461 quando
2930 3408 2959 3447 a
2989 3393 3186 3463 justitia
3212 3433 3226 3457 ,
3249 3402 3303 3449 et
3343 3390 3425 3450 ab'
3455 3412 3521 3451 eo

1947 3478 2086 3547 quod
2109 3479 2181 3533 illi
2207 3480 2395 3549 placet,
2420 3481 2673 3537 declinas.
2702 3483 2831 3537 Nam
2851 3484 2894 3537 si
2922 3498 2950 3536 a
2972 3485 3076 3538 vita
3097 3484 3232 3540 bona
3251 3502 3520 3556 nunquam

1947 3568 2209 3636 declines;
2243 3570 2419 3639 lTngua
2450 3582 2537 3627 tua
2569 3581 2703 3628 tacet
2729 3615 2743 3638 ,
2771 3577 2876 3627 vita
2906 3582 2991 3628 tua
3019 3574 3215 3630 clamat
3242 3593 3255 3641 ;
3284 3586 3334 3631 et
3364 3593 3521 3633 aures

1948 3660 2044 3715 Dei
2088 3661 2151 3715 ad
2192 3677 2286 3717 cor
2328 3673 2491 3717 tuum.
2521 3663 2796 3731 Quomodo
2840 3666 2980 3719 enim
3021 3681 3176 3720 aures
3218 3674 3414 3722 nostra:
3452 3668 3519 3723 ad

1945 3767 2104 3808 voces
2132 3762 2340 3808 nostras
2361 3796 2374 3819 ,
2406 3756 2481 3808 sic
2507 3770 2663 3808 aures
2692 3755 2781 3809 Dei
2812 3754 2876 3808 ad
2910 3755 3257 3824 cogitationes
3288 3765 3515 3811 nostras.

1943 3844 2056 3897 Non
2086 3853 2257 3911 potest
2277 3853 2449 3897 autem
2481 3843 2593 3897 ﬁeri
2626 3843 2887 3898 uthabcat
2908 3843 3041 3898 mala
3066 3843 3220 3908 facta,
3245 3845 3335 3915 qui
3356 3844 3517 3901 habet

1943 3934 2108 3988 bonas
2138 3935 2502 4003 cogitationes.
2535 3935 2691 3989 Facta
2721 3935 2860 3989 enim
2891 3935 2958 3989 de
2985 3936 3300 4005 cogitatione
3327 3951 3516 4006 proce-

1942 4024 2073 4079 dunt
2097 4042 2110 4089 ;
2142 4039 2239 4079 nec
2265 4026 2537 4094 quisquam
2566 4032 2740 4094 potest
2762 4025 2957 4094 aliquid
2988 4025 3182 4091 facere,
3212 4035 3303 4081 aut
3330 4026 3396 4081 ad
3418 4027 3518 4082 ali-

1941 4117 2064 4188 quid
2094 4116 2386 4170 faeiendnm
2414 4117 2648 4170 membra
2681 4130 2896 4171 movere
2916 4158 2929 4181 ,
2954 4116 3055 4170 nisi
3085 4117 3256 4186 primo
3287 4132 3515 4187 praeces-

1941 4210 2069 4263 serit
2090 4208 2258 4277 jussio
2278 4207 2608 4277 cogitationis
2632 4226 2644 4260 :
2666 4207 2932 4277 quomodo
2952 4206 3019 4262 de
3041 4207 3275 4263 interiori
3296 4209 3512 4278 palatio,

1941 4298 2427 4369 quidquidjusserit
2452 4299 2759 4367 Imperator,
2790 4312 2884 4367 per
2906 4298 3186 4366 imperium
3213 4299 3511 4354 Romanum

1940 4399 2182 4455 emanat,
2205 4389 2455 4460 quidquid
2482 4389 2670 4444 videtis
2695 4389 2774 4458 agi
2809 4404 2901 4457 per
2930 4389 3247 4458 provincias.
3276 4388 3515 4457 Quantus

1938 4491 2113 4536 motus
2140 4480 2196 4535 ﬁt
2223 4480 2287 4534 ad
2320 4495 2475 4534 unam
2494 4480 2787 4549 jussionem
2810 4479 3147 4550 Imperatoris
3168 4480 3307 4536 intus
3326 4481 3517 4537 seden-

1940 4571 2049 4626 tis?
2076 4570 2245 4625 Movet
2274 4571 2442 4624 solum
2472 4570 2558 4624 ille
2586 4570 2721 4625 labia
2747 4612 2760 4634 ,
2789 4584 2908 4624 cum
2938 4569 3207 4639 loquitur;
3238 4580 3292 4625 et
3330 4586 3515 4625 move-

1894 4708 1895 4711 η
1942 4671 2025 4717 tur
2053 4662 2225 4717 omnis
2255 4661 2520 4730 provincia
2548 4701 2562 4725 ,
2585 4675 2704 4715 cum
2732 4661 2789 4714 ﬁt
2816 4660 2955 4730 quod
2979 4661 3228 4728 loquitur.
3262 4660 3350 4714 Sic
3379 4669 3431 4715 et
3462 4662 3513 4714 in

1939 4770 2254 4825 unoquoque
2304 4754 2575 4808 hominum
2608 4754 2747 4806 intus
2786 4762 2868 4806 est
2912 4753 3202 4820 imperator
3226 4793 3239 4817 ,
3271 4751 3322 4804 in
3353 4752 3514 4806 corde

1938 4848 2087 4903 sedet
2117 4864 2129 4899 :
2158 4847 2201 4900 si
2229 4845 2398 4900 bonus
2423 4846 2557 4899 bona
2578 4844 2745 4913 jubet,
2777 4844 2910 4897 bona
2940 4842 3088 4907 ﬁunt;
3113 4844 3155 4895 si
3187 4843 3357 4897 malus
3378 4844 3514 4897 mala

1934 4939 2104 5009 jubet,
2128 4938 2263 4991 mala
2295 4936 2445 4989 ﬁunt.
2474 4935 2603 4989 Cum
2632 4935 2699 4988 ibi
2727 4933 2874 4987 sedet
2897 4930 3160 4998 Christus,
3185 4935 3309 5004 quid
3343 4944 3517 5004 potest

1933 5030 2141 5099 jubere,
2166 5028 2264 5082 nisi
2294 5027 2472 5081 b0na?
2497 5025 2627 5079 Cum
2651 5024 2884 5092 possidet
2909 5023 3171 5091 diabolus,
3194 5025 3316 5093 quid
3341 5035 3515 5094 potcSt

1934 5120 2121 5187 jubere
2145 5161 2158 5185 ,
2193 5118 2288 5173 nisi
2321 5117 2493 5170 mala?
2520 5115 2575 5168 In
2608 5124 2697 5169 tuo
2724 5123 2899 5169 autem
2928 5115 3149 5170 arbitrio
3181 5116 3319 5170 Deus
3346 5118 3364 5146 ²
3396 5131 3515 5170 esse

1940 5214 2122 5278 voluit,
2145 5213 2225 5266 cui
2254 5227 2407 5281 pares
2434 5211 2605 5263 locum
2624 5251 2636 5273 ,
2675 5210 2812 5274 Deo,
2846 5223 2909 5261 au
2938 5208 3148 5262 diabolo
3174 5228 3185 5262 :
3211 5223 3331 5263 cum
3360 5224 3511 5279 para.

1939 5304 2079 5356 veris
2102 5344 2115 5367 ,
2149 5302 2235 5370 qni
2261 5300 2550 5370 possidebit
2573 5341 2587 5364 ,
2616 5299 2727 5368 ipse
2755 5298 3052 5367 imperabit.
3079 5298 3215 5368 Ergo
3236 5342 3250 5364 ,
3278 5299 3468 5354 fratres
3495 5342 3510 5365 ,

1940 5410 2045 5447 non
2076 5400 2274 5445 tantum
2305 5390 2367 5443 ad
2394 5404 2581 5443 sonum
2605 5387 2862 5442 attendite
2890 5406 2901 5438 :
2927 5403 3046 5441 cum
3070 5389 3295 5443 laudatis
3322 5390 3506 5450 Deum,

1943 5486 2039 5540 toti
2078 5482 2321 5549 laudate;
2354 5490 2530 5537 cantet
2553 5495 2655 5535 vox
2681 5519 2695 5547 ,
2725 5487 2901 5533 cantet
2930 5480 3031 5533 vita
3058 5520 3073 5545 ,
3101 5490 3311 5534 cantent
3353 5481 3507 5532 facta.

2007 5647 2021 5676 ί
2048 5645 2119 5692 sic
2155 5649 2261 5690 Mss.
2295 5648 2348 5690 At
2387 5649 2482 5687 Am.
2518 5646 2574 5701 et
2608 5646 2736 5701 Lov_.:
2774 5638 2864 5701 Sed
2899 5637 3090 5701 laudate
3129 5633 3235 5701 totis
3281 5632 3411 5691 rotis,
3458 5632 3511 5681 id

1944 5711 2029 5763 est,
2058 5712 2153 5775 etc.
2178 5711 2269 5751 Er.:
2295 5701 2383 5751 sed
2410 5700 2607 5775 mactate
2627 5698 2733 5775 totis
2753 5696 2884 5775 cotis,
2911 5695 3097 5775 devotis
3109 5694 3263 5775 foliis,
3291 5700 3384 5742 etc.

2012 5758 2031 5798 ί
2056 5765 2185 5826 Edd.,
2211 5770 2254 5814 te
2273 5775 2371 5813 esse
2396 5760 2552 5811 voluit.
2580 5758 2825 5817 Particula,
2863 5765 2923 5815 te,
2949 5760 3081 5804 abest
3108 5768 3133 5803 a
3156 5761 3263 5802 Mss.
