4084 6442
645 418 783 478 1959

642 537 756 593 Etsi
786 539 867 590 est
894 529 1067 585 adhuc
1090 526 1317 597 gemitus
1339 563 1352 588 ,
1380 520 1648 576 tribulatio
1673 561 1686 583 ,
1720 517 1942 572 tentatio
1967 531 1982 580 ;
2012 520 2221 585 sperate

641 627 924 683 transitura
969 618 1146 676 omnia
1172 658 1187 684 ,
1215 626 1269 672 et
1308 614 1457 670 illum
1486 620 1765 667 venturum
1797 608 1937 663 diem
1979 620 2085 676 quo
2110 605 2223 660 sine

639 717 849 775 defectu
900 712 1257 768 laudabimus.
1311 708 1452 763 Ecce
1498 706 1599 761 iste
1651 703 1925 774 psalmus,
1971 700 2222 770 quoniam

639 804 951 861 manifestus
991 811 1071 857 est
1094 844 1109 868 ,
1143 798 1438 857 currendus
1467 804 1548 852 est
1577 794 1750 850 nobis.
1783 791 2058 848 Distribuit
2082 789 2221 843 enim

638 898 942 952 universam
969 902 1271 949 creaturam
1302 890 1610 945 laudantem
1639 888 1805 943 Deum
1830 926 1844 952 ,
1877 894 1931 940 et
1974 894 2222 952 tanquam

636 989 885 1044 hortatur
911 995 967 1041 ut
993 984 1193 1048 laudet,
1222 982 1372 1053 quasi
1402 979 1666 1035 invenerit
1692 984 1974 1031 tacentem.

711 1083 764 1137 5.
815 1079 1045 1134 Laudate
1070 1077 1346 1131 Dominum
1373 1075 1435 1128 de
1462 1073 1617 1127 caelis.
1650 1070 1810 1137 Quasi
1851 1066 2112 1123 invenerit
2141 1074 2221 1120 ta-

638 1183 822 1230 centes
847 1173 897 1227 in
921 1170 1072 1227 coelis
1092 1168 1301 1223 laudem
1326 1165 1558 1231 Domini,
1590 1162 1900 1217 exhortatur
1926 1166 1983 1212 ut
2008 1164 2225 1226 surgant

638 1275 692 1321 et
719 1263 953 1319 laudent.
997 1260 1279 1330 Nunquam
1322 1256 1558 1311 coelestia
1588 1253 1771 1307 laudes
1809 1249 2113 1306 Conditoris
2142 1246 2221 1301 sui

639 1363 950 1421 tacuerunt,
978 1366 1247 1422 nunquam
1284 1347 1553 1403 terrestria
1584 1346 1751 1400 Deum
1790 1341 2007 1397 laudare
2045 1354 2223 1395 cessa-

637 1460 783 1507 runt.
824 1447 929 1504 Sed
965 1447 1121 1516 plane
1162 1452 1288 1498 sunt
1330 1439 1572 1511 quaedam
1603 1452 1717 1507 qure
1748 1435 1947 1489 habent
1977 1432 2221 1501 spiritum

636 1539 887 1596 laudandi
916 1538 1084 1593 Deum
1113 1536 1164 1589 in
1192 1549 1255 1589 eo
1281 1531 1471 1587 aﬂ‘ectu
1502 1543 1604 1599 quo
1625 1528 1702 1583 eis
1726 1526 1898 1596 placet
1930 1524 2087 1577 Deus.
2119 1520 2221 1576 Ne-

634 1648 727 1689 mo
749 1633 892 1688 enim
914 1630 1125 1694 laudat,
1157 1628 1261 1681 nisi
1288 1623 1427 1696 quod
1458 1623 1507 1678 ei
1536 1622 1725 1691 placet.
1755 1618 1890 1674 Sunt
1912 1624 2089 1670 autem
2120 1614 2219 1668 alia

637 1740 756 1795 qua:
782 1722 1026 1793 spiritum
1047 1719 1168 1773 vitae
1192 1726 1245 1772 et
1269 1714 1595 1770 intellectum
1619 1709 1685 1765 ad
1706 1707 2026 1763 laudandum
2052 1706 2219 1758 Deum

637 1793 744 1869 non
772 1812 1008 1877 habent,
1038 1808 1131 1864 sed
1161 1806 1283 1877 quia
1304 1816 1356 1859 et
1379 1806 1488 1873 ipsa
1521 1802 1657 1856 bona
1679 1806 1803 1854 sunt
1828 1838 1842 1862 ,
1871 1807 1924 1851 et
1951 1796 2003 1850 in
2034 1793 2219 1849 ordine

639 1919 737 1960 suo
767 1905 968 1972 integre
992 1897 1246 1969 disposita
1270 1938 1283 1961 ,
1311 1902 1365 1950 et
1389 1893 1455 1947 ad
1487 1888 1931 1962 pulchritudinem
1958 1884 2218 1940 universi-

641 1995 762 2050 tatis
805 1991 1110 2048 referuntur
1134 2030 1148 2055 ,
1173 2001 1331 2057 quam
1372 1982 1607 2039 condidit
1648 1980 1785 2034 Deus
1810 1995 1823 2043 ;
1852 1978 1964 2048 ipsa
2006 1973 2218 2044 quidem

640 2101 736 2155 per
763 2099 823 2140 se
846 2096 977 2137 voce
1000 2094 1094 2135 sua
1118 2088 1169 2133 et
1189 2076 1352 2133 corde
1380 2088 1478 2129 suo
1505 2070 1859 2127 nonvlaudant
1887 2068 2050 2121 Deum
2079 2082 2092 2130 ;
2125 2064 2218 2119 scd

637 2194 757 2235 cum
785 2177 853 2233 ab
875 2172 1285 2243 intelligentibus
1308 2168 1734 2229 considerantur,
1764 2178 1858 2233 per
1888 2162 1997 2229 ipsa
2029 2158 2217 2213 lauda-

636 2273 791 2325 datur
827 2268 997 2332 Deus;
1022 2274 1076 2320 et
1101 2278 1220 2319 cum
1246 2277 1341 2332 per
1366 2261 1481 2330 ipsa
1503 2257 1750 2312 laudatur
1777 2252 1921 2310 Deus
1942 2294 1955 2319 ,
1985 2250 2215 2322 quodam

636 2360 796 2415 modo
839 2368 893 2413 et
936 2357 1049 2427 ipsa
1077 2354 1295 2409 laudant
1332 2353 1518 2406 Deum.
1564 2348 1723 2403 Verbi
1763 2346 1931 2416 gratia
1956 2386 1969 2411 ,
2003 2342 2218 2397 laudant

636 2452 805 2506 Deum
850 2449 902 2503 in
936 2448 1072 2504 caelo
1108 2445 1285 2501 omnia
1330 2457 1449 2512 quae
1488 2439 1681 2494 habent
1713 2436 1956 2507 spiritum
1992 2435 2133 2500 vitm,
2163 2441 2215 2487 et

634 2542 959 2597 intellectum
983 2552 1174 2609 purum
1196 2534 1264 2590 ad
1288 2550 1409 2589 eum
1430 2528 1899 2600 contemplandum
1921 2535 1973 2581 et
2000 2527 2113 2580 sine
2134 2524 2214 2577 fa-

634 2633 793 2688 stidio
822 2639 875 2687 et
900 2631 1108 2686 defectu
1134 2626 1477 2697 diligendum.
1503 2622 1745 2677 Laudant
1768 2630 1944 2674 autem
1970 2619 2132 2672 Deum
2161 2617 2213 2671 in

634 2736 774 2782 terra
813 2739 908 2794 per
946 2722 1270 2777 intellectum
1309 2714 1646 2773 discernendi
1674 2714 1871 2769 bonum
1897 2719 1951 2766 et
1978 2711 2171 2763 malum
2196 2751 2209 2775 ,

632 2832 729 2889 per
754 2815 1076 2871 intellectum
1104 2810 1458 2882 cognoscendi
1485 2816 1783 2863 creaturam
1808 2813 1861 2858 et
1883 2804 2209 2864 Creatorem,

632 2906 879 2962 homines
925 2904 1013 2974 qui
1055 2904 1153 2958 ista
1193 2902 1460 2970 cogitant,
1493 2897 1686 2967 quibus
1735 2894 1917 2948 tribuit
1958 2892 2212 2945 Dominus

637 3003 871 3052 mentem
898 2990 1236 3049 discernendi
1263 2989 1392 3055 ista,
1422 2986 1722 3042 delectandi
1756 2993 1912 3052 atque
1941 2980 2208 3035 laudandi.

634 3089 891 3144 Homines
937 3093 1158 3156 possunt
1201 3101 1212 3136 :
1256 3095 1447 3152 pecora
1496 3076 1748 3147 numquid
1799 3075 1996 3129 habent
2026 3072 2209 3141 hujus-

639 3180 785 3237 modi
810 3176 1169 3234 intellectum?
1200 3174 1255 3230 Si
1279 3173 1533 3227 haberent
1560 3168 1858 3237 huiusmodi
1882 3166 2208 3220 intellectum

634 3289 846 3347 pecora,
868 3290 975 3329 non
998 3271 1151 3327 nobis
1172 3270 1369 3325 diceret
1387 3268 1558 3322 Deus:
1586 3263 1758 3317 Nolite
1786 3277 1889 3315 esse
1909 3262 2037 3314 sicut
2057 3274 2210 3328 equus

631 3378 679 3423 et
721 3369 907 3434 mulus,
939 3367 1119 3436 quibus
1161 3380 1262 3417 non
1308 3369 1379 3415 est
1416 3358 1697 3415 intellectus
1725 3353 1897 3424 (Psal.
1944 3368 2104 3416 xxxx,
2130 3351 2206 3420 9).

632 3460 855 3527 Quando
878 3460 1118 3513 hortatur
1141 3472 1237 3511 nos
1261 3463 1318 3509 ut
1345 3469 1450 3509 non
1478 3454 1641 3507 simus
1669 3451 1805 3504 sicut
1828 3461 2020 3519 pecora
2051 3488 2065 3513 ,
2095 3445 2210 3498 sine

632 3549 911 3605 intellectu
932 3589 946 3613 ,
978 3546 1211 3602 ostendit
1248 3545 1403 3599 nobis
1447 3544 1567 3611 quia
1599 3541 1799 3594 homini
1844 3538 2028 3593 tribuit
2058 3535 2211 3590 intel-

633 3643 827 3697 lectum
870 3639 937 3693 ad
967 3636 1287 3693 laudandum
1334 3635 1523 3688 Deum.
1555 3631 1788 3685 Arbores
1832 3628 2086 3697 numquid
2127 3627 2211 3681 vel

632 3735 794 3788 vitam
825 3733 994 3802 ipsam
1026 3730 1242 3795 habent,
1267 3742 1368 3798 qua
1397 3725 1628 3780 sentiant
1656 3722 1793 3778 sicut
1818 3734 2009 3791 pecora
2031 3721 2054 3773 ?
2080 3721 2208 3775 Nam

630 3836 822 3893 pecora
847 3864 862 3888 ,
896 3821 993 3876 etsi
1025 3834 1241 3875 sensum
1271 3816 1577 3871 interiorem
1620 3812 1935 3868 rationalem
1976 3821 2031 3867 et
2059 3826 2209 3867 men-

632 3926 740 3971 tem
783 3913 1161 3982 intelligentem
1206 3919 1363 3978 atque
1407 3907 1798 3962 discernentem
1826 3918 1933 3958 non
1970 3904 2205 3969 habent,

632 4019 791 4077 quam
821 4005 979 4059 homo
1004 4002 1185 4067 habet,
1214 4010 1271 4055 ut
1300 3999 1519 4054 laudent
1548 3998 1714 4051 Deum
1743 4013 1756 4048 :
1795 3995 1992 4050 habent
2035 4002 2210 4049 tamen

631 4099 793 4152 vitam
819 4092 1153 4150 manifestam
1173 4134 1186 4158 ,
1211 4092 1347 4146 sicut
1370 4103 1556 4144 omnes
1586 4086 1830 4141 novimus
1858 4088 1897 4151 ³,
1931 4084 2211 4154 appetendi

633 4189 834 4255 cibum,
864 4187 1014 4242 utilia
1045 4184 1312 4250 sumendi,
1342 4182 1499 4237 noxia
1530 4179 1815 4249 respuendi
1841 4195 1855 4245 ;
1880 4193 2068 4235 sensus
2090 4193 2211 4233 cor-

638 4281 835 4350 poralia
874 4276 1211 4335 discernendi
1237 4293 1250 4341 ;
1280 4276 1449 4330 visum
1493 4274 1558 4327 ad
1598 4272 1808 4327 colores
1837 4312 1853 4337 ,
1884 4270 2117 4326 auditum
2148 4271 2213 4325 ad

636 4387 815 4437 voces,
847 4371 1094 4425 olfactum
1122 4368 1188 4423 ad
1217 4367 1427 4433 odores,
1459 4373 1722 4435 gustatum
1749 4363 1817 4417 ad
1842 4377 2079 4434 sapores,
2103 4377 2216 4415 mo-

636 4475 723 4519 tus
766 4462 851 4517 vel
887 4461 953 4515 ad
980 4460 1277 4529 voIUptates
1300 4475 1315 4521 ;
1341 4456 1425 4511 vel
1450 4471 1479 4509 a
1510 4456 1768 4511 molestiis
1797 4457 1839 4507 ¹.
1870 4452 2217 4523 Intelligimus

637 4558 770 4622 haec,
800 4562 854 4610 et
874 4552 1115 4609 videmus
1139 4557 1261 4604 ante
1289 4548 1472 4603 oculos
1500 4557 1732 4601 nostros.
1758 4545 1873 4600 Non
1904 4545 2100 4600 habent
2128 4559 2215 4598 ra-

639 4649 837 4703 tionem
868 4641 1209 4711 intelligendi;
1232 4639 1326 4695 sed
1353 4637 1547 4692 habent
1573 4637 1814 4706 spiritum
1841 4637 2079 4706 corporis
2105 4636 2219 4688 ani-

638 4740 787 4803 mati,
811 4746 865 4792 et
888 4736 1048 4789 vitam
1079 4731 1411 4787 manifestam
1439 4746 1454 4784 :
1482 4728 1698 4783 arbores
1718 4735 1893 4782 autem
1924 4743 2021 4782 nec
2049 4728 2215 4796 ipsam

612 4904 619 4905 ί
640 4828 856 4891 habent;
880 4835 934 4881 et
952 4834 1129 4879 tamen
1149 4822 1325 4878 omnia
1356 4819 1569 4875 laudant
1596 4820 1783 4873 Deum.
1804 4818 1978 4885 Quare
2005 4817 2219 4873 laudant

620 4905 855 4974 ‘Deum?
884 4916 1016 4984 Quia
1065 4928 1185 4969 cum
1241 4914 1341 4966 ista
1386 4911 1662 4978 videmus,
1716 4918 1770 4964 et
1821 4910 2220 4965 consideramus

640 5010 948 5064 Creatorem
978 5005 1067 5077 qui
1093 5019 1153 5059 ea
1185 5003 1327 5070 fecit,
1355 5003 1421 5057 de
1451 5002 1554 5056 illis
1581 5002 1811 5056 nascitur
1841 5001 1894 5054 in
1924 5000 2076 5054 nobis
2104 5000 2219 5055 laus

643 5100 776 5164 Dei;
803 5107 856 5153 et
898 5111 1016 5152 cum
1047 5096 1280 5164 ipsorum
1312 5093 1736 5148 consideratione
1765 5090 2009 5146 laudatur
2038 5091 2177 5145 Deus
2201 5132 2216 5157 ,

646 5189 826 5243 omnia
857 5188 1074 5242 laudant
1097 5186 1282 5239 Deum.
1315 5183 1488 5253 Coepit
1511 5198 1636 5251 ergo
1666 5183 1765 5238 iste
1803 5182 1870 5237 de
1912 5180 2047 5236 ccelo
2072 5199 2085 5235 :
2110 5180 2219 5235 lau-

645 5280 776 5335 dant
803 5279 977 5333 omnia
1005 5320 1018 5343 ,
1050 5286 1103 5331 et
1127 5276 1286 5340 dicit,
1316 5275 1562 5328 Laudate.
1595 5274 1791 5340 Quare,
1819 5288 1937 5328 cum
1965 5273 2179 5327 laudent
2204 5313 2217 5338 ,

646 5372 793 5436 dicit,
818 5368 1045 5423 Laudate
1060 5370 1084 5421 ?
1102 5368 1232 5435 Quia
1254 5366 1547 5422 delectatus
1568 5366 1715 5420 estin
1739 5380 1803 5419 eo
1822 5364 1963 5434 quod
1985 5363 2217 5427 laudant,

647 5474 700 5521 et
729 5462 922 5536 placuit
950 5461 997 5515 ei
1022 5460 1172 5527 quasi
1202 5459 1486 5531 adjungere
1508 5458 1858 5513 hortationem
1886 5472 2056 5512 suam.
2080 5456 2223 5523 Quo—

650 5556 810 5613 modo
838 5554 882 5609 si
912 5552 1095 5609 venias
1120 5550 1184 5604 ad
1212 5550 1450 5604 homines
1480 5550 1674 5604 bonum
1706 5548 1916 5617 aliquod
1943 5556 2225 5617 operantes

651 5661 771 5701 eum
791 5644 1004 5716 gaudio,
1039 5644 1149 5697 sive
1178 5641 1232 5694 in
1260 5639 1432 5705 vinea,
1467 5639 1576 5694 sive
1601 5639 1653 5693 in
1678 5652 1881 5705 messe,
1912 5638 2025 5693 sive
2046 5638 2098 5691 in
2124 5636 2221 5690 ali-

716 5783 734 5812 ί
761 5790 887 5837 Mss,
914 5780 1057 5829 vitam
1083 5776 1353 5837 (manifesta
1374 5781 1461 5837 est,
1486 5771 1716 5837 novitatis)
1740 5772 2012 5836 appetendi,
2032 5779 2125 5837 etc.

723 5843 745 5871 ’
764 5826 973 5889 Eic’itss.
996 5826 1106 5887 tdd‘.
1134 5826 1313 5895 autem,
1348 5836 1418 5884 rel
1442 5826 1506 5883 (id
1528 5826 2147 5895 molestias'c'ognoscendas.

1885 401 1939 456 S.
1982 394 2346 453 AUGUSTINI
2386 395 2683 452 EPISCOPI

3779 399 3895 457 I950

2333 526 2437 580 qua
2484 510 2832 580 agricultura;
2866 509 3039 580 placet
3078 508 3169 565 tibi
3217 508 3362 579 quod
3408 507 3605 563 faciunt
3634 550 3650 577 ,
3674 518 3726 564 et
3747 511 3889 580 dicis,

2328 604 2508 660 Facite
2527 647 2540 669 ,
2571 605 2710 675 agite
2739 621 2751 658 :
2783 618 2888 658 non
2928 612 2984 658 ut
3013 613 3137 658 tunc
3163 602 3420 672 incipiant
3459 601 3639 657 facere
3664 643 3679 669 ,
3707 607 3890 673 quando

2328 695 2480 760 dicis;
2504 694 2596 750 sed
2622 694 2744 766 quia
2767 695 2939 765 placet
2963 694 3055 749 tibi
3080 692 3222 764 quod
3238 692 3492 749 facientes
3519 694 3804 761 inveneris,
3818 698 3891 751 ad-

2324 790 2503 860 jungis
2531 788 2938 859 gratulationem
2966 798 3020 843 et
3044 786 3471 843 exhortationem
3492 794 3660 840 tuam.
3685 786 3890 843 Dicendo

2329 883 2503 949 enim,
2538 882 2718 938 Facite
2742 924 2757 950 ,
2785 891 2839 938 et
2886 879 3215 937 exhortando
3250 879 3509 935 facientes
3536 920 3553 943 ,
3598 887 3722 934 voto
3760 884 3887 949 quasi

2328 974 2455 1031 facis
2481 990 2600 1029 cum
2624 974 2744 1029 illis.
2778 973 2834 1028 In
2854 974 2950 1029 hac
2971 988 3096 1043 ergo
3114 970 3483 1027 exhortatione
3504 971 3694 1039 plenus
3716 970 3887 1040 Spiritu

2329 1066 2592 1136 Propheta
2614 1065 2741 1121 dicit
2764 1064 2899 1120 haec.

2400 1160 2451 1213 4.
2500 1160 2565 1213 Et
2606 1158 2848 1212 Psalmus
2894 1165 2975 1212 est
3003 1156 3177 1227 Aggwi
3216 1163 3260 1209 et
3289 1153 3562 1213 Zacltaria:
3594 1170 3611 1207 :
3638 1155 3713 1209 sic
3750 1154 3882 1210 habet

2330 1250 2559 1304 titulum.
2594 1248 2680 1304 Isti
2707 1249 2813 1304 duo
2851 1247 3153 1319 prophetae,
3176 1262 3246 1303 eo
3269 1256 3511 1317 tempore
3537 1260 3643 1315 quo
3671 1247 3882 1315 captivus

2328 1340 2556 1410 pepulus
2587 1339 2866 1395 tenebatur
2911 1339 2965 1393 in
2994 1337 3281 1409 Babylonia
3307 1380 3321 1403 ,
3366 1336 3752 1407 prophetabant
3783 1335 3877 1405 jam

2328 1432 2562 1487 futurum
2598 1432 2759 1486 finem
2808 1430 3162 1500 captivitatis,
3209 1437 3268 1483 ut
3307 1437 3703 1483 restauraretur
3724 1428 3879 1483 civitas

2328 1525 2621 1581 Jerusalem
2656 1523 2698 1594 (ι
2729 1522 2907 1577 Eadm:
2935 1539 2968 1576 v
2994 1564 3008 1584 ,
3038 1524 3088 1589 1,
3122 1521 3157 1575 2
3182 1538 3195 1587 ;
3225 1530 3271 1575 et
3300 1537 3351 1575 vt
3376 1562 3390 1587 ,
3423 1521 3514 1587 14)
3542 1561 3557 1587 ,
3610 1535 3724 1589 quae
3761 1519 3878 1573 bello

2327 1617 2608 1673 ceciderat.
2651 1615 3092 1686 Signiﬁcaverunt
3116 1628 3242 1686 ergo
3269 1613 3425 1668 nobis
3453 1613 3506 1666 in
3537 1612 3781 1682 mysterio
3806 1612 3874 1665 vi-

2328 1718 2433 1763 tam
2466 1709 2715 1775 futuram,
2744 1708 2833 1763 ubi
2857 1707 3188 1763 laudabimus
3207 1706 3373 1761 Deum
3400 1711 3527 1774 post
3544 1703 3875 1774 captivitatem

2327 1801 2448 1856 vitae
2495 1801 2812 1870 praesentis;
2872 1799 2960 1853 ubi
3008 1798 3112 1853 erit
3154 1795 3429 1851 innovatio
3484 1794 3711 1850 civitatis
3755 1793 3877 1847 illius

2325 1909 2530 1964 magna:
2557 1893 2851 1951 Jerusalem
2882 1890 3022 1946 unde
3049 1887 3320 1960 peregrini
3344 1886 3703 1956 suspiramus,
3729 1883 3875 1952 capti-

2325 1988 2429 2041 vati
2461 1986 2635 2041 adhuc
2664 1985 2763 2039 sub
2806 1998 2971 2039 onere
3009 1990 3065 2038 et
3100 1980 3310 2036 sarcina
3354 1978 3595 2048 corporis
3628 1976 3875 2038 mortalis;

2325 2078 2467 2133 unde
2496 2077 2668 2132 adhuc
2707 2076 2970 2145 gemimus
3010 2074 3064 2128 in
3105 2071 3567 2142 peregrinatione,
3614 2066 3875 2122 exsultabi-

2323 2185 2445 2225 mus
2468 2178 2645 2225 autem
2674 2169 2726 2223 in
2750 2167 2939 2238 patria.
2986 2164 3087 2232 Qui
3125 2173 3302 2218 autetn
3332 2176 3436 2215 non
3478 2160 3644 2231 gemit
3667 2157 3875 2228 peregri-

2322 2277 2441 2328 nus,
2472 2276 2577 2316 non
2606 2259 2855 2330 gaudebit
2880 2257 3048 2320 civis;
3094 2255 3217 2326 quia
3244 2251 3569 2308 desiderium
3594 2264 3697 2303 non
3734 2255 3805 2302 est
3830 2247 3873 2299 in

2323 2353 2432 2406 illo.
2495 2350 2771 2421 Propheta:
2811 2362 2938 2419 ergo
2978 2346 3067 2401 isti
3110 2343 3279 2399 sancti
3309 2355 3557 2412 magnam
3584 2337 3873 2394 consolatio-

2321 2461 2441 2501 nem
2489 2444 2830 2515 praebuerunt
2880 2448 3005 2495 tunc
3047 2437 3312 2506 captivato
3346 2432 3559 2503 populo
3612 2427 3871 2486 secundum

2320 2552 2535 2593 carnem
2561 2577 2574 2601 ,
2607 2536 2658 2589 id
2698 2542 2779 2589 est
2804 2574 2819 2599 ,
2847 2530 3133 2588 constituto
3164 2528 3216 2581 in
3244 2524 3539 2595 Babylonia
3564 2522 3663 2577 sub
3687 2518 3873 2590 regibus

2321 2629 2647 2701 alienigenis.
2691 2624 3060 2681 Ostendebant
3105 2620 3247 2676 enim
3278 2633 3375 2687 per
3405 2614 3737 2686 pr0phetiam
3759 2654 3773 2678 ,
3808 2609 3875 2663 fu-

2321 2732 2497 2777 turum
2539 2729 2748 2788 tempus
2796 2714 3125 2771 liberationis
3169 2725 3198 2765 a
3237 2708 3545 2779 captivitate
3570 2747 3585 2770 ,
3635 2705 3873 2758 instaura-

2320 2814 2476 2869 tionis
2501 2810 2818 2868 Jerusalem.
2863 2804 2967 2863 Sed
3000 2804 3089 2858 illa
3116 2802 3293 2858 omnia
3325 2800 3379 2853 in
3406 2798 3574 2869 ﬁgura
3604 2802 3741 2866 gesta
3766 2798 3874 2846 sunt

2318 2907 2362 2981 (Ι
2392 2906 2507 2961 Cor.
2542 2920 2577 2958 χ
2605 2946 2618 2970 ,
2645 2903 2698 2974 6)
2725 2919 2740 2969 ;
2783 2901 2979 2956 habent
3005 2897 3281 2953 veritatem
3310 2908 3461 2949 suam
3490 2910 3505 2946 :
3536 2892 3743 2962 figurata
3767 2896 3873 2941 sunt

2318 2977 2369 3052 in
2400 2995 2628 3065 antiquis
2653 3035 2666 3060 ,
2716 2991 2995 3062 praesentia
3037 2987 3389 3044 ostenduntur
3430 2984 3482 3038 in
3522 2982 3693 3037 nobis.
3735 2977 3873 3032 Modo

2317 3102 2445 3158 ergo
2474 3085 2600 3156 quid
2639 3084 2767 3139 dicit
2806 3066 3134 3152 Apostolus?
3188 3070 3443 3145 Quamdiu
3485 3090 3655 3130 sumus
3683 3072 3732 3125 in
3769 3086 3868 3123 caro

2318 3195 2456 3249 pore,
2491 3176 2869 3248 peregrinantur
2893 3190 2925 3226 a
2954 3172 3173 3227 Domino
3200 3169 3267 3241 (Il
3287 3169 3405 3224 Cor.
3436 3185 3469 3223 v
3490 3210 3504 3234 ,
3537 3165 3614 3237 6).
3645 3162 3868 3219 Nondum

2316 3284 2499 3325 sumus
2528 3269 2583 3322 in
2609 3266 2778 3335 patria
2807 3282 2819 3317 :
2852 3263 3065 3334 quando
3093 3263 3291 3316 erimus
3335 3260 3388 3314 in
3421 3257 3629 3328 patria?
3669 3249 3871 3321 Quando

2320 3359 2766 3431 triumphabimus
2793 3357 2999 3412 devicto
3028 3356 3241 3410 inimico
3265 3352 3497 3417 diabolo,
3522 3347 3725 3419 quando
3752 3360 3871 3397 mors

2316 3452 2585 3507 novissima
2622 3451 2827 3503 inimica
2864 3448 3145 3500 destruetur
3175 3452 3330 3496 :tunc
3356 3442 3440 3509 ﬁet
3474 3454 3636 3494 sermo
3660 3438 3739 3506 qui
3761 3434 3871 3489 scri-

2316 3554 2433 3614 ptus
2458 3552 2548 3609 est,
2578 3540 2826 3610 Absorpta
2851 3548 2924 3591 est
2946 3553 3077 3590 mors
3101 3536 3152 3588 in
3180 3534 3459 3588 victoriam.
3494 3528 3590 3583 Ubi
3618 3537 3704 3590 est,
3731 3540 3868 3585 mors,

2316 3634 2564 3689 contentio
2605 3631 2729 3684 tua?
2754 3630 2837 3682 ubi
2862 3638 2932 3682 est
2954 3670 2967 3693 ,
2996 3641 3129 3680 mors
3150 3665 3165 3690 ,
3201 3623 3407 3677 n‘culeus
3437 3630 3551 3673 tuus
3588 3618 3629 3687 (Ι
3656 3616 3764 3671 Cor.
3791 3630 3867 3677 xv,

2316 3725 2409 3793 26,
2443 3725 2531 3792 54,
2562 3724 2694 3793 55)?
2724 3720 2944 3789 Quando
2965 3734 3091 3788 ergo
3115 3716 3257 3771 nulla
3276 3714 3373 3769 erit
3396 3711 3583 3767 mortis
3601 3707 3868 3769 contentio,

2318 3834 2436 3889 qua:
2466 3817 2624 3872 modo
2652 3824 2755 3882 est,
2785 3824 2840 3868 et
2864 3812 2987 3867 facit
3012 3824 3110 3865 nos
3132 3823 3347 3879 gemere
3371 3822 3443 3861 ex
3470 3804 3673 3860 defectu
3695 3810 3744 3857 ct
3770 3815 3869 3853 mu-

2318 3911 2576 3967 tabilitate
2601 3923 2800 3972 rerum,
2833 3922 2897 3961 ex
2930 3904 3211 3973 fragilitate
3236 3900 3411 3955 carnis
3442 3895 3725 3953 humanae?
3749 3892 3869 3948 Con-

2320 4004 2540 4059 tendunt
2585 4001 2857 4055 nobiscum
2904 3994 3140 4067 quotidie
3170 3991 3529 4054 tentationcs,
3570 3984 3871 4043 contendunt

2320 4094 2557 4165 quotidie
2585 4090 2965 4147 delectationes
2990 4104 3002 4139 :
3027 4086 3124 4141 etsi
3154 4100 3259 4138 non
3282 4081 3695 4143 consentiamus,
3714 4086 3869 4130 tamen

2320 4186 2621 4241 molestiam
2655 4183 2905 4253 patimur,
2937 4187 2991 4233 et
3018 4174 3411 4237 contendimus,
3444 4180 3499 4227 et
3526 4182 3764 4239 magnum
3785 4179 3867 4234 pe-

2322 4280 2543 4335 riculum
2572 4286 2653 4333 est
2683 4291 2750 4330 ne
2778 4273 2866 4343 qui
2895 4269 3166 4327 contendit
3192 4268 3470 4330 vincatur;
3514 4263 3559 4317 si
3584 4270 3751 4316 autem
3777 4270 3868 4310 non

2322 4372 2702 4429 consentiendo
2751 4368 3054 4429 vincamus,
3106 4360 3404 4416 molestiam
3453 4366 3631 4411 tamen
3668 4352 3870 4423 patimur

2324 4462 2621 4521 resistendo
2648 4456 3106 4515 delectationibus.
3135 4452 3248 4507 Non
3275 4458 3454 4505 cessat
3479 4490 3494 4514 ,
3523 4456 3577 4502 et
3605 4460 3709 4500 non
3734 4440 3871 4497 mori-

2326 4567 2411 4610 tur
2433 4554 2621 4619 hostis,
2654 4552 2754 4606 nisi
2782 4551 2833 4604 in
2857 4545 3252 4603 resurrectione
3271 4550 3626 4597 mortuorum.
3652 4535 3751 4592 Sed
3769 4546 3871 4602 pra:-

2324 4658 2617 4707 sumamus,
2655 4641 2897 4706 fidamus,
2918 4639 3128 4707 erigunt
3146 4649 3243 4689 nos
3265 4633 3490 4702 Aggzeus
3507 4639 3561 4685 et
3584 4624 3868 4682 Zacharias;

2328 4742 2544 4792 cantant
2572 4732 2799 4786 futuram
2829 4728 3200 4784 liberationem
3232 4733 3490 4777 nostram.
3521 4720 3576 4775 Si
3607 4718 3681 4772 illi
3707 4713 3870 4786 p0pulo

2325 4834 2685 4890 cantaverunt,
2718 4832 2771 4879 et
2791 4822 3061 4890 impletum
3085 4826 3198 4882 est;
3226 4816 3521 4870 christiano
3549 4810 3742 4881 populo
3757 4802 3871 4877 quod

2326 4926 2569 4975 cantatur
2591 4959 2605 4985 ,
2651 4931 2760 4971 non
2804 4911 3149 4982 implebitur?
3196 4905 3380 4962 Securi
3422 4912 3596 4959 estote
3627 4920 3641 4957 :
3670 4909 3873 4955 tantum—

2328 5010 2485 5067 modo
2528 5010 2581 5063 in
2625 5008 2724 5062 ista
2773 5002 3200 5075 peregrinatione
3248 4998 3367 5051 vita:
3410 4993 3679 5065 quomodo
3707 4987 3869 5061 agatis,

2327 5102 2505 5156 videte
2536 5101 2573 5153 ¹.
2604 5098 2720 5152 Non
2762 5095 2911 5149 vobis
2938 5093 3141 5163 placeat
3168 5104 3319 5143 amor
3344 5084 3675 5156 Babyloniae,
3710 5096 3775 5137 ne
3798 5077 3871 5133 ob-
3910 5092 3917 5101 ·

2328 5190 2639 5247 liviscamini
2670 5182 3268 5243 civitatemJerusalem.
3303 5177 3417 5232 Etsi
3443 5189 3641 5246 corpus
3663 5180 3868 5227 vestrum

2328 5286 2501 5340 adhuc
2531 5284 2582 5337 in
2612 5280 2898 5352 Babylonia
2931 5285 3170 5341 tenetur,
3201 5287 3295 5327 cor
3327 5276 3564 5324 vestrum
3592 5266 3659 5320 ad
3687 5264 3872 5320 Jerusa-

2329 5378 2430 5432 lem
2461 5348 2833 5445 prartnittatur.
2867 5366 3070 5423 Laudet
3096 5368 3115 5397 ’
3141 5377 3268 5434 ergo
3304 5369 3415 5417 tota
3443 5365 3689 5415 creatura
3717 5348 3871 5408 Domi-

2329 5482 2453 5522 num
2479 5483 2493 5530 ;
2539 5464 2660 5534 quia
2687 5463 2786 5517 hoc
2815 5461 2885 5515 ibi
2916 5456 3104 5513 facturi
3134 5468 3319 5511 sumus
3340 5494 3354 5519 ,
3384 5450 3525 5522 quod
3557 5448 3642 5503 hic
3672 5453 3872 5516 praamc-

2328 5562 2577 5618 ditamur.

2394 5709 2407 5735 ι
2434 5704 2505 5750 Sic
2526 5707 2631 5748 MSS.
2660 5705 2715 5748 At
2736 5696 2868 5755 Edd,
2888 5706 2980 5744 non
3005 5686 3329 5755 tantummodo
3345 5684 3401 5755 in
3415 5684 3506 5733 ista
3527 5676 3875 5745 pereth

2330 5748 2618 5823 vitm—hujus,
2645 5760 2729 5811 sed
2754 5748 2989 5823 quomodo
3011 5754 3087 5802 hic
3105 5749 3257 5815 agatis
3278 5748 3445 5798 videte.

2398 5830 2417 5859 ¹
2454 5819 2675 5885 Plerique
2698 5819 2827 5878 Mss,
2853 5819 3033 5868 laudat.
