4084 6448
269 378 416 435 19η

348 495 405 549 5.
440 492 672 547 Laudate
690 490 961 545 Dominum
978 489 1039 542 de
1062 487 1232 551 caelis;
1259 486 1460 540 laudate
1484 498 1595 535 eum
1618 480 1670 534 in
1700 475 1853 532 excel-

270 583 369 639 sis.
419 582 601 638 Primo
623 580 690 637 de
715 580 864 636 ctelis
893 579 1022 635 dicit
1046 620 1061 645 ,
1091 586 1275 649 postea
1303 575 1369 630 de
1398 583 1539 629 terra
1574 591 1586 626 :
1618 570 1860 626 laudatur

267 676 423 729 enim
463 673 603 729 Deus
632 672 720 743 qui
743 671 867 727 fecit
895 670 1087 726 coelum
1119 678 1173 724 et
1194 677 1413 723 terram.
1440 663 1692 720 leestia
1718 671 1860 715 tran-

267 765 447 836 quilla
476 770 634 829 sunt,
666 771 852 832 pacata
883 769 1034 825 sunt;
1078 758 1147 815 ibi
1178 772 1391 827 semper
1419 754 1687 826 gaudium,
1715 750 1858 805 nulla

270 873 429 913 mors
457 899 473 923 ,
502 856 643 911 nulla
675 855 935 926 mgritudo
960 895 974 920 ,
1006 851 1151 906 nulla
1182 849 1422 905 molestia
1448 865 1462 912 ;
1495 859 1707 915 semper
1742 843 1859 896 lau-

269 949 411 1023 dant
451 948 618 1002 Deum
648 945 790 1001 beati
821 963 833 998 :
863 958 960 999 nos
982 951 1156 997 autem
1181 940 1353 995 adhuc
1388 939 1570 1010 jusum
1608 950 1790 992 sumus
1818 936 1856 1000 ¹,

266 1040 370 1095 sed
401 1053 523 1092 cum
547 1037 843 1105 cogitamus
884 1032 1149 1104 quomodo
1187 1032 1257 1087 ibi
1296 1031 1543 1086 laudetur
1568 1029 1708 1084 Deus
1730 1070 1743 1093 ,
1767 1041 1861 1081 eor

271 1129 350 1183 ibi
384 1129 673 1184 habeamus
695 1168 709 1192 ,
736 1134 790 1182 et
816 1140 921 1180 non
951 1125 1067 1180 sine
1095 1138 1253 1179 causa
1282 1122 1559 1176 audiamus
1581 1162 1594 1185 ,
1636 1119 1857 1175 Sursum

269 1219 465 1273 corda.
508 1217 768 1273 Levemus
796 1230 889 1271 eor
926 1229 1133 1269 sursum
1159 1255 1173 1278 ,
1208 1226 1275 1268 ne
1306 1218 1572 1282 putrescat
1596 1209 1648 1263 in
1678 1217 1856 1272 terra;

270 1310 534 1380 quoniam
577 1307 750 1376 placet
794 1304 945 1359 nobis
989 1302 1129 1374 quod
1158 1302 1230 1356 ibi
1260 1310 1420 1371 agunt
1453 1298 1664 1368 Angeli.
1706 1296 1859 1352 Modo

272 1414 381 1455 nos
408 1413 545 1469 spe;
591 1405 774 1466 postea
803 1411 898 1461 re,
942 1409 1062 1449 cum
1105 1393 1230 1448 illuc
1272 1390 1593 1447 venerimus.
1637 1388 1863 1441 Luudate

272 1504 409 1560 ergo
438 1505 551 1543 eum
575 1488 626 1541 in
643 1487 868 1541 excelsis.

350 1584 407 1637 6.
441 1581 589 1655 [vers.
621 1578 762 1650 2-5.]
792 1578 1019 1632 Laudute
1046 1594 1160 1631 eum
1185 1590 1354 1631 omnes
1380 1572 1558 1644 Angeli
1581 1574 1709 1643 ejus,
1743 1572 1859 1623 lau-

274 1674 398 1727 date
419 1688 531 1725 eum
563 1687 729 1725 omnes
758 1670 960 1723 virtutes
985 1670 1112 1738 ejus.
1152 1667 1378 1720 Laudate
1407 1682 1517 1719 eum
1541 1664 1618 1719 sol
1646 1673 1691 1717 et
1718 1664 1860 1728 luna,

277 1764 492 1818 laudate
521 1780 631 1818 eum
662 1778 829 1816 omnes
859 1762 1016 1815 stella:
1043 1770 1090 1814 et
1124 1761 1310 1815 lumen.
1357 1758 1589 1811 Laudate
1617 1772 1726 1811 eum
1752 1754 1863 1809 caeli

275 1857 545 1919 calorum,
570 1863 614 1907 et
633 1869 778 1923 aqua?
795 1869 906 1923 qua:
930 1868 1078 1922 super
1103 1852 1251 1906 caelos
1279 1859 1417 1915 sunt,
1448 1849 1655 1903 laudent
1683 1865 1861 1903 nomen

280 1945 514 1999 Domini.
565 1942 787 2011 Quando
833 1942 1068 2011 explicat
1109 1941 1286 1995 omnia
1338 1938 1700 1994 numerando?
1755 1938 1860 1993 Sed

281 2046 466 2090 tamen
490 2035 793 2089 summatim
822 2042 875 2089 et
905 2033 1054 2103 quasi
1086 2032 1263 2085 omnia
1292 2031 1618 2100 perstrinxit,
1651 2039 1703 2084 et
1730 2044 1862 2085 con-

276 2124 443 2180 clusit
471 2124 649 2178 omnia
677 2123 913 2179 crelestia
944 2122 1209 2177 laudantia
1239 2120 1545 2176 Creatorem
1570 2136 1744 2176 suum.

358 2216 411 2269 7.
446 2215 513 2270 Et
552 2215 700 2284 quasi
747 2214 1015 2268 diceretur
1057 2213 1103 2267 ei
1130 2254 1143 2277 ,
1194 2214 1370 2279 Quare
1418 2211 1563 2265 illum
1606 2211 1860 2265 laudant?

276 2307 412 2377 quid
445 2305 519 2361 illi
549 2304 743 2360 debent
763 2346 776 2369 ,
818 2304 943 2375 quid
970 2305 1075 2358 illis
1096 2304 1338 2369 contulit,
1371 2311 1428 2357 ut
1453 2302 1669 2357 laudent
1692 2302 1860 2358 eum?

277 2400 563 2469 sequitur:
593 2396 841 2463 Quoniam
870 2396 975 2467 ipse
1000 2396 1146 2460 dixit,
1177 2403 1220 2449 et
1245 2395 1379 2464 facta
1404 2404 1550 2460 sunt;
1582 2394 1689 2461 ipse
1717 2409 1862 2447 man-

277 2490 457 2554 davit,
488 2497 534 2542 et
580 2496 745 2541 creata
790 2498 925 2540 sunt.
976 2486 1092 2540 Non
1144 2486 1337 2539 mirum
1365 2485 1407 2538 si
1439 2498 1600 2554 opera
1644 2484 1862 2538 laudant

274 2586 647 2649 operatorem,
671 2592 775 2631 non
796 2578 988 2631 mirum
1015 2584 1096 2631 est
1122 2576 1164 2629 si
1184 2576 1318 2629 facta
1344 2574 1561 2629 laudant
1584 2576 1853 2639 factorem,

274 2684 393 2722 non
419 2668 615 2721 mirum
638 2668 680 2721 si
712 2674 955 2721 creatura
987 2664 1167 2719 laudat
1190 2664 1523 2720 Creatorem.
1548 2664 1625 2719 lbi
1647 2665 1861 2721 etChri-

273 2768 399 2813 stus
425 2759 728 2812 nominatus
754 2766 866 2822 est,
914 2764 969 2812 et
996 2757 1144 2827 quasi
1173 2772 1277 2811 non
1321 2755 1619 2811 audivimus
1666 2772 1859 2812 nomen

274 2850 473 2918 ipsius.
522 2848 652 2915 Quis
686 2856 768 2902 est
791 2846 1076 2902 Christus?
1116 2846 1184 2899 In
1213 2847 1460 2918 principio
1482 2856 1588 2900 erat
1621 2844 1854 2912 Verbum,

274 2950 322 2994 et
366 2938 582 2993 Verbum
617 2947 724 2993 erat
768 2938 907 3009 apud
949 2937 1152 3001 Deum,
1194 2947 1239 2991 et
1278 2936 1417 2991 Deus
1450 2947 1555 2991 erat
1596 2936 1859 2991 Verbum:

276 3032 373 3085 hoc
415 3040 521 3085 erat
563 3030 615 3082 in
658 3030 905 3099 principio
941 3028 1079 3098 apud
1109 3027 1290 3081 Deum.
1346 3026 1529 3081 Omnia
1571 3044 1659 3097 per
1694 3028 1861 3098 ipsum

276 3126 419 3194 facta
446 3130 594 3187 sunt,
626 3130 673 3175 et
700 3121 807 3174 sine
829 3121 936 3189 ipso
968 3122 1156 3191 factum
1182 3128 1254 3173 est
1283 3119 1411 3173 nihil
1445 3117 1619 3190 (Joan.
1652 3135 1689 3185 ι,
1722 3120 1858 3186 1-5).

276 3214 383 3269 Per
420 3212 543 3283 quid
588 3212 721 3267 facta
770 3211 938 3268 sunt?
991 3210 1092 3265 Per
1141 3210 1395 3265 Verbum.
1448 3209 1728 3277 Quomodo
1777 3210 1863 3265 hie

274 3303 518 3359 ostendit
555 3304 679 3374 quia
719 3317 816 3373 per
844 3301 1077 3357 Verbum
1106 3301 1241 3355 facta
1274 3302 1430 3355 sunt?
1474 3300 1595 3369 Ipse
1620 3301 1782 3368 dixit,
1815 3309 1861 3354 et

277 3400 421 3468 facta
446 3405 593 3459 sunt;
634 3396 743 3465 ipse
770 3393 1045 3460 mandavit,
1078 3402 1122 3447 et
1149 3403 1316 3446 creata
1358 3401 1495 3447 sunt.
1520 3391 1687 3447 Nemo
1712 3391 1856 3455 dicit,

278 3500 445 3543 nemo
472 3486 705 3548 mandat,
737 3485 837 3538 nisi
869 3483 1052 3539 verbo.

350 3578 409 3633 8.
439 3577 602 3649 [vers.
628 3576 716 3648 ὃς]
756 3575 945 3630 Statuit
986 3591 1045 3628 ea
1081 3576 1134 3628 in
1170 3575 1409 3628 steculum
1447 3583 1493 3629 et
1538 3575 1588 3627 in
1624 3574 1862 3627 sarculum

278 3669 475 3724 sa’culi.
526 3667 712 3722 Omnia
755 3666 988 3720 coelestia
1015 3705 1028 3729 ,
1084 3666 1261 3719 omnia
1301 3666 1574 3736 superiora
1598 3706 1612 3729 ,
1640 3666 1863 3721 virtutes

278 3773 474 3815 omnes
496 3768 652 3828 atque
676 3757 927 3826 Angelos,
952 3756 1216 3811 civitatem
1244 3756 1526 3824 quamdam
1553 3771 1857 3826 supernam,

282 3854 504 3917 bonam,
538 3860 797 3915 sanctam,
824 3851 1031 3905 beatam
1068 3868 1079 3902 :
1113 3849 1251 3902 unde
1280 3849 1527 3917 quoniam
1556 3849 1865 3917 peregrina-

281 3962 441 4011 mur,
488 3944 668 3999 miseri
699 3942 869 3997 adhuc
896 3956 1112 4005 sumus;
1159 3948 1213 3994 et
1249 3953 1355 4009 quo
1380 3938 1636 4002 redituri,
1687 3938 1737 3992 in
1766 3952 1862 4007 spe

282 4037 462 4102 beati;
510 4043 563 4089 et
607 4049 712 4104 quo
742 4048 860 4089 cum
902 4031 1219 4087 redierimus
1245 4072 1257 4094 ,
1292 4030 1343 4083 in
1378 4043 1437 4083 re
1463 4028 1624 4085 beati.
1673 4028 1863 4082 Statuit

281 4145 341 4182 ea
369 4129 422 4181 in
450 4126 688 4182 saeculum
710 4126 822 4179 etin
843 4124 1081 4179 sweulum
1101 4123 1272 4177 saeculi
1303 4138 1329 4195 :~
1345 4129 1651 4193 praeceptum
1676 4121 1861 4189 posuit,

282 4230 463 4274 etnon
508 4216 795 4286 praeteribit.
844 4214 1010 4282 Quale
1053 4222 1375 4282 prarceptum
1422 4210 1623 4280 putatis
1667 4209 1863 4263 habere

283 4310 527 4366 coelestia
553 4318 605 4363 et
632 4308 865 4378 Angelos
888 4306 1146 4362 sanctos?
1186 4305 1343 4375 quale
1367 4312 1687 4373 prmceptum
1719 4302 1863 4357 dedit

283 4403 392 4457 illis
421 4400 597 4455 Deus?
633 4400 797 4468 Quale
817 4441 831 4465 ,
870 4400 969 4453 nisi
998 4407 1053 4453 ut
1078 4398 1294 4452 laudent
1325 4396 1513 4451 illum?
1552 4396 1701 4450 Beati
1731 4410 1864 4464 quo-

283 4509 405 4549 rum
454 4494 554 4547 hoc
582 4502 662 4547 est
693 4495 962 4561 negotium
988 4532 1002 4554 ,
1046 4489 1264 4544 laudare
1307 4490 1497 4544 Deum.
1545 4487 1659 4542 Non
1690 4499 1860 4553 arant,

284 4602 394 4640 non
438 4584 737 4647 seminam,
783 4598 889 4636 non
937 4583 1185 4646 molunt,
1233 4596 1337 4634 non
1383 4587 1659 4648 coquunt:
1702 4593 1863 4647 Opera

282 4676 430 4731 enim
462 4682 581 4728 sunt
614 4674 713 4728 ista
765 4671 1135 4736 necessitatis;
1194 4670 1264 4724 ibi
1309 4668 1601 4724 necessitas
1628 4683 1732 4722 non
1760 4677 1861 4721 est.

282 4768 403 4823 Non
444 4765 717 4831 furantur,
752 4780 859 4818 non
889 4762 1281 4832 deprmdantur,
1328 4775 1432 4814 nou
1456 4758 1861 4814 adulterantur:

284 4873 452 4929 opera
475 4858 618 4911 enim
645 4863 771 4911 sunt
794 4855 891 4909 ista
914 4852 1233 4924 iniquitatis;
1259 4851 1329 4905 ibi
1354 4850 1603 4919 iniquitas
1626 4864 1728 4904 non
1759 4858 1861 4905 est.

285 4949 407 5005 Non
435 4947 684 5019 frangunt
718 4962 906 5017 panem
934 4944 1226 5009 esurienti,
1252 4957 1356 4997 non
1387 4942 1620 4997 vestiunt
1644 4941 1864 5007 nudum,

284 5055 396 5094 non
425 5038 721 5109 suscipiunt
763 5036 1134 5107 peregrinum,
1186 5048 1291 5088 non
1337 5033 1549 5087 visitant
1586 5041 1863 5102 aegrotum,

285 5148 392 5188 non
416 5130 743 5186 concordant
778 5128 1063 5199 litigiosum
1091 5167 1104 5191 ,
1133 5141 1236 5180 non
1264 5125 1529 5194 sepeliunt
1559 5132 1822 5177 mortuum
1849 5142 1861 5176 :

286 5236 452 5291 opera
479 5220 620 5275 enim
652 5228 777 5274 sunt
807 5218 906 5272 ista
936 5213 1312 5270 misericordia:
1339 5231 1353 5279 ;
1382 5213 1452 5266 ibi
1479 5213 1619 5266 nulla
1650 5212 1865 5266 miseria

287 5320 371 5368 est
412 5313 466 5365 in
494 5326 595 5381 qua
622 5310 714 5364 flat
752 5305 1138 5363 misericordia.
1171 5303 1215 5358 Ο
1243 5304 1381 5358 beati
1406 5304 1419 5355 !
1467 5302 1738 5365 Putamus,
1766 5300 1868 5355 eri-

288 5417 409 5458 mus
435 5410 489 5458 et
514 5416 611 5456 nos
637 5402 714 5457 sie
739 5399 762 5453 ?
816 5398 907 5453 Eia
930 5440 944 5464 ,
973 5395 1320 5464 suspiremus,
1349 5392 1415 5446 de
1444 5392 1673 5462 suspirio
1698 5406 1869 5461 gema-

290 5510 430 5549 mus.
477 5493 541 5547 Et
579 5491 706 5561 quid
738 5504 951 5557 sumus,
994 5496 1053 5542 ut
1086 5485 1155 5540 ibi
1182 5483 1391 5538 simus?
1420 5482 1705 5547 Mortales,
1741 5496 1867 5551 pro-

286 5587 414 5656 lecti
444 5627 457 5652 ,
487 5584 678 5655 abiecti
705 5626 717 5651 ,
750 5594 887 5638 terra
918 5590 971 5636 et
999 5580 1153 5635 cinis.
1186 5576 1292 5633 Sed
1322 5576 1407 5645 qui
1436 5574 1678 5645 promisit
1698 5574 1868 5628 omni-

355 5740 370 5769 ¹
399 5737 532 5790 Edd..
556 5736 605 5785 in
634 5736 731 5786 imo
752 5747 928 5784 sumus.
958 5740 1009 5783 Αι
1033 5739 1155 5791 Mss,
1172 5733 1339 5793 jusum
1362 5743 1521 5793 sumus
1548 5743 1562 5779 :
1589 5730 1715 5792 quod
1742 5730 1867 5777 idem

290 5806 445 5849 sonat.
471 5798 640 5849 confer
664 5803 866 5846 Tractat.
892 5794 923 5842 8
943 5796 987 5842 iu
1006 5796 1144 5855 Epist.
1176 5792 1285 5841 toan
1312 5826 1325 5852 ,
1347 5806 1394 5839 n.
1414 5792 1459 5839 Ξ.

1336 362 1724 423 ENARRATIO
1765 362 1829 415 IN
1868 362 2185 417 PSALllUM
2227 362 2495 417 CXLVIII.

3406 364 3542 421 1962

1972 487 2165 548 potens
2206 484 2307 533 est.
2355 476 2410 531 Si
2439 475 2505 530 ad
2534 488 2631 530 nos
2676 473 3044 541 attendamus,
3076 474 3201 544 quid
3232 478 3454 533 sumus?
3499 480 3546 533 si

1970 574 2035 628 ad
2065 572 2236 635 illum,
2266 570 2405 624 Deus
2431 576 2512 623 est
2532 611 2546 635 ,
2578 568 2917 638 omnipotens
2943 576 3042 624 est.
3070 567 3186 624 Non
3209 577 3291 624 est
3314 568 3546 623 facturus

1967 665 2212 735 angelum
2253 677 2316 717 ex
2362 662 2575 717 homine
2602 703 2615 727 ,
2651 661 2739 730 qui
2780 660 2901 716 fecit
2937 662 3205 716 hominem
3246 675 3310 717 ex
3342 662 3546 717 nihilo?

1970 765 2062 811 aut
2086 772 2213 812 vero
2242 741 2336 826 pro
2374 756 2592 809 minimo
2630 753 2790 810 habet
2826 753 2967 809 Deus
2993 753 3287 820 hominem,
3330 764 3549 823 propter

1970 861 2128 915 quem
2178 846 2310 899 mori
2359 844 2524 899 voluit
2574 843 2796 900 Unicum
2847 842 3036 898 suum?
3081 842 3432 897 Attendamus
3477 843 3544 896 ad

1970 936 2221 993 indicium
2262 938 2563 993 dilectionis
2597 938 2634 989 ¹.
2670 937 3043 992 Promissionis
3076 937 3170 991 Dei
3204 936 3333 992 tales
3362 936 3547 990 arrhas

1972 1036 2308 1103 accepimus;
2355 1040 2596 1087 tenemus
2633 1041 2857 1085 mortem
2883 1029 3118 1096 Christi,
3148 1039 3393 1085 tenemus
3422 1046 3544 1083 san-

1968 1124 2180 1194 guinem
2207 1122 2421 1177 Christi.
2472 1121 2601 1188 Quis
2628 1129 2867 1175 mortuus
2909 1120 3028 1175 est?
3061 1119 3277 1175 Unicus.
3310 1119 3413 1173 Pro
3438 1119 3548 1188 qui-

1970 1215 2069 1269 bus
2118 1222 2361 1268 mortuus
2410 1214 2531 1268 est?
2581 1212 2795 1268 Utinam
2843 1226 2939 1281 pro
2986 1211 3170 1277 bonis,
3219 1211 3419 1264 utinam
3453 1225 3545 1279 pro

1967 1307 2144 1377 justis.
2172 1306 2279 1361 Sed
2308 1304 2474 1375 quid?
2512 1303 2715 1358 Etenim
2747 1303 2993 1368 Christus,
3025 1303 3098 1356 ait
3126 1303 3427 1371 Apostolus,
3458 1319 3546 1370 pro

1970 1396 2135 1467 impiis
2166 1406 2390 1450 mortuus
2417 1404 2489 1449 est
2534 1396 2710 1465 (Rom.
2735 1409 2767 1447 ν
2791 1436 2804 1461 ,
2835 1392 2915 1463 6).
2963 1392 3061 1461 Qui
3107 1392 3324 1446 donavit
3374 1392 3549 1459 impiis

1973 1494 2199 1540 mortem
2227 1500 2399 1550 suam,
2450 1483 2575 1553 quid
2607 1493 2785 1537 servat
2821 1482 2998 1551 justis,
3026 1481 3127 1535 nisi
3161 1480 3321 1534 vitam
3353 1481 3548 1534 suam?

1972 1574 2154 1645 Erigat
2177 1589 2304 1645 ergo
2332 1588 2391 1628 se
2421 1574 2647 1627 humana
2678 1570 2932 1642 fragilitas
2953 1613 2967 1637 ,
2997 1585 3101 1625 non
3134 1571 3413 1639 desperet,
3441 1584 3544 1623 non

1972 1682 2029 1723 se
2058 1666 2271 1723 collidat
2295 1708 2308 1733 ,
2338 1681 2442 1720 non
2468 1681 2527 1721 se
2554 1674 2792 1731 avertat,
2826 1679 2930 1718 non
2960 1664 3121 1729 dicat,
3152 1662 3265 1717 Non
3298 1678 3410 1717 ero.
3444 1661 3544 1727 Qui

1971 1760 2249 1830 promisit,
2292 1759 2433 1813 Deus
2466 1765 2548 1813 est
2578 1775 2590 1809 :
2621 1767 2673 1811 ct
2696 1757 2872 1821 venit,
2900 1764 2957 1809 ut
2979 1754 3352 1824 promitteret;
3382 1769 3547 1823 appa-

1971 1855 2078 1910 ruit
2113 1853 2451 1917 bominibus,
2504 1851 2649 1905 venit
2698 1851 2969 1917 suscipere
3013 1855 3239 1901 mortem
3285 1857 3545 1909 nostram,

1972 1946 2287 2017 promittere
2312 1945 2473 1999 vitam
2499 1957 2673 1999 suam.
2716 1940 2878 1996 Venit
2904 1938 2971 1994 ad
3002 1938 3276 2008 regionem
3316 1937 3550 2006 peregri-

1974 2038 2202 2092 nationis
2237 2045 2431 2091 nostrte
2454 2076 2469 2100 ,
2502 2034 2743 2104 accipere
2773 2033 2857 2087 hic
2888 2030 3028 2101 quod
3056 2030 3143 2085 hic
3168 2028 3420 2091 abundat,
3454 2042 3549 2097 op-

1971 2132 2184 2198 probria
2208 2170 2222 2193 ,
2255 2126 2458 2196 ﬂagella
2479 2167 2494 2192 ,
2524 2124 2808 2195 colaphos,
2838 2131 2989 2193 sputa
3020 2123 3071 2176 in
3105 2121 3295 2176 faciem
3317 2162 3331 2186 ,
3361 2129 3550 2175 contu-

1972 2220 2155 2274 melias
2180 2260 2193 2284 ,
2246 2218 2484 2287 spineam
2532 2230 2781 2270 coronam
2804 2257 2817 2280 ,
2861 2214 3265 2283 suspensionem
3297 2212 3347 2265 in
3378 2212 3545 2282 ligno,

1970 2327 2184 2368 crucem
2204 2352 2218 2378 ,
2249 2317 2499 2364 mortem.
2553 2307 2677 2361 llaec
2704 2305 2973 2360 abundant
3000 2306 3053 2358 in
3085 2304 3301 2375 regione
3328 2311 3505 2358 nostra
3532 2319 3545 2367 ;

1971 2404 2035 2458 ad
2065 2403 2185 2457 talia
2210 2399 2528 2457 commercia
2560 2398 2721 2452 venit.
2752 2396 2887 2464 Quid
2921 2396 3005 2451 hic
3030 2394 3209 2461 dedit,
3241 2394 3365 2465 quid
3396 2408 3549 2448 accc-

1969 2496 2087 2566 pit‘?
2112 2492 2265 2549 Dedit
2295 2489 2742 2554 exhortationem,
2775 2487 2921 2542 dedit
2942 2487 3257 2549 doctrinam,
3290 2484 3435 2540 dedit
3464 2500 3549 2539 re-

1968 2588 2277 2643 missionem
2298 2590 2634 2655 peccatorum
2656 2599 2669 2647 ;
2692 2581 2894 2650 accepit
2909 2578 3279 2644 contumelias,
3298 2587 3543 2641 mortem,

1967 2692 2202 2734 crucem.
2222 2676 2408 2731 Attulit
2424 2675 2575 2729 nobis
2590 2674 2655 2729 de
2674 2673 2757 2727 illa
2772 2673 2985 2743 regione
2998 2672 3153 2737 bona,
3188 2681 3239 2726 et
3264 2671 3313 2725 in
3328 2670 3545 2739 regione

1966 2768 2364 2841 nostrapertulit
2378 2765 2787 2820 mala.Promisit
2800 2774 2973 2819 tamen
2988 2764 3139 2818 nobis
3151 2761 3290 2831 quod
3306 2761 3374 2816 ibi
3390 2761 3546 2814 futuri

1968 2862 2132 2915 simus
2150 2858 2287 2914 unde
2306 2848 2448 2913 venit
2467 2876 2480 2923 ;
2512 2865 2566 2912 et
2591 2856 2663 2911 ait
2695 2871 2713 2909 :
2740 2855 2915 2919 Pater,
2934 2854 3044 2908 uolo
3060 2863 3114 2907 ut
3132 2853 3214 2907 ubi
3244 2869 3334 2924 ego
3350 2869 3478 2917 sum,
3499 2862 3547 2906 et

1967 2952 2066 3022 ipsi
2089 2952 2189 3005 sint
2224 2966 2417 3005 mecum
2443 2948 2621 3019 (Joan.
2646 2963 2749 3002 xvu
2772 2988 2786 3013 ,
2816 2946 2933 3017 9.5).
2967 2945 3133 2999 Tanta
3167 2944 3439 3014 praecessit
3464 2943 3547 2997 di-

1968 3043 2161 3099 lectio!
2194 3043 2325 3109 Quia
2349 3041 2434 3096 ubi
2464 3056 2561 3095 nos
2582 3054 2814 3103 eramus,
2838 3038 2937 3093 fuit
2965 3038 3240 3092 nobiscum
3268 3053 3281 3101 ;
3317 3036 3403 3092 ubi
3436 3038 3550 3105 ipse

1968 3142 2070 3199 est,
2101 3134 2299 3188 erimus
2319 3147 2438 3187 cum
2460 3132 2571 3186 illo.
2603 3130 2738 3197 Quid
2767 3130 2859 3183 tibi
2876 3128 3118 3198 promisit
3142 3128 3302 3192 Deus,
3335 3141 3366 3180 ο
3388 3126 3551 3181 homo

1968 3225 2249 3280 mortalis?
2290 3222 2420 3290 Quia
2452 3224 2683 3278 victurus
2712 3236 2769 3277 es
2796 3222 2846 3274 in
2879 3228 3156 3274 aeternum.
3190 3217 3304 3271 Non
3334 3216 3506 3272 credis
3527 3217 3553 3268 7

1967 3316 2162 3383 Crede,
2193 3315 2369 3371 crede.
2416 3315 2543 3369 Plus
2589 3323 2670 3369 est
2703 3312 2811 3381 jam
2842 3310 2982 3381 quod
3016 3309 3141 3364 fecit
3164 3349 3177 3374 ,
3220 3323 3373 3377 quam
3407 3308 3547 3377 quod

1967 3407 2231 3477 promisit.
2262 3404 2396 3471 Quid
2434 3404 2597 3459 fecit?
2644 3403 2879 3457 Mortuus
2912 3409 2992 3455 est
3022 3414 3117 3468 pro
3144 3410 3212 3453 te.
3264 3397 3397 3465 Quid
3426 3412 3548 3466 pro-

1968 3500 2112 3553 misit
2132 3499 2156 3548 ?
2201 3497 2271 3552 Ut
2322 3497 2467 3550 vivas
2521 3510 2640 3549 cum
2699 3494 2809 3548 illo.
2856 3490 3222 3546 lncredibilius
3278 3497 3361 3543 est
3407 3488 3547 3558 quod

1970 3598 2209 3645 mortuus
2232 3598 2311 3643 est
2340 3597 2592 3651 aeternus,
2617 3601 2774 3655 quam
2799 3585 2925 3638 utin
2954 3591 3209 3637 aeternum
3239 3580 3383 3633 vivat
3403 3594 3547 3634 mor-

1970 3681 2109 3736 talis.
2139 3680 2256 3735 Jam
2283 3678 2423 3749 quod
2456 3676 2813 3731 incredibilius
2839 3682 2919 3728 est
2946 3682 3205 3727 tenemus.
3252 3670 3306 3725 Si
3332 3678 3547 3738 propter

1971 3771 2243 3825 hominem
2276 3778 2517 3822 mortuus
2545 3776 2624 3821 cst
2657 3766 2797 3819 Deus
2822 3804 2836 3828 ,
2884 3777 2987 3816 non
3017 3770 3098 3816 est
3127 3762 3359 3814 victurus
3385 3760 3545 3813 homo

1970 3878 2091 3917 cum
2146 3860 2294 3915 Deo?
2338 3874 2443 3913 non
2489 3866 2569 3912 cst
2616 3856 2852 3910 victurus
2896 3852 3136 3907 mortalis
3179 3852 3232 3905 in
3262 3860 3541 3916 :eternum,

1971 3964 2187 4029 propter
2210 3967 2367 4024 quem
2399 3959 2639 4005 mortuus
2668 3958 2749 4003 est
2769 3946 2857 4017 qui
2880 3946 3006 3999 vivit
3036 3945 3086 3998 in
3117 3952 3371 3998 aeternum
3392 3943 3416 3994 ?
3438 3943 3544 3997 Sed

1973 4044 2238 4118 quomodo
2259 4050 2497 4098 mortuus
2514 4048 2594 4095 est
2614 4040 2771 4103 Deus,
2787 4046 2839 4091 et
2854 4035 2992 4090 unde
3013 4042 3251 4088 mortuus
3262 4041 3346 4087 est
3367 4033 3548 4087 Deus?

1974 4146 2027 4193 et
2050 4144 2223 4208 potest
2251 4134 2383 4188 mori
2414 4131 2598 4187 Deus?
2631 4128 2849 4198 Accepit
2874 4143 2940 4182 ex
2972 4134 3044 4192 te,
3073 4124 3215 4179 unde
3244 4131 3544 4179 moreretur

1975 4242 2071 4298 pro
2099 4235 2168 4280 te.
2202 4224 2316 4278 Non
2346 4228 2525 4292 posset
2551 4219 2706 4285 mori,
2730 4218 2830 4271 nisi
2857 4230 3016 4281 caro;
3048 4229 3149 4269 non
3178 4222 3359 4283 posset
3388 4213 3543 4278 mori,

1974 4319 2076 4373 nisi
2105 4316 2327 4372 mortale
2357 4327 2548 4382 corpus
2582 4330 2594 4364 :
2629 4310 2798 4365 induit
2823 4324 2882 4363 se
2910 4308 2997 4362 ubi
3024 4320 3120 4377 pro
3152 4316 3202 4360 te
3229 4312 3547 4368 moreretur,

1976 4410 2161 4466 induet
2191 4417 2240 4463 te
2260 4407 2351 4462 ubi
2376 4421 2495 4461 cum
2526 4404 2615 4459 illo
2638 4404 2802 4457 vivas.
2834 4400 2930 4456 Ubi
2957 4415 3014 4454 se
3042 4399 3211 4454 induit
3240 4407 3411 4453 morte
3434 4399 3457 4450 ?
3490 4398 3545 4451 ln

1973 4500 2270 4569 virginitate
2300 4496 2505 4550 matris.
2553 4492 2653 4549 Ubi
2682 4502 2732 4547 te
2762 4492 2946 4546 induet
2984 4490 3124 4545 vita?
3165 4490 3233 4544 In
3255 4490 3552 4559 aequalitate

1974 4593 2165 4647 Patris.
2210 4589 2383 4657 Elegit
2413 4586 2511 4641 sibi
2544 4584 2629 4639 hic
2657 4585 2946 4639 thalamum
2969 4592 3193 4644 castum,
3219 4580 3308 4633 ubi
3328 4579 3552 4647 conjun-

1974 4690 2189 4753 gerctur
2237 4692 2463 4747 sponsus
2505 4690 2736 4745 sponsze.
2780 4673 3013 4727 Verbum
3063 4684 3187 4724 caro
3230 4669 3424 4722 factum
3468 4676 3550 4720 est

1976 4772 2088 4842 (id.
2122 4788 2158 4836 ι,
2190 4770 2276 4840 Μ)
2306 4811 2319 4835 ,
2369 4777 2423 4823 ut
2454 4768 2605 4823 ﬁeret
2635 4773 2790 4835 caput
2821 4762 3094 4817 Ecelesim.
3142 4759 3373 4814 Verbum
3406 4758 3549 4813 enim

1977 4868 2149 4936 ipsum
2178 4878 2284 4918 non
2309 4870 2390 4917 est
2411 4874 2533 4930 pars
2563 4858 2845 4922 Ecclesiae;
2879 4855 2971 4910 sed
2994 4863 3052 4908 ut
3078 4860 3221 4908 esset
3250 4859 3411 4920 caput
3438 4849 3545 4903 Ee—

1977 4959 2180 5023 clesim,
2232 4969 2444 5010 carnem
2493 4949 2799 5018 assumpsit.
2848 4945 3109 5013 Quiddam
3159 4952 3398 4997 nostrum
3439 4940 3547 5010 jam

1978 5062 2186 5105 sursum
2216 5055 2297 5101 est
2324 5086 2334 5108 ,
2372 5042 2513 5113 quod
2542 5040 2627 5095 hie
2660 5039 2904 5108 accepit,
2937 5036 3028 5091 ubi
3056 5042 3296 5089 mortuus
3324 5041 3426 5096 est,
3459 5031 3550 5084 ubi

1980 5137 2262 5193 cruciﬁxus
2285 5144 2366 5189 est
2390 5152 2402 5187 :
2425 5133 2533 5202 jam
2560 5128 2800 5200 quaedam
2832 5127 3076 5198 primitiae
3122 5134 3225 5178 tua:
3267 5134 3554 5193 praecesse-

1978 5238 2121 5295 runt,
2149 5236 2203 5283 et
2224 5226 2431 5280 dubitas
2452 5224 2574 5292 quia
2595 5228 2871 5276 secuturus
2897 5219 2986 5273 es!

2048 5320 2100 5374 9.
2131 5318 2293 5390 [vers.
2320 5315 2397 5389 7.]
2426 5315 2565 5384 Ergo
2592 5319 2864 5367 convertat
2890 5324 2948 5364 se
2986 5315 3040 5362 et
3069 5308 3135 5360 ad
3163 5314 3367 5360 terrena
3388 5345 3401 5368 ,
3430 5303 3549 5371 quia

1974 5412 2081 5480 jam
2126 5409 2257 5462 dixit
2304 5406 2487 5461 laudes
2529 5403 2846 5459 ctelestium.
2912 5400 3141 5452 Laudate
3186 5396 3455 5450 Dominum
3492 5394 3555 5445 de

1981 5512 2132 5557 terra.
2169 5500 2423 5569 Superius
2448 5498 2590 5551 enim
2613 5494 2753 5549 unde
2781 5494 2985 5563 erepit?
3013 5490 3240 5544 Laudate
3264 5486 3541 5540 Dominum

1982 5593 2043 5645 de
2067 5592 2233 5653 (telis;
2257 5600 2308 5644 et
2334 5587 2597 5643 enarravit
2624 5584 2862 5639 emlestia
2896 5601 2907 5635 :
2933 5581 3087 5635 modo
3112 5578 3233 5632 audi
3255 5573 3546 5630 terrestria.

1982 5724 2057 5833 te!
2085 5725 2153 5771 sic
2176 5728 2279 5768 \tss.
2325 5727 2375 5767 Al.
2412 5716 2543 5775 Edd.,
2584 5712 2848 5765 dilectionis
2880 5719 2922 5761 et
2955 5706 3277 5771 promissionis
3312 5702 3415 5752 Dei.
3462 5710 3546 5751 Ta-

2025 5798 2065 5833 s.
2092 5791 2183 5830 etc.

2025 5798 2065 5845 s,
2092 5791 2183 5830 etc.
