4084 6442
549 411 687 472 ibi?)

544 527 801 582 Dracones
823 531 868 580 et
884 539 1051 578 omnes
1080 520 1267 593 abyssi.
1298 519 1510 589 Abyssi,
1542 516 1927 587 profunditates
1959 529 2125 583 aqua-

542 635 661 674 rum
691 627 813 671 sunt
846 634 856 667 :
889 615 1053 669 maria
1082 612 1280 678 omnla,
1315 610 1587 665 nubilosus
1616 609 1713 663 iste
1740 622 1831 662 aer
1857 607 1923 660 ad
1955 606 2118 675 abys-

542 726 658 763 sum
692 709 936 777 pertinet.
968 705 1066 760 Ubi
1097 705 1265 759 nubes
1287 746 1301 768 ,
1332 703 1419 757 ubi
1448 703 1612 766 venti,
1641 700 1728 754 ubi
1753 706 2119 768 tempestates,

543 800 630 854 ubi
662 798 879 869 pluviae,
911 796 1308 850 coruscationes
1334 790 1361 859 ,⁷
1383 793 1635 855 tonitrua,
1666 790 1975 860 grandines,
2007 788 2117 851 nix,

541 902 595 946 et
638 890 889 961 quidquid
922 889 1035 942 vult
1081 888 1219 942 Deus
1255 886 1369 940 fieri
1415 900 1574 953 super
1603 894 1771 937 terras
1800 883 1866 936 de
1896 883 1998 935 i310
2027 881 2123 934 hu-

545 982 690 1036 mido
736 990 790 1035 et
829 980 1121 1049 caliginoso
1163 993 1287 1031 aere
1312 1018 1327 1042 ,
1377 985 1548 1030 totum
1578 975 1677 1028 hoc
1710 983 1865 1027 terra:
1906 972 2121 1026 nomine

542 1074 863 1145 appellavit,
892 1074 1013 1143 quia
1043 1071 1202 1125 nimis
1236 1071 1251 1100 ¹
1285 1070 1537 1123 mutabile
1566 1078 1645 1120 est
1672 1076 1828 1136 atque
1858 1065 2080 1119 mortale
2107 1083 2119 1118 :

542 1167 644 1221 nisi
672 1166 805 1219 forte
829 1163 1026 1234 putatis
1056 1162 1175 1231 quia
1204 1175 1413 1215 sursum
1437 1160 1568 1228 pluit
1589 1158 1775 1211 stellis.
1809 1155 1996 1209 Omnia
2021 1156 2119 1207 ista

540 1258 629 1311 hic
652 1256 785 1310 ﬁunt
815 1269 978 1324 prope
1006 1252 1073 1307 ad
1102 1261 1318 1306 terram.
1374 1251 1438 1304 Et
1465 1248 1748 1318 aliquando
1791 1256 1914 1302 sunt
1944 1246 2119 1300 homi-

543 1363 639 1402 nes
664 1347 714 1400 in
742 1344 1106 1400 cacuminibus
1132 1344 1410 1406 montium,
1430 1350 1483 1395 et
1510 1340 1678 1395 nubes
1704 1341 1800 1394 sub
1825 1354 1882 1393 se
1915 1339 2117 1399 vident,

542 1449 597 1495 et
620 1439 753 1493 fiunt
778 1439 1088 1508 plerumque
1118 1437 1309 1506 pluvia:
1343 1452 1355 1487 :
1387 1444 1440 1490 ct
1461 1442 1719 1504 apparent
1740 1434 1873 1488 bene
1904 1432 2122 1492 intentis

543 1532 719 1586 omnia
771 1532 903 1593 ista,
952 1545 1071 1599 quae
1106 1527 1415 1597 perturbato
1458 1542 1581 1580 acre
1625 1528 1991 1588 concitantur,
2038 1523 2122 1575 hic

543 1623 657 1677 fleri
682 1622 736 1675 in
764 1621 862 1675 ista
886 1620 1067 1673 mundi
1096 1628 1243 1688 parte
1275 1618 1471 1671 intima.
1503 1618 1787 1686 Pr0pterea
1814 1616 1878 1669 ad
1907 1615 2002 1669 ista
2031 1628 2121 1667 ea-

540 1714 787 1783 liginosa,
816 1712 866 1767 id
894 1711 1061 1767 estad
1090 1712 1228 1765 hunc
1244 1725 1442 1774 acrem,
1470 1718 1716 1777 tanquam
1744 1707 1810 1761 ad
1829 1721 2119 1770 carcerem,

540 1807 823 1861 damnatus
854 1812 935 1859 est
964 1802 1205 1857 diabolus
1230 1844 1243 1866 ,
1273 1802 1340 1855 de
1379 1808 1633 1869 apparatu
1660 1801 1992 1868 superiorum
2022 1801 2122 1850 An-

542 1898 783 1967 gelorum
828 1895 1009 1963 lapsus
1046 1908 1164 1947 cum
1216 1891 1419 1960 angelis
1464 1892 1573 1944 suis
1611 1909 1623 1943 :
1658 1904 1780 1943 nam
1835 1888 2121 1957 Apostolus

541 1990 645 2041 hoc
674 1986 739 2041 de
766 1986 853 2041 illo
876 1984 1003 2039 dicit
1026 2025 1041 2051 ,
1074 1982 1363 2037 Secundum
1392 1982 1671 2051 principem
1700 1980 1959 2050 potestatis
1989 1978 2118 2031 aeris

542 2079 729 2148 Imjus,
770 2077 857 2147 qui
896 2092 1025 2129 nunc
1054 2084 1290 2146 aperatur
1328 2074 1379 2127 in
1415 2073 1535 2141 ﬁliis
1565 2072 1859 2141 diffidentia:
1900 2068 2116 2139 (Ephes.

540 2186 577 2224 tt
600 2211 614 2235 ,
645 2169 723 2239 2).
754 2169 820 2222 Ει
853 2167 985 2221 alius
1020 2164 1292 2235 apostolus
1322 2163 1485 2231 dicit,
1518 2162 1578 2216 Si
1605 2163 1737 2215 enim
1767 2161 1899 2214 Deus
1926 2160 2120 2231 angelis

541 2261 857 2330 peccantibus
882 2275 980 2312 non
1010 2258 1247 2326 pepercit,
1266 2254 1353 2308 sed
1370 2254 1650 2308 carceribus
1672 2254 1902 2323 caliginis
1932 2253 2121 2322 inferni

538 2353 820 2415 retrudens,
845 2350 1050 2403 tradidit
1067 2350 1116 2401 in
1133 2348 1255 2417 judi
1266 2347 1333 2399 :io
1352 2345 1631 2416 puniendos
1663 2346 1851 2399 servari
1883 2344 1945 2415 (11
1972 2343 2113 2397 Petr.

539 2462 596 2509 ιι,
624 2444 678 2513 4)
713 2463 724 2496 :
761 2443 1025 2497 infernum
1055 2442 1154 2494 hoc
1181 2441 1453 2510 appellans
1479 2479 1493 2504 ,
1544 2437 1687 2507 quod
1730 2436 1949 2491 inferior
1993 2452 2117 2506 pars

538 2536 721 2591 mundi
746 2539 833 2590 sit.
880 2534 998 2589 Noli
1026 2532 1166 2587 enim
1194 2533 1428 2601 cogitare
1455 2530 1579 2602 quid
1615 2530 1818 2601 accepit
1854 2529 2114 2593 diabolus,

538 2629 631 2683 sed
657 2626 779 2699 quid
808 2625 1054 2696 perdidit.
1086 2623 1272 2679 Omnia
1294 2638 1421 2693 ergo
1449 2624 1546 2677 ista
1569 2623 1758 2677 videtis
1774 2621 1947 2692 qualia
1973 2628 2115 2686 sunt,

539 2719 807 2774 mutabilia
833 2759 846 2782 ,
892 2716 1096 2771 turbata
1120 2758 1133 2782 ,
1168 2714 1458 2779 terribilia,
1497 2712 1859 2782 eorruptibilia
1894 2730 1905 2764 :
1939 2721 2115 2766 tamen

539 2812 734 2867 habent
758 2811 931 2864 locum
960 2822 1113 2862 suum
1135 2849 1147 2869 ,
1181 2807 1381 2861 habent
1410 2806 1653 2861 ordinem
1683 2820 1859 2871 suum,
1886 2806 2117 2874 implent

538 2914 592 2957 ct
636 2902 745 2971 ipsa
788 2900 1018 2955 universi
1067 2898 1515 2969 pulchritudinem
1561 2913 1656 2968 pro
1684 2897 1856 2953 modo
1886 2912 2022 2963 suo,
2065 2905 2119 2951 et

537 2993 657 3048 ideo
688 2992 901 3047 laudant
928 2991 1231 3044 Dominum.
1278 2990 1582 3045 Conversus
1607 3003 1734 3058 ergo
1764 2988 1830 3042 ad
1854 2988 1963 3054 illa,
1996 2995 2115 3041 tan-

536 3100 695 3155 quam
721 3083 1009 3138 cxhortans
1031 3091 1083 3137 et
1102 3082 1211 3151 ipsa
1235 3098 1249 3146 ;
1282 3081 1387 3135 imo
1405 3079 1693 3136 exhortans
1710 3094 1827 3147 nos,
1851 3088 1910 3135 ut
1930 3094 2115 3133 eorum

536 3174 961 3231 consideratione
985 3172 1264 3226 laudemus
1292 3171 1576 3225 Dominum
1605 3170 1703 3244 (sic
1724 3170 1866 3225 enim
1898 3168 2115 3223 laudant

536 3267 702 3321 Deum
725 3306 738 3329 ,
767 3280 887 3319 cum
926 3262 1260 3317 considerata
1294 3262 1505 3331 pariunt
1533 3261 1745 3316 laudem
1773 3261 1923 3329 Dei),
1955 3260 2117 3330 coepit

536 3356 743 3420 dicere,
782 3354 1007 3407 Laudate
1034 3353 1308 3407 Dominum
1332 3354 1393 3406 de
1421 3362 1576 3420 terra,
1605 3353 1848 3407 dracones
1876 3361 1922 3407 et
1948 3368 2118 3405 omnes

538 3447 727 3515 abyssi.
770 3444 1039 3497 Dracones
1066 3444 1205 3498 circa
1236 3458 1427 3513 aquam
1457 3451 1737 3498 versantur
1761 3485 1775 3510 ,
1802 3441 1869 3497 de
1898 3443 2117 3511 spelun-

538 3540 616 3591 cis
655 3534 950 3605 procedunt
974 3574 987 3598 ,
1022 3534 1265 3588 feruntur
1293 3535 1345 3587 in
1380 3549 1506 3589 aera
1534 3552 1548 3599 ;
1576 3534 1871 3589 concitatur
1900 3543 2117 3603 propter

536 3645 630 3686 eos
658 3643 749 3682 aer
780 3644 793 3681 :
821 3641 1011 3696 magna
1052 3625 1293 3694 quaedam
1346 3634 1469 3679 sunt
1507 3624 1793 3677 animantia
1831 3625 2115 3688 dracones,

536 3720 739 3791 majora
761 3734 868 3773 non
897 3726 1020 3773 sunt
1046 3732 1205 3787 super
1237 3724 1453 3772 terram.
1483 3715 1769 3786 Propterea
1798 3714 1921 3770 inde
1950 3716 2118 3785 coepit

538 3812 751 3877 dicere,
804 3810 1063 3865 Dracones
1101 3820 1146 3863 et
1172 3826 1344 3864 omnes
1372 3809 1559 3879 abyssi.
1609 3809 1745 3864 Sunt
1784 3816 1961 3863 autem
1992 3823 2116 3877 spe-

535 3907 708 3961 lunca:
754 3919 1013 3971 aquarum
1056 3903 1334 3958 latentium
1362 3944 1375 3967 ,
1418 3901 1557 3957 unde
1584 3901 1792 3967 fontes,
1846 3901 1985 3957 unde
2013 3902 2113 3956 llu-

537 3998 680 4051 mina
710 3993 1048 4065 procedunt;
1086 4002 1140 4048 et
1175 3994 1278 4047 alia
1304 3993 1632 4063 procedunt,
1686 4002 1740 4048 ut
1768 3991 1934 4046 ﬂuant
1956 4006 2118 4062 super

536 4098 753 4153 terram,
785 4087 886 4141 alia
904 4087 1109 4141 occulte
1129 4085 1310 4141 subter
1332 4094 1459 4140 eunt
1490 4103 1501 4137 :
1533 4093 1585 4140 et
1614 4093 1779 4139 totum
1811 4084 1934 4151 hoc,
1959 4094 2117 4153 atque

539 4182 715 4235 omnis
742 4179 842 4232 ista
869 4176 1082 4231 humida
1107 4186 1293 4231 natura
1321 4192 1577 4247 aquarum
1601 4218 1616 4244 ,
1650 4178 1808 4231 simul
1840 4190 1961 4231 cum
1986 4176 2118 4229 mari

539 4281 594 4326 et
623 4272 728 4325 isto
752 4270 933 4323 intimo
963 4284 1107 4335 aere,
1140 4269 1366 4339 abyssus
1394 4269 1474 4323 vel
1506 4268 1685 4339 abyssi
1714 4278 1995 4334 vocantur,
2030 4266 2117 4322 ubi

538 4364 724 4417 vivunt
750 4361 1009 4416 dracones
1047 4370 1099 4415 et
1142 4362 1361 4416 laudant
1404 4362 1588 4417 Deum.
1644 4362 1821 4429 Quid?
1867 4370 2117 4432 putamus

540 4455 662 4524 quia
692 4453 886 4507 choros
907 4453 1107 4506 faciunt
1128 4453 1387 4509 dracones
1411 4497 1424 4519 ,
1461 4463 1516 4509 et
1542 4454 1759 4509 laudant
1781 4455 1982 4508 Deum?
2012 4453 2120 4508 Ab-

542 4545 632 4599 sit.
664 4542 771 4599 Sed
799 4557 892 4597 vos
924 4542 1327 4597 considerantes
1354 4543 1651 4611 dracones,
1704 4543 1964 4599 attendite
1987 4544 2119 4598 arti-

542 4635 693 4689 ﬁcem
733 4633 1047 4697 draconum,
1080 4642 1373 4689 creatorem
1406 4634 1731 4697 draconum;
1765 4644 1818 4691 et
1859 4651 1977 4691 cum
2024 4637 2120 4690 mi-

541 4726 732 4781 ramini
777 4726 1067 4789 dracones,
1118 4736 1171 4781 et
1208 4726 1418 4793 dicitis,
1462 4726 1678 4797 Magnus
1715 4728 1857 4783 Deus
1884 4729 1972 4798 qui
2008 4731 2122 4784 haec

541 4819 704 4883 fecit,
755 4818 1013 4873 dracones
1061 4819 1281 4873 laudant
1322 4820 1485 4874 Deum
1527 4820 1593 4875 de
1634 4820 1852 4876 vocibus
1884 4823 2116 4877 vestris:

543 4910 799 4965 Dracones
824 4920 869 4964 et
895 4927 1064 4964 omnes
1089 4910 1272 4980 abyssi.

614 5001 700 5056 10.
745 4998 911 5071 [vers
942 5001 994 5055 8.
1024 5000 1228 5072 ]lgnis,
1265 5004 1478 5073 grando,
1524 5007 1628 5070 nix,
1669 5004 1870 5073 glacies,
1920 5007 2122 5075 spiritus

543 5094 864 5171 tempestatis,
895 5110 1006 5162 qua:
1037 5096 1229 5163 faciunt
1257 5095 1458 5149 verbum
1483 5103 1612 5165 ejus.
1645 5097 1819 5164 Quare
1849 5098 1935 5152 hic
1966 5098 2117 5152 addi-

542 5184 639 5249 dit,
677 5200 788 5252 qua:
819 5184 1013 5253 faciunt
1038 5184 1236 5238 verbum
1267 5188 1419 5255 ejus?
1442 5187 1588 5241 Multi
1625 5189 1771 5242 stulti
1800 5203 1904 5243 non
1938 5190 2121 5244 valen-

543 5285 623 5330 tes
651 5275 996 5344 contemplari
1026 5284 1079 5330 et
1099 5276 1401 5333 discernere
1430 5287 1724 5333 creaturam
1764 5280 1895 5336 locis
1924 5281 2035 5336 suis
2073 5291 2127 5336 ct

540 5368 729 5424 ordine
748 5383 866 5434 suo,
889 5369 986 5423 sub
1007 5378 1136 5424 nutu
1162 5381 1213 5425 et
1227 5372 1375 5441 jussu
1404 5374 1493 5428 Dei
1514 5384 1756 5444 agentem
1780 5386 1952 5433 motus
1975 5392 2125 5441 suos,

540 5460 712 5513 visum
745 5458 951 5513 cstillis
975 5460 1097 5528 quia
1124 5463 1398 5530 superiora
1442 5464 1617 5517 omnia
1661 5465 1800 5520 Deus
1840 5467 2117 5537 gubernat,

542 5550 793 5607 inferiora
806 5564 932 5607 vero
949 5550 1189 5621 despicit,
1211 5554 1409 5623 abjicit,
1424 5555 1639 5623 deserit,
1660 5568 1825 5613 utnec
1841 5571 1988 5616 curet
2003 5563 2121 5628 ista,

542 5656 639 5697 nec
659 5641 937 5710 gubernet,
958 5658 1054 5697 nec
1068 5652 1234 5712 regat;
1250 5644 1341 5700 sed
1357 5647 1565 5701 casibus
1577 5657 1845 5718 regantur,
1860 5652 2126 5722 quomodo

606 5797 842 5870 {sic‘Mss'h
863 5803 926 5870 Ιᾼι
945 5797 1078 5855 Fdd,
1103 5798 1225 5870 quia
1246 5799 1294 5847 in
1324 5798 1449 5849 imis.
1479 5802 1620 5852 Paulo
1645 5817 1663 5866 ι·
1676 5811 1749 5854 ost
1772 5812 1876 5855 Mss.
1906 5806 2127 5870 plerique

552 5855 749 5916 habent,
771 5858 890 5907 vluit
914 5870 1101 5908 sursum
1117 5855 1295 5909 stellas.

1770 402 1825 460 S.
1868 398 2230 459 AUGUSTINI
2274 398 2573 457 EPISCOPI

3684 404 3837 461 1944

2234 524 2474 583 possunt,
2510 530 2611 584 qua
2640 523 2863 584 possunt
2896 532 2905 566 :
2948 523 3001 569 et
3050 525 3265 571 movent
3304 516 3422 571 illos
3443 533 3562 587 quze
3594 520 3610 550 ¹
3640 519 3839 575 dicunt

2233 606 2514 676 aliquando
2536 607 2633 661 sibi
2652 606 2767 676 (sed
2797 623 2899 661 non
2928 607 3104 661 dicant
3125 608 3237 672 tibi,
3259 609 3308 663 id
3326 619 3433 677 est,
3462 627 3530 666 ne
3555 611 3835 667 audiendo

2233 701 2535 754 consentias
2556 700 2766 769 quando
2811 701 2908 753 ista
2940 700 3159 764 dicunt;
3187 702 3496 773 blaSphema
3519 705 3665 759 enim
3702 716 3834 760 sunt

2234 801 2287 846 et
2310 792 2656 847 exsecrabilia
2690 793 2850 861 Deo),
2884 793 2937 846 Si
2967 793 3109 847 Deus
3134 793 3360 863 plueret,
3393 796 3655 866 numquid
3678 798 3837 866 plue-

2236 892 2314 936 ret
2345 884 2396 935 in
2441 884 2629 938 mare?
2653 883 2855 949 Qualis,
2889 884 3152 953 inquiunt,
3203 886 3569 953 providentia?
3613 887 3834 944 Getulia

2234 975 2365 1039 sitit,
2385 983 2436 1028 et
2458 990 2601 1029 mare
2617 976 2954 1044 compluitur.
2986 978 3151 1031 Acute
3177 977 3279 1031 sibi
3300 978 3544 1034 videntur
3568 990 3832 1037 tractare:

2234 1066 2423 1133 quibus
2454 1065 2732 1120 dicendum
2777 1076 2858 1120 est
2900 1066 3017 1130 hoc,
3056 1066 3267 1121 Getulia
3306 1068 3391 1122 vel
3422 1068 3572 1135 sitit;
3602 1080 3682 1136 tu,
3723 1086 3831 1127 nec

2234 1156 2350 1210 sitis
2375 1159 2413 1208 ’.
2442 1157 2643 1210 Bonum
2669 1158 2810 1210 enim
2841 1166 2957 1211 erat
2985 1165 3039 1210 ut
3069 1157 3277 1213 diceres
3306 1160 3417 1214 Deo
3449 1178 3461 1213 :
3491 1161 3679 1215 Anima
3706 1180 3825 1216 mea

2236 1246 2365 1298 velut
2395 1255 2525 1298 terra
2554 1246 2660 1299 sine
2685 1263 2817 1318 aqua
2854 1248 2941 1300 tibi
2984 1248 3000 1315 (
3028 1247 3170 1301 Psal.
3195 1264 3355 1312 exul,
3387 1250 3479 1322 6).
3515 1250 3672 1317 Quod
3716 1253 3827 1307 alio

2235 1337 2350 1390 loco
2378 1336 2797 1405 apertcdicitur:
2826 1338 2994 1392 Sitivit
3026 1338 3111 1391 tibi
3126 1339 3295 1391 anima
3317 1356 3447 1407 mea,
3480 1356 3633 1410 quam
3653 1342 3832 1395 multi-

2237 1429 2428 1496 pliciter
2452 1429 2537 1481 tibi
2566 1438 2609 1481 et
2631 1445 2749 1481 caro
2778 1446 2886 1482 mea
2912 1429 2929 1501 (
2954 1427 3099 1483 Psal.
3134 1446 3258 1494 an,
3278 1431 3371 1501 2).
3398 1432 3463 1485 Et
3484 1432 3747 1488 Dominus
3778 1434 3829 1488 iu

2236 1520 2523 1590 Evangelio
2552 1539 2563 1571 :
2594 1521 2736 1574 Beati
2759 1522 2844 1591 qui
2873 1523 3097 1575 esuriant
3125 1533 3169 1576 et
3197 1523 3370 1577 sitiunt
3389 1524 3670 1595 justitiam,
3703 1543 3829 1596 quo-

2235 1613 2369 1665 niam
2410 1612 2507 1681 ipsi
2544 1612 2901 1666 saturabuntur
2941 1611 3152 1685 (Matth.
3183 1630 3235 1678 v,
3271 1614 3349 1683 6).
3392 1613 3494 1670 iste
3528 1617 3676 1671 enim
3722 1618 3829 1686 jam

2234 1711 2499 1757 saturatus
2541 1713 2621 1758 est
2646 1744 2661 1768 ,
2708 1704 2796 1773 qui
2837 1705 2955 1757 talia
2990 1705 3253 1773 disputat;
3300 1706 3451 1776 quasi
3493 1707 3595 1761 sibi
3640 1706 3831 1764 doctus

2234 1795 2461 1860 videtur,
2494 1810 2593 1850 nec
2618 1796 2731 1849 vult
2755 1796 2980 1861 discere,
3012 1797 3130 1851 ideo
3154 1812 3258 1851 non
3296 1798 3426 1851 sitit.
3472 1798 3609 1855 Nam
3636 1801 3687 1855 si
3712 1802 3829 1856 siti-

2234 1900 2333 1955 ret,
2366 1892 2524 1945 vellet
2551 1890 2795 1955 discere;
2826 1900 2878 1945 et
2902 1892 3163 1946 inveniret
3189 1892 3311 1960 quia
3341 1900 3507 1947 totum
3552 1893 3653 1948 Dei
3703 1910 3827 1964 pro-

2236 1982 2465 2036 videntia
2517 1982 2574 2036 tit
2608 1983 2659 2035 in
2699 1992 2875 2046 terra;
2925 1992 2979 2037 et
3026 1983 3309 2039 miraretur
3354 1984 3613 2055 disposita
3665 1989 3828 2043 etiam

2236 2075 2475 2129 membra
2501 2074 2709 2143 pulicis.
2736 2074 2987 2129 Attendat
3011 2075 3259 2131 Charitas
3297 2085 3494 2135 vestra.
3536 2079 3672 2145 Quis
3714 2080 3825 2135 disc

2235 2166 2408 2235 posuit
2446 2164 2688 2220 membra
2717 2165 2902 2234 pulicis
2928 2173 2980 2219 et
3006 2166 3221 2233 culicis,
3240 2175 3294 2235 ut
3320 2168 3550 2222 habeant
3580 2170 3824 2225 ordinem

2232 2269 2384 2311 suum
2407 2299 2420 2322 ,
2452 2256 2683 2311 habeant
2721 2256 2882 2309 vitam
2914 2271 3061 2310 suam
3085 2298 3099 2322 ,
3128 2256 3357 2312 habeant
3384 2268 3584 2312 motum
3626 2260 3827 2313 suum?

2232 2347 2402 2403 Unam
2447 2348 2725 2403 bestiolam
2777 2348 3012 2413 brevem,
3058 2348 3465 2402 minutissimam
3518 2350 3820 2417 considera,

2230 2455 2389 2508 quam
2433 2440 2684 2495 volueris.
2733 2438 2787 2495 Si
2831 2439 3139 2495 consideres
3168 2440 3411 2495 ordinem
3461 2442 3825 2497 membrorum

2232 2530 2396 2599 ipsius
2417 2573 2430 2595 ,
2460 2540 2514 2586 et
2543 2531 2918 2586 animationcm
2956 2531 3073 2585 vita:
3104 2547 3205 2602 qua
3237 2541 3513 2599 movetur;
3554 2542 3615 2588 ut
3646 2550 3744 2604 pro
3770 2550 3824 2590 se

2232 2622 2601 2693 fugitmortem
2631 2623 2728 2693 (a),
2750 2633 2891 2678 amat
2927 2624 3107 2691 vitam,
3141 2627 3340 2696 appetit
3369 2627 3698 2697 voluptates,
3731 2629 3821 2684 de-

2229 2718 2357 2771 vitat
2384 2717 2673 2782 molestias,
2701 2718 2898 2772 exserit
2927 2733 3116 2772 sensus
3132 2718 3395 2785 diversos,
3423 2720 3568 2790 viget
3592 2722 3648 2775 in
3678 2731 3820 2776 motu

2229 2822 2464 2878 congruo
2481 2808 2577 2863 sibi
2604 2811 2617 2864 !
2650 2808 2777 2876 Quis
2798 2809 2944 2864 dedit
2969 2810 3210 2865 aculeum
3235 2811 3411 2877 culici,
3460 2828 3568 2882 quo
3594 2815 3816 2883 sangui-

2230 2916 2349 2955 nem
2381 2902 2568 2969 sugat?
2593 2900 2760 2969 Quam
2792 2903 2964 2956 tenuis
2987 2902 3156 2956 fistula
3181 2911 3262 2957 est
3288 2917 3391 2972 qua
3426 2902 3610 2959 sorbet
3650 2906 3665 2957 Ξ
3697 2904 3821 2973 Quis

2229 2990 2490 3061 disposuit
2521 2992 2804 3061 ista?quis
2844 2992 2966 3047 fecit
3004 2994 3145 3047 ista?
3184 2994 3502 3063 Expavescis
3559 2996 3615 3051 in
3664 2998 3818 3052 mini-

2230 3084 2330 3138 mis
2355 3100 2368 3148 ;
2390 3085 2543 3139 lauda
2585 3100 2852 3155 magnum.
2886 3085 2996 3139 Hoc
3025 3086 3199 3156 itaque
3230 3095 3426 3153 tenete,
3458 3085 3654 3143 fratres
3677 3090 3814 3155 mei;

2231 3188 2389 3229 nemo
2438 3189 2534 3229 vos
2582 3174 2651 3230 de
2700 3175 2802 3230 ﬁde
2834 3176 3090 3243 excutiat,
3145 3186 3199 3230 et
3236 3176 3305 3231 de
3342 3192 3469 3232 sana
3509 3177 3753 3234 doctrina
3777 3180 3815 3231 ³.

2229 3264 2329 3330 Qui
2374 3264 2501 3320 fecit
2548 3266 2599 3319 in
2637 3266 2775 3320 coelo
2825 3267 3091 3335 angelum,
3122 3267 3234 3336 ipse
3269 3266 3396 3323 fecit
3432 3268 3483 3322 in
3521 3278 3668 3324 terra
3704 3286 3815 3325 ver-

2229 3356 2483 3410 miculum
2514 3375 2527 3410 :
2557 3356 2649 3411 sed
2679 3359 2924 3427 angelum
2971 3358 3021 3411 in
3054 3358 3190 3412 ctelo
3215 3374 3311 3427 pro
3346 3358 3676 3415 habitatione
3708 3376 3815 3417 cm-

2230 3447 2372 3511 lesti,
2404 3447 2748 3503 vermiculum
2793 3448 2844 3502 in
2879 3458 3016 3502 terra
3058 3464 3154 3518 pro
3182 3449 3506 3506 habitatione
3553 3452 3814 3508 terrestri.

2228 3540 2492 3610 Numquid
2518 3542 2761 3611 angelum
2792 3542 2913 3596 fecit
2941 3556 3127 3611 repere
3166 3542 3221 3595 in
3251 3557 3425 3607 coeno,
3453 3552 3509 3598 et
3547 3546 3808 3599 vermicu-

2228 3632 2335 3684 lum
2369 3632 2420 3686 in
2463 3633 2638 3686 οωιοῖ
2668 3632 2941 3687 Distribuit
2979 3632 3192 3686 sedibus
3229 3632 3592 3698 habitatores;
3641 3634 3814 3691 incor-

2230 3722 2532 3791 ruptionem
2589 3721 2912 3791 incorruptis
2965 3722 3181 3777 sedibus
3231 3722 3393 3791 dedit,
3448 3728 3809 3795 corruptibilia

2229 3812 2658 3882 corruptibilibns
2707 3812 2856 3867 locis.
2896 3813 3085 3867 Totum
3135 3815 3368 3879 attende,
3429 3824 3601 3870 totum
3638 3817 3809 3871 lauda.

2228 3904 2328 3970 Qui
2354 3918 2478 3973 ergo
2508 3904 2765 3973 disposuit
2796 3904 3031 3958 membra
3064 3906 3361 3974 vermiculi,
3403 3923 3506 3961 non
3552 3909 3813 3979 gubernat

2230 3995 2440 4050 nubes?
2480 3995 2546 4049 Et
2586 4010 2748 4064 quare
2788 3996 2837 4049 in
2871 4011 3017 4050 mare
3064 3998 3230 4066 pluit?
3266 3998 3422 4065 Quasi
3463 4015 3571 4053 non
3614 4001 3722 4055 sint
3762 4001 3812 4055 in

2230 4089 2383 4150 mari,
2418 4104 2535 4158 qurc
2572 4088 2783 4143 alantur
2812 4089 3024 4157 pluvia;
3056 4090 3206 4158 quasi
3232 4106 3339 4144 non
3371 4092 3441 4145 ibi
3467 4092 3591 4147 fecit
3622 4094 3808 4162 pisces,

2230 4180 2379 4248 quasi
2406 4193 2509 4232 non
2539 4177 2609 4232 ibi
2638 4178 2760 4233 fecit
2785 4180 3052 4234 animalia.
3077 4181 3345 4236 Attendite
3383 4183 3654 4251 quomodo
3693 4198 3805 4239 cur-

2231 4279 2356 4323 runt
2382 4269 2553 4339 pisces
2577 4268 2641 4323 ad
2668 4284 2857 4338 aquam
2902 4267 3129 4324 dulcem.
3161 4270 3226 4324 Et
3250 4285 3435 4340 quare,
3466 4271 3657 4340 inquit,
3685 4273 3810 4342 piscn

2230 4363 2385 4432 pluit,
2416 4371 2468 4417 et
2495 4362 2624 4416 mihi
2650 4361 2935 4431 aliquando
2979 4377 3083 4417 non
3120 4362 3290 4433 pluit?
3322 4361 3389 4419 Ut
3424 4364 3628 4434 cogites
3668 4372 3721 4418 te
3760 4364 3809 4417 in

2229 4453 2445 4523 regione
2487 4466 2606 4507 esse
2649 4452 2868 4518 deserti,
2911 4460 2965 4506 et
3004 4455 3053 4506 in
3093 4453 3517 4523 peregrinatione
3548 4454 3714 4517 vitre;
3761 4460 3811 4508 et

2230 4551 2525 4597 amarescat
2567 4542 2657 4597 tibi
2693 4542 2799 4595 vita
2834 4556 3089 4611 praesens,
3136 4551 3193 4595 ut
3238 4542 3466 4597 futuram
3503 4542 3807 4602 desideres:

2231 4642 2321 4686 aut
2359 4642 2415 4686 ut
2439 4632 2745 4702 ﬂagelleris,
2792 4641 2845 4687 et
2879 4632 3206 4702 corripiaris,
3237 4641 3292 4687 et
3333 4633 3638 4703 corrigaris.
3671 4633 3807 4700 Quo.

2230 4723 2388 4777 modo
2414 4732 2590 4778 autem
2616 4723 2883 4777 distribuit
2909 4724 3119 4792 propria
3150 4725 3459 4793 regionum?
3487 4726 3649 4788 Ecce,
3692 4725 3807 4795 quia

2231 4815 2298 4871 de
2326 4815 2535 4870 Getulia
2567 4815 2724 4869 locuti
2752 4830 2954 4878 sumus,
2983 4816 3113 4883 pluit
3140 4816 3225 4870 hic
3246 4832 3408 4886 prope
3460 4819 3604 4873 omni
3650 4831 3804 4879 anno,

2231 4917 2285 4962 et
2314 4907 2456 4961 omni
2479 4921 2619 4961 anno
2640 4904 2729 4960 dat
2751 4905 3070 4960 frumentum
3106 4925 3116 4959 :
3150 4908 3351 4961 servari
3376 4906 3462 4962 hic
3490 4907 3805 4963 frumentum

2232 5014 2337 5053 non
2366 5007 2555 5066 potest,
2579 4999 2686 5052 cito
2710 4998 3101 5066 corrumpitur;
3132 4999 3257 5068 quia
3285 4999 3428 5054 omni
3459 5014 3601 5053 anno
3621 5000 3800 5055 datur:

2235 5088 2328 5152 ibi,
2352 5088 2473 5156 quia
2501 5102 2645 5153 raro,
2667 5096 2719 5140 et
2750 5087 2970 5140 multum
3001 5087 3175 5153 datur,
3210 5098 3263 5142 et
3293 5088 3382 5143 diu
3414 5099 3678 5145 servatur.
3709 5090 3807 5144 Sed

2232 5178 2368 5233 forte
2395 5187 2546 5248 putas
2585 5178 2704 5246 quia
2732 5178 2802 5231 ibi
2827 5177 3024 5233 deserit
3045 5179 3182 5234 Deus
3202 5178 3466 5248 homines,
3495 5191 3583 5235 aut
3605 5196 3708 5235 non
3744 5180 3806 5233 ibi

2235 5242 2525 5324 secundum
2550 5242 2931 5338 iucunditatem
2956 5285 3103 5323 suam
3129 5278 3184 5325 et
3201 5270 3414 5325 laudant
3439 5242 3492 5325 et
3513 5272 3808 5342 gloriﬁcant

2236 5360 2438 5415 Deum?
2471 5334 2825 5430 Apprehende
2863 5361 2985 5416 inde
3018 5360 3285 5429 Getulum,
3329 5377 3465 5431 pone
3508 5334 3644 5416 inter
3690 5334 3845 5431 istasf

2234 5450 2452 5504 arbores
2476 5464 2751 5515 amoenas;
2783 5449 2961 5520 fugere
2988 5450 3111 5505 hinc
3150 5452 3278 5517 vult,
3315 5460 3367 5505 et
3398 5452 3570 5506 redire
3611 5452 3676 5505 ad
3716 5466 3811 5504 nu-

2300 5564 2316 5625 f
2338 5567 2412 5625 Er.
2435 5561 2582 5623 Lugd.
2611 5570 2729 5609 ven.
2751 5570 2801 5611 et
2822 5570 2949 5621 t.ov.,
2976 5561 3087 5625 qui.
3174 5572 3230 5625 at.
3831 5561 3845 5619 ἱ.

2297 5624 2317 5654 ί
2344 5624 2415 5686 sic
2436 5629 2545 5686 Mss.
2562 5630 2614 5671 Al.
2632 5631 2726 5671 Am.
2748 5631 2914 5686 et_Er.,
2936 5623 3118 5673 Cetulia
3141 5624 3257 5686 sitit,
3278 5631 3327 5674 ut
3348 5629 3399 5675 tu
3420 5640 3478 5676 ne
3496 5625 3665 5676 sitires.
3683 5632 3809 5683 ιον..

2235 5683 2420 5733 Cetulia
2442 5682 2559 5741 sitit,
2582 5691 2710 5732 netu
2731 5684 2905 5733 sitires.

2264 5746 2328 5855 1³.
2346 5744 2571 5806 Plerique
2593 5752 2721 5806 Mss,
2756 5759 2891 5795 nemo
2914 5745 3039 5796 vobis
3063 5746 3124 5797 de
3151 5746 3251 5811 ﬁde
3289 5750 3500 5799 excutiat
3531 5762 3695 5801 sanam
3733 5747 3811 5796 do-

2286 5819 2456 5855 rinam.

2238 5819 2456 5856 armum.

2305 5869 2375 5930 (α)
2402 5874 2537 5917 Ferte
2554 5870 2621 5918 sic
2638 5867 2915 5930 legendum,
2942 5883 3035 5931 qua
3050 5877 3259 5922 nunsetur
3280 5885 3364 5924 ver
3378 5887 3446 5931 se.
3473 5873 3586 5931 facit
3601 5876 3796 5921 mortem
