4084 6484
263 451 430 511 1945

260 571 404 624 dam
432 567 705 625 Getuliam
724 567 763 620 ¹.
782 564 1036 620 Omnibus
1061 578 1187 634 ergo
1212 563 1354 618 Deus
1373 563 1523 631 locis,
1546 561 1871 633 regionibus,

262 658 649 728 temporibus,
678 670 773 711 sua
810 670 1033 724 qumque
1074 652 1341 708 distribuit
1387 661 1442 706 et
1484 651 1768 706 ordinavit.
1807 650 1876 703 Et

259 749 513 820 longum
553 738 648 803 est
672 760 1091 801 commemorare
1137 743 1523 813 diligentiorem
1562 741 1871 797 considera-

260 844 493 897 tionem
523 841 759 896 omuium
792 853 990 893 rerum.
1021 837 1150 904 Quis
1183 836 1324 890 illam
1364 835 1630 905 explicat?
1672 824 1875 889 Tamen

258 932 362 1003 qui
411 933 608 987 oculos
637 930 855 993 habent,
896 928 1060 982 multa
1090 927 1160 981 ibi
1196 925 1379 981 vident
1413 943 1426 979 :
1459 940 1577 979 cum
1618 924 1869 989 viderint,

259 1023 539 1092 placent;
590 1017 1063 1088 cumplacueriut,
1100 1015 1410 1081 laudantur,
1464 1029 1571 1068 non
1628 1021 1872 1083 tanquam

256 1114 416 1183 ipsa,
444 1110 541 1167 sed
569 1111 659 1165 ille
685 1110 773 1179 qui
800 1107 923 1164 fecit
952 1126 965 1162 :
995 1108 1063 1162 ita
1084 1105 1261 1160 omnia
1292 1103 1580 1159 laudabunt
1601 1103 1788 1158 Deum.

340 1206 368 1259 1
386 1206 445 1259 1.
493 1204 617 1258 Haec
643 1200 985 1257 considerans
1004 1198 1217 1269 spiritus
1238 1195 1538 1265 PrOpbette,
1564 1209 1682 1248 cum
1711 1192 1875 1247 dixis-

263 1302 379 1360 set,
436 1292 609 1364 Ignis,
659 1290 875 1362 grando,
909 1290 1017 1354 nix,
1064 1286 1268 1357 glacies,
1295 1285 1501 1355 spiritus
1548 1282 1870 1348 tempestatis,

260 1399 398 1455 qua:
453 1382 636 1438 omnia
683 1380 893 1435 turbata
936 1378 1181 1433 videntur
1220 1373 1534 1446 quibusdam
1576 1372 1771 1435 stultis,
1813 1380 1867 1426 et

206 1522 239 1560 Α
260 1474 438 1545 quasi
461 1470 676 1527 casibus
696 1468 907 1540 agitari,
929 1467 1150 1532 addidit,
1174 1466 1300 1531 Qua:
1318 1466 1508 1536 faciunt
1525 1462 1725 1516 verbum
1738 1462 1868 1531 ejus.

260 1566 391 1622 Non
423 1566 523 1620 tibi
553 1579 679 1634 ergo
721 1558 999 1617 videantur
1036 1558 1245 1613 casibus
1286 1557 1508 1622 moveri,
1550 1570 1668 1625 qua:
1706 1554 1868 1608 verbo

259 1658 369 1713 Dei
419 1658 481 1712 in
510 1656 657 1711 omni
700 1662 846 1709 motu
886 1667 982 1707 suo
1013 1650 1339 1706 deserviunt.
1387 1648 1504 1715 Quo
1547 1647 1659 1701 vult
1700 1646 1861 1711 Deus,

261 1751 407 1805 illuc
436 1750 578 1819 ignis
600 1750 643 1815 ’,
674 1747 800 1801 illuc
830 1745 996 1799 fertur
1020 1744 1209 1809 nubes,
1234 1742 1345 1796 sive
1360 1740 1613 1811 pluviam,
1642 1739 1754 1793 sive
1788 1736 1871 1791 ni-

262 1855 425 1903 vcm,
462 1839 577 1893 sive
603 1836 914 1908 grandinem
945 1841 1141 1904 portet.
1168 1832 1235 1886 Et
1263 1845 1426 1901 quare
1447 1827 1728 1898 aliquando
1762 1842 1873 1895 per-

262 1932 492 1986 cutiunt
520 1936 753 1983 montem
781 1926 1016 1991 fulmina,
1044 1934 1098 1979 et
1121 1938 1225 1977 non
1249 1921 1548 1992 percutiunt
1572 1920 1832 1972 latronem
1850 1918 1873 1968 ‘t

268 2024 679 2093 Quodcumque
730 2034 949 2091 possum
988 2016 1166 2071 dicere
1193 2021 1466 2084 procaptu
1494 2010 1687 2066 mentis
1712 2024 1867 2076 meae,

264 2124 541 2187 quantum
607 2115 744 2168 Deus
808 2112 1009 2166 donare
1051 2108 1339 2177 dignatur:
1372 2105 1602 2174 majores
1664 2102 1865 2170 majora

263 2207 552 2272 noverint,
586 2214 640 2260 et
667 2203 894 2273 amplius
938 2200 1266 2270 intelligant;
1311 2205 1365 2252 et
1401 2196 1492 2252 det
1530 2195 1680 2249 vobis
1726 2194 1867 2247 Deus

264 2302 396 2371 plus
426 2313 618 2368 sapere
645 2312 801 2367 quam
828 2295 967 2361 dico,
996 2302 1170 2347 tamen
1192 2305 1311 2345 cum
1342 2286 1709 2358 temperantia,
1756 2285 1872 2339 sine

264 2389 533 2460 superbia
555 2407 567 2442 :
587 2402 801 2458 possum
818 2400 945 2455 ergo
961 2384 982 2415 ³
1019 2398 1114 2453 pro
1135 2380 1348 2435 modulo
1366 2393 1485 2433 meo
1518 2377 1695 2431 dicere
1710 2390 1871 2446 quare

266 2481 588 2551 percutiant
607 2484 863 2542 montem,
892 2484 946 2530 et
966 2489 1070 2529 non
1094 2471 1394 2543 percutiant
1417 2469 1711 2523 latronem:
1749 2465 1871 2535 quia

266 2573 419 2626 forte
464 2568 642 2624 adhuc
666 2567 888 2622 latronis
935 2563 1337 2620 conversionem
1382 2559 1611 2629 quaerit;
1661 2564 1715 2612 et
1751 2555 1872 2610 ideo

266 2662 585 2734 percutitur
617 2675 771 2714 mons
799 2659 888 2728 qui
915 2671 1020 2711 non
1044 2655 1216 2721 timet,
1242 2662 1301 2707 ut
1327 2659 1565 2706 mutetur
1587 2649 1748 2702 homo
1781 2645 1871 2715 qui

271 2754 465 2809 timet.
498 2748 799 2821 Aliquando
824 2758 877 2803 et
899 2756 976 2814 tu,
1004 2761 1122 2801 cum
1150 2744 1246 2799 das
1270 2741 1627 2811 disciplinam,
1675 2746 1870 2792 terram

270 2847 435 2912 feris,
459 2853 522 2900 ut
547 2844 716 2899 infans
736 2847 1075 2912 expavescat.
1099 2838 1167 2892 Et
1189 2833 1471 2905 aliquando
1496 2832 1619 2887 ferit
1643 2839 1696 2886 et
1713 2843 1869 2900 quem

270 2940 395 2995 vult
424 2937 721 2993 hominem.
746 2934 851 2990 Sed
876 2933 1008 2989 dicis
1027 2931 1156 2987 mibi
1180 2947 1194 2983 :
1224 2930 1364 2984 Ecce
1389 2927 1511 2983 ferit
1542 2924 1871 2981 innocentio-

269 3048 392 3089 rem
420 3074 439 3100 ,
468 3038 524 3086 et
559 3029 774 3084 dimittit
816 3025 1229 3083 sceleratiorem.
1277 3021 1393 3076 Noli
1442 3020 1625 3074 mirari
1659 3034 1674 3072 :
1704 3016 1872 3072 unde-

270 3134 519 3190 cumque
561 3132 706 3172 mors
750 3118 838 3187 pio
878 3117 1013 3170 bona
1044 3123 1125 3170 est
1149 3112 1192 3166 ⁸.
1222 3110 1373 3168 Unde
1415 3116 1592 3165 autem
1640 3108 1745 3162 scis
1795 3106 1873 3160 illi

271 3209 642 3275 sceleratiori,
672 3208 716 3263 si
741 3223 799 3262 se
836 3214 1042 3260 mutare
1074 3203 1327 3268 noluerit,
1360 3200 1485 3271 quid
1512 3212 1789 3269 poenarum
1820 3196 1874 3250 in

270 3299 503 3356 occulto
528 3298 809 3354 servetur?
859 3295 1045 3349 Nonne
1081 3293 1299 3349 mallent
1326 3290 1543 3345 fulmine
1572 3287 1783 3344 incendi
1810 3287 1832 3318 ⁸
1855 3328 1869 3353 ,

268 3393 478 3462 quibus
506 3390 559 3444 in
589 3389 692 3444 ﬁne
717 3389 922 3443 dicetur
953 3405 967 3442 :
998 3386 1077 3440 Ite
1097 3387 1148 3440 in
1186 3387 1353 3458 ignem
1381 3394 1623 3439 wternum
1646 3382 1664 3453 (
1684 3380 1869 3435 Matth.

270 3498 411 3546 xxv,
446 3481 512 3535 11
540 3478 765 3550 )?0pus
786 3488 868 3533 est
893 3486 952 3533 ut
979 3478 1233 3533 innocens
1263 3477 1357 3531 sis.
1381 3474 1517 3543 Quid
1545 3473 1731 3530 enim?
1759 3487 1873 3526 ma-

274 3580 391 3634 lum
449 3586 534 3633 est
562 3577 693 3633 mori
733 3576 1026 3646 naufragio,
1072 3585 1126 3629 et
1166 3574 1363 3628 bonum
1394 3580 1475 3626 est
1518 3570 1653 3625 mori
1683 3566 1873 3623 febre?

273 3672 411 3727 Sive
465 3669 608 3736 inde,
652 3669 762 3723 sive
827 3667 949 3722 inde
1007 3666 1284 3731 moriatur,
1340 3678 1520 3733 quer
1573 3660 1744 3732 qualis
1805 3659 1877 3714 sit

274 3762 369 3831 qui
395 3760 659 3823 moritur;
698 3772 801 3827 quo
828 3765 949 3826 post
987 3766 1210 3810 mortem
1250 3755 1423 3807 iturus
1447 3761 1550 3817 est,
1583 3768 1688 3806 non
1735 3748 1875 3804 unde

273 3852 342 3908 de
394 3852 507 3904 vita
574 3850 831 3905 exiturus.
880 3846 1220 3913 Quacumque
1258 3845 1556 3907 occasione,
1601 3842 1723 3894 hinc
1760 3839 1873 3893 exi-

276 3942 387 3995 turi
430 3953 645 4002 sumus,
679 3936 878 4003 Quibus
905 3934 1133 3987 exitibus
1166 3939 1425 4001 martyres
1465 3930 1611 3984 exire
1666 3940 1876 3981 merue-

275 4033 449 4088 runt?
496 4028 748 4099 numquid
806 4026 1079 4090 febribus,
1152 4021 1418 4093 quomodo
1482 4020 1634 4076 multi
1692 4026 1878 4088 optant

280 4134 340 4179 ut
375 4123 533 4178 febre
561 4119 866 4178 solvantur?
896 4118 998 4172 Alii
1026 4131 1129 4170 uno
1155 4116 1259 4170 ictu
1289 4113 1485 4183 gladii,
1513 4112 1600 4166 alii
1642 4110 1872 4181 ignibus,

279 4216 372 4271 alii
398 4214 607 4269 bestiis.
628 4213 697 4267 Et
713 4213 1098 4267 devoraverunt
1115 4206 1295 4263 bestia:
1317 4220 1539 4276 corpora
1561 4209 1875 4274 martyrum,

279 4318 335 4363 et
363 4320 481 4362 non
519 4305 810 4359 timuerunt
838 4318 907 4357 ne
937 4301 1170 4371 perirent
1191 4312 1415 4369 corpora
1460 4298 1717 4366 ipsorum.
1760 4292 1865 4349 Un-

279 4398 451 4468 dique
471 4395 613 4450 enim
641 4394 782 4448 Deus
813 4393 1029 4448 reducet
1051 4405 1275 4461 corpora
1299 4396 1601 4445 sanctorum
1634 4400 1870 4451 suorum,

280 4492 372 4545 cui
398 4488 578 4557 capilli
599 4486 766 4541 nostri
791 4483 1051 4539 numerati
1071 4490 1193 4537 sunt
1215 4481 1323 4552 (Id.
1356 4497 1411 4545 x,
1436 4479 1551 4552 50).
1577 4479 1645 4533 Et
1662 4476 1876 4545 quando

281 4580 480 4645 voluit,
508 4586 619 4632 tres
639 4590 835 4647 pueros
856 4575 921 4629 ab
938 4575 1057 4644 igne
1078 4571 1321 4627 liberavit
1344 4569 1505 4639 (Dan.
1533 4585 1606 4634 tu,
1630 4567 1721 4633 2t,
1745 4567 1836 4634 95)
1863 4584 1875 4619 :

282 4668 549 4739 numquid
572 4668 691 4723 ideo
712 4664 1044 4721 Machabaros
1079 4664 1130 4718 in
1159 4665 1278 4733 igne
1299 4661 1534 4716 deseruit
1553 4659 1617 4727 (Il
1640 4657 1878 4711 Machab.

285 4761 437 4834 vn)?
467 4759 589 4813 Illos
626 4765 806 4828 aperte
846 4756 1125 4819 liberavit,
1174 4754 1303 4808 istos
1343 4752 1549 4807 occulte
1582 4749 1879 4805 coronavit.

284 4852 454 4908 Novit
494 4851 652 4920 igitur
689 4849 828 4903 Deus
857 4847 982 4917 quid
1012 4854 1149 4916 agat.
1175 4844 1255 4899 Tu
1285 4844 1431 4907 time,
1462 4851 1515 4897 et
1543 4842 1714 4897 bonus
1740 4848 1877 4895 esto.

288 4942 674 5011 Undecumque
700 4940 927 4995 voluerit
953 4948 1009 4993 ut
1036 4951 1196 4995 exeas
1218 4937 1360 4999 hinc,
1385 4944 1624 5004 paratum
1648 4941 1700 4987 te
1745 4932 1883 4986 inve-

254 5032 264 5069 ⁷
288 5032 426 5088 niat.
442 5030 729 5099 lnquilinus
741 5029 877 5085 enim
894 5043 951 5084 es
965 5027 1133 5099 (Psal.
1152 5041 1334 5093 cxvm,
1354 5024 1465 5095 19),
1483 5038 1587 5079 non
1610 5036 1884 5093 possessor

288 5125 505 5180 domus.
551 5121 745 5176 Locata
793 5129 875 5176 est
924 5120 1065 5175 enim
1129 5118 1222 5172 tibi
1261 5118 1491 5179 domus;
1545 5115 1735 5169 domus
1782 5112 1882 5167 ista

293 5217 389 5272 tibi
417 5215 587 5270 locata
633 5222 733 5280 est,
765 5228 868 5267 non
896 5212 1125 5275 donata;
1154 5210 1252 5264 etsi
1293 5210 1450 5273 nolis,
1493 5206 1744 5277 migrabis
1773 5222 1785 5256 :
1832 5214 1884 5261 et

291 5321 403 5362 non
435 5319 552 5360 eam
583 5303 669 5358 tali
691 5301 998 5358 conditione
1017 5341 1031 5363 ,
1060 5299 1308 5367 accepisti
1334 5340 1349 5364 ,
1384 5307 1437 5351 ut
1466 5297 1617 5367 quasi
1645 5304 1882 5364 tempora

292 5404 445 5453 certa
474 5395 568 5449 tibi
591 5395 712 5449 sint.
745 5391 881 5460 Quid
908 5390 1048 5445 dixit
1074 5389 1329 5443 Dominus
1359 5398 1479 5442 tuus
1498 5388 1520 5440 ?
1539 5385 1761 5453 Quando
1792 5401 1885 5440 vo-

359 5529 380 5558 ⁴
408 5533 539 5585 lov.,
566 5526 632 5576 ad
654 5525 785 5575 nuda
807 5523 1003 5574 Cetulite
1033 5535 1049 5572 :
1072 5521 1472 5585 dissentientibus
1512 5520 1705 5568 caeteris
1727 5518 1881 5566 libris.

364 5590 388 5620 ⁸
412 5595 486 5636 Er.
512 5581 659 5649 Lugd.
686 5594 806 5635 Ven.
844 5593 894 5635 et
913 5593 1044 5645 Lov.,
1064 5582 1177 5634 illuc
1202 5582 1324 5632 lucet
1338 5581 1480 5649 ignis.
1561 5586 1631 5649 .M.

365 5651 386 5681 ³
416 5639 712 5711 ωεα.”νειι
739 5682 752 5706 ,
802 5654 958 5696 tamen
1002 5639 1111 5695 cum
1148 5639 1460 5708 temperantia
1481 5677 1495 5702 ,
1530 5640 1630 5691 sine
1660 5639 1885 5705 superbia

298 5721 493 5772 possum
515 5723 619 5774 ego,
650 5717 744 5759 etc.
843 5715 899 5755 Μ.

365 5771 386 5802 ⁸
408 5778 538 5829 3153.,
565 5771 735 5820 bonum
759 5773 845 5819 est.

305 5892 347 5940 ω
365 5834 388 5936 ζ
407 5823 598 5941 sitientis.
627 5831 736 5880 Md.
758 5844 895 5890 vero,
920 5827 1117 5891 fulmine
1142 5828 1331 5879 incendi
1355 5828 1509 5893 potius
1541 5825 1752 5886 interire,
1784 5823 1887 5887 qui-

349 5909 373 5941 ι,
392 5932 407 5941 .
432 5907 458 5939 Θ
514 5930 523 5938 .

366 5930 407 5953 v',
433 5930 523 5941 ιιιν-

1312 445 1707 505 ENARRATIO
1745 447 1810 503 IN
1848 444 2164 504 PSALMUM
2203 446 2483 504 CXLVIII.

3429 457 3569 514 1918

1982 561 2147 625 luero,
2180 576 2301 616 cum
2330 562 2536 626 dixero,
2563 562 2762 634 Migra;
2807 573 3020 632 paratus
3078 572 3215 619 esto.
3255 565 3478 637 Expello
3521 580 3573 625 te

1978 651 2044 705 de
2074 651 2324 722 hospitio,
2353 652 2449 708 sed
2474 653 2611 707 dabo
2637 656 2852 708 domum
2880 671 2893 708 :
2924 656 3211 725 inquilinus
3238 672 3298 713 es
3325 659 3379 713 in
3403 667 3568 725 terra,

1978 742 2085 796 eris
2105 756 2380 811 possessor
2405 743 2458 797 in
2487 744 2643 799 coelo.
2768 814 2773 815 ί

2050 833 2136 887 12.
2177 834 2441 903 Quidquid
2492 850 2619 905 ergo
2656 835 2742 891 hic
2769 836 2960 893 accidit
3002 845 3188 892 contra
3238 837 3567 895 voluntatem

1978 932 2234 990 nostram,
2257 926 2509 979 noveritis
2531 942 2634 980 non
2658 927 2920 993 accidere,
2946 929 3045 983 nisi
3060 929 3125 985 de
3145 929 3417 987 voluntate
3445 932 3564 1000 Dei,

1977 1017 2044 1071 de
2065 1017 2389 1086 providentia
2412 1018 2594 1087 ipsius,
2613 1019 2679 1074 de
2708 1020 2892 1075 ordine
2922 1021 3109 1091 ipsius,
3133 1022 3200 1077 de
3224 1032 3354 1079 nutu
3380 1023 3565 1094 ipsius,

1978 1108 2044 1164 de
2089 1109 2291 1179 legibus
2334 1109 2544 1178 ipsius:
2578 1119 2631 1165 et
2668 1110 2711 1163 si
2761 1126 2857 1165 nos
2896 1127 3001 1165 non
3048 1113 3388 1183 intelligimus
3440 1116 3564 1186 quid

1978 1200 2280 1277 quarefiat,
2308 1201 2496 1255 demus
2520 1201 2620 1256 hoc
2650 1202 2998 1272 providentim
3027 1204 3211 1273 ipsius,
3235 1206 3357 1275 quia
3382 1222 3485 1261 non
3511 1207 3568 1261 fit

1977 1294 2091 1347 sine
2121 1307 2301 1359 causa,
2331 1302 2385 1348 et
2408 1308 2514 1347 non
2540 1294 3027 1363 blasphemabimus
3057 1296 3097 1349 ί.
3127 1297 3258 1350 Cum
3288 1298 3429 1352 enim
3454 1315 3566 1355 cce-

1978 1383 2211 1451 perimus
2230 1383 2496 1452 disputare
2525 1383 2590 1439 de
2620 1386 2869 1454 operibus
2891 1386 3006 1451 Dei,
3038 1385 3214 1454 Quare
3239 1386 3362 1454 hoc,
3398 1404 3565 1459 quare

1977 1471 2143 1539 illud;
2173 1480 2245 1539 et,
2283 1472 2397 1528 Non
2418 1473 2600 1529 debuit
2625 1475 2700 1528 sic
2722 1475 2916 1540 facere,
2942 1476 3082 1529 male
3131 1476 3254 1531 fecit
3298 1477 3402 1533 hoc
3430 1495 3443 1530 :
3479 1478 3564 1533 ubi

1976 1572 2059 1618 est
2084 1563 2197 1617 laus
2224 1563 2360 1618 Dei?
2388 1564 2670 1619 Perdidisti
2692 1564 2937 1620 Alleluia.
2962 1565 3149 1620 Omnia
3163 1567 3239 1620 sic
3255 1567 3561 1633 considera,

1975 1654 2241 1724 quomodo
2273 1655 2482 1724 placeas
2508 1657 2637 1722 Deo,
2686 1664 2740 1712 et
2793 1658 2978 1713 laudes
3005 1659 3285 1714 artificem.
3337 1660 3470 1726 Quia
3512 1662 3557 1715 si

1976 1747 2203 1802 intrares
2228 1746 2362 1803 forte
2382 1748 2435 1802 in
2462 1748 2725 1803 officinam
2753 1749 2884 1804 fabri
2913 1750 3137 1817 ferrarii,
3183 1767 3288 1807 non
3340 1753 3568 1808 auderes

1974 1839 2364 1909 reprehendere
2389 1839 2562 1905 folles,
2590 1840 2830 1907 incudes,
2858 1842 3099 1896 malleos.
3150 1843 3215 1896 Et
3240 1842 3307 1896 da
3344 1844 3560 1912 imperi-

1977 1938 2086 1983 tum
2118 1929 2384 1983 hominem
2422 1928 2749 1984 nescientem
2791 1930 2915 1999 quid
2952 1945 3117 2000 quare
3157 1932 3247 1995 sit,
3288 1940 3341 1985 et
3389 1933 3566 1986 omnia

1973 2020 2336 2090 reprehendit.
2357 2019 2458 2075 Sed
2474 2020 2517 2075 si
2542 2036 2644 2075 non
2662 2021 2855 2075 habeat
2876 2022 3114 2090 peritiam
3136 2021 3372 2087 artiﬁcis,
3395 2032 3448 2077 et
3466 2023 3566 2078 ha-

1974 2110 2095 2165 beat
2119 2111 2308 2165 saltem
2345 2098 2827 2164 considerationem
2856 2110 3103 2183 hominis,
3129 2111 3254 2180 quid
3281 2112 3380 2165 sibi
3401 2112 3566 2166 dicit?

1972 2203 2087 2257 Non
2101 2203 2213 2256 sine
2232 2216 2389 2256 causa
2411 2201 2511 2255 hoc
2540 2202 2658 2256 loco
2678 2201 2831 2256 folles
2848 2202 3003 2271 positi
3019 2212 3171 2267 sunt;
3193 2202 3381 2257 artifex
3420 2205 3568 2258 novit

1974 2308 2156 2363 quare,
2190 2293 2289 2347 etsi
2319 2307 2418 2361 ego
2440 2306 2546 2346 non
2581 2292 2724 2346 novi.
2753 2292 2812 2345 In
2855 2291 3064 2346 officina
3093 2308 3199 2346 non
3242 2293 3401 2348 audet
3423 2294 3566 2348 vitu-

1976 2399 2162 2454 perare
2185 2385 2422 2449 fabrum;
2454 2392 2506 2438 et
2531 2383 2690 2439 audet
2717 2384 3109 2453 reprehendere
3146 2384 3198 2439 in
3226 2384 3327 2439 hoc
3366 2387 3568 2441 mundo

1975 2477 2174 2531 Deum!
2204 2477 2364 2546 Ergo,
2393 2476 2839 2545 quemadmodum
2873 2477 3025 2547 ignis,
3057 2477 3273 2547 grando,
3317 2478 3425 2545 nix,
3451 2477 3567 2548 gla-

1974 2568 2090 2632 cies,
2124 2568 2331 2637 spiritus
2360 2568 2687 2637 tempestatis,
2715 2582 2827 2637 qua:
2857 2568 3051 2637 faciunt
3096 2566 3297 2620 verbum
3325 2569 3469 2638 ejus;
3490 2567 3569 2622 sic

1974 2658 2150 2712 omnia
2174 2673 2293 2727 quae
2337 2657 2487 2712 vanis
2533 2657 2779 2712 videntur
2819 2658 2871 2711 in
2914 2673 3089 2713 rerum
3132 2666 3319 2712 natura
3365 2666 3569 2714 temere

1975 2748 2087 2803 fieri
2113 2791 2128 2816 ,
2175 2765 2278 2803 non
2331 2749 2530 2804 faciunt
2572 2749 2671 2803 nisi
2705 2748 2924 2804 verbum
2950 2749 3085 2818 ejus,
3141 2748 3259 2818 quia
3287 2762 3394 2803 non
3435 2747 3570 2802 fiunt

1974 2842 2075 2895 nisi
2099 2841 2249 2910 jussu
2269 2841 2403 2911 ejus.

2049 2932 2135 2986 15.
2170 2930 2318 3002 [vers.
2342 2929 2523 3002 942.]
2548 2929 2749 2985 Deinde
2772 2929 2920 2997 dicit,
2941 2938 2996 2984 ut
3017 2928 3297 2984 Dominum
3320 2927 3561 2984 laudent:

1977 3022 2177 3077 Montes
2211 3033 2257 3076 et
2286 3039 2455 3077 omnes
2479 3024 2631 3076 colles
2649 3065 2663 3088 ,
2689 3022 2826 3093 ligna
2849 3022 3111 3091 fructifera
3140 3030 3187 3074 et
3215 3038 3386 3075 omnes
3407 3020 3569 3086 cedri;

1978 3114 2145 3168 bestia:
2179 3124 2226 3167 et
2272 3115 2441 3167 omnia
2480 3129 2660 3183 pecora
2684 3154 2698 3175 ,
2729 3111 2929 3182 reptilia
2966 3121 3011 3165 et
3060 3111 3285 3165 volatilia
3324 3120 3563 3179 pennata.

1976 3206 2179 3262 Deinde
2224 3203 2289 3259 ad
2341 3203 2584 3257 homines
2635 3221 2648 3257 :
2690 3200 2852 3271 Reges
2898 3210 3045 3254 terra
3074 3210 3121 3254 et
3150 3216 3320 3254 onmes
3349 3200 3564 3269 populi,

1977 3298 2227 3371 principes
2257 3303 2302 3349 et
2328 3310 2499 3348 omnes
2538 3292 2736 3363 judices
2766 3300 2912 3345 terra:
2939 3308 2958 3356 ;
2994 3292 3203 3360 juvenes
3231 3298 3277 3343 et
3305 3290 3520 3359 virgines
3547 3330 3563 3356 ,

1975 3391 2195 3445 seniores
2223 3404 2337 3442 cum
2353 3384 2641 3457 junioribus
2671 3384 2875 3438 laudent
2902 3399 3081 3437 nomen
3121 3383 3346 3437 Domini.
3381 3381 3566 3451 Expli-

1978 3491 2092 3537 cata
2122 3491 2204 3537 est
2229 3482 2345 3535 laus
2367 3478 2433 3533 de
2460 3478 2619 3544 cmlo,
2649 3477 2908 3547 explicata
2933 3486 3014 3530 est
3035 3476 3148 3530 laus
3177 3475 3244 3529 de
3272 3484 3438 3529 terra.

2054 3576 2119 3630 M
2166 3573 2314 3646 [vers.
2346 3570 2456 3643 13.]
2485 3572 2615 3637 Quia
2645 3571 2921 3624 exaltatum
2948 3577 3019 3622 est
3049 3585 3229 3622 nomen
3256 3570 3370 3639 ejus
3391 3568 3567 3622 solius.

1978 3667 2145 3723 Nemo
2198 3666 2475 3720 hominum
2525 3672 2728 3735 qumrat
2771 3662 3004 3717 exaltare
3043 3676 3237 3715 nomen
3280 3660 3570 3714 suum.Vis

1979 3758 2236 3813 exaltari?
2284 3757 2361 3810 Illi
2412 3766 2465 3809 te
2521 3755 2686 3809 subde
2712 3794 2725 3818 ,
2757 3754 2847 3821 qui
2894 3766 2998 3805 non
3032 3759 3208 3820 potest
3246 3748 3510 3804 humiliari
3548 3767 3561 3803 :

1981 3850 2275 3903 Exaltatum
2298 3857 2369 3901 est
2399 3862 2578 3899 nomen
2603 3847 2714 3914 ejus
2738 3844 2912 3897 solius.

2053 3941 2138 3995 15.
2190 3937 2357 4009 [vers.
2389 3934 2519 4006 14.]
2570 3934 2828 4005 Confessio
2875 3934 2984 4002 ejus
3035 3934 3088 3987 in
3137 3942 3272 3987 terra
3298 3940 3344 3986 et
3372 3932 3496 3986 caelo
3521 3935 3565 3985 ².
3618 3946 3621 3947 ⁷

1980 4030 2116 4098 Quid
2166 4038 2276 4093 est,
2328 4027 2585 4098 Canfessio
2630 4028 2737 4097 ejus
2783 4027 2837 4079 in
2884 4036 3017 4079 terra
3044 4034 3091 4079 et
3132 4025 3426 4094 ctelo?qua
3456 4025 3570 4094 ipse

1982 4120 2303 4176 conﬁtetur?
2354 4117 2505 4181 Non;
2535 4116 2630 4171 sed
2658 4132 2760 4186 qua
2790 4116 2935 4171 illum
2979 4116 3157 4171 omnia
3212 4117 3531 4171 confitentur
3551 4158 3567 4181 .

1984 4212 2162 4268 omnia
2208 4211 2438 4265 clamant
2470 4228 2484 4265 :
2516 4208 2752 4263 omnium
2781 4206 3121 4277 pulchritudo
3152 4206 3381 4276 quodam
3409 4207 3570 4261 modo

1984 4322 2084 4361 vox
2108 4319 2293 4360 eorum
2322 4311 2403 4357 est
2434 4343 2447 4368 ,
2502 4300 2869 4355 confitentium
2898 4300 3086 4355 Deum.
3138 4299 3345 4354 Clamat
3374 4298 3569 4354 caelum

1985 4398 2097 4452 Deo
2126 4414 2138 4449 :
2171 4395 2250 4449 Tu
2277 4410 2360 4448 me
2390 4393 2593 4459 fecisti,
2624 4406 2729 4445 non
2756 4405 2874 4461 ego.
2905 4390 3111 4445 Clamat
3155 4397 3295 4444 terra
3329 4406 3343 4442 :
3376 4390 3453 4444 Tu
3486 4406 3572 4445 me

1984 4487 2287 4552 condidisti,
2318 4500 2422 4540 non
2448 4500 2565 4555 ego.
2596 4483 2874 4552 Quomodo
2898 4482 3129 4537 clamant
3178 4481 3313 4537 ista?
3342 4480 3566 4549 Quando

1985 4580 2410 4643 considerantur,
2442 4586 2496 4632 et
2548 4577 2649 4631 hoc
2698 4576 2996 4641 invenitur;
3022 4590 3089 4630 ex
3129 4583 3215 4628 tua
3260 4572 3571 4627 considera--

1987 4672 2129 4725 tione
2156 4672 2405 4734 clamant,
2434 4684 2495 4723 ex
2524 4684 2655 4723 voce
2681 4675 2767 4722 tua
2806 4667 3057 4721 clamant.
3089 4662 3347 4733 Confessio
3372 4663 3480 4731 ejus
3518 4662 3572 4714 in

1989 4773 2120 4815 terra
2149 4769 2193 4813 et
2220 4761 2363 4813 caelo.
2394 4759 2623 4813 Attende
2652 4759 2866 4822 cmlum,
2900 4753 3179 4824 pulchrum
3207 4762 3288 4807 est
3312 4770 3325 4818 ;
3359 4752 3574 4809 attende

1989 4862 2201 4920 terram,
2230 4852 2445 4922 pulchra
2486 4859 2569 4905 est
2596 4866 2610 4903 :
2640 4858 2923 4917 utrumque
2944 4847 3099 4901 simul
3123 4844 3273 4900 valde
3296 4844 3572 4915 pulchrum

1989 4952 2091 4999 est.
2118 4942 2231 5012 Ipse
2259 4941 2417 5005 fecit,
2450 4942 2562 5009 ipse
2610 4939 2745 5007 regit
2772 4978 2788 5004 ,
2820 4938 2984 5008 ipsius
3014 4945 3142 4991 nutu
3189 4936 3569 5007 gubernantur,

1990 5038 2102 5107 ipse
2134 5036 2327 5107 trajieit
2355 5043 2591 5104 tempora
2620 5073 2635 5095 ,
2667 5040 2935 5086 momenta
2982 5030 3096 5100 ipse
3149 5030 3408 5083 instaurat
3434 5070 3447 5093 ,
3479 5043 3575 5098 per

1990 5130 2221 5199 seipsum
2264 5129 2536 5181 instaurat.
2570 5124 2761 5179 Omnia
2800 5123 2820 5153 ³
2847 5136 2973 5191 ergo
3017 5121 3114 5175 ista
3141 5120 3354 5175 laudant
3384 5120 3529 5175 illum
3557 5163 3570 5187 ,

1991 5221 2101 5275 sive
2130 5221 2179 5272 in
2209 5227 2346 5271 statu
2374 5258 2388 5281 ,
2432 5216 2545 5270 sive
2572 5215 2623 5267 in
2652 5223 2795 5268 motu
2823 5254 2836 5278 ,
2868 5213 2979 5267 sive
3006 5210 3073 5265 de
3114 5219 3253 5265 terra
3281 5210 3527 5266 deorsum
3557 5252 3571 5275 ,

1993 5314 2105 5367 sive
2130 5311 2197 5366 de
2227 5309 2362 5365 caelo
2389 5323 2620 5371 sursum,
2648 5307 2761 5361 sive
2785 5306 2836 5359 in
2866 5309 3148 5367 vetustate,
3180 5302 3293 5357 sive
3319 5302 3371 5357 in
3410 5316 3570 5357 reno-

1990 5403 2220 5457 vatione.
2238 5401 2370 5456 Cum
2391 5400 2537 5454 vides
2563 5399 2675 5452 lucc
2692 5406 2744 5452 et
2765 5395 2983 5466 gaudes,
2998 5403 3049 5449 et
3065 5393 3384 5448 attollerisin
3407 5390 3574 5445 artiﬁ-
3614 5425 3619 5430 -

1991 5510 2126 5559 cem,
2149 5502 2203 5548 et
2221 5491 2498 5547 invisibilia
2517 5490 2652 5559 ejus,
2669 5504 2764 5558 per
2780 5502 2839 5542 ea
2859 5501 2974 5556 qum
2994 5485 3125 5541 facta
3147 5493 3289 5549 sunt,
3306 5483 3570 5539 intellecta

1992 5585 2256 5641 conlueris
2275 5584 2447 5654 (Rom.
2469 5598 2505 5644 ι,
2528 5580 2640 5649 20),
2658 5578 2914 5648 Confessio
2939 5578 3049 5646 ejus
3074 5576 3126 5628 in
3153 5584 3283 5629 terra
3300 5582 3345 5628 et
3357 5573 3503 5637 calo;
3521 5574 3572 5629 id

2057 5700 2070 5730 ¹
2100 5705 2148 5746 tn
2171 5705 2241 5756 B.,
2265 5694 2659 5758 blaspltemamus.
2690 5699 2761 5740 Er.
2788 5689 2934 5752 Lugd.
2961 5697 3079 5738 Ven.
3115 5695 3166 5737 et
3192 5694 3319 5746 Lov.,
3353 5685 3573 5747 blasphe-

1992 5758 2301 5870 "timuistis.
2318 5765 2452 5881 jii'xta
2471 5823 2597 5865 Lxx.
2625 5814 2735 5863 Edd.
2763 5825 2898 5881 vero,
2924 5811 2972 5860 in
2995 5808 3115 5881 caelo
3135 5816 3188 5881 et
3199 5807 3249 5857 in
3268 5814 3418 5881 terra.

2063 5885 2081 5914 ³
2104 5889 2235 5941 Mss,
2260 5870 2345 5943 per
2364 5878 2517 5942 ipsum
2537 5889 2711 5927 omnia.
2736 5884 2855 5934 Ergo
2884 5875 2973 5923 ista
2991 5870 3207 5929 laudant,
3234 5877 3329 5919 etc.
