  <div class='ocr_page' id='page_1' title='image "/cluster/home/n/w/nwhite01/storage/ocr_20150623/37/uva.x000827106/471.png"; bbox 0 0 4084 6442; ppageno 0'>
   <div class='ocr_carea' id='block_1_1' title="bbox 538 420 676 478">
    <p class='ocr_par' dir='ltr' id='par_1_1' title="bbox 538 420 676 478">
     <span class='ocr_line' id='line_1_1' title="bbox 538 420 676 478; baseline -0.022 -2"><span class='ocrx_word' id='word_1_1' title='bbox 538 420 676 478; x_wconf 67' lang='grc'><strong>1947</strong></span> 
     </span>
    </p>
   </div>
   <div class='ocr_carea' id='block_1_2' title="bbox 532 524 2120 604">
    <p class='ocr_par' dir='ltr' id='par_1_2' title="bbox 532 524 2120 604">
     <span class='ocr_line' id='line_1_2' title="bbox 532 524 2120 604; baseline -0.006 -13"><span class='ocrx_word' id='word_1_2' title='bbox 532 542 649 604; x_wconf 82' lang='grc' dir='ltr'>εει,</span> <span class='ocrx_word' id='word_1_3' title='bbox 680 531 952 590; x_wconf 89' lang='lat' dir='ltr'><strong>conﬁteris</strong></span> <span class='ocrx_word' id='word_1_4' title='bbox 1003 531 1052 586; x_wconf 91' lang='lat' dir='ltr'><strong>ei</strong></span> <span class='ocrx_word' id='word_1_5' title='bbox 1100 528 1168 585; x_wconf 89' lang='lat' dir='ltr'><strong>de</strong></span> <span class='ocrx_word' id='word_1_6' title='bbox 1209 527 1368 584; x_wconf 83' lang='lat' dir='ltr'><strong>rebus</strong></span> <span class='ocrx_word' id='word_1_7' title='bbox 1396 525 1642 592; x_wconf 73' lang='lat' dir='ltr'><strong>terrenis,</strong></span> <span class='ocrx_word' id='word_1_8' title='bbox 1665 524 1936 581; x_wconf 89' lang='lat' dir='ltr'><strong>conﬁteris</strong></span> <span class='ocrx_word' id='word_1_9' title='bbox 1963 525 2011 581; x_wconf 89' lang='lat' dir='ltr'><strong>ei</strong></span> <span class='ocrx_word' id='word_1_10' title='bbox 2051 525 2120 581; x_wconf 91' lang='lat' dir='ltr'><strong>de</strong></span> 
     </span>
    </p>
   </div>
   <div class='ocr_carea' id='block_1_3' title="bbox 536 616 2122 689">
    <p class='ocr_par' dir='ltr' id='par_1_3' title="bbox 536 616 2122 689">
     <span class='ocr_line' id='line_1_3' title="bbox 536 616 2122 689; baseline -0.006 -9"><span class='ocrx_word' id='word_1_11' title='bbox 536 625 702 680; x_wconf 81' lang='lat' dir='ltr'><strong>rebus</strong></span> <span class='ocrx_word' id='word_1_12' title='bbox 721 621 1045 679; x_wconf 70' lang='lat' dir='ltr'><strong>coelestibus.</strong></span> <span class='ocrx_word' id='word_1_13' title='bbox 1076 620 1145 674; x_wconf 86' lang='lat' dir='ltr'><strong>Et</strong></span> <span class='ocrx_word' id='word_1_14' title='bbox 1168 619 1291 689; x_wconf 85' lang='lat' dir='ltr'><strong>quia</strong></span> <span class='ocrx_word' id='word_1_15' title='bbox 1322 618 1437 688; x_wconf 89' lang='lat' dir='ltr'><strong>ipse</strong></span> <span class='ocrx_word' id='word_1_16' title='bbox 1466 616 1592 672; x_wconf 81' lang='lat' dir='ltr'><strong>fecit</strong></span> <span class='ocrx_word' id='word_1_17' title='bbox 1618 616 1820 681; x_wconf 82' lang='lat' dir='ltr'><strong>omnia,</strong></span> <span class='ocrx_word' id='word_1_18' title='bbox 1850 625 1904 671; x_wconf 90' lang='lat' dir='ltr'><strong>et</strong></span> <span class='ocrx_word' id='word_1_19' title='bbox 1932 616 2122 671; x_wconf 88' lang='lat' dir='ltr'><strong>melius</strong></span> 
     </span>
    </p>
   </div>
   <div class='ocr_carea' id='block_1_4' title="bbox 534 707 2121 783">
    <p class='ocr_par' dir='ltr' id='par_1_4' title="bbox 534 707 2121 783">
     <span class='ocr_line' id='line_1_4' title="bbox 534 707 2121 783; baseline -0.006 -12"><span class='ocrx_word' id='word_1_20' title='bbox 534 715 629 771; x_wconf 92' lang='lat' dir='ltr'><strong>illo</strong></span> <span class='ocrx_word' id='word_1_21' title='bbox 671 729 775 770; x_wconf 90' lang='lat' dir='ltr'><strong>non</strong></span> <span class='ocrx_word' id='word_1_22' title='bbox 818 722 900 769; x_wconf 88' lang='lat' dir='ltr'><strong>est</strong></span> <span class='ocrx_word' id='word_1_23' title='bbox 946 711 1179 783; x_wconf 88' lang='lat' dir='ltr'><strong>aliquid,</strong></span> <span class='ocrx_word' id='word_1_24' title='bbox 1226 709 1480 781; x_wconf 87' lang='lat' dir='ltr'><strong>quidquid</strong></span> <span class='ocrx_word' id='word_1_25' title='bbox 1508 708 1667 776; x_wconf 82' lang='lat' dir='ltr'><strong>fecit,</strong></span> <span class='ocrx_word' id='word_1_26' title='bbox 1700 708 1837 763; x_wconf 91' lang='lat' dir='ltr'><strong>intra</strong></span> <span class='ocrx_word' id='word_1_27' title='bbox 1872 707 1946 781; x_wconf 91' lang='lat' dir='ltr'><strong>(a)</strong></span> <span class='ocrx_word' id='word_1_28' title='bbox 1975 708 2121 763; x_wconf 90' lang='lat' dir='ltr'><strong>illum</strong></span> 
     </span>
    </p>
   </div>
   <div class='ocr_carea' id='block_1_5' title="bbox 534 800 2119 875">
    <p class='ocr_par' dir='ltr' id='par_1_5' title="bbox 534 800 2119 875">
     <span class='ocr_line' id='line_1_5' title="bbox 534 800 2119 875; baseline -0.005 -13"><span class='ocrx_word' id='word_1_29' title='bbox 534 819 616 863; x_wconf 91' lang='lat' dir='ltr'><strong>est</strong></span> <span class='ocrx_word' id='word_1_30' title='bbox 634 824 647 872; x_wconf 92' lang='lat'><strong>;</strong></span> <span class='ocrx_word' id='word_1_31' title='bbox 662 815 717 861; x_wconf 89' lang='lat' dir='ltr'><strong>et</strong></span> <span class='ocrx_word' id='word_1_32' title='bbox 740 804 996 875; x_wconf 89' lang='lat' dir='ltr'><strong>quidquid</strong></span> <span class='ocrx_word' id='word_1_33' title='bbox 1012 805 1063 858; x_wconf 92' lang='lat' dir='ltr'><strong>in</strong></span> <span class='ocrx_word' id='word_1_34' title='bbox 1083 802 1168 857; x_wconf 91' lang='lat' dir='ltr'><strong>his</strong></span> <span class='ocrx_word' id='word_1_35' title='bbox 1186 802 1280 856; x_wconf 88' lang='lat' dir='ltr'><strong>tibi</strong></span> <span class='ocrx_word' id='word_1_36' title='bbox 1298 801 1490 872; x_wconf 80' lang='lat' dir='ltr'><strong>placet,</strong></span> <span class='ocrx_word' id='word_1_37' title='bbox 1514 801 1689 855; x_wconf 90' lang='lat' dir='ltr'><strong>minus</strong></span> <span class='ocrx_word' id='word_1_38' title='bbox 1709 808 1791 854; x_wconf 89' lang='lat' dir='ltr'><strong>est</strong></span> <span class='ocrx_word' id='word_1_39' title='bbox 1807 814 1963 869; x_wconf 89' lang='lat' dir='ltr'><strong>quam</strong></span> <span class='ocrx_word' id='word_1_40' title='bbox 1985 800 2119 868; x_wconf 89' lang='lat' dir='ltr'><strong>ipse.</strong></span> 
     </span>
    </p>
   </div>
   <div class='ocr_carea' id='block_1_6' title="bbox 532 890 2122 967">
    <p class='ocr_par' dir='ltr' id='par_1_6' title="bbox 532 890 2122 967">
     <span class='ocr_line' id='line_1_6' title="bbox 532 890 2122 967; baseline -0.005 -14"><span class='ocrx_word' id='word_1_41' title='bbox 532 899 649 954; x_wconf 87' lang='lat' dir='ltr'><strong>Non</strong></span> <span class='ocrx_word' id='word_1_42' title='bbox 677 912 804 967; x_wconf 78' lang='lat' dir='ltr'><strong>ergo</strong></span> <span class='ocrx_word' id='word_1_43' title='bbox 826 897 896 951; x_wconf 90' lang='lat' dir='ltr'><strong>ita</strong></span> <span class='ocrx_word' id='word_1_44' title='bbox 924 895 1019 953; x_wconf 85' lang='lat' dir='ltr'><strong>tibi</strong></span> <span class='ocrx_word' id='word_1_45' title='bbox 1047 896 1254 965; x_wconf 82' lang='lat' dir='ltr'><strong>placeat</strong></span> <span class='ocrx_word' id='word_1_46' title='bbox 1273 893 1414 964; x_wconf 91' lang='lat' dir='ltr'><strong>quod</strong></span> <span class='ocrx_word' id='word_1_47' title='bbox 1445 893 1566 948; x_wconf 80' lang='lat' dir='ltr'><strong>fecit</strong></span> <span class='ocrx_word' id='word_1_48' title='bbox 1589 934 1604 959; x_wconf 94' lang='lat'><strong>,</strong></span> <span class='ocrx_word' id='word_1_49' title='bbox 1634 901 1691 946; x_wconf 86' lang='lat' dir='ltr'><strong>ut</strong></span> <span class='ocrx_word' id='word_1_50' title='bbox 1720 890 1943 948; x_wconf 84' lang='lat' dir='ltr'><strong>recedas</strong></span> <span class='ocrx_word' id='word_1_51' title='bbox 1962 892 2029 946; x_wconf 90' lang='lat' dir='ltr'><strong>ab</strong></span> <span class='ocrx_word' id='word_1_52' title='bbox 2056 905 2122 946; x_wconf 88' lang='lat' dir='ltr'><strong>eo</strong></span> 
     </span>
    </p>
   </div>
   <div class='ocr_carea' id='block_1_7' title="bbox 532 983 2121 1060">
    <p class='ocr_par' dir='ltr' id='par_1_7' title="bbox 532 983 2121 1060">
     <span class='ocr_line' id='line_1_7' title="bbox 532 983 2121 1060; baseline -0.006 -15"><span class='ocrx_word' id='word_1_53' title='bbox 532 991 621 1060; x_wconf 88' lang='lat' dir='ltr'><strong>qui</strong></span> <span class='ocrx_word' id='word_1_54' title='bbox 647 990 801 1056; x_wconf 81' lang='lat' dir='ltr'><strong>fecit;</strong></span> <span class='ocrx_word' id='word_1_55' title='bbox 844 988 939 1044; x_wconf 86' lang='lat' dir='ltr'><strong>sed</strong></span> <span class='ocrx_word' id='word_1_56' title='bbox 966 988 1012 1043; x_wconf 91' lang='lat' dir='ltr'><strong>si</strong></span> <span class='ocrx_word' id='word_1_57' title='bbox 1045 1002 1194 1043; x_wconf 92' lang='lat' dir='ltr'><strong>amas</strong></span> <span class='ocrx_word' id='word_1_58' title='bbox 1218 986 1359 1057; x_wconf 90' lang='lat' dir='ltr'><strong>quod</strong></span> <span class='ocrx_word' id='word_1_59' title='bbox 1399 985 1527 1040; x_wconf 85' lang='lat' dir='ltr'><strong>fecit</strong></span> <span class='ocrx_word' id='word_1_60' title='bbox 1549 1026 1565 1050; x_wconf 91' lang='lat'><strong>,</strong></span> <span class='ocrx_word' id='word_1_61' title='bbox 1596 983 1760 1038; x_wconf 90' lang='lat' dir='ltr'><strong>multo</strong></span> <span class='ocrx_word' id='word_1_62' title='bbox 1800 983 1969 1052; x_wconf 82' lang='lat' dir='ltr'><strong>magis</strong></span> <span class='ocrx_word' id='word_1_63' title='bbox 1999 997 2121 1037; x_wconf 88' lang='lat' dir='ltr'><strong>eum</strong></span> 
     </span>
    </p>
   </div>
   <div class='ocr_carea' id='block_1_8' title="bbox 532 1072 2122 1152">
    <p class='ocr_par' dir='ltr' id='par_1_8' title="bbox 532 1072 2122 1152">
     <span class='ocr_line' id='line_1_8' title="bbox 532 1072 2122 1152; baseline -0.006 -16"><span class='ocrx_word' id='word_1_64' title='bbox 532 1084 621 1152; x_wconf 92' lang='lat' dir='ltr'><strong>qui</strong></span> <span class='ocrx_word' id='word_1_65' title='bbox 650 1080 797 1137; x_wconf 83' lang='lat' dir='ltr'><strong>fecit.</strong></span> <span class='ocrx_word' id='word_1_66' title='bbox 829 1079 885 1135; x_wconf 90' lang='lat' dir='ltr'><strong>Si</strong></span> <span class='ocrx_word' id='word_1_67' title='bbox 917 1078 1134 1149; x_wconf 88' lang='lat' dir='ltr'><strong>pulchra</strong></span> <span class='ocrx_word' id='word_1_68' title='bbox 1164 1088 1288 1132; x_wconf 91' lang='lat' dir='ltr'><strong>sunt</strong></span> <span class='ocrx_word' id='word_1_69' title='bbox 1312 1091 1430 1146; x_wconf 76' lang='lat' dir='ltr'><strong>qua:</strong></span> <span class='ocrx_word' id='word_1_70' title='bbox 1453 1074 1596 1140; x_wconf 80' lang='lat' dir='ltr'><strong>fecit,</strong></span> <span class='ocrx_word' id='word_1_71' title='bbox 1625 1085 1825 1144; x_wconf 90' lang='lat' dir='ltr'><strong>quanto</strong></span> <span class='ocrx_word' id='word_1_72' title='bbox 1852 1072 2122 1143; x_wconf 83' lang='lat' dir='ltr'><strong>pulchrior</strong></span> 
     </span>
    </p>
   </div>
   <div class='ocr_carea' id='block_1_9' title="bbox 529 1168 1821 1244">
    <p class='ocr_par' dir='ltr' id='par_1_9' title="bbox 529 1168 1821 1244">
     <span class='ocr_line' id='line_1_9' title="bbox 529 1168 1821 1244; baseline -0.008 -16"><span class='ocrx_word' id='word_1_73' title='bbox 529 1182 612 1228; x_wconf 87' lang='lat' dir='ltr'><strong>est</strong></span> <span class='ocrx_word' id='word_1_74' title='bbox 633 1174 722 1244; x_wconf 85' lang='lat' dir='ltr'><strong>qui</strong></span> <span class='ocrx_word' id='word_1_75' title='bbox 748 1172 914 1228; x_wconf 86' lang='lat' dir='ltr'><strong>fecit?</strong></span> <span class='ocrx_word' id='word_1_76' title='bbox 940 1170 1202 1241; x_wconf 76' lang='lat' dir='ltr'><strong>Confessio</strong></span> <span class='ocrx_word' id='word_1_77' title='bbox 1229 1171 1336 1240; x_wconf 87' lang='lat' dir='ltr'><strong>ejus</strong></span> <span class='ocrx_word' id='word_1_78' title='bbox 1365 1170 1419 1222; x_wconf 89' lang='lat' dir='ltr'><strong>in</strong></span> <span class='ocrx_word' id='word_1_79' title='bbox 1444 1176 1577 1221; x_wconf 90' lang='lat' dir='ltr'><strong>terra</strong></span> <span class='ocrx_word' id='word_1_80' title='bbox 1606 1174 1651 1220; x_wconf 86' lang='lat' dir='ltr'><strong>et</strong></span> <span class='ocrx_word' id='word_1_81' title='bbox 1679 1168 1821 1221; x_wconf 71' lang='lat' dir='ltr'><strong>caelo.</strong></span> 
     </span>
    </p>
   </div>
   <div class='ocr_carea' id='block_1_10' title="bbox 603 1259 2123 1331">
    <p class='ocr_par' dir='ltr' id='par_1_10' title="bbox 603 1259 2123 1331">
     <span class='ocr_line' id='line_1_10' title="bbox 603 1259 2123 1331; baseline -0.003 -12"><span class='ocrx_word' id='word_1_82' title='bbox 603 1266 691 1320; x_wconf 78' lang='lat' dir='ltr'><strong>l6.</strong></span> <span class='ocrx_word' id='word_1_83' title='bbox 728 1264 796 1319; x_wconf 83' lang='lat' dir='ltr'><strong>Et</strong></span> <span class='ocrx_word' id='word_1_84' title='bbox 825 1262 1066 1317; x_wconf 75' lang='lat' dir='ltr'><strong>exaltabit</strong></span> <span class='ocrx_word' id='word_1_85' title='bbox 1092 1278 1251 1316; x_wconf 85' lang='lat' dir='ltr'><strong>cornu</strong></span> <span class='ocrx_word' id='word_1_86' title='bbox 1277 1260 1453 1331; x_wconf 86' lang='lat' dir='ltr'><strong>papuli</strong></span> <span class='ocrx_word' id='word_1_87' title='bbox 1478 1260 1575 1314; x_wconf 87' lang='lat' dir='ltr'><strong>sui.</strong></span> <span class='ocrx_word' id='word_1_88' title='bbox 1624 1260 1759 1313; x_wconf 82' lang='lat' dir='ltr'><strong>Ecce</strong></span> <span class='ocrx_word' id='word_1_89' title='bbox 1806 1259 1949 1329; x_wconf 92' lang='lat' dir='ltr'><strong>quod</strong></span> <span class='ocrx_word' id='word_1_90' title='bbox 1993 1273 2123 1329; x_wconf 88' lang='lat' dir='ltr'><strong>pro-</strong></span> 
     </span>
    </p>
   </div>
   <div class='ocr_carea' id='block_1_11' title="bbox 535 1349 2121 1425">
    <p class='ocr_par' dir='ltr' id='par_1_11' title="bbox 535 1349 2121 1425">
     <span class='ocr_line' id='line_1_11' title="bbox 535 1349 2121 1425; baseline -0.004 -16"><span class='ocrx_word' id='word_1_91' title='bbox 535 1355 824 1425; x_wconf 88' lang='lat' dir='ltr'><strong>phetabant</strong></span> <span class='ocrx_word' id='word_1_92' title='bbox 848 1355 1074 1425; x_wconf 71' lang='lat' dir='ltr'><strong>Aggzeus</strong></span> <span class='ocrx_word' id='word_1_93' title='bbox 1113 1361 1165 1409; x_wconf 90' lang='lat' dir='ltr'><strong>et</strong></span> <span class='ocrx_word' id='word_1_94' title='bbox 1211 1351 1515 1406; x_wconf 85' lang='lat' dir='ltr'><strong>Zacharias.</strong></span> <span class='ocrx_word' id='word_1_95' title='bbox 1558 1349 1714 1404; x_wconf 83' lang='lat' dir='ltr'><strong>Modo</strong></span> <span class='ocrx_word' id='word_1_96' title='bbox 1743 1364 1909 1405; x_wconf 88' lang='lat' dir='ltr'><strong>cornu</strong></span> <span class='ocrx_word' id='word_1_97' title='bbox 1938 1349 2121 1419; x_wconf 87' lang='lat' dir='ltr'><strong>populi</strong></span> 
     </span>
    </p>
   </div>
   <div class='ocr_carea' id='block_1_12' title="bbox 534 1442 2121 1516">
    <p class='ocr_par' dir='ltr' id='par_1_12' title="bbox 534 1442 2121 1516">
     <span class='ocr_line' id='line_1_12' title="bbox 534 1442 2121 1516; baseline -0.004 -15"><span class='ocrx_word' id='word_1_98' title='bbox 534 1447 701 1516; x_wconf 86' lang='lat' dir='ltr'><strong>ipsius</strong></span> <span class='ocrx_word' id='word_1_99' title='bbox 722 1446 920 1501; x_wconf 84' lang='lat' dir='ltr'><strong>humile</strong></span> <span class='ocrx_word' id='word_1_100' title='bbox 941 1454 1022 1501; x_wconf 91' lang='lat' dir='ltr'><strong>est</strong></span> <span class='ocrx_word' id='word_1_101' title='bbox 1046 1445 1099 1499; x_wconf 91' lang='lat' dir='ltr'><strong>in</strong></span> <span class='ocrx_word' id='word_1_102' title='bbox 1123 1444 1345 1507; x_wconf 88' lang='lat' dir='ltr'><strong>trituris,</strong></span> <span class='ocrx_word' id='word_1_103' title='bbox 1378 1443 1430 1497; x_wconf 94' lang='lat' dir='ltr'><strong>in</strong></span> <span class='ocrx_word' id='word_1_104' title='bbox 1455 1442 1900 1508; x_wconf 88' lang='lat' dir='ltr'><strong>tribulationibus,</strong></span> <span class='ocrx_word' id='word_1_105' title='bbox 1929 1442 1979 1495; x_wconf 95' lang='lat' dir='ltr'><strong>in</strong></span> <span class='ocrx_word' id='word_1_106' title='bbox 2006 1450 2121 1496; x_wconf 80' lang='lat' dir='ltr'><strong>ten-</strong></span> 
     </span>
    </p>
   </div>
   <div class='ocr_carea' id='block_1_13' title="bbox 535 1535 2122 1606">
    <p class='ocr_par' dir='ltr' id='par_1_13' title="bbox 535 1535 2122 1606">
     <span class='ocr_line' id='line_1_13' title="bbox 535 1535 2122 1606; baseline -0.002 -13"><span class='ocrx_word' id='word_1_107' title='bbox 535 1539 822 1594; x_wconf 88' lang='lat' dir='ltr'><strong>tationibus</strong></span> <span class='ocrx_word' id='word_1_108' title='bbox 846 1580 861 1606; x_wconf 94' lang='lat'><strong>,</strong></span> <span class='ocrx_word' id='word_1_109' title='bbox 902 1539 955 1592; x_wconf 92' lang='lat' dir='ltr'><strong>in</strong></span> <span class='ocrx_word' id='word_1_110' title='bbox 988 1538 1231 1592; x_wconf 90' lang='lat' dir='ltr'><strong>tunsione</strong></span> <span class='ocrx_word' id='word_1_111' title='bbox 1257 1546 1531 1605; x_wconf 86' lang='lat' dir='ltr'><strong>pectorum</strong></span> <span class='ocrx_word' id='word_1_112' title='bbox 1569 1553 1583 1590; x_wconf 88' lang='lat'><strong>:</strong></span> <span class='ocrx_word' id='word_1_113' title='bbox 1617 1535 1830 1606; x_wconf 86' lang='lat' dir='ltr'><strong>quando</strong></span> <span class='ocrx_word' id='word_1_114' title='bbox 1880 1535 2122 1590; x_wconf 75' lang='lat' dir='ltr'><strong>exaltabit</strong></span> 
     </span>
    </p>
   </div>
   <div class='ocr_carea' id='block_1_14' title="bbox 532 1627 2125 1701">
    <p class='ocr_par' dir='ltr' id='par_1_14' title="bbox 532 1627 2125 1701">
     <span class='ocr_line' id='line_1_14' title="bbox 532 1627 2125 1701; baseline -0.001 -17"><span class='ocrx_word' id='word_1_115' title='bbox 532 1647 689 1685; x_wconf 84' lang='lat' dir='ltr'><strong>cornu</strong></span> <span class='ocrx_word' id='word_1_116' title='bbox 719 1631 890 1701; x_wconf 83' lang='lat' dir='ltr'><strong>pepuli</strong></span> <span class='ocrx_word' id='word_1_117' title='bbox 916 1630 1037 1684; x_wconf 87' lang='lat' dir='ltr'><strong>sui?</strong></span> <span class='ocrx_word' id='word_1_118' title='bbox 1082 1628 1304 1696; x_wconf 85' lang='lat' dir='ltr'><strong>Quando</strong></span> <span class='ocrx_word' id='word_1_119' title='bbox 1334 1627 1544 1683; x_wconf 81' lang='lat' dir='ltr'><strong>venerit</strong></span> <span class='ocrx_word' id='word_1_120' title='bbox 1589 1627 1702 1697; x_wconf 92' lang='lat' dir='ltr'><strong>ipse</strong></span> <span class='ocrx_word' id='word_1_121' title='bbox 1732 1628 1988 1682; x_wconf 90' lang='lat' dir='ltr'><strong>Dominus</strong></span> <span class='ocrx_word' id='word_1_122' title='bbox 2021 1668 2036 1692; x_wconf 91' lang='lat'><strong>,</strong></span> <span class='ocrx_word' id='word_1_123' title='bbox 2068 1635 2125 1682; x_wconf 89' lang='lat' dir='ltr'><strong>et</strong></span> 
     </span>
    </p>
   </div>
   <div class='ocr_carea' id='block_1_15' title="bbox 533 1718 2122 1788">
    <p class='ocr_par' dir='ltr' id='par_1_15' title="bbox 533 1718 2122 1788">
     <span class='ocr_line' id='line_1_15' title="bbox 533 1718 2122 1788; baseline -0.002 -12"><span class='ocrx_word' id='word_1_124' title='bbox 533 1732 682 1777; x_wconf 86' lang='lat' dir='ltr'><strong>ortus</strong></span> <span class='ocrx_word' id='word_1_125' title='bbox 710 1721 867 1775; x_wconf 75' lang='lat' dir='ltr'><strong>fuerit</strong></span> <span class='ocrx_word' id='word_1_126' title='bbox 886 1722 965 1776; x_wconf 93' lang='lat' dir='ltr'><strong>sol</strong></span> <span class='ocrx_word' id='word_1_127' title='bbox 996 1730 1211 1775; x_wconf 88' lang='lat' dir='ltr'><strong>noster:</strong></span> <span class='ocrx_word' id='word_1_128' title='bbox 1242 1735 1350 1774; x_wconf 92' lang='lat' dir='ltr'><strong>non</strong></span> <span class='ocrx_word' id='word_1_129' title='bbox 1380 1720 1479 1774; x_wconf 88' lang='lat' dir='ltr'><strong>iste</strong></span> <span class='ocrx_word' id='word_1_130' title='bbox 1509 1718 1598 1788; x_wconf 93' lang='lat' dir='ltr'><strong>qui</strong></span> <span class='ocrx_word' id='word_1_131' title='bbox 1620 1719 1787 1774; x_wconf 92' lang='lat' dir='ltr'><strong>oculis</strong></span> <span class='ocrx_word' id='word_1_132' title='bbox 1815 1718 2043 1783; x_wconf 90' lang='lat' dir='ltr'><strong>videtur,</strong></span> <span class='ocrx_word' id='word_1_133' title='bbox 2068 1726 2122 1773; x_wconf 91' lang='lat' dir='ltr'><strong>et</strong></span> 
     </span>
    </p>
   </div>
   <div class='ocr_carea' id='block_1_16' title="bbox 531 1809 2123 1883">
    <p class='ocr_par' dir='ltr' id='par_1_16' title="bbox 531 1809 2123 1883">
     <span class='ocr_line' id='line_1_16' title="bbox 531 1809 2123 1883; baseline -0.003 -14"><span class='ocrx_word' id='word_1_134' title='bbox 531 1815 701 1869; x_wconf 93' lang='lat' dir='ltr'><strong>oritur</strong></span> <span class='ocrx_word' id='word_1_135' title='bbox 726 1828 887 1883; x_wconf 90' lang='lat' dir='ltr'><strong>super</strong></span> <span class='ocrx_word' id='word_1_136' title='bbox 928 1813 1099 1867; x_wconf 91' lang='lat' dir='ltr'><strong>bonos</strong></span> <span class='ocrx_word' id='word_1_137' title='bbox 1124 1822 1177 1868; x_wconf 89' lang='lat' dir='ltr'><strong>et</strong></span> <span class='ocrx_word' id='word_1_138' title='bbox 1203 1812 1372 1866; x_wconf 90' lang='lat' dir='ltr'><strong>malos</strong></span> <span class='ocrx_word' id='word_1_139' title='bbox 1400 1811 1418 1879; x_wconf 94' lang='lat'>(</span> <span class='ocrx_word' id='word_1_140' title='bbox 1444 1811 1627 1865; x_wconf 78' lang='lat' dir='ltr'><strong>Matth.</strong></span> <span class='ocrx_word' id='word_1_141' title='bbox 1673 1826 1726 1877; x_wconf 73' lang='grc' dir='ltr'><strong>γ,</strong></span> <span class='ocrx_word' id='word_1_142' title='bbox 1761 1809 1904 1881; x_wconf 78' lang='grc'><strong>45);</strong></span> <span class='ocrx_word' id='word_1_143' title='bbox 1938 1810 2030 1865; x_wconf 89' lang='lat' dir='ltr'><strong>sed</strong></span> <span class='ocrx_word' id='word_1_144' title='bbox 2056 1810 2123 1865; x_wconf 89' lang='lat' dir='ltr'><strong>de</strong></span> 
     </span>
    </p>
   </div>
   <div class='ocr_carea' id='block_1_17' title="bbox 531 1900 2123 1975">
    <p class='ocr_par' dir='ltr' id='par_1_17' title="bbox 531 1900 2123 1975">
     <span class='ocr_line' id='line_1_17' title="bbox 531 1900 2123 1975; baseline -0.004 -16"><span class='ocrx_word' id='word_1_145' title='bbox 531 1920 637 1975; x_wconf 90' lang='lat' dir='ltr'><strong>quo</strong></span> <span class='ocrx_word' id='word_1_146' title='bbox 659 1905 870 1969; x_wconf 86' lang='lat' dir='ltr'><strong>dicitur,</strong></span> <span class='ocrx_word' id='word_1_147' title='bbox 915 1902 1063 1957; x_wconf 82' lang='lat' dir='ltr'><strong>Vobis</strong></span> <span class='ocrx_word' id='word_1_148' title='bbox 1088 1904 1174 1973; x_wconf 85' lang='lat' dir='ltr'><strong>qui</strong></span> <span class='ocrx_word' id='word_1_149' title='bbox 1198 1903 1379 1956; x_wconf 83' lang='lat' dir='ltr'><strong>timetis</strong></span> <span class='ocrx_word' id='word_1_150' title='bbox 1404 1901 1569 1955; x_wconf 87' lang='lat' dir='ltr'><strong>Deum</strong></span> <span class='ocrx_word' id='word_1_151' title='bbox 1598 1942 1613 1968; x_wconf 92' lang='lat'><strong>,</strong></span> <span class='ocrx_word' id='word_1_152' title='bbox 1646 1901 1837 1956; x_wconf 88' lang='lat' dir='ltr'><strong>orietur</strong></span> <span class='ocrx_word' id='word_1_153' title='bbox 1856 1901 1935 1954; x_wconf 86' lang='lat' dir='ltr'><strong>sol</strong></span> <span class='ocrx_word' id='word_1_154' title='bbox 1963 1900 2123 1971; x_wconf 83' lang='lat' dir='ltr'><strong>justi-</strong></span> 
     </span>
    </p>
   </div>
   <div class='ocr_carea' id='block_1_18' title="bbox 532 1992 2123 2064">
    <p class='ocr_par' dir='ltr' id='par_1_18' title="bbox 532 1992 2123 2064">
     <span class='ocr_line' id='line_1_18' title="bbox 532 1992 2123 2064; baseline -0.001 -14"><span class='ocrx_word' id='word_1_155' title='bbox 532 1997 617 2050; x_wconf 78' lang='lat' dir='ltr'><strong>tia:</strong></span> <span class='ocrx_word' id='word_1_156' title='bbox 644 2038 659 2062; x_wconf 87' lang='lat'><strong>,</strong></span> <span class='ocrx_word' id='word_1_157' title='bbox 687 2004 734 2050; x_wconf 80' lang='lat' dir='ltr'><strong>et</strong></span> <span class='ocrx_word' id='word_1_158' title='bbox 762 1997 953 2050; x_wconf 83' lang='lat' dir='ltr'><strong>sanitas</strong></span> <span class='ocrx_word' id='word_1_159' title='bbox 979 1995 1032 2048; x_wconf 86' lang='lat' dir='ltr'><strong>in</strong></span> <span class='ocrx_word' id='word_1_160' title='bbox 1061 1995 1238 2064; x_wconf 85' lang='lat' dir='ltr'><strong>pennis</strong></span> <span class='ocrx_word' id='word_1_161' title='bbox 1268 1995 1378 2063; x_wconf 84' lang='lat' dir='ltr'><strong>ejus</strong></span> <span class='ocrx_word' id='word_1_162' title='bbox 1405 1993 1423 2063; x_wconf 98' lang='lat'><strong>(</strong></span> <span class='ocrx_word' id='word_1_163' title='bbox 1447 1992 1678 2047; x_wconf 81' lang='lat' dir='ltr'><strong>Malach.</strong></span> <span class='ocrx_word' id='word_1_164' title='bbox 1712 2009 1763 2047; x_wconf 82' lang='grc' dir='ltr'>ιν</span> <span class='ocrx_word' id='word_1_165' title='bbox 1785 2034 1801 2059; x_wconf 86' lang='grc'><em>,</em></span> <span class='ocrx_word' id='word_1_166' title='bbox 1831 1992 1905 2064; x_wconf 75' lang='grc'>2)</span> <span class='ocrx_word' id='word_1_167' title='bbox 1933 2009 1947 2059; x_wconf 92' lang='grc'>;</span> <span class='ocrx_word' id='word_1_168' title='bbox 1977 2000 2030 2047; x_wconf 86' lang='grc' dir='ltr'><strong>ει</strong></span> <span class='ocrx_word' id='word_1_169' title='bbox 2054 1992 2123 2049; x_wconf 86' lang='lat' dir='ltr'><strong>de</strong></span> 
     </span>
    </p>
   </div>
   <div class='ocr_carea' id='block_1_19' title="bbox 531 2081 2116 2157">
    <p class='ocr_par' dir='ltr' id='par_1_19' title="bbox 531 2081 2116 2157">
     <span class='ocr_line' id='line_1_19' title="bbox 531 2081 2116 2157; baseline -0.003 -16"><span class='ocrx_word' id='word_1_170' title='bbox 531 2101 638 2157; x_wconf 92' lang='lat' dir='ltr'><strong>quo</strong></span> <span class='ocrx_word' id='word_1_171' title='bbox 664 2086 854 2141; x_wconf 92' lang='lat' dir='ltr'><strong>dicturi</strong></span> <span class='ocrx_word' id='word_1_172' title='bbox 884 2093 1009 2140; x_wconf 88' lang='lat' dir='ltr'><strong>sunt</strong></span> <span class='ocrx_word' id='word_1_173' title='bbox 1032 2084 1245 2154; x_wconf 90' lang='lat' dir='ltr'><strong>superbi</strong></span> <span class='ocrx_word' id='word_1_174' title='bbox 1274 2092 1327 2137; x_wconf 91' lang='lat' dir='ltr'><strong>et</strong></span> <span class='ocrx_word' id='word_1_175' title='bbox 1354 2083 1498 2152; x_wconf 89' lang='lat' dir='ltr'><strong>impii</strong></span> <span class='ocrx_word' id='word_1_176' title='bbox 1522 2125 1536 2147; x_wconf 94' lang='lat'><strong>,</strong></span> <span class='ocrx_word' id='word_1_177' title='bbox 1564 2081 1789 2136; x_wconf 77' lang='lat' dir='ltr'><strong>Justitia:</strong></span> <span class='ocrx_word' id='word_1_178' title='bbox 1817 2084 1983 2137; x_wconf 90' lang='lat' dir='ltr'><strong>lumen</strong></span> <span class='ocrx_word' id='word_1_179' title='bbox 2014 2099 2116 2137; x_wconf 87' lang='lat' dir='ltr'><strong>non</strong></span> 
     </span>
    </p>
   </div>
   <div class='ocr_carea' id='block_1_20' title="bbox 534 2174 2121 2247">
    <p class='ocr_par' dir='ltr' id='par_1_20' title="bbox 534 2174 2121 2247">
     <span class='ocr_line' id='line_1_20' title="bbox 534 2174 2121 2247; baseline -0.001 -15"><span class='ocrx_word' id='word_1_180' title='bbox 534 2180 663 2233; x_wconf 77' lang='lat' dir='ltr'><strong>luxit</strong></span> <span class='ocrx_word' id='word_1_181' title='bbox 706 2178 847 2232; x_wconf 88' lang='lat' dir='ltr'><strong>nobis</strong></span> <span class='ocrx_word' id='word_1_182' title='bbox 876 2219 890 2243; x_wconf 93' lang='lat'><strong>,</strong></span> <span class='ocrx_word' id='word_1_183' title='bbox 924 2186 970 2231; x_wconf 89' lang='lat' dir='ltr'><strong>et</strong></span> <span class='ocrx_word' id='word_1_184' title='bbox 1016 2177 1093 2230; x_wconf 86' lang='lat' dir='ltr'><strong>sol</strong></span> <span class='ocrx_word' id='word_1_185' title='bbox 1136 2192 1237 2229; x_wconf 88' lang='lat' dir='ltr'><strong>non</strong></span> <span class='ocrx_word' id='word_1_186' title='bbox 1268 2185 1339 2230; x_wconf 85' lang='lat' dir='ltr'><strong>est</strong></span> <span class='ocrx_word' id='word_1_187' title='bbox 1378 2184 1514 2229; x_wconf 87' lang='lat' dir='ltr'><strong>ortus</strong></span> <span class='ocrx_word' id='word_1_188' title='bbox 1544 2174 1685 2229; x_wconf 89' lang='lat' dir='ltr'><strong>nobis</strong></span> <span class='ocrx_word' id='word_1_189' title='bbox 1729 2175 1749 2245; x_wconf 92' lang='lat'>(</span> <span class='ocrx_word' id='word_1_190' title='bbox 1780 2174 1909 2245; x_wconf 90' lang='lat' dir='ltr'><strong>Sap.</strong></span> <span class='ocrx_word' id='word_1_191' title='bbox 1938 2191 1989 2242; x_wconf 90' lang='lat' dir='ltr'><strong>v,</strong></span> <span class='ocrx_word' id='word_1_192' title='bbox 2022 2176 2121 2247; x_wconf 86' lang='lat'><strong>6).</strong></span> 
     </span>
    </p>
   </div>
   <div class='ocr_carea' id='block_1_21' title="bbox 531 2265 2121 2342">
    <p class='ocr_par' dir='ltr' id='par_1_21' title="bbox 531 2265 2121 2342">
     <span class='ocr_line' id='line_1_21' title="bbox 531 2265 2121 2342; baseline -0.004 -15"><span class='ocrx_word' id='word_1_193' title='bbox 531 2272 651 2342; x_wconf 78' lang='lat' dir='ltr'><strong>Ipsa</strong></span> <span class='ocrx_word' id='word_1_194' title='bbox 679 2271 781 2325; x_wconf 90' lang='lat' dir='ltr'><strong>erit</strong></span> <span class='ocrx_word' id='word_1_195' title='bbox 806 2278 964 2324; x_wconf 67' lang='lat' dir='ltr'><strong>aestas</strong></span> <span class='ocrx_word' id='word_1_196' title='bbox 989 2276 1190 2322; x_wconf 90' lang='lat' dir='ltr'><strong>nostra.</strong></span> <span class='ocrx_word' id='word_1_197' title='bbox 1222 2267 1375 2321; x_wconf 80' lang='lat' dir='ltr'><strong>Modo</strong></span> <span class='ocrx_word' id='word_1_198' title='bbox 1400 2266 1603 2321; x_wconf 82' lang='lat' dir='ltr'><strong>fructus</strong></span> <span class='ocrx_word' id='word_1_199' title='bbox 1642 2281 1736 2335; x_wconf 91' lang='lat' dir='ltr'><strong>per</strong></span> <span class='ocrx_word' id='word_1_200' title='bbox 1758 2265 2037 2321; x_wconf 89' lang='lat' dir='ltr'><strong>hibernum</strong></span> <span class='ocrx_word' id='word_1_201' title='bbox 2068 2268 2121 2321; x_wconf 88' lang='lat' dir='ltr'><strong>in</strong></span> 
     </span>
    </p>
   </div>
   <div class='ocr_carea' id='block_1_22' title="bbox 532 2356 2123 2431">
    <p class='ocr_par' dir='ltr' id='par_1_22' title="bbox 532 2356 2123 2431">
     <span class='ocr_line' id='line_1_22' title="bbox 532 2356 2123 2431; baseline -0.004 -12"><span class='ocrx_word' id='word_1_202' title='bbox 532 2361 713 2419; x_wconf 84' lang='lat' dir='ltr'><strong>radice</strong></span> <span class='ocrx_word' id='word_1_203' title='bbox 742 2376 848 2416; x_wconf 90' lang='lat' dir='ltr'><strong>non</strong></span> <span class='ocrx_word' id='word_1_204' title='bbox 895 2367 1187 2431; x_wconf 89' lang='lat' dir='ltr'><strong>apparent;</strong></span> <span class='ocrx_word' id='word_1_205' title='bbox 1229 2357 1460 2412; x_wconf 87' lang='lat' dir='ltr'><strong>altcndis</strong></span> <span class='ocrx_word' id='word_1_206' title='bbox 1503 2356 1654 2427; x_wconf 90' lang='lat' dir='ltr'><strong>quasi</strong></span> <span class='ocrx_word' id='word_1_207' title='bbox 1687 2356 1865 2411; x_wconf 88' lang='lat' dir='ltr'><strong>aridas</strong></span> <span class='ocrx_word' id='word_1_208' title='bbox 1902 2356 2123 2413; x_wconf 85' lang='lat' dir='ltr'><strong>arbores</strong></span> 
     </span>
    </p>
   </div>
   <div class='ocr_carea' id='block_1_23' title="bbox 532 2448 2121 2527">
    <p class='ocr_par' dir='ltr' id='par_1_23' title="bbox 532 2448 2121 2527">
     <span class='ocr_line' id='line_1_23' title="bbox 532 2448 2121 2527; baseline -0.003 -17"><span class='ocrx_word' id='word_1_209' title='bbox 532 2470 629 2527; x_wconf 86' lang='lat' dir='ltr'><strong>per</strong></span> <span class='ocrx_word' id='word_1_210' title='bbox 657 2454 908 2509; x_wconf 87' lang='lat' dir='ltr'><strong>hiemem.</strong></span> <span class='ocrx_word' id='word_1_211' title='bbox 941 2451 1042 2520; x_wconf 85' lang='lat' dir='ltr'><strong>Qui</strong></span> <span class='ocrx_word' id='word_1_212' title='bbox 1072 2466 1178 2506; x_wconf 89' lang='lat' dir='ltr'><strong>non</strong></span> <span class='ocrx_word' id='word_1_213' title='bbox 1214 2449 1361 2504; x_wconf 92' lang='lat' dir='ltr'><strong>novit</strong></span> <span class='ocrx_word' id='word_1_214' title='bbox 1391 2449 1602 2517; x_wconf 89' lang='lat' dir='ltr'><strong>videre,</strong></span> <span class='ocrx_word' id='word_1_215' title='bbox 1634 2448 1839 2503; x_wconf 85' lang='lat' dir='ltr'><strong>aridam</strong></span> <span class='ocrx_word' id='word_1_216' title='bbox 1867 2457 2016 2519; x_wconf 88' lang='lat' dir='ltr'><strong>putat</strong></span> <span class='ocrx_word' id='word_1_217' title='bbox 2040 2451 2121 2505; x_wconf 86' lang='lat' dir='ltr'><strong>vi-</strong></span> 
     </span>
    </p>
   </div>
   <div class='ocr_carea' id='block_1_24' title="bbox 535 2542 2125 2615">
    <p class='ocr_par' dir='ltr' id='par_1_24' title="bbox 535 2542 2125 2615">
     <span class='ocr_line' id='line_1_24' title="bbox 535 2542 2125 2615; baseline -0.005 -10"><span class='ocrx_word' id='word_1_218' title='bbox 535 2559 641 2605; x_wconf 90' lang='lat' dir='ltr'><strong>tem</strong></span> <span class='ocrx_word' id='word_1_219' title='bbox 673 2564 686 2602; x_wconf 88' lang='lat'><strong>:</strong></span> <span class='ocrx_word' id='word_1_220' title='bbox 716 2555 770 2602; x_wconf 88' lang='lat' dir='ltr'><strong>et</strong></span> <span class='ocrx_word' id='word_1_221' title='bbox 793 2545 929 2602; x_wconf 80' lang='lat' dir='ltr'><strong>forte</strong></span> <span class='ocrx_word' id='word_1_222' title='bbox 953 2545 1103 2615; x_wconf 78' lang='lat' dir='ltr'><strong>juxta</strong></span> <span class='ocrx_word' id='word_1_223' title='bbox 1134 2552 1216 2600; x_wconf 90' lang='lat' dir='ltr'><strong>est</strong></span> <span class='ocrx_word' id='word_1_224' title='bbox 1256 2559 1373 2614; x_wconf 79' lang='lat' dir='ltr'><strong>quae</strong></span> <span class='ocrx_word' id='word_1_225' title='bbox 1401 2558 1526 2598; x_wconf 92' lang='lat' dir='ltr'><strong>vere</strong></span> <span class='ocrx_word' id='word_1_226' title='bbox 1564 2542 1739 2607; x_wconf 89' lang='lat' dir='ltr'><strong>aruit;</strong></span> <span class='ocrx_word' id='word_1_227' title='bbox 1770 2542 1972 2598; x_wconf 89' lang='lat' dir='ltr'><strong>similes</strong></span> <span class='ocrx_word' id='word_1_228' title='bbox 1999 2551 2125 2598; x_wconf 90' lang='lat' dir='ltr'><strong>sunt</strong></span> 
     </span>
    </p>
   </div>
   <div class='ocr_carea' id='block_1_25' title="bbox 532 2632 2122 2707">
    <p class='ocr_par' dir='ltr' id='par_1_25' title="bbox 532 2632 2122 2707">
     <span class='ocr_line' id='line_1_25' title="bbox 532 2632 2122 2707; baseline -0.003 -15"><span class='ocrx_word' id='word_1_229' title='bbox 532 2637 704 2693; x_wconf 65' lang='lat' dir='ltr'><strong>ambae</strong></span> <span class='ocrx_word' id='word_1_230' title='bbox 748 2651 843 2707; x_wconf 88' lang='lat' dir='ltr'><strong>per</strong></span> <span class='ocrx_word' id='word_1_231' title='bbox 869 2634 1098 2691; x_wconf 89' lang='lat' dir='ltr'><strong>hiemem</strong></span> <span class='ocrx_word' id='word_1_232' title='bbox 1146 2652 1158 2687; x_wconf 88' lang='lat'><strong>:</strong></span> <span class='ocrx_word' id='word_1_233' title='bbox 1208 2634 1295 2689; x_wconf 91' lang='lat' dir='ltr'><strong>illa</strong></span> <span class='ocrx_word' id='word_1_234' title='bbox 1324 2633 1454 2688; x_wconf 80' lang='lat' dir='ltr'><strong>vivit</strong></span> <span class='ocrx_word' id='word_1_235' title='bbox 1484 2674 1497 2699; x_wconf 91' lang='lat'><strong>,</strong></span> <span class='ocrx_word' id='word_1_236' title='bbox 1527 2632 1613 2686; x_wconf 91' lang='lat' dir='ltr'><strong>illa</strong></span> <span class='ocrx_word' id='word_1_237' title='bbox 1644 2640 1848 2687; x_wconf 91' lang='lat' dir='ltr'><strong>mortua</strong></span> <span class='ocrx_word' id='word_1_238' title='bbox 1877 2640 1994 2697; x_wconf 91' lang='lat' dir='ltr'><strong>est;</strong></span> <span class='ocrx_word' id='word_1_239' title='bbox 2027 2632 2122 2688; x_wconf 90' lang='lat' dir='ltr'><strong>sed</strong></span> 
     </span>
    </p>
   </div>
   <div class='ocr_carea' id='block_1_26' title="bbox 533 2723 2125 2793">
    <p class='ocr_par' dir='ltr' id='par_1_26' title="bbox 533 2723 2125 2793">
     <span class='ocr_line' id='line_1_26' title="bbox 533 2723 2125 2793; baseline -0.003 -10"><span class='ocrx_word' id='word_1_240' title='bbox 533 2728 676 2783; x_wconf 86' lang='lat' dir='ltr'><strong>illius</strong></span> <span class='ocrx_word' id='word_1_241' title='bbox 705 2728 809 2783; x_wconf 79' lang='lat' dir='ltr'><strong>vita</strong></span> <span class='ocrx_word' id='word_1_242' title='bbox 833 2736 887 2782; x_wconf 90' lang='lat' dir='ltr'><strong>ct</strong></span> <span class='ocrx_word' id='word_1_243' title='bbox 914 2727 1056 2782; x_wconf 88' lang='lat' dir='ltr'><strong>illius</strong></span> <span class='ocrx_word' id='word_1_244' title='bbox 1078 2740 1223 2781; x_wconf 92' lang='lat' dir='ltr'><strong>mors</strong></span> <span class='ocrx_word' id='word_1_245' title='bbox 1249 2726 1300 2780; x_wconf 92' lang='lat' dir='ltr'><strong>in</strong></span> <span class='ocrx_word' id='word_1_246' title='bbox 1328 2723 1639 2779; x_wconf 90' lang='lat' dir='ltr'><strong>abscondito</strong></span> <span class='ocrx_word' id='word_1_247' title='bbox 1663 2732 1745 2778; x_wconf 89' lang='lat' dir='ltr'><strong>est</strong></span> <span class='ocrx_word' id='word_1_248' title='bbox 1774 2741 1786 2777; x_wconf 89' lang='lat'><strong>:</strong></span> <span class='ocrx_word' id='word_1_249' title='bbox 1813 2731 1969 2778; x_wconf 84' lang='lat' dir='ltr'><strong>aestas</strong></span> <span class='ocrx_word' id='word_1_250' title='bbox 1998 2738 2125 2793; x_wconf 88' lang='lat' dir='ltr'><strong>pro-</strong></span> 
     </span>
    </p>
   </div>
   <div class='ocr_carea' id='block_1_27' title="bbox 535 2814 2121 2887">
    <p class='ocr_par' dir='ltr' id='par_1_27' title="bbox 535 2814 2121 2887">
     <span class='ocr_line' id='line_1_27' title="bbox 535 2814 2121 2887; baseline -0.004 -12"><span class='ocrx_word' id='word_1_251' title='bbox 535 2819 698 2887; x_wconf 85' lang='lat' dir='ltr'><strong>cedit,</strong></span> <span class='ocrx_word' id='word_1_252' title='bbox 730 2820 838 2874; x_wconf 89' lang='lat' dir='ltr'><strong>vita</strong></span> <span class='ocrx_word' id='word_1_253' title='bbox 869 2819 1008 2873; x_wconf 89' lang='lat' dir='ltr'><strong>illius</strong></span> <span class='ocrx_word' id='word_1_254' title='bbox 1028 2818 1367 2882; x_wconf 83' lang='lat' dir='ltr'><strong>clariﬁcalur,</strong></span> <span class='ocrx_word' id='word_1_255' title='bbox 1391 2830 1535 2869; x_wconf 89' lang='lat' dir='ltr'><strong>mors</strong></span> <span class='ocrx_word' id='word_1_256' title='bbox 1558 2816 1697 2869; x_wconf 89' lang='lat' dir='ltr'><strong>illius</strong></span> <span class='ocrx_word' id='word_1_257' title='bbox 1718 2814 2121 2882; x_wconf 82' lang='lat' dir='ltr'><strong>manifestatur;</strong></span> 
     </span>
    </p>
   </div>
   <div class='ocr_carea' id='block_1_28' title="bbox 535 2908 2122 2985">
    <p class='ocr_par' dir='ltr' id='par_1_28' title="bbox 535 2908 2122 2985">
     <span class='ocr_line' id='line_1_28' title="bbox 535 2908 2122 2985; baseline -0.003 -17"><span class='ocrx_word' id='word_1_258' title='bbox 535 2912 776 2985; x_wconf 88' lang='lat' dir='ltr'><strong>procedit</strong></span> <span class='ocrx_word' id='word_1_259' title='bbox 795 2912 966 2967; x_wconf 89' lang='lat' dir='ltr'><strong>honor</strong></span> <span class='ocrx_word' id='word_1_260' title='bbox 997 2911 1263 2974; x_wconf 81' lang='lat' dir='ltr'><strong>foliorum,</strong></span> <span class='ocrx_word' id='word_1_261' title='bbox 1294 2908 1593 2963; x_wconf 86' lang='lat' dir='ltr'><strong>fecunditas</strong></span> <span class='ocrx_word' id='word_1_262' title='bbox 1623 2908 1884 2963; x_wconf 83' lang='lat' dir='ltr'><strong>fructuum</strong></span> <span class='ocrx_word' id='word_1_263' title='bbox 1910 2925 1923 2973; x_wconf 92' lang='lat'><strong>;</strong></span> <span class='ocrx_word' id='word_1_264' title='bbox 1956 2909 2122 2963; x_wconf 82' lang='lat' dir='ltr'><strong>vesti-</strong></span> 
     </span>
    </p>
   </div>
   <div class='ocr_carea' id='block_1_29' title="bbox 537 2997 2123 3068">
    <p class='ocr_par' dir='ltr' id='par_1_29' title="bbox 537 2997 2123 3068">
     <span class='ocr_line' id='line_1_29' title="bbox 537 2997 2123 3068; baseline -0.004 -9"><span class='ocrx_word' id='word_1_265' title='bbox 537 3014 624 3059; x_wconf 88' lang='lat' dir='ltr'><strong>tur</strong></span> <span class='ocrx_word' id='word_1_266' title='bbox 652 3002 773 3057; x_wconf 87' lang='lat' dir='ltr'><strong>vitis</strong></span> <span class='ocrx_word' id='word_1_267' title='bbox 802 3002 854 3056; x_wconf 91' lang='lat' dir='ltr'><strong>in</strong></span> <span class='ocrx_word' id='word_1_268' title='bbox 885 3001 1018 3056; x_wconf 83' lang='lat' dir='ltr'><strong>facie</strong></span> <span class='ocrx_word' id='word_1_269' title='bbox 1039 3041 1053 3066; x_wconf 95' lang='lat'><strong>,</strong></span> <span class='ocrx_word' id='word_1_270' title='bbox 1082 3015 1147 3055; x_wconf 81' lang='lat' dir='ltr'><strong>ex</strong></span> <span class='ocrx_word' id='word_1_271' title='bbox 1173 3014 1237 3054; x_wconf 92' lang='lat' dir='ltr'><strong>eo</strong></span> <span class='ocrx_word' id='word_1_272' title='bbox 1267 2997 1408 3068; x_wconf 90' lang='lat' dir='ltr'><strong>quod</strong></span> <span class='ocrx_word' id='word_1_273' title='bbox 1444 2997 1606 3053; x_wconf 87' lang='lat' dir='ltr'><strong>habet</strong></span> <span class='ocrx_word' id='word_1_274' title='bbox 1654 2998 1706 3051; x_wconf 91' lang='lat' dir='ltr'><strong>in</strong></span> <span class='ocrx_word' id='word_1_275' title='bbox 1738 2997 1935 3052; x_wconf 87' lang='lat' dir='ltr'><strong>radice.</strong></span> <span class='ocrx_word' id='word_1_276' title='bbox 1984 2999 2123 3068; x_wconf 82' lang='lat' dir='ltr'><strong>Ergo</strong></span> 
     </span>
    </p>
   </div>
   <div class='ocr_carea' id='block_1_30' title="bbox 536 3087 2119 3161">
    <p class='ocr_par' dir='ltr' id='par_1_30' title="bbox 536 3087 2119 3161">
     <span class='ocr_line' id='line_1_30' title="bbox 536 3087 2119 3161; baseline -0.006 -11"><span class='ocrx_word' id='word_1_277' title='bbox 536 3093 716 3161; x_wconf 90' lang='lat' dir='ltr'><strong>modo,</strong></span> <span class='ocrx_word' id='word_1_278' title='bbox 747 3092 954 3156; x_wconf 79' lang='lat' dir='ltr'><strong>fratres,</strong></span> <span class='ocrx_word' id='word_1_279' title='bbox 986 3090 1118 3145; x_wconf 88' lang='lat' dir='ltr'><strong>tales</strong></span> <span class='ocrx_word' id='word_1_280' title='bbox 1144 3103 1346 3155; x_wconf 88' lang='lat' dir='ltr'><strong>sumus,</strong></span> <span class='ocrx_word' id='word_1_281' title='bbox 1377 3088 1560 3158; x_wconf 88' lang='lat' dir='ltr'><strong>quales</strong></span> <span class='ocrx_word' id='word_1_282' title='bbox 1582 3098 1705 3142; x_wconf 89' lang='lat' dir='ltr'><strong>sunt</strong></span> <span class='ocrx_word' id='word_1_283' title='bbox 1729 3087 1817 3142; x_wconf 89' lang='lat' dir='ltr'><strong>alii</strong></span> <span class='ocrx_word' id='word_1_284' title='bbox 1837 3087 2080 3143; x_wconf 88' lang='lat' dir='ltr'><strong>homines</strong></span> <span class='ocrx_word' id='word_1_285' title='bbox 2106 3106 2119 3141; x_wconf 88' lang='lat'><strong>:</strong></span> 
     </span>
    </p>
   </div>
   <div class='ocr_carea' id='block_1_31' title="bbox 533 3179 2117 3255">
    <p class='ocr_par' dir='ltr' id='par_1_31' title="bbox 533 3179 2117 3255">
     <span class='ocr_line' id='line_1_31' title="bbox 533 3179 2117 3255; baseline -0.004 -15"><span class='ocrx_word' id='word_1_286' title='bbox 533 3184 801 3255; x_wconf 92' lang='lat' dir='ltr'><strong>quomodo</strong></span> <span class='ocrx_word' id='word_1_287' title='bbox 829 3190 1137 3248; x_wconf 89' lang='lat' dir='ltr'><strong>nascuntur,</strong></span> <span class='ocrx_word' id='word_1_288' title='bbox 1163 3180 1483 3235; x_wconf 86' lang='lat' dir='ltr'><strong>manducant</strong></span> <span class='ocrx_word' id='word_1_289' title='bbox 1505 3223 1519 3247; x_wconf 92' lang='lat'><strong>,</strong></span> <span class='ocrx_word' id='word_1_290' title='bbox 1548 3179 1733 3235; x_wconf 85' lang='lat' dir='ltr'><strong>bibunt</strong></span> <span class='ocrx_word' id='word_1_291' title='bbox 1757 3220 1771 3245; x_wconf 90' lang='lat'><strong>,</strong></span> <span class='ocrx_word' id='word_1_292' title='bbox 1796 3180 2117 3247; x_wconf 83' lang='lat' dir='ltr'><strong>vestiuntur,</strong></span> 
     </span>
    </p>
   </div>
   <div class='ocr_carea' id='block_1_32' title="bbox 533 3270 2122 3347">
    <p class='ocr_par' dir='ltr' id='par_1_32' title="bbox 533 3270 2122 3347">
     <span class='ocr_line' id='line_1_32' title="bbox 533 3270 2122 3347; baseline -0.004 -15"><span class='ocrx_word' id='word_1_293' title='bbox 533 3276 833 3347; x_wconf 81' lang='lat' dir='ltr'><strong>transigunt</strong></span> <span class='ocrx_word' id='word_1_294' title='bbox 883 3275 1047 3329; x_wconf 87' lang='lat' dir='ltr'><strong>vitam</strong></span> <span class='ocrx_word' id='word_1_295' title='bbox 1099 3274 1299 3337; x_wconf 85' lang='lat' dir='ltr'><strong>istam;</strong></span> <span class='ocrx_word' id='word_1_296' title='bbox 1349 3270 1426 3327; x_wconf 88' lang='lat' dir='ltr'><strong>sic</strong></span> <span class='ocrx_word' id='word_1_297' title='bbox 1473 3280 1528 3326; x_wconf 90' lang='lat' dir='ltr'><strong>et</strong></span> <span class='ocrx_word' id='word_1_298' title='bbox 1581 3272 1769 3325; x_wconf 88' lang='lat' dir='ltr'><strong>sancti.</strong></span> <span class='ocrx_word' id='word_1_299' title='bbox 1823 3270 2122 3340; x_wconf 88' lang='lat' dir='ltr'><strong>Aliquando</strong></span> 
     </span>
    </p>
   </div>
   <div class='ocr_carea' id='block_1_33' title="bbox 533 3363 2126 3441">
    <p class='ocr_par' dir='ltr' id='par_1_33' title="bbox 533 3363 2126 3441">
     <span class='ocr_line' id='line_1_33' title="bbox 533 3363 2126 3441; baseline -0.004 -17"><span class='ocrx_word' id='word_1_300' title='bbox 533 3370 648 3441; x_wconf 90' lang='lat' dir='ltr'><strong>ipsa</strong></span> <span class='ocrx_word' id='word_1_301' title='bbox 677 3383 764 3424; x_wconf 89' lang='lat' dir='ltr'><strong>res</strong></span> <span class='ocrx_word' id='word_1_302' title='bbox 801 3368 997 3438; x_wconf 90' lang='lat' dir='ltr'><strong>decipit</strong></span> <span class='ocrx_word' id='word_1_303' title='bbox 1026 3366 1286 3430; x_wconf 89' lang='lat' dir='ltr'><strong>homines,</strong></span> <span class='ocrx_word' id='word_1_304' title='bbox 1317 3373 1370 3418; x_wconf 87' lang='lat' dir='ltr'><strong>et</strong></span> <span class='ocrx_word' id='word_1_305' title='bbox 1400 3364 1583 3418; x_wconf 89' lang='lat' dir='ltr'><strong>dicunt</strong></span> <span class='ocrx_word' id='word_1_306' title='bbox 1612 3380 1625 3415; x_wconf 93' lang='lat'><strong>:</strong></span> <span class='ocrx_word' id='word_1_307' title='bbox 1661 3364 1798 3418; x_wconf 86' lang='lat' dir='ltr'><strong>Ecce</strong></span> <span class='ocrx_word' id='word_1_308' title='bbox 1819 3363 1940 3433; x_wconf 90' lang='lat' dir='ltr'><strong>quia</strong></span> <span class='ocrx_word' id='word_1_309' title='bbox 1961 3366 2126 3433; x_wconf 67' lang='lat' dir='ltr'><strong>coepit</strong></span> 
     </span>
    </p>
   </div>
   <div class='ocr_carea' id='block_1_34' title="bbox 533 3455 2123 3527">
    <p class='ocr_par' dir='ltr' id='par_1_34' title="bbox 533 3455 2123 3527">
     <span class='ocr_line' id='line_1_34' title="bbox 533 3455 2123 3527; baseline -0.006 -9"><span class='ocrx_word' id='word_1_310' title='bbox 533 3477 655 3518; x_wconf 86' lang='lat' dir='ltr'><strong>esse</strong></span> <span class='ocrx_word' id='word_1_311' title='bbox 698 3460 1022 3515; x_wconf 90' lang='lat' dir='ltr'><strong>christianus</strong></span> <span class='ocrx_word' id='word_1_312' title='bbox 1047 3501 1060 3525; x_wconf 90' lang='lat'><strong>,</strong></span> <span class='ocrx_word' id='word_1_313' title='bbox 1100 3457 1355 3527; x_wconf 90' lang='lat' dir='ltr'><strong>numquid</strong></span> <span class='ocrx_word' id='word_1_314' title='bbox 1389 3472 1493 3510; x_wconf 94' lang='lat' dir='ltr'><strong>non</strong></span> <span class='ocrx_word' id='word_1_315' title='bbox 1534 3456 1583 3510; x_wconf 90' lang='lat' dir='ltr'><strong>ci</strong></span> <span class='ocrx_word' id='word_1_316' title='bbox 1632 3456 1777 3511; x_wconf 89' lang='lat' dir='ltr'><strong>dolet</strong></span> <span class='ocrx_word' id='word_1_317' title='bbox 1801 3455 2123 3525; x_wconf 87' lang='lat' dir='ltr'><strong>caput?aut</strong></span> 
     </span>
    </p>
   </div>
   <div class='ocr_carea' id='block_1_35' title="bbox 533 3536 2121 3625">
    <p class='ocr_par' dir='ltr' id='par_1_35' title="bbox 533 3536 2121 3625">
     <span class='ocr_line' id='line_1_35' title="bbox 533 3536 2121 3625; baseline -0.004 -17"><span class='ocrx_word' id='word_1_318' title='bbox 533 3555 655 3625; x_wconf 92' lang='lat' dir='ltr'><strong>quia</strong></span> <span class='ocrx_word' id='word_1_319' title='bbox 683 3551 1001 3607; x_wconf 90' lang='lat' dir='ltr'><strong>christianus</strong></span> <span class='ocrx_word' id='word_1_320' title='bbox 1041 3560 1121 3604; x_wconf 87' lang='lat' dir='ltr'><strong>est</strong></span> <span class='ocrx_word' id='word_1_321' title='bbox 1143 3592 1156 3614; x_wconf 91' lang='lat'><strong>,</strong></span> <span class='ocrx_word' id='word_1_322' title='bbox 1206 3548 1329 3618; x_wconf 90' lang='lat' dir='ltr'><strong>quid</strong></span> <span class='ocrx_word' id='word_1_323' title='bbox 1362 3536 1523 3602; x_wconf 84' lang='lat' dir='ltr'><strong>habet</strong></span> <span class='ocrx_word' id='word_1_324' title='bbox 1552 3549 1667 3617; x_wconf 91' lang='lat' dir='ltr'><strong>plus</strong></span> <span class='ocrx_word' id='word_1_325' title='bbox 1708 3564 1737 3601; x_wconf 91' lang='lat' dir='ltr'><strong>a</strong></span> <span class='ocrx_word' id='word_1_326' title='bbox 1765 3548 1889 3602; x_wconf 89' lang='lat' dir='ltr'><strong>me?</strong></span> <span class='ocrx_word' id='word_1_327' title='bbox 1914 3547 1958 3603; x_wconf 89' lang='grc' dir='ltr'>Ο</span> <span class='ocrx_word' id='word_1_328' title='bbox 2002 3548 2121 3602; x_wconf 90' lang='lat' dir='ltr'><strong>vitis</strong></span> 
     </span>
    </p>
   </div>
   <div class='ocr_carea' id='block_1_36' title="bbox 533 3638 2128 3709">
    <p class='ocr_par' dir='ltr' id='par_1_36' title="bbox 533 3638 2128 3709">
     <span class='ocr_line' id='line_1_36' title="bbox 533 3638 2128 3709; baseline -0.004 -9"><span class='ocrx_word' id='word_1_329' title='bbox 533 3644 700 3709; x_wconf 88' lang='lat' dir='ltr'><strong>arida,</strong></span> <span class='ocrx_word' id='word_1_330' title='bbox 728 3642 956 3697; x_wconf 84' lang='lat' dir='ltr'><strong>altendis</strong></span> <span class='ocrx_word' id='word_1_331' title='bbox 981 3641 1127 3709; x_wconf 86' lang='lat' dir='ltr'><strong>juxta</strong></span> <span class='ocrx_word' id='word_1_332' title='bbox 1160 3649 1209 3694; x_wconf 91' lang='lat' dir='ltr'><strong>te</strong></span> <span class='ocrx_word' id='word_1_333' title='bbox 1249 3640 1406 3694; x_wconf 88' lang='lat' dir='ltr'><strong>vitem</strong></span> <span class='ocrx_word' id='word_1_334' title='bbox 1435 3638 1629 3692; x_wconf 89' lang='lat' dir='ltr'><strong>nudam</strong></span> <span class='ocrx_word' id='word_1_335' title='bbox 1664 3639 1715 3692; x_wconf 91' lang='lat' dir='ltr'><strong>in</strong></span> <span class='ocrx_word' id='word_1_336' title='bbox 1747 3638 1993 3703; x_wconf 88' lang='lat' dir='ltr'><strong>hiberno,</strong></span> <span class='ocrx_word' id='word_1_337' title='bbox 2028 3639 2128 3693; x_wconf 90' lang='lat' dir='ltr'><strong>sed</strong></span> 
     </span>
    </p>
   </div>
   <div class='ocr_carea' id='block_1_37' title="bbox 535 3728 2123 3796">
    <p class='ocr_par' dir='ltr' id='par_1_37' title="bbox 535 3728 2123 3796">
     <span class='ocr_line' id='line_1_37' title="bbox 535 3728 2123 3796; baseline -0.004 -6"><span class='ocrx_word' id='word_1_338' title='bbox 535 3751 643 3790; x_wconf 91' lang='lat' dir='ltr'><strong>non</strong></span> <span class='ocrx_word' id='word_1_339' title='bbox 670 3733 894 3788; x_wconf 89' lang='lat' dir='ltr'><strong>aridam.</strong></span> <span class='ocrx_word' id='word_1_340' title='bbox 919 3731 1098 3786; x_wconf 66' lang='lat' dir='ltr'><strong>[Estas</strong></span> <span class='ocrx_word' id='word_1_341' title='bbox 1118 3731 1297 3785; x_wconf 89' lang='lat' dir='ltr'><strong>veniet</strong></span> <span class='ocrx_word' id='word_1_342' title='bbox 1323 3730 1361 3796; x_wconf 83' lang='grc'><strong>¹,</strong></span> <span class='ocrx_word' id='word_1_343' title='bbox 1397 3729 1577 3783; x_wconf 86' lang='lat' dir='ltr'><strong>veniet</strong></span> <span class='ocrx_word' id='word_1_344' title='bbox 1621 3728 1878 3783; x_wconf 87' lang='lat' dir='ltr'><strong>Dominus</strong></span> <span class='ocrx_word' id='word_1_345' title='bbox 1902 3771 1917 3796; x_wconf 94' lang='lat'><strong>,</strong></span> <span class='ocrx_word' id='word_1_346' title='bbox 1950 3728 2123 3783; x_wconf 86' lang='lat' dir='ltr'><strong>honor</strong></span> 
     </span>
    </p>
   </div>
   <div class='ocr_carea' id='block_1_38' title="bbox 533 3819 2123 3894">
    <p class='ocr_par' dir='ltr' id='par_1_38' title="bbox 533 3819 2123 3894">
     <span class='ocr_line' id='line_1_38' title="bbox 533 3819 2123 3894; baseline -0.004 -14"><span class='ocrx_word' id='word_1_347' title='bbox 533 3835 737 3890; x_wconf 89' lang='lat' dir='ltr'><strong>noster,</strong></span> <span class='ocrx_word' id='word_1_348' title='bbox 772 3824 861 3894; x_wconf 91' lang='lat' dir='ltr'><strong>qui</strong></span> <span class='ocrx_word' id='word_1_349' title='bbox 884 3823 1080 3878; x_wconf 83' lang='lat' dir='ltr'><strong>latebat</strong></span> <span class='ocrx_word' id='word_1_350' title='bbox 1104 3822 1155 3875; x_wconf 93' lang='lat' dir='ltr'><strong>in</strong></span> <span class='ocrx_word' id='word_1_351' title='bbox 1187 3821 1402 3887; x_wconf 90' lang='lat' dir='ltr'><strong>radice;</strong></span> <span class='ocrx_word' id='word_1_352' title='bbox 1433 3829 1487 3875; x_wconf 90' lang='lat' dir='ltr'><strong>et</strong></span> <span class='ocrx_word' id='word_1_353' title='bbox 1532 3829 1655 3874; x_wconf 91' lang='lat' dir='ltr'><strong>tunc</strong></span> <span class='ocrx_word' id='word_1_354' title='bbox 1695 3819 1937 3874; x_wconf 74' lang='lat' dir='ltr'><strong>exaltabit</strong></span> <span class='ocrx_word' id='word_1_355' title='bbox 1959 3837 2123 3874; x_wconf 86' lang='lat' dir='ltr'><strong>cornu</strong></span> 
     </span>
    </p>
   </div>
   <div class='ocr_carea' id='block_1_39' title="bbox 537 3910 2110 3988">
    <p class='ocr_par' dir='ltr' id='par_1_39' title="bbox 537 3910 2110 3988">
     <span class='ocr_line' id='line_1_39' title="bbox 537 3910 2110 3988; baseline -0.006 -16"><span class='ocrx_word' id='word_1_356' title='bbox 537 3917 712 3988; x_wconf 88' lang='lat' dir='ltr'><strong>populi</strong></span> <span class='ocrx_word' id='word_1_357' title='bbox 738 3917 816 3969; x_wconf 87' lang='lat' dir='ltr'><strong>sui</strong></span> <span class='ocrx_word' id='word_1_358' title='bbox 847 3957 861 3982; x_wconf 93' lang='lat'><strong>,</strong></span> <span class='ocrx_word' id='word_1_359' title='bbox 893 3922 1011 3984; x_wconf 91' lang='lat' dir='ltr'><strong>post</strong></span> <span class='ocrx_word' id='word_1_360' title='bbox 1036 3912 1394 3981; x_wconf 88' lang='lat' dir='ltr'><strong>captivitatem</strong></span> <span class='ocrx_word' id='word_1_361' title='bbox 1440 3910 1490 3963; x_wconf 92' lang='lat' dir='ltr'><strong>in</strong></span> <span class='ocrx_word' id='word_1_362' title='bbox 1524 3925 1622 3979; x_wconf 88' lang='lat' dir='ltr'><strong>qua</strong></span> <span class='ocrx_word' id='word_1_363' title='bbox 1669 3910 1964 3964; x_wconf 90' lang='lat' dir='ltr'><strong>mortaliter</strong></span> <span class='ocrx_word' id='word_1_364' title='bbox 1991 3910 2110 3964; x_wconf 82' lang='lat' dir='ltr'><strong>vivi-</strong></span> 
     </span>
    </p>
   </div>
   <div class='ocr_carea' id='block_1_40' title="bbox 534 3998 2121 4071">
    <p class='ocr_par' dir='ltr' id='par_1_40' title="bbox 534 3998 2121 4071">
     <span class='ocr_line' id='line_1_40' title="bbox 534 3998 2121 4071; baseline -0.007 -9"><span class='ocrx_word' id='word_1_365' title='bbox 534 4021 672 4062; x_wconf 87' lang='lat' dir='ltr'><strong>mus.</strong></span> <span class='ocrx_word' id='word_1_366' title='bbox 709 4004 861 4061; x_wconf 91' lang='lat' dir='ltr'><strong>Unde</strong></span> <span class='ocrx_word' id='word_1_367' title='bbox 883 4003 1011 4057; x_wconf 89' lang='lat' dir='ltr'><strong>dicit</strong></span> <span class='ocrx_word' id='word_1_368' title='bbox 1043 4000 1330 4071; x_wconf 88' lang='lat' dir='ltr'><strong>Apostolus</strong></span> <span class='ocrx_word' id='word_1_369' title='bbox 1362 4017 1374 4051; x_wconf 95' lang='lat'>:</span> <span class='ocrx_word' id='word_1_370' title='bbox 1410 3998 1583 4052; x_wconf 81' lang='lat' dir='ltr'><strong>Nolite</strong></span> <span class='ocrx_word' id='word_1_371' title='bbox 1610 4006 1727 4051; x_wconf 86' lang='lat' dir='ltr'><strong>ante</strong></span> <span class='ocrx_word' id='word_1_372' title='bbox 1755 4005 1947 4066; x_wconf 84' lang='lat' dir='ltr'><strong>tempus</strong></span> <span class='ocrx_word' id='word_1_373' title='bbox 1968 4000 2121 4067; x_wconf 83' lang='lat' dir='ltr'><strong>quid-</strong></span> 
     </span>
    </p>
   </div>
   <div class='ocr_carea' id='block_1_41' title="bbox 533 4088 2124 4169">
    <p class='ocr_par' dir='ltr' id='par_1_41' title="bbox 533 4088 2124 4169">
     <span class='ocr_line' id='line_1_41' title="bbox 533 4088 2124 4169; baseline -0.006 -17"><span class='ocrx_word' id='word_1_374' title='bbox 533 4113 684 4169; x_wconf 82' lang='lat' dir='ltr'><strong>quam</strong></span> <span class='ocrx_word' id='word_1_375' title='bbox 725 4096 961 4168; x_wconf 85' lang='lat' dir='ltr'><strong>judicare</strong></span> <span class='ocrx_word' id='word_1_376' title='bbox 984 4136 998 4159; x_wconf 92' lang='lat'><strong>,</strong></span> <span class='ocrx_word' id='word_1_377' title='bbox 1050 4092 1206 4146; x_wconf 85' lang='lat' dir='ltr'><strong>donec</strong></span> <span class='ocrx_word' id='word_1_378' title='bbox 1236 4091 1398 4145; x_wconf 83' lang='lat' dir='ltr'><strong>veniat</strong></span> <span class='ocrx_word' id='word_1_379' title='bbox 1436 4089 1684 4143; x_wconf 85' lang='lat' dir='ltr'><strong>Dominus</strong></span> <span class='ocrx_word' id='word_1_380' title='bbox 1705 4129 1719 4153; x_wconf 91' lang='lat'><strong>,</strong></span> <span class='ocrx_word' id='word_1_381' title='bbox 1750 4096 1796 4141; x_wconf 89' lang='lat' dir='ltr'><strong>et</strong></span> <span class='ocrx_word' id='word_1_382' title='bbox 1824 4088 2124 4143; x_wconf 85' lang='lat' dir='ltr'><strong>illuminabit</strong></span> 
     </span>
    </p>
   </div>
   <div class='ocr_carea' id='block_1_42' title="bbox 534 4179 2122 4249">
    <p class='ocr_par' dir='ltr' id='par_1_42' title="bbox 534 4179 2122 4249">
     <span class='ocr_line' id='line_1_42' title="bbox 534 4179 2122 4249; baseline -0.005 -6"><span class='ocrx_word' id='word_1_383' title='bbox 534 4188 827 4243; x_wconf 90' lang='lat' dir='ltr'><strong>abscondita</strong></span> <span class='ocrx_word' id='word_1_384' title='bbox 848 4185 1199 4247; x_wconf 79' lang='lat' dir='ltr'><strong>tenebrarum;</strong></span> <span class='ocrx_word' id='word_1_385' title='bbox 1224 4190 1268 4235; x_wconf 87' lang='lat' dir='ltr'><strong>et</strong></span> <span class='ocrx_word' id='word_1_386' title='bbox 1290 4191 1407 4235; x_wconf 89' lang='lat' dir='ltr'><strong>tunc</strong></span> <span class='ocrx_word' id='word_1_387' title='bbox 1422 4182 1535 4236; x_wconf 85' lang='lat' dir='ltr'><strong>laus</strong></span> <span class='ocrx_word' id='word_1_388' title='bbox 1554 4181 1646 4235; x_wconf 87' lang='lat' dir='ltr'><strong>erit</strong></span> <span class='ocrx_word' id='word_1_389' title='bbox 1672 4180 1937 4249; x_wconf 81' lang='lat' dir='ltr'><strong>unicuique</strong></span> <span class='ocrx_word' id='word_1_390' title='bbox 1962 4197 1993 4233; x_wconf 93' lang='lat' dir='ltr'><strong>a</strong></span> <span class='ocrx_word' id='word_1_391' title='bbox 2017 4179 2122 4235; x_wconf 90' lang='lat' dir='ltr'><strong>Deo</strong></span> 
     </span>
    </p>
   </div>
   <div class='ocr_carea' id='block_1_43' title="bbox 534 4270 2122 4352">
    <p class='ocr_par' dir='ltr' id='par_1_43' title="bbox 534 4270 2122 4352">
     <span class='ocr_line' id='line_1_43' title="bbox 534 4270 2122 4352; baseline -0.004 -19"><span class='ocrx_word' id='word_1_392' title='bbox 534 4282 552 4352; x_wconf 94' lang='lat'><strong>(</strong></span> <span class='ocrx_word' id='word_1_393' title='bbox 583 4280 603 4333; x_wconf 92' lang='grc' dir='ltr'><strong>ι</strong></span> <span class='ocrx_word' id='word_1_394' title='bbox 632 4280 749 4335; x_wconf 86' lang='lat' dir='ltr'><strong>Cor.</strong></span> <span class='ocrx_word' id='word_1_395' title='bbox 780 4294 851 4344; x_wconf 74' lang='grc' dir='ltr'><strong>ιν,</strong></span> <span class='ocrx_word' id='word_1_396' title='bbox 875 4276 973 4349; x_wconf 86' lang='lat'><strong>5).</strong></span> <span class='ocrx_word' id='word_1_397' title='bbox 1004 4274 1111 4331; x_wconf 91' lang='lat' dir='ltr'><strong>Sed</strong></span> <span class='ocrx_word' id='word_1_398' title='bbox 1140 4274 1273 4330; x_wconf 91' lang='lat' dir='ltr'><strong>dicis</strong></span> <span class='ocrx_word' id='word_1_399' title='bbox 1314 4272 1443 4326; x_wconf 90' lang='lat' dir='ltr'><strong>mihi</strong></span> <span class='ocrx_word' id='word_1_400' title='bbox 1469 4289 1480 4325; x_wconf 92' lang='lat'><strong>:</strong></span> <span class='ocrx_word' id='word_1_401' title='bbox 1512 4270 1615 4327; x_wconf 86' lang='lat' dir='ltr'><strong>Ubi</strong></span> <span class='ocrx_word' id='word_1_402' title='bbox 1642 4280 1724 4325; x_wconf 92' lang='lat' dir='ltr'><strong>est</strong></span> <span class='ocrx_word' id='word_1_403' title='bbox 1762 4270 1909 4324; x_wconf 82' lang='lat' dir='ltr'><strong>radix</strong></span> <span class='ocrx_word' id='word_1_404' title='bbox 1955 4286 2073 4326; x_wconf 89' lang='lat' dir='ltr'><strong>mea</strong></span> <span class='ocrx_word' id='word_1_405' title='bbox 2099 4273 2122 4326; x_wconf 93' lang='lat'><strong>?</strong></span> 
     </span>
    </p>
   </div>
   <div class='ocr_carea' id='block_1_44' title="bbox 535 4360 2120 4430">
    <p class='ocr_par' dir='ltr' id='par_1_44' title="bbox 535 4360 2120 4430">
     <span class='ocr_line' id='line_1_44' title="bbox 535 4360 2120 4430; baseline -0.006 -5"><span class='ocrx_word' id='word_1_406' title='bbox 535 4370 626 4425; x_wconf 90' lang='lat' dir='ltr'><strong>ubi</strong></span> <span class='ocrx_word' id='word_1_407' title='bbox 652 4377 735 4424; x_wconf 90' lang='lat' dir='ltr'><strong>est</strong></span> <span class='ocrx_word' id='word_1_408' title='bbox 757 4368 958 4422; x_wconf 85' lang='lat' dir='ltr'><strong>fructus</strong></span> <span class='ocrx_word' id='word_1_409' title='bbox 984 4365 1171 4420; x_wconf 85' lang='lat' dir='ltr'><strong>meus?</strong></span> <span class='ocrx_word' id='word_1_410' title='bbox 1191 4364 1247 4419; x_wconf 92' lang='lat' dir='ltr'><strong>Si</strong></span> <span class='ocrx_word' id='word_1_411' title='bbox 1291 4362 1467 4418; x_wconf 87' lang='lat' dir='ltr'><strong>credis</strong></span> <span class='ocrx_word' id='word_1_412' title='bbox 1492 4404 1507 4430; x_wconf 94' lang='lat'><strong>,</strong></span> <span class='ocrx_word' id='word_1_413' title='bbox 1540 4362 1683 4417; x_wconf 90' lang='lat' dir='ltr'><strong>nosti</strong></span> <span class='ocrx_word' id='word_1_414' title='bbox 1724 4360 1827 4415; x_wconf 89' lang='lat' dir='ltr'><strong>ubi.</strong></span> <span class='ocrx_word' id='word_1_415' title='bbox 1843 4369 1925 4415; x_wconf 85' lang='lat' dir='ltr'><strong>est</strong></span> <span class='ocrx_word' id='word_1_416' title='bbox 1966 4361 2120 4416; x_wconf 79' lang='lat' dir='ltr'><strong>radix</strong></span> 
     </span>
    </p>
   </div>
   <div class='ocr_carea' id='block_1_45' title="bbox 538 4452 2125 4524">
    <p class='ocr_par' dir='ltr' id='par_1_45' title="bbox 538 4452 2125 4524">
     <span class='ocr_line' id='line_1_45' title="bbox 538 4452 2125 4524; baseline -0.007 -5"><span class='ocrx_word' id='word_1_417' title='bbox 538 4472 646 4519; x_wconf 88' lang='lat' dir='ltr'><strong>tua.</strong></span> <span class='ocrx_word' id='word_1_418' title='bbox 673 4459 749 4516; x_wconf 90' lang='lat' dir='ltr'><strong>lbi</strong></span> <span class='ocrx_word' id='word_1_419' title='bbox 768 4467 849 4514; x_wconf 89' lang='lat' dir='ltr'><strong>est</strong></span> <span class='ocrx_word' id='word_1_420' title='bbox 869 4458 1033 4524; x_wconf 90' lang='lat' dir='ltr'><strong>enim,</strong></span> <span class='ocrx_word' id='word_1_421' title='bbox 1058 4458 1145 4511; x_wconf 91' lang='lat' dir='ltr'><strong>ubi</strong></span> <span class='ocrx_word' id='word_1_422' title='bbox 1176 4464 1257 4510; x_wconf 84' lang='lat' dir='ltr'><strong>est</strong></span> <span class='ocrx_word' id='word_1_423' title='bbox 1278 4454 1407 4509; x_wconf 89' lang='lat' dir='ltr'><strong>ﬁdes</strong></span> <span class='ocrx_word' id='word_1_424' title='bbox 1428 4463 1535 4521; x_wconf 86' lang='lat' dir='ltr'><strong>tua,</strong></span> <span class='ocrx_word' id='word_1_425' title='bbox 1560 4454 1647 4509; x_wconf 89' lang='lat' dir='ltr'><strong>ubi</strong></span> <span class='ocrx_word' id='word_1_426' title='bbox 1675 4468 1799 4523; x_wconf 88' lang='lat' dir='ltr'><strong>spes</strong></span> <span class='ocrx_word' id='word_1_427' title='bbox 1819 4461 1901 4509; x_wconf 88' lang='lat' dir='ltr'><strong>est</strong></span> <span class='ocrx_word' id='word_1_428' title='bbox 1924 4452 2125 4508; x_wconf 86' lang='lat' dir='ltr'><strong>etcha-</strong></span> 
     </span>
    </p>
   </div>
   <div class='ocr_carea' id='block_1_46' title="bbox 537 4544 2122 4617">
    <p class='ocr_par' dir='ltr' id='par_1_46' title="bbox 537 4544 2122 4617">
     <span class='ocr_line' id='line_1_46' title="bbox 537 4544 2122 4617; baseline -0.007 -8"><span class='ocrx_word' id='word_1_429' title='bbox 537 4555 667 4610; x_wconf 89' lang='lat' dir='ltr'><strong>ritas</strong></span> <span class='ocrx_word' id='word_1_430' title='bbox 694 4562 801 4607; x_wconf 86' lang='lat' dir='ltr'><strong>tua.</strong></span> <span class='ocrx_word' id='word_1_431' title='bbox 830 4548 966 4604; x_wconf 86' lang='lat' dir='ltr'><strong>Audi</strong></span> <span class='ocrx_word' id='word_1_432' title='bbox 1009 4546 1321 4617; x_wconf 88' lang='lat' dir='ltr'><strong>Apostolum</strong></span> <span class='ocrx_word' id='word_1_433' title='bbox 1354 4562 1367 4597; x_wconf 87' lang='lat'>:</span> <span class='ocrx_word' id='word_1_434' title='bbox 1414 4545 1605 4598; x_wconf 81' lang='lat' dir='ltr'><strong>Mortui</strong></span> <span class='ocrx_word' id='word_1_435' title='bbox 1633 4546 1764 4598; x_wconf 88' lang='lat' dir='ltr'><strong>enim</strong></span> <span class='ocrx_word' id='word_1_436' title='bbox 1793 4546 1926 4598; x_wconf 84' lang='lat' dir='ltr'><strong>estis.</strong></span> <span class='ocrx_word' id='word_1_437' title='bbox 1960 4544 2122 4611; x_wconf 85' lang='lat' dir='ltr'><strong>Quasi</strong></span> 
     </span>
    </p>
   </div>
   <div class='ocr_carea' id='block_1_47' title="bbox 536 4633 2123 4714">
    <p class='ocr_par' dir='ltr' id='par_1_47' title="bbox 536 4633 2123 4714">
     <span class='ocr_line' id='line_1_47' title="bbox 536 4633 2123 4714; baseline -0.008 -15"><span class='ocrx_word' id='word_1_438' title='bbox 536 4658 635 4714; x_wconf 84' lang='lat' dir='ltr'><strong>per</strong></span> <span class='ocrx_word' id='word_1_439' title='bbox 662 4641 890 4696; x_wconf 91' lang='lat' dir='ltr'><strong>hiemem</strong></span> <span class='ocrx_word' id='word_1_440' title='bbox 915 4636 1109 4692; x_wconf 89' lang='lat' dir='ltr'><strong>mortui</strong></span> <span class='ocrx_word' id='word_1_441' title='bbox 1135 4635 1494 4706; x_wconf 89' lang='lat' dir='ltr'><strong>apparebant;</strong></span> <span class='ocrx_word' id='word_1_442' title='bbox 1523 4634 1642 4689; x_wconf 90' lang='lat' dir='ltr'><strong>audi</strong></span> <span class='ocrx_word' id='word_1_443' title='bbox 1667 4635 1786 4704; x_wconf 89' lang='lat' dir='ltr'><strong>quia</strong></span> <span class='ocrx_word' id='word_1_444' title='bbox 1805 4635 1989 4689; x_wconf 87' lang='lat' dir='ltr'><strong>vivunt</strong></span> <span class='ocrx_word' id='word_1_445' title='bbox 2018 4652 2030 4687; x_wconf 87' lang='lat'><strong>:</strong></span> <span class='ocrx_word' id='word_1_446' title='bbox 2055 4633 2123 4688; x_wconf 86' lang='lat' dir='ltr'><strong>Et</strong></span> 
     </span>
    </p>
   </div>
   <div class='ocr_carea' id='block_1_48' title="bbox 535 4724 2121 4788">
    <p class='ocr_par' dir='ltr' id='par_1_48' title="bbox 535 4724 2121 4788">
     <span class='ocr_line' id='line_1_48' title="bbox 535 4724 2121 4788; baseline -0.005 0"><span class='ocrx_word' id='word_1_447' title='bbox 535 4734 639 4788; x_wconf 80' lang='lat' dir='ltr'><strong>vita</strong></span> <span class='ocrx_word' id='word_1_448' title='bbox 662 4742 826 4787; x_wconf 84' lang='lat' dir='ltr'><strong>vestra</strong></span> <span class='ocrx_word' id='word_1_449' title='bbox 853 4728 1148 4785; x_wconf 87' lang='lat' dir='ltr'><strong>abscondita</strong></span> <span class='ocrx_word' id='word_1_450' title='bbox 1178 4735 1251 4781; x_wconf 88' lang='lat' dir='ltr'><strong>est</strong></span> <span class='ocrx_word' id='word_1_451' title='bbox 1274 4741 1387 4780; x_wconf 88' lang='lat' dir='ltr'><strong>cum</strong></span> <span class='ocrx_word' id='word_1_452' title='bbox 1412 4724 1612 4781; x_wconf 83' lang='lat' dir='ltr'><strong>Christo</strong></span> <span class='ocrx_word' id='word_1_453' title='bbox 1636 4726 1688 4778; x_wconf 89' lang='lat' dir='ltr'><strong>in</strong></span> <span class='ocrx_word' id='word_1_454' title='bbox 1711 4725 1840 4780; x_wconf 86' lang='lat' dir='ltr'><strong>Deo.</strong></span> <span class='ocrx_word' id='word_1_455' title='bbox 1867 4725 2004 4781; x_wconf 90' lang='lat' dir='ltr'><strong>Ecce</strong></span> <span class='ocrx_word' id='word_1_456' title='bbox 2035 4726 2121 4781; x_wconf 90' lang='lat' dir='ltr'><strong>ubi</strong></span> 
     </span>
    </p>
   </div>
   <div class='ocr_carea' id='block_1_49' title="bbox 538 4817 2123 4888">
    <p class='ocr_par' dir='ltr' id='par_1_49' title="bbox 538 4817 2123 4888">
     <span class='ocr_line' id='line_1_49' title="bbox 538 4817 2123 4888; baseline -0.005 -9"><span class='ocrx_word' id='word_1_457' title='bbox 538 4823 703 4879; x_wconf 87' lang='lat' dir='ltr'><strong>habes</strong></span> <span class='ocrx_word' id='word_1_458' title='bbox 749 4820 1004 4876; x_wconf 88' lang='lat' dir='ltr'><strong>radicem.</strong></span> <span class='ocrx_word' id='word_1_459' title='bbox 1063 4818 1285 4887; x_wconf 90' lang='lat' dir='ltr'><strong>Quando</strong></span> <span class='ocrx_word' id='word_1_460' title='bbox 1332 4832 1459 4888; x_wconf 82' lang='lat' dir='ltr'><strong>ergo</strong></span> <span class='ocrx_word' id='word_1_461' title='bbox 1524 4817 1726 4871; x_wconf 86' lang='lat' dir='ltr'><strong>honore</strong></span> <span class='ocrx_word' id='word_1_462' title='bbox 1790 4818 2123 4873; x_wconf 78' lang='lat' dir='ltr'><strong>ornaberis?</strong></span> 
     </span>
    </p>
   </div>
   <div class='ocr_carea' id='block_1_50' title="bbox 538 4908 2117 4986">
    <p class='ocr_par' dir='ltr' id='par_1_50' title="bbox 538 4908 2117 4986">
     <span class='ocr_line' id='line_1_50' title="bbox 538 4908 2117 4986; baseline -0.005 -17"><span class='ocrx_word' id='word_1_463' title='bbox 538 4913 751 4986; x_wconf 87' lang='lat' dir='ltr'><strong>quando</strong></span> <span class='ocrx_word' id='word_1_464' title='bbox 781 4911 1148 4968; x_wconf 86' lang='lat' dir='ltr'><strong>lecundaberis</strong></span> <span class='ocrx_word' id='word_1_465' title='bbox 1181 4910 1392 4965; x_wconf 82' lang='lat' dir='ltr'><strong>fructu?</strong></span> <span class='ocrx_word' id='word_1_466' title='bbox 1418 4908 1555 4964; x_wconf 87' lang='lat' dir='ltr'><strong>Audi</strong></span> <span class='ocrx_word' id='word_1_467' title='bbox 1584 4909 1732 4963; x_wconf 93' lang='lat' dir='ltr'><strong>illum</strong></span> <span class='ocrx_word' id='word_1_468' title='bbox 1763 4917 2073 4978; x_wconf 87' lang='lat' dir='ltr'><strong>sequentem</strong></span> <span class='ocrx_word' id='word_1_469' title='bbox 2105 4925 2117 4961; x_wconf 91' lang='lat'><strong>:</strong></span> 
     </span>
    </p>
   </div>
   <div class='ocr_carea' id='block_1_51' title="bbox 538 5001 2123 5073">
    <p class='ocr_par' dir='ltr' id='par_1_51' title="bbox 538 5001 2123 5073">
     <span class='ocr_line' id='line_1_51' title="bbox 538 5001 2123 5073; baseline -0.004 -14"><span class='ocrx_word' id='word_1_470' title='bbox 538 5004 666 5059; x_wconf 87' lang='lat' dir='ltr'><strong>Cum</strong></span> <span class='ocrx_word' id='word_1_471' title='bbox 691 5004 923 5059; x_wconf 83' lang='lat' dir='ltr'><strong>Christus</strong></span> <span class='ocrx_word' id='word_1_472' title='bbox 951 5002 1265 5073; x_wconf 82' lang='lat' dir='ltr'><strong>apparuerit,</strong></span> <span class='ocrx_word' id='word_1_473' title='bbox 1289 5001 1390 5055; x_wconf 86' lang='lat' dir='ltr'><strong>vita</strong></span> <span class='ocrx_word' id='word_1_474' title='bbox 1415 5009 1596 5065; x_wconf 84' lang='lat' dir='ltr'><strong>vestra,</strong></span> <span class='ocrx_word' id='word_1_475' title='bbox 1626 5009 1743 5054; x_wconf 89' lang='lat' dir='ltr'><strong>tunc</strong></span> <span class='ocrx_word' id='word_1_476' title='bbox 1768 5008 1814 5053; x_wconf 89' lang='lat' dir='ltr'><strong>et</strong></span> <span class='ocrx_word' id='word_1_477' title='bbox 1842 5014 1927 5053; x_wconf 82' lang='lat' dir='ltr'><strong>vos</strong></span> <span class='ocrx_word' id='word_1_478' title='bbox 1955 5015 2123 5068; x_wconf 81' lang='lat' dir='ltr'><strong>appa-</strong></span> 
     </span>
    </p>
   </div>
   <div class='ocr_carea' id='block_1_52' title="bbox 537 5087 2124 5165">
    <p class='ocr_par' dir='ltr' id='par_1_52' title="bbox 537 5087 2124 5165">
     <span class='ocr_line' id='line_1_52' title="bbox 537 5087 2124 5165; baseline -0.003 -16"><span class='ocrx_word' id='word_1_479' title='bbox 537 5096 706 5150; x_wconf 89' lang='lat' dir='ltr'><strong>rebitis</strong></span> <span class='ocrx_word' id='word_1_480' title='bbox 734 5111 848 5149; x_wconf 88' lang='lat' dir='ltr'><strong>cum</strong></span> <span class='ocrx_word' id='word_1_481' title='bbox 872 5096 983 5165; x_wconf 90' lang='lat' dir='ltr'><strong>ipso</strong></span> <span class='ocrx_word' id='word_1_482' title='bbox 1012 5094 1065 5147; x_wconf 91' lang='lat' dir='ltr'><strong>in</strong></span> <span class='ocrx_word' id='word_1_483' title='bbox 1094 5094 1257 5164; x_wconf 88' lang='lat' dir='ltr'><strong>gloria</strong></span> <span class='ocrx_word' id='word_1_484' title='bbox 1283 5093 1301 5164; x_wconf 97' lang='lat'>(</span> <span class='ocrx_word' id='word_1_485' title='bbox 1318 5092 1512 5148; x_wconf 89' lang='lat' dir='ltr'><strong>Coloss.</strong></span> <span class='ocrx_word' id='word_1_486' title='bbox 1547 5107 1639 5159; x_wconf 89' lang='grc' dir='ltr'>ιιι,</span> <span class='ocrx_word' id='word_1_487' title='bbox 1672 5093 1735 5159; x_wconf 80' lang='lat'><strong>5,</strong></span> <span class='ocrx_word' id='word_1_488' title='bbox 1764 5089 1852 5162; x_wconf 71' lang='grc' dir='ltr'><strong>Δ).</strong></span> <span class='ocrx_word' id='word_1_489' title='bbox 1880 5089 1949 5143; x_wconf 84' lang='lat' dir='ltr'><strong>Et</strong></span> <span class='ocrx_word' id='word_1_490' title='bbox 1977 5087 2124 5145; x_wconf 72' lang='lat' dir='ltr'><strong>exal-</strong></span> 
     </span>
    </p>
   </div>
   <div class='ocr_carea' id='block_1_53' title="bbox 536 5184 1173 5255">
    <p class='ocr_par' dir='ltr' id='par_1_53' title="bbox 536 5184 1173 5255">
     <span class='ocr_line' id='line_1_53' title="bbox 536 5184 1173 5255; baseline -0.002 -15"><span class='ocrx_word' id='word_1_491' title='bbox 536 5187 658 5241; x_wconf 86' lang='lat' dir='ltr'><strong>tabit</strong></span> <span class='ocrx_word' id='word_1_492' title='bbox 684 5202 837 5239; x_wconf 89' lang='lat' dir='ltr'><strong>cornu</strong></span> <span class='ocrx_word' id='word_1_493' title='bbox 868 5185 1043 5255; x_wconf 79' lang='lat' dir='ltr'><strong>populi</strong></span> <span class='ocrx_word' id='word_1_494' title='bbox 1071 5184 1173 5239; x_wconf 88' lang='lat' dir='ltr'><strong>sui.</strong></span> 
     </span>
    </p>
   </div>
   <div class='ocr_carea' id='block_1_54' title="bbox 611 5272 2124 5347">
    <p class='ocr_par' dir='ltr' id='par_1_54' title="bbox 611 5272 2124 5347">
     <span class='ocr_line' id='line_1_54' title="bbox 611 5272 2124 5347; baseline -0.004 -13"><span class='ocrx_word' id='word_1_495' title='bbox 611 5280 699 5334; x_wconf 82' lang='grc'><strong>17.</strong></span> <span class='ocrx_word' id='word_1_496' title='bbox 744 5276 985 5347; x_wconf 82' lang='lat' dir='ltr'><strong>Hymnus</strong></span> <span class='ocrx_word' id='word_1_497' title='bbox 1030 5274 1260 5330; x_wconf 88' lang='lat' dir='ltr'><strong>omnibus</strong></span> <span class='ocrx_word' id='word_1_498' title='bbox 1302 5276 1488 5329; x_wconf 86' lang='lat' dir='ltr'><strong>sanctis</strong></span> <span class='ocrx_word' id='word_1_499' title='bbox 1528 5275 1660 5344; x_wconf 86' lang='lat' dir='ltr'><strong>ejus.</strong></span> <span class='ocrx_word' id='word_1_500' title='bbox 1709 5274 1948 5344; x_wconf 83' lang='lat' dir='ltr'><strong>Hymnus</strong></span> <span class='ocrx_word' id='word_1_501' title='bbox 1976 5272 2124 5328; x_wconf 87' lang='lat' dir='ltr'><strong>scitis</strong></span> 
     </span>
    </p>
   </div>
   <div class='ocr_carea' id='block_1_55' title="bbox 536 5365 2118 5444">
    <p class='ocr_par' dir='ltr' id='par_1_55' title="bbox 536 5365 2118 5444">
     <span class='ocr_line' id='line_1_55' title="bbox 536 5365 2118 5444; baseline -0.006 -15"><span class='ocrx_word' id='word_1_502' title='bbox 536 5371 663 5444; x_wconf 88' lang='lat' dir='ltr'><strong>quid</strong></span> <span class='ocrx_word' id='word_1_503' title='bbox 695 5371 815 5427; x_wconf 88' lang='lat' dir='ltr'><strong>est?</strong></span> <span class='ocrx_word' id='word_1_504' title='bbox 841 5370 1042 5425; x_wconf 87' lang='lat' dir='ltr'><strong>Cantus</strong></span> <span class='ocrx_word' id='word_1_505' title='bbox 1063 5378 1146 5423; x_wconf 91' lang='lat' dir='ltr'><strong>est</strong></span> <span class='ocrx_word' id='word_1_506' title='bbox 1172 5383 1291 5423; x_wconf 91' lang='lat' dir='ltr'><strong>cum</strong></span> <span class='ocrx_word' id='word_1_507' title='bbox 1314 5367 1468 5423; x_wconf 89' lang='lat' dir='ltr'><strong>laude</strong></span> <span class='ocrx_word' id='word_1_508' title='bbox 1491 5367 1605 5422; x_wconf 90' lang='lat' dir='ltr'><strong>Dei.</strong></span> <span class='ocrx_word' id='word_1_509' title='bbox 1635 5367 1693 5422; x_wconf 77' lang='lat' dir='ltr'><strong>Si</strong></span> <span class='ocrx_word' id='word_1_510' title='bbox 1718 5366 1902 5422; x_wconf 90' lang='lat' dir='ltr'><strong>laudas</strong></span> <span class='ocrx_word' id='word_1_511' title='bbox 1932 5365 2118 5430; x_wconf 88' lang='lat' dir='ltr'><strong>Deum,</strong></span> 
     </span>
    </p>
   </div>
   <div class='ocr_carea' id='block_1_56' title="bbox 540 5457 2123 5530">
    <p class='ocr_par' dir='ltr' id='par_1_56' title="bbox 540 5457 2123 5530">
     <span class='ocr_line' id='line_1_56' title="bbox 540 5457 2123 5530; baseline -0.007 -9"><span class='ocrx_word' id='word_1_512' title='bbox 540 5474 597 5521; x_wconf 91' lang='lat' dir='ltr'><strong>et</strong></span> <span class='ocrx_word' id='word_1_513' title='bbox 623 5480 728 5520; x_wconf 90' lang='lat' dir='ltr'><strong>non</strong></span> <span class='ocrx_word' id='word_1_514' title='bbox 754 5472 956 5527; x_wconf 85' lang='lat' dir='ltr'><strong>cantas,</strong></span> <span class='ocrx_word' id='word_1_515' title='bbox 992 5475 1098 5515; x_wconf 92' lang='lat' dir='ltr'><strong>non</strong></span> <span class='ocrx_word' id='word_1_516' title='bbox 1128 5459 1260 5515; x_wconf 89' lang='lat' dir='ltr'><strong>dicis</strong></span> <span class='ocrx_word' id='word_1_517' title='bbox 1291 5459 1545 5530; x_wconf 84' lang='lat' dir='ltr'><strong>hymnum</strong></span> <span class='ocrx_word' id='word_1_518' title='bbox 1575 5472 1588 5511; x_wconf 91' lang='lat'><strong>:</strong></span> <span class='ocrx_word' id='word_1_519' title='bbox 1619 5457 1662 5512; x_wconf 94' lang='lat' dir='ltr'><strong>si</strong></span> <span class='ocrx_word' id='word_1_520' title='bbox 1693 5463 1897 5524; x_wconf 82' lang='lat' dir='ltr'><strong>cantas,</strong></span> <span class='ocrx_word' id='word_1_521' title='bbox 1927 5464 1982 5511; x_wconf 86' lang='lat' dir='ltr'><strong>et</strong></span> <span class='ocrx_word' id='word_1_522' title='bbox 2017 5470 2123 5511; x_wconf 91' lang='lat' dir='ltr'><strong>non</strong></span> 
     </span>
    </p>
   </div>
   <div class='ocr_carea' id='block_1_57' title="bbox 543 5545 2125 5621">
    <p class='ocr_par' dir='ltr' id='par_1_57' title="bbox 543 5545 2125 5621">
     <span class='ocr_line' id='line_1_57' title="bbox 543 5545 2125 5621; baseline -0.007 -10"><span class='ocrx_word' id='word_1_523' title='bbox 543 5556 729 5612; x_wconf 88' lang='lat' dir='ltr'><strong>laudas</strong></span> <span class='ocrx_word' id='word_1_524' title='bbox 759 5556 924 5611; x_wconf 89' lang='lat' dir='ltr'><strong>Deum</strong></span> <span class='ocrx_word' id='word_1_525' title='bbox 950 5595 964 5619; x_wconf 90' lang='lat'><strong>,</strong></span> <span class='ocrx_word' id='word_1_526' title='bbox 1016 5567 1123 5607; x_wconf 91' lang='lat' dir='ltr'><strong>non</strong></span> <span class='ocrx_word' id='word_1_527' title='bbox 1153 5550 1284 5606; x_wconf 91' lang='lat' dir='ltr'><strong>dicis</strong></span> <span class='ocrx_word' id='word_1_528' title='bbox 1316 5550 1571 5621; x_wconf 83' lang='lat' dir='ltr'><strong>hymnum</strong></span> <span class='ocrx_word' id='word_1_529' title='bbox 1620 5566 1632 5602; x_wconf 85' lang='lat'><strong>:</strong></span> <span class='ocrx_word' id='word_1_530' title='bbox 1679 5548 1724 5603; x_wconf 91' lang='lat' dir='ltr'><strong>si</strong></span> <span class='ocrx_word' id='word_1_531' title='bbox 1771 5546 1956 5602; x_wconf 88' lang='lat' dir='ltr'><strong>laudas</strong></span> <span class='ocrx_word' id='word_1_532' title='bbox 1983 5545 2125 5601; x_wconf 87' lang='lat' dir='ltr'><strong>aliud</strong></span> 
     </span>
    </p>
   </div>
   <div class='ocr_carea' id='block_1_58' title="bbox 584 5717 2123 5800">
    <p class='ocr_par' dir='ltr' id='par_1_58' title="bbox 584 5717 2123 5800">
     <span class='ocr_line' id='line_1_58' title="bbox 584 5717 2123 5800; baseline -0.007 -20"><span class='ocrx_word' id='word_1_533' title='bbox 584 5734 616 5798; x_wconf 55' lang='lat' dir='ltr'><strong><em>f</em></strong></span> <span class='ocrx_word' id='word_1_534' title='bbox 652 5731 726 5779; x_wconf 83' lang='lat' dir='ltr'><strong>sic</strong></span> <span class='ocrx_word' id='word_1_535' title='bbox 746 5736 851 5800; x_wconf 73' lang='lat' dir='ltr'><strong>uss.</strong></span> <span class='ocrx_word' id='word_1_536' title='bbox 874 5734 928 5777; x_wconf 84' lang='lat' dir='ltr'><strong>At</strong></span> <span class='ocrx_word' id='word_1_537' title='bbox 946 5727 1077 5785; x_wconf 65' lang='lat' dir='ltr'><strong>add,</strong></span> <span class='ocrx_word' id='word_1_538' title='bbox 1102 5724 1187 5776; x_wconf 87' lang='lat' dir='ltr'><strong>sed</strong></span> <span class='ocrx_word' id='word_1_539' title='bbox 1211 5736 1302 5774; x_wconf 89' lang='lat' dir='ltr'><strong>non</strong></span> <span class='ocrx_word' id='word_1_540' title='bbox 1322 5720 1513 5772; x_wconf 82' lang='lat' dir='ltr'><strong>aridam</strong></span> <span class='ocrx_word' id='word_1_541' title='bbox 1537 5733 1621 5784; x_wconf 85' lang='lat' dir='ltr'><strong>per</strong></span> <span class='ocrx_word' id='word_1_542' title='bbox 1645 5719 1822 5771; x_wconf 79' lang='lat' dir='ltr'><strong>wstatis</strong></span> <span class='ocrx_word' id='word_1_543' title='bbox 1845 5717 1954 5769; x_wconf 73' lang='lat' dir='ltr'><strong>vim.</strong></span> <span class='ocrx_word' id='word_1_544' title='bbox 1972 5721 2025 5769; x_wconf 80' lang='lat' dir='ltr'><strong>Et</strong></span> <span class='ocrx_word' id='word_1_545' title='bbox 2044 5729 2123 5769; x_wconf 83' lang='lat' dir='ltr'><strong>ve-</strong></span> 
     </span>
    </p>
   </div>
   <div class='ocr_carea' id='block_1_59' title="bbox 546 5796 1017 5848">
    <p class='ocr_par' dir='ltr' id='par_1_59' title="bbox 546 5796 1017 5848">
     <span class='ocr_line' id='line_1_59' title="bbox 546 5796 1017 5848; baseline -0.008 -9"><span class='ocrx_word' id='word_1_546' title='bbox 546 5796 641 5839; x_wconf 80' lang='lat' dir='ltr'><strong>niet</strong></span> <span class='ocrx_word' id='word_1_547' title='bbox 658 5796 900 5848; x_wconf 78' lang='lat' dir='ltr'><strong>Dominus,</strong></span> <span class='ocrx_word' id='word_1_548' title='bbox 921 5796 1017 5838; x_wconf 81' lang='grc' dir='ltr'>ειε.</span> 
     </span>
    </p>
   </div>
   <div class='ocr_carea' id='block_1_60' title="bbox 601 5849 1044 5912">
    <p class='ocr_par' dir='ltr' id='par_1_60' title="bbox 601 5849 1044 5912">
     <span class='ocr_line' id='line_1_60' title="bbox 601 5849 1044 5912; baseline -0.005 -14"><span class='ocrx_word' id='word_1_549' title='bbox 601 5850 673 5912; x_wconf 83' lang='grc' dir='ltr'><strong>(α)</strong></span> <span class='ocrx_word' id='word_1_550' title='bbox 699 5849 844 5901; x_wconf 82' lang='lat' dir='ltr'><strong>Forte</strong></span> <span class='ocrx_word' id='word_1_551' title='bbox 861 5886 874 5911; x_wconf 89' lang='lat'><strong>,</strong></span> <span class='ocrx_word' id='word_1_552' title='bbox 901 5851 1044 5911; x_wconf 79' lang='lat' dir='ltr'><strong>infra.</strong></span> 
     </span>
    </p>
   </div>
   <div class='ocr_carea' id='block_1_61' title="bbox 1778 412 2579 475">
    <p class='ocr_par' dir='ltr' id='par_1_61' title="bbox 1778 412 2579 475">
     <span class='ocr_line' id='line_1_61' title="bbox 1778 412 2579 475; baseline 0.01 -8"><span class='ocrx_word' id='word_1_553' title='bbox 1778 415 1835 468; x_wconf 85' lang='lat' dir='ltr'><strong>S.</strong></span> <span class='ocrx_word' id='word_1_554' title='bbox 1876 412 2242 471; x_wconf 79' lang='lat' dir='ltr'><strong>AUGUSTINI</strong></span> <span class='ocrx_word' id='word_1_555' title='bbox 2279 416 2579 475; x_wconf 82' lang='lat' dir='ltr'><strong>EPISCOPl</strong></span> 
     </span>
    </p>
   </div>
   <div class='ocr_carea' id='block_1_62' title="bbox 3685 435 3816 492">
    <p class='ocr_par' dir='ltr' id='par_1_62' title="bbox 3685 435 3816 492">
     <span class='ocr_line' id='line_1_62' title="bbox 3685 435 3816 492; baseline 0.023 -3"><span class='ocrx_word' id='word_1_556' title='bbox 3685 435 3816 492; x_wconf 63' lang='lat' dir='ltr'><strong>i948</strong></span> 
     </span>
    </p>
   </div>
   <div class='ocr_carea' id='block_1_63' title="bbox 2234 530 3814 606">
    <p class='ocr_par' dir='ltr' id='par_1_63' title="bbox 2234 530 3814 606">
     <span class='ocr_line' id='line_1_63' title="bbox 2234 530 3814 606; baseline 0.015 -23"><span class='ocrx_word' id='word_1_557' title='bbox 2234 530 2376 599; x_wconf 89' lang='lat' dir='ltr'><strong>quod</strong></span> <span class='ocrx_word' id='word_1_558' title='bbox 2403 547 2507 586; x_wconf 92' lang='lat' dir='ltr'><strong>non</strong></span> <span class='ocrx_word' id='word_1_559' title='bbox 2539 533 2770 603; x_wconf 89' lang='lat' dir='ltr'><strong>pertinet</strong></span> <span class='ocrx_word' id='word_1_560' title='bbox 2793 533 2859 589; x_wconf 90' lang='lat' dir='ltr'><strong>ad</strong></span> <span class='ocrx_word' id='word_1_561' title='bbox 2889 534 3098 591; x_wconf 88' lang='lat' dir='ltr'><strong>laudem</strong></span> <span class='ocrx_word' id='word_1_562' title='bbox 3131 537 3247 603; x_wconf 87' lang='lat' dir='ltr'><strong>Dei,</strong></span> <span class='ocrx_word' id='word_1_563' title='bbox 3280 541 3382 596; x_wconf 89' lang='lat' dir='ltr'><strong>etsi</strong></span> <span class='ocrx_word' id='word_1_564' title='bbox 3410 547 3680 602; x_wconf 89' lang='lat' dir='ltr'><strong>cantando</strong></span> <span class='ocrx_word' id='word_1_565' title='bbox 3702 548 3814 606; x_wconf 88' lang='lat' dir='ltr'><strong>lau-</strong></span> 
     </span>
    </p>
   </div>
   <div class='ocr_carea' id='block_1_64' title="bbox 2232 621 3827 708">
    <p class='ocr_par' dir='ltr' id='par_1_64' title="bbox 2232 621 3827 708">
     <span class='ocr_line' id='line_1_64' title="bbox 2232 621 3827 708; baseline 0.011 -31"><span class='ocrx_word' id='word_1_566' title='bbox 2232 621 2347 689; x_wconf 90' lang='lat' dir='ltr'><strong>des,</strong></span> <span class='ocrx_word' id='word_1_567' title='bbox 2376 638 2479 678; x_wconf 92' lang='lat' dir='ltr'><strong>non</strong></span> <span class='ocrx_word' id='word_1_568' title='bbox 2508 624 2641 680; x_wconf 89' lang='lat' dir='ltr'><strong>dicis</strong></span> <span class='ocrx_word' id='word_1_569' title='bbox 2663 624 2937 697; x_wconf 85' lang='lat' dir='ltr'><strong>hymnum.</strong></span> <span class='ocrx_word' id='word_1_570' title='bbox 2972 628 3212 699; x_wconf 84' lang='lat' dir='ltr'><strong>Hymnus</strong></span> <span class='ocrx_word' id='word_1_571' title='bbox 3236 646 3363 703; x_wconf 80' lang='lat' dir='ltr'><strong>ergo</strong></span> <span class='ocrx_word' id='word_1_572' title='bbox 3384 634 3483 689; x_wconf 89' lang='lat' dir='ltr'><strong>tria</strong></span> <span class='ocrx_word' id='word_1_573' title='bbox 3510 636 3610 691; x_wconf 75' lang='lat' dir='ltr'><strong>ism</strong></span> <span class='ocrx_word' id='word_1_574' title='bbox 3640 637 3827 708; x_wconf 59' lang='lat' dir='ltr'><strong>habet;</strong></span> 
     </span>
    </p>
   </div>
   <div class='ocr_carea' id='block_1_65' title="bbox 2232 715 3819 796">
    <p class='ocr_par' dir='ltr' id='par_1_65' title="bbox 2232 715 3819 796">
     <span class='ocr_line' id='line_1_65' title="bbox 2232 715 3819 796; baseline 0.012 -28"><span class='ocrx_word' id='word_1_575' title='bbox 2232 722 2287 769; x_wconf 90' lang='lat' dir='ltr'><strong>et</strong></span> <span class='ocrx_word' id='word_1_576' title='bbox 2314 723 2549 782; x_wconf 90' lang='lat' dir='ltr'><strong>cantum,</strong></span> <span class='ocrx_word' id='word_1_577' title='bbox 2578 726 2631 772; x_wconf 91' lang='lat' dir='ltr'><strong>et</strong></span> <span class='ocrx_word' id='word_1_578' title='bbox 2656 717 2890 787; x_wconf 86' lang='lat' dir='ltr'><strong>laudem,</strong></span> <span class='ocrx_word' id='word_1_579' title='bbox 2916 728 2970 775; x_wconf 91' lang='lat' dir='ltr'><strong>et</strong></span> <span class='ocrx_word' id='word_1_580' title='bbox 3000 721 3117 776; x_wconf 89' lang='lat' dir='ltr'><strong>Dei.</strong></span> <span class='ocrx_word' id='word_1_581' title='bbox 3164 720 3304 780; x_wconf 90' lang='lat' dir='ltr'><strong>Laus</strong></span> <span class='ocrx_word' id='word_1_582' title='bbox 3331 715 3463 796; x_wconf 72' lang='lat' dir='ltr'><strong>ergo</strong></span> <span class='ocrx_word' id='word_1_583' title='bbox 3486 727 3579 783; x_wconf 88' lang='lat' dir='ltr'><strong>Dei</strong></span> <span class='ocrx_word' id='word_1_584' title='bbox 3610 729 3664 784; x_wconf 92' lang='lat' dir='ltr'><strong>in</strong></span> <span class='ocrx_word' id='word_1_585' title='bbox 3694 746 3819 787; x_wconf 85' lang='lat' dir='ltr'><strong>can-</strong></span> 
     </span>
    </p>
   </div>
   <div class='ocr_carea' id='block_1_66' title="bbox 2230 796 3839 887">
    <p class='ocr_par' dir='ltr' id='par_1_66' title="bbox 2230 796 3839 887">
     <span class='ocr_line' id='line_1_66' title="bbox 2230 796 3839 887; baseline 0.013 -28"><span class='ocrx_word' id='word_1_586' title='bbox 2230 805 2357 874; x_wconf 89' lang='lat' dir='ltr'><strong>tico,</strong></span> <span class='ocrx_word' id='word_1_587' title='bbox 2386 805 2617 878; x_wconf 91' lang='lat' dir='ltr'><strong>hymnus</strong></span> <span class='ocrx_word' id='word_1_588' title='bbox 2642 808 2855 865; x_wconf 89' lang='lat' dir='ltr'><strong>dicitur.</strong></span> <span class='ocrx_word' id='word_1_589' title='bbox 2884 810 3022 878; x_wconf 91' lang='lat' dir='ltr'><strong>Quid</strong></span> <span class='ocrx_word' id='word_1_590' title='bbox 3052 819 3135 867; x_wconf 89' lang='lat' dir='ltr'><strong>est</strong></span> <span class='ocrx_word' id='word_1_591' title='bbox 3159 829 3310 885; x_wconf 87' lang='lat' dir='ltr'><strong>ergo,</strong></span> <span class='ocrx_word' id='word_1_592' title='bbox 3338 814 3574 887; x_wconf 81' lang='lat' dir='ltr'><strong>Hymnus</strong></span> <span class='ocrx_word' id='word_1_593' title='bbox 3590 796 3839 880; x_wconf 42' lang='lat' dir='ltr'><strong>omnibus.</strong></span> 
     </span>
    </p>
   </div>
   <div class='ocr_carea' id='block_1_67' title="bbox 2229 897 3820 978">
    <p class='ocr_par' dir='ltr' id='par_1_67' title="bbox 2229 897 3820 978">
     <span class='ocr_line' id='line_1_67' title="bbox 2229 897 3820 978; baseline 0.013 -30"><span class='ocrx_word' id='word_1_594' title='bbox 2229 897 2417 951; x_wconf 83' lang='lat' dir='ltr'><strong>sanctis</strong></span> <span class='ocrx_word' id='word_1_595' title='bbox 2445 899 2596 968; x_wconf 85' lang='lat' dir='ltr'><strong>ejus?</strong></span> <span class='ocrx_word' id='word_1_596' title='bbox 2621 900 2899 970; x_wconf 89' lang='lat' dir='ltr'><strong>Accipiant</strong></span> <span class='ocrx_word' id='word_1_597' title='bbox 2922 904 3092 957; x_wconf 87' lang='lat' dir='ltr'><strong>sancti</strong></span> <span class='ocrx_word' id='word_1_598' title='bbox 3136 904 3253 974; x_wconf 91' lang='lat' dir='ltr'><strong>ejus</strong></span> <span class='ocrx_word' id='word_1_599' title='bbox 3298 906 3553 978; x_wconf 89' lang='lat' dir='ltr'><strong>hymnum</strong></span> <span class='ocrx_word' id='word_1_600' title='bbox 3579 952 3593 975; x_wconf 91' lang='lat'><strong>,</strong></span> <span class='ocrx_word' id='word_1_601' title='bbox 3645 912 3820 971; x_wconf 82' lang='lat' dir='ltr'><strong>dicant</strong></span> 
     </span>
    </p>
   </div>
   <div class='ocr_carea' id='block_1_68' title="bbox 2228 988 3818 1071">
    <p class='ocr_par' dir='ltr' id='par_1_68' title="bbox 2228 988 3818 1071">
     <span class='ocr_line' id='line_1_68' title="bbox 2228 988 3818 1071; baseline 0.012 -31"><span class='ocrx_word' id='word_1_602' title='bbox 2228 988 2396 1041; x_wconf 91' lang='lat' dir='ltr'><strong>sancti</strong></span> <span class='ocrx_word' id='word_1_603' title='bbox 2446 988 2564 1057; x_wconf 88' lang='lat' dir='ltr'><strong>ejus</strong></span> <span class='ocrx_word' id='word_1_604' title='bbox 2595 988 2889 1060; x_wconf 86' lang='lat' dir='ltr'><strong>hymnum;</strong></span> <span class='ocrx_word' id='word_1_605' title='bbox 2928 993 3047 1062; x_wconf 89' lang='lat' dir='ltr'><strong>quia</strong></span> <span class='ocrx_word' id='word_1_606' title='bbox 3092 993 3196 1050; x_wconf 92' lang='lat' dir='ltr'><strong>hoc</strong></span> <span class='ocrx_word' id='word_1_607' title='bbox 3245 1006 3329 1051; x_wconf 88' lang='lat' dir='ltr'><strong>est</strong></span> <span class='ocrx_word' id='word_1_608' title='bbox 3378 999 3520 1068; x_wconf 90' lang='lat' dir='ltr'><strong>quod</strong></span> <span class='ocrx_word' id='word_1_609' title='bbox 3551 1007 3818 1071; x_wconf 88' lang='lat' dir='ltr'><strong>accepturi</strong></span> 
     </span>
    </p>
   </div>
   <div class='ocr_carea' id='block_1_69' title="bbox 2228 1079 3821 1153">
    <p class='ocr_par' dir='ltr' id='par_1_69' title="bbox 2228 1079 3821 1153">
     <span class='ocr_line' id='line_1_69' title="bbox 2228 1079 3821 1153; baseline 0.011 -21"><span class='ocrx_word' id='word_1_610' title='bbox 2228 1088 2353 1132; x_wconf 89' lang='lat' dir='ltr'><strong>sunt</strong></span> <span class='ocrx_word' id='word_1_611' title='bbox 2367 1079 2419 1133; x_wconf 94' lang='lat' dir='ltr'><strong>in</strong></span> <span class='ocrx_word' id='word_1_612' title='bbox 2432 1079 2557 1144; x_wconf 85' lang='lat' dir='ltr'><strong>line,</strong></span> <span class='ocrx_word' id='word_1_613' title='bbox 2578 1080 2833 1151; x_wconf 85' lang='lat' dir='ltr'><strong>hymnum</strong></span> <span class='ocrx_word' id='word_1_614' title='bbox 2862 1084 3268 1153; x_wconf 86' lang='lat' dir='ltr'><strong>sempiternum.</strong></span> <span class='ocrx_word' id='word_1_615' title='bbox 3296 1087 3422 1143; x_wconf 91' lang='lat' dir='ltr'><strong>Ideo</strong></span> <span class='ocrx_word' id='word_1_616' title='bbox 3436 1092 3541 1145; x_wconf 90' lang='lat' dir='ltr'><strong>alio</strong></span> <span class='ocrx_word' id='word_1_617' title='bbox 3560 1092 3682 1148; x_wconf 91' lang='lat' dir='ltr'><strong>loco</strong></span> <span class='ocrx_word' id='word_1_618' title='bbox 3696 1094 3821 1151; x_wconf 86' lang='lat' dir='ltr'><strong>dicit</strong></span> 
     </span>
    </p>
   </div>
   <div class='ocr_carea' id='block_1_70' title="bbox 2230 1168 3820 1246">
    <p class='ocr_par' dir='ltr' id='par_1_70' title="bbox 2230 1168 3820 1246">
     <span class='ocr_line' id='line_1_70' title="bbox 2230 1168 3820 1246; baseline 0.011 -24"><span class='ocrx_word' id='word_1_619' title='bbox 2230 1168 2487 1238; x_wconf 86' lang='lat' dir='ltr'><strong>psalmus,</strong></span> <span class='ocrx_word' id='word_1_620' title='bbox 2509 1170 2831 1240; x_wconf 82' lang='lat' dir='ltr'><strong>Sacriﬁcium</strong></span> <span class='ocrx_word' id='word_1_621' title='bbox 2851 1173 3015 1229; x_wconf 79' lang='lat' dir='ltr'><strong>laudis</strong></span> <span class='ocrx_word' id='word_1_622' title='bbox 3035 1176 3337 1245; x_wconf 75' lang='lat' dir='ltr'><strong>gloriﬁcabit</strong></span> <span class='ocrx_word' id='word_1_623' title='bbox 3353 1196 3466 1246; x_wconf 88' lang='lat' dir='ltr'><strong>me;</strong></span> <span class='ocrx_word' id='word_1_624' title='bbox 3489 1191 3533 1235; x_wconf 90' lang='lat' dir='ltr'><strong>et</strong></span> <span class='ocrx_word' id='word_1_625' title='bbox 3554 1183 3623 1235; x_wconf 87' lang='lat' dir='ltr'><strong>ibi</strong></span> <span class='ocrx_word' id='word_1_626' title='bbox 3651 1194 3725 1237; x_wconf 87' lang='lat' dir='ltr'><strong>est</strong></span> <span class='ocrx_word' id='word_1_627' title='bbox 3744 1187 3820 1239; x_wconf 75' lang='lat' dir='ltr'><strong>aia</strong></span> 
     </span>
    </p>
   </div>
   <div class='ocr_carea' id='block_1_71' title="bbox 2227 1260 3813 1343">
    <p class='ocr_par' dir='ltr' id='par_1_71' title="bbox 2227 1260 3813 1343">
     <span class='ocr_line' id='line_1_71' title="bbox 2227 1260 3813 1343; baseline 0.011 -33"><span class='ocrx_word' id='word_1_628' title='bbox 2227 1273 2327 1327; x_wconf 88' lang='lat' dir='ltr'><strong>qua</strong></span> <span class='ocrx_word' id='word_1_629' title='bbox 2354 1260 2616 1313; x_wconf 79' lang='lat' dir='ltr'><strong>ostendant</strong></span> <span class='ocrx_word' id='word_1_630' title='bbox 2646 1260 2724 1314; x_wconf 89' lang='lat' dir='ltr'><strong>illi</strong></span> <span class='ocrx_word' id='word_1_631' title='bbox 2748 1262 2971 1318; x_wconf 87' lang='lat' dir='ltr'><strong>salutare</strong></span> <span class='ocrx_word' id='word_1_632' title='bbox 2994 1280 3159 1319; x_wconf 86' lang='lat' dir='ltr'><strong>meum</strong></span> <span class='ocrx_word' id='word_1_633' title='bbox 3192 1264 3361 1337; x_wconf 85' lang='lat' dir='ltr'><strong>(Psal.</strong></span> <span class='ocrx_word' id='word_1_634' title='bbox 3386 1286 3537 1337; x_wconf 76' lang='lat' dir='ltr'><strong>xm,</strong></span> <span class='ocrx_word' id='word_1_635' title='bbox 3564 1272 3661 1343; x_wconf 78' lang='lat'><strong>9.5)</strong></span> <span class='ocrx_word' id='word_1_636' title='bbox 3694 1292 3707 1324; x_wconf 91' lang='lat'><strong><em>:</em></strong></span> <span class='ocrx_word' id='word_1_637' title='bbox 3738 1284 3813 1339; x_wconf 90' lang='lat' dir='ltr'><strong>ct,</strong></span> 
     </span>
    </p>
   </div>
   <div class='ocr_carea' id='block_1_72' title="bbox 2230 1349 3820 1423">
    <p class='ocr_par' dir='ltr' id='par_1_72' title="bbox 2230 1349 3820 1423">
     <span class='ocr_line' id='line_1_72' title="bbox 2230 1349 3820 1423; baseline 0.011 -20"><span class='ocrx_word' id='word_1_638' title='bbox 2230 1349 2373 1405; x_wconf 89' lang='lat' dir='ltr'><strong>Beati</strong></span> <span class='ocrx_word' id='word_1_639' title='bbox 2398 1353 2484 1422; x_wconf 86' lang='lat' dir='ltr'><strong>qui</strong></span> <span class='ocrx_word' id='word_1_640' title='bbox 2514 1354 2739 1408; x_wconf 90' lang='lat' dir='ltr'><strong>habitant</strong></span> <span class='ocrx_word' id='word_1_641' title='bbox 2765 1355 2817 1408; x_wconf 89' lang='lat' dir='ltr'><strong>in</strong></span> <span class='ocrx_word' id='word_1_642' title='bbox 2856 1355 3006 1410; x_wconf 89' lang='lat' dir='ltr'><strong>domo</strong></span> <span class='ocrx_word' id='word_1_643' title='bbox 3050 1366 3180 1423; x_wconf 87' lang='lat' dir='ltr'><strong>tua;</strong></span> <span class='ocrx_word' id='word_1_644' title='bbox 3216 1360 3272 1413; x_wconf 88' lang='lat' dir='ltr'><strong>in</strong></span> <span class='ocrx_word' id='word_1_645' title='bbox 3301 1363 3492 1415; x_wconf 75' lang='lat' dir='ltr'><strong>swcula</strong></span> <span class='ocrx_word' id='word_1_646' title='bbox 3519 1365 3820 1419; x_wconf 77' lang='lat' dir='ltr'><strong>sceculorum</strong></span> 
     </span>
    </p>
   </div>
   <div class='ocr_carea' id='block_1_73' title="bbox 2228 1442 3816 1524">
    <p class='ocr_par' dir='ltr' id='par_1_73' title="bbox 2228 1442 3816 1524">
     <span class='ocr_line' id='line_1_73' title="bbox 2228 1442 3816 1524; baseline 0.01 -29"><span class='ocrx_word' id='word_1_647' title='bbox 2228 1442 2504 1496; x_wconf 87' lang='lat' dir='ltr'><strong>laudabunt</strong></span> <span class='ocrx_word' id='word_1_648' title='bbox 2527 1454 2573 1498; x_wconf 92' lang='lat' dir='ltr'><strong>te</strong></span> <span class='ocrx_word' id='word_1_649' title='bbox 2595 1446 2612 1514; x_wconf 91' lang='lat'>(</span> <span class='ocrx_word' id='word_1_650' title='bbox 2632 1443 2780 1499; x_wconf 88' lang='lat' dir='ltr'><strong>Psal.</strong></span> <span class='ocrx_word' id='word_1_651' title='bbox 2809 1462 3034 1513; x_wconf 76' lang='lat' dir='ltr'><strong>Lxxxul,</strong></span> <span class='ocrx_word' id='word_1_652' title='bbox 3062 1447 3153 1519; x_wconf 81' lang='lat'><strong>5).</strong></span> <span class='ocrx_word' id='word_1_653' title='bbox 3178 1449 3290 1505; x_wconf 82' lang='lat' dir='ltr'><strong>Hoc</strong></span> <span class='ocrx_word' id='word_1_654' title='bbox 3318 1461 3420 1519; x_wconf 90' lang='lat' dir='ltr'><strong>est,</strong></span> <span class='ocrx_word' id='word_1_655' title='bbox 3448 1452 3688 1524; x_wconf 80' lang='lat' dir='ltr'><strong>Hymnus</strong></span> <span class='ocrx_word' id='word_1_656' title='bbox 3709 1473 3816 1511; x_wconf 81' lang='lat' dir='ltr'><strong>ont-</strong></span> 
     </span>
    </p>
   </div>
   <div class='ocr_carea' id='block_1_74' title="bbox 2229 1535 3814 1617">
    <p class='ocr_par' dir='ltr' id='par_1_74' title="bbox 2229 1535 3814 1617">
     <span class='ocr_line' id='line_1_74' title="bbox 2229 1535 3814 1617; baseline 0.011 -29"><span class='ocrx_word' id='word_1_657' title='bbox 2229 1535 2373 1589; x_wconf 90' lang='lat' dir='ltr'><strong>nibus</strong></span> <span class='ocrx_word' id='word_1_658' title='bbox 2398 1539 2587 1592; x_wconf 87' lang='lat' dir='ltr'><strong>sanctis</strong></span> <span class='ocrx_word' id='word_1_659' title='bbox 2616 1538 2748 1608; x_wconf 86' lang='lat' dir='ltr'><strong>ejus.</strong></span> <span class='ocrx_word' id='word_1_660' title='bbox 2775 1538 2875 1605; x_wconf 89' lang='lat' dir='ltr'><strong>Qui</strong></span> <span class='ocrx_word' id='word_1_661' title='bbox 2901 1548 3027 1594; x_wconf 91' lang='lat' dir='ltr'><strong>sunt</strong></span> <span class='ocrx_word' id='word_1_662' title='bbox 3051 1543 3219 1597; x_wconf 88' lang='lat' dir='ltr'><strong>sancti</strong></span> <span class='ocrx_word' id='word_1_663' title='bbox 3244 1543 3397 1613; x_wconf 89' lang='lat' dir='ltr'><strong>ejus?</strong></span> <span class='ocrx_word' id='word_1_664' title='bbox 3426 1544 3577 1601; x_wconf 86' lang='lat' dir='ltr'><strong>Filiis</strong></span> <span class='ocrx_word' id='word_1_665' title='bbox 3607 1547 3771 1604; x_wconf 82' lang='lat' dir='ltr'><strong>Israel</strong></span> <span class='ocrx_word' id='word_1_666' title='bbox 3800 1593 3814 1617; x_wconf 92' lang='lat'><strong>,</strong></span> 
     </span>
    </p>
   </div>
   <div class='ocr_carea' id='block_1_75' title="bbox 2229 1627 3821 1699">
    <p class='ocr_par' dir='ltr' id='par_1_75' title="bbox 2229 1627 3821 1699">
     <span class='ocr_line' id='line_1_75' title="bbox 2229 1627 3821 1699; baseline 0.01 -20"><span class='ocrx_word' id='word_1_667' title='bbox 2229 1627 2415 1697; x_wconf 82' lang='lat' dir='ltr'><strong>populo</strong></span> <span class='ocrx_word' id='word_1_668' title='bbox 2466 1630 2901 1699; x_wconf 81' lang='lat' dir='ltr'><strong>apprOpinquanti</strong></span> <span class='ocrx_word' id='word_1_669' title='bbox 2949 1630 3062 1685; x_wconf 87' lang='lat' dir='ltr'><strong>sibi.</strong></span> <span class='ocrx_word' id='word_1_670' title='bbox 3110 1632 3278 1688; x_wconf 89' lang='lat' dir='ltr'><strong>Nemo</strong></span> <span class='ocrx_word' id='word_1_671' title='bbox 3332 1635 3478 1691; x_wconf 88' lang='lat' dir='ltr'><strong>dicat</strong></span> <span class='ocrx_word' id='word_1_672' title='bbox 3510 1656 3523 1691; x_wconf 89' lang='lat'><strong>:</strong></span> <span class='ocrx_word' id='word_1_673' title='bbox 3554 1637 3675 1693; x_wconf 86' lang='lat' dir='ltr'><strong>Non</strong></span> <span class='ocrx_word' id='word_1_674' title='bbox 3704 1654 3821 1695; x_wconf 88' lang='lat' dir='ltr'><strong>sum</strong></span> 
     </span>
    </p>
   </div>
   <div class='ocr_carea' id='block_1_76' title="bbox 2229 1718 3819 1797">
    <p class='ocr_par' dir='ltr' id='par_1_76' title="bbox 2229 1718 3819 1797">
     <span class='ocr_line' id='line_1_76' title="bbox 2229 1718 3819 1797; baseline 0.01 -26"><span class='ocrx_word' id='word_1_675' title='bbox 2229 1718 2370 1773; x_wconf 91' lang='lat' dir='ltr'><strong>ﬁlius</strong></span> <span class='ocrx_word' id='word_1_676' title='bbox 2395 1719 2579 1774; x_wconf 87' lang='lat' dir='ltr'><strong>Israel.</strong></span> <span class='ocrx_word' id='word_1_677' title='bbox 2623 1720 2701 1776; x_wconf 82' lang='lat' dir='ltr'><strong>Ne</strong></span> <span class='ocrx_word' id='word_1_678' title='bbox 2746 1722 2944 1790; x_wconf 91' lang='lat' dir='ltr'><strong>putetis</strong></span> <span class='ocrx_word' id='word_1_679' title='bbox 2987 1722 3202 1779; x_wconf 84' lang='lat' dir='ltr'><strong>Judaeos</strong></span> <span class='ocrx_word' id='word_1_680' title='bbox 3230 1724 3368 1782; x_wconf 88' lang='lat' dir='ltr'><strong>ﬁlios</strong></span> <span class='ocrx_word' id='word_1_681' title='bbox 3392 1727 3557 1783; x_wconf 89' lang='lat' dir='ltr'><strong>Israel</strong></span> <span class='ocrx_word' id='word_1_682' title='bbox 3585 1742 3819 1797; x_wconf 88' lang='lat' dir='ltr'><strong>esse,et</strong></span> 
     </span>
    </p>
   </div>
   <div class='ocr_carea' id='block_1_77' title="bbox 2229 1810 3818 1888">
    <p class='ocr_par' dir='ltr' id='par_1_77' title="bbox 2229 1810 3818 1888">
     <span class='ocr_line' id='line_1_77' title="bbox 2229 1810 3818 1888; baseline 0.009 -26"><span class='ocrx_word' id='word_1_683' title='bbox 2229 1823 2329 1864; x_wconf 94' lang='lat' dir='ltr'><strong>nos</strong></span> <span class='ocrx_word' id='word_1_684' title='bbox 2358 1824 2464 1863; x_wconf 92' lang='lat' dir='ltr'><strong>non</strong></span> <span class='ocrx_word' id='word_1_685' title='bbox 2496 1824 2614 1865; x_wconf 89' lang='lat' dir='ltr'><strong>esse</strong></span> <span class='ocrx_word' id='word_1_686' title='bbox 2660 1810 2800 1867; x_wconf 92' lang='lat' dir='ltr'><strong>ﬁlios</strong></span> <span class='ocrx_word' id='word_1_687' title='bbox 2828 1813 2990 1868; x_wconf 87' lang='lat' dir='ltr'><strong>Israel</strong></span> <span class='ocrx_word' id='word_1_688' title='bbox 3018 1830 3032 1867; x_wconf 90' lang='lat'><strong>:</strong></span> <span class='ocrx_word' id='word_1_689' title='bbox 3064 1815 3236 1871; x_wconf 91' lang='lat' dir='ltr'><strong>audeo</strong></span> <span class='ocrx_word' id='word_1_690' title='bbox 3263 1816 3415 1873; x_wconf 83' lang='lat' dir='ltr'><strong>vobis</strong></span> <span class='ocrx_word' id='word_1_691' title='bbox 3459 1819 3641 1876; x_wconf 89' lang='lat' dir='ltr'><strong>dicere</strong></span> <span class='ocrx_word' id='word_1_692' title='bbox 3669 1863 3684 1888; x_wconf 93' lang='lat'><strong>,</strong></span> <span class='ocrx_word' id='word_1_693' title='bbox 3712 1821 3818 1877; x_wconf 85' lang='lat' dir='ltr'><strong>fra-</strong></span> 
     </span>
    </p>
   </div>
   <div class='ocr_carea' id='block_1_78' title="bbox 2231 1900 3815 1983">
    <p class='ocr_par' dir='ltr' id='par_1_78' title="bbox 2231 1900 3815 1983">
     <span class='ocr_line' id='line_1_78' title="bbox 2231 1900 3815 1983; baseline 0.011 -31"><span class='ocrx_word' id='word_1_694' title='bbox 2231 1908 2338 1953; x_wconf 88' lang='lat' dir='ltr'><strong>tres</strong></span> <span class='ocrx_word' id='word_1_695' title='bbox 2369 1900 2507 1966; x_wconf 89' lang='lat' dir='ltr'><strong>mei;</strong></span> <span class='ocrx_word' id='word_1_696' title='bbox 2537 1900 2610 1955; x_wconf 94' lang='lat' dir='ltr'><strong>illi</strong></span> <span class='ocrx_word' id='word_1_697' title='bbox 2632 1916 2739 1957; x_wconf 91' lang='lat' dir='ltr'><strong>non</strong></span> <span class='ocrx_word' id='word_1_698' title='bbox 2767 1912 2911 1970; x_wconf 91' lang='lat' dir='ltr'><strong>sunt,</strong></span> <span class='ocrx_word' id='word_1_699' title='bbox 2943 1913 2998 1959; x_wconf 88' lang='lat' dir='ltr'><strong>et</strong></span> <span class='ocrx_word' id='word_1_700' title='bbox 3024 1920 3120 1960; x_wconf 92' lang='lat' dir='ltr'><strong>nos</strong></span> <span class='ocrx_word' id='word_1_701' title='bbox 3149 1921 3356 1964; x_wconf 90' lang='lat' dir='ltr'><strong>sumus.</strong></span> <span class='ocrx_word' id='word_1_702' title='bbox 3384 1909 3578 1966; x_wconf 84' lang='lat' dir='ltr'><strong>Audite</strong></span> <span class='ocrx_word' id='word_1_703' title='bbox 3607 1928 3773 1983; x_wconf 88' lang='lat' dir='ltr'><strong>quare</strong></span> <span class='ocrx_word' id='word_1_704' title='bbox 3799 1934 3815 1971; x_wconf 86' lang='lat'><strong>:</strong></span> 
     </span>
    </p>
   </div>
   <div class='ocr_carea' id='block_1_79' title="bbox 2228 1992 3821 2073">
    <p class='ocr_par' dir='ltr' id='par_1_79' title="bbox 2228 1992 3821 2073">
     <span class='ocr_line' id='line_1_79' title="bbox 2228 1992 3821 2073; baseline 0.009 -29"><span class='ocrx_word' id='word_1_705' title='bbox 2228 1992 2351 2060; x_wconf 90' lang='lat' dir='ltr'><strong>quia</strong></span> <span class='ocrx_word' id='word_1_706' title='bbox 2378 1992 2550 2061; x_wconf 89' lang='lat' dir='ltr'><strong>major</strong></span> <span class='ocrx_word' id='word_1_707' title='bbox 2577 2001 2661 2047; x_wconf 91' lang='lat' dir='ltr'><strong>est</strong></span> <span class='ocrx_word' id='word_1_708' title='bbox 2705 2002 2861 2049; x_wconf 88' lang='lat' dir='ltr'><strong>natus</strong></span> <span class='ocrx_word' id='word_1_709' title='bbox 2886 1997 3179 2051; x_wconf 89' lang='lat' dir='ltr'><strong>secundum</strong></span> <span class='ocrx_word' id='word_1_710' title='bbox 3230 2000 3477 2068; x_wconf 90' lang='lat' dir='ltr'><strong>spiritum</strong></span> <span class='ocrx_word' id='word_1_711' title='bbox 3495 2044 3511 2069; x_wconf 94' lang='lat'><strong>,</strong></span> <span class='ocrx_word' id='word_1_712' title='bbox 3544 2018 3707 2073; x_wconf 90' lang='lat' dir='ltr'><strong>quam</strong></span> <span class='ocrx_word' id='word_1_713' title='bbox 3728 2020 3821 2058; x_wconf 83' lang='lat' dir='ltr'><strong>na—</strong></span> 
     </span>
    </p>
   </div>
   <div class='ocr_carea' id='block_1_80' title="bbox 2230 2080 3814 2161">
    <p class='ocr_par' dir='ltr' id='par_1_80' title="bbox 2230 2080 3814 2161">
     <span class='ocr_line' id='line_1_80' title="bbox 2230 2080 3814 2161; baseline 0.009 -26"><span class='ocrx_word' id='word_1_714' title='bbox 2230 2088 2316 2135; x_wconf 92' lang='lat' dir='ltr'><strong>tus</strong></span> <span class='ocrx_word' id='word_1_715' title='bbox 2344 2080 2637 2137; x_wconf 88' lang='lat' dir='ltr'><strong>secundum</strong></span> <span class='ocrx_word' id='word_1_716' title='bbox 2665 2097 2903 2139; x_wconf 87' lang='lat' dir='ltr'><strong>carnem.</strong></span> <span class='ocrx_word' id='word_1_717' title='bbox 2947 2084 3101 2142; x_wconf 91' lang='lat' dir='ltr'><strong>Unde</strong></span> <span class='ocrx_word' id='word_1_718' title='bbox 3144 2086 3351 2144; x_wconf 85' lang='lat' dir='ltr'><strong>Israel?</strong></span> <span class='ocrx_word' id='word_1_719' title='bbox 3388 2089 3470 2146; x_wconf 83' lang='lat' dir='ltr'><strong>Ex</strong></span> <span class='ocrx_word' id='word_1_720' title='bbox 3510 2092 3814 2161; x_wconf 83' lang='lat' dir='ltr'><strong>Abraham;</strong></span> 
     </span>
    </p>
   </div>
   <div class='ocr_carea' id='block_1_81' title="bbox 2228 2171 3819 2255">
    <p class='ocr_par' dir='ltr' id='par_1_81' title="bbox 2228 2171 3819 2255">
     <span class='ocr_line' id='line_1_81' title="bbox 2228 2171 3819 2255; baseline 0.009 -29"><span class='ocrx_word' id='word_1_721' title='bbox 2228 2172 2349 2242; x_wconf 89' lang='lat' dir='ltr'><strong>quia</strong></span> <span class='ocrx_word' id='word_1_722' title='bbox 2370 2171 2519 2229; x_wconf 85' lang='lat' dir='ltr'><strong>Isaac</strong></span> <span class='ocrx_word' id='word_1_723' title='bbox 2538 2189 2603 2229; x_wconf 79' lang='lat' dir='ltr'><strong>ex</strong></span> <span class='ocrx_word' id='word_1_724' title='bbox 2625 2174 2921 2241; x_wconf 86' lang='lat' dir='ltr'><strong>Abraham,</strong></span> <span class='ocrx_word' id='word_1_725' title='bbox 2942 2175 3104 2233; x_wconf 86' lang='lat' dir='ltr'><strong>Israel</strong></span> <span class='ocrx_word' id='word_1_726' title='bbox 3125 2193 3192 2234; x_wconf 80' lang='lat' dir='ltr'><strong>ex</strong></span> <span class='ocrx_word' id='word_1_727' title='bbox 3213 2178 3379 2235; x_wconf 87' lang='lat' dir='ltr'><strong>Isaac.</strong></span> <span class='ocrx_word' id='word_1_728' title='bbox 3402 2181 3687 2249; x_wconf 87' lang='lat' dir='ltr'><strong>Quomodo</strong></span> <span class='ocrx_word' id='word_1_729' title='bbox 3713 2187 3819 2255; x_wconf 79' lang='lat' dir='ltr'><strong>pla-</strong></span> 
     </span>
    </p>
   </div>
   <div class='ocr_carea' id='block_1_82' title="bbox 2228 2266 3819 2343">
    <p class='ocr_par' dir='ltr' id='par_1_82' title="bbox 2228 2266 3819 2343">
     <span class='ocr_line' id='line_1_82' title="bbox 2228 2266 3819 2343; baseline 0.007 -23"><span class='ocrx_word' id='word_1_730' title='bbox 2228 2266 2470 2322; x_wconf 86' lang='grc' dir='ltr'>ειιίιοεο</span> <span class='ocrx_word' id='word_1_731' title='bbox 2506 2267 2818 2323; x_wconf 83' lang='lat' dir='ltr'><strong>Abraham?</strong></span> <span class='ocrx_word' id='word_1_732' title='bbox 2842 2268 3067 2324; x_wconf 86' lang='lat' dir='ltr'><strong>Credidit</strong></span> <span class='ocrx_word' id='word_1_733' title='bbox 3095 2279 3265 2326; x_wconf 88' lang='lat' dir='ltr'><strong>autem</strong></span> <span class='ocrx_word' id='word_1_734' title='bbox 3307 2273 3565 2328; x_wconf 82' lang='lat' dir='ltr'><strong>Abraham</strong></span> <span class='ocrx_word' id='word_1_735' title='bbox 3605 2274 3715 2330; x_wconf 85' lang='lat' dir='ltr'><strong>Deo</strong></span> <span class='ocrx_word' id='word_1_736' title='bbox 3734 2318 3747 2343; x_wconf 94' lang='lat'><strong>,</strong></span> <span class='ocrx_word' id='word_1_737' title='bbox 3774 2289 3819 2331; x_wconf 87' lang='lat' dir='ltr'><strong>et</strong></span> 
     </span>
    </p>
   </div>
   <div class='ocr_carea' id='block_1_83' title="bbox 2228 2356 3818 2440">
    <p class='ocr_par' dir='ltr' id='par_1_83' title="bbox 2228 2356 3818 2440">
     <span class='ocr_line' id='line_1_83' title="bbox 2228 2356 3818 2440; baseline 0.009 -31"><span class='ocrx_word' id='word_1_738' title='bbox 2228 2356 2522 2428; x_wconf 83' lang='lat' dir='ltr'><strong>deputatum</strong></span> <span class='ocrx_word' id='word_1_739' title='bbox 2546 2368 2619 2413; x_wconf 82' lang='lat' dir='ltr'><strong>est</strong></span> <span class='ocrx_word' id='word_1_740' title='bbox 2650 2360 2728 2413; x_wconf 88' lang='lat' dir='ltr'><strong>illi</strong></span> <span class='ocrx_word' id='word_1_741' title='bbox 2752 2360 2821 2412; x_wconf 89' lang='lat' dir='ltr'><strong>ad</strong></span> <span class='ocrx_word' id='word_1_742' title='bbox 2834 2362 3091 2431; x_wconf 88' lang='lat' dir='ltr'><strong>justitiam</strong></span> <span class='ocrx_word' id='word_1_743' title='bbox 3117 2362 3135 2434; x_wconf 97' lang='lat'>(</span> <span class='ocrx_word' id='word_1_744' title='bbox 3160 2362 3312 2417; x_wconf 88' lang='lat' dir='ltr'><strong>Rom.</strong></span> <span class='ocrx_word' id='word_1_745' title='bbox 3345 2380 3422 2433; x_wconf 82' lang='lat' dir='ltr'><strong>tv,</strong></span> <span class='ocrx_word' id='word_1_746' title='bbox 3451 2367 3484 2421; x_wconf 79' lang='lat'><strong>5</strong></span> <span class='ocrx_word' id='word_1_747' title='bbox 3503 2367 3547 2438; x_wconf 86' lang='lat'><strong>).</strong></span> <span class='ocrx_word' id='word_1_748' title='bbox 3573 2367 3818 2440; x_wconf 85' lang='lat' dir='ltr'><strong>Quisquis</strong></span> 
     </span>
    </p>
   </div>
   <div class='ocr_carea' id='block_1_84' title="bbox 2227 2448 3814 2528">
    <p class='ocr_par' dir='ltr' id='par_1_84' title="bbox 2227 2448 3814 2528">
     <span class='ocr_line' id='line_1_84' title="bbox 2227 2448 3814 2528; baseline 0.008 -27"><span class='ocrx_word' id='word_1_749' title='bbox 2227 2448 2463 2502; x_wconf 86' lang='lat' dir='ltr'><strong>imitatus</strong></span> <span class='ocrx_word' id='word_1_750' title='bbox 2487 2448 2643 2504; x_wconf 79' lang='lat' dir='ltr'><strong>fuerit</strong></span> <span class='ocrx_word' id='word_1_751' title='bbox 2670 2449 2938 2505; x_wconf 84' lang='lat' dir='ltr'><strong>Abraham</strong></span> <span class='ocrx_word' id='word_1_752' title='bbox 2964 2493 2979 2518; x_wconf 93' lang='lat'><strong>,</strong></span> <span class='ocrx_word' id='word_1_753' title='bbox 3009 2452 3150 2507; x_wconf 89' lang='lat' dir='ltr'><strong>ﬁlius</strong></span> <span class='ocrx_word' id='word_1_754' title='bbox 3171 2462 3253 2509; x_wconf 89' lang='lat' dir='ltr'><strong>est</strong></span> <span class='ocrx_word' id='word_1_755' title='bbox 3273 2454 3501 2511; x_wconf 65' lang='lat' dir='ltr'><strong>Abrahae</strong></span> <span class='ocrx_word' id='word_1_756' title='bbox 3533 2476 3549 2510; x_wconf 86' lang='lat'><strong>:</strong></span> <span class='ocrx_word' id='word_1_757' title='bbox 3575 2459 3814 2528; x_wconf 85' lang='lat' dir='ltr'><strong>quisquis</strong></span> 
     </span>
    </p>
   </div>
   <div class='ocr_carea' id='block_1_85' title="bbox 2226 2540 3811 2619">
    <p class='ocr_par' dir='ltr' id='par_1_85' title="bbox 2226 2540 3811 2619">
     <span class='ocr_line' id='line_1_85' title="bbox 2226 2540 3811 2619; baseline 0.006 -24"><span class='ocrx_word' id='word_1_758' title='bbox 2226 2540 2627 2611; x_wconf 72' lang='lat' dir='ltr'><strong>degeneraverit</strong></span> <span class='ocrx_word' id='word_1_759' title='bbox 2667 2557 2698 2597; x_wconf 90' lang='lat' dir='ltr'><strong>a</strong></span> <span class='ocrx_word' id='word_1_760' title='bbox 2744 2542 2847 2598; x_wconf 88' lang='lat' dir='ltr'><strong>ﬁde</strong></span> <span class='ocrx_word' id='word_1_761' title='bbox 2893 2544 3192 2609; x_wconf 88' lang='lat' dir='ltr'><strong>Abraham,</strong></span> <span class='ocrx_word' id='word_1_762' title='bbox 3226 2546 3459 2615; x_wconf 87' lang='lat' dir='ltr'><strong>perdidit</strong></span> <span class='ocrx_word' id='word_1_763' title='bbox 3501 2551 3811 2619; x_wconf 85' lang='lat' dir='ltr'><strong>progeniem</strong></span> 
     </span>
    </p>
   </div>
   <div class='ocr_carea' id='block_1_86' title="bbox 2227 2633 3817 2707">
    <p class='ocr_par' dir='ltr' id='par_1_86' title="bbox 2227 2633 3817 2707">
     <span class='ocr_line' id='line_1_86' title="bbox 2227 2633 3817 2707; baseline 0.006 -20"><span class='ocrx_word' id='word_1_764' title='bbox 2227 2633 2480 2690; x_wconf 71' lang='lat' dir='ltr'><strong>Abrahm.</strong></span> <span class='ocrx_word' id='word_1_765' title='bbox 2505 2633 2675 2689; x_wconf 66' lang='lat' dir='ltr'><strong>Judaei</strong></span> <span class='ocrx_word' id='word_1_766' title='bbox 2694 2634 3182 2705; x_wconf 80' lang='lat' dir='ltr'><strong>degeneraverunt;</strong></span> <span class='ocrx_word' id='word_1_767' title='bbox 3207 2638 3555 2707; x_wconf 86' lang='lat' dir='ltr'><strong>perdiderunt</strong></span> <span class='ocrx_word' id='word_1_768' title='bbox 3584 2660 3598 2695; x_wconf 92' lang='lat'>:</span> <span class='ocrx_word' id='word_1_769' title='bbox 3630 2643 3817 2697; x_wconf 85' lang='lat' dir='ltr'><strong>imitati</strong></span> 
     </span>
    </p>
   </div>
   <div class='ocr_carea' id='block_1_87' title="bbox 2226 2728 3813 2801">
    <p class='ocr_par' dir='ltr' id='par_1_87' title="bbox 2226 2728 3813 2801">
     <span class='ocr_line' id='line_1_87' title="bbox 2226 2728 3813 2801; baseline 0.004 -20"><span class='ocrx_word' id='word_1_770' title='bbox 2226 2741 2411 2782; x_wconf 86' lang='lat' dir='ltr'><strong>sumus</strong></span> <span class='ocrx_word' id='word_1_771' title='bbox 2460 2741 2593 2793; x_wconf 88' lang='lat' dir='ltr'><strong>nos;</strong></span> <span class='ocrx_word' id='word_1_772' title='bbox 2626 2728 2953 2783; x_wconf 89' lang='lat' dir='ltr'><strong>invenimus.</strong></span> <span class='ocrx_word' id='word_1_773' title='bbox 2981 2728 3120 2784; x_wconf 89' lang='lat' dir='ltr'><strong>Audi</strong></span> <span class='ocrx_word' id='word_1_774' title='bbox 3155 2729 3277 2799; x_wconf 88' lang='lat' dir='ltr'><strong>quia</strong></span> <span class='ocrx_word' id='word_1_775' title='bbox 3304 2730 3382 2785; x_wconf 91' lang='lat' dir='ltr'><strong>illi</strong></span> <span class='ocrx_word' id='word_1_776' title='bbox 3430 2732 3813 2801; x_wconf 85' lang='lat' dir='ltr'><strong>perdiderunt:</strong></span> 
     </span>
    </p>
   </div>
   <div class='ocr_carea' id='block_1_88' title="bbox 2226 2818 3821 2889">
    <p class='ocr_par' dir='ltr' id='par_1_88' title="bbox 2226 2818 3821 2889">
     <span class='ocr_line' id='line_1_88' title="bbox 2226 2818 3821 2889; baseline 0.005 -17"><span class='ocrx_word' id='word_1_777' title='bbox 2226 2818 2353 2888; x_wconf 90' lang='lat' dir='ltr'><strong>quid</strong></span> <span class='ocrx_word' id='word_1_778' title='bbox 2400 2818 2505 2873; x_wconf 90' lang='lat' dir='ltr'><strong>illis</strong></span> <span class='ocrx_word' id='word_1_779' title='bbox 2556 2819 2684 2874; x_wconf 89' lang='lat' dir='ltr'><strong>dicit</strong></span> <span class='ocrx_word' id='word_1_780' title='bbox 2727 2819 2984 2875; x_wconf 88' lang='lat' dir='ltr'><strong>Dominus</strong></span> <span class='ocrx_word' id='word_1_781' title='bbox 3047 2820 3346 2877; x_wconf 82' lang='lat' dir='ltr'><strong>dicentibus</strong></span> <span class='ocrx_word' id='word_1_782' title='bbox 3388 2865 3403 2889; x_wconf 95' lang='lat'><strong>,</strong></span> <span class='ocrx_word' id='word_1_783' title='bbox 3477 2822 3602 2878; x_wconf 85' lang='lat' dir='ltr'><strong>Filii</strong></span> <span class='ocrx_word' id='word_1_784' title='bbox 3647 2840 3821 2880; x_wconf 74' lang='lat' dir='ltr'><strong>suum</strong></span> 
     </span>
    </p>
   </div>
   <div class='ocr_carea' id='block_1_89' title="bbox 2226 2911 3815 2986">
    <p class='ocr_par' dir='ltr' id='par_1_89' title="bbox 2226 2911 3815 2986">
     <span class='ocr_line' id='line_1_89' title="bbox 2226 2911 3815 2986; baseline 0.005 -21"><span class='ocrx_word' id='word_1_785' title='bbox 2226 2911 2489 2966; x_wconf 73' lang='lat' dir='ltr'><strong>Abrahw?</strong></span> <span class='ocrx_word' id='word_1_786' title='bbox 2522 2912 2651 2967; x_wconf 84' lang='lat' dir='ltr'><strong>Ausi</strong></span> <span class='ocrx_word' id='word_1_787' title='bbox 2674 2921 2798 2967; x_wconf 92' lang='lat' dir='ltr'><strong>sunt</strong></span> <span class='ocrx_word' id='word_1_788' title='bbox 2823 2921 3092 2968; x_wconf 89' lang='lat' dir='ltr'><strong>ostentare</strong></span> <span class='ocrx_word' id='word_1_789' title='bbox 3122 2928 3182 2969; x_wconf 90' lang='lat' dir='ltr'><strong>se</strong></span> <span class='ocrx_word' id='word_1_790' title='bbox 3204 2956 3219 2981; x_wconf 90' lang='lat'><strong>,</strong></span> <span class='ocrx_word' id='word_1_791' title='bbox 3251 2923 3306 2969; x_wconf 90' lang='lat' dir='ltr'><strong>et</strong></span> <span class='ocrx_word' id='word_1_792' title='bbox 3329 2915 3535 2986; x_wconf 76' lang='lat' dir='ltr'><strong>erigere</strong></span> <span class='ocrx_word' id='word_1_793' title='bbox 3554 2919 3815 2974; x_wconf 82' lang='lat' dir='ltr'><strong>cervicem</strong></span> 
     </span>
    </p>
   </div>
   <div class='ocr_carea' id='block_1_90' title="bbox 2225 3003 3823 3075">
    <p class='ocr_par' dir='ltr' id='par_1_90' title="bbox 2225 3003 3823 3075">
     <span class='ocr_line' id='line_1_90' title="bbox 2225 3003 3823 3075; baseline 0.005 -18"><span class='ocrx_word' id='word_1_794' title='bbox 2225 3003 2293 3058; x_wconf 89' lang='lat' dir='ltr'><strong>de</strong></span> <span class='ocrx_word' id='word_1_795' title='bbox 2319 3003 2601 3059; x_wconf 87' lang='lat' dir='ltr'><strong>nobilitate</strong></span> <span class='ocrx_word' id='word_1_796' title='bbox 2625 3004 2838 3075; x_wconf 81' lang='lat' dir='ltr'><strong>generis</strong></span> <span class='ocrx_word' id='word_1_797' title='bbox 2860 3004 3023 3074; x_wconf 87' lang='lat' dir='ltr'><strong>justi;</strong></span> <span class='ocrx_word' id='word_1_798' title='bbox 3049 3013 3103 3060; x_wconf 92' lang='lat' dir='ltr'><strong>et</strong></span> <span class='ocrx_word' id='word_1_799' title='bbox 3127 3005 3252 3075; x_wconf 90' lang='lat' dir='ltr'><strong>quid</strong></span> <span class='ocrx_word' id='word_1_800' title='bbox 3296 3006 3405 3063; x_wconf 91' lang='lat' dir='ltr'><strong>illis</strong></span> <span class='ocrx_word' id='word_1_801' title='bbox 3430 3007 3690 3063; x_wconf 89' lang='lat' dir='ltr'><strong>Dominus</strong></span> <span class='ocrx_word' id='word_1_802' title='bbox 3714 3011 3737 3064; x_wconf 68' lang='grc' dir='ltr'><em>ἲ</em></span> <span class='ocrx_word' id='word_1_803' title='bbox 3762 3011 3823 3065; x_wconf 81' lang='lat' dir='ltr'><strong>Si</strong></span> 
     </span>
    </p>
   </div>
   <div class='ocr_carea' id='block_1_91' title="bbox 2226 3095 3814 3173">
    <p class='ocr_par' dir='ltr' id='par_1_91' title="bbox 2226 3095 3814 3173">
     <span class='ocr_line' id='line_1_91' title="bbox 2226 3095 3814 3173; baseline 0.006 -25"><span class='ocrx_word' id='word_1_804' title='bbox 2226 3096 2322 3163; x_wconf 83' lang='lat' dir='ltr'><strong>ﬁlii</strong></span> <span class='ocrx_word' id='word_1_805' title='bbox 2360 3095 2580 3150; x_wconf 65' lang='lat' dir='ltr'><strong>Abrahae</strong></span> <span class='ocrx_word' id='word_1_806' title='bbox 2624 3098 2795 3151; x_wconf 84' lang='lat' dir='ltr'><strong>essetis</strong></span> <span class='ocrx_word' id='word_1_807' title='bbox 2820 3138 2833 3162; x_wconf 94' lang='lat'><strong>,</strong></span> <span class='ocrx_word' id='word_1_808' title='bbox 2867 3102 3005 3168; x_wconf 79' lang='lat' dir='ltr'><strong>facta</strong></span> <span class='ocrx_word' id='word_1_809' title='bbox 3056 3098 3274 3153; x_wconf 80' lang='lat' dir='ltr'><strong>Abraha:</strong></span> <span class='ocrx_word' id='word_1_810' title='bbox 3321 3101 3564 3171; x_wconf 77' lang='lat' dir='ltr'><strong>fecissetis</strong></span> <span class='ocrx_word' id='word_1_811' title='bbox 3612 3102 3814 3173; x_wconf 82' lang='lat' dir='ltr'><strong>(Joan.</strong></span> 
     </span>
    </p>
   </div>
   <div class='ocr_carea' id='block_1_92' title="bbox 2226 3185 3823 3260">
    <p class='ocr_par' dir='ltr' id='par_1_92' title="bbox 2226 3185 3823 3260">
     <span class='ocr_line' id='line_1_92' title="bbox 2226 3185 3823 3260; baseline 0.006 -21"><span class='ocrx_word' id='word_1_812' title='bbox 2226 3200 2336 3249; x_wconf 79' lang='lat' dir='ltr'><strong>vni,</strong></span> <span class='ocrx_word' id='word_1_813' title='bbox 2366 3186 2452 3251; x_wconf 78' lang='grc'><strong>55,</strong></span> <span class='ocrx_word' id='word_1_814' title='bbox 2488 3186 2555 3241; x_wconf 76' lang='grc'><strong>59</strong></span> <span class='ocrx_word' id='word_1_815' title='bbox 2575 3185 2613 3255; x_wconf 93' lang='grc'><strong>).</strong></span> <span class='ocrx_word' id='word_1_816' title='bbox 2646 3186 2703 3242; x_wconf 91' lang='lat' dir='ltr'><strong>Si</strong></span> <span class='ocrx_word' id='word_1_817' title='bbox 2732 3201 2858 3258; x_wconf 80' lang='lat' dir='ltr'><strong>ergo</strong></span> <span class='ocrx_word' id='word_1_818' title='bbox 2888 3187 3235 3257; x_wconf 90' lang='lat' dir='ltr'><strong>perdiderunt</strong></span> <span class='ocrx_word' id='word_1_819' title='bbox 3262 3190 3362 3257; x_wconf 89' lang='lat' dir='ltr'><strong>ipsi</strong></span> <span class='ocrx_word' id='word_1_820' title='bbox 3388 3191 3530 3260; x_wconf 87' lang='lat' dir='ltr'><strong>quod</strong></span> <span class='ocrx_word' id='word_1_821' title='bbox 3560 3194 3655 3247; x_wconf 88' lang='lat' dir='ltr'><strong>lilii</strong></span> <span class='ocrx_word' id='word_1_822' title='bbox 3701 3202 3823 3249; x_wconf 82' lang='lat' dir='ltr'><strong>sunt</strong></span> 
     </span>
    </p>
   </div>
   <div class='ocr_carea' id='block_1_93' title="bbox 2226 3275 3815 3340">
    <p class='ocr_par' dir='ltr' id='par_1_93' title="bbox 2226 3275 3815 3340">
     <span class='ocr_line' id='line_1_93' title="bbox 2226 3275 3815 3340; baseline 0.007 -11"><span class='ocrx_word' id='word_1_823' title='bbox 2226 3275 2473 3339; x_wconf 72' lang='lat' dir='ltr'><strong>Abrahae,</strong></span> <span class='ocrx_word' id='word_1_824' title='bbox 2500 3276 2797 3331; x_wconf 87' lang='lat' dir='ltr'><strong>invenimus</strong></span> <span class='ocrx_word' id='word_1_825' title='bbox 2836 3293 2934 3332; x_wconf 90' lang='lat' dir='ltr'><strong>nos</strong></span> <span class='ocrx_word' id='word_1_826' title='bbox 2960 3286 3017 3332; x_wconf 92' lang='lat' dir='ltr'><strong>ut</strong></span> <span class='ocrx_word' id='word_1_827' title='bbox 3045 3278 3137 3332; x_wconf 91' lang='lat' dir='ltr'><strong>ﬁlii</strong></span> <span class='ocrx_word' id='word_1_828' title='bbox 3183 3280 3353 3335; x_wconf 90' lang='lat' dir='ltr'><strong>simus</strong></span> <span class='ocrx_word' id='word_1_829' title='bbox 3392 3281 3645 3337; x_wconf 65' lang='lat' dir='ltr'><strong>Abrahae.</strong></span> <span class='ocrx_word' id='word_1_830' title='bbox 3690 3283 3815 3340; x_wconf 85' lang='lat' dir='ltr'><strong>Cre-</strong></span> 
     </span>
    </p>
   </div>
   <div class='ocr_carea' id='block_1_94' title="bbox 2230 3368 3819 3440">
    <p class='ocr_par' dir='ltr' id='par_1_94' title="bbox 2230 3368 3819 3440">
     <span class='ocr_line' id='line_1_94' title="bbox 2230 3368 3819 3440; baseline 0.004 -17"><span class='ocrx_word' id='word_1_831' title='bbox 2230 3368 2407 3423; x_wconf 85' lang='lat' dir='ltr'><strong>d&#39;cndo</strong></span> <span class='ocrx_word' id='word_1_832' title='bbox 2436 3369 2632 3439; x_wconf 89' lang='lat' dir='ltr'><strong>quippe</strong></span> <span class='ocrx_word' id='word_1_833' title='bbox 2659 3369 2958 3424; x_wconf 89' lang='lat' dir='ltr'><strong>invenimus</strong></span> <span class='ocrx_word' id='word_1_834' title='bbox 2981 3370 3122 3440; x_wconf 89' lang='lat' dir='ltr'><strong>quod</strong></span> <span class='ocrx_word' id='word_1_835' title='bbox 3152 3370 3227 3425; x_wconf 90' lang='lat' dir='ltr'><strong>illi</strong></span> <span class='ocrx_word' id='word_1_836' title='bbox 3251 3386 3357 3426; x_wconf 94' lang='lat' dir='ltr'><strong>non</strong></span> <span class='ocrx_word' id='word_1_837' title='bbox 3387 3373 3661 3428; x_wconf 82' lang='lat' dir='ltr'><strong>credendo</strong></span> <span class='ocrx_word' id='word_1_838' title='bbox 3687 3376 3819 3429; x_wconf 80' lang='lat' dir='ltr'><strong>ami-</strong></span> 
     </span>
    </p>
   </div>
   <div class='ocr_carea' id='block_1_95' title="bbox 2224 3459 3816 3534">
    <p class='ocr_par' dir='ltr' id='par_1_95' title="bbox 2224 3459 3816 3534">
     <span class='ocr_line' id='line_1_95' title="bbox 2224 3459 3816 3534; baseline 0.004 -18"><span class='ocrx_word' id='word_1_839' title='bbox 2224 3468 2407 3516; x_wconf 88' lang='lat' dir='ltr'><strong>serunt</strong></span> <span class='ocrx_word' id='word_1_840' title='bbox 2430 3478 2444 3515; x_wconf 92' lang='lat'><strong>:</strong></span> <span class='ocrx_word' id='word_1_841' title='bbox 2463 3461 2584 3530; x_wconf 88' lang='lat' dir='ltr'><strong>quia</strong></span> <span class='ocrx_word' id='word_1_842' title='bbox 2606 3461 2814 3515; x_wconf 83' lang='lat' dir='ltr'><strong>credidit</strong></span> <span class='ocrx_word' id='word_1_843' title='bbox 2832 3462 3086 3516; x_wconf 84' lang='lat' dir='ltr'><strong>Abraham</strong></span> <span class='ocrx_word' id='word_1_844' title='bbox 3106 3459 3240 3531; x_wconf 85' lang='lat' dir='ltr'><strong>Deo,</strong></span> <span class='ocrx_word' id='word_1_845' title='bbox 3263 3473 3310 3518; x_wconf 91' lang='lat' dir='ltr'><strong>et</strong></span> <span class='ocrx_word' id='word_1_846' title='bbox 3331 3464 3626 3534; x_wconf 87' lang='lat' dir='ltr'><strong>deputatum</strong></span> <span class='ocrx_word' id='word_1_847' title='bbox 3652 3468 3816 3522; x_wconf 77' lang='lat' dir='ltr'><strong>est-illi</strong></span> 
     </span>
    </p>
   </div>
   <div class='ocr_carea' id='block_1_96' title="bbox 2224 3552 3808 3629">
    <p class='ocr_par' dir='ltr' id='par_1_96' title="bbox 2224 3552 3808 3629">
     <span class='ocr_line' id='line_1_96' title="bbox 2224 3552 3808 3629; baseline 0.005 -24"><span class='ocrx_word' id='word_1_848' title='bbox 2224 3552 2291 3605; x_wconf 85' lang='lat' dir='ltr'><strong>ad</strong></span> <span class='ocrx_word' id='word_1_849' title='bbox 2297 3552 2570 3622; x_wconf 87' lang='lat' dir='ltr'><strong>justitiam.</strong></span> <span class='ocrx_word' id='word_1_850' title='bbox 2587 3552 2843 3607; x_wconf 83' lang='lat' dir='ltr'><strong>Etsemen</strong></span> <span class='ocrx_word' id='word_1_851' title='bbox 2863 3552 3089 3608; x_wconf 63' lang='lat' dir='ltr'><strong>Abrahae</strong></span> <span class='ocrx_word' id='word_1_852' title='bbox 3109 3554 3353 3611; x_wconf 89' lang='lat' dir='ltr'><strong>Christus</strong></span> <span class='ocrx_word' id='word_1_853' title='bbox 3374 3555 3567 3625; x_wconf 69' lang='lat' dir='ltr'><strong>(Calai.</strong></span> <span class='ocrx_word' id='word_1_854' title='bbox 3594 3573 3674 3624; x_wconf 87' lang='grc' dir='ltr'>ιιι,</span> <span class='ocrx_word' id='word_1_855' title='bbox 3700 3558 3808 3629; x_wconf 79' lang='grc'><strong>16),</strong></span> 
     </span>
    </p>
   </div>
   <div class='ocr_carea' id='block_1_97' title="bbox 2224 3644 3813 3720">
    <p class='ocr_par' dir='ltr' id='par_1_97' title="bbox 2224 3644 3813 3720">
     <span class='ocr_line' id='line_1_97' title="bbox 2224 3644 3813 3720; baseline 0.004 -21"><span class='ocrx_word' id='word_1_856' title='bbox 2224 3654 2278 3699; x_wconf 92' lang='grc' dir='ltr'><strong>ει</strong></span> <span class='ocrx_word' id='word_1_857' title='bbox 2308 3645 2360 3698; x_wconf 91' lang='lat' dir='ltr'><strong>in</strong></span> <span class='ocrx_word' id='word_1_858' title='bbox 2390 3644 2602 3699; x_wconf 84' lang='lat' dir='ltr'><strong>Christo</strong></span> <span class='ocrx_word' id='word_1_859' title='bbox 2622 3660 2718 3699; x_wconf 91' lang='lat' dir='ltr'><strong>nos</strong></span> <span class='ocrx_word' id='word_1_860' title='bbox 2743 3660 2957 3711; x_wconf 90' lang='lat' dir='ltr'><strong>sumus;</strong></span> <span class='ocrx_word' id='word_1_861' title='bbox 2988 3654 3041 3701; x_wconf 89' lang='lat' dir='ltr'><strong>et</strong></span> <span class='ocrx_word' id='word_1_862' title='bbox 3065 3661 3130 3701; x_wconf 82' lang='lat' dir='ltr'><strong>ex</strong></span> <span class='ocrx_word' id='word_1_863' title='bbox 3162 3646 3322 3702; x_wconf 88' lang='lat' dir='ltr'><strong>Israel</strong></span> <span class='ocrx_word' id='word_1_864' title='bbox 3346 3648 3594 3718; x_wconf 89' lang='lat' dir='ltr'><strong>populus,</strong></span> <span class='ocrx_word' id='word_1_865' title='bbox 3626 3651 3813 3720; x_wconf 85' lang='lat' dir='ltr'><strong>dequo</strong></span> 
     </span>
    </p>
   </div>
   <div class='ocr_carea' id='block_1_98' title="bbox 2224 3735 3816 3809">
    <p class='ocr_par' dir='ltr' id='par_1_98' title="bbox 2224 3735 3816 3809">
     <span class='ocr_line' id='line_1_98' title="bbox 2224 3735 3816 3809; baseline 0.004 -19"><span class='ocrx_word' id='word_1_866' title='bbox 2224 3735 2421 3805; x_wconf 84' lang='lat' dir='ltr'><strong>p0pulo</strong></span> <span class='ocrx_word' id='word_1_867' title='bbox 2449 3735 2636 3801; x_wconf 88' lang='lat' dir='ltr'><strong>Maria,</strong></span> <span class='ocrx_word' id='word_1_868' title='bbox 2667 3735 2736 3791; x_wconf 92' lang='lat' dir='ltr'><strong>de</strong></span> <span class='ocrx_word' id='word_1_869' title='bbox 2765 3752 2867 3807; x_wconf 89' lang='lat' dir='ltr'><strong>qua</strong></span> <span class='ocrx_word' id='word_1_870' title='bbox 2890 3736 3052 3791; x_wconf 81' lang='lat' dir='ltr'><strong>Maria</strong></span> <span class='ocrx_word' id='word_1_871' title='bbox 3080 3736 3357 3807; x_wconf 79' lang='lat' dir='ltr'><strong>Christus,</strong></span> <span class='ocrx_word' id='word_1_872' title='bbox 3390 3740 3441 3793; x_wconf 91' lang='lat' dir='ltr'><strong>in</strong></span> <span class='ocrx_word' id='word_1_873' title='bbox 3470 3756 3577 3809; x_wconf 89' lang='lat' dir='ltr'><strong>quo</strong></span> <span class='ocrx_word' id='word_1_874' title='bbox 3603 3741 3816 3797; x_wconf 88' lang='lat' dir='ltr'><strong>Christo</strong></span> 
     </span>
    </p>
   </div>
   <div class='ocr_carea' id='block_1_99' title="bbox 2227 3826 3812 3898">
    <p class='ocr_par' dir='ltr' id='par_1_99' title="bbox 2227 3826 3812 3898">
     <span class='ocr_line' id='line_1_99' title="bbox 2227 3826 3812 3898; baseline 0.005 -17"><span class='ocrx_word' id='word_1_875' title='bbox 2227 3842 2322 3882; x_wconf 84' lang='lat' dir='ltr'><strong>nos</strong></span> <span class='ocrx_word' id='word_1_876' title='bbox 2347 3844 2359 3880; x_wconf 90' lang='lat'><strong>:</strong></span> <span class='ocrx_word' id='word_1_877' title='bbox 2382 3841 2509 3896; x_wconf 77' lang='lat' dir='ltr'><strong>ergo</strong></span> <span class='ocrx_word' id='word_1_878' title='bbox 2539 3826 2633 3881; x_wconf 91' lang='lat' dir='ltr'><strong>ﬁlii</strong></span> <span class='ocrx_word' id='word_1_879' title='bbox 2660 3826 2820 3883; x_wconf 84' lang='lat' dir='ltr'><strong>Israel</strong></span> <span class='ocrx_word' id='word_1_880' title='bbox 2843 3842 2959 3883; x_wconf 87' lang='lat' dir='ltr'><strong>nos.</strong></span> <span class='ocrx_word' id='word_1_881' title='bbox 2983 3827 3052 3883; x_wconf 89' lang='lat' dir='ltr'><strong>Et</strong></span> <span class='ocrx_word' id='word_1_882' title='bbox 3075 3829 3343 3898; x_wconf 86' lang='lat' dir='ltr'><strong>quomodo</strong></span> <span class='ocrx_word' id='word_1_883' title='bbox 3365 3830 3586 3897; x_wconf 89' lang='lat' dir='ltr'><strong>addidit,</strong></span> <span class='ocrx_word' id='word_1_884' title='bbox 3622 3841 3684 3887; x_wconf 86' lang='lat' dir='ltr'><strong>ut</strong></span> <span class='ocrx_word' id='word_1_885' title='bbox 3709 3834 3812 3890; x_wconf 85' lang='lat' dir='ltr'><strong>dis-</strong></span> 
     </span>
    </p>
   </div>
   <div class='ocr_carea' id='block_1_100' title="bbox 2225 3918 3809 3993">
    <p class='ocr_par' dir='ltr' id='par_1_100' title="bbox 2225 3918 3809 3993">
     <span class='ocr_line' id='line_1_100' title="bbox 2225 3918 3809 3993; baseline 0.004 -20"><span class='ocrx_word' id='word_1_886' title='bbox 2225 3928 2468 3973; x_wconf 88' lang='lat' dir='ltr'><strong>cerneret</strong></span> <span class='ocrx_word' id='word_1_887' title='bbox 2499 3932 2597 3973; x_wconf 86' lang='lat' dir='ltr'><strong>nos</strong></span> <span class='ocrx_word' id='word_1_888' title='bbox 2610 3918 2635 3970; x_wconf 85' lang='lat'><strong>?</strong></span> <span class='ocrx_word' id='word_1_889' title='bbox 2654 3919 2807 3972; x_wconf 83' lang='lat' dir='ltr'><strong>Filiis</strong></span> <span class='ocrx_word' id='word_1_890' title='bbox 2833 3918 3016 3986; x_wconf 87' lang='lat' dir='ltr'><strong>Israel,</strong></span> <span class='ocrx_word' id='word_1_891' title='bbox 3042 3922 3233 3991; x_wconf 85' lang='lat' dir='ltr'><strong>populo</strong></span> <span class='ocrx_word' id='word_1_892' title='bbox 3248 3925 3686 3993; x_wconf 83' lang='lat' dir='ltr'><strong>appropinquanti</strong></span> <span class='ocrx_word' id='word_1_893' title='bbox 3705 3926 3809 3979; x_wconf 85' lang='lat' dir='ltr'><strong>sibi.</strong></span> 
     </span>
    </p>
   </div>
   <div class='ocr_carea' id='block_1_101' title="bbox 2226 4008 3814 4083">
    <p class='ocr_par' dir='ltr' id='par_1_101' title="bbox 2226 4008 3814 4083">
     <span class='ocr_line' id='line_1_101' title="bbox 2226 4008 3814 4083; baseline 0.006 -22"><span class='ocrx_word' id='word_1_894' title='bbox 2226 4009 2497 4064; x_wconf 87' lang='lat' dir='ltr'><strong>Attendite</strong></span> <span class='ocrx_word' id='word_1_895' title='bbox 2521 4008 2736 4065; x_wconf 67' lang='lat' dir='ltr'><strong>Judmos</strong></span> <span class='ocrx_word' id='word_1_896' title='bbox 2760 4028 2773 4064; x_wconf 93' lang='lat'>:</span> <span class='ocrx_word' id='word_1_897' title='bbox 2798 4010 2842 4065; x_wconf 92' lang='lat' dir='ltr'><strong>si</strong></span> <span class='ocrx_word' id='word_1_898' title='bbox 2865 4011 3220 4080; x_wconf 88' lang='lat' dir='ltr'><strong>propinquant</strong></span> <span class='ocrx_word' id='word_1_899' title='bbox 3244 4052 3259 4077; x_wconf 93' lang='lat'><strong>,</strong></span> <span class='ocrx_word' id='word_1_900' title='bbox 3291 4012 3391 4083; x_wconf 86' lang='lat' dir='ltr'><strong>ipsi</strong></span> <span class='ocrx_word' id='word_1_901' title='bbox 3417 4022 3559 4068; x_wconf 91' lang='lat' dir='ltr'><strong>sunt.</strong></span> <span class='ocrx_word' id='word_1_902' title='bbox 3586 4015 3658 4069; x_wconf 87' lang='lat' dir='ltr'><strong>Et</strong></span> <span class='ocrx_word' id='word_1_903' title='bbox 3686 4015 3814 4071; x_wconf 77' lang='lat' dir='ltr'><strong>forte</strong></span> 
     </span>
    </p>
   </div>
   <div class='ocr_carea' id='block_1_102' title="bbox 2228 4102 3810 4176">
    <p class='ocr_par' dir='ltr' id='par_1_102' title="bbox 2228 4102 3810 4176">
     <span class='ocr_line' id='line_1_102' title="bbox 2228 4102 3810 4176; baseline 0.004 -22"><span class='ocrx_word' id='word_1_904' title='bbox 2228 4102 2602 4171; x_wconf 87' lang='lat' dir='ltr'><strong>propinquant,</strong></span> <span class='ocrx_word' id='word_1_905' title='bbox 2635 4102 2764 4157; x_wconf 87' lang='lat' dir='ltr'><strong>dicit</strong></span> <span class='ocrx_word' id='word_1_906' title='bbox 2789 4103 2917 4157; x_wconf 90' lang='lat' dir='ltr'><strong>mihi</strong></span> <span class='ocrx_word' id='word_1_907' title='bbox 2945 4104 3137 4173; x_wconf 81' lang='lat' dir='ltr'><strong>aliquis</strong></span> <span class='ocrx_word' id='word_1_908' title='bbox 3166 4121 3179 4156; x_wconf 87' lang='lat'>:</span> <span class='ocrx_word' id='word_1_909' title='bbox 3208 4105 3445 4174; x_wconf 89' lang='lat' dir='ltr'><strong>quotidie</strong></span> <span class='ocrx_word' id='word_1_910' title='bbox 3473 4116 3526 4161; x_wconf 91' lang='lat' dir='ltr'><strong>et</strong></span> <span class='ocrx_word' id='word_1_911' title='bbox 3550 4108 3656 4176; x_wconf 80' lang='lat' dir='ltr'><strong>ipsi</strong></span> <span class='ocrx_word' id='word_1_912' title='bbox 3691 4123 3810 4163; x_wconf 86' lang='lat' dir='ltr'><strong>can-</strong></span> 
     </span>
    </p>
   </div>
   <div class='ocr_carea' id='block_1_103' title="bbox 2227 4192 3812 4265">
    <p class='ocr_par' dir='ltr' id='par_1_103' title="bbox 2227 4192 3812 4265">
     <span class='ocr_line' id='line_1_103' title="bbox 2227 4192 3812 4265; baseline 0.004 -20"><span class='ocrx_word' id='word_1_913' title='bbox 2227 4200 2335 4245; x_wconf 88' lang='lat' dir='ltr'><strong>tant</strong></span> <span class='ocrx_word' id='word_1_914' title='bbox 2365 4192 2629 4261; x_wconf 89' lang='lat' dir='ltr'><strong>psalmum</strong></span> <span class='ocrx_word' id='word_1_915' title='bbox 2660 4235 2675 4259; x_wconf 90' lang='lat'><strong>,</strong></span> <span class='ocrx_word' id='word_1_916' title='bbox 2707 4200 2762 4248; x_wconf 90' lang='lat' dir='ltr'><strong>et</strong></span> <span class='ocrx_word' id='word_1_917' title='bbox 2799 4202 3014 4248; x_wconf 88' lang='lat' dir='ltr'><strong>cantant</strong></span> <span class='ocrx_word' id='word_1_918' title='bbox 3042 4193 3270 4265; x_wconf 85' lang='lat' dir='ltr'><strong>hymnos</strong></span> <span class='ocrx_word' id='word_1_919' title='bbox 3308 4195 3422 4251; x_wconf 91' lang='lat' dir='ltr'><strong>Dei.</strong></span> <span class='ocrx_word' id='word_1_920' title='bbox 3466 4196 3585 4251; x_wconf 83' lang='lat' dir='ltr'><strong>Non</strong></span> <span class='ocrx_word' id='word_1_921' title='bbox 3628 4198 3812 4252; x_wconf 86' lang='lat' dir='ltr'><strong>auditis</strong></span> 
     </span>
    </p>
   </div>
   <div class='ocr_carea' id='block_1_104' title="bbox 2226 4282 3810 4355">
    <p class='ocr_par' dir='ltr' id='par_1_104' title="bbox 2226 4282 3810 4355">
     <span class='ocr_line' id='line_1_104' title="bbox 2226 4282 3810 4355; baseline 0.003 -19"><span class='ocrx_word' id='word_1_922' title='bbox 2226 4282 2351 4353; x_wconf 85' lang='lat' dir='ltr'><strong>quid</strong></span> <span class='ocrx_word' id='word_1_923' title='bbox 2377 4284 2455 4337; x_wconf 83' lang='lat' dir='ltr'><strong>eis</strong></span> <span class='ocrx_word' id='word_1_924' title='bbox 2482 4283 2622 4337; x_wconf 80' lang='lat' dir='ltr'><strong>dixit</strong></span> <span class='ocrx_word' id='word_1_925' title='bbox 2664 4284 2919 4354; x_wconf 89' lang='lat' dir='ltr'><strong>propheta</strong></span> <span class='ocrx_word' id='word_1_926' title='bbox 2943 4285 2965 4337; x_wconf 90' lang='lat'><strong>?</strong></span> <span class='ocrx_word' id='word_1_927' title='bbox 2996 4283 3229 4355; x_wconf 87' lang='lat' dir='ltr'><strong>Populus</strong></span> <span class='ocrx_word' id='word_1_928' title='bbox 3265 4286 3346 4340; x_wconf 87' lang='lat' dir='ltr'><strong>hic</strong></span> <span class='ocrx_word' id='word_1_929' title='bbox 3372 4287 3517 4342; x_wconf 85' lang='lat' dir='ltr'><strong>labiis</strong></span> <span class='ocrx_word' id='word_1_930' title='bbox 3543 4304 3628 4342; x_wconf 87' lang='lat' dir='ltr'><strong>me</strong></span> <span class='ocrx_word' id='word_1_931' title='bbox 3658 4289 3810 4341; x_wconf 88' lang='lat' dir='ltr'><strong>hono-</strong></span> 
     </span>
    </p>
   </div>
   <div class='ocr_carea' id='block_1_105' title="bbox 2226 4375 3805 4447">
    <p class='ocr_par' dir='ltr' id='par_1_105' title="bbox 2226 4375 3805 4447">
     <span class='ocr_line' id='line_1_105' title="bbox 2226 4375 3805 4447; baseline 0.001 -21"><span class='ocrx_word' id='word_1_932' title='bbox 2226 4382 2337 4437; x_wconf 86' lang='lat' dir='ltr'><strong>rat;</strong></span> <span class='ocrx_word' id='word_1_933' title='bbox 2368 4389 2456 4426; x_wconf 91' lang='lat' dir='ltr'><strong>cor</strong></span> <span class='ocrx_word' id='word_1_934' title='bbox 2484 4382 2652 4426; x_wconf 86' lang='lat' dir='ltr'><strong>autem</strong></span> <span class='ocrx_word' id='word_1_935' title='bbox 2679 4388 2851 4425; x_wconf 88' lang='lat' dir='ltr'><strong>eorum</strong></span> <span class='ocrx_word' id='word_1_936' title='bbox 2881 4375 3029 4445; x_wconf 86' lang='lat' dir='ltr'><strong>longe</strong></span> <span class='ocrx_word' id='word_1_937' title='bbox 3052 4385 3123 4429; x_wconf 91' lang='lat' dir='ltr'><strong>est</strong></span> <span class='ocrx_word' id='word_1_938' title='bbox 3150 4392 3181 4428; x_wconf 91' lang='lat' dir='ltr'><strong>a</strong></span> <span class='ocrx_word' id='word_1_939' title='bbox 3205 4392 3285 4429; x_wconf 89' lang='lat' dir='ltr'><strong>me</strong></span> <span class='ocrx_word' id='word_1_940' title='bbox 3310 4375 3473 4447; x_wconf 84' lang='lat' dir='ltr'><strong>(Isai.</strong></span> <span class='ocrx_word' id='word_1_941' title='bbox 3507 4392 3657 4443; x_wconf 76' lang='lat' dir='ltr'><strong>nix,</strong></span> <span class='ocrx_word' id='word_1_942' title='bbox 3686 4379 3747 4432; x_wconf 76' lang='lat' dir='ltr'><strong>i3</strong></span> <span class='ocrx_word' id='word_1_943' title='bbox 3769 4378 3805 4445; x_wconf 91' lang='lat'><strong>).</strong></span> 
     </span>
    </p>
   </div>
   <div class='ocr_carea' id='block_1_106' title="bbox 2226 4463 3808 4537">
    <p class='ocr_par' dir='ltr' id='par_1_106' title="bbox 2226 4463 3808 4537">
     <span class='ocr_line' id='line_1_106' title="bbox 2226 4463 3808 4537; baseline 0.001 -19"><span class='ocrx_word' id='word_1_944' title='bbox 2226 4463 2284 4518; x_wconf 90' lang='lat' dir='ltr'><strong>Si</strong></span> <span class='ocrx_word' id='word_1_945' title='bbox 2312 4463 2524 4519; x_wconf 91' lang='lat' dir='ltr'><strong>illorum</strong></span> <span class='ocrx_word' id='word_1_946' title='bbox 2551 4478 2645 4517; x_wconf 93' lang='lat' dir='ltr'><strong>cor</strong></span> <span class='ocrx_word' id='word_1_947' title='bbox 2670 4463 2823 4533; x_wconf 83' lang='lat' dir='ltr'><strong>longe</strong></span> <span class='ocrx_word' id='word_1_948' title='bbox 2851 4473 2933 4519; x_wconf 88' lang='lat' dir='ltr'><strong>est</strong></span> <span class='ocrx_word' id='word_1_949' title='bbox 2958 4507 2972 4532; x_wconf 91' lang='lat'><strong>,</strong></span> <span class='ocrx_word' id='word_1_950' title='bbox 3003 4474 3244 4521; x_wconf 87' lang='lat' dir='ltr'><strong>nostrum</strong></span> <span class='ocrx_word' id='word_1_951' title='bbox 3272 4477 3452 4520; x_wconf 90' lang='lat' dir='ltr'><strong>autem</strong></span> <span class='ocrx_word' id='word_1_952' title='bbox 3495 4481 3591 4522; x_wconf 87' lang='lat' dir='ltr'><strong>cor</strong></span> <span class='ocrx_word' id='word_1_953' title='bbox 3637 4468 3808 4537; x_wconf 79' lang='lat' dir='ltr'><strong>proxi-</strong></span> 
     </span>
    </p>
   </div>
   <div class='ocr_carea' id='block_1_107' title="bbox 2226 4561 3805 4633">
    <p class='ocr_par' dir='ltr' id='par_1_107' title="bbox 2226 4561 3805 4633">
     <span class='ocr_line' id='line_1_107' title="bbox 2226 4561 3805 4633; baseline -0.001 -16"><span class='ocrx_word' id='word_1_954' title='bbox 2226 4578 2371 4617; x_wconf 91' lang='lat' dir='ltr'><strong>mum</strong></span> <span class='ocrx_word' id='word_1_955' title='bbox 2392 4572 2516 4630; x_wconf 89' lang='lat' dir='ltr'><strong>.est;</strong></span> <span class='ocrx_word' id='word_1_956' title='bbox 2547 4562 2669 4633; x_wconf 88' lang='lat' dir='ltr'><strong>quia</strong></span> <span class='ocrx_word' id='word_1_957' title='bbox 2699 4561 2967 4617; x_wconf 88' lang='lat' dir='ltr'><strong>credimus</strong></span> <span class='ocrx_word' id='word_1_958' title='bbox 2992 4604 3006 4629; x_wconf 94' lang='lat'><strong>,</strong></span> <span class='ocrx_word' id='word_1_959' title='bbox 3040 4563 3161 4632; x_wconf 91' lang='lat' dir='ltr'><strong>quia</strong></span> <span class='ocrx_word' id='word_1_960' title='bbox 3188 4576 3466 4631; x_wconf 88' lang='lat' dir='ltr'><strong>speramus</strong></span> <span class='ocrx_word' id='word_1_961' title='bbox 3495 4604 3509 4628; x_wconf 93' lang='lat'><strong>,</strong></span> <span class='ocrx_word' id='word_1_962' title='bbox 3538 4564 3669 4632; x_wconf 88' lang='lat' dir='ltr'><strong>quia</strong></span> <span class='ocrx_word' id='word_1_963' title='bbox 3693 4562 3805 4617; x_wconf 85' lang='lat' dir='ltr'><strong>dili-</strong></span> 
     </span>
    </p>
   </div>
   <div class='ocr_carea' id='block_1_108' title="bbox 2225 4653 3807 4724">
    <p class='ocr_par' dir='ltr' id='par_1_108' title="bbox 2225 4653 3807 4724">
     <span class='ocr_line' id='line_1_108' title="bbox 2225 4653 3807 4724; baseline -0.001 -17"><span class='ocrx_word' id='word_1_964' title='bbox 2225 4654 2432 4724; x_wconf 86' lang='lat' dir='ltr'><strong>gimus,</strong></span> <span class='ocrx_word' id='word_1_965' title='bbox 2464 4654 2587 4724; x_wconf 91' lang='lat' dir='ltr'><strong>quia</strong></span> <span class='ocrx_word' id='word_1_966' title='bbox 2615 4653 2828 4709; x_wconf 88' lang='lat' dir='ltr'><strong>Christo</strong></span> <span class='ocrx_word' id='word_1_967' title='bbox 2875 4653 3109 4723; x_wconf 88' lang='lat' dir='ltr'><strong>adjuncti</strong></span> <span class='ocrx_word' id='word_1_968' title='bbox 3155 4668 3340 4709; x_wconf 89' lang='lat' dir='ltr'><strong>sumus</strong></span> <span class='ocrx_word' id='word_1_969' title='bbox 3364 4696 3377 4720; x_wconf 93' lang='lat'><strong>,</strong></span> <span class='ocrx_word' id='word_1_970' title='bbox 3419 4654 3539 4723; x_wconf 89' lang='lat' dir='ltr'><strong>quia</strong></span> <span class='ocrx_word' id='word_1_971' title='bbox 3573 4654 3807 4709; x_wconf 86' lang='lat' dir='ltr'><strong>membra</strong></span> 
     </span>
    </p>
   </div>
   <div class='ocr_carea' id='block_1_109' title="bbox 2226 4743 3803 4815">
    <p class='ocr_par' dir='ltr' id='par_1_109' title="bbox 2226 4743 3803 4815">
     <span class='ocr_line' id='line_1_109' title="bbox 2226 4743 3803 4815; baseline -0.001 -18"><span class='ocrx_word' id='word_1_972' title='bbox 2226 4743 2392 4814; x_wconf 88' lang='lat' dir='ltr'><strong>ipsius</strong></span> <span class='ocrx_word' id='word_1_973' title='bbox 2421 4743 2541 4800; x_wconf 84' lang='lat' dir='ltr'><strong>facti</strong></span> <span class='ocrx_word' id='word_1_974' title='bbox 2585 4758 2814 4799; x_wconf 88' lang='lat' dir='ltr'><strong>sumus:</strong></span> <span class='ocrx_word' id='word_1_975' title='bbox 2860 4743 3116 4813; x_wconf 90' lang='lat' dir='ltr'><strong>numquid</strong></span> <span class='ocrx_word' id='word_1_976' title='bbox 3160 4743 3401 4798; x_wconf 85' lang='lat' dir='ltr'><strong>membra</strong></span> <span class='ocrx_word' id='word_1_977' title='bbox 3431 4744 3590 4815; x_wconf 76' lang='lat' dir='ltr'><strong>longe</strong></span> <span class='ocrx_word' id='word_1_978' title='bbox 3637 4752 3803 4800; x_wconf 86' lang='lat' dir='ltr'><strong>sunta</strong></span> 
     </span>
    </p>
   </div>
   <div class='ocr_carea' id='block_1_110' title="bbox 2226 4835 3803 4905">
    <p class='ocr_par' dir='ltr' id='par_1_110' title="bbox 2226 4835 3803 4905">
     <span class='ocr_line' id='line_1_110' title="bbox 2226 4835 3803 4905; baseline -0.003 -15"><span class='ocrx_word' id='word_1_979' title='bbox 2226 4835 2438 4905; x_wconf 87' lang='lat' dir='ltr'><strong>capite?</strong></span> <span class='ocrx_word' id='word_1_980' title='bbox 2464 4835 2519 4891; x_wconf 91' lang='lat' dir='ltr'><strong>Si</strong></span> <span class='ocrx_word' id='word_1_981' title='bbox 2545 4844 2726 4890; x_wconf 89' lang='lat' dir='ltr'><strong>essent</strong></span> <span class='ocrx_word' id='word_1_982' title='bbox 2754 4835 2927 4904; x_wconf 79' lang='lat' dir='ltr'><strong>longe,</strong></span> <span class='ocrx_word' id='word_1_983' title='bbox 2952 4844 3006 4890; x_wconf 92' lang='lat' dir='ltr'><strong>et</strong></span> <span class='ocrx_word' id='word_1_984' title='bbox 3025 4835 3193 4890; x_wconf 86' lang='lat' dir='ltr'><strong>divisa</strong></span> <span class='ocrx_word' id='word_1_985' title='bbox 3218 4844 3418 4903; x_wconf 88' lang='lat' dir='ltr'><strong>essent,</strong></span> <span class='ocrx_word' id='word_1_986' title='bbox 3448 4852 3552 4891; x_wconf 93' lang='lat' dir='ltr'><strong>non</strong></span> <span class='ocrx_word' id='word_1_987' title='bbox 3584 4837 3803 4892; x_wconf 84' lang='lat' dir='ltr'><strong>diceret:</strong></span> 
     </span>
    </p>
   </div>
   <div class='ocr_carea' id='block_1_111' title="bbox 2229 4927 3805 4998">
    <p class='ocr_par' dir='ltr' id='par_1_111' title="bbox 2229 4927 3805 4998">
     <span class='ocr_line' id='line_1_111' title="bbox 2229 4927 3805 4998; baseline 0.001 -17"><span class='ocrx_word' id='word_1_988' title='bbox 2229 4928 2364 4982; x_wconf 86' lang='lat' dir='ltr'><strong>Ecce</strong></span> <span class='ocrx_word' id='word_1_989' title='bbox 2389 4944 2480 4998; x_wconf 89' lang='lat' dir='ltr'><strong>ego</strong></span> <span class='ocrx_word' id='word_1_990' title='bbox 2506 4927 2757 4983; x_wconf 87' lang='lat' dir='ltr'><strong>vobiscum</strong></span> <span class='ocrx_word' id='word_1_991' title='bbox 2790 4943 2902 4981; x_wconf 86' lang='lat' dir='ltr'><strong>sum</strong></span> <span class='ocrx_word' id='word_1_992' title='bbox 2928 4943 3084 4997; x_wconf 78' lang='lat' dir='ltr'><strong>usque</strong></span> <span class='ocrx_word' id='word_1_993' title='bbox 3110 4928 3177 4980; x_wconf 91' lang='lat' dir='ltr'><strong>ad</strong></span> <span class='ocrx_word' id='word_1_994' title='bbox 3192 4929 3687 4983; x_wconf 83' lang='lat' dir='ltr'><strong>consummationem</strong></span> <span class='ocrx_word' id='word_1_995' title='bbox 3716 4943 3805 4983; x_wconf 72' lang='lat' dir='ltr'><strong>sa:-</strong></span> 
     </span>
    </p>
   </div>
   <div class='ocr_carea' id='block_1_112' title="bbox 2228 5016 3804 5089">
    <p class='ocr_par' dir='ltr' id='par_1_112' title="bbox 2228 5016 3804 5089">
     <span class='ocr_line' id='line_1_112' title="bbox 2228 5016 3804 5089; baseline -0.002 -16"><span class='ocrx_word' id='word_1_996' title='bbox 2228 5020 2329 5073; x_wconf 88' lang='lat' dir='ltr'><strong>culi</strong></span> <span class='ocrx_word' id='word_1_997' title='bbox 2360 5017 2583 5089; x_wconf 80' lang='lat' dir='ltr'><strong>(Matth.</strong></span> <span class='ocrx_word' id='word_1_998' title='bbox 2616 5034 2796 5083; x_wconf 82' lang='lat' dir='ltr'><strong>xxvnr,</strong></span> <span class='ocrx_word' id='word_1_999' title='bbox 2830 5017 2902 5073; x_wconf 71' lang='lat'><strong>20</strong></span> <span class='ocrx_word' id='word_1_1000' title='bbox 2923 5016 2967 5088; x_wconf 91' lang='lat'><strong>).</strong></span> <span class='ocrx_word' id='word_1_1001' title='bbox 2995 5017 3051 5072; x_wconf 89' lang='lat' dir='ltr'><strong>Si</strong></span> <span class='ocrx_word' id='word_1_1002' title='bbox 3092 5025 3337 5086; x_wconf 89' lang='lat' dir='ltr'><strong>separata</strong></span> <span class='ocrx_word' id='word_1_1003' title='bbox 3373 5027 3573 5084; x_wconf 88' lang='lat' dir='ltr'><strong>essent,</strong></span> <span class='ocrx_word' id='word_1_1004' title='bbox 3608 5034 3711 5074; x_wconf 91' lang='lat' dir='ltr'><strong>non</strong></span> <span class='ocrx_word' id='word_1_1005' title='bbox 3746 5017 3804 5072; x_wconf 86' lang='lat' dir='ltr'><strong>de</strong></span> 
     </span>
    </p>
   </div>
   <div class='ocr_carea' id='block_1_113' title="bbox 2228 5108 3803 5180">
    <p class='ocr_par' dir='ltr' id='par_1_113' title="bbox 2228 5108 3803 5180">
     <span class='ocr_line' id='line_1_113' title="bbox 2228 5108 3803 5180; baseline -0.006 -13"><span class='ocrx_word' id='word_1_1006' title='bbox 2228 5114 2363 5169; x_wconf 56' lang='lat' dir='ltr'><strong>caelo</strong></span> <span class='ocrx_word' id='word_1_1007' title='bbox 2388 5113 2589 5167; x_wconf 87' lang='lat' dir='ltr'><strong>diceret</strong></span> <span class='ocrx_word' id='word_1_1008' title='bbox 2616 5129 2628 5165; x_wconf 92' lang='lat'><strong>:</strong></span> <span class='ocrx_word' id='word_1_1009' title='bbox 2660 5111 2838 5178; x_wconf 88' lang='lat' dir='ltr'><strong>Saule,</strong></span> <span class='ocrx_word' id='word_1_1010' title='bbox 2870 5108 3059 5177; x_wconf 88' lang='lat' dir='ltr'><strong>Saule,</strong></span> <span class='ocrx_word' id='word_1_1011' title='bbox 3091 5109 3211 5180; x_wconf 84' lang='lat' dir='ltr'><strong>quid</strong></span> <span class='ocrx_word' id='word_1_1012' title='bbox 3235 5125 3314 5163; x_wconf 83' lang='lat' dir='ltr'><strong>me</strong></span> <span class='ocrx_word' id='word_1_1013' title='bbox 3339 5112 3649 5180; x_wconf 77' lang='lat' dir='ltr'><strong>persequeris</strong></span> <span class='ocrx_word' id='word_1_1014' title='bbox 3682 5109 3803 5179; x_wconf 79' lang='lat' dir='ltr'><strong>(Act.</strong></span> 
     </span>
    </p>
   </div>
   <div class='ocr_carea' id='block_1_114' title="bbox 2230 5200 3801 5273">
    <p class='ocr_par' dir='ltr' id='par_1_114' title="bbox 2230 5200 3801 5273">
     <span class='ocr_line' id='line_1_114' title="bbox 2230 5200 3801 5273; baseline -0.004 -16"><span class='ocrx_word' id='word_1_1015' title='bbox 2230 5218 2309 5269; x_wconf 85' lang='grc' dir='ltr'>ιιι,</span> <span class='ocrx_word' id='word_1_1016' title='bbox 2338 5202 2445 5273; x_wconf 69' lang='lat'><strong>4)?</strong></span> <span class='ocrx_word' id='word_1_1017' title='bbox 2472 5201 2528 5257; x_wconf 91' lang='lat' dir='ltr'><strong>Si</strong></span> <span class='ocrx_word' id='word_1_1018' title='bbox 2559 5215 2663 5256; x_wconf 90' lang='lat' dir='ltr'><strong>non</strong></span> <span class='ocrx_word' id='word_1_1019' title='bbox 2704 5202 2755 5255; x_wconf 92' lang='lat' dir='ltr'><strong>in</strong></span> <span class='ocrx_word' id='word_1_1020' title='bbox 2782 5200 2934 5255; x_wconf 90' lang='lat' dir='ltr'><strong>nobis</strong></span> <span class='ocrx_word' id='word_1_1021' title='bbox 2965 5207 3106 5255; x_wconf 88' lang='lat' dir='ltr'><strong>esset</strong></span> <span class='ocrx_word' id='word_1_1022' title='bbox 3134 5241 3147 5264; x_wconf 92' lang='lat'><strong>,</strong></span> <span class='ocrx_word' id='word_1_1023' title='bbox 3177 5214 3283 5253; x_wconf 91' lang='lat' dir='ltr'><strong>non</strong></span> <span class='ocrx_word' id='word_1_1024' title='bbox 3296 5200 3543 5267; x_wconf 84' lang='lat' dir='ltr'><strong>diceret,</strong></span> <span class='ocrx_word' id='word_1_1025' title='bbox 3572 5200 3769 5254; x_wconf 77' lang='lat' dir='ltr'><strong>Esuriri</strong></span> <span class='ocrx_word' id='word_1_1026' title='bbox 3788 5239 3801 5262; x_wconf 96' lang='lat'><strong>,</strong></span> 
     </span>
    </p>
   </div>
   <div class='ocr_carea' id='block_1_115' title="bbox 2229 5290 3803 5351">
    <p class='ocr_par' dir='ltr' id='par_1_115' title="bbox 2229 5290 3803 5351">
     <span class='ocr_line' id='line_1_115' title="bbox 2229 5290 3803 5351; baseline -0.003 -5"><span class='ocrx_word' id='word_1_1027' title='bbox 2229 5302 2274 5347; x_wconf 88' lang='lat' dir='ltr'><strong>et</strong></span> <span class='ocrx_word' id='word_1_1028' title='bbox 2322 5293 2527 5347; x_wconf 88' lang='lat' dir='ltr'><strong>dedistis</strong></span> <span class='ocrx_word' id='word_1_1029' title='bbox 2578 5293 2700 5345; x_wconf 86' lang='lat' dir='ltr'><strong>mihi</strong></span> <span class='ocrx_word' id='word_1_1030' title='bbox 2752 5291 3061 5345; x_wconf 81' lang='lat' dir='ltr'><strong>manducare</strong></span> <span class='ocrx_word' id='word_1_1031' title='bbox 3108 5307 3127 5344; x_wconf 91' lang='lat'><strong><em>:</em></strong></span> <span class='ocrx_word' id='word_1_1032' title='bbox 3175 5299 3230 5345; x_wconf 85' lang='lat' dir='ltr'><strong>et</strong></span> <span class='ocrx_word' id='word_1_1033' title='bbox 3265 5305 3386 5345; x_wconf 87' lang='lat' dir='ltr'><strong>cum</strong></span> <span class='ocrx_word' id='word_1_1034' title='bbox 3416 5291 3660 5347; x_wconf 88' lang='lat' dir='ltr'><strong>dicerent</strong></span> <span class='ocrx_word' id='word_1_1035' title='bbox 3700 5290 3803 5351; x_wconf 90' lang='lat' dir='ltr'><strong>illi.</strong></span> 
     </span>
    </p>
   </div>
   <div class='ocr_carea' id='block_1_116' title="bbox 2234 5382 3804 5454">
    <p class='ocr_par' dir='ltr' id='par_1_116' title="bbox 2234 5382 3804 5454">
     <span class='ocr_line' id='line_1_116' title="bbox 2234 5382 3804 5454; baseline -0.004 -15"><span class='ocrx_word' id='word_1_1036' title='bbox 2234 5386 2448 5453; x_wconf 86' lang='lat' dir='ltr'><strong>Quando</strong></span> <span class='ocrx_word' id='word_1_1037' title='bbox 2473 5394 2520 5439; x_wconf 89' lang='lat' dir='ltr'><strong>te</strong></span> <span class='ocrx_word' id='word_1_1038' title='bbox 2547 5385 2759 5439; x_wconf 83' lang='lat' dir='ltr'><strong>vidimus</strong></span> <span class='ocrx_word' id='word_1_1039' title='bbox 2784 5385 3079 5438; x_wconf 81' lang='lat' dir='ltr'><strong>esurientem</strong></span> <span class='ocrx_word' id='word_1_1040' title='bbox 3102 5384 3126 5438; x_wconf 88' lang='lat'><strong><em>?</em></strong></span> <span class='ocrx_word' id='word_1_1041' title='bbox 3155 5383 3459 5454; x_wconf 89' lang='lat' dir='ltr'><strong>respondit,</strong></span> <span class='ocrx_word' id='word_1_1042' title='bbox 3484 5382 3610 5438; x_wconf 83' lang='lat' dir='ltr'><strong>Cum</strong></span> <span class='ocrx_word' id='word_1_1043' title='bbox 3639 5383 3727 5436; x_wconf 84' lang='lat' dir='ltr'><strong>uni</strong></span> <span class='ocrx_word' id='word_1_1044' title='bbox 3748 5395 3804 5434; x_wconf 71' lang='grc' dir='ltr'><strong><em>α</em></strong></span> 
     </span>
    </p>
   </div>
   <div class='ocr_carea' id='block_1_117' title="bbox 2230 5470 3800 5549">
    <p class='ocr_par' dir='ltr' id='par_1_117' title="bbox 2230 5470 3800 5549">
     <span class='ocr_line' id='line_1_117' title="bbox 2230 5470 3800 5549; baseline -0.001 -18"><span class='ocrx_word' id='word_1_1045' title='bbox 2230 5478 2451 5532; x_wconf 86' lang='lat' dir='ltr'><strong>minimis</strong></span> <span class='ocrx_word' id='word_1_1046' title='bbox 2474 5478 2593 5531; x_wconf 88' lang='lat' dir='ltr'><strong>meis</strong></span> <span class='ocrx_word' id='word_1_1047' title='bbox 2624 5476 2830 5549; x_wconf 81' lang='lat' dir='ltr'><strong>fecistis,</strong></span> <span class='ocrx_word' id='word_1_1048' title='bbox 2862 5476 2985 5529; x_wconf 83' lang='lat' dir='ltr'><strong>mihi</strong></span> <span class='ocrx_word' id='word_1_1049' title='bbox 3015 5475 3200 5547; x_wconf 83' lang='lat' dir='ltr'><strong>fecistis</strong></span> <span class='ocrx_word' id='word_1_1050' title='bbox 3250 5474 3477 5545; x_wconf 80' lang='lat' dir='ltr'><strong>(Matth.</strong></span> <span class='ocrx_word' id='word_1_1051' title='bbox 3530 5486 3653 5539; x_wconf 74' lang='lat' dir='ltr'><strong>uv,</strong></span> <span class='ocrx_word' id='word_1_1052' title='bbox 3703 5470 3766 5526; x_wconf 73' lang='lat'><strong>35</strong></span> <span class='ocrx_word' id='word_1_1053' title='bbox 3788 5510 3800 5531; x_wconf 67' lang='grc' dir='ltr'>υ</span> 
     </span>
    </p>
   </div>
   <div class='ocr_carea' id='block_1_118' title="bbox 2232 5562 3801 5639">
    <p class='ocr_par' dir='ltr' id='par_1_118' title="bbox 2232 5562 3801 5639">
     <span class='ocr_line' id='line_1_118' title="bbox 2232 5562 3801 5639; baseline 0.001 -15"><span class='ocrx_word' id='word_1_1054' title='bbox 2232 5570 2320 5635; x_wconf 81' lang='lat'><strong>&#39;57,</strong></span> <span class='ocrx_word' id='word_1_1055' title='bbox 2357 5568 2478 5639; x_wconf 76' lang='grc'><strong>40).</strong></span> <span class='ocrx_word' id='word_1_1056' title='bbox 2509 5567 2648 5623; x_wconf 89' lang='lat' dir='ltr'><strong>Ecce</strong></span> <span class='ocrx_word' id='word_1_1057' title='bbox 2674 5568 2899 5638; x_wconf 87' lang='lat' dir='ltr'><strong>populus</strong></span> <span class='ocrx_word' id='word_1_1058' title='bbox 2926 5607 2941 5634; x_wconf 92' lang='lat'><strong>,</strong></span> <span class='ocrx_word' id='word_1_1059' title='bbox 2988 5581 3114 5622; x_wconf 88' lang='lat' dir='ltr'><strong>ecce</strong></span> <span class='ocrx_word' id='word_1_1060' title='bbox 3142 5566 3571 5638; x_wconf 81' lang='lat' dir='ltr'><strong>apprOpinquans</strong></span> <span class='ocrx_word' id='word_1_1061' title='bbox 3615 5562 3801 5625; x_wconf 73' lang='lat' dir='ltr'><strong>Israel;</strong></span> 
     </span>
    </p>
   </div>
   <div class='ocr_carea' id='block_1_119' title="bbox 2232 5659 3170 5728">
    <p class='ocr_par' dir='ltr' id='par_1_119' title="bbox 2232 5659 3170 5728">
     <span class='ocr_line' id='line_1_119' title="bbox 2232 5659 3170 5728; baseline -0.007 -10"><span class='ocrx_word' id='word_1_1062' title='bbox 2232 5668 2286 5718; x_wconf 86' lang='lat' dir='ltr'><strong>et</strong></span> <span class='ocrx_word' id='word_1_1063' title='bbox 2311 5676 2429 5719; x_wconf 90' lang='lat' dir='ltr'><strong>cum</strong></span> <span class='ocrx_word' id='word_1_1064' title='bbox 2455 5660 2544 5715; x_wconf 86' lang='lat' dir='ltr'><strong>illo</strong></span> <span class='ocrx_word' id='word_1_1065' title='bbox 2575 5659 2734 5715; x_wconf 87' lang='lat' dir='ltr'><strong>modo</strong></span> <span class='ocrx_word' id='word_1_1066' title='bbox 2760 5673 2874 5728; x_wconf 80' lang='lat' dir='ltr'><strong>spe,</strong></span> <span class='ocrx_word' id='word_1_1067' title='bbox 2910 5666 3089 5727; x_wconf 87' lang='lat' dir='ltr'><strong>postea</strong></span> <span class='ocrx_word' id='word_1_1068' title='bbox 3113 5673 3170 5711; x_wconf 88' lang='lat' dir='ltr'><strong>re</strong></span> 
     </span>
    </p>
   </div>
  </div>
