4084 6454
318 439 479 496 “M9

321 570 690 585 _———————-

761 647 841 708 lN
882 644 1256 706 PSALMUM
1299 642 1554 705 CXLIX

915 762 1328 822 ENARRATIO.

847 897 1016 939 SEBIO
1044 898 1110 937 AD
1135 895 1372 937 POPULUM
1381 918 1393 933 .

401 1000 459 1052 1.
489 996 657 1069 (vers.
688 991 780 1067 1.]
806 994 1107 1051 Laudemus
1131 992 1413 1047 Dominum
1441 988 1566 1044 etin
1588 1001 1718 1042 voce
1736 1027 1751 1053 ,
1777 993 1831 1039 et
1856 986 1909 1040 in

281 1106 289 1113 ‘
322 1086 630 1150 intellectu,
659 1095 710 1140 et
733 1084 785 1139 in
805 1098 965 1154 opere
993 1083 1168 1148 bono;
1193 1090 1245 1137 et
1269 1080 1404 1134 sicut
1428 1094 1526 1133 nos
1554 1077 1791 1131 hortatur
1812 1074 1911 1128 iste

321 1176 593 1246 psalmus,
625 1183 898 1229 cantemus
924 1173 973 1228 ei
994 1172 1254 1227 canticum
1282 1184 1494 1226 novum.
1528 1167 1615 1222 Sic
1639 1166 1780 1222 enim
1801 1178 1910 1220 coe-

320 1268 406 1337 pit
442 1285 456 1320 :
490 1266 703 1322 Cantate
739 1264 958 1319 Domino
999 1264 1247 1317 canticum
1287 1277 1484 1315 novum.
1518 1259 1680 1313 Vetus
1714 1256 1906 1321 homo,

322 1368 490 1414 vetus
519 1358 779 1413 canticum
816 1374 828 1410 :
862 1370 1030 1410 novus
1057 1354 1235 1421 homo,
1266 1366 1460 1407 novum
1487 1349 1769 1404 canticum.
1806 1345 1908 1399 Ve-

323 1460 415 1507 tus
446 1450 866 1513 Testamentum,
889 1457 1039 1503 vetus
1055 1447 1315 1502 canticum
1342 1462 1354 1498 :
1377 1444 1580 1499 Novum
1604 1442 1913 1497 Testamen-

324 1552 469 1608 tum,
498 1556 696 1598 novum
725 1541 1006 1595 canticum.
1032 1538 1088 1593 In
1113 1538 1290 1594 Veteri
1319 1537 1656 1592 Testamento
1686 1532 1911 1602 promis-

321 1636 513 1691 siones
554 1643 678 1690 sunt
726 1633 1042 1703 temporales
1070 1641 1123 1686 et
1150 1640 1392 1686 terrenaz.
1424 1629 1670 1698 Quisquis
1700 1636 1909 1681 terrena

323 1728 528 1799 diligit,
558 1735 709 1783 vetus
736 1726 997 1782 canticum
1036 1733 1211 1780 cantat
1237 1742 1249 1778 :
1280 1723 1369 1792 qui
1404 1723 1517 1777 vult
1544 1728 1759 1775 cantare
1779 1733 1909 1774 can-

325 1819 497 1874 ticum
528 1832 722 1873 novum
748 1860 763 1884 ,
793 1817 974 1885 diligat
1019 1825 1235 1871 mterna.
1267 1815 1384 1883 Ipsa
1409 1813 1622 1869 dilectio
1666 1826 1798 1866 nova
1828 1819 1912 1866 est

324 1919 382 1967 et
427 1922 629 1968 mterna
662 1929 675 1965 :
706 1911 826 1967 ideo
855 1925 1067 1980 semper
1093 1923 1225 1963 nova
1250 1949 1266 1975 ,
1296 1908 1418 1977 quia
1465 1919 1733 1975 nunquam
1767 1912 1912 1958 vete-

324 2002 514 2057 rascit.
566 2001 695 2056 Nam
725 2002 769 2055 si
799 2001 933 2055 bene
976 2000 1281 2055 consideres
1304 2040 1319 2065 ,
1352 1998 1623 2066 antiquum
1655 2004 1735 2049 est
1766 1995 1865 2047 hoc
1893 2010 1906 2046 :

325 2090 604 2161 quomodo
631 2106 756 2161 ergo
781 2090 1120 2145 estnovum?
1141 2086 1424 2156 Numquid,
1450 2085 1641 2139 fratres
1661 2084 1784 2146 mei,
1803 2083 1910 2137 vita

325 2190 538 2238 aeterna
565 2182 722 2237 modo
740 2190 863 2235 nata
892 2180 1008 2235 est?
1034 2179 1152 2233 Vita
1182 2187 1378 2233 aeterna
1403 2176 1515 2245 ipse
1535 2174 1777 2229 Christus
1807 2180 1909 2239 est,

328 2284 385 2330 et
418 2274 713 2331 secundum
740 2274 1064 2328 divinitatem
1092 2287 1196 2326 non
1226 2269 1384 2324 modo
1412 2275 1565 2323 natus
1594 2274 1673 2321 est
1702 2284 1713 2319 :
1744 2266 1864 2335 quia
1893 2306 1907 2329 ,

324 2367 397 2421 In
431 2367 680 2437 principio
704 2375 809 2420 erat
847 2363 1078 2429 Verbum,
1111 2372 1155 2417 et
1187 2361 1403 2415 Verbum
1428 2370 1533 2415 erat
1557 2359 1696 2428 apud
1722 2356 1908 2424 Deum,

324 2468 372 2512 et
395 2457 539 2513 Deus
559 2466 664 2512 erat
693 2456 945 2511 Verbum:
962 2456 1055 2509 hoc
1084 2462 1193 2508 erat
1210 2455 1261 2507 in
1290 2453 1535 2523 principio
1559 2449 1696 2521 apud
1726 2448 1907 2502 Deum.

328 2548 526 2602 Omnia
554 2564 642 2618 per
682 2550 848 2619 ipsum
878 2549 1011 2617 facta
1035 2554 1191 2611 sunt,
1230 2554 1275 2599 et
1321 2544 1427 2598 sine
1454 2544 1562 2613 ipso
1604 2546 1794 2613 factum
1839 2549 1912 2594 est

326 2640 464 2695 nihil
490 2637 679 2709 (Joan.
707 2655 746 2705 ι,
777 2638 921 2707 1-5).
950 2636 1005 2693 Si
1034 2652 1151 2707 quae
1174 2651 1267 2706 per
1292 2636 1463 2705 ipsum
1484 2634 1620 2688 facta
1650 2640 1793 2699 sunt,
1817 2646 1912 2686 an-

328 2730 481 2798 tiqua
507 2736 660 2795 sunt;
691 2728 816 2799 quid
846 2736 928 2783 est
952 2728 1087 2797 ipse,
1110 2741 1204 2796 per
1226 2740 1383 2795 quem
1414 2724 1547 2779 facta
1571 2722 1732 2779 sunt?
1752 2722 1907 2791 Quid,

328 2820 441 2877 nisi
471 2830 724 2887 :eternus,
756 2828 813 2876 et
837 2821 981 2875 Patri
1004 2819 1335 2875 coaeternus?
1365 2818 1468 2873 Sed
1500 2831 1597 2872 nos
1625 2815 1826 2885 delapsi
1860 2816 1908 2869 in

328 2920 609 2982 peccatum
633 2952 648 2976 ,
700 2912 1039 2981 pervenimus
1082 2910 1147 2964 ad
1173 2917 1505 2967 vetustatem.
1537 2908 1727 2963 Nostra
1769 2907 1909 2964 enim

329 3015 443 3055 vox
474 3000 633 3058 estin
664 3001 754 3056 illo
784 3000 987 3070 psalmo
1012 3000 1097 3054 ubi
1126 2999 1315 3054 dicitur
1339 3014 1458 3054 cum
1487 2999 1685 3069 gemitu
1717 3017 1729 3053 :
1760 2999 1911 3052 lnoc-

327 3091 491 3146 teravi
531 3093 584 3145 in
606 3092 835 3146 omnibus
874 3091 1089 3146 inimicis
1115 3092 1236 3145 meis
1275 3089 1456 3162 (Psal.
1480 3106 1552 3158 vr,
1584 3089 1680 3160 8).
1709 3090 1913 3145 lnvete-

327 3182 472 3237 ravit
503 3182 661 3238 homo
704 3198 802 3253 per
837 3190 1107 3253 peccatum
1137 3224 1153 3250 ,
1197 3183 1482 3238 innovatur
1526 3198 1623 3253 per
1666 3182 1908 3253 gratiam.

326 3273 536 3329 Omnes
573 3289 700 3344 ergo
726 3276 814 3344 qui
847 3275 1163 3329 innovantur
1198 3273 1248 3329 in
1279 3272 1488 3329 Christo
1514 3316 1527 3340 ,
1560 3282 1619 3329 ut
1656 3275 1722 3329 ad
1751 3274 1911 3329 vitam

326 3372 588 3420 mternam
630 3364 884 3434 incipiant
924 3365 1225 3436 pertinere,
1266 3364 1529 3420 canticum
1557 3379 1750 3419 novum
1780 3379 1910 3419 can-

329 3462 469 3509 tant.
1054 3522 1055 3527 η

404 3545 460 3599 2.
492 3546 557 3599 Et
582 3544 685 3600 hoc
708 3545 971 3600 canticum
1002 3546 1147 3616 pacis
1175 3554 1255 3601 est
1273 3587 1289 3614 ,
1319 3547 1584 3602 canticum
1612 3545 1712 3600 hoc
1731 3545 1911 3601 chari-

330 3639 459 3696 tatis
485 3648 584 3694 est.
614 3638 866 3707 Quisquis
894 3652 951 3692 se
971 3653 1000 3692 a
1025 3639 1396 3707 conjunctione
1423 3648 1725 3693 sanctorum
1752 3653 1911 3707 sepa-

328 3740 449 3797 rat,
494 3744 601 3784 non
639 3736 819 3784 cantat
857 3729 1124 3783 canticum
1154 3745 1367 3784 novum.
1401 3728 1628 3784 Secutus
1656 3738 1739 3783 est
1766 3728 1913 3783 enim

326 3830 572 3878 veterem
614 3819 1046 3885 animositatem,
1088 3834 1194 3873 non
1239 3832 1428 3872 novam
1472 3819 1804 3891 charitatem.
1853 3818 1913 3871 In

329 3927 470 3969 nova
497 3911 753 3967 charitate
782 3909 907 3979 quid
930 3909 1044 3963 est?
1071 3907 1199 3973 Pax,
1228 3908 1497 3961 vinculum
1521 3916 1718 3962 sancta:
1741 3907 1912 3960 socie-

331 4008 479 4071 tatis,
504 4019 760 4074 compago
785 4003 1109 4072 spiritualis,
1139 4000 1417 4057 (editicium
1445 4000 1511 4056 de
1539 3999 1803 4069 lapidibus
1833 4000 1908 4054 vi-

329 4103 435 4152 vis.
456 4096 557 4153 Ubi
585 4095 827 4151 esthoc?
857 4097 971 4149 Non
1000 4093 1053 4147 in
1080 4108 1184 4147 uno
1210 4092 1348 4159 loco,
1372 4091 1464 4147 sed
1492 4106 1585 4161 per
1607 4091 1912 4145 universum

329 4188 522 4243 orbem
552 4194 834 4242 terrarum.
864 4184 1001 4239 Audi
1028 4184 1129 4239 hoc
1157 4183 1225 4238 de
1250 4183 1353 4237 alio
1380 4183 1583 4252 psalmo
1608 4200 1619 4236 :
1645 4182 1722 4237 sic
1750 4182 1911 4248 dicit,

333 4278 548 4334 Cantate
592 4277 812 4332 Domino
858 4276 1109 4330 canticum
1154 4291 1372 4340 novum;
1417 4283 1613 4328 cantate
1654 4274 1909 4342 Domino,

332 4372 499 4426 omnis
539 4380 672 4425 terra
711 4368 879 4439 (Psat.
912 4382 1036 4433 xcv,
1072 4366 1146 4437 l).
1175 4366 1257 4420 Ex
1300 4366 1400 4421 hoc
1444 4365 1754 4435 intelligitur
1791 4368 1913 4434 quia

331 4465 425 4535 qui
454 4478 561 4518 non
591 4478 711 4517 cum
738 4462 881 4516 omni
911 4470 1051 4515 terra
1077 4467 1288 4525 cantat,
1315 4460 1578 4513 canticum
1605 4466 1757 4512 vetus
1783 4471 1913 4511 can-

335 4566 434 4625 tat,
464 4555 715 4626 quzelibet
738 4554 901 4609 verba
922 4552 989 4608 de
1015 4568 1110 4608 ore
1131 4552 1245 4621 ejus
1268 4551 1575 4620 procedant.
1606 4549 1742 4617 Quid
1768 4549 1911 4605 enim

335 4649 555 4705 attendo
582 4647 708 4719 quid
737 4655 925 4709 sonet,
961 4661 1081 4700 cum
1108 4644 1263 4699 video
1302 4642 1429 4713 quid
1471 4642 1698 4712 cogitet?
1727 4642 1791 4696 Et
1821 4649 1874 4696 tu
1896 4684 1910 4709 ,

336 4740 536 4809 inquis,
562 4736 711 4792 vides
740 4735 864 4806 quid
895 4734 1128 4805 cogitet?
1158 4733 1320 4788 Facta
1347 4733 1601 4788 indicant.
1624 4732 1755 4786 Nam
1784 4746 1913 4786 ocu-

337 4829 423 4883 lus
449 4829 500 4883 in
531 4826 910 4883 conscientiam
938 4839 1044 4879 non
1071 4830 1331 4892 penetrat.
1368 4823 1596 4877 Attendo
1622 4822 1747 4892 quid
1771 4830 1911 4891 agat,

337 4931 395 4975 et
418 4919 491 4974 ibi
521 4916 760 4987 intelligo
789 4914 916 4985 quid
946 4915 1162 4984 cogitet.
1206 4914 1389 4983 Neque
1412 4915 1553 4968 enim
1579 4914 1623 4968 si
1650 4914 1875 4987 quisque
1897 4956 1912 4981 ,

342 5008 493 5064 verbi
521 5006 690 5077 gratia
712 5045 727 5071 ,
758 5002 1225 5074 comprehenderit
1253 5004 1525 5059 hominem
1556 5003 1609 5058 in
1641 5003 1783 5059 furto
1803 5046 1818 5070 ,
1862 5005 1914 5059 in

341 5098 631 5157 homicidio
650 5138 666 5163 ,
696 5098 748 5152 in
786 5095 1046 5152 adulterio
1064 5137 1080 5163 ,
1108 5096 1456 5165 cogitationes
1483 5096 1649 5165 ipsius
1676 5097 1727 5150 in
1753 5097 1915 5152 corde

340 5193 517 5258 videt,
549 5192 642 5248 sed
682 5191 734 5245 in
778 5189 947 5245 factis.
990 5188 1126 5244 Sunt
1150 5188 1389 5258 qumdam
1411 5190 1693 5258 quteiutus
1714 5190 1913 5256 latent;

340 5284 435 5341 sed
466 5292 591 5339 sunt
617 5282 863 5339 et-multa
886 5294 1003 5351 quae
1040 5279 1333 5348 procedunt
1356 5281 1406 5335 in
1433 5295 1590 5351 opera
1613 5322 1627 5346 ,
1660 5290 1713 5337 et
1742 5283 1915 5338 mani-

342 5375 478 5432 festa
506 5374 639 5428 ﬁunt
664 5374 824 5429 etiam
852 5371 1177 5428 hominibus.
1204 5369 1336 5426 Cum
1365 5386 1492 5443 ergo
1516 5382 1697 5428 essent
1723 5374 1799 5428 illi
1823 5376 1916 5445 qui

340 5481 402 5522 se
430 5481 460 5519 a
486 5479 741 5536 compage
768 5463 966 5520 Christi
1007 5462 1282 5519 charitatis
1325 5470 1378 5518 et
1421 5464 1676 5520 societate
1719 5476 1915 5522 sancta:

340 5557 597 5616 Ecclesite
619 5562 954 5626 separarunt,
986 5555 1108 5609 mali
1134 5555 1272 5609 intus
1294 5556 1432 5624 apud
1464 5570 1543 5622 se,
1568 5572 1671 5610 non
1697 5568 1917 5614 noverat

342 5649 444 5704 nisi
479 5649 634 5703 Deus.
662 5647 823 5702 Venit
847 5648 1099 5711 tentatio;
1133 5649 1395 5716 separavit
1423 5648 1538 5704 illos
1562 5651 1599 5716 ¹,
1625 5658 1678 5705 et
1708 5651 1915 5719 patefe-

342 5740 416 5795 cit
444 5738 747 5794 liominibus
777 5737 918 5807 quod
949 5748 1172 5792 noverat
1201 5739 1359 5794 Deus.
1401 5739 1514 5794 Non
1542 5742 1682 5795 enim
1715 5741 1915 5798 fructus

409 5859 424 5885 ⁸
445 5856 515 5905 sic
546 5862 639 5903 Am.
669 5862 716 5904 et
748 5860 848 5902 Mss,
881 5860 931 5903 At
955 5860 1027 5902 Er.
1056 5860 1103 5902 et
1129 5859 1257 5914 Lov.,
1286 5864 1524 5918 superarit
1548 5855 1667 5906 illos.

1396 431 1792 489 ENARRATIO
1833 427 1893 482 ΙΝ
1936 426 2253 484 PSALMUM
2292 431 2518 487 CXLIX.

3451 441 3591 499 1950

2020 541 2316 597 ostenditur
2342 544 2442 599 nisi
2472 545 2526 600 in
2552 543 2721 600 factis.
2753 546 2902 603 Unde
2927 548 3123 604 dictum
3153 558 3270 605 est:
3300 550 3384 605 Ea:
3410 552 3592 622 fructi-

2016 630 2107 684 bus
2134 647 2307 685 eorum
2334 637 2643 705 cognoscetis
2668 652 2752 690 eos
2781 635 2993 709 (Matth.
3022 654 3116 706 vn,
3142 640 3252 709 16).
3283 640 3428 697 Dixit
3449 643 3589 698 enim

2016 720 2272 777 Dominus
2298 723 2365 777 ad
2390 724 2645 793 quosdam
2672 768 2687 792 ,
2714 727 2804 796 qui
2833 728 3009 782 ovium
3038 730 3230 784 vestitu
3258 745 3315 785 se
3343 731 3591 799 induunt,

2016 810 2159 866 intus
2182 821 2357 867 autem
2385 823 2509 869 sunt
2538 815 2646 886 lupi
2672 832 2921 887 rapaces;
2956 828 3009 874 et
3050 836 3121 875 ne
3155 820 3294 877 forte
3334 820 3589 893 fragilitas

2016 899 2246 959 humana
2268 902 2580 973 dignoscere
2603 922 2707 961 non
2730 918 2906 978 posset
2929 911 3108 979 lupum
3133 912 3231 966 sub
3250 913 3405 967 ovina
3427 915 3586 984 pelle,

2015 992 2126 1047 ait:
2156 992 2238 1047 Ea:
2280 997 2524 1065 fructibus
2572 1012 2745 1053 eorum
2787 1004 3092 1072 cognoscetis
3139 1021 3241 1057 eos.
3292 1004 3590 1072 Quaerimus

2015 1082 2222 1139 fructus
2250 1085 2545 1156 charitatis,
2577 1089 2876 1146 invenimus
2901 1094 3081 1163 spinas
3104 1095 3474 1151 dissensionis.
3504 1096 3592 1150 Ea:

2016 1174 2262 1243 fructibus
2290 1194 2459 1232 eorum
2486 1182 2788 1251 cognoscetis
2812 1199 2914 1237 eos.
2944 1184 3084 1255 Ergo
3112 1187 3377 1240 canticum
3406 1201 3589 1242 eorum

2014 1278 2168 1325 vetus
2196 1283 2277 1325 est
2303 1289 2315 1324 :
2340 1281 2616 1329 cantemus
2645 1289 2741 1330 nos
2767 1275 3033 1331 canticum
3061 1292 3277 1331 novum.
3305 1278 3423 1334 Jam
3450 1278 3589 1333 dixi-

2016 1375 2165 1426 mus,
2193 1360 2401 1428 fratres,
2432 1364 2605 1418 omnis
2657 1374 2797 1419 terra
2839 1374 3019 1421 cantat
3058 1367 3322 1423 canticum
3370 1382 3588 1423 novum.

2014 1454 2114 1520 Qui
2141 1469 2260 1509 cum
2287 1456 2431 1509 omni
2463 1464 2603 1511 terra
2630 1472 2735 1511 non
2763 1466 2941 1512 cantat
2964 1460 3230 1513 canticum
3254 1474 3447 1514 novum
3468 1501 3482 1524 ,
3513 1458 3592 1513 di-

2014 1554 2099 1599 cat
2137 1546 2279 1615 quod
2320 1547 2465 1612 vult,
2498 1547 2689 1618 linguis
2715 1560 2869 1604 sonet
2893 1550 3138 1617 Alleluia,
3168 1550 3310 1604 dicat
3340 1559 3447 1605 tota
3479 1550 3590 1616 die,

2014 1634 2154 1690 dicat
2181 1644 2285 1691 tota
2315 1646 2501 1704 nocte;
2534 1653 2638 1693 non
2668 1639 2823 1695 valde
2841 1656 2999 1695 aures
3022 1656 3155 1695 mea:
3182 1642 3500 1696 inclinantur
3522 1642 3589 1696 ad

2014 1740 2199 1781 vocem
2228 1728 2491 1782 cantantis
2514 1769 2529 1795 ,
2561 1728 2655 1783 sed
2682 1744 2863 1798 qutero
2894 1744 3071 1784 mores
3099 1732 3391 1799 operantis.
3418 1730 3590 1787 Inter-

2015 1830 2144 1886 rogo
2169 1818 2310 1872 enim
2332 1858 2347 1882 ,
2377 1826 2432 1873 et
2459 1817 2612 1872 dico:
2638 1818 2773 1884 Quid
2804 1828 2887 1872 est
2925 1819 3065 1888 quod
3093 1821 3313 1874 cantas?
3344 1820 3588 1889 Respon-

2016 1907 2106 1962 det
2135 1925 2147 1959 :
2180 1907 2429 1962 Alleluia.
2458 1907 2591 1974 Quid
2620 1917 2721 1975 est,
2747 1909 3005 1963 Alleluia?
3025 1909 3266 1965 Laudate
3288 1911 3590 1965 Dominum.

2016 1997 2170 2065 Veni,
2199 1997 2357 2052 simul
2386 1997 2664 2052 laudemus
2691 1998 2996 2053 Dominum.
3029 1999 3084 2053 Si
3114 2009 3168 2053 tu
3196 1999 3379 2054 laudas
3407 2000 3591 2054 Domi-

2015 2104 2141 2142 num
2169 2098 2223 2143 et
2249 2103 2348 2158 ego
2377 2088 2535 2143 laudo
2562 2089 2843 2143 Dominum
2868 2092 2917 2155 ¹;
2948 2105 3111 2160 quare
3132 2091 3185 2144 in
3205 2091 3468 2145 discordia
3500 2106 3589 2146 su-

2015 2180 2166 2235 mus?
2196 2179 2440 2234 Charitas
2469 2180 2646 2235 laudat
2674 2181 2955 2236 Dominum
2977 2224 2991 2249 ,
3034 2181 3297 2236 discordia
3342 2181 3592 2251 blasphe-

2016 2279 2125 2325 mat
2152 2271 2456 2325 Dominum.

2087 2364 2138 2418 '5.
2184 2363 2252 2417 Et
2278 2363 2435 2417 vultis
2469 2364 2577 2433 jam
2609 2378 2768 2420 nosse
2798 2364 2883 2419 ubi
2915 2366 3141 2420 cantelis
3184 2366 3450 2421 canticum
3492 2380 3593 2421 no-

2015 2455 2174 2510 vum?
2207 2454 2335 2523 Quae
2360 2454 2598 2511 dicturus
2623 2465 2704 2511 est
2732 2456 2783 2509 in
2820 2456 2935 2525 ipso
2967 2456 3180 2512 Psalmo
3203 2498 3219 2523 ,
3253 2457 3427 2512 videte
3456 2472 3593 2527 quo-

2016 2544 2175 2599 modo
2193 2544 2340 2608 ﬁant,
2362 2552 2417 2599 et
2441 2545 2529 2599 ubi
2552 2545 2703 2611 fiant;
2727 2554 2905 2599 utrum
2933 2561 3026 2615 per
3046 2561 3231 2601 omnes
3253 2554 3438 2616 gentes
3460 2547 3589 2605 ﬁant

2015 2635 2117 2689 ista
2136 2676 2150 2699 ,
2177 2648 2247 2687 an
2277 2634 2328 2688 in
2358 2649 2462 2689 una
2487 2635 2663 2704 aliqua
2695 2646 2846 2704 parte
2878 2644 3136 2691 terrarum
3173 2656 3187 2693 :
3216 2648 3271 2693 et
3314 2638 3436 2693 hinc
3477 2638 3593 2708 ple-

2016 2725 2137 2781 nius
2164 2726 2468 2795 intelligetis
2497 2726 2562 2781 ad
2590 2742 2750 2796 quem
2777 2728 3039 2797 pertineat
3064 2728 3329 2783 canticum
3369 2745 3587 2785 novum.

2014 2815 2132 2871 iam
2159 2817 2371 2887 quidem
2393 2818 2731 2873 manifestum
2758 2806 2839 2874 est
2860 2819 2989 2874 illud
3012 2820 3151 2890 quod
3173 2819 3241 2876 de
3265 2821 3370 2875 alio
3391 2822 3596 2890 psalmo

2015 2910 2459 2976 commemoravi,
2484 2909 2695 2964 Cantate
2723 2908 2944 2965 Domino
2973 2911 3227 2965 canticum
3266 2927 3449 2966 novum
3480 2929 3497 2966 :
3529 2912 3595 2967 Et

2016 3007 2073 3053 ut
2096 3000 2402 3056 ostenderet
2429 3002 2480 3055 in
2508 3001 2715 3056 cantico
2746 3016 2885 3057 novo
2912 3016 3031 3057 esse
3058 3001 3289 3057 fructum
3318 3003 3595 3059 charitatis

2016 3097 2071 3143 ct
2098 3091 2329 3156 unitatis,
2359 3091 2594 3156 addidit,
2617 3091 2826 3147 Cantate
2856 3092 3073 3147 Domino
3094 3135 3108 3161 ,
3133 3094 3294 3148 omnis
3319 3102 3469 3149 terra.
3491 3095 3595 3150 Ne-

2015 3196 2105 3236 mo
2130 3197 2188 3237 se
2216 3192 2449 3251 separet,
2480 3198 2637 3239 nemo
2667 3199 2726 3239 se
2752 3184 3021 3254 disjungat
3048 3202 3061 3237 :
3093 3183 3326 3238 triticum
3353 3199 3430 3249 es,
3462 3184 3596 3241 ferto

2016 3273 2222 3345 paleam
2249 3289 2526 3344 quousque
2552 3276 2857 3329 ventilctur.
2889 3275 2965 3330 De
2993 3290 3115 3329 area
3145 3276 3225 3329 vis
3248 3276 3455 3331 excuti?
3482 3274 3596 3332 Risi

2019 3367 2250 3422 triticum
2282 3382 2430 3421 esses
2450 3369 2470 3398 ²
2500 3367 2630 3422 foris
2656 3367 2725 3422 ab
2751 3381 2896 3433 area,
2930 3368 3229 3422 invenirent
3260 3377 3315 3423 te
3335 3367 3593 3435 volatitta,

2018 3467 2072 3513 et
2099 3458 2407 3526 colligerent
2448 3467 2499 3512 te
2526 3457 2635 3527 (Id.
2660 3474 2715 3512 ιιι
2742 3500 2756 3525 ,
2789 3458 2902 3529 12).
2931 3459 3083 3513 Adde
3111 3459 3234 3527 quia
3263 3472 3328 3512 eo
3350 3458 3466 3527 ipso
3492 3473 3599 3528 quo

2016 3547 2245 3601 discedis
2265 3546 2284 3578 ³
2305 3556 2358 3601 et
2378 3547 2546 3613 volas,
2577 3548 2780 3617 paleam
2808 3556 2860 3603 te
2886 3563 3006 3603 esse
3032 3548 3234 3603 indicas
3258 3564 3272 3601 :
3297 3556 3350 3602 et
3375 3548 3494 3617 quia
3519 3548 3599 3603 le-

2018 3638 2098 3692 vis
2128 3653 2268 3704 eras,
2290 3638 2437 3692 venit
2465 3648 2673 3706 ventus,
2702 3648 2757 3694 et
2780 3639 2846 3693 de
2872 3641 2971 3696 sub
3002 3640 3222 3709 pedibus
3255 3640 3415 3694 boum
3441 3640 3594 3694 abla-

2020 3739 2103 3784 tus
2128 3745 2207 3784 es.
2250 3730 2350 3796 Qui
2398 3740 2574 3785 autem
2624 3732 2854 3785 triticum
2898 3739 3056 3795 sunt,
3086 3730 3266 3785 ferunt
3316 3731 3594 3796 trituram;

2016 3819 2266 3889 gaudent,
2302 3819 2425 3888 quia
2452 3834 2617 3889 grana
2646 3827 2795 3885 sunt,
2824 3829 3044 3888 gemunt
3073 3820 3211 3874 inter
3235 3820 3464 3889 paleam,
3491 3836 3597 3876 ex-

2018 3917 2259 3977 spectant
2299 3908 2671 3962 ventilatorem
2692 3948 2705 3971 ,
2745 3924 2902 3977 quem
2933 3919 3262 3979 cognoscunt
3290 3909 3596 3978 redempto-

2019 4015 2152 4055 rem.
2192 3998 2403 4055 Cantate
2447 4000 2665 4052 Domino
2704 4000 2953 4053 canticum
2998 4016 3182 4053 novum
3210 4016 3227 4052 :
3255 3998 3365 4053 laus
3397 4003 3506 4069 ejus
3545 4002 3597 4052 in

2020 4089 2251 4143 Ecclesia
2276 4098 2587 4143 sanctorum.
2620 4090 2745 4144 Haec
2772 4098 2853 4144 est
2881 4090 3119 4144 Ecclesia
3146 4098 3470 4156 sanctorum,
3495 4090 3598 4144 Ec-

2019 4179 2178 4234 clesia
2207 4178 2591 4233 frumentorum
2639 4187 2750 4233 toto
2790 4188 3053 4235 terrarum
3091 4180 3220 4235 orbe
3249 4179 3594 4245 dill‘usorum;

2019 4286 2115 4341 per
2141 4286 2325 4341 agrum
2363 4271 2571 4325 Domini
2609 4271 2868 4325 seminata
2891 4314 2905 4338 ,
2935 4271 3076 4341 quod
3106 4281 3188 4326 est
3218 4272 3304 4325 hic
3330 4272 3557 4326 mundus
3579 4311 3595 4338 ,

2019 4366 2135 4435 ipso
2168 4364 2394 4419 Domino
2420 4373 2718 4433 exponente
2737 4405 2750 4429 ,
2788 4379 2910 4418 cum
2941 4364 3008 4418 de
3036 4366 3329 4419 seminante
3357 4364 3596 4419 diceret:

2019 4455 2153 4523 Quia
2185 4474 2203 4506 ι
2245 4455 2404 4510 homo
2431 4454 2713 4509 seminavit
2732 4454 2928 4509 bonum
2960 4469 3142 4510 semen
3174 4456 3226 4509 in
3253 4469 3381 4525 agro
3406 4469 3523 4519 suo,
3547 4463 3601 4508 et

2019 4547 2165 4602 venit
2185 4547 2453 4612 inimicus,
2480 4554 2535 4600 et
2556 4546 2995 4616 supersemiuavit
3017 4546 3249 4610 zizania;
3277 4554 3329 4598 et
3354 4545 3602 4598 dixerunt

2022 4639 2162 4695 servi
2194 4637 2579 4709 patrifamilias,
2602 4636 2791 4693 Nonne
2819 4639 3015 4692 bonum
3037 4651 3219 4691 semen
3245 4633 3521 4689 seminasti
3548 4633 3604 4687 in

2021 4744 2150 4802 agro
2179 4730 2302 4785 tuo?
2331 4731 2472 4785 unde
2503 4730 2588 4785 hic
2615 4740 2735 4785 sunt
2765 4729 3003 4784 zizania?
3026 4728 3322 4797 Respondit
3351 4727 3459 4790 ille,
3491 4728 3599 4781 lni-

2020 4822 2190 4876 micus
2220 4821 2380 4876 homo
2402 4821 2504 4876 hoc
2525 4820 2671 4876 fecit.
2699 4840 2717 4872 ι
2731 4821 3021 4875 Voluerunt
3040 4820 3291 4889 colligere
3310 4819 3528 4883 zizania,
3548 4828 3603 4874 ct

2023 4912 2350 4983 compescuit
2396 4913 2518 4968 illos
2561 4912 2784 4967 dicens:
2821 4931 2840 4963 ο
2875 4911 3045 4967 Sinite
3090 4919 3311 4980 utraque
3357 4924 3603 4964 crescere

2026 5019 2192 5075 usque
2218 5003 2284 5059 ad
2312 5017 2575 5068 messem;
2608 5010 2661 5057 et
2685 5003 2739 5056 in
2772 5010 3013 5071 tempore
3039 5001 3231 5056 messis
3260 5000 3432 5054 dicam
3459 5014 3601 5055 mes-

2024 5099 2254 5163 soribus,
2283 5095 2529 5167 Colligite
2558 5096 2784 5164 primum
2811 5094 3031 5159 zizania,
3065 5103 3119 5149 et
3137 5093 3347 5163 alligate
3372 5092 3599 5147 fascicu-

2024 5189 2105 5243 los
2139 5187 2206 5241 ad
2242 5185 2662 5242 comburendum
2697 5200 2796 5246 ea;
2840 5185 3071 5239 triticum
3100 5193 3277 5239 autem
3305 5198 3483 5239 meum
3511 5197 3600 5238 re-

2025 5280 2205 5349 ponite
2234 5279 2288 5333 in
2319 5280 2532 5334 horreo.
2565 5295 2584 5329 »
2622 5276 2813 5331 Postea
2848 5275 3317 5347 interrogaverunt
3354 5290 3475 5329 eum
3515 5273 3601 5327 di-

2024 5370 2214 5440 scipuli
2256 5370 2495 5426 dicentes
2523 5387 2535 5423 :
2562 5367 2735 5423 Narra
2764 5367 2906 5422 nobis
2948 5367 3240 5437 purabotam
3266 5365 3598 5419 zizaniorum.

2026 5462 2093 5517 Et
2119 5462 2231 5531 ipse
2251 5461 2471 5531 exponit
2496 5459 2693 5526 omnia,
2722 5465 2780 5513 ut
2806 5457 2982 5512 nullus
3012 5457 3175 5512 homo
3203 5452 3350 5510 cordi
3378 5468 3478 5509 suo
3506 5453 3603 5507 tri-

2090 5617 2105 5682 ξ
2141 5616 2211 5665 sic
2232 5624 2337 5671 M58.
2371 5622 2425 5665 At
2442 5615 2575 5672 add,
2601 5622 2645 5663 ct
2665 5626 2751 5682 ego
2773 5611 2981 5682 laudabo
3002 5611 3603 5682 ορηιὶιζηηιεήριιανεχεις..

2088 5679 2107 5708 ²
2134 5685 2231 5726 Am.
2252 5686 2304 5728 et
2325 5684 2429 5725 Er.:
2455 5685 2523 5725 De
2545 5689 2662 5725 area
2693 5674 2783 5725 ria:
2818 5674 3097 5734 excutiaris,
3130 5674 3172 5723 si
3209 5674 3421 5721 triticum
3444 5681 3512 5718 es.
3553 5674 3603 5717 Si

2023 5738 2235 5787 triticum
2257 5751 2359 5790 esse
2387 5736 2503 5799 foris
2526 5736 2746 5799 abarea.
2778 5744 2874 5786 etc.

2089 5801 2108 5830 ³
2135 5800 2317 5889 Aliquot
2342 5791 2467 5862 “'53.,
2499 5812 2553 5849 co
2592 5797 2694 5861 ipso
2717 5810 2809 5861 quo
2852 5797 3065 5859 cxcedis,
3114 5804 3207 5847 etc.
3249 5794 3439 5855 Ceteri,
3465 5791 3596 5856 quod

2026 5874 2237 5910 ηαστε.
