4084 6452
491 385 623 441 1951

487 498 617 553 buat
657 490 798 563 quod
842 488 914 544 ibi
962 482 1315 548 intellexerit,
1345 478 1437 533 scd
1470 477 1717 545 Magistro
1745 476 1865 530 ρωιὶ
1895 487 2063 542 expo-

491 562 861 643 nentiaNemo
891 579 1030 633 dicat
1056 595 1068 629 :
1097 571 1359 643 Exposuit
1383 569 1482 623 sibi
1510 567 1776 637 quomodo
1795 565 1978 618 voluit.
2010 562 2068 616 Si

491 673 796 747 parabolam
819 669 1091 741 prophetae
1112 669 1403 733 exponeret
1428 660 1704 724 Dominus,
1724 655 1936 726 quando
1956 656 2069 724 ipsc

492 742 590 835 per
615 777 707 817 eos
736 756 1050 826 loquebatur
1078 753 1218 824 quod
1247 750 1529 813 dicebant;
1562 748 1677 816 quis
1717 745 1938 799 auderet
1983 742 2063 797 di-

491 833 635 918 cere,
667 868 771 907 non
804 851 880 905 sic
904 849 1100 902 debere
1126 841 1427 913 exponere?
1456 839 1615 893 Multo
1643 837 1829 906 magis,
1858 833 2070 905 quando

494 947 606 1015 ipse
636 942 879 1013 exposuit
901 938 1039 1009 quod
1064 933 1337 1005 proposuit
1365 933 1498 1001 ipse,
1524 930 1641 998 quis
1672 927 1831 981 audet
1859 933 2071 979 contra-

493 1037 673 1092 dicere
698 1030 991 1087 manifesta:
1012 1026 1255 1083 veritati?
1284 1024 1417 1077 Cum
1448 1036 1575 1090 ergo
1603 1020 1738 1072 hanc
1765 1016 2070 1086 parabolam

497 1125 753 1180 Dominus
780 1127 1089 1190 exponeret,
1119 1117 1211 1180 ait,
1240 1115 1337 1180 Qui
1359 1122 1527 1165 autem
1560 1111 1764 1166 seminat
1794 1108 1977 1159 bonum
2003 1122 2072 1159 se-

495 1232 629 1279 men,
658 1223 728 1267 est
756 1212 921 1265 Filius
948 1208 1163 1262 hominis
1188 1221 1205 1258 :
1228 1220 1285 1258 se
1316 1203 1496 1270 utique
1531 1200 1926 1254 demonstrans.
1965 1194 2071 1248 Bo-

498 1325 619 1361 num
640 1323 752 1360 vero
776 1321 962 1367 semen,
990 1300 1083 1369 ﬁlii
1105 1308 1220 1353 sunt
1247 1296 1424 1365 regni:
1449 1295 1559 1363 ipsa
1590 1300 1671 1346 est
1697 1290 1931 1345 Ecclesia
1955 1303 2075 1342 san-

498 1406 727 1451 ctorum.
762 1392 972 1447 Zizania
998 1398 1184 1453 autem,
1219 1386 1313 1452 ﬁlii
1340 1394 1453 1437 sunt
1484 1381 1712 1450 maligni.
1739 1381 1871 1449 Ager
1897 1388 1965 1433 est
1996 1378 2075 1429 hic

502 1487 727 1543 mundus
748 1483 959 1555 (Matth.
988 1498 1102 1546 xm,
1125 1478 1320 1541 24-50,
1352 1474 1565 1543 56-58).
1596 1473 1708 1527 Jam
1732 1471 1937 1535 videte,
1969 1468 2074 1522 fra-

502 1591 632 1647 tres,
657 1578 776 1648 quia
804 1591 897 1645 per
925 1572 1177 1628 mundum
1208 1569 1524 1623 scminatum
1545 1573 1623 1619 est
1649 1566 1844 1618 bonum
1870 1576 2075 1625 semen,

501 1681 557 1728 et
601 1686 696 1741 per
733 1666 984 1723 mundum
1028 1662 1285 1718 seminata
1313 1668 1435 1714 sunt
1460 1657 1682 1711 zizania.
1717 1651 1983 1722 Numquid
2024 1652 2075 1704 in

501 1770 654 1833 parte
699 1760 929 1814 triticum
953 1796 968 1822 ,
1001 1765 1054 1808 et
1080 1755 1131 1807 in
1161 1762 1310 1822 parte
1348 1749 1580 1803 zizania?
1613 1747 1714 1800 Per
1743 1753 1910 1799 totum
1943 1742 2079 1796 triti-

502 1867 646 1917 cum,
678 1858 731 1905 et
758 1865 853 1918 per
879 1856 1045 1901 totum
1070 1843 1294 1897 zizania.
1324 1842 1466 1909 Ager
1496 1836 1699 1891 Domini
1727 1834 1956 1889 mundus
1976 1840 2077 1898 est,

506 1956 613 1997 non
646 1939 845 1995 Africa.
889 1937 1003 1991 Non
1032 1931 1300 2004 quomodo
1333 1938 1488 1985 terra:
1520 1929 1635 1983 ista:
1658 1928 1674 1957 ί
1700 1944 1713 1979 :
1745 1925 1952 1980 Getulia
1980 1923 2082 1977 fert

504 2047 825 2103 sexagenum
856 2038 945 2083 aut
969 2036 1285 2090 centenum,
1317 2030 1371 2076 et
1412 2019 1655 2075 Numidia
1703 2019 1804 2072 fert
1846 2016 2080 2070 denum:

508 2137 613 2179 non
644 2122 720 2176 sic
750 2129 833 2175 est
860 2119 967 2173 Deo
997 2132 1123 2187 ager
1152 2129 1299 2169 suus.
1330 2112 1533 2180 Ubique
1559 2109 1631 2163 illi
1662 2108 1826 2163 fertur
1854 2106 2079 2171 fructus,

508 2222 564 2268 et
609 2220 901 2276 centenus,
925 2217 980 2263 et
1016 2219 1345 2275 sexagenus,
1372 2211 1426 2257 et
1473 2200 1745 2255 tricenus:
1777 2207 1831 2250 tu
1878 2204 2080 2249 tantum

508 2304 634 2361 vide
658 2302 783 2374 quid
808 2301 940 2356 velis
969 2313 1088 2353 esse
1109 2339 1122 2362 ,
1148 2297 1193 2351 si
1236 2295 1437 2364 cogitas
1481 2292 1549 2346 ad
1594 2291 1801 2345 Domini
1852 2288 2081 2343 fructum

508 2396 776 2469 pertinere
801 2396 845 2449 '.
867 2393 1008 2461 Ergo
1030 2388 1263 2443 Ecclesia
1287 2393 1609 2448 sanctorum,
1634 2381 1871 2437 Ecclesia
1901 2378 2083 2434 catho-

512 2468 612 2542 lica
637 2494 736 2540 est.
765 2482 1002 2538 Ecclesia
1032 2486 1334 2533 sanctorum
1362 2490 1467 2530 non
1498 2481 1579 2528 est
1606 2470 1844 2526 Ecclesia
1872 2468 2086 2524 lucreti-

510 2592 715 2633 corum.
736 2574 970 2630 Ecclesia
1002 2578 1303 2626 sanctorum
1337 2567 1424 2621 illa
1452 2574 1532 2621 est
1557 2579 1714 2634 quam
1744 2560 2087 2633 prmsignavit

511 2667 654 2721 Deus
680 2672 962 2733 antequam
993 2658 1294 2722 videretur;
1327 2665 1382 2711 et
1410 2654 1668 2719 exhibuit,
1703 2661 1760 2707 ut
1786 2650 2083 2706 videretur.

509 2757 749 2814 Ecclesia
778 2763 1079 2810 sanctorum
1106 2759 1223 2806 erat
1248 2756 1403 2804 antea
1430 2749 1483 2802 in
1507 2745 1777 2801 codicibus
1798 2784 1810 2808 ,
1841 2743 2000 2797 modo
2030 2742 2083 2796 in

509 2850 756 2921 gentibus
785 2866 798 2903 :
824 2846 1064 2902 Ecclesia
1090 2852 1394 2898 sanctorum
1425 2848 1579 2894 antea
1608 2834 1975 2892 tantummodo
2005 2834 2086 2889 le-

511 2939 753 3011 gebatur,
782 2952 922 2992 nunc
959 2943 1014 2990 et
1054 2934 1264 3003 legitur,
1307 2940 1359 2986 et
1388 2929 1616 2984 videtur.
1662 2925 1885 2994 Quando
1915 2925 2085 2978 solum

508 3032 802 3101 legebatur,
820 3026 1161 3083 credebatur:
1184 3023 1341 3077 modo
1356 3020 1585 3088 videtur,
1603 3027 1657 3075 et
1677 3016 2082 3074 contradicitur!

509 3120 647 3174 Laus
674 3121 783 3189 ejus
812 3119 863 3172 in
891 3116 1098 3171 ecclesia
1122 3124 1427 3169 sanctorum.

580 3212 634 3267 4.
665 3209 813 3283 [vers.
840 3208 919 3280 2.]
947 3208 1167 3261 Laetetur
1195 3205 1361 3259 Israel
1380 3205 1432 3256 in
1458 3214 1516 3256 eo
1541 3202 1625 3272 qui
1650 3202 1767 3271 fecit
1794 3216 1924 3255 eum.
1950 3199 2087 3267 Quid

511 3312 593 3359 est
620 3302 813 3357 Israel?
834 3299 1033 3355 Videns
1060 3294 1227 3352 Deum
1252 3314 1265 3349 :
1291 3296 1391 3349 hoc
1417 3294 1559 3349 enim
1590 3293 1964 3362 interpretatur
1990 3304 2089 3344 no-

515 3407 641 3447 men
688 3390 870 3445 Israel.
894 3388 992 3457 Qui
1026 3388 1167 3442 videt
1196 3388 1391 3449 Deum,
1422 3386 1473 3439 in
1522 3384 1637 3453 ipso
1664 3384 1894 3448 lmtetur,
1928 3397 1956 3435 a
1983 3396 2088 3451 quo

514 3483 682 3535 factus
710 3489 809 3534 est.
856 3479 990 3546 Quid
1016 3488 1269 3545 estergo,
1302 3474 1527 3530 fratres?
1556 3476 1677 3544 quia
1722 3473 1949 3527 diximus
1990 3486 2089 3526 nos

514 3571 582 3625 ad
608 3570 897 3624 Ecclesiam
926 3569 1191 3637 pertinere
1219 3574 1521 3619 sanctorum
1546 3606 1559 3630 ,
1590 3563 1842 3632 numquid
1869 3563 1978 3631 jam
2005 3562 2088 3614 vi-

514 3664 703 3717 demus
729 3660 926 3715 Deum?
954 3656 1233 3726 Quomodo
1276 3669 1459 3709 sumus
1503 3653 1685 3719 Israel,
1716 3654 1758 3706 si
1801 3667 1907 3707 non
1936 3652 2090 3706 vitle-

515 3755 677 3809 mus?
724 3754 817 3808 Est
840 3752 1079 3823 quzcdam
1110 3751 1245 3803 visio
1277 3748 1431 3817 hujus
1463 3746 1748 3817 temporis;
1781 3745 1883 3800 erit
1923 3744 2089 3799 altera

516 3848 649 3902 visio
681 3845 841 3900 futuri
872 3843 1123 3913 temporis
1148 3859 1161 3895 :
1183 3840 1317 3896 visio
1344 3856 1461 3911 qua:
1489 3838 1648 3893 modo
1671 3846 1774 3905 est,
1810 3852 1902 3906 per
1933 3834 2089 3890 fidem

517 3950 630 4007 est;
658 3940 795 3994 visio
822 3954 940 4008 quae
970 3936 1142 3991 futura
1167 3942 1267 4001 est,
1302 3949 1396 4004 per
1420 3932 1652 4003 speciem
1680 3931 1801 3985 erit.
1829 3930 1882 3984 Si
1913 3927 2086 3983 credi-

516 4048 633 4087 mus
653 4073 669 4099 ,
696 4031 969 4093 videmus;
998 4029 1041 4083 si
1070 4040 1309 4080 amamus
1330 4066 1343 4090 ,
1367 4024 1629 4078 videmus.
1652 4021 1789 4087 Quid
1814 4020 2090 4075 videmus?

515 4123 703 4177 Deum.
743 4119 843 4175 Ubi
872 4128 953 4173 est
980 4119 1094 4187 ipse
1120 4116 1294 4171 Deus?
1337 4114 1605 4183 Interroga
1634 4112 1892 4167 Joannem
1917 4129 1930 4164 :
1957 4110 2090 4165 Deus

515 4210 737 4265 charitas
767 4219 838 4264 est
867 4207 1083 4281 (lloan.
1106 4224 1177 4274 iv,
1204 4206 1313 4276 16).
1339 4205 1723 4260 Benedicamus
1752 4217 1944 4257 nomen
1977 4202 2091 4271 ejus

515 4311 787 4367 sanctum;
817 4310 869 4356 et
894 4301 1216 4370 gaudeamus
1238 4300 1289 4352 iu
1322 4298 1450 4363 Deo,
1481 4298 1524 4352 si
1556 4296 1847 4367 gaudemus
1878 4294 1931 4348 in
1960 4294 2090 4348 cha-

516 4395 691 4449 ritate.
720 4391 966 4460 Quisquis
995 4391 1151 4444 habet
1170 4389 1507 4452 charitatem,
1536 4386 1720 4457 utquid
1750 4386 1895 4440 illum
1926 4384 2091 4439 mitti-

516 4500 637 4540 mus
678 4483 833 4552 longe
851 4522 865 4547 ,
898 4491 954 4535 ut
983 4480 1157 4535 videat
1183 4480 1384 4534 Deum?
1409 4478 1800 4533 Conscientiam
1829 4491 1977 4530 suam
2004 4483 2090 4529 at-

517 4575 718 4643 tendat,
751 4582 805 4630 et
834 4573 903 4629 ibi
931 4571 1074 4627 videt
1100 4572 1284 4626 Deum.
1314 4570 1367 4626 Si
1392 4570 1623 4624 charitas
1646 4569 1715 4623 ibi
1736 4583 1842 4622 non
1867 4568 2089 4635 habitat,

516 4683 623 4723 non
664 4666 738 4722 ibi
771 4664 973 4720 habitat
1012 4665 1189 4719 Deus:
1221 4662 1265 4717 si
1294 4670 1470 4716 autem
1497 4660 1728 4716 charitas
1766 4659 1835 4713 ibi
1870 4660 2090 4723 habitat,

519 4760 658 4815 Deus
685 4757 758 4813 ibi
785 4756 1006 4811 habitat.
1030 4754 1155 4811 Vult
1186 4754 1332 4811 illum
1364 4752 1503 4808 forte
1531 4751 1712 4805 videre
1741 4751 2013 4805 sedentem
2040 4752 2091 4805 in

517 4851 685 4915 caelo;
718 4848 911 4902 habeat
948 4845 1291 4909 charitatem,
1322 4854 1375 4899 et
1421 4844 1472 4897 in
1513 4857 1603 4913 eo-
1623 4840 1821 4895 habitat
1866 4842 2001 4894 sicut
2041 4842 2091 4894 in

516 4940 674 4996 cmlo.
718 4938 858 5007 Ergo
898 4936 1063 4991 simus
1100 4934 1298 5000 Israel,
1325 4943 1378 4988 et
1404 4934 1645 4988 lmtemur
1677 4932 1727 4985 in
1759 4946 1824 4986 eo
1852 4931 1939 5000 qui
1972 4930 2094 4985 fecit

520 5048 618 5087 nos
643 5048 656 5083 :
681 5029 903 5083 Laztctur
929 5026 1095 5082 Israel
1119 5028 1171 5079 in
1200 5042 1257 5079 eo
1284 5026 1369 5094 qui
1395 5025 1510 5094 fecit
1535 5040 1664 5078 eum.
1696 5022 1751 5076 In
1774 5037 1837 5077 eo
1860 5021 1950 5091 qui
1970 5020 2095 5075 fecit

520 5137 641 5177 cum
674 5122 899 5186 lmtetur,
928 5117 1032 5173 rion
1070 5118 1122 5171 in
1158 5117 1287 5171 Ario
1309 5116 1350 5184 ³,
1376 5132 1481 5171 non
1526 5116 1578 5169 in
1623 5115 1859 5179 Donato,
1890 5126 1996 5165 non
2040 5112 2093 5166 in

518 5211 835 5277 Cmciliano;
865 5224 969 5265 non
1002 5209 1053 5263 in
1087 5206 1404 5262 Proculiano
1429 5206 1524 5277 (a),
1548 5220 1654 5258 non
1682 5203 1733 5258 in
1760 5202 2087 5272 Augustino:

585 5334 602 5357 ι
627 5329 696 5374 Ita
718 5321 933 5373 melioris
952 5329 1081 5373 notae
1101 5328 1207 5371 Mss.
1228 5318 1313 5368 Alii
1333 5332 1476 5368 vero:
1499 5326 1597 5367 Non
1610 5315 1843 5377 quomodo
1858 5320 1992 5364 terra
2006 5313 2097 5365 ista

520 5384 708 5449 petulia
729 5389 823 5449 fert
860 5396 1168 5448 sexagenum,
1194 5389 1289 5431 etc.
1317 5380 1446 5429 Edd.:
1473 5388 1573 5429 Non
1595 5377 1829 5440 quomodo
1848 5378 1943 5442 fert
1966 5384 2097 5427 terra

516 5447 611 5500 ista
627 5445 824 5508 Getulia:
839 5445 1145 5508 sexagenum,
1185 5450 1278 5508 etc.

587 5512 607 5541 ³
635 5507 827 5571 Aliquot
838 5499 980 5571 uss,"
994 5504 1059 5554 ad
1084 5499 1337 5571 Dominum
1359 5502 1601 5571 fructuum
1623 5499 1879 5563 pertinere.

587 5572 609 5603 ⁸
632 5563 850 5619 Nonnulli
872 5563 976 5617 Mss.
1003 5568 1245 5623 omittunt,
1266 5563 1428 5613 nonin
1447 5563 1571 5612 Aria.
1886 5621 1897 5623 _
1950 5564 1973 5623 ς

587 5630 662 5693 (a)
706 5632 821 5681 Hinc
853 5631 1027 5693 merito
1054 5621 1279 5693 conjicms
1316 5636 1594 5693 sermonem
1628 5631 1856 5693 suppone
1885 5621 2098 5693 habitum

524 5682 724 5742 “vente
765 5689 1042 5742 Proculiano
1076 5682 1182 5739 sive
1226 5684 1551 5743 Proculerano,
1594 5682 1814 5745 ejusdem
1848 5682 1981 5729 Urbis
2021 5695 2095 5745 ex

527 5741 876 5811 Donatistarum
893 5756 1030 5809 parte
1050 5741 1693 5811 CpiSCOIlOWQiI'Eigﬂ-iiiiglim
1717 5744 1871 5811 quinti
1891 5741 2052 5791 saeculi
2082 5756 2091 5789 :

526 5812 592 5860 de
610 5826 709 5876 quo
733 5810 841 5867 vide
869 5804 1060 5874 August.
1083 5804 1248 5874 'Epistt.
1269 5808 1345 5869 33,
1371 5806 1447 5867 3t,
1472 5807 1548 5866 3’5,
1574 5807 1635 5853 78
1660 5814 1707 5854 et
1730 5804 1807 5852 88.

1716 364 1770 419 S.
1813 358 2176 417 AUGUSTINI
2210 353 2507 412 EPISCOPI

3604 342 3749 401 195?.

2176 469 2242 523 In
2273 485 2328 522 eo
2356 469 2547 522 lectetur
2573 464 2661 535 qui
2690 463 2805 533 fecit
2849 478 2983 516 eum.
3024 456 3155 526 Nos,
3194 459 3400 524 fratres,
3443 472 3548 513 non
3591 457 3753 512 vobis

2174 557 2636 638 commendamus;
2665 554 2755 609 sed
2784 550 3217 609 commendamus
3241 549 3392 605 vobis
3418 549 3605 615 Deum,
3622 538 3773 619 quia

2174 648 2610 705 commendamus
2635 660 2728 701 vos
2756 645 2886 700 Deo.
2922 641 3202 710 Quomodo
3220 640 3374 695 vobis
3401 640 3569 694 Deum
3594 652 3753 693 com-

2176 738 2523 795 mendamus?
2551 738 2620 794 Ut
2646 736 2877 805 diligatis
2908 750 3028 788 eum
3060 734 3201 788 bono
3228 740 3408 786 vestro
3428 771 3443 795 ,
3477 743 3580 783 non
3604 727 3755 783 bono

2177 831 2341 899 ipsius
2366 848 2377 883 :
2403 829 2525 898 quia
2554 828 2694 883 malo
2717 834 3041 882 vcstroeum
3072 840 3177 878 non
3206 822 3452 892 diligitis,
3475 836 3578 875 non
3609 819 3757 874 malo

2178 922 2362 991 ipsius.
2391 921 2504 975 Non
2532 921 2672 975 enim
2701 919 2875 973 minus
2901 917 3117 973 habebit
3146 916 3286 971 Deus
3310 914 3637 970 divinitatem
3658 953 3674 978 ,
3708 912 3757 965 si

2178 1014 2338 1068 homo
2369 1014 2421 1068 in
2454 1014 2598 1068 illum
2629 1027 2733 1067 non
2775 1011 2967 1066 habeat
2993 1009 3327 1065 charitatem.
3357 1007 3435 1062 Tu
3463 1005 3660 1061 crescis
3688 1018 3760 1058 ex

2178 1105 2323 1171 Deo,
2355 1120 2458 1159 nou
2502 1105 2590 1159 ille
2628 1120 2692 1159 ex
2733 1114 2783 1159 te
2818 1121 2829 1156 :
2862 1112 2915 1158 et
2958 1111 3135 1156 tamen
3176 1110 3379 1155 tantum
3426 1113 3522 1153 nos
3569 1096 3761 1153 dilexit

2180 1196 2321 1265 prior
2346 1196 2385 1265 (Ι
2402 1194 2634 1261 Ιοαη.ιν,
2658 1195 2771 1265 19),
2789 1202 3070 1263 antequam
3089 1209 3208 1249 cum
3221 1192 3578 1262 diligeremus,
3595 1198 3652 1245 ut
3668 1190 3764 1244 Fi.

2181 1288 2307 1342 lium
2338 1303 2490 1342 suum
2516 1289 2729 1341 unicum
2758 1287 2995 1341 mitteret
3018 1286 3150 1339 mori
3183 1300 3277 1355 pro
3298 1284 3451 1339 nobis
3477 1282 3652 1354 (Joan.
3675 1299 3760 1347 in,

2183 1377 2293 1450 16).
2327 1378 2424 1444 Qui
2448 1379 2569 1432 fecit
2598 1393 2717 1442 nos,
2753 1378 2922 1432 factus
2947 1385 3030 1432 est
3056 1376 3194 1431 inter
3221 1390 3337 1431 nos.
3362 1373 3640 1444 Quomodo
3661 1388 3761 1429 nos

2182 1471 2295 1539 ipse
2324 1470 2478 1524 fecit?
2501 1470 2685 1523 Umnia
2714 1488 2801 1541 per
2821 1472 2988 1538 ipsum
3016 1470 3151 1538 facta
3174 1477 3311 1535 sunt,
3339 1478 3384 1522 et
3404 1469 3513 1523 sine
3538 1469 3648 1537 ipso
3675 1472 3762 1538 fa-

2184 1569 2314 1613 ctum
2336 1570 2407 1615 est
2438 1560 2583 1614 nihil.
2615 1560 2891 1628 Quomodo
2914 1560 3085 1615 factus
3106 1567 3187 1614 est
3212 1560 3350 1613 inter
3376 1560 3507 1613 nos?
3534 1559 3601 1613 Et
3637 1558 3765 1612 Ver-

2184 1654 2301 1707 bum
2339 1670 2457 1706 earo
2507 1654 2696 1722 factum
2724 1662 2830 1720 est,
2869 1662 2917 1708 et
2945 1653 3185 1706 habitavit
3224 1652 3273 1705 in
3310 1652 3450 1706 nobis
3482 1650 3592 1725 (Id.
3620 1668 3671 1717 ι,
3705 1653 3759 1717 5,

2185 1742 2309 1814 H).
2337 1744 2477 1814 Ergo
2508 1745 2618 1813 ipse
2648 1753 2729 1798 est
2756 1744 2808 1799 in
2836 1759 2942 1814 quo
2965 1742 3221 1798 debemus
3250 1744 3435 1797 lactari.
3466 1743 3635 1797 Nemo
3660 1742 3760 1799 bo-

2186 1848 2275 1886 mo
2318 1834 2416 1887 sibi
2457 1841 2671 1903 arroget
2712 1843 2890 1905 partes
2919 1836 3154 1903 ipsius‘;
3187 1833 3253 1888 ab
3295 1834 3411 1903 ipso
3456 1844 3538 1889 est
3582 1834 3763 1888 hetitia

2186 1940 2304 1996 quae
2343 1940 2441 1982 nos
2480 1925 2607 1981 facit
2644 1925 2825 1983 felices
2859 1943 2872 1980 :
2904 1926 3125 1981 Laztetur
3160 1925 3326 1981 Israel
3352 1927 3406 1980 in
3443 1942 3500 1980 eo
3530 1926 3617 1996 qui
3647 1928 3765 1997 fecit

2183 2033 2318 2072 eum.

2257 2108 2310 2162 5.
2346 2107 2407 2160 Et
2433 2109 2529 2175 ﬁlii
2554 2109 2681 2163 Sion
2701 2109 2946 2163 exsultent
2970 2109 3023 2163 in
3046 2125 3161 2181 rege
3180 2124 3291 2164 suo.
3314 2107 3432 2178 Ipse
3462 2108 3646 2175 Israel,
3671 2107 3762 2161 lilii

2188 2195 2443 2252 Ecclesia:
2463 2208 2601 2252 sunt.
2626 2198 2757 2265 Quia
2783 2199 2909 2252 Sion
2938 2198 3034 2253 fuit
3060 2199 3269 2269 quidem
3294 2212 3396 2252 una
3415 2199 3622 2262 civitas,
3645 2213 3766 2267 qua:

2187 2290 2414 2344 cecidit:
2449 2290 2501 2344 in
2544 2290 2659 2359 ejus
2700 2289 2939 2359 reliquiis
2980 2288 3292 2343 habitabant
3331 2288 3548 2358 quidem
3596 2288 3764 2343 sancti

2189 2380 2585 2449 temporaliter;
2616 2380 2709 2434 sed
2739 2378 2867 2433 Sion
2894 2394 3017 2434 vera
3043 2388 3098 2434 et
3126 2378 3421 2434 Jerusalem
3447 2393 3573 2434 vera
3604 2379 3765 2448 (quia

2189 2469 2301 2538 ipsa
2332 2467 2491 2530 Sion,
2516 2484 2633 2538 quae
2657 2468 2999 2537 Jerusalem),
3027 2478 3224 2523 :cterna
3253 2477 3336 2523 est
3365 2469 3417 2523 in
3443 2469 3616 2536 ctelis,
3649 2484 3769 2537 qua:

2190 2569 2272 2615 est
2299 2569 2471 2615 mater
2501 2568 2677 2615 nostra
2713 2560 2906 2632 (Galat.
2930 2576 3006 2627 ιγ,
3029 2560 3145 2631 26).
3171 2560 3288 2631 Ipsa
3312 2575 3407 2615 nos
3426 2561 3626 2631 genuit,
3644 2562 3769 2632 ipsa

2190 2639 2537 2708 est'Ecclesia
2571 2661 2900 2718 sanctorum,
2924 2654 3039 2722 ipsa
3085 2668 3183 2707 nos
3224 2654 3475 2719 nutrivit;
3508 2668 3574 2709 ex
3621 2662 3770 2724 parte

2190 2746 2501 2815 peregrina,
2530 2761 2595 2801 ex
2632 2761 2821 2817 magna
2865 2756 3013 2815 parte
3053 2748 3349 2800 immanens
3394 2746 3447 2800 in
3488 2747 3647 2801 caelo.
3694 2748 3769 2801 Ex

2193 2844 2341 2904 parte
2362 2851 2462 2905 qua
2486 2836 2739 2891 immanet
2766 2837 2816 2890 in
2841 2836 2999 2903 ccelo,
3023 2835 3293 2890 beatitudo
3313 2836 3634 2906 Angelorum
3657 2846 3766 2892 est:

2191 2941 2257 2982 ex
2287 2936 2436 2996 parte
2461 2942 2563 2997 qua
2596 2927 2959 2997 peregrinatur
2985 2927 3036 2981 in
3064 2927 3165 2981 hoc
3189 2927 3407 2994 sarculo,
3430 2942 3556 2998 spes
3576 2938 3657 2983 est
3679 2929 3767 2998 ju-

2190 3027 2417 3073 storum.
2446 3019 2522 3073 De
2549 3019 2633 3073 illa
2661 3018 2858 3073 dictum
2884 3028 2987 3084 est,
3014 3018 3190 3072 Gloria
3212 3006 3269 3072 in
3297 3020 3504 3073 excelsis
3530 3018 3639 3073 Deo
3665 3035 3684 3073 :
3705 3020 3770 3075 de

2193 3109 2291 3165 hac
2322 3111 2518 3166 dictum
2545 3119 2647 3177 est,
2674 3110 2739 3164 Et
2766 3111 2818 3165 in
2843 3118 2976 3165 terra
3002 3128 3102 3181 pax
3122 3112 3406 3166 hominibus
3427 3112 3569 3166 bona:
3594 3114 3770 3166 rotun-

2194 3202 2307 3255 tatis
2337 3201 2483 3271 (Luc.
2518 3201 2589 3268 η’,
2629 3200 2752 3273 14).
2805 3200 2907 3268 Qui
2937 3216 3063 3271 ergo
3091 3202 3141 3255 in
3173 3202 3273 3257 hac
3301 3204 3403 3256 vita
3433 3212 3687 3272 gemunt,
3718 3213 3769 3257 et

2193 3291 2497 3346 desiderant
2524 3293 2664 3346 illam
2696 3293 2941 3360 patriam,
2969 3303 3187 3347 currant
3210 3293 3512 3357 dilectione,
3536 3310 3641 3349 non
3673 3311 3764 3364 pe-

2192 3384 2345 3438 dibus
2368 3386 2608 3453 corporis
2629 3402 2640 3437 :
2660 3400 2764 3439 non
2788 3393 3024 3454 quaerant
3050 3400 3231 3453 naves,
3255 3385 3348 3440 scd
3378 3401 3607 3454 pennas;
3635 3386 3768 3441 duas

2193 3478 2301 3531 alas
2327 3477 2599 3531 charitatis
2627 3476 3049 3546 apprehendant.
3082 3477 3210 3544 Quae
3232 3484 3356 3530 sunt
3376 3477 3493 3531 dua:
3513 3478 3609 3531 ala:
3635 3476 3765 3531 cha-

2194 3568 2399 3621 ritatis?
2430 3567 2654 3622 Dilectio
2676 3566 2787 3631 Dei,
2814 3574 2866 3620 et
2891 3566 3135 3635 proximi.
3164 3567 3572 3636 Percgrinamur
3600 3568 3765 3633 enim,

2194 3657 2554 3727 suspiramus,
2579 3658 2858 3727 gemimus.
2884 3657 3157 3710 Venerunt
3199 3656 3267 3710 ad
3310 3671 3407 3713 nos
3449 3657 3667 3713 Littera:
3706 3658 3769 3713 de

2195 3749 2361 3818 patria
2390 3757 2591 3814 nostra,
2620 3750 2761 3817 ipsas
2788 3749 2941 3803 vobis
2964 3749 3267 3803 recitamus.

2266 3847 2319 3901 6.
2374 3846 2594 3900 Laetetur
2616 3844 2781 3899 Israel
2822 3846 2873 3899 in
2901 3861 2956 3898 eo
2979 3845 3064 3915 qui
3100 3844 3218 3912 fecit
3259 3861 3404 3909 eum,
3433 3854 3478 3899 et
3516 3845 3613 3913 ﬁlii
3642 3845 3770 3901 Sion

2197 3941 2441 3994 exsultent
2470 3940 2522 3991 in
2552 3955 2669 4008 rege
2693 3954 2805 3992 suo.
2853 3936 3002 4004 Quod
3033 3936 3197 4002 dixit,
3230 3937 3314 4005 qui
3339 3938 3458 4007 fecit
3483 3952 3625 3999 eum;
3671 3937 3771 3992 hoc

2195 4034 2345 4097 dixit,
2375 4034 2426 4085 in
2453 4048 2566 4101 rege
2589 4047 2701 4084 suo.
2739 4028 2893 4096 Quod
2920 4028 3160 4093 audistis,
3192 4026 3389 4088 Israel;
3420 4027 3470 4081 id
3510 4038 3651 4094 sunt,
3681 4029 3771 4097 ﬁlii

2196 4124 2325 4178 Sion
2347 4138 2364 4175 :
2386 4130 2440 4176 et
2468 4120 2607 4191 quod
2637 4119 2860 4174 audistis
2880 4162 2894 4185 ,
2923 4120 2972 4172 in
3003 4135 3059 4172 eo
3084 4118 3169 4189 qui
3195 4118 3312 4189 fecit
3337 4133 3485 4180 eum;
3517 4118 3617 4171 hoc
3652 4126 3767 4183 est,

2194 4216 2247 4268 in
2273 4230 2388 4285 rege
2415 4228 2524 4266 suo.
2557 4211 2719 4264 Filius
2748 4211 2840 4265 Dei
2870 4210 2957 4279 qui
2996 4208 3122 4264 fecit
3158 4222 3254 4262 nos
3278 4250 3291 4273 ,
3333 4206 3501 4262 factus
3527 4216 3609 4262 est
3636 4208 3771 4263 inter

2196 4319 2293 4358 nos
2317 4321 2330 4357 :
2358 4311 2412 4357 et
2436 4303 2549 4356 Rex
2578 4309 2757 4355 noster
2786 4300 2920 4369 regit
2949 4299 3211 4368 nos,'quia
3238 4296 3461 4353 Creator
3486 4307 3671 4353 noster
3700 4298 3770 4353 fe-

2196 4396 2269 4449 cit
2297 4408 2415 4448 nos.
2447 4392 2564 4462 Ipse
2590 4400 2669 4446 cst
2701 4400 2874 4445 tamen
2907 4406 3001 4460 per
3022 4405 3177 4458 quem
3199 4388 3325 4443 facti
3352 4403 3555 4453 sumus,
3580 4391 3668 4459 qui
3695 4398 3772 4444 est

2197 4499 2290 4554 per
2328 4497 2483 4553 quem
2527 4495 2624 4536 nos
2662 4481 2928 4550 regimur:
2952 4488 3007 4534 et
3035 4479 3153 4533 ideo
3182 4476 3504 4545 Christiani,
3532 4479 3654 4548 quia
3690 4480 3771 4533 ille

2196 4575 2457 4630 Christus.
2491 4572 2732 4627 Christus
2759 4584 2787 4625 a
2817 4570 3105 4625 chrismate
3130 4569 3304 4624 dictus
3334 4578 3414 4623 est
3435 4611 3449 4634 ,
3479 4569 3531 4623 id
3561 4578 3663 4633 est,
3710 4570 3771 4623 ab

2197 4666 2468 4721 unctione.
2516 4663 2688 4732 Reges
2731 4669 2905 4715 autem
2938 4660 3268 4730 ungebantur
3298 4658 3348 4731 (l
3378 4657 3508 4728 Reg.
3538 4674 3569 4711 x
3592 4700 3607 4725 ,
3641 4659 3702 4725 i;
3730 4669 3771 4712 et

2198 4775 2307 4823 xvr,
2334 4756 2430 4827 15)
2461 4765 2515 4810 et
2544 4754 2849 4809 sacerdotes
2882 4752 3073 4820 (Exod.
3102 4768 3227 4816 xxx,
3248 4748 3337 4821 '50)
3363 4768 3376 4803 :
3403 4749 3491 4804 ille
3517 4764 3643 4804 vero
3679 4766 3772 4804 un-

2197 4862 2314 4907 ctus
2339 4860 2419 4905 est
2444 4857 2497 4903 et
2525 4848 2639 4902 Rex
2667 4854 2721 4901 ct
2748 4845 3031 4901 Sacerdos.
3060 4845 3173 4898 Rex
3197 4843 3446 4913 pugnavit
3477 4856 3571 4911 pro
3594 4842 3770 4907 nobis,

2196 4942 2458 5001 Sacerdos
2483 4939 2675 4995 obtulit
2699 4953 2758 4992 se
2788 4952 2884 5006 pro
2916 4934 3089 4989 nobis.
3118 4933 3341 5001 Quando
3368 4947 3463 5001 pro
3492 4931 3643 4986 nobis
3673 4948 3771 5002 pu-

2197 5033 2394 5107 gnavit,
2422 5030 2574 5100 quasi
2602 5029 2775 5083 victus
2804 5035 2914 5089 est;
2946 5040 3069 5081 vere
3093 5032 3272 5079 autem
3300 5023 3446 5078 vicit.
3475 5022 3771 5078 Crucitixus

2198 5135 2281 5181 est
2306 5123 2469 5188 enim,
2499 5129 2550 5175 et
2570 5119 2638 5175 de
2661 5132 2820 5174 cruce
2846 5130 2957 5180 sua,
2990 5116 3040 5169 in
3064 5130 3164 5183 qua
3191 5122 3304 5168 erat
3326 5114 3482 5177 fixus,
3505 5112 3771 5166 diabolum

2200 5212 2426 5270 occidit:
2451 5219 2506 5266 et
2530 5209 2653 5264 inde
2680 5208 2792 5262 Rex
2826 5214 3023 5260 noster.
3061 5204 3211 5259 Unde
3253 5213 3431 5258 autem
3475 5202 3772 5258 Sacerdos?

2199 5306 2331 5374 Quia
2358 5319 2416 5358 se
2446 5316 2541 5372 pro
2572 5299 2723 5354 nobis
2747 5296 2959 5352 obtulit.
3009 5296 3140 5349 Date
3168 5293 3445 5350 Sacerdoti
3471 5292 3614 5363 quod
3643 5292 3772 5347 olfe-

2201 5402 2301 5450 rat.
2349 5390 2486 5460 Quid
2514 5388 2776 5444 inveniret
2802 5385 2962 5439 homo
2987 5383 3127 5453 quod
3160 5382 3315 5437 daret
3344 5381 3593 5436 mundam
3626 5381 3774 5437 victi-

2203 5500 2344 5541 mam
2364 5483 2421 5535 ’?
2441 5482 2608 5549 Quam
2630 5476 2932 5533 victimam?
2953 5474 3087 5541 Quid
3110 5472 3361 5528 mundum
3388 5479 3564 5542 potest
3585 5470 3773 5527 cﬂ‘crre

2267 5618 2279 5647 ¹
2312 5615 2384 5662 sic
2404 5618 2511 5660 Mss.
2534 5616 2588 5658 At.
2612 5608 2742 5657 Edd.:
2770 5613 2915 5655 Nemo
2937 5603 3025 5654 sibi
3057 5607 3265 5665 arroget,
3305 5612 3442 5650 nemo
3471 5598 3561 5649 sibi
3585 5598 3776 5660 deroget

2204 5682 2606 5784 paigr'é’gigiss
2635 5737 2750 5790 ius,
2796 5727 2925 5790 quod
2963 5727 3100 5777 daret
3137 5721 3409 5774 mundum?
3452 5730 3603 5783 Quam
3646 5717 3778 5770 ricti-

2210 5810 2337 5848 mam
2361 5793 2383 5844 ?
