4084 6488
351 457 378 512 Ι
394 457 519 513 955

348 570 683 641 peccator?
709 570 754 624 Ο
781 569 990 640 inique,
1018 584 1050 623 ο
1076 568 1260 639 impie!
1291 566 1546 638 quidquid
1590 567 1833 624 attuleris
1871 563 1970 622 im-

351 661 652 716 mundum
675 671 789 725 est,
819 670 872 715 et
918 659 1113 730 aliquid
1152 659 1407 714 mundum
1448 673 1546 728 pro
1569 669 1620 714 te
1645 657 1974 713 oli‘erendum

351 762 472 809 cst.
499 754 708 822 Quzere
729 752 867 823 apud
901 761 950 808 te
975 752 1100 823 quid
1121 751 1344 818 oll'eras;
1372 767 1478 806 non
1505 751 1763 806 invenies.
1789 752 1977 820 Quaere

351 861 430 900 ex
471 853 534 900 te
565 844 713 916 quod
743 844 963 910 oll'eras;
991 859 1093 898 non
1121 843 1415 898 delectatur
1441 843 1720 910 arietibus,
1744 859 1840 898 nec
1868 843 1978 897 hir—

354 936 470 1000 cis,
512 950 626 990 nec
657 935 843 989 tauris.
897 933 1084 988 Omnia
1113 933 1279 1003 ipsius
1308 943 1468 1001 sunt,
1496 934 1596 988 etsi
1627 949 1732 988 non
1760 935 1974 988 oll'eras.

1440 450 1838 510 ENARRATIO
1876 449 1943 508 IN
1981 448 2305 508 PSALMUM
2341 449 2572 507 CXL-IX.
3525 464 3660 522 193.1

2091 562 2292 619 fuerint
2317 566 2556 634 extenti,
2589 573 2732 621 tanto
2759 568 2963 624 acutius
3001 581 3210 627 sonant.
3255 573 3325 630 Ut
3352 592 3480 648 ergo
3509 593 3662 638 acute

2085 664 2301 710 sonaret
2330 656 2476 710 Pauli
2519 660 2746 728 apostoli
2788 661 3130 730 psalterium,
3162 667 3288 736 quid
3336 669 3506 726 dixit?
3537 673 3663 739 Qua:

2083 755 2219 801 retro
2246 747 2427 802 oblitus
2449 789 2463 814 ,
2504 750 2558 802 in
2586 767 2644 804 ea
2671 767 2784 820 qua:
2810 761 2926 808 ante
2948 765 3067 808 sunt
3090 765 3316 821 extentus
3335 802 3351 829 ,
3380 779 3562 832 sequor
3593 768 3664 821 ad

2084 839 2307 908 palmam
2334 855 2567 908 superna:
2590 843 2866 897 vocationis
2894 843 3152 917 (Philipp.
3180 865 3256 915 ιιι,
3281 851 3370 917 l3,
3403 853 3512 923 14).
3546 855 3657 911 Ex-

2085 927 2252 982 tendit
2281 943 2340 983 se
2367 929 2510 998 ipse;
2538 931 2704 1001 tetigit
2723 932 2988 1001 Christus,
3012 945 3065 991 et
3085 939 3294 993 sonavit
3317 940 3546 1000 dulcedo
3570 960 3661 1000 ve-

355 1025 527 1081 Oﬂ'er
561 1043 694 1097 ergo
720 1025 798 1080 illi
828 1025 1082 1080 mundum
1113 1023 1456 1079 sacriﬁcium.
1486 1024 1589 1080 Sed
1622 1033 1869 1094 peccator
1894 1041 1974 1089 es,

358 1119 589 1188 impius
615 1134 694 1186 es,
727 1119 820 1173 sed
848 1118 1174 1188 inquinatam
1196 1117 1576 1173 conscientiam
1605 1117 1788 1172 habes.
1815 1117 1975 1172 Pote-

359 1213 445 1266 ris
484 1211 637 1267 forte
671 1211 868 1282 aliquid
909 1211 1166 1266 mundum
1206 1211 1434 1274 oll'erre,
1461 1218 1745 1280 purgatus;
1789 1209 1884 1264 sed
1920 1217 1977 1263 ut

362 1303 660 1374 purgeris,
684 1302 882 1373 aliquid
911 1317 1006 1374 pro
1029 1312 1080 1356 te
1105 1301 1431 1357 oll‘erendum
1457 1309 1554 1356 est.
1575 1300 1712 1368 Quid
1733 1315 1859 1370 ergo
1881 1315 1976 1370 pro

364 1403 421 1450 te
449 1395 750 1448 oblaturus
777 1409 857 1459 es,
890 1402 946 1448 ut
972 1392 1282 1448 munderis?
1309 1391 1367 1448 Si
1396 1391 1680 1446 mundatus
1709 1407 1788 1458 es,
1819 1400 1975 1460 pote-

366 1487 450 1542 ris
483 1489 693 1542 offerre
718 1485 860 1556 quod
892 1486 1145 1540 mundum
1173 1494 1272 1540 est.
1320 1484 1520 1540 Oll‘erat
1567 1499 1694 1554 ergo
1737 1484 1972 1554 scipsum

365 1580 628 1633 mundus
649 1577 918 1643 sacerdos,
940 1584 993 1632 et
1018 1576 1256 1630 mundet.
1282 1575 1394 1630 Hoc
1417 1575 1658 1644 estquod
1681 1575 1804 1630 fecit
1825 1575 1976 1629 Chri-

366 1680 519 1726 stus.
573 1670 714 1725 Nihil
744 1669 1000 1724 mundum
1029 1669 1230 1722 invenit
1256 1668 1307 1722 in
1337 1667 1640 1722 hominibus
1662 1709 1676 1732 ,
1709 1665 1853 1736 quod
1889 1666 1974 1720 ol-

367 1762 561 1818 férret
587 1776 681 1832 pro
703 1760 1037 1824 hominibus;
1071 1759 1304 1828 seipsum
1335 1757 1524 1811 obtulit
1551 1757 1801 1810 mundam
1822 1756 1976 1811 victi-

366 1869 530 1906 mam
566 1854 604 1905 ³.
637 1851 784 1906 Felix
813 1851 1022 1905 victima
1042 1892 1055 1914 ,
1086 1865 1211 1905 vera
1241 1849 1448 1902 victima
1470 1889 1485 1913 ,
1513 1847 1682 1902 hostia
1713 1847 1972 1901 immacu-

367 1943 521 1997 lata!
553 1941 670 1996 Non
697 1956 824 2012 ergo
845 1941 946 1996 hoc
967 1941 1156 1995 obtulit
1177 1939 1318 2010 quod
1345 1955 1442 1994 nos
1469 1938 1542 1992 illi
1570 1938 1844 1993 dedimus:
1866 1938 1973 1991 imo

369 2033 486 2089 hoc
523 2033 721 2088 obtulit
744 2031 884 2103 quod
914 2047 942 2085 a
969 2032 1120 2086 nobis
1145 2031 1366 2099 accepit,
1397 2040 1451 2085 et
1473 2029 1728 2084 mundum
1757 2028 1968 2084 obtulit.

368 2123 622 2180 Carnem
649 2125 788 2179 enim
815 2139 844 2178 a
869 2123 1023 2178 nobis
1044 2123 1268 2192 accepit,
1299 2122 1434 2176 hanc
1457 2121 1665 2176 obtulit.
1698 2121 1803 2176 Sed
1830 2121 1971 2175 unde

371 2215 535 2269 illam
573 2214 812 2285 accepit?
849 2215 921 2269 De
957 2223 1105 2268 utero
1131 2214 1348 2283 virginis
1388 2213 1565 2268 Maria:
1589 2255 1603 2278 ,
1634 2222 1692 2268 ut
1716 2213 1969 2268 mundam

371 2306 610 2361 oﬂ‘erret
637 2322 730 2376 pro
756 2307 1060 2361 immundis.
1108 2306 1224 2377 Ipse
1257 2307 1366 2361 Rex
1390 2348 1406 2373 ,
1437 2307 1549 2376 ipse
1578 2305 1871 2374 Sacerdos;
1916 2308 1970 2362 in

369 2412 444 2452 eo
473 2398 744 2454 laetemur.

450 2491 512 2545 7.
550 2489 697 2561 [vers.
728 2488 806 2562 3.]
840 2489 1071 2544 Laudent
1110 2507 1291 2545 nomen
1319 2492 1428 2562 ejus
1453 2493 1505 2544 in
1532 2491 1706 2546 choro.
1740 2492 1807 2547 Et
1835 2492 1968 2548 cho-

371 2594 477 2634 rus
503 2580 634 2650 quid
661 2580 963 2650 signiﬁcat?
990 2581 1132 2635 Multi
1175 2591 1440 2636 noverunt
1480 2581 1732 2647 chorum;
1765 2592 1820 2638 et
1847 2584 1968 2652 quia

376 2669 437 2724 in
461 2669 681 2725 civitate
704 2670 991 2740 loquimur,
1023 2687 1188 2741 prope
1214 2687 1400 2727 omnes
1426 2684 1636 2727 norunt.
1659 2671 1866 2747 Chorus
1887 2684 1970 2729 est

374 2762 676 2818 consensio
704 2762 1049 2817 cantantium.
1078 2762 1132 2818 Si
1156 2763 1206 2816 in
1232 2763 1399 2818 choro
1426 2773 1722 2831 cantamus,
1747 2781 1969 2820 concor-

379 2851 533 2907 diter
549 2861 839 2907 cantemus.
862 2851 916 2906 ln
934 2852 1101 2906 choro
1119 2854 1440 2908 cantantium
1457 2855 1694 2925 quisquis
1710 2870 1837 2911 voce
1853 2855 1968 2911 dis-

377 2943 678 3014 crepuerit,
706 2942 925 2998 oll'endit
953 2943 1188 2998 auditum
1212 2983 1226 3007 ,
1252 2955 1305 2998 et
1331 2945 1604 3014 perturbat
1630 2945 1872 3001 chorum.
1910 2947 1965 3003 Si

382 3051 492 3090 vox
545 3035 982 3090 inconvenienter
1021 3036 1285 3090 cantantis
1331 3036 1595 3091 disturbat
1645 3047 1962 3094 concentum

377 3125 749 3192 cantantium,
798 3125 1064 3196 quomodo
1115 3125 1377 3181 disturbat
1419 3127 1638 3182 haeresis
1688 3127 1969 3184 dissonans

379 3227 706 3273 concentum
762 3217 1131 3272 laudantium?
1176 3217 1396 3273 Chorus'
1425 3219 1621 3275 Christi
1661 3221 1772 3290 jam
1829 3231 1969 3277 totus

382 3307 620 3363 mundus
646 3317 745 3364 est.
778 3309 987 3364 Chorus
1015 3309 1212 3364 Christi
1240 3310 1307 3365 ab
1328 3311 1533 3366 oriente
1562 3313 1612 3366 in
1633 3313 1964 3368 occidentem

379 3409 650 3454 consonat
679 3401 721 3452 ¹.
763 3399 1051 3454 Videamus
1092 3401 1134 3454 si
1181 3409 1382 3455 tantum
1426 3402 1729 3458 extenditur
1772 3403 1967 3461 chorus

381 3490 607 3544 Christi.
643 3491 779 3545 Dicit
808 3491 1041 3560 psalmus
1070 3491 1204 3545 alius
1229 3510 1242 3547 :
1263 3494 1304 3545 Α
1331 3492 1453 3547 solis
1478 3506 1589 3548 ortu
1615 3511 1770 3566 usque
1797 3496 1864 3549 ad
1885 3513 1968 3550 oc-

382 3596 564 3634 casum
591 3580 796 3634 laudate
826 3596 1004 3633 nomen
1033 3579 1242 3636 Domini
1274 3581 1443 3653 (Psal.
1468 3599 1598 3650 cxu,
1625 3586 1703 3656 ὅ).
1736 3584 1968 3640 Laudent

382 3687 572 3725 nomen
597 3671 705 3741 ejus
734 3671 785 3724 in
809 3671 981 3725 choro.

460 3761 518 3816 8.
559 3760 625 3814 In
652 3771 892 3832 tympano
914 3771 958 3816 et
994 3764 1229 3834 psalterio
1266 3764 1489 3835 psallunt
1512 3767 1574 3821 ei.
1609 3763 1782 3834 Quare
1812 3783 1965 3824 assu-

387 3852 492 3906 mit
523 3860 827 3922 tympanum
859 3861 912 3907 et
942 3853 1282 3922 psalterium?
1333 3854 1398 3908 Ut
1432 3871 1537 3908 non
1573 3857 1685 3910 sola
1721 3873 1821 3911 vox
1852 3859 1965 3912 lau-

385 3941 516 4006 det,
551 3941 645 3995 sed
685 3952 738 3996 et
767 3957 947 4013 opera.
993 3942 1214 4009 Quando
1244 3944 1528 3999 assumitur
1567 3953 1874 4016 tympanum
1914 3959 1969 4003 et

387 4034 722 4104 psalterium.
754 4050 941 4089 manus
969 4035 1252 4090 concinunt
1281 4037 1418 4090 voci.
1450 4035 1536 4092 Sic
1561 4045 1614 4092 et
1636 4046 1708 4102 tu,
1736 4038 1779 4092 si
1801 4053 1969 4108 quan-

383 4123 458 4177 do
490 4124 714 4178 Alleluia
743 4135 948 4190 cantas,
980 4126 1220 4194 porrigas
1247 4135 1301 4180 et
1329 4142 1515 4196 panem
1547 4129 1799 4183 esurienti
1822 4171 1836 4195 ,
1869 4146 1962 4185 ve-

386 4216 521 4270 stias
551 4215 772 4281 nudum,
803 4216 1060 4286 suscipias
1085 4219 1452 4287 peregrinum;
1486 4235 1589 4273 non
1618 4221 1726 4274 sola
1757 4235 1855 4274 vox
1881 4237 1967 4275 so-

387 4314 518 4372 nat,
543 4306 636 4360 sed
677 4315 729 4360 et
772 4322 961 4362 manus
989 4318 1280 4375 consonat,
1320 4311 1440 4379 quia
1470 4310 1644 4364 verbis
1677 4310 1810 4364 facta
1835 4327 1965 4366 con-

387 4395 634 4450 cordant.
668 4398 1014 4467 Assumpsisti
1045 4413 1337 4468 organum,
1371 4409 1424 4454 ct
1453 4403 1790 4457 consentiunt
1819 4403 1966 4474 digiti

388 4487 604 4556 lingute.
631 4488 698 4541 Et
725 4489 893 4558 ipsum
919 4492 1227 4560 mysterium
1257 4495 1492 4562 tympani
1524 4504 1573 4548 ct
1607 4495 1837 4562 psalterii
1862 4513 1964 4550 non

389 4589 474 4633 est
497 4580 795 4634 tacendum.
827 4581 880 4634 lu
910 4593 1158 4653 tympano
1183 4585 1385 4639 corium
1412 4586 1735 4654 extenditur,
1759 4588 1809 4642 in
1835 4591 1967 4658 psal-

392 4673 526 4727 terio
570 4672 788 4728 chorda:
833 4676 1228 4730 extenduntur:
1257 4676 1308 4729 in
1342 4687 1568 4747 utroque
1599 4694 1798 4749 organo
1841 4697 1966 4737 caro

389 4763 734 4833 crucifigitur.
764 4765 932 4832 Quam
962 4767 1093 4820 bene
1122 4765 1381 4835 psallebat
1404 4768 1452 4820 in
1479 4777 1730 4838 tympano
1752 4781 1801 4824 et
1826 4773 1966 4840 psal-

391 4851 550 4914 terio,
573 4854 661 4922 qui
688 4853 894 4908 dicebat
921 4871 933 4906 :
970 4853 1098 4907 Milli
1125 4855 1344 4909 mundus
1370 4858 1641 4925 cruciﬁxus
1667 4870 1773 4924 est,
1803 4870 1847 4912 et
1877 4878 1966 4932 ego

391 4943 583 4998 mundo
611 4943 805 5013 (Galat.
825 4963 898 5010 vr,
925 4947 1060 5018 ll)!
1097 4948 1270 5016 Ipsum
1302 4949 1630 5018 psalterium,
1656 4953 1802 5006 velut
1833 4961 1966 5023 t}m-

391 5049 586 5106 panum
615 5037 634 5068 ³
665 5037 852 5094 tollere
887 5048 937 5094 te
959 5040 1065 5093 vult
1086 5082 1098 5098 .
1123 5041 1210 5108 qui
1255 5049 1400 5094 amat
1433 5042 1695 5097 canticum
1731 5059 1922 5097 novum
1948 5087 1962 5109 ,

391 5131 480 5198 qui
514 5139 563 5184 te
592 5129 747 5186 docet
776 5131 987 5201 quando
1019 5133 1109 5186 tibi
1140 5132 1266 5187 dicit
1293 5151 1302 5185 :
1331 5132 1431 5197 Qui
1455 5134 1559 5188 vult
1586 5151 1690 5187 esse
1715 5151 1850 5188 meus
1875 5136 1962 5190 di-

390 5220 635 5290 scipulus,
663 5221 869 5293 abneget
896 5223 1234 5289 semetipsum,
1265 5233 1310 5276 et
1336 5225 1477 5277 tollat
1504 5241 1701 5277 crucem
1727 5243 1891 5292 suam,
1919 5238 1966 5280 et

390 5321 625 5382 sequatur
651 5329 730 5368 me
755 5313 965 5385 (Matth.
989 5329 1099 5379 xvr,
1126 5313 1238 5384 25).
1261 5314 1375 5368 Non
1399 5315 1627 5369 dimittat
1653 5317 1962 5385 psalterium

390 5415 566 5465 suum,
600 5419 703 5457 non
734 5401 964 5459 dimittat
989 5412 1295 5475 tympanum
1322 5424 1334 5460 :
1358 5406 1673 5460 extendatur
1705 5408 1756 5460 in
1787 5409 1927 5478 ligno
1949 5452 1962 5472 ,

391 5499 444 5545 et
471 5489 702 5548 siccetur
726 5508 756 5547 a
782 5496 1208 5564 concupiscentia
1231 5496 1425 5549 carnis.
1452 5495 1606 5550 Nervi
1629 5508 1824 5568 quanto
1847 5499 1964 5568 plus

454 5647 581 5720 {Hic
612 5650 662 5698 in
683 5649 797 5720 Edd,
829 5653 1016 5702 additur
1037 5690 1051 5712 ,
1072 5653 1290 5720 (hostiam
1324 5654 1710 5720 inuuacztlatam:
1742 5665 1792 5707 et
1814 5656 1958 5716 infra,

392 5715 518 5780 post,
557 5722 668 5780 vera
688 5715 895 5780 pictima,
919 5717 1181 5780 reperitur,
1205 5717 1386 5766 munda
1427 5717 1648 5778 victima;
1672 5733 1782 5780 qua:
1816 5715 1962 5770 verba

391 5775 499 5820 Mss.
522 5774 806 5822 auctoritate
829 5774 1126 5824 sustnlnuus.

455 5831 478 5893 ξ
511 5830 699 5893 Aliquot
721 5841 846 5892 Mss,
871 5841 916 5884 et
938 5834 1178 5887 occidente
1201 5846 1438 5888 consonat.

456 5891 478 5924 ³
500 5891 631 5956 Iovi,
656 5893 727 5944 rel
751 5891 1043 5958 tumpnnzm.
1067 5899 1465 5951 dissentientibus
1479 5903 1669 5953 czctcris
1691 5901 1843 5953 libris.

2082 1016 2276 1072 ritatis.
2308 1017 2376 1072 In
2401 1028 2639 1089 tympano
2665 1030 2712 1075 et
2742 1024 2979 1093 psalterio
3008 1027 3228 1095 psallunt
3256 1031 3320 1084 ei.

2153 1109 2207 1164 9.
2251 1108 2410 1182 [vers.
2439 1110 2521 1184 4.]
2571 1112 2820 1179 Quoniam
2844 1115 3084 1186 benefecit
3107 1118 3358 1177 Dominus
3384 1124 3437 1178 in
3466 1134 3658 1197 populo

2079 1215 2200 1288 suo.
2239 1200 2375 1268 Quid
2418 1210 2522 1256 tam
2568 1203 2900 1273 beneﬁcum,
2929 1223 3086 1276 quam
3131 1212 3268 1266 mori
3308 1229 3402 1283 pro
3441 1216 3656 1288 impiis?

2079 1287 2205 1357 quid
2225 1297 2328 1342 tam
2349 1288 2670 1359 beneficum,
2698 1309 2858 1363 quam
2884 1298 3140 1367 sanguine
3163 1299 3310 1370 justo
3340 1304 3516 1361 delere
3541 1307 3657 1364 chi-

2079 1378 2399 1447 rographum
2445 1384 2774 1450 peccatoris?
2802 1385 2929 1454 quid
2970 1395 3074 1441 tam
3119 1389 3450 1460 beneﬁcum,
3496 1412 3653 1467 quam

2079 1467 2258 1522 dicere
2284 1485 2296 1522 ;
2321 1469 2433 1525 Non
2465 1470 2531 1525 ad
2556 1487 2642 1526 me
2670 1475 2895 1541 pertinet
2922 1477 3062 1546 quod
3092 1479 3293 1546 lui5tis;
3322 1494 3491 1540 estote
3517 1488 3655 1556 quod
3742 1535 3744 1540 .

2078 1571 2183 1610 nou
2213 1557 2420 1613 fuistis?
2443 1557 2698 1630 Benefecit
2726 1561 2976 1619 Dominus
3010 1567 3062 1620 in
3104 1571 3292 1639 papula
3318 1589 3440 1640 suo,
3473 1575 3655 1632 dimit-

2079 1646 2240 1700 tendo
2271 1657 2508 1718 peccata,
2542 1653 2901 1720 promittendo
2930 1656 3090 1710 vitam
3119 1667 3392 1716 aeternam.
3433 1664 3656 1722 Benefa-

2077 1737 2150 1791 cit
2177 1752 2420 1794 aversum
2449 1753 2779 1810 convertere,
2805 1757 3122 1815 pugnantem
3141 1751 3415 1820 adjuvare,
3439 1759 3655 1815 vincen-

2078 1836 2182 1883 tem
2213 1845 2469 1888 coronare
2502 1851 2514 1886 :
2543 1833 2798 1904 Benefecit
2841 1837 3090 1893 Dominus
3129 1842 3182 1895 in
3220 1847 3407 1913 populo
3436 1865 3544 1904 suo.
3589 1851 3658 1906 Et

2078 1919 2355 1973 exaltabit‘
2383 1935 2670 1978 mansuetos
2710 1925 2763 1979 in
2800 1929 2963 1982 salute
2987 1931 3027 1982 ³.
3063 1930 3374 1990 Exaltantur
3417 1939 3558 1994 etaim
3603 1951 3658 1997 et

2077 2011 2289 2078 superbi
2315 2052 2329 2076 ,
2374 2012 2467 2066 sed
2499 2029 2602 2067 non
2636 2015 2686 2068 in
2716 2016 2905 2072 salute.
2937 2019 3192 2076 Mansueti
3241 2023 3290 2078 in
3333 2027 3537 2098 salute,
3563 2045 3654 2085 su-

2077 2102 2227 2170 perbi
2269 2103 2320 2157 iu
2353 2112 2524 2159 morte
2554 2123 2566 2159 :
2596 2106 2647 2160 id
2677 2115 2792 2173 est,
2824 2111 3037 2178 superbi
3069 2112 3168 2182 ipsi
3200 2130 3260 2171 se
3290 2120 3523 2176 exaltant
3543 2165 3558 2188 ,
3601 2134 3657 2180 et

2079 2195 2335 2252 Dominus
2356 2212 2449 2252 eos
2471 2198 2742 2266 lmmiliat;
2774 2204 3035 2259 mansueti
3061 2215 3238 2262 autem
3269 2211 3367 2280 ipsi
3394 2227 3452 2268 se
3481 2215 3652 2271 humi-

2073 2287 2238 2354 liant,
2267 2298 2320 2344 ct
2371 2291 2509 2347 Deus
2549 2307 2641 2347 eos
2668 2295 2881 2349 exaltat.
2925 2295 2994 2351 Et
3023 2300 3261 2355 exaltabit
3294 2318 3578 2364 mansuetos
3602 2311 3655 2365 in

2073 2378 2254 2433 salute.

2137 2470 2232 2547 .10.
2259 2469 2406 2542 [vers.
2431 2473 2484 2536 5,
2509 2472 2586 2546 6.]
2617 2473 2954 2531 Exsultabunt
2974 2480 3135 2534 sancti
3157 2481 3209 2536 in
3230 2484 3416 2553 gloria.
3440 2488 3651 2560 Aliquid

2073 2561 2195 2615 volo
2230 2561 2439 2629 dicere;
2485 2565 2666 2621 audite
2704 2569 2958 2624 attentius
3001 2570 3069 2628 de
3109 2573 3277 2642 gloria
3325 2590 3649 2640 sanctorum.

2072 2652 2238 2727 Nemo
2257 2665 2340 2711 est
2363 2657 2504 2712 enim
2527 2660 2616 2728 qui
2646 2675 2753 2716 non
2779 2671 2920 2716 amet
2937 2664 3182 2734 gloriam.
3207 2667 3311 2724 Sed
3334 2671 3498 2741 gloria
3518 2679 3654 2732 stul-

2072 2753 2244 2800 torum
2265 2789 2279 2813 ,
2308 2750 2580 2819 p0pularis
2621 2751 2709 2806 illa
2754 2769 2872 2823 qua:
2899 2753 3110 2824 dicitur,
3142 2758 3302 2815 habet
3343 2762 3650 2824 illecebram

2070 2836 2400 2908 deceptionis
2420 2882 2433 2908 ,
2457 2851 2516 2896 ut
2557 2841 2624 2897 ad
2666 2843 2851 2899 laudes
2877 2860 3132 2902 vanorum
3161 2849 3437 2910 hominum
3461 2856 3481 2887 ³
3509 2860 3656 2928 quis.

2071 2943 2174 2997 que
2197 2941 2514 2999 commotus,
2538 2933 2667 2987 velit
2691 2934 2768 2990 sic
2798 2936 2995 3002 vivere,
3024 2947 3081 2992 ut
3113 2941 3432 3008 pra-dicetur
3454 2947 3523 3002 ab
3549 2948 3652 3004 ho-

2072 3019 2301 3075 minibus
2321 3022 2760 3095 quibuscumque,
2785 3027 3305 3102 quomodocumque.
3334 3035 3468 3092 Hinc
3491 3039 3654 3106 homi-

2071 3126 2168 3166 nes
2194 3113 2362 3168 insani
2392 3113 2587 3180 ell‘ecti,
2615 3125 2670 3171 et
2697 3117 2862 3172 inﬂati
2894 3119 3080 3190 typho,
3115 3122 3299 3179 inanes
3331 3125 3493 3197 intus,
3521 3130 3652 3189 l'oris

2072 3201 2288 3269 tumidi,
2317 3203 2474 3258 etiam
2497 3221 2584 3260 res
2606 3221 2730 3261 suas
2755 3209 2979 3276 perdere
3008 3212 3226 3278 volunt,
3251 3215 3500 3275 donando
3527 3236 3649 3278 sce-

2071 3291 2225 3354 nicis,
2257 3291 2600 3349 histrionibus
2620 3337 2634 3359 ,
2662 3299 2998 3354 venatoribus
3018 3342 3030 3364 ,
3059 3302 3275 3373 aurigis.
3307 3305 3514 3374 Quanta
3543 3311 3643 3366 do-

2071 3383 2232 3435 nanti
2266 3392 2460 3453 quanta
2511 3385 2852 3455 impendunt!
2903 3389 3194 3448 Eliunduut
3225 3395 3366 3452 vires
3387 3439 3400 3460 ,
3423 3414 3530 3455 non
3557 3415 3650 3471 pa-

2072 3471 2306 3526 trimonii
2336 3479 2539 3526 tantum
2562 3516 2576 3541 ,
2607 3473 2701 3529 sed
2728 3477 2885 3531 etiam
2911 3481 3071 3534 animi
3100 3483 3201 3536 sui.
3252 3485 3341 3541 Isti
3375 3479 3649 3547 fastidiunt

2071 3580 2379 3636 pauperem,
2412 3565 2533 3636 quia
2563 3582 2665 3621 non
2695 3567 2892 3624 clamat
2921 3574 3164 3642 populus,
3201 3586 3254 3630 ut
3279 3592 3479 3650 pauper
3507 3584 3651 3638 acci-

2072 3655 2210 3726 piat;
2241 3657 2438 3712 clamat
2462 3665 2640 3712 autem
2673 3660 2931 3728 populus,
2961 3673 3016 3716 ut
3045 3673 3266 3720 venator
3291 3670 3534 3739 accipiat.
3570 3673 3650 3729 Illi

2072 3760 2201 3815 ergo
2227 3746 2314 3801 ubi
2343 3747 2423 3802 eis
2453 3763 2555 3801 non
2585 3748 2863 3815 clamatur,
2901 3751 3088 3806 nolunt
3127 3769 3346 3824 erogare
3372 3774 3387 3810 :
3412 3761 3499 3814 ubi
3539 3763 3649 3818 cla-

2072 3843 2246 3888 matur
2280 3835 2348 3890 ab
2387 3835 2620 3901 insanis,
2651 3837 2951 3905 insaniunt;
2984 3849 3037 3896 et
3065 3842 3195 3898 liunt
3224 3861 3409 3904 omnes
3439 3850 3646 3922 insani,

2069 3935 2124 3980 et
2146 3926 2232 3996 qui
2258 3935 2544 3996 spectatur,
2569 3936 2622 3982 et
2645 3930 2732 3997 qui
2756 3939 2991 3999 spectat,
3014 3942 3068 3988 et
3102 3937 3191 4005 qui
3232 3937 3411 3994 donat.
3458 3943 3645 4002 lnsana

2072 4016 2172 4070 ista
2200 4017 2368 4088 gloria
2396 4017 2806 4087 reprehenditur
2828 4037 2858 4076 a
2890 4023 3131 4090 Domino,
3166 4027 3495 4098 improbatur
3521 4047 3647 4092 ante

2070 4107 2253 4162 oculos
2283 4107 2692 4178 Omnipotentis.
2723 4109 2789 4165 Et
2821 4121 3018 4179 tamen,
3039 4114 3226 4172 fratres
3255 4121 3377 4186 mei,
3405 4122 3648 4182 Christus

2071 4200 2149 4254 sic
2174 4200 2497 4270 imprOperat
2523 4201 2654 4267 suis,
2686 4210 2740 4257 et
2763 4202 2889 4258 dicit
2913 4221 2924 4256 :
2951 4204 3067 4260 Non
3098 4223 3126 4260 a
3155 4210 3303 4264 vobis
3332 4216 3507 4284 accepi
3541 4226 3648 4273 tau-

2072 4300 2201 4353 tum,
2230 4302 2485 4360 quantum
2515 4303 2835 4362 acceperunt
2856 4306 3161 4366 venatores;
3191 4313 3242 4358 et
3274 4304 3376 4361 illis
3405 4317 3461 4362 ut
3485 4308 3650 4367 dona-

2070 4383 2221 4447 retis,
2247 4381 2312 4436 de
2334 4397 2456 4438 meo
2478 4383 2715 4439 donastis
2741 4404 2752 4440 :
2778 4401 2874 4456 ego
2895 4397 3071 4443 autem
3094 4394 3258 4449 nudus
3285 4412 3442 4465 eram,
3473 4412 3518 4455 et
3549 4419 3650 4459 non

2071 4475 2282 4544 vestistis
2311 4491 2406 4528 me.
2435 4476 2500 4529 Et
2531 4476 2603 4530 illi
2632 4494 2644 4529 :
2670 4476 2736 4530 Et
2780 4481 2980 4548 quando
3022 4493 3070 4537 te
3106 4486 3320 4543 vidinms
3355 4493 3569 4560 nudum,
3604 4505 3650 4550 et

2071 4585 2171 4622 non
2201 4568 2482 4623 vestivimus
2511 4569 2594 4622 te?
2623 4569 2692 4624 Et
2723 4571 2808 4626 ille
2835 4590 2847 4624 :
2871 4572 2996 4627 Cum
3040 4577 3129 4629 uni
3168 4597 3231 4634 ea:
3269 4583 3486 4639 minimis
3527 4589 3648 4642 meis

2071 4676 2171 4712 non
2196 4659 2403 4728 fecistis,
2432 4677 2519 4714 nec
2545 4661 2666 4713 mihi
2692 4664 2881 4732 fecistis
2914 4664 3122 4733 (Matth.
3154 4685 3280 4734 xxv,
3305 4673 3509 4744 45-45).
3541 4678 3644 4734 Sed

2071 4765 2190 4804 eum
2219 4750 2298 4805 vis
2323 4753 2517 4806 vestire
2537 4794 2551 4818 ,
2580 4753 2666 4821 qui
2696 4754 2786 4806 tibi
2816 4754 2990 4822 placet
3021 4775 3033 4810 :
3065 4757 3115 4812 in
3147 4775 3252 4829 quo
3280 4763 3370 4817 tibi
3401 4766 3646 4827 Chrisms

2071 4839 2348 4910 displicet?
2378 4840 2580 4896 Vestire
2607 4842 2683 4894 vis
2711 4852 3034 4910 venatorem,
3067 4863 3172 4916 quo
3199 4849 3336 4906 forte
3362 4855 3501 4911 victo
3523 4875 3645 4915 eru-

2073 4932 2256 4987 bescas
2281 4951 2294 4987 :
2323 4933 2567 4987 Christus
2599 4949 2864 5004 nunquam
2896 4937 3152 5004 vincitur;
3184 4953 3238 4997 et
3261 4944 3533 5006 diabolum
3563 4955 3646 5009 vi.

2072 5025 2172 5092 cit,
2202 5034 2254 5079 et
2283 5040 2376 5092 pro
2409 5035 2458 5078 te
2487 5024 2648 5091 vicit,
2677 5035 2730 5080 et
2756 5026 2849 5080 tibi
2884 5027 3026 5095 vicit,
3051 5042 3104 5085 et
3131 5033 3184 5088 in
3215 5044 3264 5090 te
3286 5038 3429 5094 vicit.
3461 5042 3643 5102 Talem

2073 5117 2323 5170 victorem
2353 5115 2543 5170 vestire
2574 5131 2679 5170 non
2710 5117 2808 5171 vis.
2840 5119 3049 5184 Quare?
3079 5123 3210 5191 Quia
3239 5128 3414 5186 minus
3442 5135 3642 5193 clama-

2072 5215 2176 5272 tur,
2205 5207 2325 5274 quia
2356 5207 2528 5260 miuus
2555 5207 2831 5262 insanitur.
2868 5210 3152 5280 Propterea
3186 5217 3269 5272 isti
3295 5223 3382 5290 qui
3413 5225 3500 5280 tali
3526 5227 3641 5297 glo-

2072 5297 2146 5348 ria
2172 5295 2516 5361 delectantur,
2551 5296 2600 5348 iu
2627 5298 2950 5354 conscientia
2981 5315 3073 5355 sua
3103 5305 3230 5360 nihil
3261 5309 3474 5366 habent.
3498 5295 3645 5384 Quo-

2073 5385 2231 5441 modo
2285 5385 2602 5441 exhauriunt
2654 5403 2845 5454 arcas,
2897 5400 2950 5445 ut
2999 5405 3173 5450 vestes
3221 5401 3430 5459 mittant
3469 5405 3518 5472 ⁶;
3567 5411 3644 5466 sic

2137 5478 2150 5507 ¹
2176 5483 2304 5534 Mss,
2326 5474 2568 5526 exultavit.

2136 5539 2268 5646 ὖτῗξῖι
2297 5545 2400 5585 Mss.
2443 5537 2579 5599 juxta
2619 5543 2745 5587 LXX.
2781 5547 2835 5590 At
2876 5541 3004 5605 Edd.,
3030 5543 3293 5600 insalutem
3323 5565 3341 5602 :
3367 5562 3416 5605 et
3439 5556 3644 5620 infra,in

2069 5611 2284 5648 mortem.

2137 5662 2156 5692 ³
2178 5661 2250 5708 sic
2282 5665 2385 5733 Mss.
2410 5667 2465 5729 At
2486 5666 2604 5720 Am.,
2622 5659 2974 5733 delectationis,
3014 5673 3065 5733 ut
3107 5668 3173 5718 ad
3205 5671 3410 5733 (laudem
3443 5692 3580 5729 suam
3599 5690 3645 5733 et

2070 5720 2294 5797 (tenorem
2313 5719 2594 5797 illuminant.
2622 5729 2711 5779 Er.,
2735 5719 3057 5797 delectationis
3090 5738 3136 5781 et
3178 5719 3642 5797 decéﬁz'ibiaifi'i'aii

2070 5783 2259 5853 ¹<¹υί¹ντη
2283 5795 2421 5831 δηίίή
2443 5790 2486 5853 ει
2503 5784 2727 5853 ίιοηοτεεηι
2750 5798 2975 5853 vannum
2997 5789 3254 5853 nmmum.
3275 5783 3645 5853 έίίξιίιῐέᾱίῑ

2071 5846 2268 5918 tio_t._ov.
2297 5851 2505 5918 excepto
2523 5845 2767 5918 quodnon
2793 5847 2938 5907 addit,
2962 5856 3006 5898 et
3025 5852 3331 5918 deceptionis.

2133 5913 2154 5938 δ
2179 5916 2278 5955 Am.
2302 5913 2353 5954 et
2376 5912 2468 5969 Er.,
2493 5912 2685 5956 mutent.
2711 5913 2840 5970 t.ov.,
2865 5919 3058 5962 nueant.
3083 5912 3381 5979 castigantur
3402 5921 3462 5972 ad
3481 5930 3587 5975 llas.
