4084 6442
510 461 647 519 1955

508 578 818 638 exiuaniunt
849 573 1016 644 ipsam
1047 567 1427 626 conscientiam
1451 609 1464 634 ,
1488 575 1542 622 ut
1576 566 1705 621 nihil
1746 567 1816 622 ibi
1858 566 2089 622 habeant

504 671 818 742 pretiosum.

576 765 663 818 11.
694 759 872 817 Sancti
901 765 1075 814 autem
1113 755 1202 826 qui
1231 753 1501 810 exsultant
1525 753 1578 807 in
1606 753 1795 824 gloria,
1821 755 2088 824 quomodo

505 854 790 918 exsultent,
824 866 932 906 non
957 865 1091 920 opus
1116 857 1199 904 est
1226 857 1284 902 ut
1308 864 1407 902 nos
1431 846 1706 912 dicamus;
1741 847 1906 917 ipsius
1944 845 2088 900 Psal-

501 947 573 1001 mi
619 944 796 1001 audite
836 949 1151 1012 sequentum
1189 954 1402 995 versum
1430 957 1443 992 :
1475 936 1819 992 Exsultabunt
1849 938 2009 990 sancti
2037 937 2091 990 in

499 1037 667 1111 gloria
694 1036 1036 1092 .‘lwtabunlur
1061 1034 1112 1087 in
1139 1033 1385 1087 cubilibus
1408 1032 1534 1086 suis.
1579 1030 1695 1085 Non
1737 1031 1788 1086 in
1831 1031 2086 1096 theatris,

499 1151 606 1190 non
640 1134 692 1187 in
719 1129 1160 1202 amphitheatris,
1193 1142 1300 1182 non
1347 1127 1397 1180 in
1445 1125 1634 1188 circis,
1679 1139 1786 1178 non
1815 1124 1867 1178 in
1896 1123 2050 1193 nugis
2071 1164 2085 1186 ,

436 1225 440 1234 “
496 1241 605 1281 non
636 1226 689 1279 in
712 1224 870 1287 foris;
900 1221 1019 1286 sed,
1048 1220 1101 1272 in
1130 1218 1374 1272 cubilibus
1403 1219 1527 1270 suis.
1556 1216 1694 1284 Quid
1722 1223 1824 1280 est,
1857 1216 1910 1268 in
1941 1214 2082 1268 cubi-

494 1295 628 1373 libus
657 1315 796 1369 suis?
823 1314 879 1368 ln
917 1311 1170 1367 cordibus
1205 1310 1336 1365 suis.
1371 1308 1506 1362 Audi
1535 1308 1832 1378 apostolum
1860 1307 2085 1362 Paulum

491 1405 856 1461 exsultantem
887 1403 938 1456 in
962 1401 1122 1456 cubili
1151 1415 1247 1454 suo
1273 1417 1286 1453 :
1312 1397 1450 1453 Nam
1478 1399 1640 1468 gloria
1666 1407 1838 1451 nostra
1863 1398 1971 1451 Ita'c
1993 1407 2083 1462 est,

499 1497 838 1552 testimonium
857 1493 1174 1547 conscientice
1199 1500 1382 1545 nostra:
1407 1489 1478 1562 (Il
1502 1489 1618 1544 Cor.
1644 1505 1682 1554 ι,
1705 1488 1772 1543 19.
1789 1489 1828 1558 ).
1853 1488 2084 1543 Rursum

499 1591 792 1647 timendum
821 1597 903 1644 est
927 1603 994 1643 ne
1023 1587 1245 1657 quisque
1274 1583 1412 1653 apud
1441 1583 1676 1654 seipsum
1705 1581 1794 1635 fiat
1831 1581 1931 1636 sibi
1969 1581 2085 1650 pla-

497 1698 628 1739 cens
649 1724 663 1748 ,
695 1690 748 1736 et
773 1680 921 1750 quasi
953 1678 1212 1746 superbus
1234 1677 1300 1731 de
1321 1674 1647 1730 conscientia
1678 1688 1772 1727 sua
1802 1672 2079 1742 glorietur.

497 1774 665 1828 Debet
689 1772 827 1826 enim
853 1770 1075 1839 quisque
1102 1783 1220 1822 cum
1253 1776 1482 1820 tremore
1509 1763 1774 1819 exsultare
1807 1763 1978 1833 (Psal.
2007 1778 2079 1830 ιι,

500 1863 619 1936 11);
653 1863 776 1932 quia
803 1861 1002 1914 donum
1037 1859 1128 1911 Dei
1161 1865 1245 1911 est
1269 1855 1408 1910 unde
1430 1855 1678 1920 exsultat,
1704 1869 1811 1908 non
1834 1854 2080 1908 meritum

495 1970 673 2012 suum.
702 1951 911 2007 Etenim
937 1958 1060 2005 sunt
1087 1947 1236 2002 multi
1266 1947 1364 2001 sibi
1396 1946 1668 2016 placentes
1689 1987 1704 2012 ,
1744 1954 1798 2000 et
1821 1945 1995 2014 justos
2023 1959 2081 2000 se

495 2063 616 2104 esse
635 2045 986 2108 arbitrantes;
1011 2051 1063 2096 et
1089 2038 1324 2110 procedit
1349 2037 1602 2092 adversus
1626 2037 1743 2092 illos
1765 2038 1867 2091 alia
1893 2038 2078 2107 pagina

494 2139 677 2194 dicens
702 2155 714 2190 :
742 2136 866 2201 Quis
887 2133 1181 2205 gloriabitur
1205 2141 1400 2185 castum
1419 2147 1470 2184 se
1497 2130 1679 2183 habere
1702 2146 1787 2184 cor
1809 2147 1828 2194 ;
1852 2138 1939 2182 aut
1969 2130 2078 2200 quis

491 2229 792 2300 gloriabitur
830 2225 1071 2280 mundum
1105 2241 1158 2278 se
1190 2239 1297 2278 esse
1323 2239 1353 2276 a
1383 2230 1584 2290 peccato
1614 2218 1795 2290 (Prov.
1838 2236 1909 2274 xx
1931 2262 1944 2284 ,
1973 2218 2078 2290 9)?

493 2320 589 2376 Est
613 2334 740 2389 ergo
760 2317 975 2388 quidam
1001 2314 1193 2371 modus
1231 2315 1284 2369 in
1319 2311 1644 2369 conscientia
1681 2312 1980 2382 gloriandi,
2021 2320 2079 2367 ut

493 2411 706 2467 noveris
732 2409 888 2464 fidem
919 2419 1060 2463 tuam
1091 2423 1211 2462 esse
1239 2407 1523 2471 sinceram,
1552 2403 1764 2458 noveris
1786 2418 1904 2459 esse
1925 2418 2074 2473 spem

492 2513 635 2556 tuam
657 2509 880 2567 certam,
900 2499 1110 2555 noveris
1133 2498 1444 2553 charitatem
1470 2507 1610 2551 tuam
1633 2509 1752 2550 esse
1775 2496 1890 2550 sine
1911 2495 2077 2550 simu-

490 2594 709 2648 latione.
755 2591 863 2648 Sed
903 2591 1151 2664 quoniam
1186 2590 1349 2644 multa
1388 2598 1512 2643 sunt
1554 2587 1727 2644 adhuc
1775 2587 1915 2644 forte
1955 2604 2075 2659 quas

488 2696 712 2757 possunt
733 2685 1002 2740 offendere
1027 2683 1210 2739 oculos
1233 2682 1347 2748 Dei,
1368 2681 1520 2735 lauda
1551 2681 1715 2736 Deum
1738 2680 1827 2750 qui
1854 2680 1948 2735 tibi
1974 2682 2072 2736 ista

487 2780 734 2844 donavit;
767 2787 892 2833 tunc
922 2775 1159 2846 perficiet
1183 2773 1322 2844 quod
1351 2773 1588 2828 donavit.
1633 2772 1921 2843 Propterea
1948 2788 2070 2828 cum

485 2870 737 2937 dixisset,
763 2868 1091 2922 Lwtabuntur
1119 2866 1172 2919 in
1217 2864 1460 2918 cubilibus
1500 2864 1634 2928 suis;
1666 2879 1732 2919 ne
1775 2864 1926 2933 quasi
1970 2865 2070 2920 sibi

485 2963 758 3033 placentes
785 2959 1117 3025 viderentur,
1155 2957 1397 3026 adjuuxit
1438 2956 1615 3009 statim
1639 2997 1653 3020 ,
1690 2953 2069 3009 Exsultationes

483 3053 581 3107 Dei
620 3054 673 3106 in
715 3050 944 3123 faucibus
988 3066 1182 3103 eorum.
1222 3048 1310 3101 Sic
1351 3045 1670 3101 laetabuntur
1708 3045 1760 3099 in
1802 3045 2069 3101 cubilibus

483 3147 628 3213 suis,
656 3154 712 3200 ut
738 3159 845 3199 non
873 3143 972 3198 sibi
1003 3142 1236 3197 tribuant
1261 3139 1403 3212 quod
1445 3139 1570 3194 boni
1601 3147 1756 3205 sunt,
1783 3138 1877 3193 sed
1919 3138 2067 3194 illum

482 3237 703 3292 laudent
730 3249 758 3289 a
789 3249 894 3304 quo
919 3240 1240 3302 acceperunt
1265 3229 1404 3300 quod
1432 3237 1592 3297 sunt,
1620 3243 1648 3282 a
1675 3243 1780 3298 quo
1809 3239 2066 3283 vocantur

483 3338 542 3384 ut
570 3328 880 3398 perveniant
900 3325 966 3379 ad
997 3325 1049 3379 id
1077 3323 1217 3394 quod
1249 3321 1484 3376 nondum
1508 3330 1653 3386 sunt,
1681 3330 1733 3375 et
1754 3336 1782 3374 a
1805 3335 1911 3390 quo
1939 3335 2064 3390 spe-

481 3430 599 3475 rant
632 3418 1041 3489 pcrfectionem;
1071 3417 1154 3470 cui
1183 3415 1378 3484 gratias
1402 3421 1582 3483 agunt,
1610 3412 1731 3482 quia
1761 3411 2063 3467 inchoavit:

481 3512 860 3567 Exsultationes
891 3504 984 3562 Dei
1019 3509 1072 3561 in
1098 3507 1327 3576 faucibus
1351 3523 1544 3560 eorum.
1590 3505 1708 3560 Jam
1735 3505 1909 3559 videte
1935 3520 2060 3558 san-

479 3614 630 3669 ctos,
662 3601 837 3655 videte
878 3598 1100 3670 gloriam
1141 3611 1327 3650 eorum
1351 3637 1365 3661 ,
1392 3595 1571 3651 videte
1618 3610 1713 3663 per
1753 3595 2061 3648 universum

479 3694 756 3757 mundum,
789 3691 965 3746 videte
995 3687 1136 3759 quod
1165 3687 1524 3742 exsultationes
1555 3684 1650 3739 Dei
1676 3685 1780 3740 sint
1809 3685 1861 3738 in
1892 3686 2060 3756 fauci-

479 3791 569 3843 bus
594 3804 786 3842 eorum.
883 3832 896 3841 .

548 3880 637 3934 ‘12.
679 3876 744 3932 Et
763 3883 969 3948 framea:
995 3874 1066 3930 bis
1090 3882 1252 3928 acuta:
1274 3873 1327 3926 in
1353 3872 1582 3926 manibus
1611 3887 1806 3925 eorum.
1833 3870 2057 3927 Framea

475 3971 790 4044 appellatur,
815 3981 973 4039 quam
1018 3967 1174 4037 vulgo
1202 3965 1444 4035 spatham
1486 3963 1688 4018 dicunt.
1737 3962 1873 4018 Sunt
1917 3964 2058 4018 enim

475 4066 632 4137 gladii
662 4079 728 4119 ex
759 4078 860 4117 una
886 4069 1035 4133 parte
1072 4060 1235 4126 acuti,
1261 4059 1388 4128 ipsa:
1425 4065 1547 4113 sunt
1595 4056 1894 4111 maclnerae.
1925 4056 2058 4125 Ipsa:

473 4172 651 4218 autem
695 4158 928 4223 frameze,
963 4156 1091 4225 ipsae
1132 4163 1185 4209 et
1228 4151 1536 4222 rontpltteae,
1565 4151 1691 4220 ipsae
1735 4152 1893 4204 etiam
1936 4164 2057 4218 spa-

475 4253 581 4307 thre
620 4249 970 4320 appellantur.
998 4245 1240 4315 Magnum
1285 4243 1593 4314 mysterium
1639 4241 1798 4296 habet
1835 4240 1934 4295 hoc
1962 4256 2057 4311 ge-

475 4358 576 4398 nus
605 4341 930 4403 ferramenti,
959 4338 1099 4408 quod
1147 4353 1216 4392 ex
1266 4345 1490 4406 utraque
1535 4343 1684 4403 parte
1715 4343 1926 4390 acutum
1953 4343 2053 4388 est.

474 4433 608 4504 Ipsm
646 4433 852 4502 framea:
891 4437 1020 4483 sunt
1062 4427 1136 4482 bis
1164 4437 1324 4482 acuta:
1364 4428 1416 4481 in
1448 4425 1676 4480 manibus
1707 4442 1896 4480 eorum.
1928 4426 2057 4480 Fra-

473 4539 622 4582 meas
667 4523 747 4578 bis
778 4532 960 4577 acutas
996 4519 1337 4590 intelligimus
1376 4532 1675 4572 sermonem
1705 4518 1913 4572 Domini
1957 4535 1969 4570 :
2002 4527 2057 4574 ct

472 4632 577 4674 una
603 4615 798 4670 framea
821 4623 929 4677 est;
963 4611 1056 4667 sed
1085 4610 1202 4665 idco
1228 4609 1407 4663 multa:
1433 4607 1708 4672 dicuntur,
1741 4609 1861 4678 quia
1892 4610 2054 4664 multa

471 4725 564 4765 ora
598 4716 761 4772 sunt,
805 4714 855 4761 et
888 4705 1065 4759 multm
1102 4703 1295 4773 lingua:
1333 4709 1656 4755 sanctorum.
1698 4701 1888 4755 Sermo
1929 4717 2054 4770 ergo

472 4802 590 4864 Dei,
620 4798 826 4870 gladius
855 4797 938 4851 bis
965 4803 1150 4850 acutus
1181 4793 1367 4865 (Hebr.
1393 4809 1464 4859 ιν,
1493 4792 1602 4863 12).
1633 4791 1786 4848 Unde
1824 4793 1906 4848 bis
1931 4809 2054 4848 acu-

472 4891 601 4947 tus?
622 4890 760 4946 Dicit
782 4888 850 4943 de
871 4885 1250 4956 temporalibus
1271 4926 1284 4948 ,
1307 4883 1436 4938 dicit
1467 4882 1531 4936 de
1559 4883 1794 4938 aeternis.
1826 4882 1882 4937 lu
1912 4892 2054 4937 utro-

470 4998 576 5056 que
604 4981 793 5054 probat
817 4980 960 5051 quod
987 4977 1132 5041 dicit,
1168 4985 1220 5030 et
1248 4991 1370 5031 eum
1401 4990 1562 5045 quem
1587 4973 1732 5040 ferit,
1764 4983 1976 5043 separat
2022 4989 2050 5028 a

468 5073 690 5131 mundo.
712 5073 899 5128 Nonne
921 5072 1033 5141 ipse
1062 5077 1144 5125 est
1159 5067 1385 5138 gladius,
1405 5067 1470 5122 de
1487 5082 1591 5138 quo
1613 5067 1866 5122 Dominus
1885 5066 2014 5120 dicit
2037 5084 2048 5120 :

470 5165 593 5220 Non
613 5165 724 5219 veni
750 5179 922 5233 pacem
951 5162 1142 5215 mittere
1172 5160 1224 5213 in
1251 5169 1455 5226 terram,
1479 5158 1566 5213 sed
1581 5159 1807 5231 gladium
1828 5157 2042 5229 (Matth.

468 5273 524 5322 x,
554 5253 685 5326 '54)?
711 5251 940 5308 Attende
963 5249 1230 5322 quomodo
1257 5251 1402 5306 venit
1429 5249 1750 5321 disjungere,
1783 5250 2048 5320 quomodo

467 5348 612 5404 venit
650 5359 920 5416 separare.
954 5343 1214 5414 Disjungit
1238 5351 1482 5405 sanctos.
1523 5341 1776 5413 disjung-it
1818 5342 2009 5412 impios
2032 5384 2046 5409 ,

466 5448 729 5511 separata
755 5447 806 5493 te
833 5436 972 5508 quod
1002 5445 1051 5491 te
1081 5436 1317 5505 impedit.
1349 5433 1513 5490 Filius
1541 5434 1647 5489 vult
1679 5434 1886 5490 servire
1916 5434 2046 5501 Deo,

467 5541 618 5602 pater
646 5547 752 5585 non
778 5529 894 5585 vult
926 5544 938 5580 :
964 5527 1108 5582 venit
1136 5526 1338 5597 gladius
1359 5567 1373 5592 ,
1406 5526 1550 5582 venit
1589 5541 1766 5581 sermo
1801 5526 1926 5592 Dei;
1966 5526 2049 5581 di-

386 5609 390 5611 ’
466 5623 598 5679 vidit
619 5623 782 5678 filium
814 5639 845 5678 a
869 5630 1042 5693 patre.
1065 5621 1197 5676 Filia
1222 5620 1356 5686 vult,
1387 5627 1556 5676 mater
1577 5635 1682 5675 non
1707 5621 1850 5684 vult;
1872 5620 2050 5690 gladio

467 5716 775 5771 dividuntur
805 5716 870 5771 ab
893 5715 1140 5770 invicem.
1171 5713 1347 5768 Nurus
1377 5713 1506 5778 vult,
1545 5728 1735 5769 socrus
1762 5729 1868 5768 non
1896 5713 2046 5779 vult;

473 5807 654 5860 veniat
683 5807 888 5876 gladius
919 5806 998 5862 bis
1035 5815 1222 5862 acutus
1242 5847 1258 5872 ,
1281 5804 1466 5860 afferat
1495 5805 1906 5875 promissionem
1927 5806 2049 5860 vitae

473 5899 748 5966 praesentis
794 5909 847 5953 et
898 5899 1085 5955 futura:
1118 5940 1133 5967 ,
1178 5899 1593 5956 consolationem
1635 5899 2002 5968 temporalium
2028 5938 2043 5964 ,

1749 452 1802 506 S.
1846 450 2204 506 AUGUSTINI
2247 455 2545 514 EPISCOPI

3649 487 3673 542 1
3685 488 3790 548 956

2193 577 2514 629 aeternorum
2564 577 2985 647 perfruitionem.
3035 586 3174 645 Ecce
3216 592 3422 677 gladius
3455 613 3519 654 ex
3557 613 3788 676 utraque

2195 672 2344 731 parte
2393 676 2609 733 acutus,
2643 675 2959 741 promittens
2993 686 3305 752 temporalia
3343 672 3406 744 “et
3444 702 3668 749 acterna.
3700 672 3786 754 ⁷ῐιι

2191 769 2297 822 quo
2324 773 2422 814 nos
2442 759 2629 818 fefellit
2656 766 2700 819 "t’
2724 766 2908 825 Nonne
2935 770 3173 830 Ecclesia
3197 777 3286 833 Dei
3309 796 3405 850 per
3435 793 3600 842 totum
3630 806 3790 847 mun-

2195 848 2320 904 dum
2354 868 2456 907 non
2501 858 2834 917 erat?’Ecce
2873 873 2972 919 est.
3016 869 3189 925 Antea
3243 848 3534 946 legebatur,
3581 891 3637 936 et
3681 901 3785 941 non

2194 946 2507 1002 videbatur:
2535 951 2692 1006 modo
2720 954 2856 1011 sicut
2885 956 3095 1029 legitur,
3126 963 3195 1017 ita
3225 967 3481 1025 cernitur.
3515 974 3786 1047 Quidquid

2197 1040 2562 1107 temporaliter
2584 1043 2738 1099 nobis
2780 1049 3098 1115 promissum
3130 1064 3211 1109 est
3231 1098 3246 1122 ,
3278 1057 3342 1112 ad
3374 1040 3554 1117 unam:
3575 1040 3786 1134 partem

2191 1127 2353 1198 gladii
2377 1131 2639 1199 pertinet:
2672 1137 2924 1209 quidquid
2948 1140 2999 1196 in
3022 1147 3426 1216 sempiternum,
3454 1154 3524 1208 ad
3555 1127 3783 1214 alteram

2193 1231 2395 1290 partem
2409 1224 2565 1292 gladii
2590 1229 2838 1295 pertinet.
2867 1232 3045 1289 [Iabes
3075 1251 3226 1308 spem
3254 1240 3553 1302 futurarum
3576 1265 3784 1321 rerum,

2191 1312 2357 1369 habes
2382 1319 2800 1377 consolationem
2843 1330 3221 1399 praesentium;
3254 1336 3363 1390 noli
3393 1342 3595 1397 retrahi
3626 1343 3696 1400 ab
3721 1362 3785 1402 eo

2189 1405 2278 1474 qui
2314 1407 2425 1461 vult
2466 1410 2739 1468 retrahere
2772 1432 2784 1467 :
2825 1426 3004 1485 pater,
3055 1433 3254 1488 mater,
3301 1439 3472 1494 soror,
3505 1447 3648 1488 uxor
3688 1437 3778 1498 sit,

2188 1495 2399 1552 amicus'
2419 1499 2505 1564 sit,
2537 1516 2642 1556 non
2685 1512 2736 1558 te
2758 1507 3024 1574 retrahat;
3063 1522 3116 1565 et
3139 1515 3282 1570 utilis
3311 1518 3402 1572 tibi
3431 1521 3531 1575 erit
3569 1495 3781 1594 gladius

2186 1587 2268 1642 bis
2294 1599 2498 1645 acutus.
2535 1592 2746 1650 Utiliter
2777 1607 2826 1652 tc
2858 1599 2947 1654 ille
2969 1613 3200 1672 separat,
3227 1609 3364 1664 male
3395 1619 3445 1666 te
3475 1621 3529 1668 tu
3552 1587 3778 1688 cvonglu-

2188 1679 2345 1733 tinas.
2374 1681 2533 1736 Venit
2558 1697 2685 1754 ergo
2715 1687 2968 1746 Dominus
2994 1704 3178 1750 noster
3207 1697 3386 1754 ferens
3428 1679 3777 1773 gladium'bis

2185 1782 2421 1840 acutum,
2455 1778 2770 1842 promittens
2799 1778 3262 1855 mterna,implens
3281 1797 3617 1864 temporalia.
3644 1799 3775 1857 Nam

2183 1861 2305 1917 ideo
2328 1873 2381 1918 et
2420 1865 2526 1922 duo
2571 1868 2919 1928 Testamenta
2961 1874 3230 1934 dicuntur.
3283 1861 3410 1950 Quae
3448 1898 3606 1943 erant
3648 1906 3774 1962 ergo

2183 1957 2390 2024 framea:
2420 1959 2493 2013 bis
2520 1971 2681 2014 acuttc
2709 1963 2762 2016 in
2786 1966 3017 2022 manibus
3043 1985 3216 2024 eorum
3236 1972 3261 2025 ?
3285 1975 3400 2031 Duo
3427 1976 3772 2038 Testamenta

2181 2047 2247 2103 ad
2263 2050 2497 2120 gladium
2522 2051 2604 2108 bis
2626 2064 2838 2110 acutum
2861 2059 3162 2127 pertinent:
3184 2063 3346 2119 Vetus
3367 2066 3768 2129 Testamentum

2183 2147 2391 2195 terrena
2421 2146 2697 2213 promittit,
2753 2147 2959 2204 Novum
2999 2161 3218 2208 azterna.
3243 2154 3298 2210 ln
3328 2169 3556 2231 utroque
3587 2179 3769 2222 sermo

2183 2232 2274 2287 Dei
2302 2250 2461 2289 verax
2494 2237 2738 2294 inventus
2760 2249 2860 2309 est,
2897 2243 3179 2312 utgladius
3219 2246 3300 2302 bis
3326 2261 3534 2306 acutus.
3585 2255 3761 2324 Quare

2179 2337 2306 2394 ergo
2335 2325 2388 2380 in
2427 2329 2706 2394 manibus,
2734 2340 2787 2386 et
2816 2348 2922 2388 non
2967 2334 3019 2388 in
3060 2335 3299 2408 linguis?
3339 2340 3404 2394 Et
3447 2347 3663 2414 fremet:
3699 2348 3768 2404 bis

2179 2424 2365 2479 acutae,
2399 2417 2614 2488 inquit,
2647 2421 2701 2474 in
2736 2424 2969 2479 manibus
3000 2443 3192 2481 eorum.
3217 2428 3283 2484 In
3320 2434 3553 2491 manibus
3596 2437 3761 2508 dixit,

2177 2504 2230 2559 in
2254 2516 2538 2577 potestate.
2569 2513 2906 2583 Acceperunt
2955 2531 3084 2588 ergo
3113 2534 3416 2578 sermonem
3446 2525 3541 2581 Dei
3578 2527 3633 2582 in
3672 2504 3764 2600 po;

2178 2607 2369 2656 testate
2388 2641 2403 2666 ,
2436 2611 2491 2656 ut
2515 2602 2604 2657 ubi
2632 2605 2827 2660 vellent
2846 2607 3085 2665 dicerent
3103 2652 3118 2678 ,
3146 2612 3233 2666 cui
3259 2615 3456 2671 vellent
3483 2617 3761 2688 dicerent;

2180 2706 2284 2747 non
2307 2693 2556 2749 timerent
2583 2705 2928 2766 potestatem,
2961 2715 3068 2755 non
3097 2713 3507 2763 contemnerent
3531 2725 3760 2783 pauper-

2175 2792 2357 2840 tatem.
2381 2785 2437 2840 ln
2463 2789 2709 2845 manibus
2747 2792 2891 2848 enim
2939 2792 3207 2851 habebant
3235 2798 3489 2869 gladium,
3527 2818 3636 2875 qua
3673 2819 3762 2861 vo-

2173 2875 2373 2943 lebant,
2399 2878 2694 2947 vibrabant,
2745 2884 3071 2951 versabant,
3129 2891 3622 2958 percutiebantzet
3665 2895 3761 2953 hoc

2173 2975 2341 3022 totum
2375 2979 2489 3024 erat
2517 2971 2568 3024 in
2600 2981 2863 3041 potestate
2905 2977 3327 3046 przedicantium.
3377 2982 3510 3040 Nam
3559 2986 3608 3041 si
3658 3003 3758 3043 non

2170 3067 2252 3112 est
2281 3061 2333 3114 in
2362 3062 2608 3117 manibus
2635 3080 2813 3119 sermo
2837 3083 2849 3119 :
2871 3081 2940 3128 ne
2965 3067 3103 3124 forte
3122 3071 3314 3143 aliquis
3333 3072 3494 3143 dicat,
3526 3075 3758 3144 Quomo-

2169 3149 2238 3205 do
2264 3165 2442 3207 sermo
2473 3163 2553 3208 est
2571 3155 2776 3224 gladius
2807 3156 2889 3213 bis
2921 3169 3140 3228 acutus,
3164 3170 3219 3217 et
3245 3165 3514 3234 quomodo
3562 3168 3621 3223 in
3658 3184 3759 3225 ma-

2170 3245 2362 3302 nibus?
2407 3246 2451 3301 si
2497 3263 2624 3317 ergo
2663 3263 2842 3305 sermo
2891 3265 2996 3306 non
3050 3263 3133 3309 est
3178 3255 3233 3310 in
3277 3259 3543 3327 manibus,
3598 3277 3756 3333 quare

2168 3337 2423 3407 scriptum
2451 3349 2550 3403 est,
2584 3329 2777 3396 Factus
2803 3351 2875 3397 est
2898 3360 3062 3399 sermo
3090 3344 3300 3402 Domini
3331 3349 3384 3404 in
3410 3367 3567 3406 manu
3586 3353 3756 3426 Aggaa'

2166 3432 2423 3502 prapheta:
2447 3433 2643 3505 (Αίγῃωὶ
2673 3451 2707 3499 ι,
2744 3434 2839 3504 l)?
2867 3436 3153 3508 Numquid,
3179 3439 3376 3497 fratres
3401 3485 3416 3510 ,
3448 3459 3757 3503 sermonem

2165 3537 2319 3576 suum
2349 3523 2491 3579 Deus
2518 3525 2568 3578 in
2596 3525 2775 3595 digitis
2803 3527 2970 3596 ipsius
3004 3528 3168 3585 fecit?
3197 3532 3332 3600 Quid
3383 3545 3496 3602 est,
3528 3537 3585 3592 in
3606 3555 3751 3593 manu

2167 3614 2333 3682 ipsius
2354 3616 2516 3683 factus
2540 3618 2649 3670 est?
2673 3617 2728 3671 In
2759 3629 3025 3688 potestate
3055 3622 3127 3677 illi
3150 3623 3332 3679 datum
3354 3637 3435 3682 est
3461 3629 3750 3698 praedicare

2163 3719 2469 3761 sermonem
2514 3709 2748 3763 Domini.
2799 3711 3078 3769 Postremo
3117 3730 3400 3786 possumus
3440 3721 3606 3776 etiam
3659 3721 3750 3778 has

2164 3818 2353 3858 manus
2377 3805 2532 3860 aliter
2553 3806 2869 3879 intelligere.
2908 3810 3040 3866 Nam
3067 3814 3156 3884 qui
3183 3814 3346 3872 locuti
3370 3827 3517 3887 sunt,
3553 3820 3613 3876 in
3653 3822 3748 3876 lin-

2159 3911 2262 3967 gua
2292 3896 2591 3952 habuerunt
2623 3913 2925 3955 sermonem
2971 3902 3096 3969 Dei;
3149 3906 3241 3974 qui
3283 3909 3646 3978 scripserunt,
3689 3912 3738 3966 in

2161 3989 2408 4045 manibus
2436 4007 2448 4043 :
2479 3989 2548 4044 Et
2573 3990 2780 4059 framea:
2804 3993 2877 4046 bis
2905 4003 3068 4049 acuta:
3101 3996 3152 4050 in
3180 3999 3408 4055 manibus
3441 4017 3641 4057 eorum.

2235 4083 2320 4136 15.
2363 4081 2509 4154 [υενδ.
2541 4082 2617 4156 7.]
2644 4084 2780 4151 Jam,
2811 4084 3002 4142 fratres
3027 4129 3042 4154 ,
3084 4089 3275 4146 videtis
3308 4103 3524 4150 sanctos
3567 4111 3742 4154 arma-

2161 4181 2273 4238 tos;
2304 4174 2562 4230 attendite
2603 4187 2830 4246 strages,
2875 4179 3138 4237 attendite
3171 4182 3404 4252 gloriosa
3433 4187 3644 4255 praelia.
3688 4189 3739 4244 Si

2160 4265 2300 4319 enim
2332 4264 2640 4336 imperator,
2693 4277 2748 4324 et
2785 4271 2975 4336 miles;
3006 4272 3052 4327 si
3104 4275 3280 4343 miles,
3334 4285 3390 4332 et
3440 4277 3652 4348 hostis;
3698 4283 3739 4336 si

2157 4355 2377 4422 bellum,
2423 4367 2478 4413 et
2523 4360 2764 4415 victoria.
2805 4362 2949 4429 Quid
2974 4363 3212 4421 fecerunt
3243 4367 3328 4424 isti
3383 4369 3648 4431 habentes
3688 4374 3737 4430 in

2157 4447 2403 4503 manibus
2430 4449 2656 4504 frameas
2681 4450 2763 4505 bis
2789 4456 3012 4509 acutas?
3034 4456 3116 4508 Ad
3144 4458 3431 4524 faciendam
3463 4465 3739 4519 vindictam

2156 4538 2207 4593 in
2227 4541 2469 4611 gentibus.
2505 4541 2696 4598 Videte
2727 4544 2771 4598 si
2803 4560 2908 4600 non
2937 4555 3020 4601 est
3049 4549 3282 4605 vindicta
3309 4553 3447 4609 facta
3485 4555 3539 4611 in
3565 4559 3737 4627 genti-

2155 4631 2276 4686 bus.
2303 4633 2550 4700 Quotidie
2575 4635 2686 4703 ipsa
2710 4635 2798 4703 fit;
2835 4636 2936 4694 hoc
2966 4641 3172 4710 agimus
3210 4652 3266 4698 et
3311 4660 3409 4700 nos
3448 4647 3736 4718 loquendo.

2158 4723 2428 4779 Attendite
2449 4725 2716 4794 quomodo
2744 4743 2899 4784 caesa:
2930 4739 3055 4785 sunt
3077 4743 3263 4803 gentes
3287 4735 3620 4807 Babylonia.
3663 4742 3736 4800 Illi

2155 4814 2394 4870 redditur
2417 4816 2636 4887 duplum
2669 4835 2682 4872 :
2713 4820 2790 4875 sic
2811 4822 2950 4877 enim
2974 4823 3041 4878 de
3060 4825 3146 4879 illa
3170 4829 3424 4896 scriptum
3455 4843 3540 4888 est
3558 4876 3575 4899 ,
3608 4833 3740 4890 Red-

2154 4906 2256 4961 dite
2280 4907 2355 4962 illi
2376 4908 2606 4978 duplum,
2629 4912 2698 4965 ad
2724 4913 2857 4982 quod
2886 4914 3001 4984 fecit
3029 4915 3214 4988 (Apoc.
3238 4935 3385 4988 xvut,
3409 4922 3740 4993 6).Quomo-

2153 4999 2223 5052 do
2245 4998 2484 5055 redditur
2512 5000 2770 5072 duplum?
2793 5004 3001 5060 Bellant
3027 5010 3218 5074 sancti,
3245 5011 3480 5068 educunt
3508 5015 3736 5072 frameas

2155 5089 2236 5146 bis
2258 5101 2478 5158 acutas;
2511 5094 2642 5148 fiunt
2667 5104 2891 5167 strages,
2921 5098 3053 5154 ﬁunt
3094 5102 3413 5172 occisiones,
3443 5111 3735 5178 separatio-

2157 5199 2251 5239 nes
2297 5203 2310 5238 :
2362 5187 2628 5255 quomodo
2675 5188 2749 5244 illi
2793 5189 3010 5260 duplum
3062 5193 3336 5251 redditur?
3381 5197 3475 5252 Illa
3527 5201 3736 5272 quando

2154 5283 2362 5342 poterat
2382 5277 2626 5348 persequi
2644 5277 2997 5346 Christianos,
3021 5297 3238 5340 carnem
3251 5288 3547 5356 occidebat,
3569 5293 3733 5347 Deum

2154 5380 2259 5420 non
2312 5367 2722 5440 confringebat:
2755 5373 2916 5429 modo
2967 5374 3041 5430 illi
3080 5376 3300 5448 duplum
3357 5382 3631 5450 redditur;
3681 5395 3733 5439 et

2155 5455 2353 5529 Pagani
2375 5461 2785 5533 exstinguuntur
2809 5467 2852 5532 ’,
2877 5474 2931 5521 et
2965 5467 3102 5523 idola
3135 5469 3469 5541 franguntur.
3510 5475 3733 5541 Quomo-

2153 5554 2244 5622 do,
2276 5554 2504 5623 inquies,
2529 5555 2726 5626 Pagani
2756 5559 3114 5614 occiduntur?
3142 5561 3422 5629 Quomodo
3443 5608 3456 5629 ,
3483 5567 3583 5620 nisi
3613 5582 3729 5622 cum

2153 5644 2437 5702 Christiani
2461 5648 2630 5702 fiunt?
2657 5649 2847 5716 Quer
2879 5665 3160 5722 paganum,
3183 5671 3290 5710 non
3315 5657 3553 5726 invenio;
3585 5659 3728 5715 chri-

2219 5786 2234 5815 ί
2269 5788 2340 5834 Sic
2357 5785 2546 5862 aliquot
2559 5793 2665 5862 mss.
2693 5794 2747 5837 At
2768 5788 2899 5849 Edd.,
2923 5790 3199 5852 promittens
3219 5795 3519 5858 temporalia,
3557 5797 3608 5849 in
3626 5809 3728 5862 qmv

2154 5845 2240 5896 bus
2263 5859 2345 5911 nos
2367 5845 2457 5897 non
2471 5848 2656 5911 fefellit.

2220 5911 2239 5938 ³
2263 5909 2628 5959 cltristiuicaaus
2653 5919 2751 5972 Ms,
2779 5917 2825 5961 et
2839 5912 3045 5976 paganis
3061 5914 3296 5967 occiditur
