4084 6438
261 456 404 511 I957

263 567 477 620 ttianus
496 572 584 620 est
614 582 626 617 :
657 579 784 635 ergo
822 573 1062 621 mortuus
1087 574 1167 620 est
1202 581 1452 637 paganus.
1495 568 1625 623 Nam
1666 571 1708 625 si
1740 586 1848 627 non

264 658 612 725 occiduntur,
653 657 793 712 unde
825 657 1023 713 dictum
1064 669 1146 715 est
1178 660 1335 716 Petro
1368 662 1579 716 :Macta
1620 674 1668 719 et
1710 682 1854 720 man-

269 748 405 802 duca
454 747 592 815 (Act.
643 764 703 815 ιι,
746 748 879 820 I5)?
928 749 1075 805 Unde
1119 750 1233 820 ipse
1284 750 1475 807 Saulus
1515 754 1722 809 occisus
1771 764 1855 811 est

268 849 608 909 persecutor,
639 850 692 894 et
722 840 916 896 Paulus
941 850 1151 897 erectus
1179 853 1261 898 est
1286 845 1634 913 praedicator?
1660 848 1853 914 Quaero

267 932 497 987 Saulum
545 938 963 1001 persecutorem,
995 944 1049 990 et
1080 950 1185 990 non
1227 937 1466 1004 invenio;
1517 940 1724 995 occisus
1752 950 1851 995 est.

267 1024 469 1079 Unde?
495 1025 571 1079 De
600 1026 801 1080 t'ramea
833 1025 914 1080 bis
943 1035 1116 1081 acuta.
1158 1027 1260 1084 Sed
1294 1030 1414 1099 quia
1444 1032 1651 1086 occisus
1690 1041 1771 1087 est
1799 1032 1853 1088 in

267 1132 345 1181 se,
384 1127 442 1172 et
465 1117 762 1171 vivificatus
788 1128 870 1172 est
893 1119 943 1173 in
970 1116 1180 1175 Christo
1205 1159 1219 1183 ,
1248 1120 1368 1175 ideo
1391 1122 1661 1177 conlidens
1687 1123 1852 1179 dicit:

279 1205 408 1260 Vivo
435 1216 605 1261 autem
617 1208 729 1277 jam
759 1225 858 1261 non
903 1225 1025 1279 ego;
1059 1211 1175 1263 vivit
1213 1221 1379 1264 autem
1414 1213 1464 1266 in
1509 1229 1586 1266 me
1627 1211 1855 1269 Christus

272 1297 474 1369 (Galat.
505 1315 563 1365 ιι,
594 1299 711 1369 20).
740 1300 1017 1366 Quomodo
1040 1303 1110 1355 illi
1135 1303 1209 1369 fit,
1229 1304 1305 1357 sic
1329 1320 1425 1373 per
1452 1306 1617 1360 illum.
1643 1306 1853 1362 Etenim

273 1404 397 1444 cum
436 1392 607 1445 factus
632 1400 773 1446 esset
796 1393 1129 1461 prmdicator,
1162 1397 1363 1465 accepit
1391 1406 1441 1451 et
1471 1397 1654 1466 ipsein
1680 1400 1853 1454 mani-

274 1482 376 1537 bus
407 1482 667 1538 frameam
698 1484 779 1539 bis
816 1495 1047 1552 acutam,
1092 1488 1158 1540 ad
1185 1489 1470 1557 faciendam
1497 1493 1765 1546 vindictam
1803 1495 1853 1547 in

270 1576 525 1643 gentibus.
560 1575 623 1627 Et
649 1592 714 1629 ne
738 1590 863 1631 vere
888 1585 939 1630 tu
963 1586 1176 1646 putares
1201 1578 1441 1635 homines
1462 1580 1602 1635 ferro
1627 1584 1852 1651 percuti,

271 1665 588 1734 sanguinem
612 1664 779 1731 fundi,
810 1668 1025 1721 vulnera
1058 1668 1109 1721 in
1134 1683 1295 1724 carne
1326 1671 1462 1735 fieri,
1502 1674 1758 1742 sequitur,
1802 1683 1856 1730 et

270 1756 495 1823 exponit
530 1772 544 1806 :
577 1755 964 1825 Objurgationes
1011 1758 1063 1810 in
1122 1759 1342 1827 populis.
1386 1760 1694 1830 Objurgatio
1737 1779 1854 1833 qua:

270 1844 718 1914 est?Corrcptio.
752 1847 1012 1902 Procedat
1036 1862 1100 1901 ex
1146 1849 1296 1904 vobis
1331 1850 1527 1906 framea
1556 1852 1637 1907 bis
1657 1865 1809 1909 acuta
1837 1896 1850 1921 ,

271 1937 441 1991 nolite
469 1938 887 2003 cessare;dcdit
934 1940 1073 1993 illam
1117 1941 1269 1995 vobis
1312 1943 1451 1997 Deus
1500 1959 1592 2012 pro
1641 1946 1854 2002 modulo

270 2034 474 2080 vestro.
504 2026 685 2094 Qualis
722 2027 883 2081 homo
909 2043 987 2092 es,
1020 2029 1107 2098 qui
1140 2029 1277 2083 idola
1328 2032 1501 2085 colis?
1551 2033 1644 2087 Dic
1682 2037 1853 2091 amico

270 2124 383 2179 tuo,
411 2116 455 2169 si
488 2124 663 2169 tamen
704 2117 964 2171 remansit
1006 2120 1088 2172 cui
1119 2119 1267 2174 dicas
1298 2137 1308 2171 :
1340 2121 1522 2187 Qualis
1569 2122 1729 2178 homo
1772 2140 1850 2191 es,

268 2208 360 2275 qui
411 2207 659 2261 dimisisti
686 2223 807 2262 eum
835 2224 863 2262 a
894 2224 998 2278 quo
1045 2210 1216 2265 factus
1254 2226 1331 2279 es,
1375 2221 1428 2268 et
1474 2215 1665 2271 adoras
1712 2218 1853 2287 quod

270 2296 490 2352 fecisti?
527 2297 710 2353 Melior
741 2309 823 2354 est
851 2300 1000 2355 faber
1024 2343 1038 2366 ,
1069 2319 1224 2372 quam
1248 2304 1386 2373 quod
1421 2304 1641 2362 fabricat
1680 2308 1850 2365 faber.

270 2387 324 2441 Si
349 2386 560 2441 fabrum
593 2388 817 2444 adorare
862 2391 1151 2457 erubescis,
1196 2394 1334 2462 quod
1369 2395 1514 2451 faber
1549 2396 1669 2453 fecit
1692 2442 1707 2468 ,
1745 2416 1852 2456 non

268 2479 591 2535 erubescis?
641 2482 772 2535 Cum
823 2484 1046 2552 coeperit
1084 2485 1419 2553 erubescere,
1471 2504 1590 2543 cum
1631 2494 1855 2562 coeperit

268 2574 581 2639 compungi,
613 2570 781 2626 fecisti
809 2572 999 2626 vulnus
1029 2572 1095 2627 de
1128 2573 1326 2629 framea
1348 2593 1362 2642 ;
1386 2581 1627 2646 pervenit
1647 2581 1712 2635 ad
1735 2597 1849 2649 cor,

270 2658 571 2712 moriturus
594 2667 671 2714 est
693 2668 749 2714 ut
770 2661 912 2715 vivat
944 2678 956 2713 :
994 2660 1227 2717 Framea?
1263 2664 1337 2719 bis
1356 2676 1515 2721 acuta:
1548 2669 1853 2725 inmanibus

272 2764 472 2810 eorum,
503 2749 570 2802 ad
593 2751 874 2819 faciendam
899 2753 1168 2806 vindictam
1199 2755 1250 2808 in
1272 2757 1518 2826 gentibus,
1544 2761 1853 2832 objurgatio-

267 2854 360 2892 nes
381 2840 433 2892 in
456 2841 674 2909 populis.
1590 2922 1607 2929 _

343 2930 434 2983 Η.
479 2928 626 3001 [vers
660 2930 739 3005 8.]
768 2932 834 2987 Ut
859 2936 1067 3004 alligent
1091 2953 1229 3007 reges
1246 2954 1416 2992 eorum
1436 2940 1488 2994 in
1512 2928 1847 3011 compedibus,

267 3027 315 3072 et
343 3020 537 3075 nobiles
557 3039 729 3076 eorum
756 3025 805 3077 in
828 3026 1037 3079 vinculis
1058 3029 1249 3098 ferreis.
1286 3030 1352 3084 Ut
1374 3033 1563 3102 faciant
1598 3035 1650 3087 in
1684 3036 1752 3090 eis
1763 3036 1855 3105 ju—

268 3108 462 3163 dicium
490 3114 847 3183 conscriptum.
881 3116 1059 3172 Facile
1097 3120 1437 3187 exposuimus
1477 3127 1744 3193 quomodo
1786 3127 1853 3184 de

268 3198 494 3255 frameis
520 3204 712 3256 cadant
742 3215 800 3259 ut
832 3218 1136 3276 exsurgant,
1181 3222 1492 3279 separentur
1522 3224 1579 3269 ιιι
1626 3231 1850 3287 congre-

264 3299 488 3359 gentur,
512 3291 855 3347 vulnerentur
874 3305 929 3349 ιιι
945 3306 1216 3364 sanentur,
1241 3302 1535 3357 moriantur
1560 3313 1615 3358 ιιι
1632 3307 1811 3361 vivant
1831 3325 1844 3361 :

262 3381 368 3435 sed
402 3380 529 3449 quid
556 3380 846 3438 faciemus?
870 3390 1132 3455 quomodo
1152 3406 1497 3460 exponemus,
1526 3396 1605 3449 Ad
1629 3398 1849 3468 alligan-

264 3473 362 3526 dos
393 3488 537 3543 reges
554 3489 725 3527 eorum
754 3476 805 3529 in
840 3481 1203 3548 compedibus?
1240 3484 1410 3555 Reges
1453 3488 1691 3556 gentium
1728 3490 1849 3545 alli-

265 3562 426 3631 gandi
477 3563 530 3616 in
580 3567 963 3635 compedibus;
1009 3580 1051 3624 et
1088 3573 1274 3630 nobiles
1322 3592 1494 3631 eorum
1526 3580 1579 3633 in
1615 3581 1847 3651 vinculis,

275 3653 476 3707 addidit
496 3657 692 3725 ferreis.
725 3659 996 3725 Adestotc,
1035 3673 1091 3719 ut
1132 3669 1429 3736 agnoscatis
1467 3671 1606 3741 quod
1658 3676 1844 3731 nostis.
1894 3679 1909 3728 ι’

272 3741 362 3796 Isti
375 3748 519 3797 enim
537 3760 723 3801 versus
748 3765 879 3817 quos
899 3756 1668 3824 cmpimuscxponere,obscuri
1686 3774 1807 3818 sunt
1830 3783 1844 3830 ;

266 3835 359 3889 sed
398 3835 529 3889 illud
553 3837 690 3905 quod
721 3854 787 3893 ex
818 3841 919 3893 illis
946 3843 1181 3896 dicturus
1209 3859 1347 3910 sum,
1385 3863 1488 3900 non
1516 3859 1595 3903 est
1625 3867 1841 3907 novum.

265 3923 382 3978 Iam
435 3935 616 3980 notum
646 3938 729 3982 est
758 3929 907 3982 vobis
932 3946 946 3992 ;
977 3931 1134 3983 modo
1164 3948 1266 3986 non
1294 3934 1498 4006 discere
1519 3954 1652 4008 opus
1680 3943 1843 3998 habe-

264 4017 353 4080 tis,
391 4016 487 4070 sed
530 4021 961 4074 commemorari.
1003 4021 1080 4075 Ad
1131 4021 1231 4077 hoc
1276 4035 1451 4081 autem
1489 4030 1655 4085 voluit
1705 4032 1843 4090 Deus

262 4110 494 4165 obscure
518 4127 716 4181 ponere
738 4114 991 4183 quosdam
1022 4132 1210 4171 versus
1239 4134 1383 4182 suos,
1416 4138 1519 4176 non
1545 4132 1601 4178 ut
1637 4124 1841 4197 aliquid

263 4218 460 4257 novum
493 4204 556 4257 de
585 4205 688 4260 illis
732 4216 975 4271 eruatur;
1014 4208 1106 4262 sed
1147 4217 1201 4262 ut
1250 4212 1389 4279 quod
1437 4213 1545 4282 jam
1590 4217 1839 4273 usitatum

260 4307 376 4352 erat
408 4299 450 4365 ¹,
493 4298 731 4352 obscuris
758 4301 1011 4369 expositis
1058 4303 1355 4358 innovetur.
1387 4304 1640 4363 Novimus
1687 4326 1840 4381 rcges

263 4386 429 4444 factos
467 4390 803 4468 christianos,
858 4394 1099 4449 novimus
1143 4396 1347 4452 nobiles
1394 4402 1623 4468 gentium
1673 4403 1838 4461 factos

257 4482 597 4537 christianos.
627 4482 762 4537 Sunt
786 4464 1047 4555 hodieque
1070 4528 1084 4550 ,
1114 4498 1165 4541 et
1194 4488 1402 4544 fuerunt
1430 4493 1470 4556 ',
1507 4502 1560 4547 et
1579 4504 1761 4562 erunt;
1786 4508 1838 4552 ct

258 4589 364 4629 non
389 4584 599 4630 cessant
629 4575 841 4631 framea:
872 4578 951 4631 bis
980 4588 1147 4634 acuta:
1174 4581 1224 4634 in
1247 4584 1490 4639 manibus
1508 4597 1833 4644 sanctorum.

255 4663 541 4731 Quomodo
566 4682 693 4736 ergo
734 4667 922 4737 ligatos
948 4670 1292 4740 compedibus
1316 4682 1370 4728 et
1399 4674 1623 4733 vinculis
1650 4678 1834 4737 ferreis

256 4756 636 4824 intelligimus?
663 4756 775 4811 Scit
804 4758 1047 4814 Charitas
1075 4771 1248 4816 vestra
1279 4770 1332 4818 et
1354 4765 1581 4820 eruditio
1611 4770 1754 4839 (quia
1780 4772 1831 4826 in

255 4846 495 4901 Ecclesia
528 4848 707 4901 nutriti
737 4849 894 4915 estis,
924 4859 976 4903 et
997 4851 1181 4906 soletis
1209 4854 1391 4909 audire
1417 4856 1618 4913 divinas
1644 4861 1829 4916 lectio-

254 4937 395 5007 nes),
429 4938 676 5006 quoniam
728 4939 931 5007 inﬁrma
964 4943 1138 4995 mundi
1167 4944 1311 5014 elegit
1341 4944 1508 5012 Deus,
1538 4958 1591 5002 ut
1618 4951 1831 5020 confun-

251 5027 391 5081 deret
419 5028 607 5096 fortia;
643 5039 689 5083 et
720 5030 873 5083 stulta
901 5034 1075 5087 mundi
1117 5035 1262 5106 elegit
1296 5036 1451 5105 Deus,
1496 5041 1563 5093 ad
1614 5044 1830 5113 confun.

249 5119 444 5173 dandos
468 5121 741 5189 sapientes;
785 5132 833 5176 et
859 5140 916 5177 ea
947 5141 1060 5194 qua:
1085 5143 1183 5180 non
1211 5137 1323 5181 sunt
1351 5140 1586 5201 tanquam
1630 5151 1687 5189 ea
1715 5153 1829 5207 qua:

247 5221 383 5277 sunt,
407 5222 462 5264 ut
482 5229 593 5281 qua:
617 5223 733 5267 sunt
762 5227 1077 5270 evacuentur.
1120 5218 1207 5274 Sic
1232 5222 1371 5275 enim
1394 5224 1468 5278 ait
1487 5224 1773 5295 Apostolus
1804 5247 1818 5283 τ

259 5299 434 5356 Videte
454 5304 583 5357 enim
602 5306 905 5360 vocationem
927 5318 1156 5374 vestram,
1184 5313 1386 5378 fratres,
1416 5316 1534 5385 quia
1562 5334 1660 5372 non
1684 5322 1817 5375 mul-

246 5390 282 5441 ti
318 5391 569 5458 sapientes
589 5395 862 5449 secundant
890 5413 1089 5451 carnem
1112 5442 1127 5465 ,
1153 5417 1253 5455 non
1282 5403 1429 5456 multi
1456 5416 1696 5476 potentes,
1721 5427 1821 5466 non

244 5481 393 5533 multi
418 5481 646 5547 nobiles;
668 5489 755 5537 sed
783 5486 935 5539 stulta
964 5491 1136 5542 mundi
1171 5491 1317 5561 elegit
1342 5492 1478 5549 Deus
1496 5537 1509 5561 ,
1538 5509 1584 5550 et
1618 5500 1820 5568 inﬁrma

243 5570 443 5631 inundi,
467 5581 520 5625 ut
546 5574 873 5641 confunderet
918 5579 1107 5646 fortia;
1136 5591 1181 5633 et
1227 5584 1464 5653 ignobilia
1511 5599 1558 5643 et
1600 5604 1819 5649 contem-

244 5661 439 5728 ptibilia
466 5664 611 5733 elegit
636 5664 774 5719 Deus
789 5708 802 5729 ,
826 5677 870 5720 et
892 5685 950 5720 ea
981 5687 1092 5738 qua:
1110 5690 1209 5727 non
1236 5686 1353 5729 sunt
1377 5687 1612 5750 tanquam
1633 5702 1689 5740 ca
1709 5704 1819 5757 qua:

303 5794 320 5857 ξ
356 5795 429 5843 sic
450 5802 555 5845 Mss.
581 5798 690 5846 add.
717 5814 854 5856 vero,
875 5800 1149 5853 inusitatum
1170 5815 1292 5857 erat.

302 5854 323 5884 ⁸
355 5860 429 5903 Er.
455 5858 600 5917 Lugd.
626 5869 725 5911 ven
750 5876 761 5909 :
789 5854 902 5911 sunt
920 5865 1059 5914 hodie
1208 5854 1417 5927 filiarum.
1515 5882 1569 5924 lit.

1336 455 1733 513 ENARRATIO
1771 457 1835 512 IN
1874 456 2193 521 PSALMUM
2223 470 2450 528 CXLIX.

3398 524 3497 577 I95

3398 524 3535 582 1958

1957 589 2091 704 ἕνα,
2122 593 2251 704 gica
2278 605 2390 659 quae
2412 604 2528 649 sunt
2556 616 2852 662 evacuentur
2869 611 2911 682 (I
2932 616 3047 672 Cor.
3080 636 3117 686 ι,
3147 624 3354 704 26-28).
3382 638 3532 700 Venit

1960 668 2095 769 Deus
2123 674 2365 794 Christus
2392 689 2648 755 prodesse
2667 668 2916 759 omnibus
2949 726 2962 761 :
2991 713 3083 767 sed
3105 668 3535 794 elegi:

1957 768 2263 829 imperatori
2292 771 2359 828 de
2375 775 2655 853 piscatore,
2681 803 2784 844 non
2814 793 2976 861 piscat

1959 860 2012 905 et
2033 854 2192 925 elegit
2230 876 2294 915 ea
2324 878 2443 934 qua;
2480 873 2675 931 nullius
2714 854 2967 942 momenti

1959 944 2106 1015 Ipsos
2132 950 2369 1020 implevit
2398 960 2593 1030 Spiritu
2616 984 2733 1037 suo,

2983 802 3062 856 ori
3084 805 3150 861 de
3182 810 3532 893 imperatore;

3026 1118 3040 1143 ,
3073 1090 3127 1136 et
3152 1084 3227 1141 ire
3246 1105 3345 1159 per
3364 1102 3531 1156 totum

1958 1129 2141 1245 grbem
2191 1144 2449 1198 terrarum
2501 1148 2707 1219 (Matth.
2732 1129 2912 1231 XXVIII,
2946 1129 3054 1239 19;.
3104 1129 3343 1237 Ριειηνιῆι
3364 1129 3535 1245 ,⁵1ιέιῖ

2900 1218 2912 1231 I
2950 1218 3000 1221 ί-
3042 1218 3054 1224 -
3104 1218 3343 1237 -.υιυυιι
3379 1218 3486 1244 ulul
3510 1218 3531 1232 ⁶

1957 1218 2078 1321 dus,
2107 1228 2274 1283 erexit
2294 1246 2352 1287 se
2379 1234 2463 1291 Ieo
2487 1240 2743 1302 adversus
2767 1266 2962 1321 agnum
2993 1218 3127 1319 :Ised
3158 1268 3344 1328 fortior
3377 1218 3531 1338 leonle

1960 1322 2202 1371 inventus
2245 1331 2325 1376 est
2357 1338 2543 1394 agnus.
2584 1332 2693 1390 Leo
2726 1340 2891 1398 victus
2915 1356 2997 1403 est
3033 1356 3334 1431 sazviendo,
3364 1322 3532 1433 agnu;

1960 1405 2086 1437 νῖηἷι
2119 1412 2360 1437 ...η-τληλ-
2411 1422 2471 1437 n,
3398 1424 3417 1437 ι

1960 1412 2087 1460 vicit
2119 1412 2383 1478 patiendo.
2409 1422 2674 1482 Conversa
2718 1443 2841 1489 sunt
2867 1440 3025 1495 corda
3054 1412 3334 1507 hominum,
3360 1412 3426 1512 ad
3461 1462 3529 1516 ti-

1957 1512 2158 1554 morem
2206 1503 2433 1576 Christi;
2466 1528 2741 1585 cosperunt
2793 1541 2963 1597 reges,
3012 1548 3288 1606 coeperunt
3325 1551 3532 1609 nobiles

1958 1595 2226 1655 miraculis
2241 1613 2585 1679 commoveri,
2609 1618 2898 1687 prophetiae
2913 1626 3287 1699 adimpletione
3305 1642 3529 1715 turbari,

1958 1686 2137 1715 -νῗιιιηυι
2165 1691 2214 1715 ε..
2256 1710 2409 1715 --μῃὼ

1957 1686 2138 1743 videre
2165 1691 2217 1745 in
2256 1710 2418 1751 unum
2460 1716 2652 1759 nomen
2678 1723 2996 1771 concurrere
3023 1735 3191 1789 genus
3217 1686 3528 1794 humanum:

1958 1776 2026 1891 Et
2071 1782 2195 1848 quid
2226 1783 2498 1844 facerent?
2546 1794 2688 1851 Multi
2723 1800 2997 1872 elegerunt
3023 1776 3533 1891 ἷεηοιζιιὲἷδῖὲῖἧῖυὲἶ

1957 1867 2283 1931 dimittentes
2313 1878 2500 1937 domos
2525 1899 2668 1956 suas,
2700 1893 3023 1956 substantias
3052 1867 3177 1961 suas
3205 1867 3532 1975 distribuen-

1960 1967 2038 2013 tes
2087 1967 2439 2038 pauperibus,
2489 1990 2839 2039 cucurrerunt
2872 1988 2939 2042 ad
2970 1967 3388 2059 perfectionem:
3404 1967 3533 2067 wTali

1957 2055 2097 2107 enim
2127 2056 2436 2169 im'perfecto
2460 2067 2659 2124 dicitur
2699 2089 2728 2127 a
2774 2055 2996 2137 Domino
3031 2103 3044 2139 :
3074 2087 3136 2141 Si
3176 2093 3250 2146 vis
3286 2055 3533 2169 perfer—ﬂ;

1957 2160 2081 2212 esse,
2110 2150 2253 2216 vade,
2282 2156 2436 2210 vende
2456 2162 2623 2215 omnia
2651 2181 2763 2234 qua:
2791 2169 2961 2239 babes,
2991 2186 3036 2229 et
3078 2180 3146 2232 da
3190 2150 3495 2256 pauperibus
3509 2211 3532 2258 ;

1957 2245 2002 2289 et
2044 2242 2175 2307 veni,
2226 2260 2426 2315 sequere
2472 2267 2567 2318 me,
2625 2266 2671 2309 et
2715 2260 2914 2318 habebis
2968 2269 3256 2329 thesaurum
3300 2280 3352 2333 in
3394 2287 3532 2341 cwlis

1958 2324 2067 2397 (Id.
2092 2347 2199 2397 XIX,
2231 2335 2344 2407 si).
2376 2340 2520 2397 Multi
2566 2360 2630 2400 ex
2679 2352 2941 2410 nobilibus
2986 2324 3527 2432 ιοεοιευέιιίξξρξξξᾶ

1957 2435 2301 2483 cessaverunt
2344 2431 2431 2487 isti
2486 2437 2693 2494 nobiles
2746 2458 2864 2499 esse
2912 2454 3147 2519 gentium
3187 2474 3201 2522 ;
3254 2462 3530 2535 elegerunt

1958 2528 2317 2587 paupertatem
2345 2524 2398 2579 in
2428 2532 2644 2599 saeculo,
2681 2537 3011 2598 nobilitatem
3038 2546 3088 2600 in
3117 2524 3369 2610 Christo:
3381 2557 3530 2617 Multi

1956 2616 2131 2664 autem
2163 2622 2343 2669 tenent
2387 2618 2552 2688 ipsam
2592 2625 2919 2687 nobilitatem
2948 2637 2962 2666 ί
2984 2676 2998 2701 ,
3028 2645 3211 2697 tenent
3236 2647 3406 2716 regias
3429 2665 3528 2720 po-

1959 2708 2175 2758 testates
2195 2747 2208 2767 ,
2237 2715 2292 2761 et
2319 2708 2395 2764 sic
2420 2721 2546 2767 sunt
2579 2715 2870 2777 christiani.
2902 2725 3004 2795 Ipsi
3031 2741 3153 2787 sunt
3192 2708 3443 2808 tanquam
3475 2744 3528 2799 in

1956 2795 2318 2864 compedibus,
2347 2808 2401 2855 et
2449 2810 2696 2875 tanquam
2748 2812 2799 2866 in
2849 2816 3068 2875 vinculis
3111 2795 3320 2883 ferreis.
3381 2832 3529 2891 Unde

1955 2880 2094 2937 hoc?
2119 2886 2197 2940 Ne
2226 2893 2668 2960 progrederemur
2696 2902 2761 2955 ad
2801 2904 2977 2962 illicita
3000 2950 3015 2971 ,
3057 2918 3342 2986 compedes
3379 2937 3528 2982 acce-

1957 2986 2173 3041 perunt;
2234 2984 2520 3051 compedes
2567 2991 2858 3060 sapientiae,
2895 2984 3195 3070 compedes
3212 3010 3357 3065 verbi
3412 3014 3528 3071 Dei.

2026 3067 2115 3121 15.
2155 3069 2330 3136 Quare
2385 3091 2511 3146 ergo
2560 3081 2765 3137 vincula
2819 3067 3033 3159 ferrea;
3058 3103 3112 3150 et
3163 3113 3266 3154 non
3319 3102 3526 3164 vincula

1955 3158 2158 3210 aurea?
2186 3159 2380 3217 Ferrea
2401 3177 2525 3220 sunt
2552 3172 2801 3237 quamdiu
2831 3177 3044 3248 timent;
3068 3197 3266 3255 ament,
3291 3201 3342 3246 et
3367 3209 3525 3253 aurea

1955 3256 2131 3301 erunt.
2161 3250 2412 3309 Attendat
2436 3255 2679 3314 Charitas
2710 3276 2882 3322 vestra
2912 3272 3037 3339 quid
3058 3250 3263 3345 loquar.
3289 3250 3525 3344 Audistis

1956 3337 2112 3392 modo
2142 3345 2437 3408 apostolum
2460 3347 2715 3407 Joannem
2752 3372 2763 3407 :
2800 3356 2970 3414 Timor
3006 3380 3105 3418 non
3132 3379 3202 3422 est
3227 3370 3279 3425 in
3304 3375 3527 3433 charito-

1953 3435 2034 3494 te;
2064 3431 2151 3483 sed
2178 3434 2398 3502 perfecta
2413 3440 2631 3496 charitas
2651 3448 2791 3513 foras
2815 3451 2961 3505 mittit
2978 3455 3221 3528 timorem,
3244 3468 3361 3533 quia
3379 3470 3525 3527 timor

1955 3527 2254 3577 tormentum
2287 3524 2431 3582 liabet
2464 3531 2504 3598 (I
2530 3531 2685 3588 Joan.
2716 3553 2787 3606 iv,
2813 3541 2920 3610 18).
2973 3544 3084 3602 Hoc
3123 3524 3218 3607 esti
3256 3524 3525 3619 vinculum

1955 3608 2205 3668 ferreum.
2233 3615 2299 3669 Et
2337 3627 2512 3676 tamen
2543 3624 2641 3679 nisi
2673 3628 2863 3686 timore
2893 3633 3108 3705 incipiat
3152 3641 3312 3700 homo
3360 3649 3525 3708 Deum

1952 3702 2129 3759 colere
2149 3746 2163 3769 ,
2196 3721 2300 3761 non
2330 3714 2600 3777 perveniet
2623 3717 2687 3770 ad
2715 3734 2971 3777 amorem.
3001 3702 3226 3786 initium
3254 3738 3524 3806 sapientiai

1954 3793 2116 3848 timor
2142 3797 2346 3852 Domini
2374 3801 2544 3872 (Psal.
2576 3821 2662 3870 cx,
2700 3810 2810 3880 10).
2846 3812 3030 3885 Incipit
3069 3835 3194 3892 ergo
3232 3840 3262 3879 a
3302 3793 3523 3889 vinculis

1951 3883 2160 3953 ferreis,
2186 3887 2365 3944 ﬁnitur
2386 3894 2451 3946 ad
2487 3904 2725 3967 torquem
2756 3883 2993 3961 aureum.
3028 3883 3232 3972 Dictum
3274 3930 3354 3976 est
3380 3925 3523 3982 enim

1947 3974 2014 4029 de
2064 3976 2348 4047 Sapientia,
2405 3983 2474 4038 Et
2529 3996 2751 4059 torquem
2790 4011 2997 4053 aureum
3038 4002 3170 4060 circa
3224 4019 3361 4067 tuam
3415 4033 3523 4073 cer-

1948 4069 2100 4123 vicem
2130 4071 2315 4144 (Eccli.
2352 4093 2426 4143 γι,
2475 4080 2585 4151 25).
2638 4083 2751 4141 Non
2800 4090 2890 4144 tibi
2935 4093 3227 4166 imponeret
3280 4069 3520 4177 torquem

1946 4175 2165 4217 aureum
2199 4204 2212 4227 ,
2253 4166 2351 4220 nisi
2384 4171 2554 4238 primo
2595 4173 2645 4228 in
2687 4182 3031 4250 compedibus
3070 4187 3257 4248 ferreis
3297 4204 3349 4252 te
3379 4166 3519 4254 alli-

1944 4262 2139 4320 gasset.
2165 4256 2399 4326 C(episti
2438 4277 2467 4315 a
2511 4264 2736 4336 timore,
2777 4281 3159 4335 consummaris
3196 4285 3263 4340 ad
3310 4291 3519 4360 sapien-

1946 4344 2068 4398 tiam
2095 4348 2136 4398 ¹.
2178 4346 2345 4413 Quam
2384 4354 2531 4407 multi
2572 4369 2694 4412 sunt
2734 4362 2821 4430 qui
2866 4378 3149 4436 propterea
3193 4344 3519 4441 nolunt‘ina-

1944 4437 1991 4491 le
2030 4438 2220 4505 facere,
2265 4443 2384 4511 quia
2423 4446 2693 4515 gehennas
2733 4454 2944 4522 timent,
2985 4463 3107 4530 quia
3146 4470 3408 4527 cruciatus
3454 4437 3519 4529 ti-

1942 4531 2124 4584 ment?
2143 4531 2387 4589 Nondum
2410 4547 2591 4594 amant
2612 4541 2892 4609 justitiam.
2924 4549 2977 4604 Si
2998 4552 3102 4607 illis
3117 4559 3517 4624 promitteretur

1941 4621 2259 4691 impunitas,
2288 4627 2357 4681 ἐι
2399 4627 2663 4687 diceretur
2698 4637 2800 4700 eis,
2831 4638 3011 4695 Facite
3047 4621 3188 4712 quod
3230 4650 3383 4704 vultis
3426 4667 3514 4708 se-

1938 4713 2085 4779 curi,
2132 4716 2446 4786 impunitum
2486 4724 2633 4778 vobis
2676 4726 2807 4793 erit;
2849 4734 3153 4791 emitterent
3198 4754 3512 4810 progressus

1937 4802 2211 4859 libidinum
2242 4824 2455 4865 suarum
2485 4813 2535 4866 in
2561 4830 2780 4886 quaeque
2801 4822 3120 4889 nequissima
3140 4844 3154 4880 :
3174 4838 3227 4883 et
3258 4834 3509 4902 maxime,

1936 4894 2127 4950 fratres
2170 4898 2307 4966 mei,
2339 4902 2568 4958 maxime
2606 4920 2757 4975 reges
2800 4917 2853 4962 et
2896 4912 3134 4980 nobiles,
3167 4919 3357 4987 quibus
3401 4938 3507 4978 non

1935 4984 2087 5042 facile
2121 4987 2346 5057 dicitur,
2378 4992 2511 5058 Quid
2549 4993 2759 5050 fecisti?
2786 4998 2916 5054 Nam
2956 5016 3157 5074 pauper
3184 4984 3379 5078 homo,
3407 5016 3508 5069 etsi

1934 5090 2037 5129 non
2072 5078 2251 5133 timeat
2279 5080 2482 5147 Deum;
2515 5084 2635 5153 quia
2668 5087 2930 5143 nullarum
2965 5090 3154 5149 virium
3185 5106 3301 5165 est,
3332 5101 3505 5156 nulla-

1932 5181 2047 5219 rum
2086 5166 2426 5235 facultatum;
2460 5188 2526 5227 ne
2554 5187 2673 5229 cum
2704 5191 2763 5231 se
2805 5186 3177 5252 commoverit,
3211 5187 3263 5243 in
3302 5194 3505 5264 suppli-

1928 5256 2068 5309 cium
2102 5258 2354 5326 rapiatur,
2388 5272 2559 5317 cessat
2591 5264 2778 5322 timore
2816 5268 3076 5339 hominis,
3108 5277 3207 5331 etsi
3248 5256 3501 5339 non-Dei.

1929 5348 2177 5403 Potentes
2216 5360 2393 5406 autem
2435 5356 2651 5423 mundi,
2695 5374 2877 5429 reges,
2924 5364 3158 5436 nobiles,
3192 5372 3291 5427 nisi
3334 5373 3499 5430 Deum

1929 5441 2177 5507 timeant,
2209 5444 2333 5511 quid
2364 5446 2655 5503 timebunt?
2682 5448 2787 5505 Sed
2815 5454 3130 5521 praidicatur
3148 5461 3271 5528 illis,
3302 5472 3355 5517 et
3376 5480 3500 5535 per-

1924 5530 2194 5585 cutiuntnr
2232 5533 2428 5589 framea
2468 5538 2549 5592 bis
2575 5548 2746 5594 acuta.
2779 5542 2978 5598 Dicitur
3013 5547 3115 5601 illis
3147 5551 3266 5619 quia
3295 5530 3496 5625 estqui

1925 5630 2085 5690 ponat
2112 5624 2245 5678 alios
2271 5624 2335 5679 ad
2362 5625 2628 5683 dexteram
2646 5672 2660 5697 ,
2691 5633 2821 5688 alios
2847 5634 2913 5688 ad
2936 5636 3204 5694 sinistram
3227 5658 3241 5707 ;
3275 5652 3330 5697 ut
3358 5644 3499 5701 dicat

1986 5760 2004 5832 ξ
2030 5760 2119 5832 the
2135 5760 2185 5807 in
2206 5760 2542 5832 Eddnadditur,
2565 5762 2614 5814 in
2636 5766 2821 5817 Christo
2844 5771 3005 5832 :quod
3028 5774 3169 5824 abest
3184 5787 3211 5824 a
3234 5781 3339 5825 Mss.

1984 5822 2004 5851 ²
2029 5820 2160 5897 Edd,
2185 5835 2216 5897 ιι
2236 5822 2483 5897 sapientia.
2512 5820 2564 5875 A't
2581 5840 2750 5877 omnes
2772 5820 2987 5889 Mss.,'ad
3010 5820 3339 5897 διιρῖιῖἠιῖίῧπῂέ
3358 5847 3407 5890 et
3431 5853 3493 5891 ex

1924 5883 1999 5931 his
2020 5880 2189 5941 plures
2206 5880 2403 5944 habent,
2426 5899 2766 5939 consummaxe.
