4084 6456
607 432 743 489 1959

606 550 686 604 eis
714 547 803 618 qui
847 563 875 601 a
919 547 1149 602 sinistris
1180 558 1301 603 sunt
1330 566 1341 601 :
1376 548 1455 602 Ite
1494 550 1544 601 in
1585 550 1745 619 ignem
1783 559 2023 604 retentum
2045 590 2058 615 ,
2094 551 2180 613 qui

607 650 815 708 paratus
838 649 909 693 est
929 639 1127 694 diabolo
1159 648 1205 693 et
1238 641 1427 709 angelis
1443 642 1550 712 ejus
1572 639 1781 711 (Matth.
1809 656 1934 707 xxv,
1957 642 2045 706 55,
2069 640 2178 710 41).

605 728 849 783 Nondum
885 728 1111 799 diligunt
1143 729 1436 799 justitiam,
1476 731 1568 785 sed
1610 731 1795 785 timent
1835 746 2073 801 poenam;
2129 741 2185 784 et

607 820 841 876 timendo
878 835 1123 890 poenam,
1163 821 1273 890 jam
1320 830 1638 893 acceperunt
1678 822 1991 893 compedes,
2036 833 2090 876 et
2130 822 2180 875 in

605 912 826 967 vinculis
870 911 1057 967 ferreis
1097 912 1427 967 erudiuntur.
1474 912 1631 967 Venit
1674 912 1739 967 ad
1784 927 1879 966 nos
1918 902 2077 965 homo
2116 911 2183 965 de

606 1004 801 1058 saeculo
843 1011 1066 1071 potens;
1116 1002 1335 1057 otl‘cndit
1382 1003 1524 1056 illum
1566 1019 1702 1055 uxor
1742 1017 1870 1067 sua,
1919 1010 2010 1054 aut
2046 1000 2182 1055 forte

603 1094 908 1163 concupivit
943 1093 1162 1147 alterius
1204 1093 1591 1163 pulchriorem,
1642 1102 1733 1147 aut
1771 1093 1988 1147 alteram
2028 1091 2184 1146 ditio-

606 1202 716 1240 rem
744 1203 756 1239 :
781 1186 892 1241 vult
926 1186 1198 1241 dimittere
1234 1201 1350 1240 eam
1392 1200 1547 1255 quam
1582 1186 1766 1248 habet,
1804 1193 1856 1239 et
1892 1199 1996 1238 non
2038 1183 2179 1237 facit.

604 1278 767 1333 Audit
796 1294 826 1332 a
857 1293 1016 1333 servo
1047 1278 1176 1344 Dei,
1208 1277 1352 1332 audit
1378 1292 1407 1330 a
1437 1276 1690 1346 propheta
1710 1317 1725 1342 ,
1758 1275 1902 1329 audit
1941 1274 2009 1328 ab
2050 1289 2180 1345 apo-

605 1369 779 1436 stolo,
810 1378 865 1425 et
903 1384 1007 1423 non
1043 1369 1169 1423 facit
1194 1370 1246 1433 ¹;
1284 1367 1428 1422 audit
1457 1368 1522 1421 ab
1564 1382 1629 1421 eo
1674 1368 1723 1421 in
1759 1366 1909 1434 cujus
1938 1366 2182 1420 manibus

605 1469 689 1515 est
716 1460 913 1514 framea
942 1459 1024 1515 bis
1044 1468 1196 1514 acuta
1218 1501 1232 1525 ,
1264 1458 1379 1513 Non
1409 1457 1569 1513 facies
1588 1500 1602 1525 ,
1632 1473 1735 1511 non
1766 1458 1885 1511 licet
1916 1457 2006 1510 tibi
2028 1499 2042 1523 ,
2076 1472 2181 1510 non

609 1550 866 1620 permittit
894 1550 1029 1605 Deus
1059 1548 1327 1604 dimittere
1358 1564 1603 1613 uxorem,
1636 1556 1853 1617 excepta
1878 1562 2035 1601 causa
2070 1545 2180 1601 for-

607 1640 886 1695 nicationis
929 1639 1038 1710 (Id.
1085 1656 1138 1707 ν,
1176 1637 1291 1710 52.)
1332 1656 1345 1691 :
1390 1639 1537 1693 audit
1580 1638 1709 1705 hoc,
1753 1639 1941 1704 timet,
1983 1646 2035 1692 et
2076 1653 2183 1692 non

608 1732 749 1786 facit.
792 1731 960 1787 Pedes
1000 1731 1145 1785 leves
1183 1731 1290 1801 jam
1336 1730 1807 1801 progrediebantur
1850 1732 1901 1784 in
1937 1731 2139 1799 lapsum
2165 1772 2179 1794 ,

605 1822 951 1892 compedibus
999 1831 1278 1887 tenentur;
1329 1822 1490 1877 habet
1527 1823 1737 1877 vincula
1780 1822 1982 1887 ferrea,
2034 1825 2184 1878 timet

608 1915 796 1970 Deum.
848 1915 1048 1969 Dicitur
1088 1914 1160 1969 illi
1198 1916 1521 1969 :Damnabit
1566 1924 1615 1970 te
1658 1916 1828 1981 Deus,
1876 1918 1917 1970 si
1960 1916 2179 1982 feceris;

604 2005 765 2073 judex
804 2013 886 2060 est
914 2020 1072 2075 supra
1112 2019 1327 2071 omnes,
1361 2006 1509 2059 audit
1536 2006 1792 2075 gemitum
1823 2008 2003 2061 uxoris
2044 2017 2178 2073 ture,

607 2113 732 2153 reus
763 2097 1027 2153 teneberis
1056 2097 1108 2151 in
1134 2106 1420 2166 conspectu
1448 2098 1581 2168 ejus.
1608 2099 1719 2153 Hac
1755 2090 2182 2169 concupiscentia

606 2189 894 2257 blanditur,
922 2190 1020 2244 hac
1050 2204 1204 2259 poma
1234 2189 1489 2244 deterret.
1524 2190 1634 2243 Ibat
1653 2190 1719 2244 ad
1741 2191 2181 2246 consentiendum

605 2297 785 2354 prava:
805 2282 1081 2351 cupiditati
1104 2323 1119 2347 ,
1147 2282 1249 2336 nisi
1276 2282 1481 2336 vincula
1506 2282 1675 2337 ferrea
1697 2284 2007 2339 retinerent.
2032 2283 2181 2351 Quod

606 2377 722 2446 plus
768 2384 881 2442 est,
925 2376 969 2430 si
1012 2374 1183 2439 dicat,
1233 2375 1520 2430 Continere
1559 2375 1669 2445 jam
1713 2377 1867 2440 volo,
1909 2376 2032 2429 nolo
2071 2375 2182 2444 jam

605 2480 827 2531 uxorem
861 2484 873 2519 :
902 2465 1015 2521 Non
1043 2473 1215 2536 potes.
1240 2464 1374 2532 Quid
1392 2505 1406 2531 ,
1430 2464 1473 2518 si
1494 2473 1549 2519 tu
1574 2465 1654 2519 vis
1673 2506 1686 2531 ,
1715 2474 1769 2521 et
1793 2465 1883 2519 illa
1906 2479 2008 2519 non
2036 2466 2184 2519 vult?

605 2557 859 2627 numquid
898 2572 994 2626 per
1023 2556 1400 2611 continentiam
1431 2566 1572 2609 tuam
1601 2555 1758 2610 debet
1786 2555 1872 2609 illa
1915 2556 2027 2610 ﬁeri
2071 2556 2179 2610 for-

604 2651 874 2707 nicaria’?
900 2649 957 2704 Si
991 2649 1079 2704 alii
1104 2648 1345 2718 nupserit
1376 2656 1425 2702 te
1452 2647 1606 2713 vivo,
1640 2646 1880 2701 adultera
1917 2648 2035 2701 erit.
2066 2645 2181 2700 Non

601 2744 716 2797 vult
746 2742 834 2796 tali
862 2742 1011 2796 lucro
1034 2740 1173 2796 Deus
1193 2754 1539 2808 compensare
1565 2739 1669 2793 tale
1697 2738 1969 2793 damnum.
1996 2738 2179 2794 Redde

602 2835 875 2898 debitum;
906 2834 1004 2889 etsi
1046 2848 1152 2888 non
1195 2831 1392 2902 exigis,
1422 2830 1606 2886 redde.
1636 2831 1739 2885 Pro
1764 2830 2181 2887 sanctiﬁcatione

602 2930 837 3002 perfecta
882 2930 1021 2983 Deus
1071 2928 1164 2982 tibi
1211 2925 1573 2995 computabit,
1614 2926 1657 2980 si
1704 2939 1806 2979 non
1843 2924 1981 2994 quod
2023 2924 2183 2979 debet

601 3021 768 3091 exigis
795 3020 835 3085 ³,
868 3018 962 3074 sed
1002 3018 1177 3072 reddis
1204 3016 1344 3087 quod
1374 3016 1599 3070 debetur
1633 3018 1807 3069 uxori.
1833 3014 2041 3078 Times,
2074 3029 2179 3067 non

600 3113 763 3179 facis;
801 3111 1176 3167 concutiuntur
1212 3110 1418 3163 vincula
1466 3118 1574 3163 tua.
1618 3106 1753 3161 Audi
1795 3108 1919 3177 quia
1957 3106 2180 3161 vinculis

598 3204 785 3260 ferreis
812 3202 1129 3258 constrictus
1164 3216 1222 3255 es
1250 3218 1261 3254 :
1294 3200 1540 3269 Alligatus
1571 3215 1620 3253 es
1655 3198 1799 3251 uxori
1816 3198 1839 3251 ?
1863 3196 1943 3251 Ne
1970 3198 2179 3267 quasie-

598 3297 669 3348 ris
697 3294 995 3348 solutionem
1026 3290 1084 3363 (I
1118 3290 1236 3346 Cor.
1272 3306 1378 3355 vn,
1425 3290 1529 3356 59,
1562 3291 1629 3357 5,
1670 3288 1782 3359 27).
1824 3289 2020 3343 Durum
2060 3298 2138 3343 est
2161 3332 2175 3355 ,

597 3382 828 3439 ferreum
871 3392 971 3437 est.
1000 3382 1129 3436 Nam
1160 3382 1370 3451 quando
1398 3381 1652 3437 Dominus
1681 3380 1781 3435 hoc
1809 3382 1916 3447 ait,
1948 3380 2179 3435 ostendit

597 3476 720 3544 quia
762 3474 1029 3528 vinculum
1073 3485 1154 3527 est
1198 3472 1427 3527 ferreum
1462 3490 1474 3526 :
1508 3472 1907 3545 (adolescentes
1958 3473 2173 3527 audite:

596 3566 806 3619 vincula
836 3565 1006 3619 ferrea
1050 3574 1175 3617 sunt
1197 3606 1211 3629 ,
1241 3564 1401 3617 nolite
1436 3564 1598 3632 pedes
1640 3564 1887 3626 mittere;
1919 3578 2039 3617 cum
2072 3563 2173 3617 mi-

595 3656 799 3722 seritis,
852 3655 1050 3709 arctius
1101 3652 1539 3722 constringemini
1610 3653 1972 3723 compedibus.
2022 3654 2174 3708 Tales

595 3746 879 3818 compedes
906 3746 1241 3801 consolidant
1268 3744 1417 3799 vobis
1438 3754 1492 3798 et
1517 3744 1749 3815 episcopi
1778 3760 1983 3799 manus.
2006 3744 2173 3799 Num-

595 3840 720 3910 quid
751 3853 857 3893 non
885 3836 1090 3907 fugiunt
1120 3838 1169 3891 in
1203 3837 1493 3891 Ecclesiam
1521 3836 1843 3907 compediti,
1876 3846 1929 3892 et
1956 3838 2172 3891 solvun-

596 3940 682 3985 tur
704 3929 827 3983 hic?
858 3928 964 3982 Viri
1008 3928 1214 3997 fugiunt
1244 3927 1347 3981 huc
1388 3926 1626 3981 volentes
1664 3927 1933 3983 dimittere
1978 3942 2172 3982 uxores

592 4035 750 4084 suas;
780 4018 865 4074 hic
894 4018 1092 4073 arctius
1116 4018 1431 4087 colligantur
1456 4035 1467 4071 :
1492 4033 1650 4071 nemo
1677 4019 1833 4073 solvit
1856 4018 1876 4049 ⁸
1904 4018 1998 4074 has
2028 4034 2172 4074 com-

599 4111 822 4186 pedes).
858 4112 1007 4179 Quod
1035 4111 1174 4164 Deus
1204 4110 1488 4180 conjunxit,
1524 4110 1672 4164 homo
1702 4127 1800 4163 non
1830 4121 2041 4180 separet.
2067 4111 2170 4165 Sed

600 4205 735 4260 dura
764 4213 886 4259 sunt
913 4203 1141 4258 vincula.
1166 4201 1295 4268 Quis
1330 4201 1570 4257 nesciat?
1601 4201 1770 4270 Ipsam
1798 4201 2042 4256 duritiam
2071 4202 2167 4256 do-

593 4298 809 4353 luerunt
834 4297 1069 4366 Apostoli
1092 4336 1105 4359 ,
1149 4304 1202 4349 et
1230 4295 1517 4350 dixerunt:
1550 4294 1611 4350 Si
1644 4295 1757 4350 talis
1787 4305 1858 4349 est
1882 4314 2035 4350 causa
2055 4313 2168 4351 cum

592 4404 770 4453 uxore,
794 4404 897 4440 non
919 4388 1115 4454 expedit
1138 4389 1339 4441 nubere.
1364 4386 1420 4440 Si
1449 4387 1657 4441 vincula
1682 4387 1851 4443 ferrea
1873 4398 1999 4443 sunt
2017 4432 2030 4455 ,
2062 4406 2165 4445 non

594 4495 729 4551 opus
760 4487 842 4534 est
882 4488 937 4533 ut
967 4479 1073 4533 illic
1112 4479 1275 4549 pedes
1308 4480 1603 4533 mittantur.
1633 4480 1698 4534 Et
1729 4482 1979 4535 Dominus
2005 4499 2016 4533 :
2047 4481 2165 4535 Non

590 4590 762 4629 omnes
791 4574 996 4643 capiunt
1020 4572 1216 4626 verbum
1243 4570 1411 4633 istud;
1434 4573 1521 4624 sed
1546 4573 1630 4641 qui
1658 4581 1814 4642 potest
1840 4589 2016 4641 capere
2039 4614 2053 4639 ,
2077 4590 2164 4625 ca-

589 4670 694 4739 piat
722 4666 930 4738 (Matth.
956 4681 1075 4729 xix,
1105 4665 1137 4719 6
1159 4706 1173 4731 ,
1202 4665 1267 4719 10
1291 4704 1305 4728 ,
1345 4664 1451 4732 Il).
1483 4663 1732 4733 Alligatus
1778 4681 1827 4717 es
1872 4664 2058 4718 uxori?
2086 4664 2166 4717 Ne

586 4758 843 4825 quazsieris
886 4758 1213 4819 solutionem;
1244 4771 1362 4825 quia
1406 4755 1650 4824 alligatus
1689 4769 1747 4808 cs
1795 4756 2015 4809 vinculis
2055 4754 2161 4810 fer—

586 4852 714 4906 reis.
747 4849 954 4905 Solutus
982 4865 1033 4902 es
1062 4848 1123 4902 ab
1154 4848 1349 4902 uxore?
1374 4864 1436 4900 ne
1460 4847 1711 4915 qua'sieris
1732 4864 1939 4901 uxorein
1968 4846 2011 4921 (Ι
2040 4848 2159 4904 Cor.

590 4960 662 4999 vn
689 4984 703 5006 ,
736 4942 827 5013 27)
852 4959 863 5003 ;
895 4957 998 4995 non
1028 4949 1079 4995 te
1104 4942 1319 5011 colliges
1351 4940 1572 4997 vinculis
1600 4939 1806 4995 ferreis.

658 5034 746 5089 16.
778 5030 942 5105 [vers.
962 5030 1053 5104 9.]
1075 5031 1140 5086 Ut
1158 5034 1348 5102 faciant
1375 5034 1427 5085 in
1449 5032 1518 5085 eis
1525 5032 1778 5102 judicium
1804 5031 2156 5099 conscriptum.

584 5129 698 5185 lloc
724 5138 805 5182 cst
826 5126 1081 5194 judicium
1113 5124 1253 5194 quod
1283 5124 1480 5179 faciunt
1506 5125 1673 5179 sancti
1706 5140 1798 5193 per
1822 5138 2006 5181 omnes
2033 5139 2160 5194 gen-

585 5233 685 5278 tes.
722 5220 894 5288 Quare
917 5261 929 5285 ,
962 5218 1341 5286 conscriptum?
1365 5217 1499 5285 Quia
1541 5218 1637 5271 ista
1673 5226 1826 5271 antea
1860 5216 2157 5286 conscripta

645 5381 661 5412 ¹
701 5377 923 5439 Plerique
950 5384 1073 5439 Mss,
1113 5374 1443 5439 quamrltabet.
1480 5375 1760 5439 Non_"facis,
1792 5375 1933 5439 audit
1964 5388 1994 5424 a
2018 5388 2158 5439 servo

585 5441 686 5501 Dei,
712 5436 901 5501 audita
914 5436 1160 5501 propheta,
1179 5436 1315 5501 audit
1333 5437 1393 5485 ab
1410 5436 1634 5499 apostolo,
1655 5446 1752 5486 Non
1772 5436 1911 5500 facis.
1939 5444 1989 5486 Et
2013 5437 2149 5486 infra:

581 5498 682 5554 Non
706 5500 839 5564 facis,
868 5498 961 5564 non
983 5498 1092 5549 licet
1107 5499 1208 5564 tibi,
1234 5507 1328 5564 etc.

641 5567 661 5597 ἱ
686 5558 756 5612 t-ir.
783 5558 928 5625 Lugd.
968 5570 1084 5625 Ven.
1127 5562 1195 5607 sic
1236 5561 1417 5625 habent
1438 5559 1565 5607 hunc
1590 5558 1787 5625 iocum:
1818 5559 1983 5625 picum
2028 5561 2155 5623 quod

578 5625 687 5688 plus
708 5630 777 5675 est
801 5638 816 5674 :
839 5620 926 5674 sed
951 5620 1367 5688 dicat,_@ntinere
1383 5622 1490 5688 jam
1511 5620 1643 5688 _rolo,
1668 5622 1774 5671 nolo
1796 5622 1909 5688 jam
1932 5620 2152 5688 tererent,

578 5680 670 5734 non
692 5692 894 5747 potest...
915 5682 1147 5747 numquid
1167 5695 1251 5745 per
1267 5680 1602 5731 contumatiam
1624 5689 1754 5731 tuam
1773 5682 1914 5733 debes
1930 5683 2063 5731 illam
2081 5686 2153 5745 fa-

579 5746 1051 5819 cer_ej[om_icaria_nt.’
1088 5753 1183 5819 At;
1373 5817 1379 5819 Α
1416 5802 1459 5819 Β,
1491 5816 1568 5819 μ’
1595 5804 1607 5819 ι
1644 5818 1649 5819 γ
1776 5804 1833 5819 Η
1878 5810 1890 5819 ι
2046 5806 2057 5815 ,
2098 5808 2106 5816 _

644 5809 662 5839 ³
687 5804 758 5856 sic
776 5806 939 5867 plures
961 5813 1070 5869 Mss.
1088 5806 1197 5854 add.
1226 5817 1346 5853 vero
1360 5817 1383 5869 _:
1411 5804 1607 5866 siquod
1639 5818 1731 5855 non
1756 5804 1951 5854 debetur
1974 5806 2145 5869 erigis.

641 5871 662 5899 ⁸
687 5870 758 5916 sic
910 5875 965 5916 At
983 5867 1113 5921 uid.
1137 5878 1273 5916 nemo
1301 5865 1461 5915 solvat.

1846 438 1900 492 S.
1944 436 2301 492 AUGUSTI.“
2343 439 2635 497 EI'ISCOPI

3730 460 3904 517 £960

2288 561 2443 614 sunt,
2488 563 2540 608 et
2578 555 2738 610 modo
2774 559 3127 628 complentur.
3175 563 3310 619 Ecce
3360 566 3517 621 modo
3566 568 3741 623 ﬁunt:
3780 573 3902 626 ali-

2287 642 2500 710 quando
2538 645 2862 714 legebantur,
2897 659 2952 704 et
2985 666 3088 705 non
3132 654 3343 709 ﬁebant.
3380 656 3443 709 Et
3464 658 3721 713 conclusit
3757 661 3845 713 ita
3884 679 3899 715 :

2291 730 2464 785 Gloria
2493 736 2598 788 liwc
2638 748 2707 790 est
2734 741 2959 796 omnibus
2996 746 3183 797 sanctis
3209 746 3337 814 ejus.
3368 746 3469 800 Per
3500 756 3671 802 totum
3714 766 3901 803 mun-

2290 823 2413 877 dum
2441 866 2454 890 ,
2503 842 2597 896 per
2642 831 2914 888 universas
2960 845 3148 904 gentes
3197 837 3296 892 hoc
3343 841 3512 893 sancti
3560 852 3766 911 agunt,
3808 846 3904 898 sic

2288 914 2683 981 glorificantur:
2714 922 2790 976 sic
2838 924 3073 979 exaltant
3124 927 3292 981 Deum
3341 929 3391 983 in
3440 930 3680 986 faucibus
3720 934 3896 997 suis,

2289 1004 2365 1057 sic
2391 1005 2637 1063 lmtantur
2667 1012 2717 1065 in
2756 1013 3015 1071 cubilibus
3049 1018 3159 1071 suis
3180 1060 3193 1083 ,
3222 1019 3298 1073 sic
3324 1021 3591 1075 exsultant
3620 1024 3672 1076 in
3701 1024 3897 1092 gloria

2289 1108 2415 1160 sua,
2444 1098 2521 1152 sic
2559 1102 2856 1158 exaltantur
2884 1106 2933 1159 in
2982 1107 3189 1177 salute,
3234 1110 3310 1164 sic
3349 1120 3565 1166 cantant
3604 1115 3894 1168 canticum

2290 1202 2487 1243 novum
2512 1232 2523 1255 ,
2558 1193 2632 1247 sic
2662 1194 2840 1249 dicunt
2867 1198 3083 1252 Alleluia
3106 1242 3119 1265 ,
3151 1200 3330 1266 corde,
3363 1216 3456 1256 ore
3476 1245 3490 1269 ,
3522 1204 3644 1257 vita.
3672 1204 3891 1260 Amen.

2324 1326 2679 1337 _

2738 1406 2818 1465 IN
2862 1406 3238 1469 PSALMUM
3282 1409 3379 1471 CL

2878 1527 3295 1589 ENARRATIO.

2363 1637 2412 1690 I.
2443 1635 2695 1703 Quamvis
2736 1639 2867 1695 ordo
2898 1641 3225 1697 Psalmorum
3248 1686 3262 1709 ,
3290 1645 3379 1714 qui
3410 1646 3541 1699 mihi
3569 1649 3741 1717 magni
3788 1664 3891 1703 sa-

2289 1730 2547 1784 cramenti
2590 1731 2797 1785 videtur
2843 1734 3115 1788 continere
3153 1744 3415 1789 secretum
3462 1736 3696 1791 nondum
3734 1740 3881 1794 mihi

2290 1821 2447 1875 fuerit
2473 1822 2737 1877 revelatus
2762 1841 2774 1888 ;
2812 1836 2985 1880 tamen
3016 1827 3134 1895 quia
3163 1844 3347 1883 omnes
3372 1839 3583 1884 centum
3612 1832 3884 1902 quinqua-

2290 1912 2431 1980 ginta
2467 1923 2829 1977 numerantur,
2860 1917 3019 1970 etiam
3050 1917 3200 1971 nobis
3226 1918 3314 1987 qui
3359 1920 3517 1975 totius
3551 1922 3753 1976 ordinis
3782 1938 3881 1977 eo-

2289 2019 2407 2057 rum
2425 2004 2754 2059 altitudinem
2781 2006 2951 2060 adhuc
2971 2007 3084 2061 acie
3108 2009 3300 2061 mentis
3324 2024 3426 2063 non
3451 2011 3875 2079 penetravimus,

2292 2096 2558 2152 insinuant
2597 2098 2825 2168 aliquid,
2872 2099 3009 2154 unde
3062 2116 3169 2155 non
3216 2102 3566 2171 impudenter,
3611 2114 3877 2174 quantum

2292 2187 2544 2242 Dominus
2570 2188 2815 2256 adjuvat,
2844 2188 3112 2259 disputare
3144 2192 3425 2259 possimus.
3448 2193 3682 2247 Primum
3706 2195 3876 2264 quin-

2290 2280 2538 2335 denarius
2579 2296 2865 2347 numerus,
2906 2298 2969 2337 ex
2995 2298 3099 2353 quo
3139 2284 3237 2339 iste
3276 2286 3653 2354 multiplicatur
3693 2287 3875 2356 (quod

2290 2373 2429 2427 enim
2474 2372 2655 2427 valent
2699 2373 3003 2443 quindecim
3054 2375 3106 2428 in
3148 2375 3334 2430 ordine
3374 2376 3741 2445 singulorum,
3772 2378 3874 2433 hoc

2290 2464 2465 2518 valent
2488 2474 2705 2519 centum
2736 2465 3114 2535 quinquaginta
3158 2466 3209 2520 in
3254 2465 3440 2521 ordine
3480 2466 3863 2535 denariorum,

2290 2555 2537 2624 quoniam
2590 2555 2898 2625 quindecies
2950 2556 3071 2611 deni
3114 2572 3208 2612 eos
3254 2557 3484 2621 faciunt;
3538 2558 3642 2613 hoc
3690 2559 3866 2615 valent

2290 2648 2433 2703 mille
2475 2648 2743 2719 quingenti
2787 2649 2839 2703 in
2889 2648 3080 2704 ordine
3124 2650 3580 2717 centenariorum,
3620 2651 3865 2721 quoniam

2289 2738 2594 2807 quindecies
2622 2740 2833 2795 centeni
2864 2748 3020 2805 sunt;
3052 2738 3153 2794 hoc
3178 2739 3353 2793 valent
3378 2740 3681 2809 quindecim
3709 2741 3861 2795 millia

2290 2831 2341 2884 in
2372 2832 2557 2885 ordine
2598 2831 3017 2885 millcnariorum
3040 2873 3053 2895 ,
3085 2830 3333 2901 quoniam
3380 2830 3691 2900 quindecies
3723 2831 3863 2886 mille

2288 2921 2443 2994 sunt)
2470 2941 2483 2976 ε
2513 2922 2889 2992 quindenarius
2918 2937 3043 2992 ergo
3070 2936 3321 2977 numerus
3346 2921 3684 2977 concordiam
3702 2923 3862 2991 signi-

2290 3014 2411 3069 ﬁcat
2444 3014 2604 3075 duum
2633 3014 3111 3069 Testamentorum.
3140 3013 3196 3067 ln
3243 3014 3332 3068 illo
3374 3016 3514 3068 enim
3553 3015 3861 3069 observatur

2286 3104 2596 3169 sabbatum,
2638 3104 2778 3173 quod
2808 3103 3067 3174 signiﬁcat
3092 3105 3323 3174 quietem
3354 3103 3549 3171 (Exod.
3580 3120 3651 3157 xx
3672 3146 3688 3169 ,
3722 3105 3813 3173 10)
3844 3122 3857 3156 :

2287 3198 2340 3251 in
2372 3197 2470 3250 isto
2500 3195 2794 3250 dominicus
2822 3196 2932 3250 dies
2953 3237 2969 3262 ,
2997 3197 3083 3266 qui
3110 3196 3373 3266 signiﬁcat
3396 3198 3859 3252 resurrectionem.

2285 3284 2568 3343 Sabbatum
2597 3297 2772 3342 autem
2815 3297 2898 3342 est
2937 3288 3051 3343 dies
3087 3289 3379 3357 septimus:
3412 3289 3708 3344 dominicus
3733 3306 3857 3345 vero

2286 3389 2402 3449 post
2441 3380 2721 3448 septimum
2744 3421 2758 3445 ,
2791 3379 2915 3447 quid
2957 3380 3055 3432 nisi
3082 3390 3329 3443 octavus,
3364 3380 3498 3435 idem
3529 3382 3615 3451 qui
3661 3382 3860 3451 primus

2285 3469 2559 3525 habendus
2598 3472 2718 3524 est?
2746 3469 2859 3538 Ipse
2901 3470 3040 3523 enim
3083 3470 3275 3525 dicitur
3321 3473 3479 3527 etiam
3527 3490 3637 3527 una
3664 3474 3859 3527 sabbati

2285 3560 2476 3631 (Marc.
2509 3577 2595 3614 xvi
2619 3601 2634 3623 ,
2661 3559 2741 3629 2),
2772 3569 2830 3613 ut
2856 3559 3046 3615 deinde
3075 3561 3143 3615 sit
3177 3561 3407 3617 secunda
3432 3606 3444 3625 ,
3476 3564 3626 3617 tertia
3648 3606 3663 3629 ,
3690 3580 3856 3633 quar-

2284 3660 2333 3706 ta
2353 3694 2366 3717 ,
2398 3661 2452 3706 et
2484 3652 2732 3721 deinceps
2764 3669 2927 3723 usque
2952 3653 3015 3706 ad
3046 3655 3325 3721 septimum
3352 3654 3645 3710 sabbatum.
3676 3658 3717 3712 A
3758 3658 3853 3713 do-

2283 3744 2477 3797 minico
2506 3751 2679 3797 autem
2712 3758 2877 3813 usque
2906 3744 2969 3798 ad
2997 3744 3317 3800 dominicum
3347 3758 3564 3801 octavus
3591 3759 3673 3803 est
3696 3749 3806 3803 dies
3828 3770 3844 3803 :

2282 3836 2370 3891 ubi
2415 3836 2737 3891 Testamenti
2779 3838 2910 3892 Novi
2953 3839 3207 3893 revelatio
3250 3840 3569 3916 declaratur,
3616 3842 3755 3911 quod
3794 3843 3845 3895 in

2284 3928 2457 3984 Veteri
2487 3937 2733 3998 tanquam
2763 3929 2861 3983 sub
2907 3930 3131 3983 terrenis
3172 3930 3608 3998 promissionibus
3637 3931 3850 4001 tegeba-

2281 4028 2385 4074 tur.
2423 4020 2635 4089 Septem
2665 4034 2821 4088 porro
2849 4028 2902 4074 et
2941 4021 3386 4090 octo'quindecim
3425 4030 3566 4075 sunt.
3598 4021 3699 4075 Tot
3725 4032 3851 4076 sunt

2279 4121 2333 4167 et
2368 4113 2568 4167 cantica
2597 4128 2713 4181 quae
2756 4112 3086 4182 appellantur
3113 4113 3365 4183 graduum
3387 4156 3401 4178 ,
3432 4114 3678 4180 quoniam
3722 4117 3849 4169 toti-

2277 4202 2399 4257 dem
2445 4202 2653 4257 fuerant
2689 4202 2846 4257 etiam
2889 4204 3066 4273 templi
3104 4203 3315 4273 gradus.
3360 4204 3560 4258 Deinde
3600 4213 3654 4258 et
3695 4206 3850 4274 quin-

2277 4294 2628 4363 quagenarius
2656 4309 2906 4348 numerus
2936 4310 3179 4362 maguum
3204 4304 3609 4357 sacramentum
3652 4310 3747 4364 per
3786 4311 3848 4351 $0

2274 4385 2426 4455 gerit.
2484 4385 2702 4439 Constat
2743 4385 2882 4438 enim
2940 4385 3006 4439 de
3060 4385 3347 4453 septimana
3396 4384 3845 4453 septimanarum.

2274 4478 2451 4531 addito
2482 4492 2586 4531 uno
2618 4486 2862 4547 tanquam
2891 4478 3004 4545 ipso
3033 4486 3218 4531 octavo
3244 4477 3308 4530 ad
3339 4477 3841 4546 quinquagenarium

2273 4588 2550 4627 numerum
2578 4572 2986 4627 terminandum.
3016 4572 3226 4641 Septies
3256 4573 3451 4641 quippe
3480 4583 3682 4639 Septem
3710 4586 3835 4640 qua-

2270 4662 2508 4734 draginta
2559 4679 2749 4717 novem
2800 4663 3029 4726 faciunt;
3080 4662 3272 4732 quibus
3316 4678 3452 4716 unus
3504 4661 3733 4727 additur,
3783 4672 3838 4715 ut

2272 4754 2397 4807 ﬁant
2447 4754 2840 4823 quinquaginta.
2898 4754 2996 4820 Qui
3056 4768 3307 4808 numerus
3366 4754 3837 4823 quinquagenarius

2269 4865 2435 4919 usque
2469 4849 2600 4903 adeo
2631 4864 2833 4918 magme
2866 4848 3265 4917 signiﬁcationis
3299 4857 3413 4911 est,
3443 4855 3501 4900 ut
3537 4862 3601 4899 ex
3635 4847 3835 4900 Domini

2268 4940 2656 4994 resurrectione
2686 4948 2761 4992 tot
2804 4938 2990 4993 diebus
3031 4938 3341 5006 completis,
3372 4938 3486 5005 ipso
3515 4938 3834 5005 quinquage-

2269 5034 2416 5088 nario
2458 5032 2543 5088 die
2589 5034 2793 5086 venerit
2837 5046 2996 5100 super
3039 5045 3131 5085 eos
3172 5034 3261 5100 qui
3302 5032 3352 5083 in
3391 5029 3604 5084 Christo
3634 5028 3835 5083 fuerant

2266 5127 2605 5195 congregati,
2636 5126 2861 5193 Spiritus
2889 5134 3100 5178 sanctus
3128 5123 3261 5196 (Act.
3290 5140 3354 5189 ιι,
3390 5123 3529 5191 1-4).
3560 5123 3658 5187 Qui
3684 5122 3835 5191 spiri-

2266 5229 2349 5274 tus
2378 5230 2589 5274 sanctus
2615 5219 2667 5273 in
2693 5219 2979 5287 Scripturis
3005 5218 3305 5287 septenario
3328 5217 3589 5285 prmcipue
3616 5229 3832 5268 numero

2263 5310 2663 5365 commendatur
2682 5353 2696 5377 ,
2730 5312 2840 5365 sive
2868 5309 3003 5379 apud
3033 5309 3217 5364 Isaiam
3239 5349 3253 5373 ,
3294 5308 3405 5361 sive
3432 5307 3482 5360 in
3518 5306 3830 5376 Apocalypsi

2264 5404 2442 5475 (Apoc.
2493 5420 2542 5469 ι,
2582 5402 2710 5471 ‘20);
2751 5404 2838 5457 ubi
2883 5402 3216 5472 apertissime
3255 5410 3457 5471 septem
3488 5400 3714 5469 Spiritus
3740 5398 3832 5450 Dei

2260 5495 2624 5566 perhibentur,
2653 5505 2867 5563 propter
2887 5495 3247 5562 operationem
3286 5490 3640 5560 septenariam
3680 5488 3832 5541 unius

2259 5586 2600 5655 ejusdemque
2648 5585 2897 5653 Spiritus.
2938 5584 3066 5650 Quae
3117 5582 3353 5651 operatio
3397 5580 3694 5647 septenario
3739 5592 3833 5646 per

2261 5678 2443 5731 Isaiam
2479 5675 2789 5744 prophetam
2819 5677 2889 5729 ita
2917 5684 3362 5728 commemoratur
3396 5691 3408 5726 :
3446 5671 3729 5740 Requiescct
3756 5685 3833 5721 su-

2259 5785 2346 5837 per
2372 5785 2482 5821 eum
2511 5767 2733 5837 Spiritus
2767 5766 2897 5830 Dei;
2929 5765 3153 5835 Spiritus
3173 5764 3433 5833 sapientitr
3453 5771 3498 5814 et
3524 5761 3829 5821 intellectus,

2265 5860 2487 5930 Spiritus
2532 5859 2729 5913 consilii
2778 5864 2822 5913 et
2873 5857 3216 5928 fortitudinis,
3265 5854 3489 5924 Spiritus
3528 5851 3747 5908 scientia
3788 5858 3834 5904 et
