4084 6458
243 411 357 472 1961

243 525 423 587 pietatis
442 564 456 588 ,
486 521 710 593 Spiritus
741 519 934 576 timoris
966 517 1174 574 Domini
1201 515 1354 586 (lsai.
1377 531 1460 581 ιι,
1491 514 1546 580 2,
1577 513 1658 586 '5).
1684 511 1803 584 ipse

242 618 381 673 debet
429 613 642 684 intelligi
686 615 846 669 timor
891 611 1100 666 Domini
1147 618 1359 674 castus,
1393 621 1710 679 permanens
1751 607 1804 660 in

241 707 473 765 smculum
521 705 702 760 δίκαιΙί
749 702 920 774 (Psal.
972 701 1276 770 xvrn,10).
1325 700 1582 756 Servilem
1627 707 1805 754 autem

242 801 466 855 timorem
496 802 861 852 consummata
883 793 1114 848 charitas
1141 792 1282 846 foras
1302 791 1461 846 mittit
1487 789 1528 861 (l
1549 789 1705 844 Joan.
1728 805 1803 857 tv,

242 891 353 962 l8);
383 899 433 945 et
457 904 552 944 nos
583 887 779 942 liberos
810 886 967 950 facit,
1001 900 1068 940 ne
1093 884 1303 939 servilia
1335 897 1496 952 opera
1526 882 1802 949 faciamus,

241 998 345 1053 qua:
373 981 590 1036 sabbato
619 977 987 1050 prohibentur.
1021 975 1268 1030 Charitas
1294 984 1472 1030 autem
1497 973 1590 1030 Dei
1617 972 1806 1029 diffusa

241 1082 313 1130 est
347 1073 395 1127 in
438 1070 690 1127 cordibus
738 1068 934 1124 nostris
978 1082 1072 1138 per
1114 1065 1368 1136 Spiritum
1407 1074 1646 1121 sanctum
1671 1107 1685 1131 ,
1717 1065 1807 1136 qui

241 1165 379 1221 datus
420 1174 498 1220 est
544 1163 700 1218 nobis
741 1159 919 1232 (Rom.
963 1175 1021 1228 v,
1054 1160 1130 1228 5).
1161 1158 1294 1213 lliue
1331 1173 1544 1230 quoque
1581 1158 1809 1229 Spiritus

240 1267 436 1312 sanctus
456 1255 756 1326 septenario
777 1268 999 1309 numero
1026 1251 1448 1308 commendatur.
1474 1251 1810 1321 Quinquage-

239 1352 431 1408 narium
456 1365 583 1406 vero
609 1349 766 1404 etiam
800 1348 850 1403 in
879 1345 1226 1418 quadraginta
1254 1355 1309 1401 et
1339 1344 1531 1410 decem
1556 1344 1810 1398 Dominus

239 1445 526 1516 dispertitus
553 1452 655 1499 est.
683 1442 777 1496 Die
817 1442 1012 1512 quippe
1041 1438 1447 1510 quadragesimo
1475 1445 1598 1509 post
1627 1452 1808 1492 resur-

238 1540 506 1594 rectionem
542 1552 695 1591 suam
726 1533 966 1589 ascendit
993 1532 1044 1587 in
1067 1531 1259 1587 etclam
1281 1573 1295 1597 ,
1326 1545 1388 1584 ac
1427 1529 1621 1584 deinde
1661 1544 1808 1584 com—

239 1629 380 1700 pletis
405 1629 593 1683 diebus
634 1626 820 1682 decem
869 1625 1016 1680 misit
1065 1625 1320 1694 Spiritum
1363 1632 1603 1679 sanctum
1637 1640 1650 1676 :
1679 1636 1810 1691 qua-

240 1721 530 1793 dragenario
558 1719 762 1776 scilicet
783 1733 1005 1773 numero
1029 1716 1374 1788 temporalem
1403 1716 1453 1770 in
1481 1715 1582 1770 hoc
1611 1714 1810 1769 mundo

239 1812 666 1869 cohabitationem
704 1808 1107 1865 commendans.
1134 1807 1394 1875 Quoniam
1439 1805 1810 1876 quaternarius

239 1906 287 1960 in
331 1904 671 1976 quadraginta
723 1917 973 1958 numerus
1020 1900 1298 1970 praevalet;
1355 1908 1582 1970 quatuor
1631 1908 1809 1955 autem

239 2007 400 2066 partes
427 1997 588 2052 habet
616 1995 845 2051 mundus
873 2005 926 2050 et
951 2010 1121 2049 annus
1151 2011 1165 2048 :
1197 1993 1419 2048 denario
1445 2008 1570 2048 vero
1594 1991 1806 2059 addito,

238 2093 368 2148 velut
400 2090 648 2148 mercede
676 2106 772 2161 pro
806 2090 1023 2160 impleta
1056 2090 1172 2160 lege
1210 2089 1364 2143 bonis
1409 2087 1658 2158 operibus
1688 2087 1812 2142 red-

236 2183 351 2248 dita,
375 2185 484 2254 ipsa
513 2186 785 2240 a-ternitas
816 2183 1091 2252 ﬁguratur.
1124 2181 1275 2235 llunc
1296 2178 1808 2250 quinquagenarium

236 2274 432 2343 triplum
471 2276 634 2329 habet
658 2273 982 2329 centesimus
1021 2282 1074 2328 et
1103 2272 1574 2344 quinquagesimns
1615 2286 1806 2327 nume-

234 2380 349 2430 rus,
383 2375 636 2436 tanquam
671 2380 792 2418 eum
835 2363 1263 2433 multiplieaverit
1304 2361 1532 2417 trinitas.
1563 2359 1718 2418 Unde
1755 2371 1812 2417 et

230 2453 321 2512 hac
345 2472 502 2512 causa
536 2471 643 2511 non
674 2456 1106 2512 inconvenienter
1136 2455 1481 2526 intelligimus
1511 2453 1669 2509 islutn
1707 2469 1808 2510 nu-

227 2562 424 2615 merum
451 2565 569 2604 esse
613 2548 968 2604 Psalmorum.
996 2547 1129 2603 Nam
1163 2557 1218 2603 et
1261 2548 1312 2601 in
1359 2548 1451 2604 illo
1481 2562 1703 2602 numero
1734 2547 1812 2617 pi-

227 2640 394 2695 scium
446 2642 534 2710 qui
584 2640 722 2710 capti
773 2649 899 2695 sunt
945 2640 1148 2694 retibus
1199 2647 1319 2709 post
1360 2639 1809 2694 resurrectionem

228 2735 438 2800 missis,
469 2735 534 2790 ad
565 2744 774 2791 centum
803 2733 1181 2804 quinquaginta
1210 2732 1403 2788 additis
1433 2732 1601 2786 tribus
1627 2730 1806 2802 (Joan.

227 2845 318 2886 ιιι
344 2873 358 2898 ,
385 2832 493 2903 Η),
524 2846 586 2887 ve
613 2842 668 2888 t't
694 2829 989 2886 admonitio
1016 2828 1222 2883 videtur
1250 2827 1384 2882 facta
1405 2869 1420 2894 ,
1455 2829 1505 2881 in
1528 2837 1658 2898 quot
1684 2842 1810 2897 par-

228 2933 305 2981 tes
347 2926 537 2981 debeat
588 2926 690 2981 iste
741 2938 994 2979 numerus
1042 2920 1350 2991 dispertiri,
1394 2928 1452 2973 ut
1498 2929 1577 2974 ter
1615 2919 1808 2973 habeat

227 3020 636 3089 quinquagenos.
667 3017 979 3087 Quanquam
1027 3014 1114 3068 ille
1155 3025 1408 3066 numerus
1449 3010 1670 3079 piscium
1714 3009 1809 3064 ha-

225 3109 341 3166 beat
379 3121 430 3167 et
474 3111 630 3166 aliam
679 3110 939 3165 rationem
982 3107 1150 3161 multo
1179 3102 1515 3159 subtiliorem
1542 3102 1805 3168 etjucnn-

224 3201 464 3266 diorem,
495 3201 635 3272 quod
663 3201 847 3256 decem
878 3207 932 3253 et
955 3209 1159 3266 septem
1204 3196 1254 3249 in
1298 3193 1563 3264 trigonum
1596 3192 1772 3246 missis
1792 3232 1807 3256 ,

225 3293 271 3349 id
297 3305 380 3350 est
402 3335 417 3359 ,
452 3293 520 3346 ab
550 3306 655 3345 uno
699 3305 868 3360 usque
896 3289 962 3343 ad
1000 3289 1185 3344 decem
1215 3295 1271 3342 et
1310 3294 1516 3355 septem
1561 3283 1810 3338 omnibus

223 3384 580 3455 computatis,
633 3381 700 3436 ad
748 3379 991 3436 cumdetn
1039 3393 1321 3434 numerum
1371 3375 1696 3445 pervenitur.
1752 3374 1811 3430 In

222 3479 406 3535 decem
431 3484 607 3530 autem
631 3473 763 3542 Lex,
787 3473 841 3528 in
867 3482 1070 3543 septem
1097 3487 1223 3528 vero
1244 3470 1422 3527 Gratia
1447 3469 1806 3540 signiﬁcatur;

225 3571 339 3642 quia
366 3568 570 3640 Legem
610 3583 717 3622 non
747 3566 970 3636 implet,
1000 3565 1098 3620 nisi
1121 3565 1352 3620 charitas
1381 3561 1572 3617 diffusa
1600 3561 1655 3615 in
1685 3576 1809 3616 cor-

228 3660 374 3715 dibus
418 3659 619 3714 nostris
650 3674 746 3728 per
774 3657 1028 3728 Spiritum
1067 3665 1346 3723 sanctum,
1378 3655 1468 3726 qui
1506 3654 1812 3725 septenario

228 3765 442 3807 numero
467 3750 814 3820 signiﬁcatur.

291 3847 344 3900 2.
376 3845 529 3913 Quod
552 3859 682 3912 ergo
713 3843 930 3910 quidam
962 3842 978 3870 ⁸
1011 3840 1249 3891 omnium
1286 3837 1624 3890 Psalmorum
1652 3837 1809 3904 quin-

228 3953 323 4008 que
361 3939 527 3994 libros
565 3948 685 3989 esse
713 3930 1095 3993 crediderunt,
1130 3926 1259 3980 illud
1285 3926 1450 3980 secuti
1482 3934 1642 3992 sunt,
1673 3941 1812 3996 quo-

227 4031 321 4085 tios
349 4030 402 4085 in
431 4031 536 4083 ﬁne
561 4025 750 4097 psalmi
781 4022 979 4077 dictum
1005 4019 1194 4084 fuerit,
1227 4016 1383 4080 Fiat,
1409 4019 1498 4086 ﬁat
1517 4017 1686 4088 (Psal.
1715 4033 1809 4086 ιι,

227 4139 380 4187 ιιιι,
411 4134 664 4179 uxxvnt
688 4159 702 4183 ,
738 4125 783 4169 et
811 4112 926 4184 cv).
959 4112 1064 4168 Sed
1097 4109 1253 4181 hujus
1289 4111 1674 4182 dispertitionis
1722 4128 1812 4167 ra-

225 4216 422 4271 tionem
451 4227 575 4268 eum
615 4209 806 4265 vellem
831 4203 1322 4275 comprehendere,
1352 4219 1458 4258 non
1485 4203 1623 4258 valui
1647 4221 1661 4259 :
1689 4205 1812 4276 quia

224 4326 324 4369 nec
352 4312 484 4382 ipsa
518 4307 751 4379 quinque
784 4310 962 4373 partes
999 4299 1232 4370 mquales
1257 4307 1384 4355 sunt
1421 4298 1562 4354 inter
1587 4312 1676 4365 se,
1712 4300 1814 4357 etsi

222 4418 331 4462 non
375 4401 657 4470 scriptura:
694 4396 1018 4468 quantitate,
1068 4392 1261 4448 saltem
1307 4391 1640 4447 Psalmorum
1697 4394 1813 4464 ipso

223 4510 472 4558 numero,
502 4500 562 4546 ut
606 4491 841 4544 tricenos
888 4487 1168 4542 haberent.
1198 4485 1267 4542 Et
1308 4486 1354 4541 si
1398 4486 1814 4558 uniuscujusque

223 4587 349 4646 libri
381 4583 503 4637 ﬁnis
528 4590 632 4636 est.
664 4578 812 4644 Fiat,
842 4580 967 4649 ﬁat;
994 4594 1092 4634 cur
1125 4578 1262 4634 liber
1310 4578 1530 4649 quintus
1567 4577 1814 4650 idemque

222 4677 446 4735 ultimus
469 4685 577 4727 non
604 4668 790 4726 eodem
815 4669 921 4725 line
951 4670 1021 4725 sit
1045 4669 1363 4724 terminatus
1382 4710 1397 4733 ,
1424 4669 1619 4724 merito
1645 4669 1814 4740 quazri

224 4780 422 4846 potest.
445 4766 553 4823 Nos
579 4773 755 4820 autem
795 4764 1086 4835 Scriptura:
1129 4763 1400 4818 canonica:
1442 4763 1813 4818 auctoritatem

225 4868 544 4935 sequentes,
593 4855 687 4913 ubi
732 4855 954 4926 legitur,
997 4854 1260 4924 Scriptum
1297 4864 1371 4909 est
1409 4854 1543 4908 enim
1593 4854 1646 4908 in
1686 4854 1815 4909 libro

227 4957 554 5013 Psalmorum
593 4951 729 5024 (Act.
773 4966 824 5014 ι,
862 4949 992 5019 20);
1024 4963 1187 5002 unum
1233 4947 1567 5003 Psalmorum
1621 4947 1812 5002 librum

225 5065 341 5104 esse
372 5046 641 5102 novimus.
673 5041 742 5096 Et
767 5041 922 5095 video
956 5040 1167 5112 quidem
1195 5039 1462 5110 quomodo
1491 5047 1546 5093 et
1584 5038 1686 5094 hoc
1721 5056 1814 5094 ve-

226 5156 340 5195 rum
385 5137 489 5200 sit,
522 5144 577 5190 et
605 5131 735 5187 illud
760 5132 806 5187 si
831 5147 1018 5186 verum
1053 5141 1168 5197 est,
1193 5131 1319 5188 huic
1356 5147 1485 5186 vero
1533 5147 1638 5186 non
1675 5133 1815 5187 relu-

224 5242 415 5287 ctetur.
447 5226 593 5283 Fieri
631 5225 776 5280 enim
804 5232 978 5295 potest
1005 5234 1062 5278 ut
1103 5224 1282 5294 aliqua
1305 5223 1688 5279 consuetudine
1730 5224 1816 5280 lit-

225 5333 460 5379 terarum
493 5319 830 5376 hebrtcarum
855 5330 997 5371 unus
1043 5315 1181 5371 liber
1219 5315 1454 5381 dicatur,
1486 5317 1576 5387 qui
1604 5325 1814 5374 constat

224 5428 289 5470 ex
309 5411 585 5487 pluribus;
627 5411 768 5465 sicut
793 5423 860 5464 ex
890 5405 1147 5462 Ecclesiis
1180 5406 1422 5477 pluribus
1461 5422 1566 5462 una
1607 5418 1816 5464 constat

226 5506 488 5572 Ecclesia,
533 5510 589 5559 et
636 5516 703 5557 ex
743 5501 981 5572 pluribus
1024 5499 1173 5557 emlis
1221 5514 1385 5554 unum
1429 5501 1622 5558 cmlum
1654 5501 1813 5574 (Non

227 5601 371 5657 enim
401 5596 660 5654 enatorum
689 5593 903 5663 aliquod
949 5593 1289 5662 praetermisit
1323 5593 1413 5664 qui
1457 5594 1625 5661 dixit,
1653 5594 1816 5650 Auxi-

231 5695 356 5749 lium
374 5707 536 5747 meum
562 5707 594 5744 a
618 5687 855 5752 Domino,
881 5688 966 5749 qui
992 5689 1108 5757 fecit
1136 5689 1314 5744 caelum
1351 5697 1397 5742 et
1436 5697 1620 5742 terram
1641 5686 1810 5760 [Psal.

228 5802 368 5853 cn,
396 5784 475 5860 2].
499 5783 568 5840 Et
593 5799 715 5840 eum
741 5781 1016 5852 Scriptura
1050 5781 1222 5850 dicat,
1254 5782 1318 5837 Et
1345 5784 1534 5840 vocavit
1559 5781 1698 5840 Deus
1724 5785 1815 5854 ﬁr-

296 5903 316 5934 ι
341 5899 520 5964 Regius
534 5903 636 5947 ls.:
655 5894 787 5957 Quod
808 5905 1081 5960 gramarum
1103 5893 1318 5957 quidam.

444 5981 674 6048 Sacr.
703 5985 983 6046 Auensr.
1032 5980 1139 6042 IV.

1329 395 1728 460 ENARRATIO
1764 393 1830 452 IN
1867 391 2188 453 PSALMUM
2227 391 2335 450 CL.

1908 520 2214 566 ammentum
2263 510 2483 576 cclum;
2519 515 2574 564 et
2608 520 2775 582 aquas
2811 521 2934 565 esse
2970 521 3131 580 super
3188 507 3496 570 firmamen-

1910 610 2021 656 tum
2053 600 2203 673 [σενι.
2237 617 2289 666 ι,
2316 600 2370 666 8,
2401 597 2480 674 7],
2509 599 2611 655 hoc
2639 608 2722 655 est
2749 613 2911 670 super
2935 601 3130 656 coelum
3159 617 3172 654 :
3205 616 3309 656 non
3339 616 3494 658 men-

1909 694 2039 749 titur
2068 704 2241 751 tamen
2265 695 2452 750 eadem
2480 693 2752 764 Scriptura
2774 691 2986 759 dicens,
3018 692 3085 748 Et
3108 710 3257 766 aqum
3273 710 3386 765 quis
3403 712 3496 750 stt-

1912 803 2000 857 per
2027 787 2178 841 etc/os
2207 797 2321 840 sunt
2345 827 2360 850 ,
2392 785 2598 840 laudent
2624 801 2805 840 nomen
2831 783 3042 840 Domini
3062 783 3232 859 [PsaL
3257 801 3459 843 CXLVIII
3480 828 3496 851 .

1911 880 1945 934 4
1965 921 1979 945 ,
2003 878 2089 953 5];
2133 879 2255 950 quia
2297 895 2401 935 non
2445 881 2517 934 ait
2541 922 2554 944 ,
2585 895 2747 948 super
2768 878 2984 952 omium)
3007 921 3024 948 ,
3047 887 3102 934 et
3129 895 3234 936 una
3263 889 3403 937 terra
3431 896 3500 937 ex

1913 973 2093 1028 multis
2124 974 2300 1029 terris.
2335 973 2464 1028 Nam
2500 981 2552 1028 et
2584 973 2768 1029 orbem
2797 983 2992 1040 terrm,
3024 984 3078 1030 et
3105 976 3290 1031 orbem
3329 984 3500 1032 terra-

1912 1081 2060 1131 rum,
2099 1066 2404 1136 quotidiana
2447 1066 2833 1124 consuetudine
2878 1066 3124 1123 dicimus.
3157 1068 3224 1123 Et
3262 1069 3352 1140 qui
3390 1069 3498 1136 ait,

1915 1159 2173 1220 Scriptum
2204 1170 2274 1215 est
2301 1162 2352 1215 in
2380 1160 2506 1215 libro
2537 1159 2894 1230 Psalmorum,
2926 1177 3229 1233 quanquam
3277 1178 3395 1217 mos
3424 1163 3502 1217 lo-

1915 1254 2111 1324 quendi
2140 1255 2216 1310 sic
2243 1270 2302 1309 se
2329 1253 2523 1309 habeat
2542 1299 2554 1319 ,
2585 1263 2641 1308 ut
2672 1270 2834 1309 unum
2862 1269 2981 1311 esse
3009 1255 3199 1311 librum
3231 1255 3503 1311 insinuare

1915 1345 2150 1400 voluisse
2189 1346 2469 1410 videatur;
2499 1356 2674 1401 tamen
2705 1347 3016 1417 responderi
3058 1357 3269 1418 potest,
3296 1348 3346 1401 in
3375 1349 3502 1402 libro

1915 1434 2241 1491 Psalmorum
2270 1452 2388 1493 esse
2410 1437 2610 1492 dictum
2637 1479 2651 1504 ,
2685 1438 2739 1492 In
2773 1439 2949 1507 aliquo
2977 1439 3112 1493 libro
3139 1454 3322 1494 eorum
3357 1441 3505 1509 quin-

1915 1543 2018 1598 que
2049 1546 2061 1581 :
2093 1528 2232 1599 quod
2267 1531 2316 1583 in
2344 1543 2444 1585 usu
2477 1529 2759 1584 locutionis
2789 1545 2956 1601 usque
2982 1531 3114 1586 adeo
3139 1531 3223 1585 vel
3254 1547 3358 1586 non
3388 1542 3500 1600 est,

1914 1621 1997 1676 vel
2030 1637 2151 1676 raro
2179 1631 2298 1688 est,
2331 1632 2389 1676 ut
2414 1622 2572 1677 etiam
2603 1622 2882 1677 duodecim
2913 1622 3296 1693 Prophetarum
3338 1641 3502 1680 unum

1916 1713 2110 1768 librum
2136 1729 2257 1768 esse
2284 1714 2404 1768 ideo
2435 1714 2839 1784 persuadeatur,
2867 1715 2989 1785 quia
3015 1716 3260 1772 similiter
3288 1718 3500 1788 legitur,

1916 1806 2062 1862 Sicut
2086 1808 2328 1877 scriptunt
2357 1817 2429 1861 est
2451 1808 2502 1860 in
2533 1807 2659 1861 libro
2681 1806 3056 1878 PrOphetarnm
3080 1806 3215 1879 (Act.
3247 1824 3319 1864 vn
3344 1851 3359 1876 ,
3388 1811 3501 1882 42).

1916 1899 2053 1956 Sunt
2077 1900 2238 1956 etiam
2269 1901 2358 1972 qui
2391 1901 2672 1955 universas
2700 1901 2918 1956 omnino
2947 1902 3250 1972 Seripturas
3287 1906 3507 1961 canoni-

1916 2008 2009 2048 eas
2053 2010 2214 2047 ιιιιιιιιι
2263 1994 2454 2048 librum
2504 2002 2735 2061 vocent,
2785 1993 2927 2063 quod
2974 1993 3128 2049 valde
3183 1995 3410 2051 mirabili
3453 2006 3509 2052 et

1917 2085 2092 2139 divina
2135 2086 2336 2139 unitate
2371 2085 2695 2139 concordent
2727 2103 2741 2139 :
2771 2093 2826 2140 et
2853 2085 2975 2140 hinc
3013 2101 3132 2141 esse
3158 2085 3355 2141 dictum
3383 2128 3398 2152 ,
3438 2087 3505 2142 In

1917 2177 2083 2248 capite
2111 2177 2227 2230 libri
2259 2177 2501 2246 scriptum
2531 2185 2600 2228 est
2628 2177 2690 2230 de
2728 2193 2839 2242 me,
2881 2185 2937 2230 ut
2975 2177 3163 2247 facium
3199 2179 3508 2234 uoluntatem

1918 2278 2091 2334 tuam;
2130 2277 2189 2322 ut
2235 2269 2314 2322 sic
2362 2268 2688 2338 intelligatur
2732 2283 2826 2338 per
2868 2267 3059 2324 Filium
3104 2269 3265 2325 Pater
3313 2270 3516 2330 fecisse

1916 2359 2214 2425 mundum,
2259 2361 2413 2428 cujus
2457 2359 2692 2413 conditio
2735 2360 3052 2431 principium
3110 2360 3505 2432 Seripturarutn

1917 2460 2001 2506 est
2032 2451 2083 2505 in
2117 2451 2253 2505 libro
2275 2449 2568 2506 Geneseos.
2603 2449 2700 2505 Vel
2728 2451 2897 2521 magis
2941 2453 3064 2523 quia
3112 2453 3390 2525 prophetia
3427 2457 3512 2512 vi-

1917 2545 2073 2600 detur
2101 2558 2248 2610 esse,
2280 2560 2384 2598 non
2437 2543 2573 2599 facta
2619 2559 2842 2599 narrans
2866 2588 2881 2612 ,
2908 2546 3003 2601 sed
3051 2546 3223 2602 futura
3268 2563 3508 2619 prtenuno

1917 2636 2055 2690 tians
2086 2637 2214 2706 (non
2238 2634 2380 2690 enim
2419 2635 2527 2700 ait,
2566 2636 2708 2707 quod
2749 2635 3000 2704 fecerim;
3048 2638 3140 2693 sed
3161 2679 3175 2703 ,
3205 2649 3257 2692 ut
3284 2639 3470 2710 faciam
3490 2683 3506 2708 ,

1916 2731 2062 2794 sive,
2095 2740 2149 2784 ut
2178 2735 2396 2802 facerem
2420 2730 2726 2784 voluntatem
2755 2731 2947 2800 tuam);
2977 2731 3042 2787 ad
3069 2732 3196 2786 illud
3227 2731 3340 2788 lucc
3379 2748 3510 2790 sen-

1918 2824 2082 2878 tentia
2111 2821 2388 2877 referenda
2417 2831 2519 2888 est,
2548 2822 2688 2892 quod
2717 2823 2768 2877 in
2801 2824 2985 2893 primis
3013 2824 3249 2894 partibus
3269 2827 3508 2895 ejusdem

1917 2915 2036 2970 libri
2068 2915 2323 2985 scriptum
2362 2923 2478 2982 est,
2507 2913 2674 2969 Erunt
2711 2917 2812 2969 duo
2842 2917 2894 2970 in
2929 2933 3078 2972 carne
3107 2935 3208 2972 una
3237 2918 3386 2989 (Gen.
3435 2937 3472 2976 ιι
3492 2963 3507 2985 .

1913 3007 2029 3078 2i).
2058 3006 2208 3074 Quod
2249 3015 2639 3062 sacramentum
2663 3023 2909 3078 magnum
2949 3009 3078 3064 dicit
3106 3011 3423 3081 Apostolus,
3455 3013 3510 3068 in

1915 3100 2131 3155 Christo
2155 3109 2208 3154 et
2237 3100 2287 3154 in
2319 3099 2556 3155 Ecclesia
2587 3098 2802 3172 (Ep/tes.
2835 3115 2890 3165 ν,
2917 3101 3007 3165 51,
3039 3099 3152 3175 59.).
3191 3103 3508 3174 Quanquam

1915 3204 1972 3250 et
2011 3195 2108 3248 iste
2138 3192 2472 3248 Psalmorum
2499 3193 2632 3248 liber
2662 3202 2834 3262 potest
2879 3194 3095 3264 intelligi
3136 3196 3460 3266 signiﬁcatus
3488 3240 3505 3268 ,

1918 3286 2008 3342 ubi
2033 3286 2232 3342 dictum
2262 3294 2383 3354 est,
2416 3284 2483 3340 In
2510 3287 2676 3358 capite
2699 3286 2814 3340 libri
2841 3287 3086 3357 scriptum
3113 3298 3184 3342 est
3214 3289 3280 3343 de
3313 3306 3425 3356 me,
3455 3301 3511 3345 ut

1918 3378 2106 3448 faciam
2146 3378 2457 3433 uoluntatem
2496 3386 2634 3432 tuam
2658 3395 2678 3432 :
2698 3378 2937 3449 sequitur
2962 3380 3104 3435 enim
3125 3421 3140 3446 ,
3168 3379 3306 3436 Deus
3337 3398 3475 3437 meus
3493 3426 3509 3452 ,

1917 3470 2088 3535 uolui,
2137 3479 2183 3522 et
2227 3470 2387 3542 legem
2433 3479 2572 3524 tuam
2618 3471 2671 3525 in
2720 3470 2884 3526 medio
2930 3473 3097 3526 cordis
3144 3474 3262 3528 mei.
3291 3474 3367 3529 De
3397 3476 3513 3546 ipso

1919 3565 2115 3635 quippe
2135 3565 2392 3635 accipitur
2413 3563 2760 3635 pr0phetatus
2779 3563 2829 3618 in
2849 3565 3022 3635 capite
3051 3565 3171 3621 libri
3197 3567 3351 3636 hujus
3376 3569 3514 3637 psal-

1918 3671 2040 3713 mus
2069 3657 2183 3728 ipse
2211 3657 2444 3729 primus,
2475 3657 2664 3714 Beatus
2691 3659 2766 3713 uir
2789 3659 2878 3730 qui
2911 3676 3011 3712 non
3058 3661 3180 3713 abiit
3213 3661 3264 3714 in
3299 3663 3509 3718 consilio

1917 3749 2194 3818 impiorum
2217 3791 2232 3815 ,
2260 3761 2306 3804 et
2332 3751 2384 3804 in
2409 3751 2489 3803 uia
2511 3761 2831 3820 peccatorum
2857 3767 2958 3804 non
2981 3753 3148 3816 stetit,
3180 3762 3225 3807 et
3254 3754 3308 3807 in
3332 3760 3504 3811 cat/te-

1919 3838 2015 3891 dra
2045 3841 2438 3908 pestilentiarum
2469 3855 2568 3893 non
2595 3839 2722 3893 sedit
2741 3856 2758 3893 :
2777 3839 2866 3894 sed
2890 3841 2940 3894 in
2963 3841 3072 3911 lege
3099 3841 3301 3897 Domini
3327 3847 3506 3900 volun-

1919 3938 1999 3983 tas
2028 3931 2167 4000 ejus,
2198 3941 2243 3983 et
2271 3931 2323 3984 in
2351 3931 2459 4000 lege
2482 3932 2595 4001 ejus
2621 3931 2944 3985 meditabitur
2979 3933 3062 3987 die
3087 3950 3146 3987 ac
3175 3947 3318 3990 nocte
3337 3938 3506 4008 (Psul.

1921 4035 1937 4077 ι
1961 4062 1978 4086 .
2009 4021 2062 4087 1,
2090 4020 2150 4090 2)
2176 4039 2188 4074 :
2214 4031 2272 4076 ut
2299 4021 2398 4076 hoc
2427 4021 2497 4076 sit
2523 4023 2664 4093 quod
2692 4023 2890 4078 dictum
2914 4033 3025 4090 est,
3057 4023 3196 4081 Deus
3222 4045 3387 4096 meus,
3417 4047 3508 4085 vo-

1921 4115 2027 4183 lui,
2052 4124 2098 4170 et
2125 4116 2282 4186 legent
2325 4123 2462 4168 tuam
2492 4117 2544 4170 in
2569 4116 2732 4170 medio
2767 4117 2934 4171 cordis
2977 4119 3092 4173 ntei.
3133 4119 3283 4187 Quod
3326 4133 3506 4181 autem

1920 4207 2179 4277 sequitur,
2214 4205 2570 4277 Euangelizaui
2597 4207 2852 4278 justitiam
2880 4219 3018 4262 tuam
3048 4210 3102 4264 in
3134 4209 3360 4267 Ecclesia
3395 4232 3508 4270 ma-

1920 4317 2020 4372 gna
2051 4299 2226 4369 (Psat.
2275 4314 2489 4366 ιιιιι,
2521 4299 2712 4371 8-10);
2742 4302 3121 4372 congruentius
3159 4303 3227 4359 ad
3254 4305 3384 4362 illud
3423 4323 3509 4364 re-

1920 4394 2108 4458 fertur,
2145 4393 2209 4444 Et
2238 4403 2384 4447 erunt
2414 4392 2516 4448 duo
2539 4394 2592 4447 in
2619 4409 2771 4448 carne
2789 4410 2911 4449 una.

1991 4487 2047 4542 5.
2071 4486 2200 4543 Sive
2221 4486 2510 4557 ergoillud,
2534 4488 2646 4542 sive
2667 4485 2771 4543 hoc
2800 4489 3126 4560 intelligatur
3140 4493 3280 4564 quod
3302 4494 3504 4556 dictum

1921 4587 2036 4646 est,
2065 4577 2131 4634 In
2159 4579 2322 4649 capite
2342 4579 2498 4645 libri;
2526 4581 2664 4636 liber
2689 4581 2788 4637 iste
2822 4582 3156 4638 Psalmorum
3202 4601 3298 4655 per
3346 4591 3508 4659 quin-

1919 4686 2218 4743 quagenos,
2275 4672 2321 4727 si
2375 4687 2472 4743 per
2521 4673 2665 4744 ipsos
2715 4674 3199 4744 quinquagenarios
3249 4678 3509 4740 articulos

1921 4764 2298 4835 interrogetur,
2327 4779 2578 4836 magnum
2607 4765 2804 4836 aliquid
2838 4773 2916 4831 ,et
2941 4766 3095 4822 valde
3123 4766 3344 4838 dignum
3373 4785 3506 4827 con-

1919 4860 2248 4916 sideratione
2273 4860 2580 4932 respondet.
2606 4858 2722 4914 Non
2748 4860 2890 4915 enim
2919 4860 3115 4916 frustm
3137 4862 3268 4918 mihi
3296 4864 3508 4922 videtur

1920 4952 2390 5023 quinquagesimus
2426 4965 2548 5006 esse
2585 4950 2653 5008 de
2697 4952 3044 5021 poenitentia,
3070 4955 3395 5012 centesimus
3437 4959 3506 5015 de

1921 5044 2292 5100 misericordia
2320 5053 2374 5100 et
2396 5042 2598 5114 judicio
2619 5085 2633 5109 ,
2658 5044 2986 5100 centesimus
3025 5046 3502 5119 quinquagesimae

1920 5135 1988 5191 dc
2017 5136 2172 5192 laude
2196 5137 2288 5190 Dei
2311 5135 2364 5190 in
2390 5137 2589 5190 sanctis
2617 5135 2753 5206 ejus.
2802 5135 2890 5193 Sic
2946 5139 3090 5194 enim
3133 5139 3202 5195 ad
3248 5151 3505 5200 aeternam

1921 5227 2237 5298 beatamque
2263 5227 2530 5282 tendimus
2555 5227 2714 5283 vitam
2737 5269 2752 5294 ,
2784 5229 3029 5300 primitus
3058 5243 3275 5302 peccata
3319 5247 3505 5294 nostra

1921 5318 2224 5375 damnando
2245 5363 2261 5388 ,
2289 5319 2482 5377 deinde
2503 5320 2640 5377 bene
2665 5321 2898 5377 vivendo
2917 5365 2934 5391 ,
2958 5334 3016 5378 ut
3041 5333 3164 5394 post
3179 5327 3506 5383 condemna-

1922 5423 2028 5468 tam
2054 5415 2215 5469 vitam
2247 5415 2439 5469 malam
2460 5422 2769 5486 gestamque
2794 5415 3009 5485 bonam,
3025 5432 3326 5474 mereamur
3348 5429 3507 5476 teter-

1920 5523 2066 5564 nam.
2093 5507 2398 5564 Secundum
2425 5509 2753 5579 propositum
2785 5507 2928 5564 enim
2960 5509 3507 5580 occultissimazjusti-

1923 5605 2007 5655 tia-
2033 5604 2384 5672 lionitatisque
2411 5618 2519 5656 sua:
2551 5602 2712 5670 Deus,
2735 5618 2859 5673 quos
2887 5602 3278 5672 praedestinavit,
3314 5604 3430 5658 illos
3459 5615 3510 5661 et

1921 5699 2111 5753 vocavit
2132 5714 2151 5763 ;
2172 5707 2217 5752 et
2236 5715 2360 5767 quos
2381 5699 2572 5752 vocavit
2587 5740 2599 5763 ,
2622 5698 2758 5767 ipsos
2776 5707 2821 5750 et
2836 5697 3138 5767 justi/ienuit
3156 5714 3174 5762 ,'
3195 5715 3320 5767 quos
3335 5710 3505 5756 autem

1923 5791 2234 5861 iusti/ienuit,
2284 5791 2419 5857 ipsos
2444 5800 2489 5844 et
2522 5791 2823 5862 gloriﬁcavit
2870 5787 3046 5860 (Rom.
3079 5805 3188 5858 vtu,
3218 5791 3333 5863 30).
3364 5792 3510 5851 Prte-

1928 5884 2216 5942 destinatio
2265 5892 2446 5943 nostra
2502 5899 2607 5939 non
2647 5882 2699 5938 in
2759 5881 2912 5936 nobis
2953 5881 3093 5939 facta
3154 5895 3270 5952 est,
3311 5885 3411 5944 sed
3452 5887 3511 5952 in

2659 5979 3282 6061 ,Soiarante-aeux.)
