4084 6434
608 396 748 455 1005

603 513 817 569 occulto
856 508 997 580 apud
1040 508 1251 577 ipsum,
1280 506 1334 561 in
1370 504 1487 575 dus
1526 504 1883 575 pmeioutia.
1912 504 2039 561 Tria
2059 518 2191 562 vero

605 606 808 675 reliqua
857 604 911 658 in
966 600 1120 656 nobis
1164 600 1330 664 ﬁunt,
1361 598 1591 665 vacatio,
1620 595 1951 667 justiticatio,
1993 598 2195 669 gloriﬁ-

601 702 760 755 catio.
794 696 1058 751 Vocantur
1084 693 1473 765 prmdicatione
1520 691 1885 761 pmnitentiaz:
1919 692 1996 746 sic
2047 692 2192 746 enim

602 794 765 863 cwpit
795 791 1046 845 Dominus
1073 788 1469 859 evangelizarc,
1500 786 1643 857 Agite
1691 786 2071 855 paenitentiam;
2098 800 2193 855 ap-

605 887 963 959 propinquavit
1010 885 1142 938 enim
1184 894 1392 953 regnum
1430 881 1673 959 caelorum
1695 879 1905 949 (Matth.
1940 895 2017 945 ιιι,
2046 879 2081 933 2
2104 897 2119 946 ;
2144 890 2192 933 et

608 956 681 1045 tv,
709 980 821 1047 l7).
850 976 1213 1033 Justilicamur
1262 976 1313 1029 in
1364 956 1647 1028 vocatitine
1689 972 2093 1035 misericordiae,
2135 981 2193 1027 et

603 1072 791 1127 timore
813 1069 995 1140 judicii
1022 1085 1034 1120 ι
1059 1068 1181 1121 hinc
1203 1074 1287 1121 est
1305 1065 1446 1136 quod
1464 1063 1683 1132 dicitur,
1715 1062 1875 1129 Deus,
1908 1064 1962 1118 in
1988 1063 2191 1117 nomine

604 1176 690 1220 tuo
711 1165 908 1219 salvum
930 1178 1007 1215 me
1038 1164 1139 1232 fac,
1185 1169 1233 1215 et
1258 1159 1311 1212 in
1337 1159 1518 1212 virtute
1546 1168 1636 1210 tua
1654 1157 1837 1229 judico
1868 1171 1947 1210 me
1998 1152 2185 1227 (Psal.

600 1274 711 1320 mu,
732 1258 809 1327 ὅ).
837 1254 952 1311 Νοιι
982 1252 1395 1322 timctjudicari,
1420 1252 1508 1322 qui
1540 1249 2048 1321 impetraveritante
2075 1249 2186 1304 sal-

598 1351 731 1406 vari.
760 1348 965 1414 Vocati,
991 1346 1359 1402 renuntiamus
1385 1343 1599 1399 diabolo
1646 1357 1742 1412 per
1791 1343 2184 1412 paenitentiam,

599 1460 669 1499 ne
706 1443 805 1497 sub
854 1441 982 1511 jugo
1009 1440 1124 1508 ejus
1152 1450 1559 1493 remaneamus:
1588 1435 1890 1505 justiticati,
1933 1448 2186 1490 sanamur

599 1551 695 1607 per
715 1532 1130 1590 misericordiam
1159 1545 1225 1584 ne
1241 1528 1497 1599 judicium
1537 1529 1853 1582 timeamus:
1881 1526 2182 1597 gloriﬁcati,

600 1629 888 1684 transimus
910 1626 961 1679 in
982 1626 1141 1678 vitam
1170 1633 1449 1688 aeternam,
1478 1621 1568 1675 ubi
1606 1621 1772 1675 Deum
1794 1620 1911 1674 sine
1938 1619 2044 1674 line
2070 1619 2187 1674 lau-

596 1725 804 1781 damus.
835 1722 916 1778 Ad
939 1722 1039 1776 hoc
1065 1722 1332 1791 pertinere
1361 1718 1592 1773 arbitror
1617 1718 1756 1788 quod
1780 1718 2037 1771 Dominus
2064 1718 2141 1771 ait
2170 1734 2183 1770 :

597 1816 731 1872 Ecce
754 1816 899 1886 ejicio
919 1814 1187 1877 daemonia,
1217 1824 1263 1867 et
1283 1814 1523 1866 sanitates
1556 1811 1765 1881 per/icio
1788 1810 1938 1863 hodie
1961 1819 2009 1864 et
2051 1824 2188 1876 cras,

599 1923 645 1968 et
694 1912 840 1966 tertia
866 1911 882 1941 ί
910 1920 1231 1964 consummor
1252 1906 1403 1977 (Luc.
1437 1921 1548 1973 xm,
1578 1904 1693 1975 5‘2).
1725 1902 1879 1971 Quod
1928 1904 2087 1957 etiam
2133 1903 2188 1956 in

598 2005 776 2061 triduo
799 2018 909 2060 suae
932 2002 1193 2073 passionis
1214 2010 1268 2057 et
1310 1999 1648 2055 dormitionis
1704 2012 1759 2052 et
1827 1996 2187 2066 cvigilationis

596 2100 847 2157 ostendit.
876 2096 1175 2153 Cruciiixus
1202 2102 1285 2149 cst
1313 2093 1453 2148 enim
1476 2136 1489 2159 ,
1520 2102 1572 2147 et
1601 2090 1861 2161 sepultus,
1918 2098 1972 2144 et
2004 2102 2185 2143 resur-

596 2196 753 2251 rexit.
780 2193 835 2248 ln
867 2204 1028 2247 cruce
1069 2188 1137 2245 de
1167 2187 1499 2259 principibus
1524 2194 1579 2240 et
1610 2184 1965 2256 potestatibus
1992 2181 2185 2236 trium-

594 2287 821 2360 phavit,
876 2286 932 2340 in
985 2283 1231 2352 sepulcro
1294 2278 1577 2350 requievit,
1658 2278 1711 2331 in
1792 2276 2187 2331 resurrectione

597 2376 900 2436 exattltavit.
933 2372 1257 2429 Pmnlteutia
1307 2370 1528 2437 cruciat,
1579 2368 1783 2439 justitia
1840 2367 2183 2435 lranquillat,

595 2471 704 2526 vita
735 2478 936 2524 veterna
976 2463 1259 2537 gloriﬁcat.
1291 2461 1628 2518 Pmnitentia:
1670 2474 1775 2513 vox
1805 2464 1917 2513 est:
1946 2456 2186 2512 Miserere

595 2564 714 2630 mei,
750 2562 906 2629 Deus,
930 2558 1206 2615 secundum
1227 2572 1462 2629 magnam
1486 2552 1883 2608 misericordiam
1919 2560 2099 2616 tuam;
2139 2558 2186 2602 et

594 2656 868 2713 secundum
944 2651 1316 2707 multitudinem
1386 2645 1765 2701 ntiserationum
1810 2652 2013 2697 tuarum
2076 2642 2186 2696 dele

594 2750 907 2821 iniquitatem
923 2761 1105 2800 meam.
1132 2744 1257 2799 limo
1278 2740 1431 2796 offert
1449 2738 1769 2793 sacriﬁcium
1803 2736 1912 2791 Deo
1938 2736 2185 2806 spiritum

593 2840 1033 2904 contribulatum,
1062 2851 1157 2891 cor
1189 2834 1476 2889 contritum
1518 2839 1573 2886 et
1604 2826 1939 2883 humiliatum
1991 2826 2182 2901 (Psai.

594 2951 646 2999 ι..
674 2929 1123 3001 3,19).Jnstiti:e
1176 2926 1373 2981 Christi
1430 2932 1533 2977 vox
1591 2924 1673 2975 est
1720 2923 1770 2974 in
1812 2920 1996 2974 electis
2038 2921 2183 2975 suis:

595 3021 1001 3081 Misericordiam
1017 3028 1062 3074 et
1084 3018 1334 3089 judicium
1364 3012 1580 3069 cantabo
1604 3012 1713 3079 tibi,
1742 3010 2001 3075 Domine;
2047 3010 2185 3080 psal-

594 3120 719 3187 lam,
751 3128 794 3170 et
812 3115 1092 3185 intelligam
1120 3112 1172 3165 in
1198 3112 1279 3166 via
1298 3107 1645 3173 immaculata,
1678 3104 1883 3176 quando
1927 3104 2092 3158 venies
2116 3104 2185 3159 ad

591 3226 690 3265 me.
711 3210 812 3263 Per
838 3204 1257 3262 misericordiam
1285 3202 1483 3272 quippe
1511 3198 1835 3267 adjuvantur
1862 3194 1928 3249 ad
1980 3194 2184 3250 facien-

592 3302 714 3356 dam
740 3300 1021 3371 justitiam,
1054 3304 1110 3351 ut
1133 3294 1304 3350 securi
1337 3292 1403 3346 ad
1429 3290 1691 3361 judicium
1736 3288 2055 3353 veniamus;
2086 3286 2179 3343 ubi

592 3394 971 3465 disperduntur
1000 3390 1062 3444 de
1088 3389 1285 3443 civitate
1316 3384 1529 3438 Domini
1559 3394 1730 3437 omnes
1772 3381 1859 3451 qui
1910 3388 2185 3451 aperanlur

592 3486 904 3554 iniquitatem
930 3481 1098 3554 (Psal.
1122 3495 1173 3544 c,
1208 3480 1259 3544 i,
1286 3478 1341 3540 2,
1368 3474 1445 3547 8).
1470 3474 1589 3542 Quo
1616 3486 1776 3530 versu
1799 3473 2035 3543 psalmus
2080 3473 2184 3529 iste

600 3575 956 3639 concluditur,
987 3574 1131 3626 vitm’
1164 3580 1378 3625 :cternae
1406 3581 1507 3622 vox
1528 3576 1631 3621 est.

664 3672 718 3739 4.
753 3666 900 3742 [rem
930 3669 979 3730 l,
1007 3664 1089 3735 λ]
1116 3662 1351 3717 Laudate
1382 3659 1654 3713 Dominum
1694 3658 1749 3713 in
1800 3659 1986 3713 sanctis
2034 3659 2143 3729 ejus
2163 3672 2185 3713 :

594 3762 844 3834 utiquein
868 3760 946 3816 eis
968 3772 1102 3829 quos
1129 3754 1469 3827 glorificavit.
1492 3750 1727 3806 Laudato
1756 3766 1870 3806 eum
1916 3752 1971 3805 in
1999 3752 2180 3821 ﬁrmae

594 3865 761 3910 nteuto
804 3851 998 3907 virtutis
1031 3851 1161 3923 ejus.
1210 3845 1442 3900 Laudate
1491 3860 1606 3898 eum
1647 3845 1701 3899 in
1729 3842 1996 3897 virtutibus
2038 3845 2185 3914 ejus;

596 3950 702 4012 vel,
733 3955 787 3999 ut
806 3945 893 3999 alii
919 3940 1247 4011 interpretati
1272 3948 1395 3993 sunt
1414 3976 1429 4003 ,
1454 3938 1505 3990 iu
1531 3937 1864 4007 potentatibus
1886 3938 2015 4006 ejus.
2043 3934 2183 3989 Lau-

598 4044 714 4096 date
754 4054 866 4093 eum
904 4036 1181 4093 secundum
1229 4030 1605 4087 multitudinem
1648 4029 2010 4099 magnitudinis
2054 4030 2186 4099 ejus.

596 4136 785 4194 Omnia
816 4136 913 4188 ista
942 4132 1041 4203 ipsi
1073 4138 1195 4185 sunt
1225 4128 1392 4182 sancti
1417 4125 1558 4195 ejus;
1587 4122 1856 4194 quomodo
1878 4121 2008 4176 dicit
2039 4124 2187 4191 Apo-s

603 4230 805 4284 stolus:
838 4225 904 4281 Ut
929 4238 1020 4279 nos
1046 4224 1203 4276 simus
1230 4219 1421 4285 iustitia
1444 4217 1539 4271 Dei
1567 4218 1620 4270 in
1650 4217 1762 4286 ipso
1790 4214 1854 4286 (ll
1873 4212 2187 4284 Cor.v,21).

599 4323 654 4377 Si
683 4335 809 4389 ergo
831 4317 1033 4388 justitin
1071 4316 1161 4369 Del
1196 4324 1355 4381 quam
1383 4310 1506 4365 fecit
1536 4310 1585 4362 in
1610 4310 1709 4369 eis,
1738 4322 1836 4362 cur
1868 4322 1973 4361 non
2006 4314 2057 4361 et
2086 4307 2192 4360 vir-

604 4412 812 4483 tus‘Dci
835 4425 991 4480 quam
1041 4407 1232 4461 iecitin
1262 4406 1363 4470 eis,
1407 4412 1462 4455 ut
1489 4407 1831 4470 resurgerem
1868 4415 1897 4454 a
1928 4394 2191 4454 mortuis?

600 4505 732 4563 Nam
762 4511 815 4558 et
840 4504 891 4556 in
922 4500 1118 4554 Christi
1147 4496 1542 4552 resurrectione
1571 4496 1739 4549 virtus
1766 4495 1997 4549 maxime
2037 4504 2189 4548 c0m~

601 4593 1067 4663 mendatur;quia
1119 4593 1170 4645 in
1224 4586 1780 4659 passioueinlirmltas
1822 4584 2192 4654 iuit,dicente

602 4692 879 4765 Apostolo,
918 4687 1026 4742 Etsi
1071 4685 1346 4755 cruciﬁxus
1395 4689 1467 4737 est
1512 4696 1575 4736 ex
1616 4682 1930 4751 inﬁrmitate,
1959 4682 2047 4737 sed
2075 4682 2192 4737 vivit

604 4803 668 4845 ea:
692 4788 873 4840 virtute
909 4781 1006 4835 Dei
1037 4774 1166 4850 (Id.
1198 4792 1317 4842 XIII,
1343 4775 1400 4844 4)
1429 4793 1440 4828 :
1474 4784 1527 4829 et
1571 4775 1674 4828 alio
1705 4774 1845 4837 loco,
1880 4773 1957 4827 Ad
2005 4791 2191 4846 cogno‘

603 4880 863 4944 scendum,
896 4874 1086 4946 inquit,
1116 4888 1251 4938 eum,
1283 4879 1329 4923 et
1371 4870 1604 4923 virtutem
1658 4869 2036 4922 resurrectionis
2084 4871 2193 4941 ejus

608 4972 864 5049 (Philipp.
889 4966 1105 5040 ιιι,10).
1139 4964 1353 5037 Optime
1399 4971 1578 5017 autem
1626 4961 1720 5028 ait,
1756 4961 1822 5015 In
1876 4962 2192 5030 ﬁrntamento

606 5065 803 5123 virtutis
847 5063 977 5133 ejus.
1007 5059 1432 5115 Firmamentum
1476 5063 1559 5110 est
1604 5055 1748 5110 enim
1802 5054 2033 5119 virtutis,
2065 5055 2191 5125 quia

603 5161 711 5233 jam
736 5172 842 5214 non
873 5154 1153 5221 morietur,
1184 5158 1238 5206 et
1267 5162 1413 5205 mors
1434 5147 1509 5204 el'
1540 5146 1678 5203 ultra
1706 5161 1814 5203 non
1832 5146 2195 5201 dominabitur

607 5254 785 5325 (Rom.
814 5264 890 5315 γι,
912 5249 992 5321 9).
1024 5248 1132 5303 Cur
1176 5258 1283 5300 non
1324 5252 1379 5299 et
1424 5249 1729 5313 potentatus
1786 5241 1879 5296 Dei
1926 5239 2214 5309 dicantur,

607 5360 745 5419 quos
771 5344 824 5399 in
845 5342 924 5397 eis
940 5338 1105 5397 fecit?
1149 5336 1261 5391 imo
1286 5334 1385 5406 ipsi
1423 5334 1530 5389 sint
1555 5339 1861 5404 potentatus
1890 5332 2040 5403 ejus;
2066 5346 2199 5401 quo-

608 5437 770 5496 modo
808 5435 1008 5491 dictum
1040 5439 1144 5497 est,
1179 5427 1292 5484 Nos
1338 5441 1523 5483 sumus
1561 5425 1765 5499 justitia
1818 5423 1911 5478 Dei
1956 5424 2009 5477 in
2062 5423 2194 5493 ipso.

572 5530 752 5602 ‘Quid
803 5528 950 5589 enim
997 5525 1491 5600 potentius,quam
1539 5532 1764 5590 regnare
1806 5517 1860 5573 in
1899 5524 2195 5585 mtcrnum,

679 5702 696 5732 ι
716 5696 854 5755 Edd.,
878 5692 1020 5745 tertia
1041 5689 1137 5744 die.
1156 5689 1320 5748 Abest,
1336 5683 1435 5745 die,
1451 5697 1477 5734 a
1500 5683 1767 5747 potioribus
1791 5690 1895 5733 MSS.
1914 5687 1967 5732 et
1988 5693 2016 5731 a
2037 5692 2201 5743 graeco

613 5769 759 5814 textu
782 5754 1043 5819 Evangelii.

682 5807 1080 5883 5Edd.,el"vt'tte,
1120 5822 1214 5868 etc.
1255 5808 1505 5873 Particula,
1538 5814 1603 5871 et,
1640 5807 1898 5871 redundat,
1932 5818 2026 5859 nec
2054 5812 2133 5857 est
2152 5816 2201 5857 tn

607 5893 929 6010 aliquot
944 5950 1074 6007 uss,
1094 5942 1484 6004 nonmortentw,
1506 5940 1554 5991 et
1573 5946 1704 5989 mors
1722 5932 1792 5989 eis
1807 5930 1955 5995 ultra,
1977 5938 2077 5987 etc.

1842 389 1905 449 8.
1944 380 2319 450 AUGUSTlNl
2355 382 2660 452 EPISCOPI

3756 411 3923 474 ιπι

2304 508 2410 565 sub
2435 509 2658 579 pedibus
2684 502 2874 584 positis
2918 513 3173 573 omnibus
3190 515 3459 575 inimicis?
3480 514 3593 580 Cur
3643 532 3756 582 non
3809 527 3919 600 ipsi

2305 606 2415 660 sint
2444 606 2601 660 etiam
2643 607 2924 665 multitudo
2968 611 3344 682 magnitudinis
3389 615 3543 686 ejus?
3588 617 3705 676 Non
3742 639 3859 693 qua
3896 626 3915 660 ⁸

2306 699 2427 769 ipse
2454 714 2675 770 magnus
2698 712 2783 757 est
2804 746 2819 770 ,
2840 704 2938 759 sed
2966 718 3063 774 qua
3091 720 3312 779 magnos
3338 703 3441 789 eos
3461 712 3605 779 iecit,
3634 728 3741 770 tam
3770 721 3911 775 mul-

2302 794 2423 859 tos,
2448 793 2548 846 hoc
2575 803 2656 848 est
2676 838 2691 861 ,
2721 796 2883 850 millia
2931 799 3172 853 millium.
3210 800 3355 857 Sicut
3395 802 3551 861 aliter
3581 809 3910 881 intelligitur

2272 883 2505 952 'justitia
2534 899 2637 954 qua
2660 894 2742 941 est
2764 887 2875 956 ipse
2891 889 3093 958 justus;
3124 894 3281 949 auter
3306 909 3464 966 quam
3488 898 3543 955 in
3566 900 3721 957 nobis
3748 902 3906 972 facit,

2301 982 2365 1028 ut
2390 990 2487 1030 nos
2508 974 2675 1033 simus
2691 977 2892 1047 juStitia
2916 981 3050 1052 ejus.

2376 1068 2429 1123 5.
2459 1066 2623 1125 [idem
2645 1070 2744 1141 ipsi
2764 1074 2929 1128 sancti
2948 1076 3144 1131 suntin
3171 1076 3418 1137 omnibus
3444 1083 3663 1141 musicis
3681 1089 3905 1158 organis
3930 1070 3945 1149 l

2300 1159 2562 1231 deinceps
2587 1164 2865 1235 signiﬁcati
2886 1208 2901 1234 ,
2930 1167 2996 1222 ad
3024 1168 3344 1227 laudandum
3362 1174 3552 1231 Deum.
3576 1177 3727 1247 Quod
3756 1183 3902 1239 enim
3936 1172 3946 1227 ἱ

2302 1256 2582 1325 proposuit
2632 1252 2848 1327 dicens,
2872 1256 3104 1317 Laudate
3145 1258 3419 1321 Dominum
3448 1268 3503 1323 in
3534 1273 3721 1327 sanctis
3752 1274 3897 1345 ejus,
3945 1325 3954 1339 ,

2300 1345 2408 1402 hoc
2437 1349 2767 1419 exsequitur,
2785 1352 2931 1408 varie
2948 1352 3257 1425 significans
3273 1358 3490 1417 eosdem
3514 1362 3660 1434 ipsos
3678 1376 3900 1426 sanctos

2300 1454 2439 1512 ejus.

2376 1532 2428 1588 6.
2471 1530 2619 1605 [vers.
2648 1531 2727 1607 5.]
2760 1534 2988 1592 Laudate
3017 1550 3129 1594 eum
3172 1540 3225 1594 in
3274 1552 3397 1597 sono
3443 1543 3576 1601 tuba:
3618 1560 3642 1603 :
3668 1558 3891 1621 propter

2302 1624 2475 1678 laudis
2498 1625 3002 1684 excellentissimam
3058 1630 3377 1689 claritatem.
3405 1628 3639 1693 Lauda‘e
3682 1657 3802 1696 eum
3843 1640 3893 1699 in

2301 1718 2543 1787 psalterio
2588 1728 2634 1773 et
2664 1720 2879 1786 cithara.
2912 1720 3229 1781 Psalterium
3280 1732 3364 1783 est
3411 1727 3480 1785 de
3531 1734 3890 1803 superioribus

2302 1808 2526 1864 laudans
2542 1810 2738 1877 Deum,
2768 1813 2972 1870 cithara
2998 1814 3066 1872 de
3092 1814 3434 1878 inferioribus
3450 1822 3674 1881 laudans
3704 1828 3885 1900 Deum;

2301 1908 2557 1970 tanquam
2580 1902 2647 1957 de
2671 1906 2977 1962 caelestibus
2999 1914 3053 1964 et
3079 1913 3425 1970 terrestribus
3446 1958 3461 1982 ,
3497 1926 3746 1989 tanquam
3773 1938 3886 1981 eum

2298 1994 2395 2063 qui
2420 1992 2748 2051 fecitcmlum
2770 2006 2824 2053 et
2853 2006 3070 2055 terram.
3094 1998 3212 2058 Jam
3242 2008 3438 2078 quippe
3474 2009 3529 2064 in
3560 2012 3665 2067 alio
3690 2015 3885 2084 psalmo

2299 2085 2648 2153 exposuimus
2674 2089 2985 2157 psalterium
3009 2092 3239 2165 desuper
3266 2097 3465 2155 habere
3491 2115 3743 2160 sonorum
3762 2108 3882 2165 illud

2299 2175 2526 2246 lignum,
2545 2180 2631 2233 cui
2648 2190 2935 2238 nervorum
2962 2186 3151 2252 series,
3175 2197 3235 2243 ut
3254 2188 3528 2248 meliorem
3542 2210 3730 2251 sonum
3763 2199 3880 2255 red-

2294 2267 2413 2335 dat,
2439 2268 2723 2325 incumbit:
2744 2273 2885 2342 quod
2908 2274 3106 2346 lignum
3134 2279 3337 2335 cithara
3355 2278 3578 2340 inferius
3605 2284 3786 2344 habet.

2373 2360 2426 2413 7.
2468 2358 2622 2433 [oers.
2651 2362 2730 2436 4.]
2761 2358 2992 2421 Laudate
3016 2384 3129 2424 eum
3153 2372 3205 2425 in
3226 2380 3468 2444 tympano
3494 2385 3539 2431 et
3552 2379 3879 2455 charo.Tytn-

2297 2464 2499 2524 panum
2527 2456 2707 2513 laudat
2736 2454 2900 2514 Dauni
2925 2505 2939 2529 ,
2965 2478 3084 2517 cum
3107 2465 3217 2533 jam
3260 2467 3311 2522 in
3339 2484 3499 2525 carne
3514 2483 3702 2529 mutata
3731 2454 3870 2535 nulla

2302 2558 2636 2606 estterrenae
2678 2552 3035 2625 ecrruptionis
3075 2558 3379 2617 inﬁrmitas.
3407 2560 3484 2619 De
3522 2567 3661 2621 corio
3686 2570 3874 2641 quippe

2300 2641 2362 2696 iit
2389 2650 2702 2715 tympanum
2730 2644 2999 2704 exsicoato
3022 2658 3183 2722 atque
3212 2652 3445 2711 ﬁrmato.
3479 2654 3683 2714 Chorus
3706 2658 3877 2719 laudat

2302 2732 2471 2788 Deum
2493 2777 2506 2801 ,
2528 2736 2744 2807 quando
2785 2737 2967 2796 laudat
3012 2754 3133 2798 eum
3161 2751 3348 2814 pacata
3386 2749 3633 2806 societas.
3663 2750 3878 2812 Laudate

2294 2836 2415 2881 eum
2438 2828 2492 2882 in
2521 2829 2725 2886 chordis
2744 2838 2789 2886 et
2816 2844 3029 2905 organo.
3056 2833 3298 2895 Cbordas
3319 2839 3477 2898 habet
3503 2853 3560 2899 et
3581 2846 3874 2916 psalterium

2296 2926 2357 2974 et
2384 2919 2586 2975 cithara
2607 2963 2623 2988 ,
2650 2938 2771 2993 qua:
2801 2927 3047 2994 superius
3079 2940 3498 2990 commemorata
3542 2947 3685 2994 sunt.
3717 2938 3875 3013 Orga-

2298 3025 2428 3065 num
2455 3021 2633 3066 autem
2662 3016 2915 3084 generale
2967 3028 3161 3077 nomen
3217 3026 3301 3079 est
3347 3027 3589 3084 omnium
3638 3046 3874 3094 vastirum

2298 3104 2672 3175 musicorum;
2733 3107 2977 3179 quamvis
3020 3113 3131 3184 jam
3179 3116 3470 3177 obtinuerit
3520 3125 3871 3196 consuetudo,

2295 3207 2359 3253 ut
2379 3214 2578 3269 organa
2608 3204 2818 3272 proprie
2848 3198 3095 3262 dicantur
3117 3225 3177 3263 ea
3200 3220 3317 3282 qna:
3354 3208 3610 3273 inﬂantur
3640 3218 3869 3275 follibus:

2293 3293 2441 3363 quod
2459 3308 2623 3364 genus
2640 3296 2987 3365 signiﬁcatum
3007 3299 3093 3356 hic
3106 3318 3346 3360 essenon
3361 3304 3741 3365 arbitror.Nam
3758 3327 3868 3367 cum

2294 3397 2561 3454 organum
2587 3386 2902 3443 vocabulum
2951 3402 3183 3462 graecum
3210 3393 3316 3460 sit,
3360 3407 3418 3453 ut
3462 3400 3606 3466 dixi,
3634 3398 3868 3473 generale

2294 3476 2550 3532 omnibus
2576 3480 2795 3536 musicis
2823 3482 3225 3555 instrumentis;
3259 3489 3358 3546 hoc
3388 3484 3473 3547 cui
3528 3492 3679 3551 folles
3724 3494 3867 3551 adhi-

2296 3568 2514 3635 bentur,
2538 3572 2642 3628 alio
2663 3573 2833 3630 Graeci
2859 3580 3073 3634 nomine
3103 3581 3390 3651 appellant.
3422 3580 3495 3641 Ut
3518 3595 3696 3643 autem
3725 3603 3869 3659 orga-

2296 3674 2426 3715 num
2455 3662 2680 3730 dieatur,
2705 3667 2872 3738 magis
2892 3670 3047 3723 latina
3071 3681 3122 3725 et
3148 3687 3211 3727 ea
3238 3670 3467 3745 vulgaris
3517 3685 3601 3731 est
3653 3694 3869 3734 consue-

2300 3756 2446 3811 tudo.
2508 3758 2661 3825 Quod
2705 3777 2832 3831 ergo
2882 3763 3063 3829 ait,in
3089 3765 3295 3821 chordis
3342 3779 3387 3821 et
3428 3782 3639 3839 organo,
3675 3770 3869 3826 videtur

2298 3850 2427 3903 mihi
2452 3850 2662 3919 aliquod
2688 3862 2944 3921 organum
2973 3855 3112 3924 quod
3151 3856 3381 3912 chordas
3424 3852 3656 3927 habeat,
3683 3861 3870 3932 signiﬁ-

2297 3957 2421 3997 care
2447 3944 2700 3997 voluisse.
2751 3940 2869 4000 Non
2919 3947 3058 4001 enim
3108 3949 3218 4003 sola
3264 3950 3512 4019 psalteria
3562 3961 3616 4007 et
3664 3940 3869 4009 cithara:

2297 4032 2526 4090 chordas
2579 4034 2815 4091 habent:
2848 4038 2940 4091 sed
2986 4038 3106 4108 quia
3148 4040 3199 4093 in
3251 4041 3502 4111 psalterio
3539 4048 3594 4099 et
3644 4044 3868 4111 cithara,

2298 4136 2515 4199 prapter
2542 4140 2730 4183 sonum
2761 4130 2827 4184 ab
2861 4128 3198 4185 inferioribus
3246 4138 3299 4188 et
3346 4135 3744 4204 superioribus,
3796 4137 3869 4191 in-

2248 4267 2255 4275 .
2297 4228 2510 4275 ventum
2531 4228 2611 4276 est
2631 4222 2825 4293 aliquid
2848 4218 2987 4291 quod
3015 4220 3303 4277 secundum
3328 4222 3465 4279 hanc
3486 4221 3869 4281 distinctionem

2296 4316 2465 4387 possit
2504 4312 2756 4385 intelligi,
2787 4312 2928 4370 aliud
2971 4326 3067 4370 nos
3106 4316 3158 4370 in
3206 4316 3334 4386 ipsis
3386 4314 3600 4376 chordis
3646 4326 3874 4391 (interere

2298 4406 2609 4474 admonuit;
2640 4410 2759 4478 quia
2788 4417 2840 4462 et
2871 4406 2999 4478 ipsa:
3046 4417 3168 4462 sunt
3212 4416 3373 4474 euro,
3406 4409 3501 4465 Sed
3533 4410 3640 4479 jam
3682 4424 3713 4465 τι
3759 4417 3871 4465 cor-

2296 4502 2543 4569 rUptiouc
2572 4499 2793 4555 liberata
2811 4500 2854 4554 ’.
2881 4498 3083 4566 Quibus
3112 4498 3334 4555 fortasse
3362 4495 3484 4555 ideo
3506 4494 3709 4556 addidit
3735 4506 3875 4571 orga-

2297 4604 2423 4650 num
2455 4638 2470 4663 ,
2522 4606 2628 4650 non
2672 4598 2732 4649 ut
2773 4592 2998 4665 singulm
3043 4595 3270 4661 sonent,
3322 4594 3415 4649 sed
3466 4598 3523 4648 ut
3578 4592 3872 4650 diversitate

2297 4684 2713 4745 cancordissima
2743 4696 3059 4753 consOnent,
3090 4682 3226 4743 sicut
3250 4684 3561 4741 ordinantur
3586 4688 3639 4741 in
3665 4694 3869 4759 organo.

2299 4780 2576 4837 Habebunt
2593 4782 2735 4836 enim
2766 4782 2926 4836 etiam
2953 4788 3078 4835 tunc
3103 4781 3272 4835 sancti
3299 4780 3386 4834 Dei
3408 4776 3740 4835 differentias
3759 4786 3872 4833 sua!

2298 4882 2674 4941 consonantes,
2702 4882 2805 4930 nan
2832 4873 3187 4940 dissonantes,
3235 4871 3286 4927 id
3316 4882 3417 4939 est,
3447 4873 3870 4936 c0nseutientes,

2298 4983 2405 5024 non
2459 4967 2869 5034 dissentientes;
2903 4962 3041 5022 sicut
3094 4966 3152 5021 iit
3197 4962 3544 5022 suavisSimus
3593 4974 3874 5023 concentus

2299 5077 2365 5118 ex
2395 5061 2619 5116 diversis
2638 5058 2849 5131 quidem
2871 5102 2886 5127 ,
2910 5056 3005 5114 sed
3036 5072 3141 5115 non
3166 5060 3303 5114 inter
3330 5075 3388 5115 se
3424 5058 3667 5115 adversis
3715 5055 3872 5111 sonis.

2302 5154 2467 5211 Stella
2497 5155 2626 5209 enim
2667 5172 2696 5206 a
2726 5152 2870 5208 stella
2897 5150 3067 5221 cii/fert
3108 5154 3160 5207 in
3184 5154 3455 5220 claritate;
3493 5155 3566 5207 sic
3589 5161 3635 5206 et
3658 5162 3876 5205 resurre-

2302 5248 2399 5302 ctio
2428 5256 2696 5301 mortormn
2728 5245 2767 5316 (l
2796 5244 2911 5301 Cor.
2943 5260 3033 5313 xv,
3065 5244 3154 5311 il,
3184 5240 3296 5316 42).

2375 5341 2425 5397 8.
2452 5338 2597 5414 [vers
2622 5340 2677 5405 5,
2702 5337 2780 5412 6.]
2812 5334 3041 5393 Laudate
3066 5355 3176 5392 eum
3202 5338 3253 5392 in
3273 5330 3516 5409 cymbalis
3542 5328 3665 5392 bene
3688 5346 3869 5391 sanan-

2305 5432 2454 5499 tibus,
2488 5430 2693 5487 t'audate
2718 5448 2832 5486 eum
2891 5430 2945 5485 in
2988 5429 3229 5501 cymbalis
3248 5426 3591 5502 jubilationis.
3631 5418 3876 5500 Cymbala

2305 5525 2531 5583 invicem
2563 5534 2781 5595 tangunt
2804 5534 2855 5580 ut
2882 5533 3071 5579 sonent
3093 5522 3154 5589 a;
3186 5522 3305 5579 ideo
3336 5540 3363 5577 a
3396 5521 3707 5594 quibusdam
3736 5516 3878 5572 labiis

2306 5622 2503 5679 nostris
2529 5627 2833 5691 comparata
2859 5627 3001 5675 sunt.
3035 5616 3142 5675 Sed
3172 5618 3364 5673 melius
3406 5614 3629 5689 intelligi
3674 5622 3800 5687 puto
3829 5606 3879 5666 in

2370 5800 2390 5833 ι
2423 5803 2498 5848 ttr.
2523 5795 2673 5857 Lugd.
2698 5802 2819 5846 ven.
2842 5800 2974 5855 Lov.,
3012 5794 3093 5846 hic
3118 5800 3168 5845 et
3192 5792 3335 5857 paulo
3358 5798 3482 5857 post,
3506 5792 3638 5857 uitia.
3734 5795 3793 5841 ι.

2369 5863 2390 5895 ³
2422 5863 2495 5912 Sic
2515 5858 2747 5912 meliores
2767 5866 2872 5912 Mss.
2898 5858 3012 5912 add.
3034 5872 3176 5922 vero,
3187 5858 3423 5922 liberata.

2372 5920 3485 5988 'M,Wbmmbbest.ﬁbene,altss.
