3802 6186
75 179 3396 250 Em“

343 440 566 594 A.
692 445 909 597 B.
1043 439 1870 600 CAlLLAU
1978 442 3047 602 PR/EFATIO.

129 827 272 886 inter
291 825 772 903 insurgentes
802 823 967 885 hinc
995 830 1056 885 et
1083 823 1228 885 inde
1258 822 1469 883 multis
1493 822 1628 901 jam
1653 820 1737 883 ab
1769 821 1951 885 ann-is
1979 820 2375 901 publica-rum
2419 822 2884 885 discordiarum
2915 826 3238 899 tumultus,
3273 823 3399 891 hoc

88 925 491 1000 gravissimum
543 940 929 1002 emergere
958 921 1431 983 incommodum
1464 919 1840 982 crediderim
1883 921 2072 982 simul
2105 927 2168 982 et
2207 920 2494 995 dixerim,
2524 921 2832 985 funestam
2866 922 3156 985 videlicet
3191 925 3397 1000 istam,

99 1043 207 1102 quae
232 1026 458 1087 doctos
507 1033 583 1086 et
637 1026 839 1105 pacis
883 1031 1166 1086 amantes
1209 1023 1555 1084 litterarum
1599 1022 1848 1084 labores
1895 1023 2284 1103 interruptos
2328 1024 2609 1103 pendere
2655 1025 2887 1103 coegit,
2933 1027 3395 1089 necessitatem.

111 1127 232 1201 Quid
257 1127 430 1188 enim
475 1125 841 1188 scribendi
869 1124 1081 1186 studio
1108 1141 1248 1185 cum
1279 1122 1508 1185 ardore
1552 1121 1876 1184 bellandi?
1902 1123 2053 1202 quid
2082 1123 2563 1186 meditationum
2596 1126 2790 1205 quieti
2844 1145 2988 1188 cum
3011 1129 3397 1192 seditionum

125 1228 401 1293 motibus?
445 1229 578 1290 Ubi
617 1224 901 1289 infausti
923 1223 1198 1286 civilium
1226 1222 1649 1302 procellarum
1679 1223 1938 1302 spiritus
1968 1224 2195 1285 acriter
2219 1223 2533 1286 sibilando
2559 1223 2961 1302 invehuntur,
2991 1227 3227 1290 ibidem
3257 1229 3398 1292 lan-

135 1339 397 1408 guescant
423 1329 624 1391 ﬂores
654 1327 914 1405 ingenii
940 1327 1328 1406 marcidique
1357 1326 1652 1389 decidant
1680 1344 1944 1390 necesse
1977 1333 2094 1389 est.

208 1436 338 1509 Quis
365 1441 457 1496 est
477 1433 820 1495 studiosos
850 1433 1016 1492 inter
1041 1448 1231 1494 sacrm
1263 1431 1647 1510 antiquitatis
1661 1431 1980 1506 alumnos,
2005 1432 2118 1512 qui
2142 1433 2416 1512 primum
2441 1439 2565 1499 tam
2595 1432 2808 1495 nitidae
2829 1438 2891 1496 et
2908 1439 3033 1495 tam
3055 1435 3400 1498 emendatas

141 1537 199 1594 S.
220 1534 486 1612 Gregorii
504 1533 891 1594 Nazianzeni
913 1531 1204 1594 editionis
1228 1531 1525 1592 volumen
1553 1549 1686 1592 non
1709 1531 1898 1594 fuerit
1917 1533 2258 1594 admiratus
2285 1528 2568 1614 (a)?Quis
2590 1532 2745 1594 illud
2768 1535 3007 1595 meritis
3031 1552 3159 1597 non
3182 1535 3400 1600 extulit

149 1639 432 1709 laudibus,
457 1634 1154 1713 Benedictinorumque
1181 1635 1390 1696 Sancti
1427 1635 1648 1708 Mauri,
1679 1642 1764 1696 ita
1795 1635 2050 1697 aliunde
2086 1636 2152 1696 in
2185 1635 2317 1698 suis
2355 1637 2658 1716 operibus
2695 1637 3148 1716 perfector-um,
3184 1639 3399 1718 perfe-

146 1737 466 1796 ctissimum
494 1752 658 1813 opus
684 1751 818 1794 non
840 1733 1242 1811 przedicavit?
1269 1734 1416 1806 Quis
1434 1735 1607 1814 justo
1638 1752 1770 1796 non
1802 1744 2175 1814 prosecutus
2193 1742 2293 1798 est
2321 1736 2636 1798 desiderio
2662 1737 2986 1812 amissum,
3013 1745 3084 1800 ut
3111 1739 3402 1804 nonnulli

153 1844 377 1914 putant,
403 1843 509 1897 aut
526 1833 776 1904 saltem,
809 1839 881 1892 ut
902 1849 1114 1893 verum
1141 1839 1260 1907 est,
1292 1851 1672 1913 suspensum
1696 1834 2066 1896 excellentis
2098 1835 2586 1898 elucubrationis
2614 1839 3146 1918 complementum
3163 1839 3194 1903 ?
3222 1842 3401 1915 Quod

153 1936 448 2014 perditum
479 1935 714 1995 deﬂent
734 1931 863 2004 alii,
893 1928 1065 2008 quod
1092 1928 1198 1989 alii
1224 1929 1648 2010 interruptum
1684 1930 1926 2005 dolent,
1958 1931 2080 1992 hoc
2109 1932 2363 1994 tandem
2396 1951 2430 1994 e
2455 1935 2734 1998 tenebris
2761 1944 3009 1999 erutum
3037 1938 3151 2000 tibi
3180 1939 3396 2018 profe-

155 2036 359 2106 rimus,
384 2035 613 2113 optime
667 2031 890 2103 lector,
922 2029 1093 2108 quod
1123 2046 1253 2091 non
1279 2037 1341 2090 te
1359 2029 1594 2105 solum,
1630 2031 1742 2093 sed
1782 2038 1845 2092 et
1888 2048 2150 2092 omnem
2177 2032 2570 2096 eruditorum
2617 2034 2917 2098 familiam
2963 2046 3142 2115 grato
3185 2039 3400 2103 animo

147 2147 528 2218 accepturam
543 2134 945 2199 confidimus.

231 2243 405 2303 Plura
434 2249 632 2303 autem
665 2248 728 2301 et
755 2245 924 2302 certe
947 2238 1312 2316 gravissima
1335 2239 1402 2303 in
1427 2240 1760 2320 procinctu
1784 2246 2107 2302 tractanda
2135 2245 2496 2312 occurrunt,
2536 2240 2590 2300 1'
2629 2239 2867 2302 scilicet
2893 2256 3024 2318 quo
3057 2239 3224 2302 felici
3249 2259 3401 2303 casu

149 2343 532 2404 authenticos
563 2345 986 2404 Maurinorum
1005 2345 1468 2424 manuscriptus
1495 2346 1698 2408 codex
1728 2353 1974 2408 nostras
1996 2347 2062 2406 in
2090 2364 2314 2408 manus
2334 2346 2627 2408 inciderit
2654 2364 2668 2420 ;
2697 2345 2756 2406 2°
2783 2362 2926 2424 quae
2948 2352 3011 2406 et
3038 2347 3254 2425 quanti
3279 2348 3403 2408 sint

155 2448 444 2508 momenti
474 2465 683 2526 opera,
715 2465 856 2526 quae
887 2449 1169 2508 nondum
1193 2449 1272 2510 ad
1303 2449 1732 2511 omnimodam
1753 2449 2174 2527 integritatem
2196 2449 2704 2529 severioremque
2727 2449 3197 2526 castigationem
3227 2468 3406 2515 revo-I

149 2554 306 2614 cata.
342 2549 669 2609 emittenda
716 2559 1128 2627 supererant;
1178 2551 1234 2613 3°
1279 2570 1407 2632 qua
1453 2552 1754 2614 methodo
1800 2553 2151 2615 doctissimi
2179 2553 2457 2614 editores
2485 2552 2552 2613 in
2589 2551 2916 2630 operando
2944 2553 3400 2647 processerint;

153 2647 212 2706 4°
247 2649 392 2726 quid
420 2649 644 2711 laboris
671 2653 922 2714 tandem
959 2654 1163 2728 nobis,
1195 2660 1338 2734 post
1368 2661 1576 2716 tantos
1601 2671 1914 2717 messores
1941 2654 2394 2733 prmtermissas
2423 2653 2524 2738 vix
2554 2652 2795 2730 aliquas
2818 2650 2966 2714 hinc
2996 2658 3058 2713 et
3086 2652 3236 2714 inde
3269 2653 3403 2733 spi-

141 2767 255 2808 ras
282 2750 640 2825 legentibus,
674 2751 858 2815 fuerit
888 2755 1295 2817 derelictum:
1327 2771 1470 2833 qua:
1508 2753 1763 2833 quidem
1791 2753 1903 2814 ubi
1930 2752 2164 2815 fuerint
2195 2752 2468 2815 dilucide
2498 2755 2852 2818 examinata
2893 2762 2953 2818 et
2981 2774 3284 2838 expensa,
3315 2759 3402 2820 nil

141 2849 270 2927 jam
297 2849 453 2912 ultra
477 2852 646 2932 quod
673 2854 1058 2934 expostulari
1084 2853 1285 2934 possit
1309 2852 1407 2914 vel
1439 2852 1727 2932 exoptari
1754 2864 2082 2922 remanere
2111 2850 2452 2913 credimus.

1501 2998 1932 3060 ARTICULUS
1975 2997 2024 3058 Ῑ.

1124 3192 1131 3199 .
1200 3142 1288 3204 De
1329 3143 1580 3203 invento
1612 3139 2058 3201 Maurinorum
2097 3138 2328 3226 codice.

234 3291 423 3352 Nemo
446 3291 643 3354 nescit
670 3292 1081 3355 recentiorem
1123 3290 1186 3350 S.
1215 3287 1500 3365 Gregorii
1550 3272 1924 3347 Nazianzeni
1952 3281 2295 3345 editionem
2322 3282 2598 3364 primum
2629 3301 2665 3345 a
2694 3283 2765 3345 D.
2793 3283 3028 3348 Iacobo
3065 3286 3145 3348 de
3184 3288 3402 3351 Friche

152 3401 522 3472 susceptam,
549 3392 773 3454 deinde
804 3409 952 3453 vero
979 3409 1015 3453 a
1043 3391 1114 3450 D.
1144 3389 1477 3450 Francisco
1499 3384 1781 3448 Louvard
1805 3382 2188 3458 inchoatam,
2227 3389 2448 3464 postea
2477 3401 2512 3445 a
2540 3385 2610 3444 D.
2640 3385 2983 3448 Prudentio
3004 3388 3212 3450 Maran
3245 3409 3405 3469 pra)-

158 3503 444 3572 paratam,
471 3496 594 3556 imo
619 3500 680 3554 et
697 3493 947 3574 publice
975 3507 1141 3554 anno
1176 3489 1323 3552 1708
1350 3487 1806 3560 annuntiatam,
1832 3501 2001 3546 anno
2023 3483 2302 3563 denique
2330 3482 2506 3558 1778,
2539 3485 2750 3564 quoad
2782 3486 3055 3563 primum
3079 3491 3402 3564 volumen,

157 3593 344 3657 fuisse
368 3597 648 3657 emissam
680 3593 928 3655 Parisiis
957 3610 992 3652 a
1020 3593 1092 3652 D.
1119 3590 1498 3660 Clemencet,
1530 3601 1807 3665 quocum
1846 3583 2111 3662 insuper
2139 3599 2320 3644 curas
2355 3583 2979 3647 communicaverunt
3015 3589 3134 3648 DD.
3173 3592 3402 3665 Patcrt,

158 3696 422 3756 Andreas
440 3697 624 3756 Brion
655 3699 716 3754 et
744 3690 1078 3768 Dionysius
1108 3686 1363 3758 d‘Olive,
1393 3683 1502 3764 qui
1542 3681 1774 3743 menda
1794 3680 2152 3758 corrigendi
2171 3679 2482 3757 ingratum
2504 3679 2952 3764 ditﬁcilemque
2979 3685 3252 3752 laborem
3280 3709 3406 3752 non

157 3795 526 3858 detrectavit.
545 3791 1169 3860 DomnoClemencet,
1185 3786 1314 3864 qui,
1342 3783 1624 3845 doctrina
1655 3780 1967 3844 celebrior
1979 3797 2168 3860 quam
2190 3779 2336 3852 ﬁde,
2352 3777 2532 3858 plura
2557 3781 2806 3862 scripsit
2828 3785 2912 3847 ad
2937 3789 3407 3851 confirmandos

157 3901 565 3962 recentiorum
579 3903 945 3959 novaturum
959 3908 1226 3964 errores,
1241 3905 1511 3969 quorum
1525 3885 1730 3948 acrior
1742 3884 1975 3946 exstitit
1989 3890 2447 3963 propugnator,
2463 3883 2710 3963 adjutor
2722 3885 2784 3948 in
2799 3890 3059 3952 secundi
3075 3891 3408 3952 voluminis

159 3997 366 4060 labore
391 3997 565 4059 datus
590 4002 684 4057 est
716 3996 785 4053 D.
815 3992 892 4052 de
913 3989 1194 4060 Cosniac,
1229 3986 1339 4066 qui
1363 3984 1569 4046 lenior
1600 3983 1838 4056 animo,
1886 3985 1948 4046 at
1993 3980 2155 4042 forte
2193 3981 2451 4058 ingenio
2482 3982 2710 4057 minor,
2747 3985 2824 4045 ad
2853 3989 3106 4049 eosdem
3166 4007 3410 4055 errores

163 4099 394 4161 videtur
405 4098 758 4161 inclinasse.
771 4097 929 4158 Hinc
940 4095 1086 4156 licet
1105 4099 1286 4155 caute
1299 4089 1573 4168 legendi,
1588 4087 1844 4168 quando
1857 4086 1938 4148 de
1956 4085 2128 4147 falsis
2142 4102 2362 4148 eorum
2375 4087 2577 4164 agitur
2591 4088 2914 4163 doctrinis,
2931 4089 3180 4168 legendi
3199 4101 3410 4158 tamen

160 4215 518 4264 securecum
542 4194 830 4274 agiturde
842 4193 1070 4272 linguae
1087 4194 1317 4254 Graacze
1334 4189 1578 4269 peritia,
1593 4185 1670 4249 de
1685 4186 1974 4248 codicum
1987 4190 2314 4258 vetustate,
2343 4187 2713 4249 auctoritate
2726 4195 2788 4248 et
2809 4190 3230 4268 varietatibus,
3251 4196 3330 4257 de
3352 4199 3410 4258 vi

164 4306 412 4361 etsensu
435 4300 788 4369 verborum,
803 4295 881 4357 de
895 4291 1196 4355 versionis
1213 4287 1618 4370 preprietate,
1641 4284 2013 4362 cmterisque
2026 4281 2361 4361 ejusmodi,
2376 4283 2607 4361 quibus
2625 4286 2934 4348 conﬂatur
2951 4290 3160 4350 omnis
3179 4300 3410 4355 nostrze

167 4397 341 4478 hujus
363 4399 650 4460 editionis
679 4398 872 4458 labor.
897 4393 1150 4456 Laboris
1176 4396 1386 4453 autem
1403 4387 1581 4449 ardui
1600 4384 1930 4464 multiplex
1950 4383 2331 4459 sollicitudo,
2354 4385 2703 4464 praesertim
2724 4387 3020 4452 defuncto
3031 4391 3162 4471 jam
3185 4395 3252 4454 D.
3275 4396 3412 4456 Cle-

170 4507 420 4572 mencet,
447 4500 659 4579 plures
683 4497 1035 4577 requirebat
1054 4512 1300 4567 manus,
1320 4497 1382 4554 et.
1407 4490 1663 4571 quidem
1695 4505 1825 4549 non
1849 4487 2168 4560 indoctas;
2201 4487 2369 4549 unde
2381 4485 2615 4549 factum
2639 4496 2812 4551 estut
2831 4490 2897 4553 in
2930 4495 3143 4580 Operis
3171 4503 3412 4575 partem

171 4601 392 4661 veniret
405 4603 468 4661 D.
483 4601 562 4662 de
577 4599 863 4661 Verneuil
877 4648 891 4672 ,
905 4597 1012 4678 qui
1026 4595 1303 4676 ejusdem
1318 4592 1557 4655 ordinis
1579 4609 1709 4652 non
1730 4599 1964 4651 vestem
1982 4588 2210 4660 solum,
2227 4587 2338 4650 sed
2367 4595 2428 4650 et
2447 4588 2771 4651 scientiam
2783 4591 3176 4670 praaferebat.
3190 4597 3414 4658 Tribus

168 4700 240 4759 ab
261 4701 352 4762 his
369 4703 532 4778 viris,
550 4702 811 4781 aliisque
831 4700 1041 4762 forsan
1059 4714 1331 4778 quorum
1347 4694 1649 4756 memoria
1665 4710 1796 4755 non
1831 4697 2141 4772 superest,
2150 4689 2283 4770 jam
2305 4691 2664 4754 confectum
2691 4711 2876 4776 Opus,
2910 4697 2996 4759 nil
3026 4699 3191 4760 aliud
3223 4719 3415 4778 quam

171 4810 694 4890 typographorum
725 4824 976 4871 manum
1000 4811 1363 4885 exspectare
1387 4801 1729 4873 videbatur,
1754 4798 2010 4878 quando
2038 4798 2218 4860 irruit
2237 4798 2445 4862 subito
2464 4799 2654 4862 tristis
2681 4796 3080 4877 violentaque
3110 4799 3410 4878 procella,

171 4928 325 4988 quae,
352 4915 672 4976 concussis
699 4913 1021 4990 religionis
1061 4911 1264 4990 ipsius
1287 4911 1357 4971 in
1385 4907 1579 4970 Gallia
1610 4904 2059 4980 fundamentis,
2087 4922 2302 4968 sacros
2337 4905 2796 4970 monachorum
2830 4903 3085 4964 ordines
3127 4901 3416 4981 spoliavit

177 5006 668 5090 disturbavitque.
698 5008 990 5073 Maurinis
1017 5014 1250 5081 autem,
1285 5023 1429 5066 cum
1463 5003 1542 5065 ab
1574 5002 1752 5065 avitis
1781 5002 2070 5065 claustris
2099 5003 2252 5066 nudi
2285 5010 2347 5065 et
2372 5009 2630 5082 egentes
2657 5008 3100 5086 abjicerentur,
3132 5007 3219 5067 nil
3248 5007 3410 5068 antio

176 5109 345 5186 quius
363 5111 478 5174 fuit
509 5129 696 5191 quam
723 5114 964 5178 caeteris
983 5115 1277 5183 omnibus
1304 5112 1769 5193 pretiosiorem,
1791 5117 2016 5191 utpote
2035 5113 2221 5174 tantis
2248 5111 2474 5190 vigiliis
2499 5108 2960 5187 sudoribusque
2982 5111 3414 5183 comparatum

240 5238 313 5300 (α)
343 5235 695 5307 Splendidam
719 5245 867 5291 certe
894 5233 1169 5300 Volumen,
1204 5237 1298 5291 sed
1321 5235 1503 5306 Quoad
1535 5243 1720 5290 textus
1749 5236 2194 5307 emendationem
2219 5250 2328 5307 non
2349 5233 2487 5288 adeo
2517 5230 2910 5307 extollendum.
2943 5224 3416 5307 S'pec'imionisloeo

177 5296 441 5377 sit‘pagina
477 5310 526 5366 l,
564 5309 654 5361 ubi
681 5307 877 5377 legitur
899 5309 981 5362 bis
1010 5296 1408 5374 ἁναὰθὰσεὼς
1433 5308 1678 5377 ιποᾉὰναε

1915 5301 2122 5370 ,οὗτος
2144 5321 2244 5373 pro
2268 5299 2441 5365 οὗτος,
2461 5310 2568 5377 etc.
2601 5300 2706 5355 Sed
2737 5299 2881 5377 quod
2910 5296 3232 5377 ntirerisz‘in
3256 5296 3416 5377 titulo

177 5364 639 5452 priinivvoluuiipis
657 5364 801 5452 quod
829 5377 942 5445 jam
968 5385 1339 5452 peccaverant
1383 5364 1542 5452 primi
1568 5364 1918 5452 typographii,
1951 5375 2004 5428 id
2043 5364 2160 5452 non
2182 5364 3042 5452 modo_retinueruntjtovissimi
3067 5364 3320 5452 editores
3338 5367 3416 5452 in

176 5439 347 5516 eodem
373 5448 534 5501 titulo
555 5439 712 5516 'typi-s
743 5439 938 5516 iterum
971 5439 1248 5516 inundate,
1279 5439 1677 5516 εῠρὶσχρμἑτὲα

1915 5445 2214 5516 prorogaqu
2241 5442 2550 5496 scribentes
2580 5439 2747 5516 (quod
2780 5447 2962 5516 tamen
2986 5439 3416 5516 jam_notaverat

163 5513 354 5572 illarles
384 5520 448 5572 ad
485 5505 738 5570 Blblibth.
777 5514 948 5570 Gneo.
978 5505 1246 5578 Fabricii,
1262 5505 1403 5569 ton'i.‘
1429 5505 1559 5579 ν’ῑιῖ,
1592 5532 1645 5585 p.
1683 5505 1834 5585 4'05),
1891 5505 1985 5568 s'ed
2024 5505 2170 5566 aliud
2201 5513 2421 5580 insuper
2451 5505 2706 5565 mendum
2740 5505 3072 5560 addiderunt
3093 5505 3417 5576 Γρεπτηρίυυ

176 5586 474 5644 exhibentes
506 5603 607 5656 pro
647 5585 971 5656 Γρηγορίου.
996 5586 1150 5642 Em.
1183 5585 1354 5639 Pun.

476 5684 755 5742 ΡΑτειοι..
785 5680 910 5738 (in.
954 5681 1283 5742 XXXVII.

2233 5753 2258 5771 κ·
3136 5671 3169 5729 ι
