3802 6242
414 222 473 277 ιι
1566 215 1635 271 A.
1675 216 1734 272 Β.
1775 215 2077 275 CAILLAD
2118 214 2514 274 ΡΠΑΞΡΑἸῚΟ.
3624 225 3695 280 t2

410 333 800 407 thesaurum,
832 329 1132 409 fugiendo
1157 326 1428 404 auferre,
1457 332 1541 403 et,
1578 329 1728 390 dum
1763 328 2060 391 transiret
2085 334 2451 410 tempestas,
2480 327 2820 392 occultare.
2853 330 3074 394 Utrum
3104 331 3318 413 plures
3342 331 3521 395 facta:
3549 333 3693 396 fue-

321 500 330 508 _
412 435 538 497 rint
566 440 712 496 ante
746 433 869 494 hoc
914 434 1219 512 temporis
1253 434 1802 513 transcriptiones.
1831 451 1965 497 non
2010 436 2159 497 satis
2198 440 2486 508 constat;
2532 442 2774 497 certum
2806 442 2902 501 est
2948 444 3156 501 autem
3202 438 3522 519 duplicem
3556 441 3691 520 jam

411 530 696 594 codicem
725 528 888 589 inter
919 527 1401 591 eminentissimi
1421 530 1753 593 cardinalis
1778 530 1900 591 DD.
1934 532 2134 594 Fesch
2162 550 2387 594 manus
2418 531 2701 594 habitum
2744 533 2968 610 fuisse,
2995 554 3265 617 quorum
3307 556 3451 601 cum
3492 539 3692 619 prior,

413 631 608 692 multa
635 630 909 710 pecunia
934 637 1356 711 comparatus,
1389 633 1570 713 quasi
1590 651 1627 694 a
1647 633 1905 713 propria
1932 636 2491 698 Benedictinorum
2512 653 2700 698 manu
2732 636 3105 718 descriptus,
3137 657 3393 702 manum
3422 640 3692 705 alienam

414 735 738 797 evidenter
762 739 1077 812 argueret,
1108 735 1527 813 posteriorem
1556 737 1785 799 iterum
1814 740 2087 819 pecunia
2116 740 2338 820 majori
2372 739 2641 801 redemit
2671 740 3203 802 eminentissimus
3234 739 3405 801 idem
3439 741 3691 821 Purpu-

414 841 622 909 ratus;
663 841 876 896 utrum
903 834 1212 896 veriorem
1238 834 1802 916 sincerioremque,
1827 843 2063 900 asserat
2088 838 2200 917 qui
2226 837 2378 899 vidit
2402 854 2419 911 ;
2443 836 2597 898 mihi
2631 836 2800 898 enim
2820 836 2997 899 illum
3023 836 3236 898 videre
3267 854 3398 898 non
3433 854 3698 900 conces-

411 952 576 997 sum.
618 936 886 996 Romam
922 931 1093 993 enim
1128 932 1498 1008 deveniens,
1530 941 1595 996 et
1629 935 1710 997 ad
1732 934 2232 997 Eminentissimi
2280 934 2478 1014 pedes
2514 934 2907 1016 provolutus,
2945 935 3351 997 eo’audaciae
3390 934 3694 998 devenire

413 1051 555 1096 sum
578 1050 789 1108 ausus,
818 1038 888 1095 ut
914 1038 1042 1094 tam
1071 1030 1420 1110 pretiosum
1446 1038 1952 1108 monumentum,
1987 1033 2169 1112 prelo
2198 1032 2407 1095 subito
2456 1031 2909 1108 mandandum,
2933 1031 3332 1096 describendi
3372 1032 3692 1098 licentiam

414 1137 910 1218 expostularem;
960 1153 1151 1216 quam
1191 1135 1449 1216 quidem
1494 1143 1757 1217 propter
1792 1138 2188 1217 gravissimas
2222 1154 2399 1210 sane,
2433 1155 2591 1219 quas
2632 1154 2765 1200 non
2809 1138 3123 1201 discutere
3164 1156 3379 1201 meum
3420 1146 3539 1213 est,
3574 1140 3689 1202 sed

414 1241 710 1317 revereri,
741 1240 1017 1303 rationes
1044 1238 1333 1301 obtinere
1368 1255 1498 1301 non
1541 1240 1826 1319 contigit.
1867 1241 2105 1304 Durum
2132 1247 2345 1302 tamen
2385 1247 2455 1302 et.
2489 1256 2771 1303 amarum
2817 1241 3028 1303 animo
3066 1258 3264 1303 sacra;
3303 1242 3694 1321 antiquitatis

414 1339 668 1413 amanti,
730 1336 1097 1418 praesumpti
1159 1335 1568 1417 pulcherrimi
1636 1336 1872 1401 laboris
1924 1356 2178 1401 omnem
2238 1339 2493 1419 penitus
2545 1356 2724 1418 spem
2801 1339 3092 1418 abjicere.
3174 1339 3325 1402 Mihi
3358 1389 3374 1416 ,
3458 1340 3690 1419 fateor,

414 1455 669 1519 semper
684 1444 829 1500 ante
848 1436 1069 1500 oculos
1089 1435 1534 1498 obversabatur
1550 1435 1899 1498 secundum
1920 1435 2074 1497 illud
2097 1436 2295 1498 sancti
2315 1434 2596 1513 Gregorii
2618 1435 3090 1497 Benedictinum
3110 1436 3694 1517 volumen.Ergone

414 1559 670 1622 semper
694 1540 760 1602 in
803 1540 992 1602 unius
1010 1536 1413 1600 bibliotheca;
1454 1536 1737 1599 tenebris
1767 1537 2085 1619 sepultum
2116 1536 2512 1601 remanebit?
2538 1539 2875 1617 Nunquam
2908 1554 3059 1615 ergo
3090 1540 3195 1601 ﬁet
3223 1541 3462 1620 publici
3484 1523 3695 1622 juris?

413 1640 693 1703 Ecclesia
720 1645 895 1702 tanto
923 1637 1165 1699 lumine
1190 1652 1518 1715 nunquam
1555 1635 1852 1699 irradiata
1876 1634 2220 1717 gaudebit?
2248 1636 2398 1700 Haae
2431 1654 2534 1699 me
2560 1637 2901 1715 cogitante,
2939 1637 3146 1701 subito
3180 1639 3347 1702 fama
3389 1642 3467 1704 ad
3503 1659 3693 1705 aures

418 1740 697 1812 affertur,
729 1754 948 1800 verum
976 1742 1038 1797 et
1057 1735 1403 1813 genuinum
1426 1736 1843 1798 Maurinensis
1874 1736 2367 1800 elucubrationis
2390 1736 2715 1818 exemplar
2740 1737 2990 1799 Parisiis
3016 1736 3274 1814 haberi;
3308 1741 3379 1802 D.
3417 1740 3497 1803 de
3526 1743 3691 1804 Ver-

419 1838 614 1913 neuil,
645 1838 941 1901 omnibus
971 1835 1132 1911 aliis,
1162 1834 1273 1915 qui
1306 1833 1456 1896 huic
1493 1833 1696 1897 labori
1732 1836 2384 1910 communicaverant,
2426 1837 2823 1916 superstitem
2868 1834 3139 1899 ﬁdeliter
3175 1838 3328 1901 illud
3369 1858 3688 1917 servasse;

414 1942 546 2002 imo
574 1940 806 2019 saepius
842 1937 1010 2018 apud
1047 1937 1260 2016 ipsum
1289 1934 1671 1997 cardinalem
1699 1935 1895 1998 Fesch
1943 1937 2172 2015 egisse,
2207 1943 2279 1999 ut
2313 1937 2493 2017 prelo
2525 1937 2957 2015 subjiceretur,
3017 1957 3159 2002 cum
3206 1941 3442 2020 vigeret
3485 1944 3693 2009 adhuc

415 2040 838 2122 potentissimi
892 2038 1143 2119 nepotis
1203 2037 1543 2099 auctoritas
1579 2084 1595 2111 ,
1660 2038 2089 2119 eumdemque
2154 2048 2358 2102 morte
2416 2039 2670 2102 tandem
2739 2046 3120 2120 praeventum
3152 2088 3168 2116 ,
3231 2040 3382 2104 dum
3442 2052 3697 2122 regeret

414 2143 624 2206 Sancti
651 2138 934 2220 Dionysii
983 2155 1187 2218 prope
1245 2137 1519 2199 Parisios
1574 2137 1967 2217 parochiam,
2007 2139 2163 2203 illud
2224 2141 2530 2221 proximis
2588 2141 2945 2221 reliquisse,
3001 2142 3111 2222 qui
3152 2143 3288 2224 ejus
3344 2145 3694 2210 etiamnum

413 2241 818 2325 possessione
850 2238 1241 2301 fruebantur.
1273 2238 1406 2299 Nec
1432 2254 1610 2300 mora
1636 2256 1650 2299 :
1679 2238 2093 2318 inquiruntur
2110 2240 2183 2300 D.
2207 2240 2287 2303 de
2307 2240 2599 2302 Verneuil
2633 2240 2945 2317 haaredes,
2983 2258 3103 2304 nec
3124 2242 3322 2306 multo
3338 2251 3484 2325 post
3508 2246 3695 2309 inve-

414 2343 676 2404 niuntur
692 2358 706 2413 ;
722 2338 1042 2401 invenitur
1060 2353 1204 2399 cum
1223 2334 1348 2396 illis
1366 2334 1685 2414 pretiosus
1705 2335 1911 2398 codex
1935 2353 1951 2410 ;
1975 2352 2197 2398 severo
2215 2335 2541 2416 subjicitur
2562 2336 2868 2411 examini;
2911 2339 3207 2419 giganteo
3231 2340 3449 2405 labore
3476 2345 3698 2424 prodi-

415 2447 519 2503 tur
552 2439 981 2503 Maurinorum
1014 2435 1382 2513 ingenium;
1420 2433 1746 2512 castigatio
1786 2441 2020 2509 textus,
2057 2434 2537 2497 adnotationum
2575 2436 2961 2515 proprietas,
3005 2439 3312 2503 versionis
3356 2441 3695 2522 perfectio,

418 2541 789 2605 variantium
816 2540 1162 2604 lectionum
1205 2536 1488 2600 delectus
1510 2543 1572 2597 et
1600 2535 1964 2612 multitudo,
1994 2536 2323 2617 scriptum
2365 2537 2567 2617 ipsius
2596 2544 2889 2615 vetustas,
2922 2538 3077 2602 nihil
3119 2548 3213 2604 est
3239 2544 3410 2622 quod
3440 2561 3573 2607 non
3612 2546 3695 2608 ad

416 2640 941 2703 manifestandam
966 2638 1290 2701 veritatem
1320 2648 1674 2703 concurrat.
1709 2637 1844 2698 Imo
1873 2642 1936 2697 et
1967 2635 2278 2697 editorum
2299 2635 2580 2710 nomina,
2613 2642 2675 2697 et
2699 2637 3067 2700 eorumdem
3091 2639 3594 2717 deliberationes,
3630 2650 3698 2706 et

417 2738 629 2801 danda
657 2737 1073 2820 typographis
1107 2734 1392 2809 consilia,
1423 2740 1486 2796 et
1518 2733 1844 2813 sequenda
1876 2733 1943 2795 in
1974 2732 2219 2795 cunctis
2257 2732 2596 2796 methodus
2636 2752 2770 2796 rem
2814 2736 2901 2798 ita
2945 2738 3112 2801 clare
3141 2739 3476 2816 elucidant,
3506 2749 3579 2805 ut
3620 2741 3696 2805 in

421 2841 683 2905 dubium
718 2837 1002 2902 revocari
1029 2852 1161 2908 non
1191 2832 1415 2914 possit.
1444 2833 1652 2897 Unum
1673 2841 1734 2898 et
1758 2835 2019 2915 quidem
2040 2835 2355 2899 difﬁcilius
2380 2836 2545 2901 forte
2572 2839 3024 2904 inveniendum
3045 2846 3430 2922 remanebat,
3456 2864 3693 2930 nempe

417 2943 649 3005 fortem
674 2940 1105 3019 audacemque
1124 2937 1348 3011 virum,
1374 2936 1484 3017 qui
1513 2943 1576 2999 et
1601 2938 1887 3000 codicem
1913 2939 2156 3017 argenti
2182 2940 2467 3019 pondere
2501 2959 2891 3022 comparare,
2922 2951 2984 3007 et
3011 2951 3442 3025 comparatum
3472 2947 3698 3026 ingen-

419 3042 587 3106 tibus
617 3041 963 3121 dispendiis
998 3040 1167 3125 typis
1205 3043 1504 3105 mandare
1535 3058 1667 3104 non
1696 3042 2154 3106 reformidaret.
2187 3045 2687 3110 Detrectantibus
2733 3048 2870 3111 aliis
2896 3051 3271 3129 quibusdam
3301 3052 3696 3131 periculum-

420 3159 546 3222 que
594 3141 807 3203 subire
836 3142 1293 3218 recusantibus,
1330 3141 1587 3205 obvium
1629 3158 1697 3204 se
1739 3140 1888 3203 fecit
1931 3141 2096 3204 ultro
2144 3144 2216 3204 D.
2245 3145 2858 3223 Parent-Desbarres,
2892 3148 3001 3228 qui
3025 3148 3154 3228 jam
3202 3149 3281 3211 de
3327 3150 3589 3213 scientia
3632 3159 3700 3216 et

421 3241 726 3322 religione
755 3241 965 3305 multis
995 3242 1378 3306 editionibus
1400 3246 1461 3303 et
1491 3240 1839 3319 praesertim
1868 3238 2240 3303 Collectione
2270 3242 2387 3303 SS.
2416 3245 2679 3305 Patrum
2709 3243 2873 3307 bene
2901 3244 3182 3321 meritus,
3214 3245 3507 3308 meritum
3532 3246 3697 3311 illud

420 3357 654 3404 novum
677 3341 1183 3421 praecedentibus
1213 3339 1640 3421 superaddere
1674 3339 1890 3402 voluit.

1794 3460 2221 3522 ARTICULUS
2249 3463 2327 3523 II.

910 3590 1000 3649 De
1029 3588 1307 3650 nondum
1335 3589 1523 3651 editis
1545 3608 1584 3649 a
1608 3588 2011 3652 Maurinensi
2048 3590 2528 3669 congregatione
2566 3590 2863 3670 Gregorii
2881 3590 3193 3670 operibus.

498 3705 718 3768 Omnia
737 3706 905 3769 beati
929 3709 1216 3772 Doctoris
1240 3726 1435 3790 Opera
1456 3717 1582 3771 tres
1601 3707 1680 3770 ad
1708 3708 1939 3771 classes
1959 3709 2319 3772 necessario
2345 3714 2742 3783 revocantur,
2773 3720 3039 3788 quaram
3060 3708 3285 3790 prima,
3313 3712 3700 3775 Sermones;

421 3806 722 3882 secunda,
755 3807 1104 3887 Epistolas;
1147 3809 1352 3882 tertia,
1388 3811 1684 3871 Poemata
1725 3807 2186 3888 complectitur.
2223 3809 2562 3886 Gregorius
2596 3809 2766 3877 enim
2802 3814 2872 3870 ut
2908 3808 2973 3870 in
3011 3810 3367 3890 perorando
3404 3810 3702 3876 sublimis

421 3912 485 3966 et
516 3904 847 3982 facundus,
877 3908 961 3971 ita
989 3915 1050 3971 et
1078 3909 1143 3970 in
1171 3909 1507 3973 scribendo
1532 3908 1766 3971 nitidus
1799 3915 1986 3986 atque
2007 3906 2231 3983 facilis,
2259 3913 2323 3969 et
2346 3908 2413 3969 in
2443 3907 2754 3971 cantando
2777 3908 3028 3986 grandis
3047 3916 3108 3972 et
3125 3926 3409 3972 amamus
3431 3910 3696 3973 exstitit.

499 4010 835 4075 Sermones
864 4013 1121 4092 quidem
1153 4033 1374 4078 omnes
1395 4015 1525 4096 jam
1546 4034 1581 4077 a
1600 4013 2025 4077 Benedictinis
2054 4012 2303 4075 meliori
2333 4013 2555 4075 ordine
2582 4011 2754 4087 editi,
2777 4019 2838 4074 et
2867 4008 3073 4092 quoad
3093 4015 3331 4071 textum
3350 4008 3699 4085 emendati,

421 4108 483 4170 in
508 4110 713 4190 primo
739 4113 1055 4176 volumine
1085 4115 1417 4193 habentur,
1448 4126 1691 4180 servata
1715 4114 1909 4177 veteri
1937 4113 2199 4177 Billiana
2230 4114 2541 4189 versione,
2570 4113 2682 4175 sed
2724 4114 2791 4175 in
2820 4110 3030 4175 multis
3064 4108 3479 4188 maximisque
3512 4109 3701 4170 casti-

422 4218 584 4289 gata,
615 4214 1055 4295 decerptisque
1101 4224 1370 4296 quatuor
1398 4218 1812 4293 orationibus,
1840 4232 2070 4295 nempe
2098 4233 2245 4287 XLV,
2277 4232 2452 4291 XLvI,
2482 4233 2543 4276 LI
2568 4221 2632 4277 et
2665 4231 2770 4290 LII,
2799 4231 2942 4294 quae
2982 4228 3112 4273 non
3140 4210 3304 4272 inter
3337 4224 3695 4283 sermones,

420 4314 532 4376 sed
570 4314 736 4377 inter
763 4318 1060 4396 epistolas
1097 4318 1419 4380 evidenter
1454 4318 1864 4392 collocandae,
1901 4318 2231 4398 proprium
2274 4316 2344 4377 in
2381 4315 2617 4388 locum,
2648 4322 2719 4376 ut
2747 4333 2863 4395 per
2891 4318 3044 4388 erat,
3073 4310 3328 4373 fuerunt
3357 4316 3694 4372 revocatae.

422 4412 681 4474 Restant
711 4412 901 4490 igitur
923 4414 1206 4494 epistolae
1228 4422 1290 4476 et
1311 4424 1626 4494 poemata,
1656 4431 1798 4494 quae
1813 4415 1945 4492 jam
1968 4414 2035 4475 in
2056 4413 2377 4494 publicum
2407 4413 2694 4473 emittere
2724 4410 3074 4473 statuimus.

500 4512 820 4591 Epistulae,
846 4530 990 4593 qum
1012 4515 1267 4576 nonnisi
1303 4513 1418 4575 232
1448 4515 1515 4575 in
1547 4514 1887 4576 novissima
1918 4514 2195 4575 editione
2224 4510 2485 4573 Billiana
2519 4510 2837 4589 leguntur,
2876 4507 3280 4590 superaddite
3307 4513 3516 4569 autem
3549 4508 3695 4568 Mo-

422 4614 686 4677 relliano
727 4616 1166 4697 supplemento
1201 4616 1340 4692 242,
1373 4617 1483 4679 sed
1515 4634 1657 4697 quae
1687 4635 1925 4691 revera,
1958 4614 2308 4679 amendatis
2349 4631 2492 4694 quae
2521 4613 2620 4676 vel
2657 4613 2735 4675 ad
2768 4612 3061 4674 Basiliam
3097 4611 3434 4692 pertinent,
3463 4607 3563 4669 vel
3594 4608 3697 4669 bis

423 4723 975 4794 reprtesentantur,
1006 4718 1427 4798 superadditis
1457 4725 1665 4780 autem
1687 4735 1830 4798 quae
1857 4717 1953 4779 vel
1983 4735 2061 4779 ex
2082 4715 2474 4778 orationibus
2503 4715 2942 4788 desumuntur,
2991 4711 3091 4775 vel
3131 4711 3386 4775 aliunde
3431 4710 3698 4771 fuerunt

423 4820 736 4889 extractaz,
765 4815 845 4878 ad
872 4816 986 4877 243
1017 4834 1349 4880 numerum
1378 4825 1737 4897 assurgunt,
1760 4818 1843 4879 ita
1877 4821 2394 4895 argumentorum
2417 4813 2771 4876 diversitate
2800 4820 2859 4874 et
2883 4810 3171 4873 varietate
3191 4807 3507 4871 scribendi
3532 4813 3697 4869 tem-

422 4916 743 4989 perantur,
774 4912 965 4975 modo
999 4913 1079 4974 de
1104 4908 1476 4993 theologicis
1506 4913 1628 4975 alte
1658 4913 1843 4975 simul
1867 4920 1929 4974 et
1958 4911 2230 4974 dilucide
2254 4910 2655 4986 disserentes,
2687 4909 2881 4973 modo
2912 4908 2992 4971 de
3034 4906 3491 4989 philosOphicis
3520 4905 3695 4970 clare

406 5018 757 5076 tractantes
789 5022 851 5077 et
881 5015 1253 5092 sublimiter,
1284 5035 1456 5080 nunc
1495 5035 1749 5079 reorum
1779 5036 1816 5081 a
1844 5018 2236 5098 principibus
2262 5016 2510 5079 veniam
2540 5025 2836 5098 potenter
2860 5015 3293 5095 implorantes,
3327 5032 3494 5077 nunc
3524 5031 3692 5077 con-

422 5115 556 5175 silia
580 5117 786 5194 parvis
826 5123 888 5178 et
921 5119 1165 5196 magnis
1195 5119 1638 5198 dispertientes
1664 5117 2004 5197 sapienter,
2027 5118 2365 5197 aliquando
2405 5120 2591 5181 etiam
2630 5118 2711 5182 de
2750 5117 3025 5180 minimis
3069 5134 3213 5179 cum
3252 5116 3693 5195 familiaribus,

424 5215 534 5275 sed
556 5232 685 5276 non
707 5216 969 5279 minimo
995 5217 1146 5292 sale,
1169 5219 1480 5297 joeantes,
1511 5224 1581 5279 ut
1603 5215 1855 5278 difﬁcile
1887 5217 1966 5278 sit
1986 5217 2327 5278 admodum
2355 5223 2647 5292 statuere,
2680 5217 2910 5297 quibus
2938 5215 3240 5293 gratiores
3274 5216 3693 5299 utilioresque

425 5315 666 5392 possint
689 5315 975 5391 evadere,
1006 5323 1218 5377 utrum
1248 5315 1535 5378 videlicet
1568 5314 1874 5392 religiosae
1905 5315 2233 5389 doctrinm,
2264 5332 2345 5376 an
2375 5314 2690 5378 saecularis
2718 5314 3027 5379 facundiae
3055 5315 3349 5377 curiosis.

501 5418 793 5480 Poemata
822 5435 997 5493 vero,
1030 5437 1172 5499 quae
1204 5437 1334 5482 non
1365 5419 1568 5481 solum
1600 5433 1887 5492 numero,
1916 5417 2027 5478 sed
2055 5417 2216 5478 forte
2238 5417 2493 5494 ingenio
2523 5417 2819 5496 epistolas
2847 5423 3166 5498 superant,
3194 5434 3324 5477 non
3354 5419 3690 5496 captandas

428 5514 743 5593 popularis
772 5533 961 5590 θυι-ω,
992 5534 1209 5579 verum
1248 5517 1694 5596 promovenda)
1724 5516 1970 5596 pietatis
1995 5515 2203 5576 studio
2235 5515 2610 5595 conscripta,
2642 5514 2788 5578 ideo
2834 5534 2871 5577 a
2909 5516 3093 5577 beato
3122 5517 3388 5577 Doetore
3425 5514 3689 5580 fuerunt

424 5609 798 5691 composita,
829 5612 956 5673 sive
1009 5619 1077 5674 ut
1111 5613 1510 5692 Apollinaris,
1538 5614 1829 5676 haeresim
1858 5612 2101 5676 emissis
2125 5613 2188 5674 in
2218 5613 2537 5693 publicum
2568 5614 2849 5677 cantibus
2870 5613 3269 5688 insinuantis,
3298 5612 3691 5678 carminibus
