3802 6202
223 1507 236 1528 ’ἢ

235 1549 250 1576 ί

445 223 511 284 ιε
1603 221 1667 274 Α.
1709 219 1763 275 n.
1809 219 2102 276 CAll.LAU
2145 219 2536 276 ranarum.
3646 233 3734 286 se

770 340 979 396 Notitia
1019 340 1258 396 codicum
1291 342 1486 412 quibus
1519 344 1573 397 in
1605 341 1947 397 emendandis
1978 314 2316 412 S..Gregorii
2339 341 2669 412 poematibus
2700 342 2784 398 nsi
2811 353 2931 398 sunt
2963 343 3108 400 docti
3139 344 3392 401 editores.

447 457 574 527 Reg.
661 455 812 526 Regii
846 457 1052 526 plures,
1077 449 1174 522 '59,
1197 458 1325 523 990,
1349 457 1482 523 99!,
1508 458 1638 522 999.,
1662 458 1792 524 993,
1820 459 1981 524 ωτι,
2006 467 2118 512 etc.

444 528 619 582 Paris.
655 528 891 582 CodiCt-s
917 542 982 581 ex
1012 527 1342 582 bibliotheca
1383 527 1709 592 P-arisiensi,
1738 543 1888 582 nunc
1925 527 2113 596 ltcgia.

442 598 596 669 εξοιι».
664 595 903 669 Codices
921 613 987 650 ex
1016 597 1348 669 b'bliotheca
1387 599 1727 663 (Iolbcrtina,
1760 595 2130 669 itempariter
2157 610 2304 654 nunc
2337 595 2530 669 Regia.

447 665 565 719 Va’t.
657 667 838 720 Lodex
869 664 1055 722 Romae
1081 668 1316 722 collatus
1345 672 1400 722 in
1427 669 1758 723 bibliotheca
1792 664 2079 722 Vaticana.
2423 664 2448 669 ⁷
2905 703 2914 712 .

441 736 616 792 Coisl.
656 735 838 808 Codex
871 749 1069 808 mser
1101 737 1431 808 bibliotheca
1463 738 1523 792 ι).
1556 739 1626 792 de
1651 737 1887 804 Coislin,
1913 737 2115 793 deinde
2143 737 2198 792 in
2227 737 2562 793 bibliotheca
2593 737 2651 793 S.
2678 737 2938 794 Germani
2968 755 2997 793 a
3022 739 3226 803 Pratis,
3257 754 3409 794 nunc
3438 739 3494 793 in
3523 739 3729 808 Itcgia.

727 805 900 888 liabet
923 807 1141 888 scholia.
1159 823 1327 888 super
1337 807 1520 888 lineas
1542 809 1772 888 scripta.

441 875 596 947 t‘._hig.
657 873 842 947 Romae
872 875 1106 931 collatus
1130 877 1184 947 in
1221 873 1550 947 bibliotheca
1569 873 1996 932 eminentissimi
2029 876 2160 932 olim
2189 876 2490 931 eardinalis
2514 876 2701 947 Chigi.

447 945 638 1016 iiedic.
664 945 849 1016 Codex
872 961 1003 1016 _r_ns.r
1023 962 1086 1000 ex
1117 946 1444 1002 bibliotheca
1478 947 1730 1002 Medicam
1763 947 2080 1002 Florentiae.
2110 947 2374 1002 Continet
2400 948 2579 1002 multa
2611 945 2882 1016 poemata.
2901 961 2932 1001 a
2973 947 3275 1002 Mnratorio
3295 948 3468 1003 edita.

445 1013 603 1072 Vind.
653 1015 838 1072 Codex
871 1014 1313 1073 Vindobonensis
1340 1017 1706 1082 bibliothecae,
1740 1033 1809 1071 ex
1838 1034 1950 1088 quo
1977 1033 2133 1072 suam
2165 1019 2464 1072 editionem
2487 1013 2730 1071 coniecit
2755 1013 2993 1074 Tollius.

1833 1134 2053 1190 Codices
2101 1136 2304 1190 excusi.

493 1245 768 1371 |illatallogo
797 1245 1101 1369 editionum
1133 1255 1377 1301 veterum
1411 1261 1536 1314 qum
1563 1246 1726 1318 primi
1753 1247 2054 1303 voluminis
2081 1247 2264 1313 initio,
2294 1264 2348 1318 p.
2393 1265 2484 1304 xiv
2533 1249 2664 1321 (col.
2711 1248 2828 1318 30),
2882 1247 3159 1318 leguntur,
3207 1248 3388 1316 quoad
3441 1252 3737 1302 carmina.

547 1334 614 1371 en
657 1332 686 1370 a
726 1331 830 1370 sun
887 1332 900 1366 :

441 1331 686 1372 addenda
726 1331 856 1370 sunt
887 1332 900 1366 τ

441 1387 581 1441 Toll.
648 1380 1123 1486 TolliihCarmina
1155 1400 1361 1458 cygnea
1388 1385 1445 1442 S.
1474 1386 1750 1457 Gregorii,
1783 1386 1840 1441 in
1868 1384 2172 1454 insignibus
2206 1388 2416 1442 itineris
2445 1387 2652 1452 ita-liti,
2677 1383 2926 1457 Traiecti
2971 1386 3038 1440 ad
3092 1386 3366 1448 Rhenum,
3402 1403 3492 1440 an.
3555 1385 3738 1446 1696,

725 1456 736 1468 .
782 1486 808 1496 _
845 1457 866 1486 ο
1190 1455 1204 1458 -
1232 1455 1248 1457 ε
1596 1455 1610 1457 -

443 1525 638 1579 Murat.
658 1455 940 1581 Mticaforii
969 1525 1226 1580 Analecta
1257 1523 1469 1585 (ἔνατα.
1493 1526 1750 1586 Padovm.
1783 1541 1872 1582 an.
1904 1527 1944 1578 l‘

845 1457 866 1486 ο
1190 1455 1204 1458 _
1232 1455 1248 1457 -
1596 1455 1610 1457 _

770 1455 940 1581 Egerii
969 1525 1226 1580 Analecta
1257 1523 1469 1585 (ἔνατα.
1493 1526 1750 1586 Padovm.
1783 1541 1872 1582 an.
1904 1526 2066 1592 1709,
2104 1527 2271 1581 εει-4ο.

437 1597 618 1652 Gaull.
657 1597 900 1666 Dionysii
939 1593 1196 1667 Gaullyer
1223 1596 1446 1650 collecta
1475 1597 1585 1650 divi
1613 1595 1854 1666 Gregorii
1884 1595 2184 1659 Poematia,
2217 1596 2447 1652 Parisiis
2471 1609 2563 1651 an.
2602 1595 2762 1660 i718,
2797 1592 2978 1649 ἰπὶ-12.

515 1716 746 1775 Omnes
777 1712 1005 1774 horum
1036 1711 1348 1788 codicum,
1385 1713 1514 1776 sive
1559 1714 2156 1794 manuscriptorum,
2195 1714 2324 1776 sive
2369 1731 2744 1776 exeusorum
2774 1713 2972 1774 varias
3011 1711 3338 1785 lectiones,
3371 1710 3541 1773 docti
3583 1712 3741 1772 edi-

433 1822 604 1878 tores
635 1815 932 1878 attentius
958 1813 1342 1891 selegerunt,
1373 1818 1437 1874 et
1465 1812 1684 1874 sedula
1697 1813 2113 1906 distinctione
2146 1813 2526 1874 adnotarunt
2555 1813 2762 1892 primo
2790 1811 2856 1872 in
2876 1811 3156 1888 margine
3177 1811 3402 1872 veteris
3421 1810 3742 1871 editionis

435 1921 738 1996 Billiante,
774 1936 963 2000 quam
999 1919 1076 1980 ad
1104 1935 1329 1979 manus
1356 1917 1686 1992 habemus,
1711 1925 1773 1980 et
1803 1917 2034 1979 deinde
2063 1918 2129 1978 in
2161 1918 2349 1992 notis,
2379 1934 2538 1996 quas
2568 1915 2645 1977 ad
2672 1916 2956 1976 intimum
2988 1914 3234 1992 paginte
3261 1913 3471 1974 locum
3499 1913 3731 1990 diges-

434 2026 674 2094 serunt,
709 2019 966 2080 servatis
995 2019 1062 2079 in
1092 2025 1266 2082 textu
1301 2020 1508 2082 verbis
1532 2035 1680 2100 quae
1710 2020 1789 2082 ad
1819 2002 2020 2082 sancti
2049 2020 2336 2081 Doctoris
2366 2036 2622 2081 sensum
2653 2018 2921 2098 prepius
2948 2017 3078 2078 visa
3108 2023 3253 2078 sunt
3277 2016 3611 2078 accedere.

509 2123 587 2184 II.
618 2121 729 2182 His
757 2120 923 2183 curis
943 2120 1022 2182 ad
1042 2120 1508 2184 emendandum
1527 2128 1766 2184 textum
1787 2122 2108 2196 adhibitis,
2128 2122 2208 2184 de
2234 2121 2523 2183 versione
2544 2121 2893 2197 agitabatur
2913 2117 3210 2198 quaestio,
3236 2122 3446 2177 utrum
3478 2117 3739 2178 scilicet

433 2240 594 2284 nova
622 2221 1057 2294 adornaretur,
1089 2239 1168 2284 an
1209 2228 1563 2286 servaretur
1591 2224 1784 2302 prior.
1826 2223 2091 2285 Billiana
2129 2222 2538 2302 epistolarum
2573 2221 3032 2301 interpretatio,
3090 2223 3222 2278 tum
3255 2222 3515 2295 prepter
3547 2215 3738 2277 docti

432 2325 545 2386 viri
579 2323 1013 2396 reverentiam,
1045 2329 1179 2384 tum
1211 2326 1474 2400 prOpter
1497 2320 1824 2381 sementim
1863 2320 2306 2383 rectitudinem
2345 2326 2406 2380 et
2451 2319 2749 2381 dictionis
2798 2315 3172 2394 elegantiam
3212 2330 3343 2373 non
3390 2312 3730 2385 mutanda,

433 2421 546 2484 sed
576 2421 641 2482 in
672 2418 996 2482 nonnullis
1025 2417 1425 2480 solummodo
1456 2416 1842 2497 perﬁcienda
1866 2417 1996 2480 visa
2025 2425 2144 2491 est,
2177 2418 2359 2480 sicuti
2405 2424 2468 2479 et
2515 2418 2580 2478 in
2618 2417 2822 2496 primo
2855 2414 3170 2477 volumine
3201 2413 3366 2474 circa
3397 2413 3736 2475 orationes

434 2523 637 2584 fuerat
658 2522 1026 2583 factitatum.
1061 2521 1202 2582 Non
1235 2519 1456 2582 eadem
1488 2529 1696 2582 autem
1718 2522 1952 2600 placuit
1981 2523 2156 2597 ratio,
2195 2521 2450 2601 quando
2481 2522 2560 2584 de
2593 2520 2975 2584 carminibus
3001 2501 3209 2580 actum
3231 2518 3513 2577 est.Cum
3546 2518 3732 2579 enim

440 2622 653 2684 Billius
681 2621 1036 2684 versionem
1066 2619 1381 2700 poeticam
1410 2620 1968 2698 fueritaggressus,
1987 2623 2254 2701 itasazpe
2285 2621 2470 2683 metri
2501 2622 2874 2684 necessitate
2903 2620 3015 2681 fuit
3048 2619 3445 2692 constrictus,
3478 2627 3547 2680 ut
3577 2637 3735 2681 sen-

436 2740 577 2784 sum
604 2722 793 2784 modo
822 2719 1230 2800 ampliﬁcare,
1260 2720 1452 2781 modo
1483 2726 1797 2794 truncare,
1831 2739 2002 2800 saepe
2033 2721 2219 2782 etiam
2242 2720 2339 2783 vel
2371 2721 2661 2794 obscure,
2688 2719 2782 2781 vel
2813 2737 3034 2800 parum
3062 2725 3351 2779 accurate
3373 2734 3735 2796 repraesen-

435 2833 567 2885 tare
599 2829 949 2900 cogeretur.
984 2822 1154 2883 Nova
1182 2819 1396 2898 igitur,
1425 2837 1574 2900 quas
1595 2827 1797 2882 totum
1829 2820 2122 2882 redderet
2149 2822 2545 2898 Gregorium,
2581 2820 2727 2882 licet
2758 2819 3036 2899 pedestri
3065 2835 3383 2891 sermone,
3419 2819 3724 2896 require-

436 2926 617 2987 batur
653 2923 1090 3004 interpretatio
1108 2940 1120 2982 :
1137 2929 1198 2984 et
1226 2922 1328 2984 hic
1341 2921 2298 3001 fuitmagnusBenedictinorum
2320 2924 2627 2986 sodalium
2650 2924 2847 2997 labor,
2872 2938 3063 3002 quem
3085 2920 3277 2982 hodie
3306 2921 3541 3001 publici
3554 2923 3732 3001 juris

434 3021 720 3085 facimus.
749 3020 881 3082 Tali
909 3025 1120 3081 autem
1152 3019 1218 3079 in
1249 3019 1454 3099 pretio
1483 3027 1629 3082 sunt
1657 3020 1822 3082 Billii
1849 3022 2148 3096 carmina,
2171 3029 2412 3084 tantum
2434 3023 2762 3100 ingenium
2792 3030 2854 3084 et
2881 3022 3146 3084 sudores
3172 3029 3379 3084 tantos
3414 3023 3726 3102 produnt,

436 3129 506 3184 ut
533 3123 599 3184 in
631 3140 777 3185 eum
806 3121 1016 3183 minus
1049 3119 1322 3186 humane
1349 3131 1659 3203 ageretur,
1696 3126 1748 3187 si
1776 3126 1856 3188 ab
1887 3125 2003 3188 hac
2031 3144 2192 3189 nova
2221 3128 2709 3190 amandarentur
2737 3128 3034 3189 editione.
3067 3127 3247 3187 Unde
3273 3127 3729 3189 Benedictino—

436 3237 577 3282 rum
606 3218 960 3299 preposito,
991 3216 1164 3296 quod
1203 3219 1267 3280 in
1301 3238 1523 3283 eorum
1553 3221 1784 3284 chartis
1823 3223 2208 3303 descriptum
2243 3225 2620 3298 invenimus,
2663 3224 2931 3286 fideliter
2970 3229 3353 3303 insistentes,
3385 3230 3724 3294 Billianam

437 3323 792 3385 versionem
821 3320 1144 3382 metricam
1164 3318 1242 3382 ad
1269 3318 1635 3382 inferiorem
1658 3321 1906 3400 pagina:
1939 3322 2286 3400 marginem
2340 3322 2715 3398 dimisimus,
2741 3325 2942 3404 posita
2964 3343 3041 3387 ex
3063 3327 3324 3389 adverso
3345 3329 3726 3406 Gregoriani

441 3433 642 3488 textus
672 3423 957 3505 prosaica
988 3422 1270 3503 quidem,
1301 3422 1413 3485 sed
1443 3432 1659 3486 exacta
1691 3425 1889 3502 magis
1909 3425 2459 3505 interpretatione.

515 3531 620 3590 III.
653 3531 741 3589 Ex
772 3527 894 3590 hoc
925 3544 1100 3601 vero,
1131 3530 1276 3606 post
1302 3529 1510 3585 textus
1537 3525 2027 3599 correctionem,
2056 3531 2118 3586 et
2158 3525 2520 3587 ﬁdelitatem
2552 3526 2858 3588 versionis
2877 3575 2891 3601 ,
2950 3527 3193 3590 accedit
3259 3527 3523 3590 editioni
3571 3529 3724 3591 cui-

436 3643 691 3704 cunque
718 3625 1012 3705 pretium,
1048 3621 1222 3702 quod
1251 3621 1453 3682 doctis
1480 3623 1867 3698 argumentis
1900 3627 1962 3684 et
1995 3621 2243 3684 selectis
2271 3623 2615 3684 instruatur
2643 3625 2832 3698 notis,
2861 3632 2994 3687 tum
3033 3625 3110 3686 ad
3150 3624 3523 3688 elucidanda
3569 3646 3723 3706 qua:

438 3724 704 3788 obscura
733 3729 899 3796 sunt,
931 3728 1065 3782 tum
1095 3720 1174 3782 ad
1203 3719 1556 3782 revocanda
1590 3720 1659 3781 in
1692 3719 2004 3782 lectorum
2035 3721 2405 3782 memoriam
2440 3738 2584 3800 qua)
2629 3721 2706 3782 ad
2753 3722 3039 3784 historias
3067 3740 3273 3785 sacras
3309 3729 3373 3784 et
3417 3723 3727 3803 profanas

439 3819 818 3891 referuntur,
848 3823 984 3878 tum
1011 3815 1090 3877 ad
1115 3814 1506 3892 indigitanda
1534 3834 1676 3896 qua;
1697 3817 1888 3879 ﬁdem
1917 3825 2184 3897 possunt
2212 3819 2586 3880 conﬁrmare
2613 3826 2674 3880 et
2701 3819 3028 3885 hazreticas
3056 3825 3415 3886 subvertere
3444 3823 3728 3901 fabulas,

437 3928 570 3984 tum
597 3922 676 3984 ad
701 3920 1071 4002 explicanda
1101 3932 1498 3998 quaecunque
1527 3916 1969 3992 cognoscenda
1999 3923 2145 3980 sunt
2171 3918 2335 3979 circa
2365 3935 2588 3994 genus,
2616 3920 2804 3981 vitam
2831 3927 2894 3982 et
2916 3923 3116 3983 varias
3151 3923 3476 3984 hominum
3507 3924 3726 4008 dotes,

440 4035 690 4082 necnon
723 4025 784 4080 et
812 4018 976 4079 circa
1003 4015 1290 4077 locorum
1327 4019 1389 4073 et
1419 4011 1726 4075 factorum
1755 4014 2105 4076 varietates.
2135 4015 2311 4088 Quod
2341 4016 2598 4095 quidem
2626 4020 2897 4094 pretium
2933 4019 3080 4084 huic
3113 4022 3534 4084 Benedictinee
3572 4025 3716 4084 edi-

441 4120 596 4181 tioni
647 4119 906 4182 minime
962 4117 1184 4180 deesse
1257 4116 1503 4180 facilius
1560 4115 1866 4192 advertet,
1916 4117 2205 4198 quisquis
2259 4127 2440 4181 notas
2497 4125 2559 4182 et
2611 4131 2983 4199 argumenta
3049 4123 3142 4184 vel
3201 4124 3434 4186 cursim
3498 4124 3725 4204 legere

441 4222 726 4284 voluerit.

517 4323 616 4382 IV.
650 4321 740 4382 Ad
766 4320 890 4382 hoc
917 4319 1160 4382 accedit
1187 4317 1506 4397 sapienter
1532 4317 1810 4395 digestus
1837 4316 2238 4378 materiarum
2273 4317 2454 4391 ordo,
2487 4319 2572 4379 ita
2601 4318 2839 4382 scilicet
2867 4327 2937 4382 ut
2962 4321 3246 4401 epistolae
3259 4323 3437 4402 juxta
3467 4324 3724 4387 metho-

441 4425 592 4486 dmn
617 4422 1131 4501 chronologicam
1161 4421 1405 4500 positae,
1441 4421 1667 4481 seriem
1697 4419 1974 4480 historiis
1993 4420 2173 4499 juxta
2194 4407 2444 4499 tempus
2466 4420 2752 4482 evolvant
2771 4439 2793 4496 ~;
2825 4423 3099 4483 carmina
3129 4439 3277 4484 vero
3310 4424 3394 4484 ita
3421 4424 3496 4486 ad
3529 4442 3724 4502 argu-

442 4531 799 4587 mentorum
830 4529 1203 4586 revocentur
1227 4526 1715 4598 connexionem,
1751 4529 1842 4599 ut,
1866 4542 2011 4585 cum
2040 4524 2120 4587 de
2155 4523 2469 4586 historicis
2493 4525 2717 4601 agitur,
2751 4527 2910 4588 ordo
2943 4525 3429 4604 chronologicus
3456 4527 3718 4605 iterum,

441 4633 745 4709 quantum
764 4627 829 4687 in
849 4625 948 4686 his
969 4625 1100 4686 ﬁeri
1123 4632 1350 4702 potest,
1380 4625 1648 4688 fideliter
1674 4630 2049 4700 asservetur,
2069 4623 2147 4687 iis
2173 4624 2490 4699 omnibus,
2511 4641 2784 4705 quorum
2801 4632 3055 4706 tempus
3074 4625 3337 4688 dubium
3358 4637 3717 4706 permanet,

441 4731 520 4795 ad
549 4729 786 4793 calcem
818 4727 1140 4806 ablegatis.

517 4831 590 4892 V.
627 4828 741 4890 Hic
783 4827 1218 4906 subjungmus
1258 4825 1412 4886 duas
1460 4821 1716 4884 maximi
1749 4823 2057 4884 momenti
2084 4821 2544 4897 adnotationes,
2585 4842 2742 4903 quas
2781 4842 2858 4886 ex
2895 4825 3125 4890 chartis
3160 4829 3720 4895 Benedictinorum

440 4931 880 5010 manuscriptis
928 4929 1287 4991 habuimus.
1337 4927 1518 4988 Prior
1543 4926 1626 4987 ita
1674 4943 1740 4986 se
1772 4925 1960 4985 habet
1987 4943 1999 4985 :
2029 4949 2056 4982 «
2090 4924 2182 4985 Ad
2213 4924 2448 4987 calcem
2481 4943 2747 5006 operum
2779 4929 2840 4988 S.
2871 4927 3179 5008 Gregorii,
3208 4938 3380 4996 tomo
3428 4935 3720 4998 secundo

444 5059 472 5090 «
505 5033 831 5111 utriusque
853 5030 1145 5092 editionis
1177 5030 1654 5091 Graeco-Latinae
1687 5029 1937 5089 Parisiis
1965 5029 2123 5091 datte
2153 5029 2334 5091 annis
2369 5028 2516 5090 1609
2539 5037 2601 5092 et
2631 5031 2803 5106 1630,
2835 5033 2987 5094 editi
3018 5043 3185 5108 sunt,
3210 5039 3421 5100 Latine
3441 5045 3712 5115 tantum,

447 5158 474 5188 ‹‹
510 5134 662 5195 varii
699 5133 765 5192 in
805 5131 1061 5211 prmfata
1093 5144 1286 5208 opera
1324 5125 1784 5199 commentarii,
1823 5143 1858 5186 e
1901 5128 2122 5188 Grmco
2159 5144 2453 5188 sermone
2489 5128 2558 5188 in
2606 5129 2891 5189 Latinum
2937 5134 3246 5207 conversi,
3289 5135 3525 5197 scilicet
3558 5137 3720 5199 Elite

446 5257 473 5289 «
509 5231 840 5300 Cretensis,
873 5229 1106 5290 Nicette
1132 5231 1194 5286 et
1218 5223 1429 5297 Pselli,
1471 5223 1698 5284 additis
1719 5223 2095 5302 quibusdam
2119 5225 2175 5284 Ι.
2210 5223 2372 5284 Billii
2403 5225 2678 5286 scholiis.
2705 5228 2854 5287 Cum
2874 5234 3080 5290 autem
3111 5231 3187 5292 ad
3212 5235 3575 5296 scribendas
3605 5237 3711 5298 ad—

447 5354 472 5384 «
509 5329 896 5397 notationes,
931 5325 1161 5404 quibus
1203 5321 1481 5384 abundat
1520 5338 1678 5381 nova
1727 5319 1862 5381 hinc
1909 5320 2123 5392 editio,
2164 5339 2237 5383 ea
2275 5324 2869 5387 commentariorum
2915 5344 2988 5388 ac
3033 5329 3417 5394 scholiorum
3457 5335 3712 5401 ubertas

446 5458 473 5490 α
513 5433 740 5513 passim
771 5432 1046 5494 adhibita
1076 5428 1175 5501 sit,
1207 5446 1478 5508 cumque
1507 5445 1584 5488 ex
1619 5426 1694 5487 iis
1724 5425 1788 5486 id
1837 5442 2026 5486 omne
2069 5426 2256 5486 fuerit
2287 5435 2675 5508 excerptum,
2707 5430 2879 5508 quod
2923 5431 3001 5492 ad
3034 5432 3096 5490 S.
3130 5431 3410 5494 Doctoris
3441 5452 3706 5514 operum

448 5561 473 5590 ‹‹
511 5534 978 5610 intelligentiam
1009 5528 1363 5592 conducere
1392 5532 1660 5603 poterat,
1691 5524 1769 5584 ab
1799 5523 2083 5602 ipsismet
2104 5525 2568 5585 commentariis
2599 5532 2657 5587 et
2687 5526 2942 5589 scholiis
2969 5529 3192 5590 iterum
3219 5531 3482 5592 edendis
3513 5533 3705 5595 absti-

444 5661 474 5694 α
511 5637 786 5700 nendum
815 5655 950 5699 esse
974 5632 1288 5702 duximus,
1324 5645 1403 5690 ne
1440 5635 1645 5689 actum
1672 5643 1858 5702 agere
1890 5626 2268 5698 videremur,
2300 5631 2491 5705 atque
2519 5627 2703 5693 etiam
2736 5628 2946 5690 nimiis
2975 5630 3328 5709 sumptibus
3360 5641 3705 5713 emptores,
