3802 6214
106 333 162 386 l7
1239 325 1306 380 A.
1347 326 1406 382 Β.
1448 324 1755 381 CAILLAU
1802 323 2191 381 PlthFATIO.
3293 323 3360 379 l8

103 491 128 521 ε
159 472 215 526 et
240 482 400 527 vano
419 463 635 527 labore
666 462 943 528 lectores
976 481 1370 542 gravaremus
1424 468 1634 529 Pauca
1665 470 1905 526 tantum
1932 464 2034 526 hic
2058 465 2340 531 dicemus
2372 466 2451 529 de
2485 466 2675 529 modo
2701 464 3059 527 memoratis
3087 464 3352 554 scripto-

101 595 125 619 σε
158 567 343 627 ribus.
376 564 563 639 Elias,
597 565 911 626 Cretensis
938 565 1357 645 metrOpolita,
1395 573 1619 655 octavo
1651 565 1883 628 saeculo
1914 565 2163 651 scripsit
2204 567 2726 630 commentarium
2774 567 2841 628 in
2894 566 3177 643 Gregorii
3223 583 3358 628 ora-

102 697 123 723 .
157 669 357 733 tiones
416 663 1192 733 novemdecim..Nicetas,
1241 670 1674 739 cognomento
1718 661 2171 743 Philosophus,
2220 664 2494 747 primum
2551 663 2890 749 episc0pus
2934 665 3251 739 Serronis,
3281 683 3355 728 ac

101 798 125 827 ι
157 772 382 837 deinde
416 770 933 851 archiepiscopus
962 764 1304 839 Heracleae,
1333 764 1680 832 undecimo
1710 765 1947 831 smculo
1974 765 2226 857 scripsit
2255 769 2775 832 commentarium
2802 770 2868 830 in
2896 770 3179 849 Gregorii
3208 787 3351 831 ora-

98 900 123 925 .
161 873 363 934 tiones
390 870 736 943 sexdecim,
768 877 831 934 et
861 869 1113 930 brevem
1138 867 1205 928 in
1231 867 1523 947 quaedam
1554 885 1691 947 ejus
1719 874 2011 948 poemata
2042 869 2527 934 enarrationem.
2560 871 2823 946 Psellus,
2864 878 2926 935 et
2957 873 3095 952 ipse
3122 890 3357 951 cogno-

100 1002 125 1031 α
156 980 364 1037 mento
392 968 833 1049 Philosophus,
863 965 1201 1029 undecimo
1231 965 1417 1027 etiam
1446 965 1682 1028 saeculo
1712 965 1962 1047 scripsit
1977 964 2261 1030 libellum
2279 966 2359 1028 de
2387 966 2728 1035 diﬂicilium
2756 972 3042 1053 Gregorii
3067 972 3352 1035 locorum

101 1107 125 1136 ι
157 1078 496 1141 intellectu.
527 1073 704 1148 Quod
730 1073 951 1135 attinet
968 1069 1047 1132 ad
1075 1069 1368 1131 Basilium
1395 1069 1574 1131 illum
1599 1069 1717 1150 qui.
1749 1086 1919 1149 saepe
1942 1069 2007 1131 in
2038 1069 2204 1133 notis
2229 1069 2384 1132 tomi
2404 1070 2590 1152 primi
2610 1071 2798 1154 hujus
2818 1071 3111 1140 editionis
3127 1071 3355 1135 citatus

101 1207 125 1236 ι
157 1188 270 1256 est,
298 1180 376 1252 is,
404 1176 704 1240 Ecclesia:
733 1171 1128 1235 Caesariensis
1169 1171 1450 1243 antistes,
1492 1169 1740 1231 decimo
1790 1168 2025 1232 saeculo
2074 1169 2326 1250 scripsit
2365 1169 2605 1233 scholia
2630 1171 2696 1232 in
2723 1173 3008 1250 Gregorii
3037 1173 3355 1238 orationes

100 1308 126 1337 ι
158 1279 565 1362 quadraginta
587 1277 786 1348 duas;
839 1291 982 1355 qum
1006 1272 1263 1357 quidem
1302 1269 1545 1333 scholia
1566 1270 1992 1350 manuscripta
2031 1277 2275 1332 exstant
2294 1270 2544 1333 Parisiis
2569 1271 2636 1333 in
2665 1270 3043 1334 bibliotheca
3068 1272 3284 1349 Regia.
3321 1296 3350 1329 »

168 1381 482 1443 Posterior
501 1382 712 1439 autem
731 1375 831 1438 his
863 1375 1068 1437 verbis
1097 1372 1479 1454 concipitur:
1515 1394 1543 1425 ‹‹
1578 1373 1764 1433 Foret
1795 1370 1899 1433 hic
1928 1370 2107 1435 locus
2127 1371 2516 1454 exsequendi
2540 1371 2768 1436 factam
2785 1372 2852 1434 in
2881 1371 3353 1449 Prolegomenis

100 1509 126 1541 ε
158 1486 304 1547 tomi
341 1484 531 1565 primi
560 1482 748 1563 hujus
793 1478 1084 1543 editionis
1142 1478 1283 1558 (col.
1320 1477 1446 1561 38),
1504 1482 2018 1563 promissionem,
2069 1487 2128 1544 et
2179 1499 2283 1544 eas
2330 1499 2553 1544 omnes
2597 1480 2959 1560 diligentius
2998 1480 3352 1561 fortiusque

102 1611 125 1639 α
164 1584 506 1666 repellendi
550 1579 1045 1651 criminationes,
1081 1576 1311 1656 quibus
1348 1578 1732 1656 Gregoriana
1770 1578 2058 1641 doctrina
2103 1578 2449 1640 identidem
2496 1577 2614 1640 fuit
2653 1597 2693 1641 a
2720 1578 2906 1641 variis
2941 1578 3353 1658 scriptoribus

103 1714 127 1739 τι
160 1685 455 1766 impetita.
494 1684 750 1755 Verum,
793 1696 871 1741 re'
908 1677 1208 1740 maturius
1244 1678 1662 1755 considerata,
1693 1695 2192 1759 supervacaneas
2219 1678 2523 1757 ejusmodi
2573 1679 3071 1741 concertationes
3098 1698 3133 1741 a
3166 1679 3350 1742 nobis

107 1816 129 1841 α
159 1804 291 1850 esse
318 1784 649 1865 fugiendas
677 1778 1202 1859 existimavimus;
1234 1779 1750 1861 quandoquidem
1770 1782 2218 1861 Gregorianam
2243 1780 2593 1843 doctrinam
2628 1782 2711 1844 ita
2752 1781 3032 1844 defendit
3058 1790 3350 1846 constans

105 1916 129 1942 α
168 1888 442 1951 Ecclesiae
472 1883 798 1948 catholicm
829 1880 1222 1960 approbatio,
1252 1885 1323 1941 ut
1352 1878 1525 1941 nulla
1548 1881 1791 1943 ratione
1823 1881 2008 1943 nobis
2036 1880 2478 1942 defensoribus
2504 1880 2802 1960 indigeat.
2845 1906 2873 1939 »

176 1988 322 2049 Hinc
366 1985 550 2048 facile
589 1981 885 2061 intelligit
947 1980 1159 2056 lector,
1193 1979 1678 2061 praetermissam
1718 1998 1754 2043 a
1800 1980 2000 2044 doctis
2031 1979 2379 2045 editoribus
2408 1981 2932 2060 dissertationem,
2961 2002 2998 2047 a
3027 1985 3208 2049 nobis
3236 1986 3348 2050 mi-

101 2089 258 2150 nime
283 2084 732 2164 attingendam.

1459 2235 1883 2296 ARTICULUS
1929 2234 2030 2295 IV.

996 2381 1083 2441 De
1114 2380 1347 2442 nostris
1387 2381 1452 2442 in
1482 2381 1717 2443 edendo
1751 2381 1865 2442 hac
1902 2380 2213 2442 volumine
2240 2381 2432 2442 curis.

169 2524 403 2591 Grande
431 2529 512 2594 ad
541 2527 665 2591 hoc
694 2543 859 2608 opus
888 2542 1030 2591 cum
1060 2542 1283 2586 manus
1316 2523 1590 2605 primum
1623 2524 2090 2598 admoveretur,
2124 2523 2410 2605 quinque
2436 2529 2500 2586 et
2529 2524 2786 2604 quidem
2818 2525 3137 2605 praecipua
3164 2526 3351 2590 nobis

98 2629 463 2705 perﬁcienda
483 2646 846 2703 occurrere,
882 2642 1108 2706 nempe
1145 2626 1198 2687 1°
1232 2642 1455 2688 omnes
1484 2627 1818 2688 doctorum
1836 2624 2392 2687 Benedictinorum
2423 2625 2667 2688 chartas
2671 2625 2851 2704 juxta
2871 2626 3240 2688 methodum
3272 2627 3350 2689 ab

98 2732 163 2792 iis
179 2732 552 2809 assignatam
584 2732 903 2811 ritumque
923 2728 990 2790 in
1017 2729 1222 2808 primo
1251 2727 1571 2791 volumine
1601 2727 1969 2803 admissum,
2000 2728 2335 2803 ordinare;
2370 2728 2428 2789 2°
2448 2730 2695 2791 mendis
2720 2729 3191 2815 typographicis
3219 2731 3355 2793 dili—

92 2833 328 2908 gentius
353 2833 746 2911 corrigendis
770 2830 991 2913 sedulo
1018 2829 1384 2908 invigilare;
1417 2830 1477 2890 3"
1507 2835 1751 2893 veteres
1775 2829 2057 2909 poeticas
2087 2830 2409 2893 versiones
2443 2832 2509 2893 in
2538 2830 2750 2895 multis
2779 2850 2815 2893 a
2843 2834 3127 2913 priorum
3149 2834 3351 2895 edito-

93 2951 221 2993 rum
248 2934 494 2997 incuria
520 2935 901 2997 deformatas
928 2932 1005 2995 ad
1033 2932 1212 2994 metri
1260 2931 1648 3013 rationisque
1679 2948 1969 2994 normam
2006 2948 2327 3007 revocare,
2356 2938 2463 2994 aut
2497 2933 2714 2997 saltem
2743 2935 2997 2998 illorum
3022 2934 3356 3013 indigitare

91 3028 401 3106 defectus;
434 3031 492 3093 4ο
522 3049 744 3109 novam
776 3033 1088 3112 poeticam
1117 3030 1473 3092 versionem
1504 3030 1805 3104 condere,
1836 3047 1961 3110 qua
1997 3030 2230 3093 Latinis
2259 3031 2639 3095 carminibus
2683 3034 3187 3114 exprimerentur
3216 3050 3351 3096 car—

92 3131 251 3191 mina
301 3136 450 3210 post
498 3131 745 3193 Billium
774 3149 811 3194 a
837 3130 1039 3192 Tollio
1070 3136 1133 3192 et
1158 3128 1496 3192 MuratOrio
1538 3129 1607 3191 in
1656 3128 1864 3192 lucem
1910 3127 2167 3204 emissa;
2213 3130 2270 3190 5°
2300 3129 2546 3196 indices
2577 3132 2883 3197 adornare
2931 3133 3354 3214 locupletissi-

94 3247 245 3304 mos,
270 3234 453 3313 juxta
484 3232 834 3312 perfectum
862 3231 1048 3312 primi
1074 3230 1410 3293 voluminis
1441 3228 1784 3309 exemplar.

164 3355 210 3413 Ι.
241 3356 477 3415 Omnes
504 3351 1055 3415 Benedictinorum
1093 3350 1346 3427 chartis,
1373 3369 1515 3431 quae
1535 3352 1614 3414 ab
1638 3351 1935 3415 omnibus
1953 3353 2152 3415 videri
2172 3358 2440 3434 possunt
2462 3352 2631 3433 apud
2651 3354 2721 3415 D.
2742 3354 3356 3425 Parent-Desbarres,

94 3456 163 3515 ad
186 3456 303 3516 tria
336 3453 541 3533 capita
572 3458 837 3534 possunt
865 3451 1178 3526 revocari;
1210 3468 1484 3532 quorum
1509 3451 1575 3513 in
1605 3452 1812 3532 primo
1840 3452 2244 3533 reperiuntur
2269 3450 2393 3513 illae
2418 3469 2561 3532 quae
2599 3454 2956 3532 sequendas
2980 3455 3047 3517 in
3078 3455 3359 3516 editione

98 3556 338 3636 regulas
377 3555 684 3630 indicant;
722 3554 788 3617 in
827 3554 1107 3616 secundo
1135 3559 1345 3615 autem
1380 3559 1557 3616 vetus
1603 3553 1865 3615 Billiana
1891 3554 2106 3628 editio,
2137 3554 2313 3634 cujus
2355 3553 2424 3616 in
2466 3555 2747 3633 margine
2793 3555 3006 3634 plures
3033 3557 3363 3635 signantur

99 3661 402 3722 variantes
427 3675 570 3720 cum
599 3656 785 3718 variis
809 3655 1319 3719 adnotationibus
1337 3655 1686 3731 lectiones;
1736 3657 1805 3718 in
1852 3656 2037 3720 tertio
2087 3656 2343 3719 demum
2380 3655 2519 3737 ipsa
2562 3656 3113 3722 Benedictinorum
3152 3660 3357 3723 versio

101 3760 325 3831 Latina,
362 3770 504 3819 cum
539 3755 702 3817 notis
749 3755 1181 3829 exactissimis,
1220 3755 1287 3816 in
1319 3755 1552 3835 quibus
1586 3757 1754 3818 inter
1786 3756 1905 3818 alia
1947 3761 2361 3831 recensentur
2397 3756 2608 3819 omnia
2634 3757 2862 3820 menda
2890 3775 3033 3837 quas
3070 3758 3135 3820 in
3177 3761 3360 3821 editis

102 3856 599 3937 praecedentibus
627 3861 986 3930 occurrunt,
1017 3861 1080 3917 et
1107 3855 1292 3918 simul
1321 3857 1511 3920 verba
1540 3874 1707 3938 quae,
1747 3874 1825 3919 ex
1871 3857 2325 3937 probatissimis
2351 3857 2676 3920 codicibus
2701 3863 2996 3933 extracta,
3027 3857 3091 3918 in
3140 3876 3356 3919 eorum

102 3953 301 4018 locum
334 3953 793 4016 introducenda
810 3953 1122 4029 videntur,
1142 3959 1214 4016 ut
1238 3972 1434 4034 purus
1468 3961 1746 4033 emergat
1773 3962 1981 4017 textus
2004 3961 2067 4017 et
2092 3956 2360 4034 integer.
2388 3955 2551 4017 Sola:
2584 3954 2869 4035 epistolaa
2888 3956 2955 4017 in
2979 3974 3109 4019 uno
3140 3957 3360 4019 codice

100 4057 381 4119 Grazcum
406 4060 644 4116 textum
666 4053 900 4117 habent
926 4069 1118 4118 manu
1144 4055 1604 4136 conscriptum;
1634 4057 1747 4120 sed
1771 4057 1873 4119 hic
1903 4073 2104 4119 novus
2126 4054 2472 4118 exsurrexit
2488 4056 2693 4128 labor,
2722 4074 2866 4118 cum
2891 4055 3011 4118 hoc
3040 4057 3362 4135 exemplar

102 4174 283 4218 manu
310 4155 529 4216 minus
554 4154 737 4218 docta
782 4160 1126 4229 exaratum,
1158 4154 1373 4218 multis
1400 4156 1565 4219 circa
1594 4163 1893 4219 accentus
1922 4154 2170 4217 mendis
2203 4154 2515 4217 scaturiat.
2541 4154 2703 4216 Hinc
2735 4159 2903 4216 certa
2928 4173 3070 4217 cum
3101 4156 3355 4217 rectitu—

103 4260 259 4335 dine,
285 4260 404 4328 sed
425 4276 557 4321 non
582 4258 716 4320 sine
742 4264 1028 4321 accurata
1056 4258 1399 4338 diligentia,
1418 4259 1561 4323 data
1586 4259 1768 4323 nobis
1788 4260 2051 4323 facultas
2081 4258 2426 4338 genuinum
2447 4259 2939 4339 reprresentandi
2965 4260 3356 4338 Gregorium.

106 4364 289 4425 Nobis
317 4362 517 4437 enim,
546 4369 678 4424 tum
697 4366 937 4424 veteres
958 4361 1269 4425 editiones
1299 4380 1444 4426 cum
1479 4363 1846 4426 recentioris
1866 4361 2375 4426 adnotationibus
2402 4360 2795 4438 conferendi,
2826 4368 2959 4425 tum
2990 4372 3359 4428 accentuum

105 4466 269 4543 signa
303 4462 698 4543 perﬁciendi,
726 4467 861 4524 tum
890 4461 1188 4542 epistolas
1217 4468 1279 4524 et
1295 4464 1572 4527 carmina
1601 4464 1681 4527 ad
1711 4481 1946 4527 novum
1978 4463 2264 4525 ordinem
2292 4461 2660 4537 reducendi,
2687 4462 3026 4525 necessitas
3053 4462 3358 4524 incubuit.

107 4567 389 4640 Quamvis
416 4573 625 4628 autem
653 4565 871 4628 doctos
898 4565 1173 4628 editores
1202 4566 1425 4629 merita
1453 4567 1885 4641 veneratione,
1905 4573 1975 4629 ut
2002 4566 2208 4640 decet,
2239 4581 2492 4645 semper
2519 4569 2581 4626 et
2609 4564 2846 4645 ubique
2878 4580 3359 4644 prosequamur,

108 4687 227 4734 non
249 4670 580 4752 potuimus
600 4676 806 4731 tamen
834 4668 1173 4745 abstinere,
1197 4670 1352 4749 quin
1376 4687 1622 4733 errores
1647 4669 1953 4750 quosdam
1972 4669 2038 4731 in
2056 4667 2531 4748 interpretando
2550 4684 2681 4728 non
2703 4667 2850 4728 satis
2872 4666 3360 4739 animadversos,

110 4774 196 4835 vel
216 4774 551 4846 adnotare,
574 4772 669 4833 vel
690 4771 873 4834 etiam
893 4771 1213 4849 corrigere
1236 4770 1636 4845 auderemus,
1667 4786 1783 4851 pro
1830 4775 2005 4832 certo
2054 4767 2360 4830 habentes
2415 4766 2696 4829 futurum
2744 4765 2962 4841 fuisse,
2996 4772 3066 4827 ut
3084 4765 3220 4827 illas
3238 4765 3358 4845 ipsi

112 4876 580 4940 emendationes
627 4874 1044 4949 admisissent,
1100 4891 1247 4937 cum
1294 4874 1757 4954 diligentiorem
1795 4873 2227 4937 adhibuissent
2255 4872 2558 4935 animum.
2606 4874 2680 4933 In
2722 4870 3059 4950 deligendo
3103 4871 3365 4949 insuper
3456 4943 3468 4963 ι

111 4978 302 5039 varias
344 4973 672 5048 lectiones,
707 4990 836 5035 non
864 4974 1012 5036 satis
1036 4972 1440 5036 attenderunt
1467 4974 1545 5036 ad
1575 4973 1787 5055 poesis
1815 4979 2111 5047 metrum,
2139 4971 2313 5034 unde
2340 4971 2498 5033 illud
2527 4970 2761 5050 saepius
2786 4969 3006 5033 laesum
3033 4968 3361 5030 restituere

113 5079 529 5144 necessarium
557 5094 686 5140 non
712 5076 1025 5140 immerito
1048 5077 1252 5139 visum
1279 5081 1407 5139 est:
1440 5080 1802 5157 quanquam
1832 5081 1894 5138 et
1916 5076 1986 5137 in
2013 5075 2390 5156 quibusdam
2428 5073 2768 5152 aliquando
2794 5070 3029 5134 nullam
3058 5069 3360 5130 emenda-

114 5181 346 5243 tionem
416 5178 739 5259 potuimus
797 5178 1122 5254 adhibere,
1177 5196 1292 5242 seu
1350 5179 1497 5259 quia
1532 5179 1672 5260 ipse
1717 5184 1907 5260 poeta
1950 5177 2070 5240 sibi
2107 5174 2398 5239 nonnihil
2450 5174 2733 5248 indulsit,
2789 5190 2904 5235 seu
2937 5171 3084 5251 quia
3134 5188 3360 5233 manu-

118 5282 323 5362 scripti
350 5281 605 5344 codices
630 5281 875 5343 mendis
893 5281 1225 5344 deformati
1253 5282 1410 5344 nihil
1432 5281 1730 5344 exhibent
1754 5298 1881 5360 quo
1928 5279 2226 5343 mendum
2254 5282 2445 5357 queat
2468 5273 2775 5338 resarciri.
2803 5271 3029 5335 Sileam
3056 5270 3364 5335 adhibitas

121 5398 151 5440 a
189 5382 370 5444 nobis
397 5399 603 5455 curas,
641 5380 774 5442 sive
798 5379 874 5442 ad
913 5380 1259 5460 eligendos,
1288 5379 1356 5442 in
1395 5388 1699 5461 quantum
1730 5380 1867 5443 ﬁeri
1903 5383 2173 5458 poterat,
2206 5393 2390 5457 pares
2430 5374 2743 5437 veteribus
2784 5371 3197 5444 characteres,
3234 5370 3363 5431 sive

124 5483 193 5543 ad
233 5482 639 5562 quaerendam
684 5497 817 5543 non
851 5481 1208 5545 inferiorem
1257 5481 1563 5557 chartam,
1599 5480 1728 5545 sive
1766 5483 2022 5542 demum
2069 5477 2147 5540 ad
2192 5476 2567 5539 servandum
2614 5479 3082 5537 antecessorum
3121 5484 3363 5532 morem

126 5580 335 5644 breves
356 5583 423 5644 in
453 5581 746 5660 margine
775 5582 1107 5646 sententias
1136 5582 1547 5657 rescribendi,
1581 5582 1752 5662 quod
1779 5579 1969 5645 hodie
1991 5576 2244 5640 nonnisi
2263 5574 2624 5641 difﬁcillime
2653 5592 2687 5636 a
2725 5570 3134 5653 typographis
3160 5574 3373 5654 potest;

128 5683 492 5764 extorqueri.
