3802 6242
1457 213 1491 246 ο

468 284 539 340 l9
822 351 826 354 ⁴
1614 284 1681 338 A.
1722 283 1784 338 Β.
1817 281 2117 340 CAILLAIJ
2159 281 2534 338 PREFATIO
3652 278 3726 333 23

544 404 619 464 II.
654 403 783 464 Nec
812 418 1059 481 parvus,
1092 416 1211 463 nec
1249 398 1449 463 facilis
1481 399 1662 463 labor
1689 417 1912 463 eorum
1952 398 2178 461 menda
2226 399 2583 476 corrigere;
2626 397 2795 459 unde
2836 396 3192 459 mirandum
3223 396 3577 460 nullatenus
3610 396 3727 457 erit

462 505 875 579 doctioribus,
905 504 959 565 si
982 502 1286 565 nonnulla
1316 509 1593 565 nostram
1624 502 1813 565 etiam
1844 519 2014 565 nunc
2041 501 2425 580 vigilantiam
2451 499 2814 573 fefellerint,
2847 517 2990 579 qua)
3014 506 3229 563 tamen
3256 500 3336 562 ad
3357 499 3597 563 calcem
3622 516 3725 558 re—

464 610 727 665 tractare
749 603 958 666 conati
987 621 1224 671 sumus.
1258 603 1587 665 utilitatem
1614 609 1970 683 quaerentes
1999 602 2210 681 potius
2238 618 2425 680 quam
2457 599 2689 662 erroris
2731 598 3039 678 pudorem
3072 597 3570 660 reformidantes.
3604 596 3725 656 Sed

463 708 531 763 ut
559 703 829 765 rariores
849 703 1059 767 forent
1082 704 1185 766 isti
1203 702 1509 776 defectus,
1542 719 1676 765 non
1704 703 1935 765 nostris
1956 701 2161 764 solum
2192 718 2270 762 ex
2299 699 2533 762 viribus
2563 697 3102 780 praesumpsimus,
3132 698 3351 760 doctos
3379 702 3591 760 autem
3610 695 3726 756 ad-

462 802 819 866 vocavimus
847 803 1185 883 adjutores,
1214 802 1382 865 inter
1403 819 1562 883 quos
1578 802 1750 882 justa
1776 821 1922 865 cum
1950 802 2134 865 laude
2163 801 2428 863 referam
2469 801 2727 863 nomina
2768 801 2835 860 D.
2862 799 3075 870 Cirier,
3108 799 3240 878 jam
3282 805 3462 859 antea
3508 798 3727 876 Regia;

464 898 905 982 typographiaa
951 897 1207 973 addicti,
1248 915 1502 960 necnon
1547 905 1612 961 et
1646 899 1716 958 D.
1757 898 2005 977 Doquin
2053 896 2132 959 de
2172 897 2598 972 Saint-Preux,
2644 898 2711 958 in
2759 895 3137 959 bibliotheca
3181 895 3374 973 Regia
3421 894 3728 958 librorum

465 999 766 1073 custodis,
811 1004 873 1060 et
915 999 986 1059 D.
1017 997 1366 1072 Valatours,
1400 997 1468 1058 in
1495 996 1765 1075 collegio
1793 997 2151 1059 Borbonico
2178 995 2487 1057 notissimi
2514 995 2917 1075 professoris,
2950 994 3061 1074 qui
3087 993 3217 1056 sive
3243 993 3311 1055 in
3341 999 3476 1056 toto
3503 1012 3726 1074 opere,

468 1106 596 1167 sive
624 1104 689 1165 in
718 1103 929 1182 aliqua
948 1102 1082 1181 ejus
1109 1109 1285 1182 parte
1315 1120 1461 1164 suas
1489 1102 1818 1165 nobiscum
1851 1118 2031 1164 curas
2050 1098 2672 1163 communicaverunt

548 1224 655 1284 ΠΙ.
684 1221 870 1297 Billii,
903 1221 1294 1285 Leuvenclaii
1324 1228 1387 1283 et
1420 1222 1700 1284 Federici
1729 1220 1971 1284 Morelli
1995 1219 2298 1300 poeticas,
2323 1225 2427 1281 aut
2450 1220 2658 1299 potius
2681 1218 2970 1283 metricas
2990 1218 3309 1281 versiones
3335 1217 3412 1280 ad
3438 1217 3731 1280 infimum

472 1327 842 1405 paginarum
869 1325 1215 1403 marginem
1246 1324 1618 1400 dimisimus,
1650 1342 1923 1405 quorum
1959 1323 2202 1403 primus
2231 1322 2496 1384 feliciter
2523 1339 2717 1402 sirpe,
2746 1322 2873 1384 duo
2903 1328 3112 1384 autem
3143 1320 3527 1401 posteriores
3554 1338 3732 1400 saepe

469 1425 781 1489 infelicius
812 1425 1127 1503 egregiam
1159 1425 1440 1503 Gregorii
1504 1424 1747 1504 poesim
1802 1425 1867 1485 in
1922 1425 2203 1487 Latinam
2250 1440 2493 1485 musam
2522 1421 2919 1484 transtulere.
2946 1424 3037 1483 Ita
3063 1426 3272 1482 autem
3299 1426 3598 1501 corrupta
3630 1439 3733 1481 su-

472 1535 733 1609 persunt
755 1529 1015 1591 istarum
1043 1528 1404 1591 versionum
1449 1527 1853 1607 exemplaria,
1897 1532 1963 1589 ut
1997 1544 2165 1608 saepe
2207 1524 2455 1589 deﬁciat
2492 1532 2787 1598 metrum,
2820 1529 2883 1585 et
2909 1522 3120 1585 nullus
3165 1522 3353 1584 etiam
3382 1522 3733 1601 aliquando

471 1647 695 1692 sensus
727 1629 926 1709 possit
952 1626 1365 1707 deprehendi.
1396 1626 1650 1701 Quoties
1679 1626 2012 1689 deficiebat
2059 1643 2306 1699 sensus,
2337 1622 2514 1685 illum
2561 1640 2851 1703 reparare
2890 1621 3266 1696 studuimus,
3298 1638 3428 1683 non
3476 1640 3737 1701 semper

466 1737 674 1794 autem
724 1738 1071 1793 restaurare
1108 1736 1401 1804 metrum,
1437 1730 1687 1809 quoties
1723 1730 1996 1792 deﬁcere
2025 1730 2379 1803 videbatur;
2432 1727 2543 1790 sed
2590 1727 2928 1807 aliquando
2972 1724 3255 1787 defectus
3293 1725 3565 1803 signare,
3614 1724 3732 1785 ali-

466 1829 721 1910 quando
754 1829 1066 1906 corrigere
1099 1846 1311 1908 Operze
1347 1829 1621 1908 pretium
1651 1828 1965 1891 duximus.
2003 1829 2311 1890 Neutrum
2347 1833 2557 1890 autem
2592 1826 2881 1898 fecimus,
2915 1824 3036 1886 nisi
3075 1823 3309 1886 variato
3341 1823 3734 1897 charactere,

467 1937 531 1991 et
575 1932 920 1994 mutatione
971 1933 1038 1994 in
1088 1932 1255 1995 notis
1301 1931 1592 1994 indicata.
1640 1933 1796 1994 Sunt
1819 1933 2004 1995 etiam
2034 1949 2250 1994 versus
2303 1931 2413 2012 qui
2458 1936 2565 1992 aut
2619 1929 2987 2004 omissione,
3031 1933 3137 1989 aut
3188 1927 3735 2008 typographorum

466 2034 732 2109 incuria,
781 2036 950 2116 apud
1010 2035 1260 2097 Billium
1314 2034 1865 2110 desiderabantur;
1922 2034 2067 2097 illos
2112 2033 2437 2115 supplere,
2482 2032 2948 2096 characteribus
3001 2031 3231 2092 iterum
3286 2030 3559 2104 variatis,
3618 2048 3736 2091 cu-

467 2148 759 2194 ravxmus.

544 2254 647 2314 ιν.
700 2256 861 2329 Quin
889 2256 967 2318 ad
998 2264 1269 2336 quatuor
1322 2256 1517 2318 millia
1563 2264 1624 2319 et
1675 2258 1945 2338 amplius
1982 2259 2249 2336 assurgit
2294 2275 2596 2319 numerus
2641 2275 2934 2319 versuum
2995 2264 3138 2336 post
3185 2255 3434 2316 Billium
3476 2260 3541 2316 et
3574 2253 3738 2316 alios

468 2355 803 2430 editorum,
836 2374 1021 2436 quos,
1048 2358 1115 2418 in
1136 2364 1389 2437 poetam
1412 2357 1809 2420 subitaneum
1832 2376 2042 2420 rerum
2068 2358 2443 2419 necessitate
2460 2357 2877 2430 transmutati,
2902 2356 3233 2419 decantare
3253 2354 3448 2418 coacti
3470 2354 3737 2421 fuimus,

468 2472 756 2534 quosque
787 2454 1096 2516 lectorum
1123 2454 1640 2517 commendamus
1668 2455 2107 2534 indulgentiae;
2142 2472 2505 2534 quanquam
2535 2455 2600 2515 in
2631 2454 2923 2516 omnibus
2967 2456 3239 2517 auctoris
3285 2453 3481 2515 menti
3509 2453 3735 2514 adhae-

471 2561 703 2628 rentes,
733 2554 862 2616 imo
910 2560 974 2616 et
1007 2554 1237 2630 verbis,
1270 2556 1592 2639 poeticum
1644 2562 1850 2618 tamen
1912 2555 2150 2636 aliquid
2208 2556 2277 2617 in
2326 2546 2719 2630 elocutione,
2768 2557 3097 2637 justasque
3129 2557 3197 2618 in
3234 2562 3433 2618 metro
3480 2554 3738 2633 regulas

468 2672 716 2718 servare
740 2657 1135 2719 tentavimus.

547 2779 621 2839 V.
650 2780 984 2859 Supererat
1008 2780 1287 2860 ingratus
1314 2781 1637 2857 scribenti,
1669 2780 1783 2844 sed
1812 2792 2022 2861 gratus
2050 2782 2230 2847 valde
2268 2781 2504 2862 legenti
2532 2782 2811 2846 indicum
2838 2783 3039 2857 labor,
3071 2783 3181 2863 qui
3212 2788 3515 2863 quantum
3563 2800 3738 2845 cura:

468 2878 900 2957 temporisque
927 2878 1232 2954 absumat,
1268 2897 1456 2941 nemo
1488 2887 1582 2942 est
1610 2897 1762 2942 sane
1790 2882 1901 2960 qui
1934 2882 2131 2962 possit
2151 2882 2219 2945 in
2248 2883 2508 2945 dubium
2542 2900 2860 2946 revocare.
2892 2883 3135 2945 Fideles
3175 2884 3736 2946 Benedictiuorum

471 2988 833 3042 nostrorum
879 2982 1158 3057 asseclte,
1190 2982 1619 3063 epistolarum,
1654 2984 1783 3046 sive
1815 2985 2024 3064 quoad
2060 2986 2347 3049 ordinem
2396 3003 2654 3061 novum,
2689 2987 2819 3048 sive
2847 2985 3057 3067 quoad
3104 2985 3393 3047 ordinem
3429 2992 3736 3061 veterem,

474 3077 603 3140 sive
632 3081 842 3159 quoad
871 3081 1157 3144 ordinem
1187 3081 1649 3162 alphabeticum
1676 3082 1949 3146 indicem
1991 3086 2339 3163 texuimus;
2393 3105 2582 3167 quem
2627 3087 2912 3167 proxime
2949 3075 3234 3166 sequitur
3276 3086 3465 3148 index
3510 3086 3741 3148 carmi-

478 3202 628 3246 num
657 3180 766 3246 ubi
804 3183 1037 3263 pariter
1061 3190 1238 3244 vetus
1264 3182 1420 3245 ordo
1450 3201 1591 3245 cum
1620 3202 1808 3253 novo.
1844 3203 2174 3267 novusque
2202 3205 2349 3250 cum
2386 3188 2580 3249 veteri
2618 3195 3035 3267 comparatur.
3075 3186 3211 3248 Duo
3260 3186 3582 3247 breviores
3628 3184 3738 3247 alii

469 3284 712 3347 indices
785 3282 1038 3345 Similia
1114 3288 1176 3344 et
1254 3283 1603 3344 Proverbia
1653 3301 1730 3346 ex
1795 3286 2098 3364 Gregorio
2187 3293 2483 3368 excerpta
2565 3292 3042 3367 repraesentant.
3113 3290 3272 3349 Tum
3354 3285 3737 3346 evolvuntur

466 3388 711 3452 indices
769 3388 1060 3467 majores,
1117 3386 1227 3448 ubi
1287 3404 1390 3449 res
1444 3394 1506 3448 et
1557 3389 1746 3450 verba
1797 3389 2061 3470 alicujus
2119 3390 2452 3465 momenti,
2486 3407 2628 3470 quae
2676 3390 2774 3451 vel
2819 3389 2884 3450 in
2926 3389 3139 3468 cperis
3182 3389 3476 3460 decursu,
3522 3386 3625 3447 vel
3668 3387 3739 3448 in

468 3488 820 3570 appendicc
839 3487 1155 3566 leguntur,
1180 3504 1296 3567 per
1314 3486 1602 3548 ordinem
1626 3487 1966 3551 litterarum
1988 3490 2272 3565 collecta,
2294 3490 2558 3553 curiosae
2581 3490 2921 3552 offeruntur
2951 3486 3342 3567 inquisitioni
3367 3503 3384 3561 ;
3415 3503 3535 3547 nec
3556 3485 3739 3548 deest

467 3588 659 3651 index
688 3587 794 3650 ille
824 3605 1022 3662 sacer,
1054 3605 1184 3667 quo
1214 3595 1446 3650 sanctie
1467 3590 1803 3669 Scriptum
1831 3592 2233 3671 reperiuntur
2261 3591 2623 3666 sententia),
2654 3609 2812 3670 quas
2840 3591 2905 3651 in
2946 3589 3280 3652 scribendo
3310 3588 3453 3669 pius
3496 3588 3740 3650 Doctor

469 3690 775 3753 adhibuit.
806 3692 956 3763 Qua}
979 3698 1187 3753 autem
1208 3698 1316 3752 aut
1341 3691 1540 3766 utilia,
1571 3699 1678 3753 aut
1702 3694 1949 3755 curiosa
1994 3695 2289 3773 perlectis
2317 3695 2549 3774 saepius
2584 3694 2781 3757 sancti
2818 3691 3101 3771 Gregorii
3137 3690 3435 3770 operibus
3471 3688 3735 3750 desum-

470 3794 735 3874 psimus,
762 3792 990 3854 horum
1016 3792 1101 3854 ita
1130 3794 1539 3869 rescribendi,
1562 3801 1632 3856 ut
1652 3795 1731 3857 ad
1752 3796 2038 3858 ordinem
2063 3797 2118 3859 al
2126 3796 2528 3877 phabeticum
2550 3795 3006 3873 redigerentur,
3035 3792 3442 3866 fastidiosam,
3466 3791 3579 3853 sed
3602 3809 3738 3852 non

471 3892 728 3955 inanem
759 3909 969 3954 curam
998 3894 1274 3973 suscepit
1297 3894 1368 3955 D.
1401 3893 1600 3956 Ballin
1621 3895 1700 3957 de
1730 3895 2114 3972 Saint-Paul,
2139 3898 2235 3959 vir
2261 3915 2297 3959 a
2325 3895 2689 3958 liberalibus
2728 3894 3076 3977 disciplinis
3124 3911 3251 3956 non
3300 3893 3577 3967 alienus,
3628 3893 3735 3953 cui

466 4011 580 4057 sua
608 3993 742 4054 laus
769 4000 1157 4072 permaneat.

547 4095 696 4155 Hzec
720 4109 1008 4172 quameo
1038 4094 1241 4174 plura,
1275 4114 1393 4159 nec
1423 4097 1719 4177 pauciora
1763 4095 2049 4172 fecimus,
2100 4096 2377 4159 attendat
2436 4096 2652 4171 lector,
2693 4102 2756 4158 et
2812 4101 3022 4157 utrum
3054 4092 3133 4155 de
3164 4090 3507 4154 Christiana
3545 4107 3740 4171 repu—
3780 4124 3781 4127 η

471 4193 634 4257 blica
666 4191 955 4255 nonnihil
984 4195 1148 4259 bene
1175 4198 1370 4261 simus
1397 4199 1621 4273 meriti,
1655 4199 2082 4278 indulgentior
2111 4199 2431 4279 dijudicct.
