3802 6208
192 298 269 353 25
1585 299 1770 356 EPlS1

1906 307 1923 354 ι
1966 298 2048 355 IV.
3396 298 3469 355 26

198 423 386 496 μειδία
436 422 633 494 μόνον,
687 427 781 478 καὶ
826 425 929 496 τῆς
974 423 1308 489 παιδεύσεως
1345 424 1462 497 (18)
1512 424 1770 498 ἐμφοροῦ,

1906 430 1968 479 2st
2011 422 2287 479 :subride
2338 422 2541 490 solum,
2590 423 2953 494 doctrinaque
3000 421 3070 477 ad
3123 424 3465 477 saturitatem

197 515 295 570 καὶ
332 514 517 583 φιλίας
567 514 730 586 ἡμῶν
775 515 1036 572 ἀπόλαυε.
1076 515 1261 570 Πάντα
1311 518 1441 588 ἡμῖν
1481 518 1692 588 χρηστὰ
1744 516 1781 571 ἃ

193 606 359 677 Απαρὰ
402 604 529 669 σοῦ,
575 606 739 659 ὁποῖα
791 609 910 660 ποτ’
947 607 1013 663 ἂν
1054 603 1127 681 ᾖ,
1183 607 1280 661 καὶ
1334 609 1487 671 ὅπως
1538 606 1607 660 ἂν
1657 607 1777 678 ἔχῃ.

198 696 314 750 Καὶ
365 697 491 773 γάρ
541 713 634 767 μοι
697 697 793 751 καὶ
842 696 912 750 τὰ
964 697 1200 753 ἐνταῦθα
1257 698 1532 753 σκώπτειν
1581 700 1777 762 δοκεῖς,

196 787 300 859 (ex
353 790 443 843 ἶνα
495 789 723 861 σκώψῃς
744 828 762 854 ,
812 790 928 845 ἀλλ’
975 792 1069 846 ἶνα
1101 790 1239 862 πρὸς
1292 792 1489 846 ἑαυτὸν
1524 792 1777 865 ἑλκύσῃς,

199 878 279 947 (ιε
304 879 359 932 τί
388 897 453 949 γε
482 880 599 949 ἐγώ
634 896 731 934 σου
769 882 992 954 συνίημι
1013 887 1053 951 ι)
1086 883 1276 955 ὥσπερ
1320 886 1375 937 oi,
1418 883 1488 937 τὰ
1532 883 1780 954 ῥεύματα

200 969 536 1038 ςρὰσσοντες
564 1010 579 1035 ,
643 970 711 1024 ἶν’
768 971 1001 1043 ἀλλαχοῦ
1071 972 1464 1045 μεθελκύσωσι.
1541 973 1778 1028 Τοιαῦτα

196 1058 331 1129 ἡμῖν
355 1059 444 1112 ἀεὶ
482 1060 557 1114 τι
598 1060 671 1113 σά
695 1059 831 1130 (ta).

276 1323 420 1392 ἐγὼ
471 1325 531 1379 δέ
589 1343 687 1380 σου
721 1328 811 1381 τὸν
847 1327 1048 1382 Πόντον
1091 1327 1443 1400 θαυμάσομαι
1465 1368 1482 1392 ,
1533 1330 1627 1383 καὶ
1674 1330 1775 1402 τὴν

196 1411 461 1484 Ποντικὴν
505 1414 880 1486 ζοφηφορίαν,
919 1417 1014 1471 καὶ
1053 1415 1150 1489 τὴν
1188 1418 1364 1489 φυγῆς
1396 1417 1552 1483 ἀξίαν
1584 1418 1773 1491 μονὴν,

192 1502 317 1566 τούς
354 1521 417 1557 τε
469 1504 616 1577 ὑπὲρ
662 1506 903 1577 κεφαλῆς
944 1507 1167 1577 λόφους,
1212 1509 1308 1563 κα)⁷
1340 1509 1548 1580 θῆρας,
1579 1511 1629 1564 οἳ
1675 1510 1774 1582 τὴν

197 1591 369 1646 πίστιν
442 1595 599 1665 ὑμῶν
657 1595 1043 1667 δοκιμάζουσι,
1107 1598 1201 1652 καὶ
1250 1600 1349 1669 τὴν
1412 1601 1777 1672 ὕποκειμένην

196 1686 480 1756 ἐσχατιὰν,
521 1684 621 1743 εἶτ’
650 1685 745 1744 οὖν
797 1691 1041 1761 μυωξέαν
1091 1692 1228 1762 μετὰ
1262 1692 1371 1745 τῶν
1417 1691 1631 1763 σεμνῶν
1663 1692 1777 1747 ὀνο-

1883 515 2093 581 l‘ruere,
2121 531 2183 571 ac
2204 515 2273 572 tle
2302 516 2544 570 amicitia
2573 524 2760 572 nostra
2792 515 3033 571 fructum
3064 530 3221 585 cape.
3246 514 3464 578 Omnia,

1881 619 2005 674 qua:
2037 620 2067 660 a
2111 612 2166 661 te
2208 606 2659 676 proﬁciscuntur,
2701 607 2894 661 suavia
2935 606 3097 661 nobis
3129 613 3282 672 sunt,
3312 621 3469 675 qua-

1881 712 2099 769 cunque
2149 699 2368 753 tandem
2407 698 2498 751 illa
2543 697 2681 761 sint,
2710 707 2763 752 et
2789 710 3013 767 quoquo
3056 696 3218 751 modo
3266 710 3326 750 se
3369 695 3470 747 ha-

1880 788 2067 844 beant.
2116 788 2254 842 Nam
2306 804 2397 844 res
2436 803 2657 858 quoque
2707 787 2873 856 hujus
2911 786 3019 842 loci
3066 786 3199 840 mihi
3251 784 3461 841 cavillis

1880 880 2145 950 impetere
2183 880 2409 947 videris,
2448 896 2558 935 non
2602 887 2666 934 ut
2689 878 2990 943 cavilleris,
3030 879 3125 934 sed
3172 886 3232 933 ut
3280 893 3368 934 me
3396 877 3462 932 ad

1881 978 1936 1026 te
1961 972 2140 1041 ipsum
2196 970 2385 1026 trahas
2424 970 2493 1040 (si
2526 969 2661 1041 quid
2685 976 2875 1024 tamen
2906 982 3008 1038 ego
3044 977 3281 1023 mentem
3313 976 3462 1022 tuam

1880 1063 2199 1134 intelligo);
2243 1062 2706 1133 quemadmodum
2753 1060 2851 1131 qui
2891 1060 3094 1116 ﬂuenta
3141 1060 3460 1126 obstruunt,

1879 1163 1939 1209 ut
1989 1154 2045 1208 in
2087 1154 2253 1208 aliam
2317 1165 2525 1222 partem
2582 1152 2869 1208 retrahant
2919 1168 2985 1208 ae
3043 1152 3315 1209 derivem.
3371 1151 3463 1207 Sic

1875 1244 2023 1300 enim
2059 1253 2151 1297 tua
2183 1258 2400 1313 semper
2419 1242 2709 1312 accipiam.
2886 1246 2892 1253 ’
3292 1262 3301 1269 η

1948 1331 2061 1402 Ego
2086 1346 2218 1386 vero
2242 1330 2479 1384 Pontum
2522 1337 2678 1384 tuum
2711 1329 3047 1395 admirabor,
3081 1338 3136 1385 et
3174 1329 3459 1385 Ponticam

1875 1422 2189 1493 caliginem,
2241 1436 2305 1476 ac
2356 1422 2579 1492 dignam
2635 1421 2833 1476 exsilio
2871 1422 3079 1484 sedem,
3118 1429 3173 1477 et
3217 1422 3495 1481 tumulos.

1876 1513 2043 1584 capiti
2089 1514 2463 1578 imminentes,
2515 1521 2567 1567 et
2622 1511 2769 1568 feras
2802 1511 2962 1566 ﬁdem
2994 1521 3235 1567 vestram
3269 1513 3462 1582 explo-

1875 1613 2090 1670 rantes,
2112 1613 2166 1659 et
2199 1605 2509 1673 subjectam
2538 1604 2914 1666 solitudinem,
2948 1604 3060 1657 imo
3091 1604 3328 1657 murium
3361 1618 3459 1657 ca-

1874 1711 2101 1750 vernam
2140 1711 2267 1750 cum
2300 1695 2569 1764 speciosis
2600 1694 2892 1766 gymmsii,
2932 1702 2987 1748 et
3020 1693 3364 1758 monasterii,
3394 1707 3460 1747 ac

199 1776 377 1846 μάτων
409 1777 505 1830 τοῦ
539 1780 975 1850 φροντιστηρίου,
1006 1780 1099 1835 καὶ
1130 1780 1223 1834 τοῦ
1254 1781 1643 1852 μοναστηρίου,
1677 1783 1770 1836 καὶ

1906 1789 2081 1843 chelae
2108 1786 2449 1849 nominibus,
2477 1794 2532 1841 et
2553 1785 2852 1857 agrestium
2884 1785 3136 1855 stirpium
3185 1784 3374 1849 silvas,
3402 1792 3459 1839 et

194 1866 286 1936 τῆς
336 1866 572 1939 σχολῆς.
611 1869 817 1940 λόχμας
864 1887 924 1923 τε
972 1871 1177 1942 ἀγρίων
1210 1870 1427 1940 φυτῶν,
1467 1873 1562 1926 καὶ
1600 1870 1770 1942 βαθυ-

194 1960 450 2031 κρήμνων
489 1961 635 2033 ὀρῶν
670 1963 966 2032 στέφανον,
1008 1964 1099 2034 ὑφ’
1139 1958 1201 2019 οὗ
1251 1964 1327 2037 μὴ
1375 1964 1765 2035 στεφανοῦσθε,

189 2050 320 2104 ἀλλὰ
376 2052 760 2133 συγκλεξεσοε,
792 2054 885 2107 τὸν
938 2055 998 2109 δὲ
1043 2056 1409 2127 μετρούμενον
1463 2057 1641 2128 ἀέρα,
1673 2058 1767 2111 καὶ

184 2139 273 2192 τὸν
305 2141 645 2213 ποθούμενον
673 2144 845 2215 ἥλιον,
878 2145 938 2199 ὃν
969 2146 1049 2210 ὡς
1064 2145 1155 2200 διὰ
1191 2148 1404 2219 κάπνης
1439 2148 1764 2217 αὐγάζεσθε,

185 2223 229 2284 ὦ
278 2233 537 2286 nmmo)
593 2234 894 2307 Κιμμέρια
929 2235 1043 2306 (20)
1099 2236 1195 2291 καὶ
1241 2236 1301 2290 οὐ
1345 2238 1447 2308 τὴν
1496 2238 1767 2310 ἑξάμηνον

185 2323 354 2377 νύκτα
387 2326 504 2394 (21)
552 2326 713 2396 μόνον
760 2327 1216 2400 κατακριθέντες,
1274 2329 1303 2383 ὃ
1360 2329 1423 2402 δή
1476 2348 1623 2395 τινες
1679 2330 1767 2383 λέ-

190 2429 406 2482 γονται,
458 2415 574 2470 ἀλλ’
616 2417 737 2470 οὐδὲ
788 2417 953 2490 μέρος
994 2419 1092 2491 τῆς
1120 2419 1265 2490 ζωῆς
1306 2420 1496 2475 ἄσκιον
1528 2420 1762 2492 ἔχοντες,

189 2507 315 2575 μίαν
370 2507 429 2560 δὲ
469 2507 642 2563 νύκτα
692 2510 911 2581 μακρὰν
941 2511 1033 2565 τὸν
1086 2512 1303 2566 ἃπαντα
1348 2514 1498 2584 βίον,
1553 2515 1649 2568 καὶ
1674 2514 1764 2568 ὃν·

182 2613 292 2661 τως
361 2599 523 2653 σκιὰν
582 2601 853 2666 θανάτου,
915 2603 991 2656 ἵν’
1051 2604 1190 2657 εἴπω
1251 2603 1307 2657 τὸ
1366 2604 1466 2675 τῆς
1514 2603 1762 2676 Γραυῆς.

196 2690 435 2744 Ἐπαινῶ
487 2692 582 2744 καὶ
636 2693 735 2763 τὴν
789 2693 979 2765 στενὴν
1032 2695 1129 2747 καὶ
1178 2694 1546 2765 τεθλιμμένην
1603 2694 1722 2748 ὁδὸν
1746 2735 1763 2760 ,

182 2782 306 2850 (οὐκ
350 2780 470 2836 οἴδα
510 2783 621 2837 είτε
655 2787 734 2849 εἰς
780 2784 1089 2855 βασιλείαν,
1127 2785 1239 2839 εἴτε
1285 2788 1366 2850 είς
1406 2786 1533 2857 ᾅδου
1562 2786 1765 2857 φέρου-

182 2890 316 2939 σαν,
348 2874 449 2928 σοῦ
488 2876 545 2929 δὲ
580 2876 764 2932 ἕνεκεν
795 2879 875 2941 είς
909 2876 1183 2947 βασιλείαν
1212 2878 1426 2951 φερέτω
1448 2881 1503 2949 ,)
1540 2879 1637 2933 καὶ
1665 2880 1765 2951 τὴν

182 2967 244 3019 ἒν
272 2965 456 3036 μέσῳ,
486 2965 540 3019 τί
579 2967 793 3038 βούλει,
841 2968 1071 3041 πότερον
1129 2969 1291 3041 Ἐδὲμ
1337 2970 1590 3041 ὀνομάσω
1628 2969 1763 3041 ψευ-

1877 1885 2281 1947 prasruptorum
2315 1876 2582 1930 montium
2620 1890 2905 1939 coronam,
2938 1890 3044 1945 qua
3069 1890 3178 1929 non
3207 1882 3317 1928 tam
3357 1888 3456 1929 co-

1873 1968 2151 2024 ronamini
2189 1982 2355 2038 quam
2393 1967 2746 2030 coercemini,
2799 1980 2985 2021 aerem
3023 1967 3189 2022 etiam
3223 1966 3291 2020 ad
3337 1980 3459 2019 cer-

1874 2069 1995 2116 tum
2023 2060 2248 2116 modum
2274 2058 2609 2121 dimensum,
2640 2065 2695 2112 ct
2723 2057 3092 2113 desideratum
3119 2058 3316 2119 solem,
3346 2070 3458 2125 quo

1875 2154 2027 2207 velut
2060 2167 2159 2223 per
2185 2150 2463 2205 caminum
2507 2148 2873 2214 irradiamini,
2913 2163 2946 2199 ο
2978 2146 3190 2201 Pontici
3215 2147 3459 2203 Cimme-

1875 2244 1942 2299 rii
1989 2251 2045 2299 et
2096 2243 2212 2298 sole
2258 2248 2535 2304 carentes,
2579 2254 2680 2293 nec
2734 2238 2988 2294 semestri
3034 2246 3249 2292 tantum
3297 2248 3458 2292 nocte

1873 2335 2145 2397 damnati,
2179 2332 2325 2404 quod
2348 2333 2417 2386 de
2458 2330 2785 2401 quibusdam
2812 2328 3067 2394 refertur,
3099 2331 3192 2384 sed
3232 2345 3300 2382 ne
3330 2344 3455 2398 par-

1875 2436 1983 2481 tem
2009 2427 2229 2498 quidem
2255 2426 2422 2478 ullam
2453 2425 2574 2478 vitae
2605 2422 2872 2477 habentes
2910 2423 3117 2477 umbrae
3154 2432 3452 2491 expertem,

1876 2534 2066 2573 verum
2098 2527 2314 2572 noctem
2352 2532 2514 2570 unam
2551 2517 2767 2586 longam
2810 2523 2986 2569 totum
3016 2514 3144 2567 vitae
3190 2514 3452 2582 spatium,

1874 2624 1940 2663 ac
1970 2623 2097 2664 vere
2120 2608 2373 2661 umbram
2399 2608 2616 2673 mortis,
2648 2615 2710 2661 ut
2738 2621 2861 2661 cum
2889 2604 3171 2674 Scriptura
3207 2604 3452 2672 quuar‘.

1875 2699 1981 2754 Sed
2034 2707 2090 2753 et
2139 2706 2428 2767 augustam
2482 2699 2628 2751 illam
2675 2707 2730 2752 et
2784 2712 3026 2766 pressam
3075 2698 3215 2749 viam
3292 2694 3456 2748 laudo

1875 2790 2042 2863 (haud
2086 2790 2202 2845 scio
2235 2791 2290 2844 in
2324 2806 2554 2860 regnum
2585 2805 2655 2842 an
2688 2789 2744 2843 in
2793 2804 2983 2843 orcum
3015 2788 3299 2850 ferentem,
3350 2803 3453 2843 ca:-

1871 2894 2050 2941 terum
2084 2885 2162 2939 tui
2206 2884 2381 2954 gratia
2421 2889 2476 2937 in
2511 2897 2740 2952 regnum
2766 2881 2953 2947 ferat),
2984 2888 3148 2950 atque
3194 2880 3454 2936 interme-

1872 2977 2018 3032 diam
2047 2976 2218 3038 illam,
2258 2972 2391 3045 quid
2425 2974 2529 3036 vis,
2563 2982 2746 3027 utrum
2791 2974 2967 3041 ipsam
2997 2970 3145 3026 Edeu
3180 2971 3320 3026 falso
3358 2989 3457 3024 nu-

179 3057 442 3127 ἰόμενος,
472 3059 568 3113 καὶ
611 3059 711 3132 τὴν
744 3061 827 3125 είς
870 3061 1141 3136 τέσσαρας
1177 3063 1352 3133 ἀρχὰς
1398 3062 1764 3136 μεριζομένην

1906 3070 2096 3134 Διίηειιι,
2131 3075 2186 3121 et
2218 3067 2276 3121 in
2306 3073 2545 3136 quatuor
2572 3064 2845 3134 principia
2870 3062 2926 3134 ἀ,
2948 3062 3184 3118 divisum
3225 3062 3452 3125 fontem,

183 3149 405 3221 πηγήν,
460 3150 520 3218 ἐξ
572 3146 642 3224 ἦς
670 3152 705 3223 ἠ
750 3153 1044 3226 οἰκουμένη
1078 3153 1192 3226 (22)
1244 3153 1624 3226 ποτίζεται,ἣ
1666 3154 1764 3226 τὴν

183 3242 358 3314 ξηρὰν
395 3243 494 3297 καὶ
523 3244 752 3316 ἀνικμον
781 3246 1047 3319 ἐρημίαν,
1082 3248 1152 3318 ἦν
1187 3265 1271 3311 τις
1316 3247 1595 3321 ἡμερὼσει
1633 3248 1766 3303 Μω-

185 3328 319 3402 σῆς,
588 3335 794 3406 πέτραν
822 3337 1118 3409 aqvae“;
1162 3337 1319 3391 Ἔστι
1356 3337 1467 3408 γὰρ
1508 3339 1633 3391 ὅσον
1667 3339 1766 3408 μὲν

180 3425 520 3494 ἰιαπὲφευγε
564 3425 663 3490 τὰς
708 3426 915 3499 πέτρας
936 3468 952 3493 ,
996 3427 1312 3500 χαραδρεὼν
1334 3446 1348 3459 °
1397 3430 1520 3483 ὅσον
1558 3429 1615 3482 δὲ
1667 3429 1766 3491 τὰς

179 3518 468 3590 χαράδρας
492 3560 510 3586 ,
548 3518 865 3573 ἁκανθεὼν⁶
914 3520 1040 3574 ὅσον
1080 3520 1137 3573 δὲ
1179 3521 1324 3591 ὑπὲρ
1367 3520 1467 3585 τὰς
1498 3520 1763 3583 ἀκάνθας⁹

182 3609 466 3680 γρημνόςθ
503 3610 597 3662 καὶ
648 3611 684 3680 ἡ
734 3609 874 3683 ὑπὲρ
923 3608 1110 3664 τοῦτον
1147 3609 1300 3674 ὁδὸς,
1339 3611 1679 3682 ὲπίκρημνός
1706 3630 1765 3666 τε

182 3701 277 3754 καὶ
328 3700 740 3771 ἀμφιτάλαντος
765 3740 781 3766 ,
828 3700 937 3756 τῶν
976 3701 1268 3755 ὁδευόντων
1326 3702 1421 3755 τὸν
1463 3702 1590 3756 νοῦν
1635 3721 1764 3756 συν-

180 3793 401 3861 άγουσα
429 3792 523 3845 καὶ
557 3792 910 3864 γυμνάζουσα
944 3793 1082 3866 πρὸς
1124 3794 1425 3864 ἀσφάλειαν
1474 3794 1607 3866 (25).
1655 3798 1763 3849 Πο-

179 3881 360 3953 ταμὸς
396 3881 457 3935 δὲ
495 3881 643 3935 κάτω
691 3882 908 3954 ῥοχθεῖ,
943 3878 1097 3947 οὗτος
1147 3884 1176 3936 ὁ
1237 3883 1633 3956 Ἀμφιπολίτης
1684 3901 1766 3938 σοι

179 3971 454 4044 Στρυμὼν
478 3971 585 4045 (24)
619 3973 714 4026 καὶ
742 3971 965 4045 ἡσύχιος
992 3989 1006 4003 ⁸
1037 3974 1131 4027 καὶ
1155 3973 1257 4027 ούκ
1286 3973 1607 4047 ίχθυοφόρος
1636 3974 1765 4044 μᾶλ-

180 4065 276 4118 λον
296 4105 313 4127 ,
356 4065 392 4136 ἦ
454 4062 735 4135 λιθοφόρος
759 4079 774 4094 ·
822 4064 942 4117 οὐδὲ
999 4066 1078 4129 εἰς
1130 4064 1328 4137 λίμνην
1380 4066 1763 4137 ἀναχεόμενος,

181 4157 299 4211 ἀλλ’
338 4157 421 4220 είς
470 4154 607 4229 βάθη
648 4156 1092 4228 κατασυρόμενος
1116 4195 1132 4219 ,
1170 4149 1218 4209 ὦ
1251 4155 1372 4211 λίαν
1396 4157 1637 4229 ὑψήγορε
1676 4158 1765 4222 σὺ,

181 4251 280 4304 καὶ
330 4248 533 4319 ποιητά
582 4247 785 4303 καινῶν
840 4248 1141 4319 ὀνομάτων.
1198 4248 1353 4302 Ἔστι
1404 4248 1518 4320 γὰρ
1570 4248 1765 4319 μέγας,

182 4345 280 4399 καὶ
358 4342 589 4414 φοόερὺς
622 4384 638 4408 ,
726 4343 823 4397 καὶ
917 4340 1213 4413 tiasanth
1297 4342 1407 4394 τῶν
1477 4343 1590 4397 ἀνω
1668 4341 1765 4405 τὰς

181 4432 528 4505 ψαλμιρδεας.

183 4544 344 4588 κται.
402 4527 499 4579 καὶ
548 4525 596 4577 οἱ
666 4522 1011 4577 Κατάδουποι
1073 4521 1187 4595 (25)
1218 4537 1233 4552 ⁸
1303 4520 1558 4576 τοσοῦτον
1612 4522 1767 4594 ὑμῶν

149 4703 153 4711 ι
258 4681 276 4712 ¹
310 4677 459 4735 Psal.
493 4694 630 4742 xm,
654 4676 706 4731 4.
783 4677 805 4709 ¹
842 4674 979 4732 Gen.
1011 4689 1072 4740 ll,
1103 4676 1190 4729 10.
1268 4672 1291 4706 ³
1328 4650 1504 4729 Exod.
1546 4690 1684 4740 xv",
1717 4675 1769 4731 6.

145 4792 158 4836 ξ’
259 4792 375 4863 (18)
440 4790 835 4859 Παιδεύσεως.
899 4789 1133 4858 Quidam
1188 4797 1417 4845 censent
1483 4787 1774 4861 legendum

190 4862 433 4927 παιδιᾶς.
452 4862 598 4927 joco.

190 4877 433 4917 παιοιας.
462 4877 598 4917 1060.

263 4879 839 5005 (ιῖεἶῗςῆῗῗέὲταῄμῑν
869 4930 981 5005 ἀεὶ-
1001 4929 1078 4985 τὰ
1104 4927 1208 4984 σά.
1246 4927 1463 4995 Billius,
1507 4927 1605 4982 hoc
1628 4928 1771 4983 enim

190 5001 576 5071 modo—semper
599 5001 869 5056 nobiscum
894 5001 1028 5072 agis.

280 5074 375 5144 20)
402 5067 686 5144 Ποντικοί
721 5067 1061 5144 Κιμμέριοι.
1116 5067 1398 5144 Cimmerii
1437 5068 1770 5144 septentrio-

192 5139 369 5198 nalem
400 5141 555 5198 Ponti
598 5141 795 5196 Euxini
811 5139 974 5197 oram
1004 5139 1339 5199 incolebant.
1375 5153 1484 5193 non
1519 5139 1707 5208 procul
1738 5153 1771 5193 a

194 5213 499 5279 Bosphoro,
533 5213 627 5283 qui
665 5212 735 5267 ab
753 5211 997 5283 ipsorum
1051 5209 1275 5265 nomine
1306 5208 1771 5283 Cimmerius_ap-

194 5227 499 5279 ιωειιιιοτο,
533 5228 627 5283 (ιω
665 5227 997 5336 aot'psorum
1051 5227 1275 5265 nomine
1306 5227 1636 5263 btmtnertus
1674 5227 1771 5277 ap-

194 5285 429 5352 pellatus
476 5291 580 5339 est.
639 5283 774 5352 Apu
836 5295 933 5338 eos
980 5288 1272 5352 perpetuas
1334 5293 1459 5334 esse
1518 5278 1774 5334 tenebras

194 5350 325 5408 dicit
356 5352 646 5415 Homerus,
693 5350 886 5421 Odyss.
916 5366 996 5406 ιι.

264 5422 376 5494 (21)
420 5422 539 5492 Τὴν
571 5416 876 5490 ἐξάμηίοον
897 5422 1108 5494 νύκτα.
1162 5418 1266 5487 Qui
1289 5417 1392 5474 sub
1420 5416 1606 5471 mundi
1636 5417 1776 5487 polis

198 5491 837 5559 habitant,semestrem
889 5491 1030 5546 diem
1061 5505 1125 5545 ac
1172 5496 1492 5559 semestrem
1557 5497 1774 5559 noctem

197 5564 427 5623 habent:
450 5556 532 5619 iis
552 5562 701 5617 cnim
734 5560 817 5615 sol
844 5576 940 5616 sex
988 5576 1208 5615 menses
1238 5559 1342 5614 sub
1372 5556 1658 5614 horizonte
1679 5557 1774 5612 de-

201 5634 465 5704 primitur,
499 5644 553 5689 et
575 5646 679 5704 se:
702 5630 857 5704 alios
891 5645 1058 5704 super
1095 5630 1281 5704 ipsum
1302 5627 1526 5704 eminet.

267 5703 375 5777 (ἦ)
426 5691 529 5770 Ἐξ
565 5697 645 5774 ἧς
682 5700 723 5766 ἡ
759 5691 1215 5772 οἰκουμένηλιίι
1247 5696 1399 5752 Pass.
1438 5695 1533 5751 Ed.
1576 5697 1666 5766 Ἐξ
1708 5691 1775 5769 ἧς

1869 3177 1937 3217 ex
1989 3176 2101 3230 quo
2144 3158 2298 3215 orbis
2343 3168 2616 3212 terrarum
2655 3156 2982 3225 irrigatur',
3034 3171 3104 3209 an
3161 3155 3365 3209 siccam
3401 3164 3455 3208 et

1870 3254 2102 3308 humore
2128 3251 2280 3306 omni
2321 3264 2548 3305 vacuam
2581 3248 2959 3311 solitudinem,
2990 3262 3154 3317 quam
3186 3246 3312 3316 quis
3342 3245 3457 3298 Μο-

1868 3358 1960 3399 ses
1991 3341 2282 3414 mitigabit,
2311 3355 2378 3395 ex
2408 3346 2561 3411 petra
2587 3339 2697 3392 ictu
2726 3336 2891 3406 virga:
2926 3335 3133 3390 l‘ontem
3161 3334 3457 3390 elicicns'?

1818 3504 1823 3509 Δ
1867 3434 2004 3486 Nam
2038 3447 2146 3501 qua
2189 3441 2344 3501 parte
2380 3429 2612 3499 rupibus
2659 3425 2990 3498 confragosa
3037 3442 3148 3480 non
3200 3434 3306 3487 est,
3343 3433 3456 3478 tor-

1868 3539 1997 3579 rens
2022 3531 2146 3590 est;
2173 3537 2281 3592 qua
2310 3528 2466 3591 parte
2505 3534 2703 3573 rursus
2736 3525 2955 3572 torrens
3002 3533 3112 3571 non
3144 3527 3249 3580 est,
3286 3518 3458 3572 senti-

1867 3626 2081 3683 cetum;
2132 3629 2241 3685 qua
2292 3627 2421 3668 vero
2456 3624 2623 3680 supra
2675 3616 2861 3664 sentes
2909 3609 3172 3678 assurgit,
3206 3609 3457 3678 praecipi-

1869 3709 2005 3762 tium
2031 3724 2047 3775 ;
2077 3716 2132 3761 ct
2151 3721 2274 3777 quae
2317 3704 2573 3773 superius
2599 3708 2923 3771 exporrecta
2962 3709 3044 3756 est
3074 3701 3181 3763 via,
3214 3715 3457 3770 praei-sps

1865 3806 1973 3865 est,
2004 3808 2168 3868 atque
2200 3797 2255 3850 in
2300 3806 2591 3863 utramque
2630 3804 2844 3863 partem
2876 3791 3095 3856 librata,
3142 3790 3455 3861 iugi-edicu-

1868 3890 2002 3944 tium
2028 3896 2266 3944 mentem
2297 3886 2562 3957 colligens
2605 3892 2770 3954 atque
2799 3883 2868 3938 ad
2905 3895 3064 3939 caute
3096 3882 3455 3937 incedendum

1865 3994 2152 4035 exercens.
2190 3976 2416 4031 Fluvios
2442 3989 2606 4046 porro
2637 3973 2691 4026 in
2730 3973 2837 4026 ima
2867 3980 3023 4043 parte
3062 3987 3187 4025 cum
3224 3970 3455 4040 strepitu

1868 4070 2067 4136 fertur,
2096 4083 2258 4140 quem
2296 4075 2352 4120 tu
2385 4064 2835 4133 Amphipolitano
2865 4069 2920 4117 et
2953 4061 3141 4131 quieto
3176 4059 3454 4130 Strymoni

1866 4162 2088 4219 confers
2113 4179 2130 4229 ;
2160 4176 2272 4214 non
2303 4159 2537 4229 piscium
2572 4158 2771 4228 magis,
2799 4169 2967 4225 quam
2996 4153 3237 4222 lapidum
3264 4152 3455 4218 ferax;

1868 4270 1978 4309 non
2031 4254 2087 4307 in
2135 4260 2391 4321 stagnum
2442 4249 2674 4309 elfusus,
2729 4245 2829 4303 sed
2869 4245 2925 4300 in
2979 4243 3273 4313 voragines
3332 4258 3459 4311 pro-

1872 4344 2067 4409 ﬂuens,
2099 4358 2133 4399 ο
2168 4341 2253 4396 vir
2279 4339 2509 4396 nimium
2536 4338 2918 4411 grandiloque,
2962 4343 3018 4391 et
3052 4348 3317 4389 novorum
3360 4347 3459 4386 no-

632 4433 797 4486 υὺδὲν
883 4433 1019 4504 πρὸς
1095 4432 1287 4485 τοῦτον
1359 4433 1412 4485 οι
1510 4433 1769 4500 Καταρά-

1906 4437 2083 4492 uinum
2116 4433 2437 4489 architecte.
2470 4430 2569 4487 Est
2597 4430 2743 4486 enim
2779 4442 3036 4497 magnus,
3062 4436 3118 4481 et
3150 4423 3455 4488 horribilis,

1875 4532 2042 4594 atque
2071 4535 2286 4587 eorum,
2335 4519 2431 4590 qui
2482 4519 2538 4574 in
2584 4518 2857 4589 superiori
2892 4517 3014 4571 loco
3054 4514 3280 4586 degunt,
3313 4512 3458 4584 psai~

1876 4785 1975 4839 καὶ
2001 4781 2316 4854 οἰκουμένη.
2378 4780 2494 4836 Μοι
2528 4780 2660 4851 Reg.
2700 4796 2842 4836 unus
2877 4789 2932 4835 et
2957 4782 3116 4834 Pass.
3153 4778 3322 4850 ξηρὰν
3365 4777 3465 4835 καὶ.

1875 4855 2122 4921 ἄνυδρον,
2150 4854 2346 4908 siccam
2373 4864 2420 4906 et
2456 4868 2596 4921 aqua
2620 4862 2905 4921 carentem.

1948 4873 2005 4909 υο
2043 4873 2122 4916 ον,
2150 4873 2346 4908 Siccam
2373 4873 2420 4906 ει
2456 4873 2596 4921 aqua
2620 4873 2905 4906 carentem.

1948 4873 2061 4995 (2g)
2099 4921 2501 4993 Γυμνιὶζουσα
2544 4921 2695 4989 πρὸς
2738 4919 3098 4988 ἀσφάλειαν.
3141 4917 3348 4974 Billius,
3388 4919 3458 4968 ad

1875 4996 2213 5052 securitatem
2245 5008 2511 5047 exercms.

1945 5065 2057 5136 (24)
2086 5060 2599 5136 ὀη-Ἀμριποιλίτῃις
2713 5056 3010 5127 Στρυμών,
3044 5055 3321 5136 Strymon,
3346 5052 3460 5134 Illa-

1878 5124 2125 5191 cedonise
2150 5124 2372 5193 ﬂuvius,
2424 5131 2478 5184 in
2529 5124 2715 5184 Haenlo
2768 5124 2950 5182 monte
2992 5124 3169 5181 oritur
3208 5134 3262 5177 et
3310 5124 3461 5192 prius

1880 5220 2045 5275 quam
2075 5217 2300 5275 cursum
2332 5200 2554 5269 dirigat,
2586 5208 2792 5275 septem
2848 5198 3001 5275 lacus
3028 5195 3224 5275 edicit;
3259 5194 3492 5275 quibus.

1881 5263 2079 5330 deinde
2119 5274 2173 5327 in
2213 5286 2383 5326 unum
2413 5263 2624 5323 aiveum
2649 5263 2941 5329 'collectis,
2981 5264 3135 5335 juxta
3166 5263 3463 5335 Amphipof

1883 5346 2000 5410 lim,
2024 5345 2172 5398 illius
2219 5339 2460 5410 regionis
2511 5339 2722 5410 urbem,
2772 5335 2954 5410 inﬂuit
2983 5330 3052 5410 in
3088 5330 3462 5410 maris'A‘tgy

1881 5400 2086 5477 sinum,
2119 5412 2213 5483 qui
2243 5400 2312 5465 ab
2348 5411 2471 5479 ipso
2507 5406 2857 5478 Strymonius
2880 5404 3205 5475 appellatur.
3243 5400 3461 5483 lta_l’li-

2057 5478 2154 5536 lib:
2192 5496 2264 5535 Iv.
2380 5478 2383 5479 ⁷
3333 5478 3338 5483 ’

1881 5483 2171 5674 “ﬂgitium
2192 5496 2562 5616 |[Eatapaixtat
2583 5543 2682 5599 καὶ
2712 5546 2764 5598 οί
2813 5541 3209 5598 Κατάδουποι.
3233 5540 3462 5596 (ἰδίω-ο..

1881 5631 1983 5674 cla!
2079 5621 2135 5674 ili
2171 5620 2240 5674 ab
2288 5617 2566 5674 Aithiopia
2621 5616 2675 5669 in
2725 5614 3019 5674 Emptum
3077 5612 3458 5666 devolvuntur.

1881 5612 1983 5678 cla:
2029 5612 2135 5676 Nili
2171 5620 2240 5674 ab
2288 5612 2566 5687 Afthiopia
2621 5616 2675 5669 in
2725 5614 3019 5687 Egyptum
3077 5612 3458 5687 devolvuntur.

1882 5691 2061 5750 Tanto
2091 5698 2274 5746 autem
2302 5703 2426 5744 cum
2478 5679 2691 5759 impetu
2729 5679 2974 5741 ex'a'ltis
3026 5681 3305 5737 montibus
3354 5679 3464 5738 ruit
