3802 6180
194 275 270 331 29
1589 271 1926 329 EPISTOLA
1964 272 2053 328 VI.
3389 268 3460 324 50

192 395 307 448 νέοι
336 392 570 461 ναυαγοί
610 409 672 445 τε
717 392 1130 463 καὶετλήμονες.
1174 392 1474 462 Μέμνημαι
1513 390 1623 463 γὰρ
1664 390 1771 444 τῶν

1924 405 1979 444 os
2035 388 2161 443 novi
2195 395 2251 443 et
2283 387 2576 443 aerumnosi
2615 385 2891 458 naufragi.
2930 383 3154 442 Memini
3181 384 3326 441 enim
3366 400 3461 454 pa-

193 487 377 557 ἄρτων
415 483 666 549 ἐκείνων,
711 484 807 537 καὶ
844 483 952 536 τῶν
999 481 1198 553 ζωμῶν
1228 481 1393 550 (οὕτω
1422 481 1530 554 γὰρ
1559 481 1779 553 ὠνομά-

195 573 395 642 ζοντο),
422 571 562 625 ἀλλὰ
588 573 687 625 καὶ¹
724 572 1022 644 μνήσομαι,
1053 572 1149 625 καὶ
1180 571 1289 626 τῶν
1318 571 1779 644 περιολισθαινόν-

193 681 307 718 των
332 663 444 733 (55)
480 666 599 728 τοῖς
634 662 873 734 βλωμοῖς
912 663 1137 717 ὀδόντων
1155 703 1170 728 ,
1223 658 1342 716 εἶτα
1391 661 1778 732 ἁνισχομένων,

195 755 296 808 καὶ
320 753 701 824 ἀνελκομένων
746 751 937 822 ὥσπερ
976 753 1039 805 ὲκ
1086 750 1369 822 τέλματος.
1411 750 1584 814 Δύτδς
1609 750 1781 804 ταῦτα

195 845 572 916 τραγῳδήσεις
619 843 982 914 ὑψηλότερον,
1047 844 1112 897 ὲκ
1171 841 1280 896 τῶν
1328 842 1542 895 οἰκείων
1592 840 1780 894 παθῶν

196 936 336 1006 ἔχων
394 935 458 988 τὸ
514 935 897 1005 μεγαλόφωνον
917 949 931 964 ο
979 927 1056 987 ὧν
1105 934 1154 986 εί
1190 934 1265 1005 μὴ
1316 932 1526 1003 ταχέως
1566 934 1714 1003 ἡμᾶς
1745 933 1779 1003 ή

200 1024 411 1095 μεγάλη
456 1023 551 1077 καὶ
588 1023 971 1094 πτωχοτρόφος
1009 1023 1177 1086 ὅντως
1214 1022 1502 1094 ἐρρύσατο,
1542 1021 1640 1093 τὴν
1682 1022 1781 1093 σὴν

195 1113 343 1181 λέγω
366 1112 608 1184 μητέρα,
646 1111 839 1182 ὥσπερ
882 1111 1046 1182 λιμὴν
1088 1114 1148 1165 ἐν
1190 1110 1366 1183 καιρῷ
1398 1114 1627 1180 φανεῖσα
1666 1128 1781 1181 χει-

199 1203 555 1275 μαζομένοις,
582 1202 754 1258 πάλαι
777 1202 845 1257 ἂν
868 1198 1011 1274 ἦμεν
1040 1204 1247 1274 νεκροὶ,
1292 1202 1529 1266 πίστεως
1577 1204 1784 1256 Ποντι-

198 1295 301 1364 κῆς
364 1293 467 1347 οὐκ
536 1291 915 1363 ἐπαινούμενοι
972 1292 1169 1363 μᾶλλον
1207 1292 1239 1363 ἦ
1279 1292 1604 1363 ὲλεούμενοι.
1657 1292 1782 1356 Πῶς

200 1384 458 1455 παρέλθω
498 1385 624 1447 τοὺς
664 1384 912 1455 ἀκήπους
946 1385 1153 1455 κήπους
1176 1383 1422 1448 ἐκείνους
1454 1382 1548 1437 καὶ
1578 1384 1784 1454 ἁλαχά-

198 1490 354 1538 νους,
404 1472 503 1525 καὶ
545 1470 646 1543 τὴν
689 1472 919 1542 Αὐγείου
958 1470 1160 1543 κόπρον
1202 1472 1313 1542 (56)
1361 1473 1426 1525 ὲκ
1460 1470 1564 1542 τῆς
1603 1472 1784 1536 οίκίας

201 1545 686 1633 ἑκκαθαιρομὲντην,
818 1561 1039 1625 τούτους
1086 1560 1577 1632 ἀνεπληρώσαμεν,
1619 1561 1784 1633 ἡνίκα

199 1656 299 1727 τὴν
326 1652 604 1724 γεωλόφον
654 1652 871 1723 ἄμαξαν
917 1652 1168 1723 εἵλκομεν
1198 1652 1332 1725 (⁸57),
1362 1652 1473 1722 ὲγώ
1511 1670 1572 1706 τε
1621 1654 1650 1707 ὁ
1692 1655 1784 1723 βο-

1880 495 1978 534 nes
2003 480 2126 534 illos
2155 488 2210 534 et
2227 479 2446 549 juscula
2495 479 2598 550 (sic
2619 480 2765 535 enim
2787 478 3190 548 nominantur),
3215 493 3460 547 semper-

1878 584 1986 639 que
2026 569 2347 632 meminero,
2380 568 2639 624 dentibus
2669 570 2817 624 circa
2856 568 3162 637 fragmenta
3221 569 3460 621 collabe-

1878 658 2166 714 scentibus
2186 699 2201 721 ,
2239 674 2305 713 ac
2333 667 2524 729 postea
2553 674 2676 713 sese
2701 657 3067 727 erigentibus,
3112 661 3366 726 velutquc
3392 673 3459 709 ex

1879 762 2045 801 caeno
2100 748 2532 819 emcrgentibus.
2599 746 2732 813 Quae
2801 756 2860 801 tu
2905 747 3116 803 scilicet
3169 746 3461 801 sublimius

1879 838 2234 909 exaggerabis
2257 878 2272 901 ,
2302 839 2539 909 propriis
2592 854 2787 909 nempe
2818 838 3228 893 calamitatibus
3254 839 3460 891 oratio-

1879 930 1965 983 nis
1986 930 2415 999 magnitudinem
2444 932 2537 987 tibi
2560 932 3047 1002 suppeditantibus
3073 950 3088 986 :
3116 932 3321 1001 quibus
3350 932 3459 986 nisi

1882 1035 2079 1089 magna
2134 1020 2229 1075 illa
2280 1038 2519 1092 vereque
2596 1038 2899 1094 pauperum
2980 1022 3225 1077 studiosa
3276 1023 3462 1076 nutrix

1881 1118 2061 1165 mater
2089 1121 2182 1165 tua
2208 1128 2313 1168 nos
2335 1128 2500 1183 quam
2533 1114 2823 1170 celerrime
2856 1113 3165 1178 liberassvt,
3198 1112 3465 1182 nobisque

1879 1208 2206 1271 tempestate
2235 1203 2461 1274 jactatis
2492 1206 2639 1260 velut
2665 1216 2858 1274 portus
2882 1205 3210 1269 exstitisset,
3233 1205 3466 1279 jampri-

1882 1290 2006 1346 dem
2063 1292 2207 1362 apud
2268 1286 2418 1350 vivos
2448 1310 2571 1351 esse
2624 1296 3006 1362 desiissemus,
3050 1294 3175 1349 ﬁdei
3229 1294 3468 1349 Ponticae

1882 1380 2107 1435 nomine
2133 1396 2245 1437 non
2273 1383 2538 1452 majorem
2574 1382 2791 1439 laudem
2833 1391 3237 1454 consequentes
3257 1423 3271 1445 ,
3303 1398 3466 1451 quam

1886 1472 2295 1529 miserationem
2326 1484 2627 1530 moventes.
2660 1474 2911 1540 Quonam
2946 1489 3110 1544 porro
3144 1472 3304 1528 modo
3337 1474 3468 1525 il0|‘-

1881 1566 1968 1615 tos
2002 1561 2148 1627 illos,
2177 1578 2248 1617 ne
2279 1566 2563 1618 hortorum
2604 1565 2825 1634 quidem
2854 1564 3074 1621 nomine
3105 1564 3324 1633 dignos,
3356 1563 3469 1617 ole-

1882 1651 2149 1722 ribusque
2194 1662 2447 1710 carentes
2499 1655 2794 1725 praateribo
2820 1694 2836 1720 ,
2867 1655 3165 1724 Augiaaque
3213 1653 3398 1707 limum
3440 1670 3471 1707 e

201 1746 396 1815 τρύων,
442 1744 590 1799 καὶὸ
636 1744 887 1816 λαμπρὸς
935 1745 1023 1809 σὺ,
1073 1747 1187 1809 τοῖς
1226 1746 1418 1816 αὐχέσι
1451 1744 1658 1809 τούτοις
1685 1744 1771 1799 καὶ

1924 1755 2049 1794 omo
2079 1750 2463 1812 expurgatum,
2486 1759 2598 1814 quo
2622 1758 2719 1798 eos
2756 1734 3123 1814 opplevimus,
3171 1758 3295 1796 cum
3321 1756 3471 1795 mon-

204 1839 317 1901 ταῖς
359 1838 519 1909 χερσὶ
563 1839 808 1901 ταύταις,
844 1837 900 1890 αἳ
937 1837 1045 1891 τῶν
1091 1836 1268 1890 πόνων
1311 1837 1394 1890 ἐτι
1437 1836 1507 1890 τὰ
1535 1836 1656 1908 ἴχνη
1684 1835 1771 1905 φέ-

1924 1845 2067 1884 )ειιῐη
2096 1830 2229 1885 illud
2260 1833 2604 1901 plaustrum,
2660 1840 2714 1888 et
2743 1847 2846 1902 ego
2887 1830 3278 1892 vindemiator,
3315 1836 3368 1885 et
3410 1837 3468 1882 tu

204 1943 410 1997 ρουσινο
442 1921 515 1998 (ὦ
540 1927 614 1996 γῆ
638 1928 733 1981 καὶ
760 1927 899 1998 ἥλιε,
931 1928 1040 2000 ἀὴρ
1062 1927 1173 1997 (58)
1198 1929 1292 1981 καὶ
1320 1928 1488 1999 ἀρετή
1509 1943 1524 1958 ο
1558 1944 1771 1999 τραγῳα

1924 1929 2121 1983 icetus.
2163 1922 2267 1977 hac
2323 1924 2557 1988 cervice,
2593 1924 2962 1994 manibusque
3006 1923 3115 1988 his,
3160 1939 3283 1993 quae
3315 1922 3468 1976 labo-

199 2018 343 2089 δήσω
373 2020 485 2091 γάρ
506 2036 560 2072 τι
594 2019 838 2089 μικρόν)
867 2019 1081 2090 οὐχ-ἴνα
1114 2019 1205 2073 τὸν
1235 2018 1621 2090 Ἑλλήσποντον
1654 2016 1771 2081 ζεύ-

1924 2027 2005 2065 llm
2059 2013 2291 2085 vestigia
2357 2015 2660 2069 etiamnum
2726 2014 2927 2080 ferunt,
2980 2012 3320 2067 traheremus
3387 2011 3469 2082 (0

198 2109 375 2179 ξωμεν
399 2110 537 2180 (39),
570 2108 686 2162 ἀλλ’
721 2108 809 2162 ἵνα
853 2108 1096 2180 κρημνὸν
1131 2108 1500 2179 όμαλίσωμεν.
1553 2104 1771 2170 Τούτοις

1924 2117 2033 2157 arra
2071 2110 2126 2159 et
2187 2104 2310 2158 sol!
2358 2121 2391 2158 ο
2444 2118 2539 2159 aer
2589 2114 2644 2157 et
2673 2105 2882 2159 virtus!
2939 2103 3162 2173 paulum
3210 2102 3468 2172 quiddam

196 2201 247 2252 εἰ
283 2200 380 2270 μὲν
425 2200 581 2253 οὐδὲν
628 2198 939 2271 ἀχθεσθήσῃ
984 2199 1295 2271 λεγομένοις
1315 2241 1329 2265 ,
1387 2199 1603 2262 πάντως
1648 2198 1771 2252 οὐδὲ

1924 2209 2029 2249 lore
2055 2195 2262 2265 tragico
2292 2196 2705 2268 exclamaho):
2762 2211 2872 2249 non
2930 2203 2990 2248 ut
3053 2193 3466 2262 Hellespontum

195 2291 382 2361 ἡμεῖς·
438 2293 487 2344 εἰ
528 2292 585 2345 δὲ
633 2290 964 2364 ἀχθεσθήσῃ,
1005 2292 1168 2346 πόσον
1211 2291 1524 2360 γενομένοις
1569 2290 1763 2360 ἡμεῖς·

1924 2300 2241 2354 mgeremus,
2279 2286 2374 2340 sed
2421 2293 2479 2339 ut
2536 2293 2870 2355 praeruptum
2917 2292 2972 2340 et
2995 2284 3324 2354 praecipitem
3384 2284 3468 2336 lo-

197 2382 285 2434 καὶ
314 2382 383 2435 τὰ
413 2381 588 2433 πλείω
630 2381 969 2452 παρήσομεν,
1006 2380 1145 2436 αίδοτ
1173 2379 1280 2434 τῶν
1308 2378 1503 2443 ἄλλων,
1533 2370 1608 2431 ὧν
1639 2378 1766 2431 πολ-

1924 2393 1995 2430 nn
2039 2378 2500 2448 exmquaremus?
2563 2376 2767 2432 [larum
2801 2392 2984 2432 rerum
3021 2376 3469 2431 commemoratio

194 2471 296 2524 λῶν
326 2471 744 2543 ἀπελαύσαμεν.

1924 2473 1928 2522 i
1957 2480 2009 2523 te
2038 2468 2311 2524 oﬂ'ensura
2359 2486 2467 2524 non
2498 2480 2582 2526 est
2608 2510 2623 2533 ,
2653 2470 2841 2539 utique
2890 2485 2992 2524 nec
3021 2485 3123 2524 nos
3158 2484 3172 2520 :
3209 2469 3254 2522 si
3286 2475 3466 2521 autem

187 2563 626 2636 Boﬂ’ensionem
662 2577 728 2619 ex
764 2576 829 2618 ea
859 2561 1158 2631 concipies,
1189 2570 1395 2631 quanto
1423 2560 1598 2632 magis
1642 2574 1750 2613 non
1798 2573 1867 2613 ex
1924 2558 2060 2628 ipsis
2092 2561 2295 2616 rebus!
2346 2561 2426 2616 Ac
2478 2561 2744 2631 majOrem
2806 2569 3014 2633 partem
3081 2560 3468 2631 prmtermillc-

188 2671 313 2712 mus
361 2654 662 2710 multarum
686 2653 912 2708 aliarum
938 2667 1146 2718 rerum,
1175 2652 1377 2723 quibus
1408 2651 1569 2707 nobis
1599 2649 1705 2704 frui
1750 2648 1982 2720 contigit
2002 2688 2018 2716 ,
2051 2650 2259 2720 pudore
2285 2650 2555 2706 deterriti.

674 2768 764 2834 qv.
806 2766 895 2836 To
931 2765 1117 2837 ΔΥΤῼ
1155 2764 1289 2837 (ιο).

2490 2763 2575 2819 Vl.
2610 2764 2821 2820 EIDEM

199 2883 333 2938 Vita
358 2896 484 2937 cum
509 2878 719 2934 Basilio
738 2878 798 2933 in
819 2877 1107 2933 solitudine
1136 2886 1366 2948 peracta
1392 2875 1578 2947 cupide
1606 2890 1825 2941 memor,
1853 2872 2006 2997 {aqua
2034 2874 2164 2929 vivis
2202 2873 2437 2946 depingit
2481 2877 2770 2942 coloribus,
2793 2876 2935 2932 hanc
2976 2878 3168 2933 iterum
3220 2878 3470 2949 consequi

1692 2960 1849 2997 veroo
1876 2960 1909 2997 a
1940 2984 1955 2997 .

1691 2960 1955 3015 peroptat.

259 3062 332 3115 ’Δ
360 3060 463 3132 μὲν
489 3058 752 3129 πρότερον
789 3054 1181 3125 ὲπεστέλλομεν
1213 3054 1343 3126 περὶ
1368 3054 1468 3125 τῆς
1501 3053 1771 3121 Ποντικῆς

1946 3052 2078 3117 Quae
2098 3052 2166 3107 de
2192 3050 2420 3108 Pontica
2455 3055 2892 3111 commoratione
2943 3056 3100 3128 prius
3131 3057 3470 3121 scribebam,

184 3150 494 3223 διατριϐῆς,
538 3146 837 3213 παιζόντων
880 3140 969 3216 ἦν,
1014 3145 1076 3198 οὐ
1127 3144 1531 3208 σπουδαζόντων
1551 3162 1564 3175 ·
1621 3143 1657 3198 ἃ.
1710 3143 1768 3197 δὲ

1924 3160 2027 3210 νοο,
2045 3161 2154 3199 non
2180 3145 2326 3201 serio
2346 3148 2692 3214 scribebam;
2722 3164 2845 3217 qua:
2865 3157 3047 3203 autem
3073 3164 3219 3203 nunc
3244 3151 3428 3204 scribo
3446 3191 3463 3214 ,

186 3243 285 3294 νῦν
331 3241 533 3311 γράφω
556 3277 573 3299 .
628 3237 723 3291 καὶ
772 3235 890 3288 λίαν
945 3232 1375 3298 σπουδαζόντων.
1431 3234 1527 3300 Τίς
1567 3232 1645 3287 ἄν
1692 3249 1771 3301 με

1924 3233 2164 3288 lmodum
2184 3236 2329 3290 serio
2345 3237 2544 3292 scribo.
2567 3238 2700 3303 Qui:
2719 3255 2798 3292 me
2818 3239 3102 3294 secundum
3130 3240 3471 3301 pristinorum

186 3332 318 3398 θείη
372 3330 486 3400 (Η)
542 3326 692 3381 κατὰ
743 3324 911 3396 μῆνα
971 3323 1209 3394 ἡμερῶν
1265 3325 1384 3379 τῶν
1430 3325 1771 3395 ἔμπροσθεν

1924 3326 2084 3380 lorum
2117 3327 2323 3382 dierum
2346 3338 2546 3383 statum
2574 3330 2852 3384 constituet
2879 3331 2919 3396 ⁸,
2947 3331 3002 3385 in
3037 3331 3238 3401 quibus
3279 3347 3378 3402 ego
3392 3341 3473 3386 tc-

184 3422 461 3485 ἆκείνων,
492 3420 549 3472 ὲν
586 3412 675 3483 αἶς
716 3416 1122 3487 συνενετρύφων
1161 3433 1244 3469 σοι
1278 3416 1358 3486 τῷ
1396 3404 1768 3480 κακοπαθεῖνς

1928 3433 1997 3470 nn
2014 3417 2361 3475 aﬂlictionem
2379 3435 2478 3490 pro
2494 3420 2706 3476 deliciis
2729 3421 3470 3493 habebam‘lquandoquidem

188 3510 381 3581 ἐπειδὴ
426 3509 489 3563 τὸ
531 3508 777 3562 ἑκούσιον
824 3506 1070 3579 λυπηρὸν
1113 3505 1207 3560 τοῦ
1252 3507 1507 3561 ἀκουσίου
1537 3504 1770 3577 τερπνοῦ

1924 3507 2123 3560 νοιεειία
2136 3516 2329 3577 sponte
2350 3516 2604 3580 suscepta
2621 3510 2882 3578 voluptati
2907 3510 3132 3565 minime
3154 3511 3472 3566 voluntariae

185 3596 541 3672 τιμιώτερον.
590 3596 685 3660 Τίς
727 3594 890 3648 δώσει
934 3595 1033 3658 τὰς
1072 3593 1390 3666 ψαλμῳδίας
1426 3595 1641 3659 ὲκείνας
1678 3596 1771 3648 καὶ

1924 3597 2256 3664 I‘zestat.Quis
2274 3601 2607 3669 psalmodias
2624 3601 2742 3655 illas
2759 3601 3212 3673 etvigiliasdabit,
3231 3611 3391 3673 atque
3401 3605 3469 3658 ad

186 3690 289 3755 τὰς
323 3687 653 3758 ἀγρυπνίας,
688 3687 781 3740 καὶ
827 3686 927 3749 τὰς
965 3685 1035 3738 δι’
1067 3685 1234 3756 εὐχῆς
1261 3686 1396 3757 πρὸς
1440 3686 1572 3740 Θεὸν
1610 3686 1772 3757 ἐκδη-

191 3783 350 3853 μίας,
382 3781 479 3834 καὶ
504 3779 602 3849 τὴν
633 3778 797 3831 οἱονεὶ
828 3778 987 3832 ἄῦλον
1016 3778 1164 3849 ζωὴν
1202 3779 1296 3831 καὶ
1322 3777 1645 3848 ἁσώματον;
1678 3777 1774 3842 Τίς

189 3869 441 3940 ἀδελφῶν
467 3870 739 3941 συμφυΐαν
761 3870 855 3922 καὶ
879 3869 1208 3941 συμψυχίαν,
1232 3868 1339 3921 τῶν
1370 3869 1474 3921 ὑπὸ
1497 3867 1590 3921 σοῦ
1626 3867 1777 3922 θεου-

194 3960 376 4031 μένων
429 3958 526 4012 καὶ
569 3957 916 4028 ὑψουμένωνς
984 3957 1083 4021 Τίς
1146 3956 1378 4029 ἅμιλλαν
1428 3957 1631 4029 ἀρετῆς
1683 3958 1778 4011 καὶ

191 4047 525 4121 παράθηξιν,
562 4048 629 4117 ἢν
665 4047 811 4117 ὅροις
840 4048 1105 4120 γραπτοῖς
1147 4047 1241 4099 καὶ
1287 4046 1509 4100 κανόσιν
1542 4046 1777 4117 ἠσφαλι-

192 4139 440 4211 σάμεῦας
486 4138 583 4201 Τίς
623 4138 782 4192 θείων
826 4137 1025 4206 λογίων
1070 4138 1409 4208 φιλοπονίαν,
1464 4139 1559 4192 καὶ
1598 4139 1660 4192 τὸ
1720 4139 1778 4192 ὲν

189 4232 378 4292 αὐτοῖς
422 4228 537 4297 φῶς
574 4228 979 4302 εὑρισκόμενον,
1007 4229 1105 4283 σὺν
1152 4229 1346 4301 ὀδηγίᾳ
1375 4229 1473 4282 τοῦ
1525 4230 1779 4301 Πνεύμα-

189 4334 320 4382 τοςς
352 4319 449 4381 Ἦ,
474 4318 563 4372 ἶνα
590 4319 660 4371 τὰ
685 4318 978 4389 μικρότερα
999 4318 1141 4387 λέγω
1166 4319 1259 4372 καὶ
1289 4318 1663 4391 εὐτελέστερα,
1691 4319 1776 4384 τίς

176 4410 508 4481 ἐφημερίας
540 4408 633 4463 καὶ
667 4409 1034 4481 αύτουργίας;
1074 4410 1155 4473 τίς
1194 4410 1455 4481 ξυληγίας
1485 4412 1579 4465 καὶ
1613 4410 1763 4464 λατο-

196 4500 370 4571 μίας;
411 4500 497 4564 τίς
540 4500 597 4553 δὲ
642 4500 861 4569 φυτείας
899 4500 1014 4573 (42)
1059 4500 1152 4556 καὶ
1211 4500 1535 4573 ὀχετηγίας;
1584 4500 1668 4566 τίς
1715 4502 1776 4556 δὲ

194 4593 472 4646 πλάτανον
521 4591 621 4662 τὴν
675 4591 914 4662 χρυσῆν,
965 4591 1059 4646 καὶ
1107 4592 1208 4663 τῆς
1267 4591 1467 4665 Ξέρξου
1522 4592 1777 4664 τιμιωτέ-

265 4748 293 4779 δ
325 4743 434 4802 Job
464 4761 614 4800 xm.
642 4744 696 4799 2.

265 4899 383 4970 (35)
428 4900 1184 4969 Τῶνπεριολισθαινόγτων.
1233 4901 1310 4957 Ita
1341 4901 1469 4974 lleg.
1508 4919 1654 4961 unus
1711 4904 1770 4962 In

194 4971 286 5026 ed.
312 4970 466 5023 deest
484 4968 612 5024 τῶν.

698 5040 949 5115 Αὐγείου
973 5040 1220 5109 κόπρον.
1254 5040 1441 5111 Augiae
1493 5043 1770 5100 stabulum

196 5111 329 5165 ﬁmo
386 5116 646 5166 congesto
702 5112 921 5166 plenum
980 5110 1153 5166 fuisse
1197 5110 1423 5165 tradunt
1473 5123 1665 5166 poetae.
1719 5124 1770 5166 et

196 5122 329 5165 nmo
386 5122 646 5181 congesto
702 5122 921 5182 plenum
980 5122 1153 5167 tuisse
1197 5122 1423 5165 tradunt
1473 5123 1665 5182 poetae,
1719 5124 1774 5170 et

196 5179 373 5249 ipsius
400 5182 834 5250 repurgationem
859 5181 1003 5237 inter
1023 5179 1296 5236 laboriosa
1327 5179 1578 5238 Herculis
1604 5199 1771 5256 Opera

624 5320 943 5392 recudsaor_
985 5318 1223 5392 ἅμαξαν
1285 5319 1585 5392 (iamper.
1634 5320 1770 5392 Reg.

198 5386 345 5461 unus
365 5386 430 5442 ret
454 5386 606 5461 Pass.
632 5386 738 5458 ’τὴν
764 5386 1043 5461 γεωφόρον
1068 5388 1283 5461 ἅμαξαν
1306 5386 1576 5461 εζλκομεν,
1604 5386 1771 5461 terra:

199 5459 395 5538 carens
409 5455 714 5537 plaustrum
752 5455 1098 5538 traheremus.
1110 5455 1122 5461 ’
1149 5458 1290 5538 [ρξ’
1304 5455 1563 5538 εἵλκομενΔ
1588 5459 1775 5538 dccrat

198 5528 256 5581 in
287 5527 454 5582 editis
488 5527 731 5597 :Aipsam,
760 5527 815 5581 in
844 5528 1140 5583 versiohea
1169 5527 1329 5583 Billio
1356 5527 1679 5597 suppletam,
1718 5531 1772 5584 in

200 5606 352 5652 textu
372 5595 747 5666 supplevimus
776 5613 806 5653 e
829 5597 1044 5666 duobus
1076 5597 1237 5652 codd.
1274 5595 1612 5652 memoratis.
1641 5600 1771 5657 Mox

200 5682 300 5737 pro
322 5665 422 5719 καὶ
444 5664 756 5737 ’όλαμυρὸς
793 5664 878 5733 σύ,
907 5665 1041 5738 Reg.
1088 5683 1230 5725 unus
1259 5666 1421 5723 habet
1451 5666 1546 5721 καὶ
1584 5668 1612 5722 ὁ
1634 5667 1774 5738 λαμ-

1880 3687 2049 3743 Deum
2081 3704 2179 3759 per
2208 3690 2515 3746 orationem
2544 3692 3044 3761 peregrinationes,
3082 3693 3339 3764 illamque
3368 3695 3472 3747 vcl-

1879 3786 1939 3832 nt
1979 3781 2205 3835 materia
2260 3790 2546 3837 vacantem
2586 3792 2641 3838 ct
2676 3784 3055 3855 incorporeum
3090 3784 3300 3839 vitam?
3337 3785 3472 3850 Quis

1883 3869 2116 3925 fratrum
2145 3887 2359 3941 eorum,
2393 3876 2487 3944 qui
2522 3875 2598 3929 dii
2632 3891 2663 3929 a
2692 3883 2745 3932 te
2773 3876 3168 3940 elliciebantur,
3209 3886 3374 3944 atque
3415 3878 3470 3932 in

1879 3962 2052 4015 altum
2082 3962 2474 4031 evehebantur,
2511 3968 2866 4023 concordiam
2899 3967 3322 4036 animorumque
3344 3984 3472 4021 con-

1875 4050 2270 4122 iunctionem?
2322 4056 2461 4121 Quis
2505 4057 2726 4112 virtutis
2786 4065 3064 4111 certamen
3093 4094 3109 4119 ,
3146 4063 3202 4110 et
3246 4056 3314 4111 ad
3347 4072 3466 4111 eam

1883 4143 2280 4210 incitationem,
2333 4161 2495 4215 quam
2529 4146 2753 4216 scriptis
2794 4147 3007 4218 legibus
3035 4162 3100 4202 ac
3129 4147 3334 4218 regulis
3363 4148 3465 4203 ob-

1883 4233 2263 4291 ﬁrmavimus?
2301 4237 2436 4303 Quis
2467 4237 2779 4293 divinorum
2815 4238 3167 4293 craculorum
3190 4239 3462 4301 studium.

1883 4326 2165 4396 lucemque
2198 4327 2253 4382 in
2316 4330 2452 4400 ipsis
2506 4329 2676 4385 ductu
2722 4340 2889 4402 atque
2919 4330 3183 4401 auspiciis
3216 4331 3457 4402 Spiritus

1879 4417 2054 4472 sancti
2087 4418 2405 4475 inventam?
2435 4424 2564 4489 Aut,
2608 4431 2667 4477 ut
2701 4423 2914 4479 minora
2942 4430 2998 4479 et
3032 4423 3233 4478 leviora
3263 4423 3463 4489 dicam,

1881 4506 2006 4577 quis
2031 4507 2261 4566 diurnas
2304 4527 2534 4582 operum
2573 4514 2721 4571 vices
2743 4523 2798 4571 et
2830 4514 3095 4571 labores?
3139 4515 3265 4586 quis
3300 4516 3467 4586 ligno-

1886 4613 2008 4653 rum
2051 4581 2517 4672 comportationes
2547 4613 2602 4661 et
2641 4606 3016 4677 Iapidicinas?
3046 4581 3173 4678 quis
3208 4581 3464 4663 arboi'bm

1878 4907 2126 4979 πρὸς-σύ,
2150 4917 2205 4979 et
2235 4918 2293 4962 tu
2332 4910 2582 4964 illustris.

1911 4976 2065 5100 {(38)
2103 4977 2286 5034 Kal...
2307 4978 2442 5047 ἀήρ.
2475 4980 2566 5034 Sic
2589 4977 2741 5037 Pass.
2762 4986 2818 5034 et
2843 4979 2952 5035 duo
2968 4977 3101 5049 Reg.
3127 4976 3274 5032 Edit.
3300 4977 3462 5052 ἀνήρ,

1932 5064 1978 5100 r.

1950 5117 2062 5187 (59)
2132 5115 2243 5187 τὸν
2287 5116 2749 5184 Ἑλλήσποντον
2793 5115 3107 5187 ζεύξωμεν.
3136 5115 3461 5187 Αιιυάειίθιι

1877 5183 2115 5241 Xerxem
2143 5185 2431 5242 Persarum
2457 5183 2659 5256 regem,
2691 5188 2784 5256 qui
2815 5183 3026 5256 tantum
3061 5186 3318 5241 habuisse
3351 5186 3461 5240 fer-

1881 5266 1972 5308 tur
2022 5256 2252 5326 navium
2312 5255 2772 5326 apparatmn,_ut
2827 5255 3235 5325 Hellespontum
3290 5262 3461 5311 totum

1881 5325 2233 5396 ορατ-ξωῑήιο
2269 5324 2433 5396 ponte
2462 5326 2646 5396 Asiam
2669 5324 2908 5396 Europa:
2936 5326 3213 5396 jungeret.

1952 5394 2064 5463 (40)
2105 5392 2371 5463 ΛιίιιεςΙΧ.
2393 5392 2607 5463 Scripta
2622 5394 2777 5463 circa
2807 5392 2950 5449 idem
2978 5392 3214 5463 tempus.

1952 5399 2043 5459 (40
2105 5399 2253 5448 Alias
2282 5399 2371 5448 Ix.
2393 5399 2607 5463 Scripta
2632 5399 2777 5448 circa
2807 5399 2947 5449 idem
2978 5402 3214 5463 tempus.

1879 5399 2196 5583 “(uirgis
2233 5462 2311 5517 ἄν
2335 5481 2411 5533 με
2432 5465 2583 5533 θείη.
2618 5462 2693 5518 lla
2725 5462 2857 5533 Reg.
2885 5478 3048 5519 unus.
3079 5464 3179 5521 Ed.
3213 5464 3352 5519 male
3374 5463 3459 5524 τίς

1918 5549 1947 5583 ν
1986 5548 2193 5585 μετειη.

1952 5549 2375 5670 (ἕὲἶεᾶῃύτείας.
2431 5602 2564 5676 Heg.
2605 5603 2713 5658 duo
2749 5603 3104 5674 φυτοκομίας.
3158 5601 3460 5673 plantarum

1880 5685 2060 5726 curas.

1879 5063 1906 5100 υ
