3802 6180
130 211 194 266 51
1513 205 1848 265 EPISTOLA
1892 207 1962 265 Χ.
3340 221 3413 277 33

134 323 534 396 λαμπροτέραν
562 323 820 377 ὑπόθεσιν
836 321 987 389 ;··νῦν
1018 322 1144 387 ἔδει,
1183 325 1364 378 πᾶσαν
1392 324 1495 395 μὲν
1527 326 1621 378 ἐπὶ
1645 327 1713 379 σο)

1879 327 2040 382 iorem
2068 326 2397 382 materiam?
2421 325 2578 382 Nunc
2627 337 2681 385 et
2712 329 2951 400 linguam
2981 347 3198 390 omnem
3237 337 3414 389 musi-

131 416 427 486 κινηθῆναι
462 415 722 484 γλῶσσαν
751 415 1023 487 μουσικήν
1047 431 1107 467 τε
1134 415 1229 469 καὶ
1248 415 1591 487 ἐναρμόνιον,
1621 419 1724 470 πᾶ-

133 523 230 558 σαν
251 507 317 560 δὲ
350 507 557 578 ὑψηλόν
583 525 638 561 τι
676 490 772 560 καὶ
799 505 1119 577 διαπρύσιον
1142 506 1346 576 ήχῆσαι
1386 508 1685 580 ῥητορικήν
1707 525 1721 539 ⁸

129 599 189 650 ού
215 598 402 671 ταύτῃ
443 598 607 668 μόνον
639 599 723 651 δτι
756 597 920 669 χρέος
952 598 1207 651 ἁπάντων
1239 597 1417 668 χρεῶν
1450 597 1726 652 δικαιότα-

129 706 241 752 τον,
284 689 532 759 ἄρχοντα
578 686 750 753 δεξιὸν
808 686 1162 759 ἀνυμνεῖσθαι
1211 689 1325 753 τοῖς
1361 686 1543 757 λόγοις
1563 704 1580 722 ο
1608 690 1724 744 ἀλλ’

131 781 210 832 ὅτι
237 782 342 834 καὶ
366 781 462 834 τὸν
492 783 551 834 ἐν
578 780 912 851 ἀμφοτέροις
938 780 1108 852 ἀκρον
1134 780 1468 852 ἀμφοτέροις
1498 786 1727 853 κοσμεῖν

132 872 490 925 οὸιειότατον.
532 872 645 925 Καὶ
680 872 730 924 εἰ
756 870 833 942 μὴ
871 870 979 942 πρὸ
1005 872 1196 942 καιροῦ
1221 875 1347 935 τοὺς
1367 871 1561 941 λόγους
1605 874 1728 927 ἀνέ-

132 980 325 1017 καυσα
348 963 468 1030 (νῦν
493 964 604 1035 γάρ
637 964 704 1035 δὴ
744 964 903 1018 τοῦτο
938 962 1311 1035 αἰσθάνομαι),
1348 964 1445 1018 καὶ
1473 963 1728 1019 ἐϐουλευ-

135 1056 344 1126 σάμην,
372 1055 478 1126 ἔφη
506 1072 613 1121 τις,
643 1055 939 1127 ταχύτερα,
963 1056 998 1128 ἢ
1033 1054 1337 1127 σοφώτερα,
1367 1054 1430 1108 τὸ
1452 1055 1527 1126 μὴ
1553 1072 1728 1127 πανη-

134 1147 404 1219 γυρίζειν,
438 1147 574 1218 μηδὲ
620 1149 813 1219 φοιτᾷν
855 1139 940 1212 είς
971 1147 1171 1218 μέσους
1216 1147 1606 1219 φιλοσοφήσας,
1650 1147 1728 1212 ὡς

133 1239 279 1309 τάχα
310 1238 379 1292 ἄν
411 1238 511 1290 xci.
541 1236 642 1300 τὰς
676 1238 1026 1311 Τυρρηνικὰς
1056 1238 1455 1309 ὑπερεφώνησα
1494 1238 1727 1308 σάλπιγ-

135 1345 241 1395 γας
288 1328 400 1399 (65)
439 1329 573 1401 (ἐρῶ
627 1328 758 1401 γὰρ,
801 1329 966 1400 μηδὲν
998 1328 1091 1383 τὸν
1144 1330 1351 1401 τραχὺν
1388 1329 1482 1383 τοῦ
1513 1328 1726 1401 Μώμου

136 1418 286 1472 λίθον
344 1419 688 1488 εὐλαϐηθεὶς,
731 1420 877 1475 κατά
931 1420 1193 1492 Πίνδαρον
1220 1418 1384 1491 [66]),
1419 1423 1468 1473 εί
1508 1420 1582 1491 μὴ
1624 1421 1727 1490 τῆς

142 1511 353 1580 σιωπῆς
390 1510 605 1581 ἀωρίαν
649 1509 1111 1581 κατεψηφισάμην
1140 1508 1271 1580 (67).
1309 1509 1447 1561 Νυνὶ
1472 1508 1528 1562 δὲ
1565 1508 1593 1562 ὃ
1623 1508 1725 1562 πέ-

1827 432 1951 472 cant
1995 423 2047 473 et
2086 418 2423 473 ntodulatam
2457 426 2551 472 tua
2588 434 2755 475 causa
2807 423 3038 485 moveri,
3090 431 3145 477 et
3186 438 3409 478 onmem

1826 508 2045 564 dicendi
2091 507 2407 566 facultatem
2442 511 2612 565 altum
2643 511 2902 582 quiddam
2958 524 3013 568 ct
3052 515 3264 570 clarum
3305 518 3414 572 tin—

1829 597 1947 653 nire
1987 599 2276 667 Oportebat
2320 613 2478 653 :non
2526 598 2630 655 hoc
2684 607 2901 655 tantum
2953 604 3208 670 nomine,
3264 605 3414 675 quod

1826 688 2072 745 debitum
2103 688 2350 743 omnium
2382 689 2693 744 debitorum
2719 691 3091 761 justissimutn
3136 706 3243 761 est,
3276 712 3414 766 prae-

1828 776 2001 831 sidem
2034 777 2288 834 dextrum
2320 791 2485 851 atque
2513 781 2862 836 commodum
2886 785 3135 840 oratione
3157 787 3412 841 concele—

1827 868 2024 937 hrare;
2075 871 2169 926 sed
2218 876 2321 927 hoc
2368 874 2551 940 etiam,
2597 875 2744 944 quod
2788 891 2934 941 eum,
2992 878 3085 947 qui
3137 893 3410 932 summam

1827 961 2115 1031 utriusque
2143 962 2431 1017 scientiam
2461 966 2564 1034 ιο
2594 966 2828 1030 obtinet,
2864 975 3101 1036 utroque
3135 983 3414 1023 exornare

1828 1053 2064 1109 maxime
2108 1056 2385 1108 convenit.
2439 1055 2505 1108 Et
2556 1057 2658 1110 nisi
2695 1066 3024 1127 praemature
3069 1057 3253 1113 studio
3296 1059 3415 1114 elo-

1827 1145 2063 1214 quentiae
2097 1143 2259 1199 littctn
2303 1145 2689 1215 imposuissent
2749 1149 2919 1219 (nunc
2964 1150 3109 1203 enim
3145 1150 3249 1203 hoc
3289 1165 3418 1204 sen—

1827 1236 1950 1306 tio.)
1981 1243 2165 1306 atque,
2198 1244 2257 1289 ut
2277 1237 2563 1305 cujusdam
2598 1238 2780 1293 verbis
2815 1247 2962 1301 utar,
2989 1238 3228 1295 celerius
3247 1255 3415 1308 quant

1827 1328 2134 1398 sapientius
2165 1328 2455 1383 consilium
2485 1331 2780 1400 cepissem,
2814 1331 2917 1385 hoc
2952 1330 3166 1386 scilicet
3197 1347 3417 1387 summo

1827 1419 2012 1474 studio
2035 1429 2279 1480 secutus,
2318 1428 2377 1474 ut
2409 1436 2476 1475 ne
2502 1420 2922 1477 declamatorem
2954 1438 3199 1494 agerem.
3228 1438 3332 1477 nec
3358 1423 3414 1477 in

1825 1508 2037 1565 medios
2086 1509 2371 1563 hominum
2420 1519 2603 1566 cretus
2648 1527 2735 1566 me
2779 1512 3123 1580 conferrem;
3169 1514 3411 1569 fortasse

141 1602 313 1655 πονθα
352 1605 445 1655 ἐπὶ
477 1606 587 1664 σοὶ,
638 1603 819 1657 ὁποῖόν
866 1619 920 1654 τι
961 1601 1162 1673 τούμὸν
1214 1602 1423 1673 χρῆμα,
1467 1601 1608 1671 τάχα
1659 1601 1713 1655 an

1879 1598 2196 1670 yrrhenicas
2237 1618 2458 1672 quoque
2500 1603 2662 1657 tubas
2692 1609 2857 1656 cantu
2897 1618 3248 1673 superassem
3321 1604 3422 1674 (di-

143 1695 326 1764 γνοίης
348 1695 446 1748 ἀπ’
474 1694 685 1758 είκόνος
706 1695 868 1757 τινός.
903 1693 1106 1747 Κόπτω
1134 1692 1234 1764 μὲν
1250 1691 1361 1746 οἷον
1395 1692 1504 1763 (68)
1535 1692 1713 1746 τοῦδα-

1879 1706 1950 1745 tm
1998 1693 2168 1757 enim,
2201 1708 2456 1764 asperum
2504 1693 2670 1747 Momi
2705 1694 2964 1764 lapidem,
3015 1703 3076 1749 ut
3125 1710 3251 1750 eum
3288 1693 3419 1748 Pin-

148 1801 244 1853 φος
284 1789 389 1849 τοῖς
433 1786 596 1848 ποσὶ,
634 1785 776 1839 κατὰ
807 1786 932 1849 τοὺς
973 1784 1342 1856 θερμοτάτους
1382 1784 1491 1837 τῶν
1521 1784 1713 1848 ἵππωντ

1879 1798 1967 1838 aro
2021 1783 2238 1853 loquar,
2292 1785 2428 1838 nihil
2481 1786 2751 1855 veritus),
2795 1786 2903 1841 nisi
2967 1785 3416 1854 intempestivum

147 1872 240 1925 καὶ
266 1872 482 1926 διεσθίω
509 1872 578 1925 τὰ
618 1872 836 1942 χαλινὰ,
873 1873 966 1926 καὶ
996 1873 1059 1925 τὸ
1087 1868 1180 1936 οὖς
1217 1872 1552 1942 διανίστημι,
1581 1871 1713 1925 πνέιι

1879 1891 2049 1945 :tnpus
2086 1877 2304 1932 silentio
2335 1878 2716 1933 mulctassem.
2754 1875 2910 1931 Nune
2938 1876 3087 1948 quod
3117 1887 3211 1931 tua
3250 1892 3418 1932 causa

142 1978 203 2015 τε
239 1962 406 2033 θυμὸν
452 1966 519 2017 ὲκ
549 1965 866 2035 μυκτήρων,
902 1965 997 2017 καὶ
1027 1963 1211 2035 βλέπω
1238 1965 1404 2038 δριμὺ
1434 1967 1529 2018 κα)⁵
1567 1966 1713 2037 ἀφριῖ

1879 1968 1966 2022 libi
1990 1970 2213 2033 accidit,
2246 1978 2300 2024 et
2330 1970 2641 2039 cujusmodi
2680 1972 2753 2026 sit
2783 1988 2873 2027 res
2918 1986 3058 2037 mea,
3095 1987 3192 2042 per
3223 1970 3419 2041 imagi-

146 2052 403 2125 βάλλομαι
431 2054 548 2125 (69)
570 2071 586 2085 ·
622 2055 769 2125 μένω
805 2054 864 2108 δὲ
901 2055 1052 2127 ὅμως
1094 2055 1228 2109 είσω
1276 2056 1550 2126 κιγκλίδος
1588 2058 1724 2127 (70),

143 2147 242 2199 οὐκ
269 2150 512 2216 ἐφιέντος
544 2148 659 2219 (71)
697 2166 787 2219 μοι
817 2147 914 2203 τοῦ
949 2148 1115 2219 νόμον
1140 2149 1232 2203 τὸν
1260 2149 1481 2220 δρόμον.

1828 2073 1952 2113 nem
1983 2060 2278 2129 quamdam
2312 2059 2549 2117 fortasse
2579 2063 2877 2132 intelliges.
2923 2061 3038 2132 Ego
3079 2062 3224 2117 enim
3264 2061 3418 2115 fero-

1826 2149 2179 2205 cissimorutn
2235 2166 2504 2220 equorum
2552 2153 2605 2206 itt
2649 2168 2856 2206 morem
2911 2152 3143 2222 pedibus
3193 2145 3418 2222 quidem

144 2242 314 2295 solum
343 2242 507 2308 ferio,
552 2258 620 2297 ac
652 2242 868 2298 frenum
938 2242 1133 2311 exedo,
1202 2251 1258 2298 et
1301 2258 1465 2299 aures
1526 2243 1706 2313 erigo,
1775 2250 1938 2312 atque
1989 2241 2231 2297 furorem
2283 2259 2313 2299 e
2369 2245 2599 2299 naribus
2647 2246 2818 2315 spiro,
2866 2261 3160 2316 aetemqtte
3208 2246 3416 2300 vultum

145 2333 389 2401 praefero,
420 2347 488 2388 ac
518 2348 715 2403 spuma
742 2348 1108 2404 conspergor:
1143 2333 1506 2388 nihilominus
1535 2340 1722 2387 tamen
1759 2334 1907 2388 intra
1936 2334 2218 2388 cancellos
2283 2349 2498 2397 maneo,
2531 2336 2651 2406 lege
2721 2335 2981 2389 nimirum
3022 2335 3280 2391 currendi
3315 2348 3419 2404 po-

145 2429 389 2479 testatem
425 2426 561 2479 mihi
590 2425 817 2483 minime
846 2426 1103 2483 faciente.

209 2537 275 2590 Ti
298 2532 427 2602 οὗνς
456 2538 648 2609 ἐπειδὴ
685 2538 862 2593 ταῦτα
886 2539 1035 2603 δοκεῖ
1056 2540 1193 2612 (72),
1220 2540 1274 2594 τί
1295 2539 1610 2613 ,δράσομενς
1647 2541 1720 2594 Ἦ

142 2626 455 2680 παντάπασι
488 2627 902 2699 καταϐαλοῦμεν
924 2632 1047 2694 τοὶς
1074 2630 1290 2698 λόγους,
1322 2631 1419 2684 καὶ
1448 2633 1624 2702 σιωπῇ
1652 2629 1721 2683 τὰ

143 2718 210 2771 σά
255 2717 677 2789 θαυμασόμεθα,
722 2720 987 2792 παρέντες
1025 2721 1230 2793 ἑτέροις
1266 2722 1364 2794 τὴν
1404 2722 1718 2794 εὐφημίαν;

141 2811 211 2863 Οὐ
243 2812 346 2883 μὲν
390 2807 507 2865 οὖν.
553 2812 692 2865 Ἀλλ’
718 2812 864 2867 ἄλλοι
911 2815 1010 2885 μὲν
1048 2816 1218 2870 τᾶλλα
1263 2816 1373 2869 τῶν
1413 2817 1522 2871 σῶν
1559 2817 1722 2889 εὐφη-

1898 2530 2037 2596 Quid
2097 2530 2300 2600 igitur?
2355 2530 2615 2600 quoniam
2674 2529 2747 2583 ita
2802 2529 2999 2600 placet,
3058 2532 3187 2601 quid
3247 2534 3420 2593 facie-

1829 2626 1991 2678 utus'!
2034 2624 2116 2675 An
2150 2623 2377 2677 omnino
2425 2636 2708 2676 sermones
2752 2621 3101 2689 abjicietuus,
3150 2626 3417 2689 tacitique

1828 2718 1953 2765 tuas
2017 2714 2252 2766 virtutes
2307 2711 2747 2774 admirabirnur,
2804 2710 2989 2764 laudat
3013 2711 3137 2765 ouis
3190 2729 3416 2772 munere

1828 2802 1953 2859 aliis
1999 2803 2234 2857 relicto?
2268 2801 2491 2856 Minime
2539 2802 2806 2873 profecto.
2864 2799 3065 2856 Verum
3115 2805 3208 2858 alii
3257 2821 3413 2871 sane,

141 2901 409 2970 μούντων,
453 2903 534 2958 ὅτι
569 2903 636 2957 ἂν
666 2883 1200 2978 ἕκαστος-βούληταί
1242 2925 1303 2962 τε
1342 2908 1437 2961 κα¹ι
1475 2883 1713 2980 δύνηται.

1879 2904 1990 2948 -υυι
2029 2894 2298 2963 cujusque
2329 2894 2585 2947 voluntas
2621 2899 2715 2945 aut
2748 2891 2986 2945 facultas
3028 2894 3238 2958 tulerit,
3273 2895 3414 2951 alias

138 2994 368 3056 Πάντως
400 2993 460 3047 δὲ
508 2993 720 3062 πολλοῖς
756 2997 1008 3069 ἀρκέσεις
1048 2997 1227 3067 λόγοις
1275 2999 1370 3053 καὶ
1407 2999 1720 3070 πανηγύρε-

139 3097 243 3146 σιν,
282 3083 383 3136 ὲάν
416 3082 584 3154 μέρος
607 3085 840 3150 ἕκαστος
860 3085 970 3140 τῶν
1004 3086 1111 3142 σῶν
1143 3087 1433 3141 ἀπολαϐὼν
1462 3088 1683 3159 εὐφημῇ
1703 3104 1717 3118 ⁸

136 3173 185 3225 οἱ
217 3172 344 3243 μὲν,
370 3173 472 3243 τὴν
504 3172 771 3244 διοίκησιν
814 3174 924 3228 τῶν
950 3175 1169 3241 κοινῶν,
1202 3175 1295 3230 καὶ
1331 3176 1394 3230 τὺ
1425 3177 1485 3231 ἐν
1515 3177 1723 3242 τούτοις

140 3267 430 3320 εὐσύνετόν
473 3284 532 3319 τε
565 3267 697 3339 ὁμοῦ
739 3269 834 3322 καὶ
860 3267 1177 3338 φιλόπονον-
1217 3267 1325 3339 (τίς
1362 3267 1473 3339 γὰρ
1501 3267 1534 3339 ἢ
1566 3269 1724 3342 εὐρε-

139 3360 235 3429 τὴς
267 3360 385 3431 (75)
420 3358 512 3412 τοῦ
551 3359 764 3423 δέοντος
804 3358 1201 3433 εςοριμώτερος,
1236 3360 1270 3431 ἢ
1317 3359 1625 3413 ἐπιτελέσαι
1660 3360 1723 3413 τὸ

141 3449 365 3520 εὑρεθὲν
397 3449 838 3521 ὲνεργὲστεροςς)
876 3453 926 3504 οἱ
954 3450 1010 3504 δὲ
1041 3450 1142 3521 τῆς
1179 3451 1335 3523 δίκης
1368 3450 1438 3505 τὰ
1461 3452 1720 3514 τάλαντα,

143 3541 230 3591 καὶ
263 3540 345 3603 ὡς
384 3540 491 3592 ὑπὸ
522 3539 759 3611 λαμπρῷ
788 3540 866 3611 τῷ
893 3542 1033 3610 φωτὶ
1054 3540 1349 3612 διακρίνεις
1384 3541 1484 3606 τὰς
1515 3541 1719 3613 ἔριδας,

143 3635 345 3704 ύςξηλὸς
397 3633 619 3703 ὑψηλῶς
666 3634 1038 3704 ἐμπομπεύων
1071 3634 1185 3705 (74)
1218 3637 1285 3705 τῇ
1332 3634 1530 3706 θέμιδι.
1553 3634 1627 3687 Τὸ
1664 3635 1721 3688 δὲ

145 3727 231 3780 σὺν
264 3726 445 3794 ξίφος,
481 3725 709 3797 φοϐερὸν
735 3726 851 3796 μὲν,
886 3726 961 3790 ὡς
996 3725 1198 3796 πλῆξον
1221 3744 1236 3759 ο
1270 3725 1345 3790 ὡς
1367 3726 1425 3780 δὲ
1464 3727 1525 3780 οὐ
1548 3726 1724 3797 πλῆσ-

143 3836 253 3882 σον,
305 3816 586 3886 ἀνάθημα.
640 3818 876 3887 Κρατείς
925 3817 1035 3889 γὰρ
1080 3816 1143 3870 οὐ
1195 3816 1276 3887 τῷ
1309 3817 1422 3891 (75)
1470 3817 1721 3881 κολάζειν

142 3908 580 3980 ἁμαρτάνοντας,
628 3907 765 3961 ἀλλά
805 3908 883 3979 τῷ
923 3907 1247 3972 σπουδάζειν
1280 3908 1430 3972 ὅπως
1470 3909 1591 3963 οὐδὲ
1622 3910 1721 3983 τὴν

143 4001 319 4071 ἀρχὴν
355 4000 796 4071 άμαρτήσονται’
829 3999 926 4053 καὶ
965 3998 1042 4069 τῷ
1080 4001 1289 4063 πάντας
1325 4001 1591 4071 ἡττᾶσθαι
1623 4002 1721 4073 τῆς

144 4092 241 4160 σῆς
269 4090 516 4153 διανοίας
542 4089 723 4152 πλέον,
751 4089 783 4161 ἢ
808 4089 908 4158 τῆς
941 4089 1049 4142 τῶν
1078 4089 1253 4143 ἄλλων
1282 4089 1618 4154 δυναστείας,
1646 4084 1721 4144 ὧν

144 4181 490 4255 ήθρασύτης
530 4184 592 4236 τὸ
636 4183 877 4254 ἔννομον.
920 4182 1105 4236 Ἄλλοι
1151 4182 1581 4253 θαυμαζέτωσαν
1622 4182 1718 4237 τοῦ
1752 4215 1795 4268 D

144 4276 302 4344 λόγου
334 4275 397 4329 τὸ
427 4275 625 4347 κράτος
643 4292 659 4306 ·
690 4276 740 4327 εί
768 4273 826 4328 δὲ
853 4273 1051 4345 βούλει,
1076 4274 1238 4342 λόγου
1270 4274 1378 4327 πᾶν
1412 4269 1573 4337 εἶδος,
1595 4274 1719 4327 ὅσον

143 4385 197 4421 τε
223 4370 308 4429 εἰς
339 4366 523 4438 κρίσιν
559 4367 685 4437 ἣκει
717 4366 827 4420 τῶν
855 4365 1180 4437 λεγομένων,
1222 4366 1315 4419 καὶ
1354 4365 1477 4436 ὅσον
1517 4365 1599 4428 είς
1623 4366 1723 4436 τὴν

211 4541 335 4611 (65)
367 4540 1172 4611 hﬁpnrmdg..._ad.1mrra¢.
1200 4539 1497 4611 Tyrrhenae
1524 4540 1720 4595 dicun-

146 4609 430 4683 turtubae,
461 4611 587 4683 quia
624 4612 771 4683 ipsas
801 4609 1376 4683 Tyrrheniinvenisse
1397 4618 1715 4683 narrantur.

212 4680 331 4747 (66)
368 4679 531 4734 Κατὰ
583 4679 895 4748 Πίήνδαροὶλ.
931 4680 1087 4748 Apud
1124 4680 1439 4743 Pindarum,
1478 4679 1715 4749 Olymp.,

145 4750 234 4804 od.
277 4764 575 4820 vittavcrs.
618 4750 704 4809 73,
739 4750 810 4820 ita
837 4750 1075 4820 legitur;
1108 4749 1197 4820 Μὴ
1224 4748 1433 4820 βαλέτω
1475 4748 1561 4820 με
1585 4748 1717 4820 λίθῳ

144 4820 342 4890 τραχεί
368 4818 580 4903 (ρθόνος,
625 4835 686 4872 ue
726 4818 1007 4901 feriat—me
1055 4818 1712 4901 lapide-aspero‘iupidia.

148 4888 252 4940 Pro
287 4888 498 4955 φθονος,
553 4887 846 4958 Gregorius
893 4887 1100 4958 Μῶμον
1138 4888 1410 4950 adhiburt,
1464 4904 1560 4957 qut
1602 4887 1717 4943 Mo-

149 4906 252 4940 ιιι-υ
287 4906 498 4955 φυονος,
553 4906 846 4958 uregortus
893 4906 994 4942 mw
1041 4906 1100 4941 ον
1138 4906 1410 4950 autttuuu,
1464 4906 1560 4957 qut
1602 4906 1712 4943 ato-

149 4972 276 5014 tntts
298 4973 326 5007 τι
360 4958 533 5027 poetis
561 4958 697 5013 deus
725 4957 965 5028 fingitur.
996 4906 1173 5026 iiujus
1194 4965 1404 5013 natune
1431 4959 1712 5028 preprium

146 5045 268 5098 esse
314 5029 516 5098 ferunt,
548 5028 725 5098 ipsum
757 5026 975 5098 quidem
1013 5029 1147 5083 nihil
1186 5028 1371 5098 operis
1400 5026 1584 5098 edere,
1617 5028 1712 5082 sed

148 5097 380 5150 aliorum
409 5096 638 5151 deorum
665 5096 827 5167 opera
851 5099 1090 5153 curiosis
1114 5097 1292 5151 oculis
1314 5096 1669 5167 contemplari
1696 5113 1712 5164 ;

146 5173 197 5237 et
225 5168 271 5221 si
309 5166 440 5236 quid
470 5174 555 5222 est
575 5166 838 5233 omissum
865 5175 959 5221 aut
988 5182 1272 5237 perperam
1305 5166 1532 5228 factum,
1566 5166 1617 5220 id
1647 5167 1708 5220 li-

150 5235 338 5306 berius
378 5237 810 5302 reprehendere;
866 5235 1011 5292 unde.
1050 5235 1247 5290 nomen
1299 5236 1545 5306 accepit;
1583 5251 1711 5289 nam

151 5305 335 5372 μῶμος
359 5306 549 5361 Graece
571 5306 842 5374 significat
872 5307 1343 5374 reprehensionem.

212 5374 323 5445 (67)
353 5378 421 5429 El
444 5374 533 5445 pi;
555 5373 668 5443 τῆς
692 5373 1165 5442 σιωπῆς-ἀωρίαν
1195 5374 1707 5445 κατεψηφίσαμεν.

151 5441 279 5496 Male
308 5441 475 5499 vertin
510 5441 722 5501 Billius.
773 5445 876 5497 nisi
908 5441 1091 5512 eﬂ‘etus
1139 5460 1281 5498 mea:
1326 5441 1457 5498 uires
1496 5441 1709 5498 silentio

150 5514 499 5568 mulclassem.
538 5513 659 5584 Non
714 5513 1200 5584 ettitnGrcgorius
1246 5515 1357 5580 agit
1414 5513 1482 5567 de
1533 5513 1709 5568 elfctis

150 5584 342 5640 viribus
386 5586 527 5649 suis,
567 5583 664 5639 sed
698 5582 766 5637 de
799 5580 998 5637 Juliani
1024 5580 1312 5653 'Aposlata:
1355 5592 1596 5651 tempore
1634 5585 1700 5637 ad

1826 2986 2090 3040 virtutum
2121 2993 2341 3038 tuarum
2376 2993 2563 3053 partes
2595 2983 2849 3037 laudibus
2878 2984 3114 3038 crehaut
3164 2984 3409 3042 Omnino

1788 3086 1795 3093 ’
1825 3088 2009 3135 autem
2040 3081 2231 3135 multis
2260 3081 2614 3134 sermonibus
2645 3086 2810 3146 atque
2840 3079 3205 3134 concionibus
3246 3078 3414 3136 sull‘e-

1824 3174 1990 3239 ceris,
2018 3173 2063 3229 si
2100 3175 2338 3242 quisque
2365 3181 2576 3241 partem
2611 3178 2828 3224 tuaru.n
2863 3170 3084 3225 laudum
3122 3172 3415 3227 celebran-

1823 3264 1948 3318 dam
1997 3270 2285 3319 assumat:
2335 3263 2425 3317 alii
2475 3263 2736 3317 nimirum
2782 3262 3128 3333 puhlicoruut
3161 3264 3412 3334 negotio-

1824 3371 1947 3409 rutu
1988 3354 2541 3418 administrationem,
2575 3361 2742 3424 atque
2792 3355 2846 3408 itt
2881 3354 2971 3410 his
3027 3354 3230 3425 ingenii
3275 3370 3413 3411 acu-

1824 3463 1946 3501 men
1993 3447 2243 3501 simulet
2293 3446 2651 3512 industriam;
2685 3448 2833 3517 (quis
2873 3446 3016 3501 enim
3047 3455 3155 3511 est,
3181 3449 3273 3517 qui
3314 3454 3413 3502 aut

1823 3538 1901 3601 id,
1935 3537 2079 3608 quod
2125 3538 2177 3591 in
2212 3553 2325 3592 rem
2362 3538 2605 3590 futurum
2641 3539 2733 3599 sit,
2778 3538 3123 3607 ingeniosius
3181 3549 3236 3592 et
3268 3555 3408 3595 acu-

1826 3631 1937 3684 tius
1963 3631 2227 3695 inveniat,
2255 3640 2367 3697 aut,
2397 3629 2542 3700 quod
2577 3630 2855 3684 inventum
2903 3639 3008 3697 est,
3043 3632 3249 3700 tnaj‘nre
3277 3634 3410 3689 diii-

1823 3722 2006 3793 gentia
2036 3730 2091 3777 et
2114 3722 2383 3776 industria
2427 3722 2832 3793 exsequatur?)
2885 3722 2976 3777 alii
3010 3722 3247 3792 justitiae
3289 3724 3408 3779 lan-

1821 3828 1936 3879 ces,
1973 3823 2028 3871 et
2057 3830 2168 3885 quo
2207 3822 2369 3885 pacto
2411 3815 2561 3869 velut
2602 3815 2707 3869 sub
2741 3815 2889 3868 clara
2924 3814 3045 3869 luce
3084 3822 3409 3871 controver-

1821 3906 1935 3962 sias
1972 3906 2272 3976 disceptas.
2306 3906 2584 3969 sublimis,
2632 3906 2853 3960 sublimi
2897 3922 3093 3976 pompa
3130 3906 3408 3976 justitiam

1821 4004 2128 4051 ostentans.
2182 3994 2334 4051 Tuus
2386 4005 2566 4050 autem
2625 3995 2841 4065 gladius
2882 4004 3143 4051 terrorem
3184 3997 3409 4065 quidem

1820 4086 1998 4150 ali'ert,
2035 4094 2297 4155 tauquam
2335 4101 2747 4156 percussurus:
2787 4096 3048 4155 tanquam
3077 4093 3259 4141 autem
3292 4103 3407 4143 non

1824 4178 2159 4247 percutiens,
2211 4178 2453 4231 votivum
2490 4176 2694 4230 donum
2732 4185 2838 4231 est.
2877 4175 3214 4232 Potestatem
3254 4179 3405 4233 enim

1824 4270 2017 4333 habes,
2064 4285 2174 4324 non
2209 4277 2269 4324 ttt
2307 4270 2363 4323 in
2403 4278 2696 4339 peccantes
2737 4269 3166 4335 animadvertas,
3215 4271 3308 4325 sed
3348 4270 3400 4325 id

1823 4361 1968 4418 serio
1994 4376 2163 4431 agens
2183 4377 2252 4417 tte
2285 4361 2511 4416 omnino
2541 4369 2804 4430 peccent;
2827 4367 2882 4416 et
2908 4360 3038 4431 quia
3068 4376 3265 4419 omnes
3294 4369 3406 4417 tua

1822 4539 2155 4596 loauendum
2194 4540 2375 4596 minus
2410 4540 2608 4594 idoneo

1915 4610 2005 4680 b8)
2031 4611 2241 4664 Κόπτω
2276 4611 2395 4679 μὲν
2437 4606 2585 4665 οἷον.
2620 4614 2699 4664 lla
2737 4609 2871 4679 Reg.
2909 4627 3075 4675 unus,
3116 4620 3172 4666 et
3207 4609 3296 4665 ed.
3328 4609 3399 4666 ad

1915 4696 1985 4720 ra,
2026 4679 2162 4720 Μειιρ
2196 4681 2247 4720 in
2283 4689 2429 4720 tmrtn
2458 4681 2675 4720 νᾶπθωυ
2711 4682 2807 4720 "Eu
2831 4677 2927 4720 m‘Iu
2954 4675 3064 4720 ηῒηυ

1818 4679 1992 4748 marg.
2026 4679 2162 4734 Male
2196 4681 2247 4759 i~n
2283 4689 2429 4734 textu
2458 4681 2675 4734 κόπτων
2710 4682 2807 4761 μέν
2831 4679 2927 4734 οὖν
2954 4679 3084 4736 οἷον.

1891 4749 2000 4821 (69)
2054 4748 2605 4821 Ἁφρῳβάλλομᾳι.
2649 4750 2859 4813 iiilltus,
2904 4767 3090 4819 spuma
3132 4750 3397 4821 impellor.

1890 4819 2002 4891 (70)
2043 4819 2405 4891 Κιγκλίδοςη
2427 4819 2503 4891 ita
2538 4820 2702 4891 Regg.
2744 4823 2874 4883 duo,
2910 4829 2964 4874 et
3000 4823 3088 4876 ed.
3120 4822 3188 4875 ad
3210 4819 3391 4883 marg.

1819 4888 1958 4943 Male
1982 4888 2042 4943 in
2070 4895 2226 4959 textu
2258 4888 2554 4959 κιγηλίδος.

1886 4959 1999 5027 (71)
2031 4960 2159 5030 οὐκ
2203 4956 2495 5030 ἐφιέντος.
2536 4960 2614 5011 ita
2664 4956 2798 5030 Reg.
2846 4973 3012 5014 unus.
3065 4957 3164 5013 Ed.
3212 4959 3396 5013 minus

1816 5013 1958 5083 bene
1981 5013 2090 5081 ὀὐκ
2122 5013 2394 5096 ἀφιέντος.

2027 5095 2218 5173 Ταῦτα
2238 5095 2713 5173 δοκεῖ.-1ῑ;ὶ-ῌρεε.
2739 5099 2871 5173 duo.
2902 5097 3000 5173 .
3022 5096 3194 5173 ταύτῃ
3221 5096 3390 5173 δοκεῖ.

1848 5172 1863 5183 ‘
1885 5163 1998 5239 (ζῇ)
2028 5169 2106 5239 Ἦ
2126 5163 2391 5239 εὑρετής.
2430 5164 2505 5219 Ita
2539 5163 2705 5239 Regg;
2739 5170 2939 5238 plures.
2965 5168 3020 5221 ltt
3049 5170 3134 5222 ed.
3159 5163 3312 5239 deest
3328 5167 3387 5239 ἡ.

1884 5237 1997 5306 (76)
2044 5235 2493 5306 Ὲμπομπεύων.
2553 5235 2811 5306 Ita—Reg.
2867 5253 3028 5299 unus,
3065 5244 3119 5290 et
3181 5237 3268 5306 ed.
3320 5235 3390 5292 ad

1812 5302 1988 5377 marg.
2023 5302 2184 5377 Male
2217 5302 2273 5358 in
2314 5311 2462 5359 textu
2519 5302 2865 5377 ἐμποπεύῖρνι,
2924 5306 3042 5359 Mox
3090 5307 3150 5359 τὸ
3186 5305 3242 5358 δὲ
3296 5306 3393 5360 σὺν

1813 5373 1984 5443 ξίφος.
2021 5375 2095 5428 Ita
2123 5373 2254 5444 Reg.
2279 5389 2443 5439 unus,
2474 5383 2527 5429 et
2554 5373 2656 5429 'ed.
2686 5378 2752 5430 ad
2789 5393 2960 5447 marg.
2994 5378 3128 5430 Male
3156 5379 3209 5429 itt
3237 5384 3391 5430 textu

1813 5444 1871 5496 τὸ
1902 5444 1958 5498 δέ
1984 5461 2066 5497 σοι
2105 5444 2273 5509 ξίφος.

1809 5460 1871 5496 το
1902 5460 1958 5498 οε
1984 5461 2066 5497 σοι
2105 5460 2273 5506 ςιφος.

1902 5461 1958 5498 οε
1984 5461 2066 5497 σοι
2105 5461 2273 5511 ζιφος.

1882 5513 1993 5582 (75)
2027 5515 2108 5565 Οὐ
2130 5512 2234 5585 τῷ.
2271 5513 2345 5567 Ita
2373 5510 2503 5585 Reg.
2537 5527 2699 5574 unus.
2733 5522 2787 5569 ct
2832 5514 2919 5570 ed.
2948 5514 3016 5571 ad
3050 5530 3219 5585 marg.
3253 5512 3395 5568 Male

1813 5582 1869 5636 in
1897 5588 2048 5638 textu
2085 5582 2250 5652 αὐτῷ.
