3802 6232
382 236 454 292 59
1583 233 1644 288 S.
1686 230 2013 288 GREGORII
2053 230 2406 289 THEOLOGI
3593 241 3666 300 ιο

385 353 570 424 potius
597 351 764 408 menti
804 349 1029 415 cedunt,
1057 366 1222 421 quam
1264 351 1522 415 aliorum,
1562 353 1766 422 quibus
1793 353 1958 407 auda-

2139 351 2158 406 5
2205 351 2386 420 λέγειν
2419 351 2669 422 δύναμιν.
2715 351 2776 405 ὐ
2794 349 2906 422 γάρ
2925 348 3088 414 αὐτὸς
3124 348 3332 421 κρίνειν
3370 367 3432 402 τε
3477 352 3668 417 ἱκανὸς

385 445 470 499 cia
506 460 607 515 pro
637 445 752 514 lege
783 451 893 507 est,
925 445 1249 500 auctoritati
1285 460 1350 499 ac
1382 447 1658 516 potentiae.
1705 447 1810 501 Alii
1843 462 1966 500 rur-

385 551 508 589 sum
540 534 868 590 eruditionis
897 535 997 604 ιι
1025 535 1136 589 vim
1165 535 1540 600 admirentur:
1574 538 1660 592 vel
1691 538 1736 592 si
1769 537 1964 600 mavis,

384 626 710 680 eruditionis
735 642 912 696 genus
941 642 1128 691 omne,
1161 635 1272 681 tam
1315 629 1463 698 quod
1498 630 1565 684 ad
1597 644 1812 693 eorum,
1845 644 1968 699 qua:

384 716 668 779 dicuntur,
721 731 1010 772 censuram
1070 734 1135 774 ac
1194 720 1464 790 judicium
1513 722 1742 786 attinet,
1799 737 1964 790 quam

383 808 526 876 quod
559 808 624 862 ad
663 808 881 863 dicendi
903 806 1258 867 'facultatem.
1291 811 1438 866 idem
1489 812 1634 865 enim
1671 814 1788 882 ipse
1817 811 1969 881 judi-

2068 444 2224 512 λόγον
2257 443 2391 514 (76),
2433 444 2527 496 καὶ
2561 445 2737 497 εἰπεῖν
2793 442 3165 514 δυνατώτερος
3187 460 3204 473 ο
3247 442 3324 506 ὡς
3349 442 3412 495 τὸ
3436 444 3536 514 μὲν
3566 447 3668 500 αὖ-

2068 533 2164 589 τοῦ
2189 535 2303 604 (77)
2334 534 2431 587 καὶ
2479 533 2578 606 τὴν
2626 535 2837 606 χρυσῆν
2880 535 3205 599 εἰκάζεσθαι
3233 533 3438 604 ψῆφον,
3484 536 3518 606 ἢ
3562 539 3668 609 τὴν

2081 625 2383 697 Ὁμηρικὴν
2429 625 2678 698 στάθμην
2731 625 2947 696 ἐκείνην
2989 625 3126 696 (78),
3160 626 3252 697 ὑφ’
3291 620 3324 696 ᾖ
3374 628 3667 700 κρίνεσθαι

2073 717 2360 788 συμϐαίνει
2392 718 2493 789 τὴν
2514 717 2625 770 τῶν
2659 717 2979 788 Εὐμηλεῑων
3005 718 3188 771 ἵππων
3221 720 3472 790 ἰσότηταο
3507 721 3573 773 τὸ
3609 721 3667 774 δὲ

2072 810 2214 880 ὑπὲρ
2249 809 2350 873 τὰς
2378 807 2695 880 χειμερίους
2734 807 2874 863 εἶναι
2919 809 3181 878 νιφάδας·
3219 810 3668 879 άγωνοθετοῦντά

382 899 529 952 cium
573 899 640 954 de
667 900 1016 956 sermonibus
1042 900 1186 955 ferre
1217 910 1391 972 potes,
1426 910 1480 956 et
1509 903 1772 972 majorem
1797 903 1958 958 etiam

2162 900 2365 971 όμοίως
2407 898 2526 964 νῦν,
2561 899 3103 970 καὶ¹άγωνιζόμενον
3151 901 3438 972 πρότερον.
3476 901 3666 954 Ἄλλοι

384 993 438 1044 iu
469 991 705 1046 dicendo
736 993 844 1046 vim
879 993 1098 1048 obtines
1125 1013 1138 1047 :
1175 998 1248 1048 ita
1281 1002 1340 1048 ut
1378 995 1612 1049 alterum
1641 1011 1869 1049 aureum
1900 994 1958 1049 il-

2159 991 2385 1063 στερρὸν
2416 990 2527 1061 (79)
2562 991 2958 1044 ὲπαινείτωσαν
2986 990 3064 1062 τῷ
3094 991 3254 1061 πράῳ
3276 993 3668 1062 συγκεκραμέ-

384 1081 492 1134 lius
519 1082 795 1136 calculum
829 1082 1050 1145 referat,
1078 1093 1172 1137 aut
1208 1082 1550 1138 Homericam
1590 1085 1737 1138 illam
1774 1100 1958 1140 amus-

2139 1103 2180 1151 ν,
2223 1083 2321 1137 καὶ
2344 1082 2416 1136 ’τὸ
2450 1082 2565 1154 (80)
2610 1085 2668 1136 ἐν
2695 1083 2773 1153 τῷ
2807 1082 3056 1154 μειλιχίῳ
3103 1083 3177 1154 μὴ
3233 1085 3664 1154 συμπεπτωκὸς,

384 1171 510 1236 sim,
561 1171 664 1225 sub
712 1187 822 1242 qua
853 1188 1120 1244 equorum
1160 1174 1388 1230 Eumelii
1429 1176 1796 1245 aequalitatem
1832 1190 1958 1230 cen-

2139 1193 2154 1228 t
2175 1176 2242 1230 τὰ
2261 1174 2370 1228 τῶν
2388 1174 2620 1229 λεόντων
2645 1175 3017 1246 σκιρτήματα.
3046 1173 3230 1227 ¹Ἀλλοι
3250 1173 3342 1227 τὸν
3361 1174 3668 1245 εὐρυσθενῆ

381 1262 492 1316 seri
523 1277 586 1316 ac
618 1263 881 1333 perpendi
930 1265 1196 1334 contigit;
1237 1266 1468 1320 alterum
1514 1277 1695 1321 autem
1749 1266 1958 1323 nimbos

2141 1264 2268 1318 υσὸν
2300 1265 2396 1319 καὶ
2442 1266 2729 1336 τιμήεντα,
2777 1265 2916 1336 μετὰ
2955 1265 3064 1318 τῶν
3115 1265 3329 1334 σεμνῶν
3373 1265 3667 1334 ὀνομάτων

384 1352 648 1407 hiemales
683 1362 926 1424 superet.
963 1354 1088 1409 Pari
1120 1357 1266 1410 enim
1301 1375 1426 1411 cum
1459 1358 1641 1422 laude,
1674 1373 1820 1412 nunc
1845 1373 1958 1414 cer-

2143 1355 2464 1426 ιμασθέντα,
2500 1357 2596 1409 καὶ
2631 1355 3016 1428 προτροπάδην
3051 1353 3270 1420 εἴξαντα
3300 1355 3428 1428 δίκῃ
3455 1358 3524 1426 τῇ
3553 1358 3622 1426 σῇ
3649 1373 3664 1386 ·

383 1443 606 1497 tamiuis
638 1446 906 1500 arbitrum
943 1447 1082 1518 agis,
1121 1463 1185 1502 ac
1221 1449 1376 1518 prius
1409 1449 1529 1520 ipse
1557 1451 1830 1506 certabas.
1858 1450 1958 1506 Alii

2139 1450 2306 1519 ιᾶγμα
2336 1446 2497 1517 μόνον
2539 1445 2604 1516 δὴ
2653 1445 2870 1499 πάντων
2913 1445 3008 1498 καὶ
3057 1445 3229 1515 ἀκοῆς
3272 1444 3368 1498 καὶ
3420 1445 3668 1508 πίστεως

381 1530 695 1588 ﬁrmitatem
746 1536 972 1592 lenitate
1018 1546 1379 1610 temperatam
1425 1540 1678 1596 laudibus
1713 1540 1958 1606 eﬂ'erant.

2139 1538 2422 1610 ηλότερον.
2475 1537 2768 1606 Ποιητικδς
2808 1535 2864 1589 δέ
2891 1553 2978 1600 τις
3018 1536 3160 1608 ἀνὴρ
3198 1535 3294 1588 καὶ⁸
3321 1536 3421 1606 τὴν
3464 1537 3669 1607 τέχνην

380 1625 817 1696 suavitatemque
868 1628 1006 1682 nihil
1065 1630 1343 1695 abiectum
1399 1631 1734 1695 habentem,
1779 1633 1958 1700 cujus-

2139 1647 2265 1694 ιετος
2311 1629 2406 1683 καὶ
2456 1629 2778 1698 αὐτόνομος,
2828 1629 2925 1681 καὶ
2966 1628 3128 1699 μέλος
3183 1628 3442 1698 άγροικδν
3491 1645 3669 1698 προσο

380 1715 526 1768 modi
562 1716 772 1771 scilicet
811 1726 944 1773 sunt
980 1720 1201 1775 leonum
1242 1722 1432 1777 saltus.
1468 1722 1578 1776 Alii
1611 1723 1824 1778 viribus
1850 1723 1958 1794 pol-

2139 1722 2241 1774 έτω
2271 1738 2353 1774 σοι
2379 1720 2516 1791 (81),
2534 1719 2789 1792 γηπόνων
2819 1719 2978 1791 χορὸν
3001 1720 3364 1790 στησάμενος,
3395 1719 3490 1772 καὶ
3519 1721 3670 1790 ἀμη-

384 1805 524 1867 lcns,
559 1814 613 1861 et
643 1807 852 1864 honore
885 1811 1176 1880 praeditum
1200 1828 1422 1878 aurum,
1456 1827 1564 1868 una
1599 1828 1725 1867 cum
1757 1809 1969 1884 magni-

383 1895 501 1950 ﬁcis
535 1898 856 1955 nominibus
899 1910 1296 1971 contemptum,
1332 1913 1497 1972 atque
1529 1905 1587 1957 in
1615 1902 1847 1958 eﬂ'usam
1883 1903 1964 1959 luo

379 2001 502 2053 gam
547 2001 576 2039 a
605 1979 822 2056 j’ustitia
872 2000 964 2044 tua
1015 2006 1505 2051 conversumzres
1559 2010 1694 2050 sane
1749 2009 1858 2048 una
1901 2010 1968 2049 ex

377 2077 635 2132 ouinibus
679 2080 964 2137 auditione
1006 2097 1071 2136 ac
1121 2083 1225 2139 fide
1268 2085 1577 2143 sublimior.
1625 2085 1769 2152 Quin
1806 2094 1969 2158 poeta

377 2181 597 2235 quoque
639 2169 910 2238 quispiam
959 2181 1126 2242 atque
1169 2182 1289 2229 arte
1339 2175 1568 2230 liberior
1605 2185 1669 2229 et
1710 2177 1966 2239 solutior,

377 2256 742 2325 agricolarum
787 2259 958 2314 choro
990 2269 1207 2325 coacto,
1241 2264 1508 2318 rusticum
1553 2280 1775 2320 carmen
1817 2267 1968 2320 acci-

379 2354 495 2409 nat,
545 2348 909 2418 demessaquc
951 2361 1166 2404 matura
1196 2353 1372 2422 spica,
1413 2368 1580 2423 quam
1623 2355 1971 2420 iucundissi-

381 2450 524 2488 tttatn
565 2438 828 2491 corollam
880 2423 1104 2504 nectat:
1135 2443 1452 2512 ‘vitibusque
1501 2443 1702 2499 hedera
1751 2453 1804 2499 et
1847 2446 1970 2502 uvis

381 2523 693 2582 interlextis
718 2536 887 2598 caput
919 2530 1128 2600 cingat.
1161 2531 1529 2602 Agricultura:
1559 2534 1818 2590 nimirum
1853 2538 1969 2592 haec

380 2617 574 2669 testiva
615 2632 774 2672 sacra
814 2627 966 2685 sunt,
1005 2629 1100 2675 tuo
1130 2622 1397 2677 beneﬁcio
1437 2640 1659 2680 rursum
1687 2626 1755 2681 ad
1787 2626 1967 2682 homi-

379 2724 478 2763 nes
525 2710 725 2765 allatae.
790 2711 974 2782 Rupes
1020 2713 1187 2768 etiam
1235 2714 1319 2768 lac
1362 2714 1618 2782 fundant,
1679 2725 1734 2772 et
1783 2719 1966 2772 fontes

379 2802 519 2856 mel:
567 2818 631 2858 ac
660 2808 845 2872 planta
891 2806 1093 2871 omnis,
1142 2815 1253 2861 tam
1319 2809 1493 2875 culta,
1536 2825 1703 2878 quam
1777 2812 2036 2882 agrestis,
2075 2812 2299 2867 mitibus
2345 2811 2618 2866 lructibus
2686 2810 2954 2865 redundet

2075 1812 2310 1881 σάμενος
2339 1810 2542 1879 στάχυν
2588 1809 2812 1881 ὡραῖον,
2847 1809 3094 1862 πλεκέτω
3129 1809 3394 1876 στέφανον
3436 1809 3524 1862 ὅτι
3549 1809 3670 1879 ἥδι-

2075 1918 2219 1966 στον,
2251 1901 2518 1972 ἡμερίδας
2538 1917 2598 1953 τε
2627 1900 2757 1971 περὶ
2791 1899 3034 1970 κεφαλῆς
3053 1899 3315 1969 ὲγειρέτω
3343 1899 3456 1969 (82)
3488 1899 3669 1968 κισσῷ

2071 1990 2395 2054 διαπλόκους
2444 1991 2538 2043 καὶ
2578 1988 2820 2061 βότρυσι.
2864 1989 3146 2061 Γεωργίας
3187 1988 3355 2041 ταῦτα
3407 1987 3665 2052 θαλύσια,

2073 2081 2161 2135 διά
2187 2080 2280 2133 σοῦ
2311 2079 2474 2134 πάλιν
2507 2080 2816 2152 ἀνθρώποις
2844 2077 3244 2148 ὲπενεχθούσης
3279 2076 3425 2148 (85)·
3460 2076 3664 2147 πέτραι

2073 2189 2132 2225 τε
2161 2171 2306 2240 γάλα
2353 2172 2612 2235 ναόντων,
2647 2170 2741 2223 καὶ
2778 2169 2902 2241 μέλι
2951 2170 3168 2241 κρῆναι,
3215 2169 3310 2222 καὶ
3355 2167 3521 2238 φυτὸν
3546 2167 3662 2239 (84)

2075 2264 2222 2318 ἆπαν
2253 2264 2480 2334 ἡμέροις
2514 2264 2736 2334 κομάτω
2760 2265 3012 2333 καρποῖς,
3044 2260 3343 2332 σύντροφόν
3371 2277 3430 2313 τε
3457 2260 3665 2330 ὁμοίως

2074 2353 2170 2406 καὶ
2191 2351 2370 2425 ὄρειον
2398 2353 2534 2422 (85)’
2565 2347 2656 2406 οἷα
2682 2352 2750 2406 τά
2781 2353 2890 2405 τῶν
2914 2351 3154 2422 ποιητῶν
3189 2350 3501 2421 πλάσματα,
3534 2351 3665 2404 ὅταν

2074 2443 2198 2499 τινὰ
2228 2444 2421 2498 ποιῶσι
2465 2443 2832 2516 χαριζομένην
2861 2444 2961 2514 τὴν
2986 2447 3113 2516 γῆν.
3142 2442 3332 2497 Ταῦτα
3367 2443 3488 2514 μὲν,
3523 2442 3664 2512 ὅπερ

2073 2537 2232 2607 ἔθην,
2281 2535 2547 2605 λεγόντων
2582 2553 2642 2588 τε
2690 2536 2782 2588 καὶ
2821 2535 3162 2588 πλαττόντων
3209 2534 3408 2604 ἕτεροι.
3450 2533 3524 2584 Τὸ
3551 2531 3662 2602 γάρ

2072 2627 2273 2680 οἰκεῖον
2324 2627 2492 2691 ἄταν,
2534 2627 2596 2680 οὐ
2639 2627 2816 2691 πιέζει
2848 2627 3029 2697 μόνον,
3071 2626 3148 2689 ὼς
3199 2627 3266 2696 τῇ
3325 2624 3467 2696 λύρᾳ.
3490 2623 3662 2684 δοκεῖ,

2071 2717 2209 2772 ἀλλὰ
2233 2719 2329 2772 καὶ
2357 2718 2671 2789 εὐφραίνειν
2701 2717 2938 2788 μάλιστα
2967 2717 3234 2786 πέφυκεν.

3008 2827 3022 2862 :
3074 2805 3386 2877 cujusmodi
3447 2804 3661 2862 scilicet

379 2901 658 2958 poetarum
714 2896 969 2967 ﬁgmenta
1012 2905 1164 2967 sunt,
1218 2915 1344 2954 cum
1389 2907 1596 2956 terram
1643 2903 1986 2974 benignitate
2041 2905 2223 2974 aliqua
2274 2912 2520 2960 utentem
2572 2903 2860 2958 inducunt.
2911 2901 3057 2963 Haec,
3109 2903 3356 2970 inquam,
3414 2907 3475 2953 ut
3523 2897 3659 2952 dixi.

376 2987 466 3040 alii
498 3003 631 3043 sane
661 2989 848 3044 dicant
870 2998 924 3046 et
957 2990 1234 3062 ellingant.
1277 2991 1489 3048 Etenim
1509 3008 1672 3050 omne
1724 2994 1801 3058 id.
1847 2996 1996 3066 quod
2059 3011 2335 3068 quemque
2384 2995 2604 3068 proprie
2655 2994 2880 3066 attingit
2933 3009 3046 3049 non
3094 2993 3273 3048 solum
3336 2989 3557 3062 premit,
3605 2999 3662 3042 ut

376 3077 572 3148 Lyrico
616 3081 849 3148 videtur,
879 3083 974 3138 sed
1003 3084 1171 3139 etiam
1214 3100 1378 3156 quam
1414 3087 1653 3142 maxime
1683 3087 1965 3146 oblectare
2003 3090 2166 3146 solet.

451 3194 562 3264 Ego
603 3202 808 3258 autem,
838 3197 987 3266 quod
1032 3197 1088 3251 in
1133 3199 1242 3252 tuis
1286 3199 1592 3256 virtutibus
1627 3200 1967 3271 singularem
1995 3208 2039 3265 ο

375 3289 431 3342 in
467 3289 688 3342 modum
722 3289 965 3345 admiror
1012 3299 1175 3360 atque
1221 3292 1545 3359 amplector,
1601 3291 1707 3346 hoc
1745 3293 1964 3354 dicam;

377 3381 634 3434 nimirum
667 3383 813 3451 quod
847 3385 1111 3454 tempm-is
1139 3383 1460 3438 diﬂicultate
1495 3399 1561 3437 ac
1589 3383 1840 3440 molestia
1872 3399 1968 3438 su-

377 3473 682 3528 blimiorem
715 3480 770 3528 te
800 3475 1066 3544 praebeas.
1096 3473 1232 3529 Nam
1282 3491 1410 3529 cum
1451 3476 1715 3545 religione.
1744 3475 1965 3544 gentilis

377 3565 477 3628 sis,
525 3579 589 3618 ac
637 3567 893 3636 praesenti
939 3569 1256 3636 imperatori
1295 3582 1360 3622 ea
1401 3583 1523 3637 qua:
1574 3575 1702 3622 sunt
1750 3567 1967 3638 imperii

368 3663 648 3723 praestes:
683 3672 790 3709 non
824 3663 1007 3710 tamen
1054 3658 1126 3710 ita
1165 3658 1268 3727 ipsi
1304 3659 1560 3722 inservis,
1597 3666 1656 3710 ut
1700 3658 1967 3727 temporis

375 3747 716 3810 adulatores,
756 3747 850 3802 sed
899 3756 957 3801 ut
989 3748 1047 3810 ii,
1092 3751 1186 3818 qui
1237 3749 1526 3818 probitatis
1571 3756 1626 3801 rt
1661 3749 1966 3806 honestatis

378 3839 542 3892 amici
580 3849 730 3898 sunt,
760 3839 980 3907 altaque
1007 3848 1062 3892 et
1103 3840 1323 3894 excelsa
1356 3847 1538 3894 mente
1586 3841 1798 3909 praediti
1833 3858 1848 3894 :
1881 3847 1966 3892 at-

375 3943 485 3997 que
519 3928 593 3981 ita
644 3929 990 3983 adulatorum
1041 3930 1241 3983 servile
1288 3930 1614 3999 obsequium
1668 3931 1962 3993 abhorrcs,

379 4019 574 4089 patriae
620 4029 802 4075 autem
839 4020 1279 4073 benevolentiam
1307 4036 1520 4084 servas,
1567 4020 1964 4074 imnmrtalcm-

375 4127 486 4181 que
525 4112 579 4165 in
612 4128 670 4165 re
699 4111 912 4165 mortali
947 4112 1177 4180 gloriam
1223 4114 1602 4182 consequeris.
1648 4111 1793 4178 Quin
1832 4111 1965 4165 illud

371 4203 542 4256 etiam
590 4201 644 4255 iu
695 4209 913 4255 tuarum
950 4201 1171 4255 laudum
1225 4218 1457 4256 numero
1506 4204 1819 4270 ponendum
1857 4208 1963 4266 est,

369 4291 524 4360 quod
585 4291 638 4344 in
689 4298 842 4344 tanta
871 4293 971 4360 12
1005 4292 1219 4361 imperii
1268 4292 1660 4362 amplitudine,
1709 4292 1966 4346 amicitiai

378 4396 598 4451 qquue
646 4381 852 4449 aliquid
911 4384 1230 4436 reverentiae
1283 4384 1524 4449 tribuis;
1578 4397 1642 4436 ac
1687 4383 1782 4436 tibi
1825 4399 1854 4435 a
1887 4391 1966 4437 tot

444 4667 448 4671 ,
475 4616 564 4685 76)
591 4615 825 4685 Kpt'rsn'
845 4633 907 4669 rs
935 4617 1142 4683 ἱκανὸς
1165 4618 1375 4686 λόγον.
1401 4617 1536 4674 Male
1561 4618 1723 4672 vertit
1745 4616 1959 4684 Billius,

373 4689 726 4760 Iudiciunrde
742 4687 1045 4760 ratiouibtts
1071 4687 1404 4760 [erre_poles.

426 4758 563 4843 .(77)
595 4757 663 4811 Τὸ
683 4755 799 4826 μὲν
845 4758 1048 4811 αὐτοῦ.
1073 4755 1154 4811 ita
1200 4756 1366 4829 Regg.
1406 4758 1534 4812 duo.
1587 4757 1643 4812 !n
1682 4758 1774 4813 ed.
1807 4758 1964 4814 deest

379 4846 544 4883 αυτου
553 4867 566 4879 .

451 4898 564 4968 (78)
600 4897 876 4968 Στάθμην
924 4897 1184 4968 ἐκείνην.
1238 4898 1313 4952 ita
1355 4897 1490 4965 Reg.
1551 4913 1710 4968 unus.
1759 4899 1819 4951 in
1869 4898 1958 4968 ed.

378 4967 533 5022 deest
563 4968 798 5037 ἐκείνην.
840 4967 913 5021 De
945 4967 1167 5022 Eumelii
1199 4971 1356 5038 equis
1386 4970 1532 5021 velut
1562 4967 1629 5020 ad
1665 4967 1961 5038 perpendi-

377 5041 570 5160 (allati?i
612 5036 762 5107 tergo
809 5038 1081 5092 similibus
1134 5036 1262 5092 videi
1305 5039 1621 5099 Homerum,
1677 5036 1835 5090 Iliad.
1895 5037 1957 5100 Β,

384 5125 431 5160 v.
574 5148 589 5160 .

384 5125 431 5161 ν.
467 5111 589 5161 765.

454 5177 782 5247 (79)"AJJm
799 5175 865 5229 τὸ
888 5176 1163 5247 στερῤόν.
1177 5175 1258 5247 Ita
1271 5175 1442 5247 Regg.
1467 5177 1671 5247 plures.
1691 5175 1792 5247 Ed.
1819 5176 1962 5247 male

379 5245 526 5298 ἄλλοι
551 5246 608 5298 δὲ
633 5247 694 5298 τὸ
718 5245 1010 5316 αὐστηρόν,
1043 5247 1189 5314 quod
1237 5245 1430 5301 Billiu‘s
1462 5246 1647 5309 vertit,
1686 5246 1787 5299 alii
1834 5245 1960 5299 item

380 5319 725 5368 severitatem.
884 5336 892 5342 -

453 5383 562 5451 (80)
597 5385 706 5436 Καὶ
741 5385 829 5436 τό.
866 5384 941 5455 ita
985 5383 1156 5455 Begg.
1191 5385 1394 5453 plures,
1431 5393 1486 5439 et
1533 5385 1620 5439 ed.
1667 5384 1732 5437 ad
1780 5399 1954 5455 marg.

381 5452 516 5522 Male
547 5454 598 5504 in
631 5461 777 5506 textu
811 5453 906 5506 καὶ
938 5453 1036 5522 τῷ.

451 5521 562 5593 (81)
599 5523 913 5593 immolator
941 5521 1288 5593 xpoaaﬁétw
1302 5539 1419 5575 σοι.
1441 5524 1517 5576 ita
1547 5522 1712 5593 Bcgg.
1748 5523 1955 5590 plures.

506 5587 646 5645 uta‘e
683 5587 912 5660 άγρικὸν
948 5587 1385 5662 προσᾳδέτωσαν,
1417 5595 1510 5648 sed
1559 5587 1954 5664 ad't'itargittcm

2155 3203 2296 3270 Ἐγὼ
2339 3201 2395 3254 δὲ
2425 3201 2455 3254 ὃ
2493 3201 2860 3270 διαφερόντως
2905 3199 3014 3254 τῶν
3057 3198 3164 3252 σῶν
3209 3195 3422 3266 ἄγαμαί
3467 3213 3527 3247 τε
3567 3197 3663 3247 καὶ

2068 3294 2409 3363 ἀσπάζομαι,
2431 3291 2590 3345 τοῦτο
2613 3293 2726 3362 ἐρῶ
2746 3307 2760 3321 ο
2787 3292 2871 3344 ὃτι
2895 3290 2998 3360 τῆς
3024 3288 3119 3342 τοῦ
3147 3287 3339 3357 καιροῦ
3369 3286 3660 3348 δυσκολίας

2068 3387 2358 3458 κρείττονα
2408 3385 2634 3437 σεαυτὸν
2701 3384 2982 3456 παρέχεις.
3027 3382 3227 3452 Ἕλλην
3276 3381 3376 3450 μὲν
3428 3379 3504 3432 ὢν
3559 3380 3662 3449 τὴν

2067 3474 2387 3547 θρησκείαν,
2425 3475 2518 3526 mi.
2565 3471 2643 3543 τῷ
2677 3471 2905 3542 παρόντι
2940 3469 3134 3542 κράτει
3174 3470 3244 3523 τὰ
3282 3469 3376 3523 τοῦ
3423 3471 3663 3541 κράτους

2065 3565 2536 3638 ὑπηρετούμενος⁴
2586 3563 3026 3635 ὑηρετοὺμενος
3059 3562 3116 3615 δὲ
3153 3560 3291 3632 (86),
3324 3563 3421 3631 οὐχ
3465 3562 3568 3616 ὅσα
3608 3568 3661 3619 οι

2062 3657 2157 3712 τοῦ
2191 3657 2386 3729 καιροῦ
2439 3657 2694 3721 κόλακες,
2743 3655 2858 3708 ἀλλ’
2895 3656 2992 3708 ὅσα
3041 3654 3098 3705 οἱ
3138 3652 3234 3706 τοῦ
3286 3651 3452 3706 καλοῦ
3485 3653 3659 3721 φίλοι,

2064 3748 2159 3800 καὶ
2193 3746 2595 3818 μεγαλόφρονες
2619 3761 2632 3775 ⁸
2672 3745 2766 3798 κα).
2812 3744 2920 3799 τῶν
2955 3743 3053 3814 μὲν
3090 3744 3191 3813 τὴν
3223 3742 3520 3814 θεραπείαν
3548 3745 3661 3810 ἀερ-

2062 3835 2382 3906 οσιούμενος
2419 3832 2558 3905 (87),
2589 3833 2772 3906 τηρῶν
2809 3833 2870 3886 δὲ
2913 3835 2980 3902 τῇ
3017 3832 3236 3903 πατρίδι
3279 3833 3377 3901 τὴν
3418 3829 3660 3896 εὔνοιαν,

2063 3929 2160 3981 καὶ
2189 3926 2455 3980 ἀθάνατον
2478 3926 2536 3976 ἐν
2567 3923 2750 3995 θνητῷ
2779 3925 3066 3996 πράγματι
3096 3923 3194 3993 τὴν
3221 3921 3378 3985 δόξαν
3408 3922 3659 3991 καρπού-

2071 4035 2251 4090 μενος.
2273 4017 2512 4070 Κάκεῖνο
2535 4016 2591 4068 δέ
2615 4033 2707 4068 σου
2732 4014 2840 4067 τῶν
2859 4013 3184 4076 ἐπαινετῶν,
3207 4014 3290 4066 ὅτι
3315 4013 3410 4064 καὶ
3433 4012 3585 4082 φιλίᾳ.
3605 4031 3663 4064 τι

2065 4107 2254 4176 νέμεις
2284 4105 2464 4168 αὶίοῧς
2486 4107 2543 4158 ὲν
2561 4103 2799 4173 τοσούτῳ
2815 4103 2914 4172 τῆς
2931 4104 3104 4173 ἀρχῆς
3135 4105 3312 4172 ὄγκῳ·
3335 4104 3429 4154 καὶ
3458 4101 3663 4173 σχολὴν

2071 4197 2224 4265 ἄγεις
2250 4195 2358 4249 ἀπὸ
2380 4194 2649 4247 τοσούτων
2669 4186 2746 4246 ὧν
2787 4193 3070 4263 πράττεις,
3107 4193 3182 4263 μὴ
3223 4189 3535 4262 μεμνῆσθαι
3559 4192 3664 4261 μό-

2072 4304 2182 4348 νον,
2218 4287 2353 4340 ἀλλὰ
2378 4285 2470 4340 καὶ
2497 4285 2660 4354 τιμᾷν
2681 4282 2770 4335 διὰ
2791 4283 3138 4354 γραμμάτων
3166 4283 3293 4345 τοὺς
3322 4281 3529 4349 φίλους.
3561 4284 3662 4335 καὶ

2068 4374 2160 4427 τὸν
2191 4375 2356 4428 πόθον
2401 4374 2704 4444 ὁμολογεῖν,
2749 4374 2843 4426 καὶ
2871 4372 3009 4442 πρὸς
3038 4371 3231 4425 ἑαυτὸν
3280 4373 3461 4426 ἕλκειν
3494 4374 3662 4427 ἀπόν-

2067 4613 2272 4687 ιιεώθιιι
2311 4615 2627 4687 προσαδέτω
2667 4633 2770 4687 σοι.

2137 4685 2267 4760 (Sil
2289 4684 2426 4760 Περὶ
2468 4684 2741 4760 κεφαλῆς
2783 4684 3092 4755 ἐγειρέτω.·
3125 4685 3257 4757 Reg.
3305 4702 3448 4743 unus
3512 4689 3660 4760 ὑπὲρ

2065 4755 2307 4826 κεφαλῆς
2335 4756 2625 4826 ἁγειρέσω,
2666 4773 2835 4826 super,
2855 4767 3010 4824 caput
3035 4755 3326 4826 rattgrégct.

2137 4827 2249 4894 (85)
2295 4825 2792 4894 Ἐπειλεχθούσης.
2823 4825 2864 4878 R
2886 4827 2970 4896 -gii
3007 4825 3192 4895 pfures
3219 4825 3658 4899 ἐπανελθούσης,

2065 4911 2306 4949 reversa'.

2138 4965 2248 5033 (84)
2275 4963 2387 5035 Καὶ
2437 4965 2648 5032 ςρυτὸν.
2702 4965 2778 5017 Ita
2843 4964 3010 5034 chg.
3066 4979 3326 5035 quatuor,
3368 4975 3422 5023 et
3454 4966 3544 5022 ed.
3578 4969 3654 5024 ad

2065 5051 2238 5100 marg.
2275 5033 2499 5104 Maleaiu
2528 5043 2700 5104 testu.
2733 5035 2826 5087 καί
2856 5033 3043 5104 φησιν.

2136 5102 2373 5174 (85)Ka2
2401 5102 2614 5173 ὄρειον.
2651 5103 2722 5155 lta
2749 5102 2928 5174 Ιιοεεζ
2946 5113 3077 5174 tres.
3113 5103 3210 5159 Ed.
3247 5108 3387 5163 male
3409 5107 3463 5161 in
3497 5114 3653 5162 texlu

2060 5173 2300 5247 ὥριμον.
2320 5175 2460 5247 male
2483 5174 2744 5247 etiamad
2789 5190 2963 5247 marg.
2997 5173 3184 5247 ὥριον.

2135 5192 2164 5226 ιι
2241 5193 2290 5229 ν.
2320 5192 2460 5227 male
2483 5192 2646 5227 etiam
2680 5192 2744 5224 au
2789 5192 2963 5240 marg.
2997 5193 3184 5245 ωριον.

2135 5192 2246 5313 (ἐξ)
2288 5241 2362 5296 Τὰ
2404 5243 2511 5316 τοῦ
2543 5242 2810 5316 -κράξους
2856 5244 3337 5316 ὑξτηρετούμενος
3363 5263 3377 5276 ·
3429 5247 3656 5316 ὑπηρε-

2060 5311 2348 5384 τούμενος
2403 5312 2490 5365 δέ.
2543 5312 2617 5365 Ita
2663 5311 2829 5382 Rogg.
2864 5314 3066 5381 plures.
3105 5311 3169 5368 In
3192 5316 3278 5371 ed.
3311 5316 3466 5370 deest
3493 5311 3655 5384 prius

2061 5382 2334 5459 ὑπηρετςρ
2337 5399 2520 5459 μενος.

2135 5451 2407 5523 (87)
2422 5452 2539 5523 μὲν
2565 5451 2681 5518 τὴν
2696 5453 3014 5523 θεραπείαν
3033 5453 3492 5522 ἀφοσιούμενος.
3513 5455 3656 5512 Male

2059 5520 2235 5596 vertit
2258 5520 2468 5583 Billius,
2512 5522 2819 5596 imperatori
2840 5520 3103 5596 auidum;
3123 5520 3452 5596 defunctorie
3498 5526 3637 5579 obse-

2059 5593 2276 5656 aucrt's;
2307 5601 2416 5646 non
2454 5591 2598 5645 enim
2630 5590 2774 5644 istu'd
2806 5592 2921 5645 viro
2961 5592 3107 5647 laudi
3136 5590 3371 5648 cederet.
