3802 6176
151 275 200 336 ι(
1521 270 1859 328 EPISTULA
1899 268 1989 327 XI.
3325 274 3395 331 4‘2

147 414 227 460 τις
253 394 387 467 (88).
435 393 579 447 Ἀνο’
610 385 686 446 ὧν
715 390 1023 462 ἐπεύχομαι
1056 408 1156 457 σοι,
1182 390 1289 444 τῶν
1331 390 1429 460 μὲν
1456 391 1534 453 είς
1566 389 1692 443 εὺδο

1847 388 2098 458 antisquc
2150 387 2336 452 rebus,
2373 403 2512 459 quas
2543 390 2709 460 geris,
2741 388 2846 447 hoc
2877 391 2975 446 otii
3010 401 3283 463 superest,
3331 406 3392 450 ut

148 489 250 555 ξίαν
281 487 395 558 (89)
429 483 612 557 μεῖζον
641 484 793 538 οὐδὲν
823 481 949 554 (κᾶν
994 482 1103 554 γὰρ
1135 481 1456 553 προσθήκην
1485 483 1519 552 ή
1558 481 1702 553 ἁρχὴ

145 580 288 651 λάϐῃ,
316 580 419 649 τήν
442 593 507 645 γε
535 573 735 647 ἀρετὴν
763 574 949 628 λαϐεῖν
979 576 1079 629 οὐκ
1118 573 1367 643 ἔνεστιν),
1403 571 1462 626 ἓν
1498 573 1555 627 δὲ
1581 573 1706 627 ἀντὶ

146 673 343 725 πάντων
367 670 464 723 καὶ
512 668 787 738 μέγιστον,
818 664 1073 735 γενέσθαι
1101 664 1216 734 μεθ’
1248 665 1406 736 ἡμῶν
1449 681 1582 719 ποτε
1609 664 1706 718 καὶ

144 759 283 816 Θεοῦ.
312 759 411 811 καὶ
446 758 544 828 τῆς
594 756 707 810 τῶν
746 753 1095 825 διωκομένων
1138 748 1278 807 εἶναι
1317 752 1556 824 μερίδος,
1612 753 1707 806 καὶ

148 854 211 922 μὴ
238 851 336 920 τῆς
376 849 483 904 τῶν
510 848 818 903 διωκόντων
837 863 851 877 υ
881 844 1069 915 ἐπειδὴ
1095 845 1157 897 τὸ
1188 843 1286 915 μὲν
1325 842 1516 914 καιροῦ
1565 845 1708 916 φορᾷ

146 940 528 1012 παρασύρεται,
560 939 625 992 τὸ
648 937 707 991 δὲ
736 934 1003 1019 ἀθάνατον
1035 934 1148 1007 ἔχει
1174 932 1273 1004 τὴν
1304 932 1599 1004 σωτηρίαν.

1803 495 1914 534 non
1947 479 2110 534 modo
2139 480 2441 534 amicorum
2476 482 2816 548 memineris,
2852 483 2947 539 sed
2974 484 3140 540 etiam
3178 500 3276 542 eos
3298 502 3397 557 per

1801 570 2016 625 litteras
2057 569 2265 626 honore
2306 571 2532 635 aliieias,
2567 586 2919 646 amoremque
2961 589 3026 629 ac
3058 576 3393 634 desiderium

1805 662 2148 728 conﬁtearis,
2195 662 2563 731 absentesque
2601 664 2666 717 ad
2711 675 2763 720 te
2796 666 3103 735 pertrahas.
3137 666 3242 724 Pro
3271 671 3395 740 qui-

1804 752 1909 807 bus
1948 752 2208 806 omnihus
2251 752 2417 809 rebus
2450 754 2553 809 hoc
2591 755 2687 809 tibi
2730 764 2881 827 opto,
2922 773 3031 813 non
3072 766 3133 814 ut
3175 759 3244 814 ad
3268 762 3396 831 .glo-

1806 842 1943 897 riam
1990 843 2244 899 cumulus
2281 843 2481 915 aliquis
2514 845 2738 900 accedat
2785 846 3059 918 (quamvis
3103 850 3250 938 enim
3312 853 3396 907 in-

1804 942 2144 998 crementum
2179 935 2416 1005 accipiat
2455 935 2771 1006 imperium,
2809 947 2989 993 tamen
3035 940 3102 996 ad
3134 935 3392 996 virtutem

146 1036 267 1089 nihil
293 1035 417 1089 addi
447 1030 673 1103 potest),
709 1044 897 1085 verum
928 1043 1030 1099 pro
1058 1028 1315 1083 omnibus
1358 1026 1411 1081 id
1443 1041 1613 1081 unum
1655 1039 1721 1080 ac
1771 1028 2092 1095 maximum,
2150 1036 2211 1084 ut
2250 1028 2317 1084 ad
2361 1038 2580 1084 nostras
2620 1028 2826 1101 Deique
2873 1039 3059 1102 partes
3100 1033 3394 1103 aliquando

145 1139 192 1181 te
223 1128 495 1190 conteras,
543 1134 709 1196 atque
753 1122 823 1177 ab
864 1123 933 1178 iis
963 1131 1097 1186 stes,
1134 1121 1230 1192 qui
1270 1120 1710 1191 persecutionem
1750 1121 2059 1191 patiuntur,
2125 1138 2238 1177 non
2289 1128 2473 1177 autem
2516 1122 2586 1177 ab
2637 1122 2727 1189 iis,
2771 1125 2866 1193 qui
2929 1138 3050 1178 eam
3101 1123 3389 1180 inferunt:

145 1224 569 1297 quandoquidem
602 1222 708 1277 hoc
734 1218 954 1291 quidem
998 1218 1265 1290 temporis
1300 1232 1468 1273 cursu
1500 1216 1852 1285 distrahitur,
1884 1219 2017 1274 illud
2052 1226 2238 1273 autem
2272 1217 2641 1273 immortalem
2670 1220 2903 1273 salutem
2938 1219 3119 1275 habet.

438 1338 539 1393 ur.
581 1336 917 1407 ΓΡΗΓΟΡΙῼ
954 1335 1225 1389 ΝΥΣΣΗΣ
1259 1333 1390 1405 (90).

2169 1332 2261 1388 XI.
2301 1330 2654 1389 GREGORIO
2692 1331 3034 1389 NYSSENO.

211 1452 395 1507 Eodem
417 1453 629 1506 circiter
650 1460 877 1518 tempore
907 1451 1103 1518 scripta
1136 1446 1341 1502 videtur
1368 1447 1595 1515 epistola
1632 1446 1701 1500 ad
1742 1445 2077 1516 Gregorium,
2117 1447 2314 1501 Basilii
2341 1447 2586 1518 fratrem,
2615 1464 2766 1518 quem
2801 1449 2997 1502 acriter
3037 1450 3388 1518 reprehendit,

147 1543 199 1579 eo
224 1524 351 1593 quod
375 1523 596 1591 abjectis
622 1517 791 1576 sacris
834 1520 1007 1593 libris,
1041 1536 1171 1589 quos
1200 1518 1338 1588 plebi
1367 1520 1423 1572 in
1451 1518 1674 1573 ecclesia
1705 1518 1943 1572 lectitare
1977 1518 2201 1585 solebat,
2246 1517 2314 1571 ad
2343 1517 2668 1572 rhetoricam
2710 1517 3099 1588 profitendum,
3132 1537 3235 1573 non
3278 1521 3395 1574 sine

148 1591 333 1664 piorum
367 1594 672 1664 oﬁ’ensione,
712 1607 768 1645 se
800 1591 1128 1645 contulisset.

214 1710 347 1781 Ἐχω
370 1729 424 1764 τι
451 1709 624 1775 δεξιὸν
655 1711 715 1763 ὲν
745 1711 811 1780 τῇ
859 1709 1019 1778 φύσει
1056 1707 1569 1780 (μεγαλαυχήσομαι
1597 1706 1692 1778 γὰρ

1879 1704 2027 1761 Inest
2054 1703 2188 1759 mihi
2221 1712 2419 1759 natura
2463 1703 2719 1759 dextrum
2772 1702 2978 1774 aliquid
3022 1702 3209 1775 (liceat
3245 1702 3393 1756 enim

153 1802 204 1855 ’ἐν
226 1821 271 1855 τι
294 1802 393 1854 τῶν
415 1800 626 1855 πολλῶν
658 1801 754 1855 καὶ
779 1799 983 1871 αὑτός)
1015 1800 1215 1870 ὁμοίως
1242 1798 1464 1872 ἐμαυτῷ
1480 1818 1540 1854 τε
1569 1800 1697 1855 δυσ-

152 1894 356 1963 χεραίνω
379 1892 750 1964 βουλευομένῳ
778 1890 988 1958 κακῶς,
1015 1891 1235 1954 καὶτοῖς
1251 1888 1445 1960 φίλοις.
1480 1891 1698 1963 Ἐπειδὴ

152 1988 305 2039 τοίνυν
330 1986 469 2054 φίλοι
509 1984 712 2050 πάντες
744 1983 991 2054 ἀλλήλων
1033 1985 1127 2037 καὶ
1156 1987 1438 2052 συγγενεῖς
1477 1985 1527 2037 οἱ
1559 1984 1700 2037 κατὰ

151 2076 264 2130 Θεὸν
290 2075 500 2141 ζῶντες,
539 2076 636 2131 καὶ
678 2075 756 2146 τῷ
796 2074 946 2146 αὐτῷ
978 2073 1297 2146 Εὐαγγελίῳ
1338 2074 1697 2146 στοιχοῦντες,

150 2170 195 2222 τί
221 2171 309 2222 οὐκ
344 2168 564 2231 ἀκούεις
611 2168 722 2238 (91)
754 2167 885 2239 παρ’
916 2166 1072 2237 ἡμῶν
1122 2168 1260 2237 μετὰ
1306 2165 1639 2239 παρρησίας.
1665 2169 1700 2223 ἂ

153 2260 323 2323 πάντες
374 2259 886 2331 ὑποψιθυρίζουσινς
944 2259 1058 2311 Οὐκ
1117 2258 1401 2312 ὲπαινοῦσί
1456 2276 1550 2313 σου
1602 2260 1700 2332 τὴν

154 2349 308 2415 ᾰὼξον
354 2351 617 2418 εὐδοξίαν,
673 2348 901 2403 ῖνέίπω
932 2365 985 2401 τι
1030 2348 1186 2418 κάγὼ
1231 2346 1354 2405 καθ’
1382 2349 1526 2422 ὑμᾶς
1563 2350 1697 2422 (92),

154 2441 230 2493 καὶ
253 2441 338 2512 τὴν
364 2441 504 2495 κατὰ
554 2440 749 2513 μικρὸν
783 2439 895 2512 (95)
918 2439 1011 2493 ἐπὶ
1041 2440 1110 2494 τὰ
1145 2438 1313 2512 χείρω
1360 2442 1556 2514 ῥοπὴν,
1605 2443 1700 2496 καὶ

151 2533 232 2601 τὴν
258 2534 512 2607 κακίστην
564 2532 855 2604 δαιμόνων,
889 2533 958 2605 ἦν
1001 2551 1165 2605 φησιν
1211 2533 1512 2607 Εὐριπίδης
1561 2533 1696 2607 (94),

153 2621 450 2693 φιλοτιμίαν.
477 2623 546 2675 Τί
575 2622 683 2693 γὰρ
706 2620 914 2685 παθὼν,
944 2616 988 2675 ὧ
1020 2622 1321 2691 σοφώτατε,
1345 2624 1441 2678 καὶ
1466 2624 1519 2678 τί
1545 2642 1700 2679 σεαυ-

148 2709 224 2766 τὸν
251 2713 563 2781 καταγνοὺς,
598 2711 698 2775 τὰς
734 2712 831 2783 μὲν
868 2711 1018 2783 ἱερὰς
1046 2712 1140 2766 καὶ
1186 2713 1446 2784 ποτίμους
1482 2712 1700 2784 βίϐλους

148 2803 449 2875 ἀπέρριψας,
485 2802 555 2864 ἃς
578 2802 1018 2871 ὑπανεγίνωσκές
1051 2820 1179 2857 ποτε
1203 2803 1282 2874 τῷ
1307 2802 1423 2875 λαῷ
1455 2803 1555 2876 (μὴ
1589 2803 1700 2876 γὰρ

147 2895 412 2966 αἰσχυνθῇς
458 2893 574 2965 (95)
603 2893 860 2964 ἀκούων),
910 2895 943 2966 ἢ
997 2895 1136 2967 ὑπὲρ
1167 2895 1377 2950 καπνοῦ
1423 2896 1694 2964 τέθεικας,

147 2983 209 3047 ὥς
228 2984 293 3036 τὰ
313 2984 548 3055 πηδάλια
573 2984 684 3055 (96)
717 2984 982 3056 χειμῶνος
1005 2984 1125 3057 ὥρᾳ
1147 2987 1240 3040 καὶ¹
1268 2986 1366 3051 τὰς
1388 2988 1694 3053 σκαπάνας,

1804 1795 1938 1850 mihi
1973 1810 2143 1850 unum
2173 1795 2306 1866 quid
2335 1810 2400 1851 ex
2431 1796 2618 1852 multis
2645 1796 2713 1850 de
2750 1810 2837 1849 me
2864 1794 3213 1865 arrogantius
3249 1809 3391 1865 praeo

1802 1887 2013 1956 dicare)
2042 1907 2055 1943 ε
2101 1903 2354 1960 peraeque
2381 1897 2435 1944 et
2462 1888 2591 1943 mihi
2629 1887 2830 1941 malum
2864 1887 3154 1941 consilium
3182 1886 3391 1941 ineunti

1803 1998 2128 2046 succenseo,
2173 1992 2225 2037 et
2255 1983 2473 2037 amicis.
2514 1982 2785 2049 Quoni:-m
2819 1982 3004 2051 itaque
3049 1982 3391 2061 omneskqui

1804 2073 2107 2129 secundum
2156 2073 2324 2128 Deum
2373 2073 2608 2137 vivunt,
2660 2081 2823 2142 atque
2867 2073 3057 2127 eodem
3114 2070 3392 2142 Evangelii

1802 2167 2025 2222 tramite
2058 2166 2345 2231 incedunt,
2380 2165 2622 2221 amicitia
2676 2173 2729 2219 et
2762 2164 3110 2235 cognationis
3137 2164 3263 2231 jure
3307 2165 3393 2219 in-

1804 2266 1889 2313 ter
1931 2273 1992 2314 se
2021 2258 2264 2313 devincti
2307 2265 2460 2322 sunt,
2505 2258 2639 2327 quid
2682 2272 2790 2311 non
2831 2272 2859 2311 a
2895 2257 3057 2312 nobis
3094 2257 3263 2312 libere
3294 2271 3393 2310 au-

1803 2347 1944 2414 dias,
1981 2362 2103 2417 quaa
2149 2360 2344 2404 omnes
2386 2348 2881 2403 submurmurant?
2907 2347 3202 2417 lngloriam
3239 2355 3393 2402 tuam

1802 2437 2055 2509 gloriam,
2104 2444 2165 2493 ut
2216 2444 2270 2493 et
2302 2451 2404 2509 ego
2432 2437 2730 2508 quidquam
2773 2452 2925 2492 more
2961 2445 3142 2492 vestro
3175 2437 3388 2507 loquar,

1804 2528 2032 2585 minime
2062 2528 2310 2594 laudant,
2344 2529 2679 2599 tacitumque
2718 2529 2774 2583 in
2807 2529 3050 2584 deterius
3081 2530 3392 2599 prolapsio-

1802 2633 1953 2687 nem,
2002 2633 2068 2675 ac
2111 2619 2423 2675 daemonum
2472 2621 2788 2690 pessimam,
2835 2626 2895 2674 ut
2944 2620 3022 2674 ait
3078 2620 3389 2690 Euripides,

1800 2710 2179 2767 ambitionem.
2213 2710 2358 2777 Quid
2389 2711 2535 2765 enim
2564 2711 2659 2766 tibi
2707 2711 2933 2775 accidit,
2962 2711 3048 2765 vir
3091 2713 3389 2782 Sapientis-

1802 2802 1978 2869 sime,
2041 2803 2287 2875 quidque
2320 2803 2418 2858 tibi
2459 2804 2512 2857 in
2559 2803 2732 2873 teipso
2768 2803 3069 2875 displicuit,
3108 2813 3167 2859 ut
3214 2807 3390 2861 sacris

1802 2894 1913 2951 illis
1951 2894 2409 2965 suavissimisque
2454 2895 2630 2959 libris,
2675 2912 2816 2966 quos
2860 2895 3137 2967 quondam
3187 2898 3391 2969 populo

1802 2986 2091 3043 lectitabas
2126 2994 2258 3057 (non
2294 2988 2439 3043 enim
2492 2987 2606 3041 Inee
2637 2988 2868 3043 audiens
2898 2989 3244 3060 erubescas),
3276 2992 3391 3045 cal-

145 3075 228 3139 τάς
261 3076 313 3129 δὲ
341 3076 591 3149 ἁλμυρᾶς
625 3078 717 3130 καὶ
756 3077 991 3141 ἁπότους
1032 3080 1407 3149 μετεχειρίσω,
1462 3081 1558 3135 καὶ
1600 3082 1692 3153 ρή·

1847 3081 1943 3135 itis
1976 3088 2140 3151 atque
2170 3080 2453 3150 projectis,
2491 3088 2585 3134 aut
2610 3080 2775 3135 etiam
2806 3081 2875 3136 ad
2916 3082 3125 3137 fumum
3159 3099 3390 3154 suspen-

147 3185 242 3239 τωρ
263 3169 472 3222 ἀκούειν
503 3166 723 3238 μᾶλλον,
750 3167 783 3240 ἢ
816 3170 1138 3239 Χριστιανὸς
1165 3170 1467 3241 ἡθέλησαςς
1505 3172 1697 3243 Ἡμεῖς

146 3258 359 3313 δὲτοῦτο
412 3260 637 3331 μᾶλλον,
683 3262 827 3332 ἥπερ
874 3263 1070 3325 ἐκεῖνο,
1110 3262 1206 3315 καὶ
1252 3265 1403 3317 πᾶσα
1452 3263 1531 3334 τῷ
1574 3263 1694 3335 Θεῷ

147 3352 297 3421 χάρις.
326 3353 417 3425 Μὴ
448 3353 516 3406 σύ
544 3370 629 3421 γε,
670 3346 716 3405 ὧ
754 3352 968 3423 ἄριστε,
1002 3352 1076 3424 μὴ
1104 3355 1197 3408 ἐπὶ
1236 3354 1371 3408 πολὺ
1400 3355 1511 3427 (97)
1535 3356 1694 3409 τοῦτο

149 3442 320 3515 πάθῃς,
372 3444 487 3497 ἀλλ’
529 3444 762 3515 ἐκνηψον
812 3443 909 3513 ὀψὲ
960 3445 1111 3513 γοῦν,
1154 3447 1248 3499 καὶ
1292 3447 1430 3518 πρὸς
1466 3449 1692 3501 σεαυτὸν

149 3537 395 3605 ἑπάνελθε,
440 3538 541 3592 καὶ
579 3537 917 3609 ἀπολόγησαι
946 3537 1044 3607 μὲν
1087 3538 1319 3602 πιστοῖς,
1353 3538 1692 3611 ἀπολόγησαι

146 3623 336 3696 δὲθεῴ,
372 3629 463 3681 καὶ
507 3627 935 3699 θυσιαστηρίοις,
974 3627 1068 3680 καὶ
1118 3629 1457 3699 μυστηρίοις,
1498 3627 1589 3697 ἀφ’
1618 3621 1693 3681 ὧν

147 3717 446 3789 ὲμάκρυνας.

1806 3174 1908 3237 sis,
1928 3187 2036 3227 non
2062 3187 2223 3228 secus
2250 3181 2414 3243 atque
2445 3172 2668 3227 navium
2697 3173 3084 3244 gubernaculis
3115 3185 3166 3230 et
3196 3177 3392 3247 ligoni-

1800 3265 1906 3319 bus
1942 3264 2138 3319 hiemis
2168 3272 2435 3333 temporc,
2478 3265 2658 3320 salsos
2692 3274 2746 3321 et
2778 3268 3151 3323 amarulentus
3195 3269 3247 3322 in
3284 3283 3393 3323 ma-

1802 3373 1908 3412 nus
1936 3358 2265 3427 sumpseris,
2302 3372 2367 3411 ac
2397 3356 2582 3411 rhetor
2614 3357 2823 3421 vocari,
2856 3373 3020 3429 quam
3044 3360 3390 3416 Christianus

1802 3448 2104 3505 malueris?
2142 3447 2255 3503 Nos
2281 3458 2476 3503 contra
2519 3447 2623 3503 hoc
2655 3450 2860 3520 potius,
2894 3465 3061 3519 quam
3094 3451 3252 3516 illud,
3295 3469 3391 3507 eo-

1800 3555 1907 3610 que
1938 3541 2162 3596 nomine
2188 3542 2484 3595 maximam
2519 3541 2634 3597 Deo
2668 3543 2901 3612 gratiam
2944 3542 3139 3600 habeo.
3173 3544 3390 3616 Nequa-

1801 3646 1966 3701 quam
1996 3646 2206 3701 quaeso,
2247 3646 2281 3687 ο
2323 3633 2551 3701 Optime,
2592 3645 2663 3687 ne
2696 3632 2905 3690 diutius
2940 3636 3125 3691 animo
3150 3637 3223 3690 ita
3257 3637 3389 3692 alie-

1802 3730 1928 3776 etus
1964 3722 2077 3789 sis;
2122 3738 2335 3789 verum,
2384 3724 2564 3780 serius
2615 3725 2860 3796 quidem,
2907 3730 3004 3784 sed
3046 3738 3251 3797 tamen,
3297 3733 3392 3787 ali-

146 3810 334 3878 quando
364 3814 653 3883 resipisce,
683 3822 849 3882 atque
900 3812 966 3867 ad
1020 3820 1074 3867 te
1129 3811 1267 3880 redi,
1303 3821 1465 3884 teque
1506 3822 1561 3869 et
1611 3812 1720 3884 piis
1781 3816 2102 3875 hominibus
2155 3819 2371 3890 fideque
2410 3821 2654 3892 praeditis
2703 3837 2898 3896 purga,
2939 3833 2995 3881 et
3043 3825 3174 3893 Deo,
3224 3835 3389 3898 atque

145 3901 399 3967 altaribus,
425 3914 480 3959 et
525 3906 821 3974 mysteriis,
856 3919 887 3958 a
923 3906 1125 3975 quibus
1154 3914 1207 3961 te
1249 3907 1437 3975 precul
1474 3907 1826 3963 submovisti.

202 3996 297 4049 Καὶ
324 3999 395 4067 μή
427 4014 519 4067 μοι
549 3996 620 4049 τὰ
648 3995 834 4066 κομψὰ
857 3995 1030 4051 ταῦτα
1058 3999 1152 4050 καὶ
1181 3999 1446 4069 ῥητορικὰ
1476 4000 1696 4070 ῥήματα

146 4085 312 4150 siuet;
334 4118 402 4128 —
426 4088 490 4141 Τί
518 4088 611 4152 ὂέ;
641 4089 742 4141 οὐκ
767 4087 1159 4158 ἐχριστιάνιζον
1194 4089 1538 4161 ρητορεύων;
1566 4088 1692 4144 οὔτε

144 4176 190 4229 δὲ
224 4180 359 4249 ήμην
397 4181 591 4243 πιστὸς
628 4182 685 4233 ὲν
719 4184 830 4243 τοῖς
872 4180 1254 4252 μειρακίσκοις
1295 4182 1689 4253 στρεφόμενος;

144 4298 202 4310 -
222 4272 309 4324 καὶ
339 4270 467 4336 ἴσως
501 4275 851 4345 ὲπιμαρτυρῇ
882 4273 1035 4329 Θεόν.
1079 4273 1368 4344 Οὐδαμῶς,
1401 4267 1447 4328 ὦ
1475 4274 1689 4345 Θαυμά-

1880 4000 1982 4072 13
2010 4002 2091 4057 Ae
2121 4018 2188 4056 ne
2216 4002 2346 4058 mihi
2382 4005 2520 4059 scita
2555 4005 2671 4061 lucc
2699 4011 2753 4061 et
2786 4007 3062 4062 rhetorica
3096 4010 3342 4079 proferas
3368 4020 3382 4062 :

1799 4123 1871 4134 ——
1893 4093 2035 4159 Quid
2074 4096 2244 4149 vero?
2272 4111 2458 4150 annon
2492 4086 2847 4152 Christianus
2888 4114 3037 4153 eram
3059 4139 3074 4164 ,
3108 4114 3233 4154 cum
3266 4104 3383 4156 elo-

1800 4188 2042 4256 quentiae
2092 4196 2265 4243 artem
2317 4188 2858 4259 proﬁterer?annon
2911 4194 3034 4263 pius
3070 4209 3134 4248 ac
3185 4192 3381 4262 ﬁdelis,

1799 4293 1926 4333 cum
1958 4279 2105 4335 inter
2142 4277 2588 4337 adolescentulos
2626 4284 2921 4337 versarer?
2949 4314 3019 4324 —
3047 4300 3111 4338 ac
3153 4285 3386 4343 fortasse

146 4376 231 4423 czs,
254 4361 438 4417 οὔκουν
466 4366 591 4417 ὅσον
629 4365 795 4429 εἰκὸς,
827 4367 874 4418 εί
901 4366 995 4419 καὶ
1033 4366 1199 4437 μέρος
1232 4383 1284 4419 τι
1312 4365 1552 4436 δοίημεν.
1580 4365 1691 4419 Ποῦ

1847 4371 1963 4427 iam
1996 4370 2088 4429 Dei
2137 4371 2296 4428 ﬁdem
2349 4374 2696 4444 implorabis.
2744 4373 2998 4443 Minime,
3029 4378 3114 4432 vir
3158 4379 3381 4441 eximie.

144 4452 191 4505 δὲ
219 4455 271 4507 τὸ
298 4456 553 4525 πλήσσειν
587 4456 778 4520 ἄλλους
816 4456 877 4522 ἐξ
904 4452 978 4510 ὧν
1010 4458 1106 4513 νῦν
1132 4459 1411 4529 πράττεις,
1442 4459 1687 4530 φυσικῶς

1847 4462 1994 4517 dtem
2033 4471 2304 4534 quantum
2341 4479 2440 4533 par
2473 4472 2614 4529 erat,
2646 4465 2863 4521 etiamsi
2899 4475 3107 4537 partem
3139 4469 3380 4539 aliquam

147 4546 262 4615 πρὸς
290 4547 345 4600 τὸ
372 4548 539 4602 κακὸν
568 4548 725 4612 ὂντας
765 4548 1162 4621 ἑτοιμοτέρους,
1203 4550 1299 4602 καὶ
1321 4549 1390 4603 τὰ
1420 4551 1589 4622 χείρω
1615 4551 1692 4604 δι-

1847 4554 2190 4612 mcedamus.
2241 4550 2342 4612 Ubi
2392 4564 2577 4612 autem
2618 4556 2754 4611 illud
2788 4574 3079 4629 ponemus,
3118 4560 3267 4631 quod
3314 4578 3382 4617 ex

145 4635 267 4693 ὃὸναι
301 4643 425 4713 περὶ
463 4644 558 4695 σοῦ
587 4641 679 4695 καὶ
718 4642 962 4695 ὑπονοεῖν
985 4642 1098 4713 (98)
1128 4642 1223 4695 καὶ
1252 4640 1472 4710 λέγειν;
1509 4640 1692 4696 Ἔστω

1847 4650 1906 4712 is,
1940 4662 2061 4718 qua:
2098 4662 2247 4703 nunc
2276 4647 2449 4715 facis,
2485 4647 2626 4705 alios
2653 4650 2921 4717 oll‘entlis,
2955 4652 3060 4707 hoc
3096 4663 3215 4718 est,
3250 4669 3379 4721 eos,

205 4773 306 4843 (88)
346 4776 655 4843 ‘Aac‘rrac.
693 4775 769 4831 lta
811 4773 945 4849 Reg.
981 4791 1143 4831 unus.
1185 4774 1282 4830 Ed.
1325 4776 1465 4831 male
1513 4778 1692 4832 ἄποινά

1851 4777 2202 4851 tiant,_voc_at
2236 4777 2508 4850 δαιμόνων
2539 4779 2826 4851 κακίστην,
2879 4778 3180 4836 dwmonunt
3212 4782 3383 4849 pessi-

144 4857 241 4916 τας.
262 4862 454 4916 omnes.
680 4914 697 4916 Δ
788 4914 807 4916 _
1026 4915 1031 4916 ί
1221 4914 1289 4916 ι
1798 4864 1961 4901 mam.
1996 4849 2149 4914 Quod
2181 4849 2360 4902 autem
2394 4851 2482 4904 ille
2514 4849 2774 4916 avaritiae,
2819 4851 2923 4905 hoc
2962 4851 3245 4905 ambitioni
3276 4852 3379 4903 tri-

203 4913 301 4986 (89)
327 4916 643 4982 Εὺδοξίαν.
677 4914 754 4970 lta
785 4914 952 4986 Regg.
984 4915 1190 4985 plures.
1220 4914 1320 4970 Ed.
1340 4917 1521 4971 minus
1553 4916 1691 4973 bene

146 4981 447 5056 εὐδοκιμίαν,
473 4981 935 5042 εζτὶειίυιαιίοηεῆῖ.

207 5054 476 5119 (90)“Αιίειε
517 5056 693 5112 XLIII.
725 5057 883 5111 Circa
914 5055 1056 5109 idem
1087 5065 1322 5124 tempus.

207 5124 304 5197 (9i)
339 5127 397 5179 Τί
438 5131 551 5182 οὐκ
583 5126 840 5194 ἀκούεις.
881 5129 957 5197 Ita
986 5124 1152 5197 Regg.
1179 5127 1307 5181 duo.
1344 5125 1442 5180 Ed.
1474 5126 1615 5182 male
1635 5126 1688 5179 τί

149 5194 521 5269 οὖκρᾲκούουσι,
559 5197 681 5269 quid
711 5215 812 5251 non
834 5194 1123 5269 audiunt?

206 5264 304 5337 (92)
332 5266 437 5338 fIr‘
464 5264 610 5321 εἴπω
628 5285 682 5320 τι
709 5266 869 5338 κάγὼ
889 5268 1019 5320 καθ’
1041 5265 1216 5334 ὑμᾶς.
1250 5268 1330 5321 Ita
1359 5265 1493 5337 Reg.
1521 5282 1686 5323 unus.

150 5329 195 5384 hi
218 5329 297 5389 ed.’
327 5336 476 5393 deest
505 5356 557 5391 τι
588 5337 763 5403 κάγώ.

208 5406 305 5479 (iis)
331 5408 486 5479 Κατᾲ
507 5411 741 5478 μικρόν,
788 5408 1087 5479 paululum.
1119 5407 1261 5471 Mox,
1291 5407 1383 5479 ἐπὶ
1423 5404 1492 5459 τὰ
1521 5408 1690 5479 χείρω

352 5476 423 5531 lta
444 5473 759 5549 Reggfduo.
786 5473 884 5533 Ed.
920 5479 1102 5534 minus
1133 5479 1270 5533 bene
1297 5473 1685 5547 κλοπὴνξειὶὺ-

274 5563 298 5590 n
334 5563 409 5590 ρηι

181 5557 429 5603 actionem.

209 5614 306 5685 (θλ)
332 5617 443 5688 Ἦν
493 5632 685 5687 ιρηιγωκ-
737 5616 1080 5687 Εὐριπίδης.
1134 5616 1293 5688 Apud
1346 5615 1684 5688 Euripidem,

150 5674 337 5739 «Iocasta
365 5674 634 5743 Eteoi'lem
659 5674 836 5741 liliuuf
857 5674 1161 5757 alloquens,
1186 5674 1531 5750 πλεονεξίαν,
1558 5674 1687 5745 ara;

429 5783 704 5843 ΡΑΤιιοι..
738 5778 849 5839 Gn.
878 5780 1200 5842 X‘ZXYII.

1797 4918 1915 4973 buit
1944 4916 2260 4988 Gregorius.
2294 4918 2535 4975 BILLIUS.

1797 5057 1826 5110 θ
1868 4988 2359 5072 (95)Αὶσχυνθᾶς.
2397 4988 2475 5043 lta
2502 4988 2635 5057 Reg.
2663 5005 2826 5045 unus.
2854 4988 2952 5045 Ed.
2987 4990 3129 5044 male
3151 4991 3378 5060 αἰσχυν-

1831 5074 1929 5110 εις.

1831 5074 1929 5120 εις.

1869 5128 1978 5199 (96)
2024 5129 2118 5195 Ὠς
2155 5126 2556 5199 τὰλπηδάλια.
2591 5128 2799 5199 Alludit
2848 5129 2913 5182 ad
2956 5128 3083 5182 illud
3132 5127 3373 5189 Hesiodi.

1798 5197 1851 5299 in
1890 5197 2254 5299 p'oetnate'cqi
2277 5198 2473 5253 titulus
2489 5206 2598 5277 est,
2628 5198 2800 5299 Opim
2843 5210 2892 5299 ﬁt
2921 5200 3081 5299 dies]:
3106 5199 3375 5270 Πηδάλιον

1794 5268 1838 5321 δ’
1878 5268 2102 5339 εὐεργὲς
2133 5268 2276 5338 ὑπὲρ
2308 5268 2516 5320 καπνοῦ
2560 5269 2970 5339 κρεμάσασθαι·
3003 5268 3221 5324 (.‘lavunt
3256 5287 3374 5325 vero

1797 5337 1921 5391 bene
1944 5339 2296 5407 faérefactum
2325 5353 2481 5405 super
2511 5338 2715 5405 fumum
2753 5339 3076 5407 suspendito.

1867 5405 2439 5480 (97)-’θ’ἇριστελμὴ
2466 5408 2565 5461 ἐπὶ
2597 5409 2774 5480 πολύ.
2803 5405 3073 5480 Ιιίιγῐὶιξειε.
3110 5410 3237 5464 duo.
3270 5411 3371 5466 Ed.

1798 5472 1943 5550 male
1962 5472 2016 5532 ’ὦ
2061 5472 2270 5550 ἄριστε,
2315 5472 2385 5549 ἦν
2410 5472 2520 5550 ὅτε,
2565 5479 2639 5549 μὴ
2686 5480 2779 5550 ἐπὶ
2814 5479 2968 5545 πολύ,
2989 5472 3145 5550 ὶιύοά
3180 5481 3373 5537 Bittius

1797 5549 1980 5608 vertit.
2010 5565 2039 5600 ο
2061 5546 2577 5617 ᾳὶιοηιιαηιόριὶηιε,
2598 5546 2659 5601 ne
2690 5546 2913 5604 diutius.

1870 5617 1979 5692 (98)
2022 5618 2162 5692 Περὶ
2195 5617 2310 5692 σοῦ
2342 5618 2777 5692 statuae-rosam
2815 5620 2888 5675 lta
2919 5619 3053 5692 Reg.
3076 5637 3241 5679 unus.
3271 5619 3370 5676 Ed.

1796 5690 1936 5745 male
1975 5690 2101 5761 περ).
2132 5687 2222 5741 τοῦ
2261 5689 2530 5742 ὑπονοεῖν.
