3802 6194
366 221 442 276 ετ
1577 227 1637 283 s.
1673 200 2004 286 Gnaeos"
2042 230 2388 290 rnaococr

3603 222 3693 281 56

364 339 478 392 lum
518 338 725 410 cﬂ'ugit,
772 341 981 396 arctius
1020 340 1068 394 ei
1109 338 1451 413 adiungitur,
1484 356 1515 396 a
1561 359 1672 413 quo
1713 346 1941 401 salutem

2122 370 2239 406 ντα.
2264 353 2355 422 Μὴ
2394 345 2487 405 οὖν
2524 349 2606 403 ὅτι
2646 348 3064 418 μετεσχήκαμεν
3096 345 3190 399 τοῦ
3218 338 3413 408 κακοῦ,
3444 344 3691 412 δυσ-χε-

364 439 450 484 est
476 441 832 488 consecutus.
862 432 1103 488 Proinde
1141 448 1273 497 non,
1308 434 1441 503 quia
1475 436 1608 489 mali
1641 438 1942 509 participes

364 526 695 587 exstitimus,
738 524 1087 597 indignemur
1120 545 1134 581 :
1169 525 1265 582 sed
1305 527 1434 597 quia
1453 527 1767 600 effugimus,
1801 533 1946 602 grati

363 615 530 668 animi
572 615 746 672 oﬂicio
793 616 1113 688 fungamur.
1166 617 1277 673 Nec
1333 619 1471 674 alios
1513 636 1616 676 nos
1656 621 1767 677 Deo
1804 623 1948 679 inter

363 707 612 775 pericula
634 746 650 771 ,
684 716 741 763 et
774 710 918 765 alios
955 702 1081 780 post
1116 710 1364 780 pericula
1406 711 1765 770 exbibeamus
1802 733 1816 770 :
1853 730 1947 771 ve—

359 812 482 851 rum
530 799 647 855 sive
687 799 834 855 domi
881 811 1200 870 manentes,
1258 804 1373 858 sive
1422 819 1650 875 peregre
1698 814 1944 877 agentes,

360 891 478 947 sive
527 891 797 962 privatam
842 897 1009 948 vitam
1049 894 1337 957 ducentes,
1371 895 1489 951 sive
1525 896 1744 966 publica
1775 913 1944 970 nego-

358 984 436 1036 tia
481 990 734 1052 gerentes
789 983 894 1053 (sic
945 983 1093 1039 enim
1137 984 1472 1056 loquendum
1506 995 1610 1051 est,
1657 1002 1760 1043 nec
1804 1004 1945 1060 pra:-

360 1075 817 1147 termittendum),
848 1092 973 1131 eum
1020 1092 1340 1147 sequamur,
1376 1094 1405 1132 a
1433 1093 1544 1151 quo
1588 1080 1821 1135 salutem
1848 1096 1944 1136 ac-

360 1168 631 1236 cepimus,
675 1176 841 1237 atque
872 1167 940 1222 ad
997 1169 1145 1224 illius
1189 1178 1377 1240 partes
1424 1180 1641 1227 nosmet
1682 1170 1947 1245 adjunga-

371 1272 519 1323 mus,
555 1273 723 1329 parva
759 1267 813 1313 et
847 1258 999 1315 humi
1031 1261 1272 1328 repentia
1305 1275 1497 1332 parum
1529 1262 1639 1332 20
1660 1272 1941 1320 curantes.

359 1348 540 1418 Atque
560 1348 847 1404 historiam
874 1351 1167 1421 quamdam
1191 1352 1431 1423 posteris
1462 1351 1678 1416 demus,
1719 1361 1834 1408 tum
1876 1356 1943 1411 ad

360 1440 596 1509 gloriam
640 1448 911 1507 nostram,
952 1450 1067 1496 tum
1112 1443 1180 1498 ad
1230 1444 1425 1497 anima:
1478 1445 1794 1510 utilitatem,
1827 1461 1944 1499 am-

359 1531 507 1601 plam
540 1538 595 1585 et
621 1533 940 1601 praeclaram
977 1550 990 1587 :
1023 1548 1146 1601 quae
1169 1534 1333 1587 etiam
1364 1534 1483 1603 ipsa
1514 1534 1813 1589 utilissimo
1843 1534 1943 1590 do-

360 1628 627 1675 cumeuto
663 1621 940 1691 plerisque
983 1622 1077 1686 sit,
1121 1622 1383 1676 nimirum
1431 1621 1736 1693 periculum
1778 1638 1939 1678 secu-

2050 445 2341 515 ραίνωμεν⁸
2366 442 2480 496 ἀλλ’
2509 443 2591 497 ὅτι
2625 439 3094 509 διαπεφεύγαμεν,
3125 437 3687 509 εὐχαριστήσωμεν.

2046 535 2198 604 Μηδὲ
2235 533 2385 589 ἄλλοι
2420 531 2680 603 φανῶμεν
2710 530 2791 601 τῷ
2817 530 2937 600 Θεῷ
2987 528 3141 600 παρὰ
3175 529 3267 582 τὸν
3301 528 3510 599 καιρὸν
3550 525 3689 578 τῶν

2048 626 2328 690 κινδύνων,
2354 625 2448 679 καὶ
2470 624 2620 679 ἄλλοι
2644 621 2783 694 μετὰ
2802 623 2930 685 τοὺς
2950 619 3248 683 κινδύνους·
3279 617 3419 671 ἀλλὰ
3444 614 3686 688 βουλη-

2047 714 2229 787 Θῶμεν
2267 714 2377 768 εἴτε
2410 711 2792 784 ἐνδημοῦντες,
2825 709 2932 762 εἴτε
2965 704 3329 779 ἐκδημοῦντες
3359 703 3509 775 (60),
3544 703 3685 755 εἴτε

2049 806 2430 869 ἰδιωτεύοντες,
2457 805 2568 858 εἴτε
2587 802 2657 856 τὰ
2685 800 2842 856 κοινὰ
2869 800 3202 872 πράττοντες
3230 798 3333 866 (δεῖ
3354 795 3469 867 γὰρ
3501 794 3687 847 οὕτω

2045 899 2250 967 λέγειν,
2290 898 2385 952 καὶ
2413 896 2487 968 μὴ
2521 894 2775 967 λείπειν),
2810 892 2889 965 τῷ
2920 892 3153 946 σώσαντι
3189 886 3683 951 κατακολουθεῖν,

2046 993 2140 1047 καὶ
2166 991 2414 1062 γίνεσθαι
2443 991 2542 1061 τῆς
2576 989 2785 1043 ἐκείνου
2816 988 3032 1059 μοίρας,
3069 984 3241 1056 μικρὰ
3275 983 3386 1037 τῶν
3422 980 3685 1054 μικρῶν

2046 1083 2140 1137 καί⁹
2184 1081 2356 1153 χαμαὶ
2396 1082 2711 1152 ἐρχομένων
2754 1078 3159 1151 φροντίσαντες.
3211 1076 3323 1130 Καὶ
3361 1075 3571 1145 δῶμέν
3614 1088 3682 1127 τι

2043 1169 2287 1242 διήγημα
2312 1173 2423 1232 τοῖς
2449 1172 2527 1233 εἰς
2560 1169 2809 1241 ὕστερον,
2841 1168 2984 1240 μέγα
3022 1168 3121 1239 μὲν
3147 1167 3228 1232 είς
3259 1165 3421 1232 δόξαν
3453 1165 3680 1236 ἡμῶν,

2048 1263 2189 1334 μέγα
2211 1261 2266 1314 δὲ
2300 1264 2378 1326 εἰς
2401 1261 2669 1332 ὠφέλειαν
2691 1261 2887 1332 ψυχῆς·
2914 1260 2976 1313 τδ
2997 1259 3051 1313 δὲ
3075 1258 3206 1312 αὐτὸ
3235 1256 3331 1313 καὶ
3354 1257 3682 1325 παίδευμα,

2043 1357 2157 1417 τοῖς
2185 1353 2397 1417 πολλοῖς
2438 1352 2878 1425 χρησιμώτατον,
2912 1353 2995 1407 ὅτι
3036 1352 3299 1422 κρείττων
3329 1348 3680 1419 ἀσφαλείας

2045 1445 2306 1509 κίνδυνος,
2353 1447 2447 1499 καὶ
2490 1444 2745 1518 συμφορὰ
2774 1444 3076 1516 εὐημερίας
3109 1442 3476 1516 αίρετωτέρα·
3499 1442 3571 1496 et
3591 1458 3677 1509 γε

2046 1538 2152 1610 πρὸ
2189 1537 2289 1607 μὲν
2320 1538 2430 1591 τῶν
2462 1538 2644 1607 φόϐων
2684 1533 2827 1608 ἦμεν
2861 1536 2956 1591 τοῦ
2988 1536 3219 1607 κόσμου,
3252 1536 3391 1605 μετὰ
3419 1534 3478 1588 δὲ
3511 1536 3676 1598 τοὺς

2046 1631 2244 1701 φόϐους
2286 1629 2382 1684 τοῦ
2431 1629 2568 1683 Θεοῦ
2613 1629 2979 1700 γεγενήμεθα.
3040 1630 3199 1692 Ἴσως
3245 1644 3329 1681 σοι
3381 1627 3674 1697 φορτικοὶ

364 1715 527 1768 ritate
571 1715 757 1784 potius
789 1730 934 1781 esse,
971 1725 1022 1770 et
1067 1716 1441 1770 calamitatem
1476 1715 1738 1772 secundis
1773 1716 1939 1773 rebus

2122 1718 2197 1773 ιοῦ
2205 1735 2323 1789 μεν,
2348 1718 2607 1783 πολλάκις
2630 1698 2712 1773 σοι
2733 1698 2990 1791 περὶτῶν
3005 1718 3183 1773 αὐτῶν
3201 1716 3669 1779 ἐπιστέλλοντες,

358 1807 536 1877 magis
559 1806 917 1877 expetendam
949 1824 964 1875 ;
1002 1806 1048 1862 si
1081 1807 1303 1877 quidem
1330 1815 1456 1863 ante
1487 1808 1711 1863 timores
1740 1808 1941 1863 mundo

2122 1812 2136 1863 ί
2168 1810 2230 1863 οὐ
2265 1809 2606 1881 παραίνεσιν,
2644 1809 2757 1864 ἀλλ’
2796 1809 3055 1877 ἐπίδειξιν
3090 1809 3336 1880 νομίζεις
3362 1808 3479 1879 (6η
3512 1808 3673 1871 τοὺς

358 1899 566 1954 addicti
613 1914 862 1964 eramus,
906 1908 1030 1969 post
1064 1899 1293 1953 timores
1341 1907 1523 1954 autem
1568 1898 1677 1957 Deo
1708 1915 1810 1956 nos
1846 1900 1941 1955 ad-

2122 1919 2249 1971 ςους.
2274 1902 2366 1955 Διδ
2385 1901 2591 1956 τούτων
2623 1904 2722 1972 μὲν
2755 1901 2895 1964 ἃλιςθ
2923 1903 3071 1972 ἡμᾶς
3096 1901 3154 1954 δὲ
3179 1900 3286 1953 ῐσΘι
3319 1900 3671 1972 προθυμου-

358 1992 623 2048 diximus.
652 1990 916 2048 Fortasse
941 2007 1136 2064 graves
1169 1992 1269 2047 tibi
1298 2006 1363 2047 ac
1392 1992 1609 2048 molesti
1641 2009 1765 2049 esse
1788 1993 1941 2048 vide-

2122 2009 2237 2056 νους
2274 1994 2368 2047 καὶ
2412 1993 2739 2063 εὐχομένους
2789 1992 3024 2062 μάλιστα
3060 1992 3159 2061 μὲν
3186 1991 3441 2061 γενέσθαι
3469 1991 3669 2064 μέχρι

359 2098 502 2150 mur,
543 2083 637 2154 qui
688 2084 759 2138 de
802 2083 889 2138 his
934 2084 1102 2139 rebus
1148 2084 1351 2153 saepius
1399 2082 1466 2137 ad
1510 2093 1562 2138 te
1605 2084 1939 2151 scribamus,

2122 2099 2158 2145 ι,
2194 2082 2707 2154 συνησθησομένους
2732 2080 2842 2152 (62)
2866 2083 2934 2152 τῇ
2964 2081 3211 2154 σωτηρίᾳ
3240 2097 3358 2145 σου,
3385 2082 3483 2135 καὶ
3508 2082 3671 2153 περὶ

359 2187 426 2228 ac
494 2188 780 2229 sermones
839 2180 1100 2240 nostros,
1159 2187 1270 2228 non
1327 2172 1793 2236 admonitionem,
1843 2174 1938 2229 sed

2122 2174 2251 2227 ὅτων
2278 2172 2604 2246 τελεώτερον
2636 2172 3066 2245 διαλεξομένους.
3104 2174 3169 2228 Εί
3205 2173 3251 2226 δ’
3288 2172 3376 2237 οὒ,
3406 2172 3529 2228 ἀλλ’
3559 2176 3665 2226 ὲν·

355 2266 786 2321 ostentationem
828 2280 951 2321 esse
978 2265 1287 2321 existimas.
1328 2263 1511 2330 Quare
1545 2265 1612 2319 de
1648 2265 1738 2321 his
1776 2266 1941 2320 rebus

2122 2266 2224 2320 ῦθά
2262 2283 2322 2319 σε
2374 2265 2692 2339 δεξομένους
2744 2266 2821 2330 ὡς
2865 2265 3120 2337 τάχιστα,
3164 2265 3533 2336 συνεορτάσαι
3579 2265 3664 2321 τὰ

357 2357 652 2412 verborum
688 2357 871 2423 satis;
926 2371 1027 2411 nos
1062 2370 1191 2411 vero
1239 2356 1407 2418 scias,
1455 2356 1637 2416 velim,
1689 2365 1941 2427 prompto

2127 2358 2399 2428 ριστήρια.

358 2448 545 2502 animo
565 2463 686 2503 esse
719 2457 885 2518 atque
906 2456 1171 2518 ex0ptare
1196 2448 1544 2518 potissimum
1574 2449 1641 2503 ad
1680 2456 1735 2504 te
1770 2463 1948 2517 usque
1994 2450 2289 2519 proﬁcisci,
2355 2457 2417 2503 ut
2459 2448 2528 2505 de
2560 2450 2738 2507 salute
2780 2458 2873 2506 tua
2906 2449 3005 2505 tibi
3053 2448 3396 2521 gratulemur
3435 2463 3505 2504 ac
3580 2450 3665 2507 de

360 2537 447 2594 his
494 2539 662 2595 rebus
714 2539 1014 2609 perfectius
1058 2538 1398 2595 disseramus
1453 2559 1465 2593 :
1512 2540 1598 2594 sin
1650 2541 1854 2603 minus,
1900 2547 1954 2594 at
1980 2549 2152 2604 certe,
2207 2551 2261 2596 ut
2306 2550 2358 2597 te
2407 2541 2497 2596 hic
2568 2540 2748 2613 primo
2799 2556 3022 2613 quoque
3071 2549 3320 2610 tempore
3376 2539 3663 2618 reducem

358 2634 667 2701 videamus,
697 2644 863 2705 atque
907 2649 1016 2689 una
1060 2644 1241 2689 tecum
1271 2634 1326 2689 in
1363 2635 1505 2705 grati
1536 2636 1707 2691 animi
1737 2636 2202 2706 significationem
2233 2637 2432 2695 festum
2462 2636 2608 2694 diem
2631 2639 2993 2695 celebremus.

642 2787 786 2846 XXI.
820 2786 1214 2847 SOPHRONIO
1242 2787 1654 2845 PREFECTO.

2341 2793 2473 2846 KA'.
2509 2792 2847 2865 mucrone
2885 2792 3167 2865 rman
3206 2793 3339 2866 (63).

437 2927 596 2983 Urbis
628 2929 1232 3001 Constantinopolitame
1258 2930 1633 3001 praefecturam
1653 2928 1865 3001 gerebat
1896 2928 2226 3001 Sophronias
2251 2946 2393 3001 anno
2410 2927 2538 2992 369,
2561 2944 2664 2999 quo
2689 2928 2832 3001 datis
2862 2926 2931 3001 (Id
2959 2943 3078 2982 eum
3110 2928 3322 3001 litteris,
3351 2922 3659 3001 Qregoriu

359 3014 606 3069 generum
633 3001 834 3055 sororis
862 2996 1324 3056 sure'Nicolrufiim
1356 2996 1406 3055 ei
1426 2996 1850 3055 commendabat.
1887 2996 2109 3056 Cistera
2148 3017 2326 3055 omnes
2351 2996 2596 3069 Gregorii
2630 2999 2700 3052 ad
2727 2998 2967 3053 eumdem
2992 2998 3233 3069 episton
3260 2996 3504 3067 praefati
3537 3012 3658 3065 po-

362 3066 582 3142 tentiam
602 3070 918 3142 prafdicant,
936 3072 1042 3125 ,ετιὲ
1076 3073 1282 3142 negotia
1304 3080 1354 3125 et
1382 3071 1617 3125 homines
1649 3072 2108 3142 commendantur,
2136 3080 2189 3125 et
2209 3070 2361 3140 cujus
2383 3066 2694 3142 praesidium
2718 3066 3287 3142 iiirpforutur._Prq.'ire
3314 3078 3493 3142 autem
3522 3085 3658 3142 σπι-ς

361 3141 517 3212 nibus
540 3137 819 3201 ets—debuit.
847 3143 900 3195 in
923 3158 1031 3212 qua
1057 3137 1276 3196 rec-eruis
1297 3142 1575 3212 dignitatis
1602 3140 1806 3195 iudicia
1827 3142 2077 3212 quredem
2108 3137 2389 3209 apparent,
2416 3150 2473 3194 ut
2498 3142 2556 3194 in
2587 3140 2669 3193 his
2702 3138 2873 3212 verbis
2895 3137 3350 3212 deprehenduntur
3366 3154 3386 3190 :
3411 3137 3657 3212 Etiamsi

360 3210 431 3264 ad
469 3212 693 3283 altiores
725 3206 972 3283 quotidie
1004 3211 1333 3283 dignitatum
1353 3206 1594 3283 'gradus.
1615 3206 1957 3282 provebaris.
1994 3210 2119 3266 Jam
2140 3206 2289 3267 enim
2321 3212 2592 3275 notarius,
2629 3226 2747 3264 cum
2789 3209 2855 3263 ab
2885 3224 2947 3264 ea
2975 3208 3236 3280 dignitate
3261 3207 3330 3262 ad
3357 3206 3660 3277 pra-[cur

358 3294 478 3335 ram
508 3280 1160 3352 Constantinopolitano»:
1189 3280 1417 3354 gradum
1443 3282 1589 3351 fecit.

428 3418 639 3473 Aurum
689 3419 827 3472 alias
876 3417 1099 3487 quidem
1148 3415 1257 3471 alio
1307 3415 1471 3472 modo
1523 3414 1848 3468 immutatur
1885 3421 2010 3477 etc

356 3509 656 3582 elﬁngitur,
708 3510 766 3565 in
815 3512 1023 3564 multos
1073 3516 1305 3563 ornatus
1357 3506 1737 3567 informatum.
1781 3512 1949 3575 atque

358 3602 430 3656 ad
471 3601 676 3657 multas
722 3616 814 3656 res
861 3601 930 3655 ab
956 3608 1073 3655 arte
1096 3600 1411 3655 traductum
1450 3615 1465 3653 :
1510 3614 1708 3652 aurum
1740 3607 1945 3664 tamen,

360 3699 423 3748 ut
450 3700 556 3756 est,
592 3701 796 3755 manet,
829 3707 935 3747 nec
962 3692 1216 3763 materia,
1253 3690 1348 3747 sed
1379 3689 1555 3744 forma
1588 3692 1947 3742 mutationem

361 3785 615 3855 suscipit.
662 3783 867 3839 Eodem
912 3784 1075 3838 modo
1116 3789 1270 3836 tuam
1330 3796 1552 3852 quoque
1615 3781 1948 3852 probitatem

360 3878 612 3934 eamdem
674 3892 805 3950 erga
863 3885 989 3932 tuos
1033 3875 1245 3931 amicos
1277 3889 1500 3929 manere
1542 3873 1947 3936 existimantes,

364 3971 586 4029 etiamsi
643 3971 713 4028 ad
777 3971 1008 4026 altiores
1058 3968 1307 4038 quotidie
1350 3967 1686 4038 dignitatum
1741 3963 1950 4035 gradus

362 4064 710 4134 proveharis,
756 4064 902 4119 hanc
943 4062 1045 4117 tibi
1097 4058 1542 4133 deprecationem
1591 4056 1790 4112 olferre
1846 4056 1952 4111 mi-

365 4156 517 4211 nime
550 4154 966 4222 dubitavimus;
1000 4151 1148 4224 quod
1186 4152 1397 4209 scilicet
1443 4149 1767 4222 dignitatem
1798 4154 1949 4203 tuam

363 4262 474 4303 non
513 4248 688 4319 magis
724 4256 1115 4311 metueremus,
1144 4260 1309 4315 quam
1348 4244 1598 4298 moribus
1627 4241 1739 4297 tuis
1773 4242 1952 4296 conli-

363 4342 643 4396 deremus.
677 4340 1013 4409 Cumprimis
1065 4337 1382 4392 venerando
1429 4336 1538 4391 tilio
1571 4347 1765 4394 nostro
1790 4336 1954 4393 Nico-

365 4430 520 4490 bulo.
555 4443 795 4499 quocum
846 4428 975 4481 mihi
1014 4426 1452 4483 necessitudines
1493 4441 1686 4481 omnes
1713 4428 1952 4481 interce-

363 4521 525 4585 dunt,
561 4530 674 4574 tum
700 4519 773 4574 oh
805 4518 1023 4589 generis
1071 4518 1562 4588 prOpinquitatem,
1597 4526 1712 4572 tum
1756 4518 1827 4573 ob
1874 4516 1955 4571 fa-

363 4613 767 4674 miliaritatem,
799 4621 938 4677 tum,
980 4609 1126 4681 quod
1172 4608 1258 4663 his
1291 4609 1466 4680 pluris
1498 4609 1812 4664 ducendum
1847 4618 1951 4673 est,

2122 3416 2183 3468 '0
2230 3413 2434 3485 χρυσὸς
2485 3410 2676 3465 ἄλλοτε
2726 3410 2826 3481 μὲν
2874 3408 3052 3474 ἄλλως
3108 3410 3489 3480 μεταποιεῖται
3544 3410 3659 3463 καὶ

2050 3503 2445 3577 σχηματίξεται
2485 3506 2566 3566 εἰς
2605 3501 2834 3565 πολλοὺς
2872 3501 3113 3571 κόσμους
3140 3500 3509 3569 τυπούμενος.
3546 3502 3660 3553 καὶ

2049 3596 2187 3668 πρὸς
2212 3594 2384 3649 πολλὰ
2422 3593 2530 3647 ὑπὸ
2562 3592 2665 3664 τῆς
2696 3592 2893 3663 τέχνης
2923 3591 3194 3661 ἀγόμενος
3231 3590 3367 3661 (64)’
3405 3588 3561 3662 μένει
3589 3588 3658 3644 δὲ

2049 3690 2187 3760 ὅπερ
2215 3689 2331 3742 ἐστὶ
2358 3688 2582 3759 χρυσὸς,
2617 3686 2713 3740 καὶ
2744 3686 2844 3757 οὐχ
2872 3686 2906 3756 ἡ
2938 3683 3037 3755 ὕλη
3063 3682 3388 3755 μεταϐολὴν,
3414 3682 3553 3737 ἀλλὰ
3585 3683 3661 3738 τδ

2052 3783 2240 3851 σχῆμα
2288 3778 2572 3849 λαμϐάνει.
2618 3774 2775 3830 Οὕτω
2817 3775 2911 3828 καί
2952 3772 3050 3844 τὴν
3098 3771 3196 3843 σὴν
3234 3769 3659 3840 καλοκαγαθίαν

2052 3870 2348 3943 ἡγούμενοι
2394 3871 2491 3941 τὴν
2544 3868 2713 3939 αὐτὴν
2765 3867 2945 3937 μένειν
2991 3866 3107 3928 τοῖς
3155 3863 3355 3934 φίλοις,
3403 3862 3510 3916 κᾶν
3553 3862 3660 3916 ἀεὶ

2054 3962 2252 4034 προῖῃς
2289 3961 2381 4015 ἐπὶ
2408 3960 2476 4014 τὰ
2507 3957 2851 4030 ἔμπροσθεν,
2882 3955 3087 4026 ταύτην
3119 3952 3657 4026 ὲθαρῤήσσμεντὴν

2054 4052 2351 4125 πρεσϐείαν
2392 4050 2786 4123 προσαγαγεῖν,
2825 4049 2886 4100 οὺ
2925 4046 3125 4119 μᾶλλον
3158 4045 3258 4115 τὴν
3291 4044 3449 4113 ἀξίαν
3481 4044 3658 4098 εὐλα-

2054 4144 2336 4217 ϐηθέντες,
2370 4144 2403 4214 ἢ
2447 4142 2525 4213 τῷ
2561 4139 2748 4211 τρόπῳ
2781 4136 3193 4200 πιστεύσαντες.
3224 4130 3317 4206 Τῷ
3347 4134 3657 4204 αίδεσιμω-

2054 4237 2203 4308 τάτῳ
2246 4236 2346 4305 υίῷ
2386 4233 2546 4306 ὴμῶν
2594 4229 2912 4301 Νικοϐούλῳ
2957 4228 3025 4282 τὰ
3062 4227 3245 4282 πάντα
3286 4226 3464 4297 ἔχοντι
3506 4224 3659 4297 πρὸς

2055 4331 2206 4400 ἡμᾶς
2246 4327 2590 4397 ἐπιτηδείως,
2633 4324 2728 4377 καὶ
2767 4321 2857 4375 διὰ
2898 4319 3244 4390 συγγένειαν,
3285 4318 3380 4372 καὶ
3420 4316 3511 4372 διὰ
3543 4317 3658 4388 τὴν

2055 4420 2387 4490 οἰκειότητα,
2406 4418 2521 4481 καὶ,
2542 4417 2570 4470 ὃ
2592 4414 2798 4469 τούτων
2827 4412 3009 4484 μεῖζόν
3033 4413 3172 4475 ἐστι,
3192 4410 3281 4464 διὰ
3309 4409 3399 4463 τὸν
3419 4408 3655 4481 τρόπον,

2057 4511 2216 4581 γενοῦ
2260 4509 2451 4575 δεξιός.
2509 4509 2597 4562 Ἐν
2649 4506 2780 4570 τίσι,
2833 4504 2928 4558 καὶ
2973 4504 3170 4567 ardeo»);
3221 4503 3310 4557 Ἐν
3355 4495 3436 4566 οἷς
3480 4499 3658 4566 αὐτὸς

2061 4602 2155 4658 σοῦ
2180 4602 2533 4673 δεηθήσεται,
2572 4600 2668 4654 καὶ
2701 4600 2823 4652 ὅσον
2853 4600 2920 4668 τῇ
2951 4598 3017 4667 σῇ
3055 4592 3384 4673 μεγαλονοίᾳ
3410 4590 3658 4663 πρέπειν

361 4708 435 4763 ob
476 4720 690 4760 morum
741 4702 1089 4773 elegantiam,
1131 4700 1483 4756 commodum
1537 4716 1603 4755 ac
1637 4700 1854 4755 facilem
1901 4711 1941 4755 ιε

2122 4672 2483 4763 εολαμϐἇνεις.
2529 4686 2920 4756 Ἀπιδὼσομεν
2947 4684 3005 4738 δὲ
3030 4683 3125 4737 καὶ
3153 4683 3316 4752 ἡμεῖς
3348 4672 3423 4733 ὧν
3451 4678 3659 4749 ἔχομεν

363 4798 563 4871 praebe.
611 4770 929 4865 Quibus‘in
965 4793 1149 4859 rebus,
1205 4800 1260 4848 et
1306 4792 1620 4864 quantum?
1658 4792 1715 4846 In
1759 4792 1830 4847 iis
1869 4807 1941 4847 re-

2151 4785 2454 4840 κάλλιστον.
2479 4782 2716 4852 Ἐχομεν
2741 4778 2799 4831 δὲ
2824 4778 2952 4840 τοὺς
2980 4775 3175 4843 λόγους
3194 4813 3210 4837 ,
3376 4770 3439 4823 τὸ
3457 4772 3660 4871 ’κήρυ-

362 4862 467 4954 bus
500 4897 557 4951 in
591 4862 796 4967 quibus
829 4901 921 4948 tua
950 4906 1055 4963 ope
1096 4862 1386 4961 indigebit,
1438 4896 1495 4943 et
1534 4894 1804 4957 quantum
1841 4893 1941 4939 ture

2123 4895 2151 4942 ς
2175 4875 2316 4932 εἶναι
2337 4876 2435 4945 τῆς
2462 4875 2561 4945 σῆς
2590 4871 2812 4943 ἀρετῆς.
2841 4870 2889 4922 ει
2903 4866 3011 4967 χαὶ
3044 4864 3119 4936 μὴ
3142 4864 3244 4935 τῆς
3272 4862 3430 4931 ἀξίας
3454 4862 3653 4930 ἐγγὺς.

364 4984 533 5038 animi
575 4957 948 5053 magnitudini
989 4957 1303 5035 convenire
1335 4974 1706 5033 existimabis.
1747 4974 1859 5031 Nos
1892 4975 1941 5029 id

2122 4969 2195 5023 λά
2212 4985 2277 5036 γε
2300 4966 2443 5021 κατὰ
2471 4964 2569 5036 τὴν
2591 4961 2870 5035 ἡμετέραν
2899 4957 3149 5027 δύναμιν.

364 5078 511 5148 quod
562 5049 990 5150 pulcherrimum
1050 5074 1336 5139 habemus,
1403 5071 1502 5127 tibi
1560 5069 1953 5140 rependemus.
1984 5065 2263 5120 Habemus
2301 5075 2468 5132 porro
2514 5071 2821 5150 sermones,
2852 5061 3019 5150 atque
3071 5050 3216 5120 quod
3272 5049 3495 5106 virtutis
3540 5056 3657 5103 tuae

368 5147 649 5241 praecones
673 5184 887 5233 sumus,
910 5180 963 5223 et
1004 5169 1049 5223 si
1090 5168 1247 5238 longe
1288 5164 1434 5220 intra
1477 5162 1827 5234 dignitatem,
1872 5168 2058 5214 tamen
2086 5163 2357 5227 quantum
2389 5159 2583 5209 nostra
2620 5149 2729 5205 fert
2761 5147 3020 5202 facultas.

440 5345 550 5414 (60)
594 5345 733 5398 Εῖτε
759 5319 1182 5414 ἐνδημόῦντξς.
1214 5338 1322 5394 Has
1377 5352 1571 5414 voccs,
1601 5349 1724 5405 qua:
1771 5334 1826 5388 in
1861 5333 1941 5389 ed.

2280 5325 2696 5414 Y‘.’."5i°.'.‘3;.Eg'
2727 5323 2869 5414 ea}?
2908 5319 3361 5414 ξ’νῖεὲηεειξένους-

368 5392 1224 5481 ἀεὲῖυῆἒιιῖἐὶᾦιὶιένίἱῖἱῆέέῐιὲε.
1246 5392 1633 5481 γυιιοριηνςιέξξ
1805 5473 1817 5481 ,
2277 5398 2427 5481 ἐξῇρε
2451 5396 2605 5481 ῼᾞΙ.
2645 5394 2858 5481 Scripta
2885 5407 3049 5481 anno
3070 5392 3203 5481 Ξὶϐξ)Σ

443 5459 886 5555 Zelj"_1'v?>}t'2?_sl_léf
896 5459 1011 5536 ’ἰῖςῖ
1034 5459 1224 5541 ius:
1259 5459 1324 5533 Et
1339 5459 1569 5532 Bittius
1595 5459 1651 5529 in
1678 5473 1941 5530 versione.

2134 5459 2262 5555 (δι).
2286 5459 3660 5555 “2‘.33905-.“WJS‘..Ei‘f’,3‘§f_3€?:1"t£.-f’7‘§!ff:

369 5529 989 5617 Ed‘fn'iiaie'ﬁﬁtiéivl'“
1037 5529 1057 5532 ”
1084 5529 1167 5533 ””
1203 5529 1217 5541 ’
1524 5529 1539 5532 ί’
1852 5610 1932 5617 ___

2228 5529 2300 5617 Ita
2326 5529 2506 5617 Regg’.‘
2530 5529 2661 5615 duo,
2695 5543 2750 5617 et
2783 5530 3038 5617 Billiusin
3064 5530 3337 5586 versione.
3374 5529 3473 5586 Ed.
3494 5529 3659 5591 male

442 5600 1205 5684 ίίίξίῂέώλῆσῖὶησομένους.
1247 5615 1326 5669 Ita
1378 5615 1509 5684 llcg.
1547 5628 1712 5671 unus.
1762 5621 1814 5666 ct
1852 5610 1941 5665 nu

2122 5600 2158 5659 t‘i
2190 5607 2326 5679 πρὸς
2351 5600 2519 5657 πολλὰ
2545 5605 2644 5676 τῆς
2665 5602 2835 5674 τύχης
2860 5600 3147 5672 ἀγόμενος.
