3802 6182
97 273 148 327 ιιι
1439 276 1678 333 EPISTO

1817 274 2026 331 XXXII.
3319 284 3388 338 70

96 392 218 462 τειρά
271 394 522 448 πάντων
583 393 996 467 θαυμάζεσθαι.
1042 394 1162 449 Τῶν
1210 396 1266 450 δὲ
1331 398 1571 451 πυκτίων
1622 391 1678 451 ὧι

1803 394 2032 458 levabis,
2097 400 2214 449 tum
2261 395 2423 450 etiam
2484 394 2673 451 multis
2717 395 2786 450 ad
2834 394 3054 451 dolores
3107 393 3388 465 sapienter

96 485 308 555 ᾔτησας,
348 487 421 539 τὸ
459 486 572 558 μὲν
610 481 808 560 εὖρον,
851 487 946 540 καί.
984 487 1204 558 ἔπεμψά
1257 505 1340 542 σοι
1381 488 1696 560 προθύμως,

1808 485 2066 542 ferendos
2089 487 2484 542 documentum
2519 488 2811 559 praebebis.
2843 486 3089 558 Denique
3119 501 3232 542 non
3260 503 3379 558 par-

98 577 144 628 τὸ
171 579 601 648 Δημοσθενικδν
636 580 783 650 λέγω
807 595 822 609 ⁶
858 581 921 634 τὸ
949 582 1007 635 δὲ
1059 579 1373 653 ἐζημιώθην
1400 597 1414 612 ⁸
1451 581 1552 636 οὐκ
1591 581 1678 652 ἔχει

1799 595 1926 634 vum
1959 580 2173 635 lucrum
2227 578 2400 635 facies
2431 579 2500 651 (si
2527 589 2709 636 tamen
2758 581 2811 635 id
2857 596 3076 651 quoque
3104 580 3204 634 tibi
3241 595 3390 634 cura!

97 665 194 719 dou
226 669 292 720 σὺ
329 667 580 738 χρῄζεις
620 669 761 740 (27),
793 668 894 740 τὴν
942 669 1156 722 Ἰλιάδα.
1189 668 1280 742 Μὴ
1322 667 1433 741 γάρ
1461 685 1553 740 μοι
1585 669 1700 724 δια-

1803 672 1948 741 est),
2003 687 2199 742 nempe
2251 672 2401 742 quod
2453 672 2512 726 in
2577 671 2944 727 admiratione
3003 671 3148 742 apud
3192 687 3389 726 omnes

99 759 378 832 τιστήσῃς,
417 760 513 812 ὅτι
565 759 731 830 μόνον
762 759 969 813 τούτων
1012 758 1309 814 ἀπολαύειν
1347 759 1572 831 νομίζω,
1602 763 1678 816 κα“

1800 765 1934 820 eris.
1971 764 2048 819 Ex
2082 765 2240 820 lihris
2266 780 2432 835 porro
2459 779 2598 835 quos
2624 765 2891 833 postulas,
2915 764 3149 818 alterum
3176 761 3385 826 inveni,

105 851 227 919 μόνα
259 850 585 922 κεκτῆσθαι
621 851 831 914 καλῶς,
854 844 929 905 ὧν
959 852 1024 906 ἂν
1055 852 1220 918 αὐτὸς
1257 853 1571 924 μετάσχοις,
1601 855 1697 910 καὶ

101 936 171 1004 οἷς
201 941 266 994 ἂν
296 942 378 1005 ὡς
422 941 664 996 σεαυτοῦ
699 944 954 1014 χρήσαιο.

1799 872 2036 927 eumque
2078 856 2146 910 ad
2198 865 2250 910 te
2282 857 2517 912 libenter
2573 855 2724 920 misi,
2767 871 2965 925 nempe
3004 853 3384 909 Demostheni-

1801 963 1926 1002 cuin
1965 967 1978 1002 :
2010 950 2242 1003 alterum
2278 965 2409 1004 vero
2441 949 2600 1003 amisi
2637 967 2651 1015 ;
2683 963 2844 1018 quem
2896 948 3102 1018 poscis,
3142 962 3252 1002 non
3287 948 3384 1000 ha-

103 1038 216 1100 beo,
258 1037 540 1093 nimirum
605 1038 852 1093 Iliadem.
913 1037 1042 1092 Mihi
1080 1039 1224 1092 enim
1271 1040 1328 1094 in
1379 1037 1486 1094 hoc
1531 1039 1694 1096 velim
1757 1040 1916 1096 fidem
1959 1059 2029 1097 ne
2071 1044 2342 1115 ahroges,
2401 1044 2608 1116 quippe
2657 1045 2752 1115 qui
2797 1059 2884 1099 me
2940 1043 3028 1099 his
3073 1044 3207 1099 solis
3248 1041 3378 1106 frui,

99 1148 267 1204 eaque
337 1133 465 1188 sola
524 1140 678 1188 recte
720 1133 1007 1203 possidere
1053 1134 1400 1200 existimem,
1462 1149 1698 1206 quorum
1741 1136 1858 1208 ipse
1884 1139 2158 1208 particeps
2191 1153 2276 1202 es,
2316 1139 2652 1208 quibusque,
2681 1145 2741 1192 ut
2770 1138 2904 1204 tuis,
2937 1135 3134 1192 uteris.

570 1289 695 1344 AB'.
738 1289 825 1359 T9
873 1288 1056 1359 ΑΥΤῼ
1095 1287 1232 1359 (28).

2337 1289 2555 1344 XXXII.
2616 1289 2852 1345 EIDEM.

171 1409 482 1480 Epistulam
510 1410 830 1482 superiorem
859 1411 1098 1482 proximo
1134 1420 1314 1464 secuta
1343 1421 1420 1466 est
1447 1411 1726 1466 intervallo
1753 1413 1879 1475 ista,
1909 1413 1962 1466 in
1984 1429 2087 1482 qua
2113 1413 2233 1482 jam
2263 1411 2545 1482 Philagrio
2572 1413 2901 1482 gratulatur,
2931 1409 3072 1480 quod
3103 1410 3159 1482 in
3189 1425 3386 1482 a’rum-

97 1484 178 1535 nis
220 1493 270 1535 et
310 1481 592 1534 doloribus
622 1481 975 1549 philosophice
997 1497 1051 1534 se
1074 1491 1244 1550 gerat,
1276 1483 1484 1535 eximite
1524 1500 1586 1537 ue
1612 1483 1699 1536 det
1725 1485 1966 1537 omnibus
1995 1481 2290 1551 exemplum
2314 1481 2635 1537 teter-antire.
2672 1482 2792 1552 Ipse
2820 1483 2975 1552 plura
2999 1481 3198 1550 profert
3218 1481 3383 1550 petita

98 1573 131 1604 ιι
159 1553 408 1607 profanis
435 1551 781 1607 scriptoribus
811 1551 1082 1607 patientia:
1107 1551 1370 1607 exempla.
1391 1500 1581 1607 ouiZus
1616 1553 1685 1607 ad
1718 1555 1930 1607 fortiter
1953 1555 2258 1607 tolerandos
2293 1555 2532 1607 corporis
2563 1555 2772 1607 dolores
2802 1555 3010 1607 excitet.

98 1573 131 1604 ιι
159 1553 408 1621 profanis
435 1551 781 1620 scriptoribus
811 1551 1082 1619 patientia:
1107 1551 1370 1621 exempla,
1391 1555 1480 1622 qui

169 1664 247 1721 Εὖ
279 1685 349 1736 γε
393 1669 476 1722 ὅτι
526 1667 837 1736 φιλοσοφεῖς
879 1667 937 1718 ὲν
981 1668 1093 1728 τοῖς
1137 1666 1370 1732 πάθεσι,
1422 1668 1518 1720 καὶ
1561 1667 1687 1740 γίνῃ

1520 1569 1581 1608 us
1616 1553 1685 1608 ad
1716 1555 1930 1624 fortiter
1953 1555 2258 1608 tolerandos
2293 1555 2532 1622 corporis
2563 1555 2772 1608 dolores
2802 1555 3010 1607 excitet.

1868 1667 2131 1724 Gratulor
2172 1670 2295 1736 tibi,
2331 1669 2481 1742 quod
2529 1669 2908 1742 philosophice
2957 1667 3013 1721 in
3060 1665 3380 1721 calamitati-

99 1760 324 1823 πολλοῖς
360 1759 670 1828 ὑπόδειγμα
701 1757 804 1827 τῆς
835 1759 892 1809 ὲν
916 1759 1026 1820 τοῖς
1053 1756 1320 1825 ἀλγεινοῖς
1355 1760 1678 1830 καρτερίας⁴

1799 1765 1896 1818 bus
1937 1770 1990 1818 te
2037 1764 2184 1833 geris
2229 1765 2528 1835 multisque
2580 1763 2882 1819 tolerantiae
2921 1760 2976 1813 in
3017 1759 3186 1814 rebus
3223 1773 3380 1814 acer-

97 1849 202 1906 κιιῖ
247 1850 440 1920 ῶσπερ
477 1849 572 1902 ἐπὶ
623 1849 786 1901 παντὶ
842 1846 1102 1917 βελτίστῳ
1154 1848 1409 1918 κατεχρῶ
1452 1849 1530 1919 τῷ
1585 1847 1689 1901 σώ-

96 1961 259 2014 ματι,
296 1942 471 2012 ἡνίκα
526 1939 778 2008 ὑγιεινῶς
829 1934 1002 2008 εἶχες,
1044 1938 1188 1992 οὕτω
1220 1940 1314 1992 καὶ
1370 1938 1464 1993 νῦν
1514 1939 1689 2011 τούτῳ

94 2035 218 2106 χρῶ
277 2033 463 2097 καλῶς
516 2032 662 2101 (29),
717 2031 906 2101 ἐπειδή
957 2047 1021 2099 γε
1067 2028 1310 2094 ἀσθενῶς
1360 2030 1541 2102 ἔχεις,
1594 2033 1690 2085 καὶ

105 2129 294 2198 ἁργεῖς
335 2127 438 2178 ούκ
464 2122 673 2192 ἀργῶς,
711 2123 776 2175 ἵν’
809 2121 982 2185 οὕτως
1014 2122 1172 2177 είπω.
1210 2122 1526 2192 Φιλοσοφεῖς
1556 2124 1687 2196 γάρ,

104 2221 194 2272 καὶ
249 2220 282 2273 δ
323 2235 459 2288 φασι
515 2215 774 2287 Διογένην
820 2214 1099 2286 εἰρηκέναι
1139 2215 1272 2268 ποτὲ
1318 2215 1684 2286 πυρέττοντα,

107 2312 192 2363 καὶ
212 2307 708 2380 διακαρτεροῦντα,
735 2305 896 2359 τοῦτο
924 2307 1016 2358 καὶ
1049 2305 1208 2369 αὐτὸς
1240 2306 1502 2378 παρέχεις
1530 2309 1685 2379 ὁρᾷν,

104 2402 281 2472 ψυχῆς
326 2402 508 2472 πάλην
560 2399 656 2453 καὶ
681 2397 950 2469 σώματος.
997 2397 1168 2451 Τοῦτο
1205 2397 1414 2471 ἔπρεπε
1455 2399 1536 2470 τῷ
1569 2399 1688 2471 ἐμῷ

98 2493 404 2564 Φιλαγρίῳ,
437 2492 514 2563 μὴ
548 2488 964 2562 μαλακίζεσθαι,
1000 2489 1134 2559 μηδὲ
1167 2489 1518 2562 κάμπτεσθαι
1549 2493 1687 2564 πρὸς

95 2587 166 2639 τά
201 2585 378 2655 πάθη,
407 2584 547 2638 ἀλλά
598 2585 946 2654 περιφρονεῖν
987 2582 1097 2651 (50)
1132 2583 1224 2635 τὸν
1270 2583 1458 2654 πηλὸν,
1497 2585 1592 2638 καὶ
1626 2584 1688 2636 τὸ

101 2680 202 2747 μὲν
236 2678 403 2748 σῶμα
439 2678 534 2748 ὲᾷν
576 2676 806 2746 πάσχειν
841 2675 908 2728 τὰ
943 2675 1160 2738 ἑαυτοῦ,
1204 2675 1420 2740 πάντως
1451 2676 1484 2746 ἢ
1519 2675 1614 2728 νῦν
1651 2676 1684 2749 ἤ

101 2770 332 2840 ὕστερον
380 2768 748 2838 λυθησόμενον
794 2768 942 2839 νόμῳ
973 2767 1189 2838 φύσεως
1228 2768 1536 2840 (οἰχήσεται
1575 2768 1686 2840 γάρ

99 2861 132 2930 ἦ
170 2860 318 2931 νόσῳ
361 2861 571 2930 κάμνον
596 2860 728 2931 (51),
753 2860 786 2930 ἢ
816 2859 1064 2931 χρόνῳ)⁶
1104 2859 1276 2930 αὐτὴν
1307 2859 1365 2913 δὲ
1418 2858 1554 2930 ὑψοῦ
1586 2858 1702 2931 τὴν·

100 2952 276 3021 ψυχὴν
307 2950 478 3022 ἔχειν,
507 2951 600 3003 καὶ
624 2949 761 3020 μετά
791 2949 924 3005 Θεοῦ
956 2949 1215 3021 τετάχθαι
1244 2951 1356 3014 τοῖς
1381 2949 1684 3020 λογισμοῖς,

103 3045 324 3096 κάκεῖνο
355 3041 585 3106 εἰδέναι,
625 3043 706 3096 ὅτι
746 3041 856 3094 τῶν
884 3041 1102 3095 ἀτόπων
1146 3040 1327 3109 ἐστὶν,
1372 3041 1522 3110 ἡμᾶς
1580 3037 1686 3104 ἔξω

1792 1854 1876 1909 bis
1901 1855 2209 1925 exemplum
2235 1856 2458 1912 exsistis
2479 1873 2492 1910 :
2517 1865 2570 1908 et
2585 1851 3047 1925 quemadmodum
3075 1849 3142 1903 ad
3174 1848 3380 1919 optima

1790 1959 2023 2014 quaeque
2076 1959 2312 2014 corpore
2357 1945 2621 2007 utebaris,
2669 1957 2794 1997 cum
2847 1955 3018 1994 sanus
3058 1953 3249 2002 esses,
3305 1937 3378 1990 ita

1790 2049 1937 2087 nunc
1970 2049 2189 2104 quoque
2218 2049 2285 2088 eo
2315 2034 2580 2104 praeclare
2621 2041 2797 2094 utere,
2841 2038 3134 2100 postquam
3175 2027 3229 2080 in
3269 2026 3382 2095 28

1791 2127 2042 2182 morbum
2102 2127 2371 2190 incidisti,
2426 2135 2592 2196 atque
2647 2123 2842 2178 otiaris
2899 2121 3127 2175 minime
3178 2119 3377 2182 otiose,

1791 2224 1851 2270 ιιι
1894 2217 1968 2270 ita
2017 2217 2230 2287 loquar.
2269 2215 2686 2286 Philosopharis
2737 2213 2906 2278 enim,
2937 2218 3012 2278 et,
3065 2208 3211 2280 qum]
3251 2209 3378 2262 Dio-

1789 2324 1983 2380 genem
2038 2309 2167 2362 olim
2219 2309 2427 2364 dixisse
2472 2307 2678 2366 ferunt.
2720 2319 2846 2359 cum
2889 2303 3038 2357 febre
3079 2303 3377 2367 laboraret,

1790 2415 1858 2455 ac
1901 2401 2151 2456 dolorem
2207 2400 2424 2455 fortiter
2476 2399 2766 2470 perferret,
2821 2397 2926 2450 hoc
2986 2395 3104 2465 ipse
3159 2408 3378 2464 quoque

1788 2494 2033 2563 praebes,
2079 2494 2338 2548 nimirum
2387 2493 2588 2546 anima:
2629 2499 2687 2546 et
2723 2491 2973 2559 corporis
3029 2485 3378 2542 colluctatio-

1788 2600 1936 2640 nem.
2003 2584 2120 2640 Hoc
2181 2586 2398 2641 scilicet
2461 2582 2803 2653 Philagrium
2872 2594 3052 2634 meum
3123 2565 3376 2641 decebat,

1789 2693 1985 2748 nempe
2028 2694 2138 2734 non
2177 2676 2437 2742 emolliri,
2471 2691 2573 2731 nec
2599 2674 2886 2730 doloribus
2911 2671 3110 2741 frangi,
3148 2669 3244 2724 sed
3292 2669 3377 2722 Iu-

1789 2775 1904 2820 tum
1935 2779 2306 2830 contemnere,
2340 2781 2404 2821 ac
2435 2780 2638 2836 corpus
2669 2763 2892 2834 quidem
2923 2762 3107 2816 sinere
3142 2773 3204 2814 ea
3238 2759 3372 2828 pati,

1788 2877 1910 2932 qua:
1946 2862 2118 2932 ipsius
2155 2869 2350 2921 natura
2393 2859 2520 2923 fert,
2569 2866 2780 2913 natura:
2822 2857 2940 2926 lege
2988 2853 3241 2916 omnino,
3290 2851 3375 2905 vel

1788 2969 1958 3021 nunc,
2000 2954 2081 3008 vel
2134 2959 2320 3024 postea
2353 2951 2697 3022 dilapsurum
2729 2969 2742 3004 :
2776 2947 3048 3019 (interibit
3073 2944 3244 3008 enim,
3289 2945 3374 2998 vel

1790 3046 2005 3112 morbo,
2041 3045 2124 3101 vel
2169 3053 2457 3100 senectute
2495 3042 2806 3099 confectum
2834 3040 2877 3104 ;)
2924 3053 3144 3094 sursum
3193 3042 3373 3090 autem

107 3137 202 3206 μὲν
241 3137 508 3192 κινδύνων
563 3136 873 3206 φιλοσοφεῖν
905 3136 1048 3206 (52),
1101 3135 1159 3188 ὲν
1202 3134 1262 3187 δὲ
1311 3135 1433 3196 ταῖς
1474 3131 1678 3203 χρείαις

1799 3139 2026 3192 mimam
2089 3139 2313 3198 habere.
2368 3151 2433 3191 ac
2488 3151 2582 3206 per
2635 3133 3007 3204 cogitationes
3077 3144 3205 3183 cum
3254 3127 3365 3181 Deo

103 3225 466 3294 ἀφιλοσόφους
505 3224 812 3296 φαίνεσθαι,
846 3226 940 3278 καί
972 3223 1356 3294 διαψεύδεσθαι
1401 3225 1502 3296 τὴν
1550 3224 1682 3278 ὑπό-

106 3331 309 3385 σχίσιν.

1788 3230 2085 3300 conjungi,
2145 3229 2389 3300 illudque
2436 3229 2664 3283 minime
2715 3228 3001 3296 ignorare,
3065 3221 3369 3299 absurdum

1789 3334 1854 3372 ac
1902 3329 2300 3390 praeposterum
2349 3334 2476 3374 esse
2550 3334 2654 3374 nos
2713 3328 2870 3374 extra
2944 3314 3189 3386 pericula
3249 3311 3373 3382 plti~

108 3409 420 3480 losophari,
473 3417 718 3480 tempore
773 3419 953 3464 autem
1009 3405 1064 3460 id
1097 3405 1409 3476 postulante
1453 3405 1817 3480 philosophia“:
1868 3421 2124 3484 expertes
2179 3427 2467 3483 apparere,
2507 3427 2611 3467 nec
2656 3409 2806 3482 quod
2847 3409 3197 3490 proﬁtentur,
3229 3421 3371 3477 pra:-

107 3509 269 3555 stare.

169 3595 361 3648 Πάντα
399 3591 629 3662 ἐπῆλθες
651 3590 854 3662 δηλαδὴ
890 3593 954 3662 τῇ
1000 3591 1242 3662 διανοίᾳ,
1277 3592 1381 3646 ὅσα
1413 3593 1680 3666 ἡμέτερα,

107 3688 198 3740 ὅσα
241 3686 527 3755 ἀλλότρια,
556 3684 631 3747 ὼς
671 3683 812 3755 ἀνὴρ
848 3684 955 3754 (55)
990 3683 1427 3755 πεπαιδευμένος
1470 3688 1529 3739 ὲν
1571 3687 1680 3758 ἀμ-

107 3782 382 3852 φοτέροις,
434 3779 529 3832 καὶ
573 3777 868 3848 παιδευτὴς
921 3776 1124 3832 ἀλλωψ
1191 3778 1286 3831 καὶ
1332 3779 1397 3831 ὲκ
1461 3779 1682 3833 πάντων

108 3872 317 3944 σεαυτῷ
345 3869 610 3935 συνελέξω
638 3871 700 3924 τὸ
731 3870 833 3941 τῆς
862 3869 1175 3944 ἀνθρωπίας
1220 3869 1510 3944 φάρμακον
1545 3871 1679 3940 (54).

110 3965 216 4017 Ἵνα
243 3963 306 4015 δέ
343 3979 425 4015 σοι
469 3959 628 4029 κάγὼ
667 3959 1132 4032 συμφιλοσοφήσω
1179 3961 1397 4032 μικρὸν,
1430 3963 1480 4014 εί
1523 3961 1683 4014 τοῦτο

110 4056 376 4118 κελεύεις,
409 4053 510 4106 οὐκ
551 4051 758 4106 ἐπαινῶ
802 4049 897 4104 τοῦ
939 4051 1343 4123 Ἀριστοτέλους
1383 4051 1445 4104 τὸ
1490 4069 1685 4124 μικρο-

109 4147 276 4215 λόγον,
318 4147 377 4210 ὃς
409 4145 509 4216 τὴν
549 4143 893 4216 εὐδαιμονίαν
937 4146 1070 4216 ἡμῖν
1106 4143 1466 4216 ὁριζόμενος,
1521 4146 1687 4218 μέχρι

114 4239 199 4308 μέν
246 4254 398 4300 τινος
448 4235 716 4308 προῆλθεν
762 4234 966 4306 ὀρθῶς,
1016 4233 1193 4305 ψυχῆς
1237 4235 1517 4306 ἐνέργειαν
1564 4237 1683 4289 κατ’

112 4330 305 4400 ἀρετὴν
333 4329 448 4399 (55)
482 4322 623 4380 εἶναι
650 4325 854 4398 ταύτην
888 4326 1310 4396 ἀποφηνάμενος
1334 4343 1346 4356 °
1381 4327 1476 4380 καὶ
1513 4344 1684 4398 προσ-

1854 3592 2050 3650 Omnia
2100 3593 2321 3663 quidem
2369 3592 2555 3646 animo
2609 3590 2950 3662 pervolvisti,
3019 3597 3128 3642 tam
3179 3599 3370 3646 nostra

1784 3700 1948 3754 quam
1980 3693 2268 3748 extranea,
2294 3691 2482 3754 utpote
2509 3683 2592 3738 vir
2635 3684 2689 3738 in
2731 3681 2984 3752 utrisque
3013 3682 3288 3750 eruditus,
3318 3695 3375 3740 et

1783 3773 2020 3829 aliorum
2075 3771 2426 3845 prmcepior;
2486 3781 2654 3844 atque
2706 3772 3069 3828 humanitatis
3113 3773 3372 3845 pharma-

1784 3881 1910 3919 cnm
1963 3867 2057 3922 tibi
2114 3867 2232 3938 ipse
2279 3883 2346 3922 ex
2397 3868 2657 3922 omnibus
2706 3867 3001 3938 collegisti.
3054 3865 3256 3922 Verum
3312 3879 3372 3924 ut

1786 3966 1990 4022 tecum,
2027 3959 2074 4015 si
2114 3961 2187 4014 ita
2227 3960 2410 4030 juhes,
2457 3959 2712 4013 nonnihil
2747 3960 3122 4030 phiIOSOphcr,
3159 3961 3372 4016 Aristo-

1785 4051 1911 4106 telis
1964 4052 2310 4120 jejunitatem
2367 4067 2480 4105 non
2551 4052 2759 4120 probo,
2817 4051 2912 4120 qui
2971 4051 3368 4106 beatitudinem

1783 4141 1946 4198 nobis
1976 4143 2278 4207 deﬁniens,
2321 4143 2562 4214 quodam
2606 4152 2768 4196 tenus
2794 4141 3016 4211 quidem
3051 4149 3200 4195 recte
3236 4159 3368 4213 pro-

1785 4249 2011 4305 gressus
2065 4242 2172 4300 est,
2223 4250 2418 4305 nempe
2473 4234 2670 4288 animae
2725 4234 2998 4288 actionem
3056 4234 3365 4289 secundum

1785 4325 2042 4380 virtutem
2085 4341 2210 4382 esse
2262 4325 2411 4379 illam
2469 4325 2863 4396 pronuntians,
2919 4323 3263 4395 addensque,
3308 4327 3366 4381 in

112 4421 248 4486 θεὶς,
285 4423 343 4474 ἐν
398 4419 498 4490 βίῳ
539 4419 759 4490 τελείῳ,
815 4418 911 4472 καὶ
950 4417 1111 4471 τοῦτο
1159 4418 1304 4490 μάλα
1337 4420 1518 4489 σοφῶς
1541 4462 1556 4487 ,
1591 4421 1678 4475 διὰ

1799 4418 1895 4471 vita
1929 4418 2195 4488 perfecta,
2231 4417 2336 4473 hoc
2361 4434 2582 4490 quoque
2613 4419 2793 4489 ipsum
2825 4418 3120 4474 admodum
3147 4421 3372 4491 sapien-

111 4516 160 4566 τὸ
197 4514 435 4586 τρεπτὴν
471 4511 628 4583 ἡμῶν
679 4511 786 4565 καὶ.
833 4511 1255 4582 εὖμετάπτωτον
1308 4514 1405 4584 τῆς
1439 4513 1674 4583 φύσεως.

123 4607 318 4660 Ἐκεῖνο
366 4604 426 4657 δὲ
469 4604 570 4657 οὐκ
617 4601 696 4655 ἔτι
739 4600 1203 4672 μεγαλοπρεπῶς,
1247 4603 1386 4656 ἀλλά
1420 4603 1514 4657 καὶ
1555 4604 1678 4659 λίαν

113 4696 405 4760 ταπεινῶς,
453 4697 537 4749 ὅτι
585 4696 678 4749 καὶ
725 4695 825 4765 τὴν
869 4693 1067 4759 ἔξωθεν
1113 4694 1404 4767 εὐετηρίαν
1451 4696 1678 4768 προστί-

114 4791 286 4860 θησινο
337 4789 416 4852 ὡς
467 4789 516 4841 εἰ
573 4786 727 4858 τύχοι
767 4785 934 4858 πένης
984 4803 1068 4850 τις
1110 4784 1207 4852 ῶν,
1256 4784 1598 4858 ῆνοσὼδης,
1642 4786 1677 4858 ἢ

171 4923 286 4993 (ετ)
329 4919 578 4993 οἷοιζ-σὺ
600 4915 854 4993 χρῄζεις.
885 4915 960 4993 Ita
987 4915 1149 4993 codd.
1183 4916 1292 4972 duo
1321 4915 1487 4990 Regg.
1519 4917 1674 4975 Pass.

113 4987 339 5048 Melitae.
372 4999 428 5046 et
456 4987 643 5044 Morel.
678 4991 734 5042 In
770 4988 859 5042 ed.
889 4987 1042 5042 deest
1077 4987 1163 5040 σύ.

172 5064 285 5134 (εδ)
329 5062 474 5134 Alias
506 5057 686 5134 LXIX.
723 5058 935 5134 Scripta
967 5066 1090 5134 post
1129 5058 1494 5134 superiorem.

169 5127 283 5205 (29)
325 5133 517 5205 Τορτφ
558 5128 680 5205 χρῶ
711 5127 930 5205 καλῶς.
970 5127 1065 5205 Ita
1103 5128 1228 5205 cod.
1281 5127 1430 5205 Reg.“
1464 5128 1520 5181 In
1563 5144 1674 5184 uno

107 5197 299 5278 Igitur
322 5203 525 5274 χρῆσαι
556 5197 734 5269 τούτῳ
762 5197 960 5277 καλῶς.
993 5197 1090 5252 Ed.
1125 5197 1300 5268 τούτῳ

170 5277 285 5322 13m
325 5274 500 5322 Ἀλλὰ
527 5285 926 5322 περιφοονειν.
959 5267 1092 5322 Cod.
1135 5269 1296 5322 Pass.
1327 5283 1361 5322 α
1395 5269 1456 5322 λά

170 5267 285 5346 (50)
527 5267 926 5340 περιφρονεῖν.
959 5267 1092 5322 Cod.
1135 5267 1296 5324 Passi.
1327 5267 1465 5322 ἀλλά
1501 5285 1674 5324 κατα-

209 5349 340 5397 νεῖν.

112 5363 776 5486 φρῖἕῗῖνξνόοζρζκάμνον.
806 5409 940 5465 Cod.
975 5407 1107 5478 Reg.
1138 5409 1279 5486 νόσῳ
1306 5409 1500 5486 ante.
1528 5409 1674 5486 Mox,

115 5479 278 5558 αὐτὴν
306 5486 361 5538 δὲ
392 5479 549 5553 ὑψοῦ,
581 5479 757 5552 ipsum
796 5497 914 5534 vero
944 5495 1154 5534 sursum
1185 5479 1420 5532 animum
1465 5480 1673 5535 habere.

127 5555 278 5610 ’Υιτνοῦ
308 5556 624 5610 adverbium
650 5559 758 5606 est.

143 5558 278 5625 1⁸ψοῦ
308 5558 624 5610 adverbium
650 5559 758 5606 est.

181 5627 282 5695 (52)
321 5625 494 5695 Ἡμᾶς
516 5624 637 5688 ἐξω
670 5614 790 5690 μὲν
825 5619 1122 5695 etrestituere
1149 5619 1530 5695 φιᾼοσοφεξν.
1569 5619 1676 5695 Gu-

123 5689 345 5753 bernator
373 5689 425 5751 in
469 5689 782 5764 tempestate
836 5689 1191 5757 dignoscitur.
1232 5689 1406 5758 inquit
1439 5689 1674 5759 Cypriaw

1780 4516 1886 4573 ter,
1915 4518 2138 4581 propter
2168 4512 2488 4567 mutabilem
2533 4511 2805 4582 facileque
2847 4514 2902 4566 in
2953 4511 3233 4566 diversum
3283 4513 3366 4566 la—

1778 4593 1996 4659 bentem
2038 4611 2252 4659 natura:
2295 4613 2498 4660 nostrae
2543 4605 2938 4660 conditionem.
2971 4604 3042 4658 At
3083 4604 3216 4660 illud
3257 4621 3367 4660 non

1775 4695 1888 4766 jam
1949 4697 2261 4766 magnifice,
2309 4698 2402 4754 sed
2456 4714 2724 4770 perquam
2771 4697 2995 4756 sordide
3034 4704 3090 4752 et
3130 4697 3368 4768 abjecte,

1779 4787 1925 4860 quod
1984 4800 2270 4844 externam
2351 4806 2568 4861 quoque
2631 4792 2900 4846 bonorum
2969 4789 3366 4844 abundantiam

1779 4935 1905 4981 nus,
1941 4933 2108 4972 serm.
2151 4935 2202 4974 ιν
2237 4921 2310 4977 De
2339 4923 2688 4985 mortalitate,
2723 4923 2778 4975 in
2813 4923 2926 4975 acie
2977 4921 3132 4975 miles
3168 4922 3364 4988 proba-

1779 4988 2162 5060 tur._l)elicata
2186 4991 2418 5059 jactatio
2449 5003 2554 5054 est,
2588 5008 2714 5045 cum
2748 4991 3052 5060 periculum
3091 5008 3199 5045 non
3232 5001 3317 5044 est
3344 5011 3358 5046 :

1777 5058 2116 5183 ﬁattﬂictatio
2155 5058 2208 5115 in
2249 5063 2501 5117 adversis
2542 5058 2794 5133 probatio
2817 5069 2902 5116 est
2932 5061 3202 5116 veritatis.
3235 5061 3362 5116 Haec

1826 5147 1932 5183 ιιι.

1826 5147 1932 5184 ιιι.

1848 5204 1961 5272 (55)
2007 5205 2105 5270 Ὠς
2134 5202 2310 5269 ἀνὴρ.
2345 5201 2422 5254 Ita
2458 5200 2584 5255 cod.
2632 5197 2768 5269 Reg.
2803 5199 3040 5254 Montac.
3071 5207 3126 5254 et
3165 5198 3358 5255 Morel.

1777 5271 1917 5326 Male
1940 5271 2071 5329 editi
2107 5276 2226 5326 ὅσα.

1849 5343 1958 5416 (54)
2005 5343 2119 5416 T-iic
2148 5340 2488 5409 ἀνθρωπίας
2520 5338 2862 5416 φάρμακον.
2894 5336 3140 5394 Combef.
3168 5338 3230 5416 τρ
3261 5340 3361 5408 τῆς

1775 5409 1951 5476 ἀνίας
1971 5409 2284 5484 φάρμακον,
2319 5411 2558 5484 mirareris
2597 5409 2982 5479 pharmacum;
3033 5425 3156 5479 qua;
3197 5411 3360 5464 lectio

1777 5484 1880 5553 ipsi
1905 5479 2123 5538 videtur
2154 5479 2464 5553 commoda.

1847 5553 1960 5622 (35)
2005 5549 2567 5622 ‘vai'ic_érép7~scar
2606 5549 2728 5622 κατ’
2782 5547 3031 5622 ἀρετήν.
3073 5549 3358 5622 ίιανοιιίιιι

1775 5618 2175 5688 beatitudinem
2213 5618 2414 5676 definit
2460 5621 2803 5682 Aristoteles,
2853 5620 2948 5675 lib.
2994 5635 3011 5674 ι
3065 5618 3238 5674 ΕιΙιὶσ.
3283 5622 3356 5674 ad

1782 5693 2185 5748 Nicomachum.
3362 5691 3366 5697 '
