  <div class='ocr_page' id='page_1' title='image "/cluster/home/n/w/nwhite01/storage/ocr_20150623/37:no.3/coo.31924054869346/043.png"; bbox 0 0 3802 6184; ppageno 0'>
   <div class='ocr_carea' id='block_1_1' title="bbox 406 254 3721 322">
    <p class='ocr_par' dir='ltr' id='par_1_1' title="bbox 406 254 3721 322">
     <span class='ocr_line' id='line_1_1' title="bbox 406 254 3721 322; baseline 0.004 -16"><span class='ocrx_word' id='word_1_1' title='bbox 406 264 469 322; x_wconf 70' lang='grc' dir='ltr'><strong>τι</strong></span> <span class='ocrx_word' id='word_1_2' title='bbox 1613 254 1670 311; x_wconf 88' lang='lat' dir='ltr'><strong>S.</strong></span> <span class='ocrx_word' id='word_1_3' title='bbox 1715 254 2044 314; x_wconf 72' lang='lat' dir='ltr'><strong>GREGOIHI</strong></span> <span class='ocrx_word' id='word_1_4' title='bbox 2084 257 2434 317; x_wconf 73' lang='lat' dir='ltr'><strong>&#39;l&#39;ilEOLOGl</strong></span> <span class='ocrx_word' id='word_1_5' title='bbox 3632 263 3721 319; x_wconf 67' lang='grc' dir='ltr'><strong><em>Η</em></strong></span> 
     </span>
    </p>
   </div>
   <div class='ocr_carea' id='block_1_2' title="bbox 406 366 1984 452">
    <p class='ocr_par' dir='ltr' id='par_1_2' title="bbox 406 366 1984 447">
     <span class='ocr_line' id='line_1_2' title="bbox 406 366 1984 447; baseline -0.004 -15"><span class='ocrx_word' id='word_1_6' title='bbox 406 369 706 447; x_wconf 74' lang='lat' dir='ltr'><strong>adiunxit;</strong></span> <span class='ocrx_word' id='word_1_7' title='bbox 747 376 822 429; x_wconf 86' lang='lat' dir='ltr'><strong>ita</strong></span> <span class='ocrx_word' id='word_1_8' title='bbox 859 379 919 427; x_wconf 88' lang='lat' dir='ltr'><strong>ut</strong></span> <span class='ocrx_word' id='word_1_9' title='bbox 952 371 1004 428; x_wconf 91' lang='lat' dir='ltr'><strong>si</strong></span> <span class='ocrx_word' id='word_1_10' title='bbox 1052 371 1181 443; x_wconf 85' lang='lat' dir='ltr'><strong>quis</strong></span> <span class='ocrx_word' id='word_1_11' title='bbox 1207 366 1368 441; x_wconf 81' lang='lat' dir='ltr'><strong>inops</strong></span> <span class='ocrx_word' id='word_1_12' title='bbox 1405 380 1497 435; x_wconf 86' lang='lat' dir='ltr'><strong>sit,</strong></span> <span class='ocrx_word' id='word_1_13' title='bbox 1529 379 1625 425; x_wconf 89' lang='lat' dir='ltr'><strong>aut</strong></span> <span class='ocrx_word' id='word_1_14' title='bbox 1658 371 1984 427; x_wconf 75' lang='lat' dir='ltr'><strong>valetudina</strong></span> 
     </span>
    </p>
   </div>
   <div class='ocr_carea' id='block_1_3' title="bbox 2153 366 3718 452">
    <p class='ocr_par' dir='ltr' id='par_1_3' title="bbox 2153 375 3718 452">
     <span class='ocr_line' id='line_1_3' title="bbox 2153 375 3718 452; baseline 0.001 -22"><span class='ocrx_word' id='word_1_15' title='bbox 2153 378 2408 448; x_wconf 57' lang='lat' dir='ltr'><strong>inaniis,</strong></span> <span class='ocrx_word' id='word_1_16' title='bbox 2468 377 2501 447; x_wconf 74' lang='grc' dir='ltr'>ἢ</span> <span class='ocrx_word' id='word_1_17' title='bbox 2560 376 2941 449; x_wconf 76' lang='grc' dir='ltr'>φυγόπατρις,</span> <span class='ocrx_word' id='word_1_18' title='bbox 2983 378 3139 449; x_wconf 79' lang='grc' dir='ltr'>παρὰ</span> <span class='ocrx_word' id='word_1_19' title='bbox 3186 375 3345 432; x_wconf 81' lang='grc' dir='ltr'>τοῦτο</span> <span class='ocrx_word' id='word_1_20' title='bbox 3392 377 3544 451; x_wconf 82' lang='grc' dir='ltr'>αὐτῷ</span> <span class='ocrx_word' id='word_1_21' title='bbox 3600 382 3718 452; x_wconf 73' lang='grc' dir='ltr'>τῆς</span> 
     </span>
    </p>
   </div>
   <div class='ocr_carea' id='block_1_4' title="bbox 404 463 1993 536">
    <p class='ocr_par' dir='ltr' id='par_1_4' title="bbox 404 463 1993 536">
     <span class='ocr_line' id='line_1_4' title="bbox 404 463 1993 536; baseline -0.001 -13"><span class='ocrx_word' id='word_1_22' title='bbox 404 470 547 531; x_wconf 74' lang='lat' dir='ltr'><strong>rius:</strong></span> <span class='ocrx_word' id='word_1_23' title='bbox 601 475 698 521; x_wconf 82' lang='lat' dir='ltr'><strong>aut</strong></span> <span class='ocrx_word' id='word_1_24' title='bbox 742 467 981 522; x_wconf 87' lang='lat' dir='ltr'><strong>obscuro</strong></span> <span class='ocrx_word' id='word_1_25' title='bbox 1029 479 1251 536; x_wconf 81' lang='lat' dir='ltr'><strong>genere,</strong></span> <span class='ocrx_word' id='word_1_26' title='bbox 1299 470 1396 518; x_wconf 91' lang='lat' dir='ltr'><strong>aut</strong></span> <span class='ocrx_word' id='word_1_27' title='bbox 1434 476 1464 517; x_wconf 87' lang='lat' dir='ltr'><strong>a</strong></span> <span class='ocrx_word' id='word_1_28' title='bbox 1512 463 1691 534; x_wconf 88' lang='lat' dir='ltr'><strong>patria</strong></span> <span class='ocrx_word' id='word_1_29' title='bbox 1732 465 1993 532; x_wconf 77' lang='lat' dir='ltr'><strong>extorris,</strong></span> 
     </span>
    </p>
   </div>
   <div class='ocr_carea' id='block_1_5' title="bbox 404 556 1998 631">
    <p class='ocr_par' dir='ltr' id='par_1_5' title="bbox 404 556 1998 631">
     <span class='ocr_line' id='line_1_5' title="bbox 404 556 1998 631; baseline -0.002 -17"><span class='ocrx_word' id='word_1_30' title='bbox 404 568 697 631; x_wconf 76' lang='lat' dir='ltr'><strong>propterea</strong></span> <span class='ocrx_word' id='word_1_31' title='bbox 742 558 860 626; x_wconf 80' lang='lat' dir='ltr'><strong>ipse</strong></span> <span class='ocrx_word' id='word_1_32' title='bbox 889 572 920 610; x_wconf 90' lang='lat' dir='ltr'><strong>a</strong></span> <span class='ocrx_word' id='word_1_33' title='bbox 967 556 1312 612; x_wconf 90' lang='lat' dir='ltr'><strong>beatitudine</strong></span> <span class='ocrx_word' id='word_1_34' title='bbox 1351 564 1626 611; x_wconf 72' lang='lat' dir='ltr'><strong>arceatur.</strong></span> <span class='ocrx_word' id='word_1_35' title='bbox 1664 558 1736 610; x_wconf 88' lang='lat' dir='ltr'><strong>At</strong></span> <span class='ocrx_word' id='word_1_36' title='bbox 1783 556 1998 612; x_wconf 85' lang='lat' dir='ltr'><strong>Stoico-</strong></span> 
     </span>
    </p>
   </div>
   <div class='ocr_carea' id='block_1_6' title="bbox 403 649 1995 722">
    <p class='ocr_par' dir='ltr' id='par_1_6' title="bbox 403 649 1995 722">
     <span class='ocr_line' id='line_1_6' title="bbox 403 649 1995 722; baseline -0.001 -16"><span class='ocrx_word' id='word_1_37' title='bbox 403 667 527 707; x_wconf 91' lang='lat' dir='ltr'><strong>rum</strong></span> <span class='ocrx_word' id='word_1_38' title='bbox 579 651 747 706; x_wconf 87' lang='lat' dir='ltr'><strong>animi</strong></span> <span class='ocrx_word' id='word_1_39' title='bbox 797 650 1236 722; x_wconf 77' lang='lat' dir='ltr'><strong>magnitudinem</strong></span> <span class='ocrx_word' id='word_1_40' title='bbox 1281 664 1347 704; x_wconf 89' lang='lat' dir='ltr'><strong>ac</strong></span> <span class='ocrx_word' id='word_1_41' title='bbox 1388 650 1766 720; x_wconf 71' lang='lat' dir='ltr'><strong>przestantiam</strong></span> <span class='ocrx_word' id='word_1_42' title='bbox 1807 649 1995 717; x_wconf 87' lang='lat' dir='ltr'><strong>laudo,</strong></span> 
     </span>
    </p>
   </div>
   <div class='ocr_carea' id='block_1_7' title="bbox 403 741 2000 816">
    <p class='ocr_par' dir='ltr' id='par_1_7' title="bbox 403 741 2000 816">
     <span class='ocr_line' id='line_1_7' title="bbox 403 741 2000 816; baseline -0.001 -18"><span class='ocrx_word' id='word_1_43' title='bbox 403 746 498 816; x_wconf 88' lang='lat' dir='ltr'><strong>qui</strong></span> <span class='ocrx_word' id='word_1_44' title='bbox 539 759 628 799; x_wconf 81' lang='lat' dir='ltr'><strong>res</strong></span> <span class='ocrx_word' id='word_1_45' title='bbox 661 752 921 799; x_wconf 75' lang='lat' dir='ltr'><strong>externas</strong></span> <span class='ocrx_word' id='word_1_46' title='bbox 963 744 1180 797; x_wconf 85' lang='lat' dir='ltr'><strong>nullum</strong></span> <span class='ocrx_word' id='word_1_47' title='bbox 1225 742 1293 797; x_wconf 89' lang='lat' dir='ltr'><strong>ad</strong></span> <span class='ocrx_word' id='word_1_48' title='bbox 1332 741 1727 798; x_wconf 74' lang='lat' dir='ltr'><strong>beatitudinem</strong></span> <span class='ocrx_word' id='word_1_49' title='bbox 1769 742 2000 812; x_wconf 87' lang='lat' dir='ltr'><strong>impedi-</strong></span> 
     </span>
    </p>
   </div>
   <div class='ocr_carea' id='block_1_8' title="bbox 304 833 1998 911">
    <p class='ocr_par' dir='ltr' id='par_1_8' title="bbox 304 833 1998 911">
     <span class='ocr_line' id='line_1_8' title="bbox 304 833 1998 911; baseline -0.002 -20"><span class='ocrx_word' id='word_1_50' title='bbox 304 910 307 911; x_wconf 15' lang='grc' dir='ltr'><em>ν</em></span> <span class='ocrx_word' id='word_1_51' title='bbox 405 844 651 891; x_wconf 89' lang='lat' dir='ltr'><strong>mentum</strong></span> <span class='ocrx_word' id='word_1_52' title='bbox 696 834 896 889; x_wconf 81' lang='lat' dir='ltr'><strong>afferre</strong></span> <span class='ocrx_word' id='word_1_53' title='bbox 937 834 1153 898; x_wconf 88' lang='lat' dir='ltr'><strong>dicunt,</strong></span> <span class='ocrx_word' id='word_1_54' title='bbox 1189 834 1283 890; x_wconf 90' lang='lat' dir='ltr'><strong>sed</strong></span> <span class='ocrx_word' id='word_1_55' title='bbox 1318 835 1496 889; x_wconf 88' lang='lat' dir='ltr'><strong>virum</strong></span> <span class='ocrx_word' id='word_1_56' title='bbox 1534 833 1740 889; x_wconf 90' lang='lat' dir='ltr'><strong>bonum</strong></span> <span class='ocrx_word' id='word_1_57' title='bbox 1774 833 1998 890; x_wconf 89' lang='lat' dir='ltr'><strong>beatum</strong></span> 
     </span>
    </p>
   </div>
   <div class='ocr_carea' id='block_1_9' title="bbox 402 924 1770 992">
    <p class='ocr_par' dir='ltr' id='par_1_9' title="bbox 402 924 1770 992">
     <span class='ocr_line' id='line_1_9' title="bbox 402 924 1770 992; baseline -0.002 -9"><span class='ocrx_word' id='word_1_58' title='bbox 402 942 549 992; x_wconf 86' lang='lat' dir='ltr'><strong>esse,</strong></span> <span class='ocrx_word' id='word_1_59' title='bbox 586 927 806 981; x_wconf 88' lang='lat' dir='ltr'><strong>etiamsi</strong></span> <span class='ocrx_word' id='word_1_60' title='bbox 838 926 894 980; x_wconf 88' lang='lat' dir='ltr'><strong>in</strong></span> <span class='ocrx_word' id='word_1_61' title='bbox 931 924 1244 981; x_wconf 82' lang='lat' dir='ltr'><strong>Phalaridis</strong></span> <span class='ocrx_word' id='word_1_62' title='bbox 1283 933 1445 980; x_wconf 86' lang='lat' dir='ltr'><strong>tauro</strong></span> <span class='ocrx_word' id='word_1_63' title='bbox 1472 935 1770 982; x_wconf 81' lang='lat' dir='ltr'><strong>cremetur.</strong></span> 
     </span>
    </p>
   </div>
   <div class='ocr_carea' id='block_1_10' title="bbox 473 1015 1997 1088">
    <p class='ocr_par' dir='ltr' id='par_1_10' title="bbox 473 1015 1997 1088">
     <span class='ocr_line' id='line_1_10' title="bbox 473 1015 1997 1088; baseline -0.003 -14"><span class='ocrx_word' id='word_1_64' title='bbox 473 1016 559 1074; x_wconf 85' lang='lat' dir='ltr'><strong>0b</strong></span> <span class='ocrx_word' id='word_1_65' title='bbox 589 1033 822 1088; x_wconf 83' lang='lat' dir='ltr'><strong>eamque</strong></span> <span class='ocrx_word' id='word_1_66' title='bbox 870 1032 1099 1072; x_wconf 85' lang='lat' dir='ltr'><strong>causam</strong></span> <span class='ocrx_word' id='word_1_67' title='bbox 1141 1033 1251 1072; x_wconf 90' lang='lat' dir='ltr'><strong>nou</strong></span> <span class='ocrx_word' id='word_1_68' title='bbox 1306 1033 1405 1073; x_wconf 91' lang='lat' dir='ltr'><strong>eos</strong></span> <span class='ocrx_word' id='word_1_69' title='bbox 1464 1026 1679 1071; x_wconf 90' lang='lat' dir='ltr'><strong>tantum</strong></span> <span class='ocrx_word' id='word_1_70' title='bbox 1729 1015 1997 1082; x_wconf 83' lang='lat' dir='ltr'><strong>admiror,</strong></span> 
     </span>
    </p>
   </div>
   <div class='ocr_carea' id='block_1_11' title="bbox 404 1110 1996 1184">
    <p class='ocr_par' dir='ltr' id='par_1_11' title="bbox 404 1110 1996 1184">
     <span class='ocr_line' id='line_1_11' title="bbox 404 1110 1996 1184; baseline -0.003 -16"><span class='ocrx_word' id='word_1_71' title='bbox 404 1114 498 1184; x_wconf 87' lang='lat' dir='ltr'><strong>qui</strong></span> <span class='ocrx_word' id='word_1_72' title='bbox 528 1113 674 1183; x_wconf 90' lang='lat' dir='ltr'><strong>apud</strong></span> <span class='ocrx_word' id='word_1_73' title='bbox 712 1127 815 1167; x_wconf 90' lang='lat' dir='ltr'><strong>nos</strong></span> <span class='ocrx_word' id='word_1_74' title='bbox 858 1126 960 1181; x_wconf 88' lang='lat' dir='ltr'><strong>pro</strong></span> <span class='ocrx_word' id='word_1_75' title='bbox 998 1111 1203 1167; x_wconf 90' lang='lat' dir='ltr'><strong>virtute</strong></span> <span class='ocrx_word' id='word_1_76' title='bbox 1242 1110 1509 1180; x_wconf 72' lang='lat' dir='ltr'><strong>periculis</strong></span> <span class='ocrx_word' id='word_1_77' title='bbox 1555 1126 1614 1165; x_wconf 91' lang='lat' dir='ltr'><strong>se</strong></span> <span class='ocrx_word' id='word_1_78' title='bbox 1654 1110 1996 1174; x_wconf 87' lang='lat' dir='ltr'><strong>obtulerunt,</strong></span> 
     </span>
    </p>
   </div>
   <div class='ocr_carea' id='block_1_12' title="bbox 403 1200 1999 1263">
    <p class='ocr_par' dir='ltr' id='par_1_12' title="bbox 403 1200 1999 1263">
     <span class='ocr_line' id='line_1_12' title="bbox 403 1200 1999 1263; baseline -0.003 -5"><span class='ocrx_word' id='word_1_79' title='bbox 403 1209 500 1258; x_wconf 90' lang='lat' dir='ltr'><strong>aut</strong></span> <span class='ocrx_word' id='word_1_80' title='bbox 546 1201 915 1257; x_wconf 85' lang='lat' dir='ltr'><strong>calamitatem</strong></span> <span class='ocrx_word' id='word_1_81' title='bbox 965 1200 1182 1254; x_wconf 76' lang='lat' dir='ltr'><strong>fortiter</strong></span> <span class='ocrx_word' id='word_1_82' title='bbox 1224 1200 1515 1263; x_wconf 91' lang='lat' dir='ltr'><strong>tulerunt,</strong></span> <span class='ocrx_word' id='word_1_83' title='bbox 1579 1200 1675 1256; x_wconf 86' lang='lat' dir='ltr'><strong>sed</strong></span> <span class='ocrx_word' id='word_1_84' title='bbox 1737 1207 1999 1254; x_wconf 83' lang='lat' dir='ltr'><strong>externos</strong></span> 
     </span>
    </p>
   </div>
   <div class='ocr_carea' id='block_1_13' title="bbox 403 1290 1998 1363">
    <p class='ocr_par' dir='ltr' id='par_1_13' title="bbox 403 1290 1998 1363">
     <span class='ocr_line' id='line_1_13' title="bbox 403 1290 1998 1363; baseline -0.004 -14"><span class='ocrx_word' id='word_1_85' title='bbox 403 1294 591 1356; x_wconf 88' lang='lat' dir='ltr'><strong>etiam,</strong></span> <span class='ocrx_word' id='word_1_86' title='bbox 628 1294 721 1363; x_wconf 88' lang='lat' dir='ltr'><strong>qui</strong></span> <span class='ocrx_word' id='word_1_87' title='bbox 762 1292 972 1348; x_wconf 89' lang='lat' dir='ltr'><strong>similes</strong></span> <span class='ocrx_word' id='word_1_88' title='bbox 1001 1306 1194 1347; x_wconf 88' lang='lat' dir='ltr'><strong>eorum</strong></span> <span class='ocrx_word' id='word_1_89' title='bbox 1236 1296 1592 1359; x_wconf 81' lang='lat' dir='ltr'><strong>exstiterunt,</strong></span> <span class='ocrx_word' id='word_1_90' title='bbox 1615 1290 1768 1346; x_wconf 85' lang='lat' dir='ltr'><strong>verbi</strong></span> <span class='ocrx_word' id='word_1_91' title='bbox 1798 1290 1998 1362; x_wconf 76' lang='lat' dir='ltr'><strong>gratia,</strong></span> 
     </span>
    </p>
   </div>
   <div class='ocr_carea' id='block_1_14' title="bbox 404 1383 2003 1454">
    <p class='ocr_par' dir='ltr' id='par_1_14' title="bbox 404 1383 2003 1454">
     <span class='ocr_line' id='line_1_14' title="bbox 404 1383 2003 1454; baseline -0.001 -15"><span class='ocrx_word' id='word_1_92' title='bbox 404 1385 791 1440; x_wconf 82' lang='lat' dir='ltr'><strong>Anaxarchum</strong></span> <span class='ocrx_word' id='word_1_93' title='bbox 836 1385 1017 1449; x_wconf 86' lang='lat' dir='ltr'><strong>illum,</strong></span> <span class='ocrx_word' id='word_1_94' title='bbox 1067 1383 1416 1454; x_wconf 82' lang='lat' dir='ltr'><strong>Epictetum,</strong></span> <span class='ocrx_word' id='word_1_95' title='bbox 1464 1384 1773 1446; x_wconf 86' lang='lat' dir='ltr'><strong>Socratem,</strong></span> <span class='ocrx_word' id='word_1_96' title='bbox 1823 1390 1880 1436; x_wconf 88' lang='lat' dir='ltr'><strong>ut</strong></span> <span class='ocrx_word' id='word_1_97' title='bbox 1932 1395 2003 1437; x_wconf 87' lang='lat' dir='ltr'><strong>ne</strong></span> 
     </span>
    </p>
   </div>
   <div class='ocr_carea' id='block_1_15' title="bbox 404 1476 2000 1555">
    <p class='ocr_par' dir='ltr' id='par_1_15' title="bbox 404 1476 2000 1555">
     <span class='ocr_line' id='line_1_15' title="bbox 404 1476 2000 1555; baseline -0.002 -23"><span class='ocrx_word' id='word_1_98' title='bbox 404 1479 593 1549; x_wconf 83' lang='lat' dir='ltr'><strong>plures</strong></span> <span class='ocrx_word' id='word_1_99' title='bbox 632 1492 953 1533; x_wconf 88' lang='lat' dir='ltr'><strong>recenseam</strong></span> <span class='ocrx_word' id='word_1_100' title='bbox 1015 1494 1028 1530; x_wconf 91' lang='lat'><strong>:</strong></span> <span class='ocrx_word' id='word_1_101' title='bbox 1078 1491 1316 1545; x_wconf 87' lang='lat' dir='ltr'><strong>quorum</strong></span> <span class='ocrx_word' id='word_1_102' title='bbox 1364 1476 1596 1547; x_wconf 88' lang='lat' dir='ltr'><strong>primus,</strong></span> <span class='ocrx_word' id='word_1_103' title='bbox 1631 1487 2000 1555; x_wconf 65' lang='lat' dir='ltr'><strong>cumulatius</strong></span> 
     </span>
    </p>
   </div>
   <div class='ocr_carea' id='block_1_16' title="bbox 403 1563 2003 1639">
    <p class='ocr_par' dir='ltr' id='par_1_16' title="bbox 403 1563 2003 1639">
     <span class='ocr_line' id='line_1_16' title="bbox 403 1563 2003 1639; baseline -0.002 -18"><span class='ocrx_word' id='word_1_104' title='bbox 403 1569 605 1638; x_wconf 85' lang='lat' dir='ltr'><strong>ipsius,</strong></span> <span class='ocrx_word' id='word_1_105' title='bbox 658 1576 898 1639; x_wconf 84' lang='lat' dir='ltr'><strong>tyranno</strong></span> <span class='ocrx_word' id='word_1_106' title='bbox 952 1566 1028 1620; x_wconf 88' lang='lat' dir='ltr'><strong>ita</strong></span> <span class='ocrx_word' id='word_1_107' title='bbox 1083 1565 1412 1637; x_wconf 89' lang='lat' dir='ltr'><strong>imperante,</strong></span> <span class='ocrx_word' id='word_1_108' title='bbox 1462 1566 1519 1619; x_wconf 90' lang='lat' dir='ltr'><strong>in</strong></span> <span class='ocrx_word' id='word_1_109' title='bbox 1562 1563 1831 1620; x_wconf 88' lang='lat' dir='ltr'><strong>mortario</strong></span> <span class='ocrx_word' id='word_1_110' title='bbox 1873 1579 2003 1618; x_wconf 83' lang='lat' dir='ltr'><strong>con-</strong></span> 
     </span>
    </p>
   </div>
   <div class='ocr_carea' id='block_1_17' title="bbox 404 1657 1999 1729">
    <p class='ocr_par' dir='ltr' id='par_1_17' title="bbox 404 1657 1999 1729">
     <span class='ocr_line' id='line_1_17' title="bbox 404 1657 1999 1729; baseline -0.001 -15"><span class='ocrx_word' id='word_1_111' title='bbox 404 1660 795 1724; x_wconf 87' lang='lat' dir='ltr'><strong>tunderentur,</strong></span> <span class='ocrx_word' id='word_1_112' title='bbox 858 1661 1153 1715; x_wconf 83' lang='lat' dir='ltr'><strong>carnifices</strong></span> <span class='ocrx_word' id='word_1_113' title='bbox 1220 1658 1539 1714; x_wconf 80' lang='lat' dir='ltr'><strong>Anaxarchi</strong></span> <span class='ocrx_word' id='word_1_114' title='bbox 1606 1657 1718 1729; x_wconf 71' lang='lat'><strong>29</strong></span> <span class='ocrx_word' id='word_1_115' title='bbox 1777 1658 1999 1713; x_wconf 90' lang='lat' dir='ltr'><strong>culeum</strong></span> 
     </span>
    </p>
   </div>
   <div class='ocr_carea' id='block_1_18' title="bbox 2106 467 3720 543">
    <p class='ocr_par' dir='ltr' id='par_1_18' title="bbox 2106 467 3720 543">
     <span class='ocr_line' id='line_1_18' title="bbox 2106 467 3720 543; baseline 0.003 -22"><span class='ocrx_word' id='word_1_116' title='bbox 2106 469 2459 540; x_wconf 77' lang='grc' dir='ltr'><strong>εὐδαιμονίας</strong></span> <span class='ocrx_word' id='word_1_117' title='bbox 2491 470 2867 543; x_wconf 74' lang='grc' dir='ltr'><strong>κωλυομένης.</strong></span> <span class='ocrx_word' id='word_1_118' title='bbox 2920 467 3164 524; x_wconf 85' lang='grc' dir='ltr'>Ἐπαινῶ</span> <span class='ocrx_word' id='word_1_119' title='bbox 3189 470 3249 524; x_wconf 81' lang='grc' dir='ltr'>δὲ</span> <span class='ocrx_word' id='word_1_120' title='bbox 3286 468 3398 524; x_wconf 83' lang='grc' dir='ltr'>τῶν</span> <span class='ocrx_word' id='word_1_121' title='bbox 3440 472 3556 524; x_wconf 76' lang='grc' dir='ltr'><strong>ἀπὸ</strong></span> <span class='ocrx_word' id='word_1_122' title='bbox 3602 474 3720 543; x_wconf 81' lang='grc' dir='ltr'>τῆς</span> 
     </span>
    </p>
   </div>
   <div class='ocr_carea' id='block_1_19' title="bbox 2105 561 3719 636">
    <p class='ocr_par' dir='ltr' id='par_1_19' title="bbox 2105 561 3719 636">
     <span class='ocr_line' id='line_1_19' title="bbox 2105 561 3719 636; baseline 0.004 -23"><span class='ocrx_word' id='word_1_123' title='bbox 2105 561 2277 625; x_wconf 81' lang='grc' dir='ltr'><strong>Στοᾶς</strong></span> <span class='ocrx_word' id='word_1_124' title='bbox 2331 562 2394 615; x_wconf 80' lang='grc' dir='ltr'>τὸ</span> <span class='ocrx_word' id='word_1_125' title='bbox 2447 564 2695 618; x_wconf 85' lang='grc' dir='ltr'>νεανικόν</span> <span class='ocrx_word' id='word_1_126' title='bbox 2741 580 2800 617; x_wconf 89' lang='grc' dir='ltr'><strong>τε</strong></span> <span class='ocrx_word' id='word_1_127' title='bbox 2851 563 2948 618; x_wconf 72' lang='grc' dir='ltr'>καὶ</span> <span class='ocrx_word' id='word_1_128' title='bbox 3000 563 3333 635; x_wconf 80' lang='grc' dir='ltr'><strong>μεγαλόνουν</strong></span> <span class='ocrx_word' id='word_1_129' title='bbox 3358 603 3375 623; x_wconf 87' lang='lat'><strong>.</strong></span> <span class='ocrx_word' id='word_1_130' title='bbox 3428 563 3480 617; x_wconf 79' lang='grc' dir='ltr'>οἳ</span> <span class='ocrx_word' id='word_1_131' title='bbox 3535 566 3719 636; x_wconf 78' lang='grc' dir='ltr'>μηδὲν</span> 
     </span>
    </p>
   </div>
   <div class='ocr_carea' id='block_1_20' title="bbox 2106 653 3717 729">
    <p class='ocr_par' dir='ltr' id='par_1_20' title="bbox 2106 653 3717 729">
     <span class='ocr_line' id='line_1_20' title="bbox 2106 653 3717 729; baseline 0.002 -22"><span class='ocrx_word' id='word_1_132' title='bbox 2106 653 2337 709; x_wconf 79' lang='grc' dir='ltr'><strong>κωλύειν</strong></span> <span class='ocrx_word' id='word_1_133' title='bbox 2385 656 2522 725; x_wconf 82' lang='grc' dir='ltr'>φασὶ</span> <span class='ocrx_word' id='word_1_134' title='bbox 2568 655 2707 729; x_wconf 75' lang='grc' dir='ltr'>πρὸς</span> <span class='ocrx_word' id='word_1_135' title='bbox 2758 656 3104 727; x_wconf 75' lang='grc' dir='ltr'><strong>εὐδαιμονίαν</strong></span> <span class='ocrx_word' id='word_1_136' title='bbox 3159 655 3234 710; x_wconf 84' lang='grc' dir='ltr'><strong>τὰ</strong></span> <span class='ocrx_word' id='word_1_137' title='bbox 3288 655 3523 722; x_wconf 72' lang='grc' dir='ltr'>ἔξωθεν,</span> <span class='ocrx_word' id='word_1_138' title='bbox 3588 658 3717 711; x_wconf 78' lang='grc' dir='ltr'>ἀλλ’</span> 
     </span>
    </p>
   </div>
   <div class='ocr_carea' id='block_1_21' title="bbox 2105 741 3717 822">
    <p class='ocr_par' dir='ltr' id='par_1_21' title="bbox 2105 741 3717 822">
     <span class='ocr_line' id='line_1_21' title="bbox 2105 741 3717 822; baseline 0.004 -23"><span class='ocrx_word' id='word_1_139' title='bbox 2105 741 2244 800; x_wconf 77' lang='grc' dir='ltr'>εἶναι</span> <span class='ocrx_word' id='word_1_140' title='bbox 2297 747 2391 801; x_wconf 76' lang='grc' dir='ltr'>τὸν</span> <span class='ocrx_word' id='word_1_141' title='bbox 2444 749 2736 803; x_wconf 86' lang='grc' dir='ltr'>σπουδαῖον</span> <span class='ocrx_word' id='word_1_142' title='bbox 2792 748 3063 821; x_wconf 81' lang='grc' dir='ltr'>μακάριον</span> <span class='ocrx_word' id='word_1_143' title='bbox 3082 786 3099 816; x_wconf 86' lang='grc'><strong>,</strong></span> <span class='ocrx_word' id='word_1_144' title='bbox 3152 749 3258 805; x_wconf 71' lang='grc' dir='ltr'>κᾶν</span> <span class='ocrx_word' id='word_1_145' title='bbox 3321 749 3352 802; x_wconf 88' lang='lat'><strong>6</strong></span> <span class='ocrx_word' id='word_1_146' title='bbox 3397 748 3717 822; x_wconf 79' lang='grc' dir='ltr'><strong>Φαλάριδος</strong></span> 
     </span>
    </p>
   </div>
   <div class='ocr_carea' id='block_1_22' title="bbox 2104 838 2779 914">
    <p class='ocr_par' dir='ltr' id='par_1_22' title="bbox 2104 838 2779 914">
     <span class='ocr_line' id='line_1_22' title="bbox 2104 838 2779 914; baseline 0.006 -21"><span class='ocrx_word' id='word_1_147' title='bbox 2104 838 2305 912; x_wconf 77' lang='grc' dir='ltr'>ταῦρος</span> <span class='ocrx_word' id='word_1_148' title='bbox 2333 840 2435 914; x_wconf 78' lang='grc' dir='ltr'><strong>ἔχῃ</strong></span> <span class='ocrx_word' id='word_1_149' title='bbox 2464 841 2779 913; x_wconf 75' lang='grc' dir='ltr'>καιόμενον.</span> 
     </span>
    </p>
   </div>
   <div class='ocr_carea' id='block_1_23' title="bbox 2177 1017 3710 1095">
    <p class='ocr_par' dir='ltr' id='par_1_23' title="bbox 2177 1017 3710 1095">
     <span class='ocr_line' id='line_1_23' title="bbox 2177 1017 3710 1095; baseline 0.001 -22"><span class='ocrx_word' id='word_1_150' title='bbox 2177 1019 2291 1074; x_wconf 75' lang='grc' dir='ltr'><strong>Καὶ</strong></span> <span class='ocrx_word' id='word_1_151' title='bbox 2343 1020 2434 1074; x_wconf 77' lang='grc' dir='ltr'>διὰ</span> <span class='ocrx_word' id='word_1_152' title='bbox 2498 1017 2653 1073; x_wconf 81' lang='grc' dir='ltr'>τοῦτο</span> <span class='ocrx_word' id='word_1_153' title='bbox 2698 1018 2967 1091; x_wconf 81' lang='grc' dir='ltr'>θαυμάζω</span> <span class='ocrx_word' id='word_1_154' title='bbox 3028 1019 3128 1091; x_wconf 83' lang='grc' dir='ltr'><strong>μὲν</strong></span> <span class='ocrx_word' id='word_1_155' title='bbox 3181 1022 3308 1087; x_wconf 81' lang='grc' dir='ltr'>τοὺς</span> <span class='ocrx_word' id='word_1_156' title='bbox 3370 1023 3504 1095; x_wconf 77' lang='grc' dir='ltr'>παρ’</span> <span class='ocrx_word' id='word_1_157' title='bbox 3567 1020 3710 1093; x_wconf 77' lang='grc' dir='ltr'>ἡμῖν</span> 
     </span>
    </p>
   </div>
   <div class='ocr_carea' id='block_1_24' title="bbox 2107 1110 3718 1186">
    <p class='ocr_par' dir='ltr' id='par_1_24' title="bbox 2107 1110 3718 1186">
     <span class='ocr_line' id='line_1_24' title="bbox 2107 1110 3718 1186; baseline 0.001 -22"><span class='ocrx_word' id='word_1_158' title='bbox 2107 1110 2249 1183; x_wconf 75' lang='grc' dir='ltr'><strong>ὑπὲρ</strong></span> <span class='ocrx_word' id='word_1_159' title='bbox 2301 1110 2396 1164; x_wconf 80' lang='grc' dir='ltr'>τοῦ</span> <span class='ocrx_word' id='word_1_160' title='bbox 2445 1110 2615 1165; x_wconf 84' lang='grc' dir='ltr'>καλοῦ</span> <span class='ocrx_word' id='word_1_161' title='bbox 2663 1110 3152 1175; x_wconf 83' lang='grc' dir='ltr'>κινδυνεύσαντας,</span> <span class='ocrx_word' id='word_1_162' title='bbox 3203 1113 3236 1184; x_wconf 86' lang='grc' dir='ltr'>ἢ</span> <span class='ocrx_word' id='word_1_163' title='bbox 3276 1114 3571 1186; x_wconf 68' lang='grc' dir='ltr'>συμφορὰν</span> <span class='ocrx_word' id='word_1_164' title='bbox 3632 1113 3718 1165; x_wconf 76' lang='grc' dir='ltr'>δι-</span> 
     </span>
    </p>
   </div>
   <div class='ocr_carea' id='block_1_25' title="bbox 2108 1201 3720 1272">
    <p class='ocr_par' dir='ltr' id='par_1_25' title="bbox 2108 1201 3720 1272">
     <span class='ocr_line' id='line_1_25' title="bbox 2108 1201 3720 1272; baseline -0.001 -16"><span class='ocrx_word' id='word_1_165' title='bbox 2108 1201 2434 1271; x_wconf 81' lang='grc' dir='ltr'>ενεγκόντας</span> <span class='ocrx_word' id='word_1_166' title='bbox 2467 1201 2763 1266; x_wconf 82' lang='grc' dir='ltr'><strong>νεανικῶς·</strong></span> <span class='ocrx_word' id='word_1_167' title='bbox 2807 1202 3075 1272; x_wconf 76' lang='grc' dir='ltr'>θαυμάζω</span> <span class='ocrx_word' id='word_1_168' title='bbox 3106 1203 3164 1256; x_wconf 81' lang='grc' dir='ltr'>δὲ</span> <span class='ocrx_word' id='word_1_169' title='bbox 3198 1204 3291 1256; x_wconf 74' lang='grc' dir='ltr'>καὶ</span> <span class='ocrx_word' id='word_1_170' title='bbox 3340 1205 3448 1257; x_wconf 80' lang='grc' dir='ltr'>τῶν</span> <span class='ocrx_word' id='word_1_171' title='bbox 3497 1202 3720 1268; x_wconf 74' lang='grc' dir='ltr'>ἔξωθεν</span> 
     </span>
    </p>
   </div>
   <div class='ocr_carea' id='block_1_26' title="bbox 2106 1288 3721 1367">
    <p class='ocr_par' dir='ltr' id='par_1_26' title="bbox 2106 1288 3721 1367">
     <span class='ocr_line' id='line_1_26' title="bbox 2106 1288 3721 1367; baseline 0.001 -23"><span class='ocrx_word' id='word_1_172' title='bbox 2106 1293 2234 1357; x_wconf 86' lang='grc' dir='ltr'>τοὺς</span> <span class='ocrx_word' id='word_1_173' title='bbox 2289 1291 2498 1357; x_wconf 84' lang='grc' dir='ltr'><strong>τούτοις</strong></span> <span class='ocrx_word' id='word_1_174' title='bbox 2571 1292 2998 1364; x_wconf 77' lang='grc' dir='ltr'><strong>παραπλησίους</strong></span> <span class='ocrx_word' id='word_1_175' title='bbox 3025 1334 3039 1359; x_wconf 90' lang='grc'><strong>,</strong></span> <span class='ocrx_word' id='word_1_176' title='bbox 3106 1288 3219 1346; x_wconf 72' lang='grc' dir='ltr'>οἷον</span> <span class='ocrx_word' id='word_1_177' title='bbox 3275 1294 3369 1348; x_wconf 83' lang='grc' dir='ltr'>τὸν</span> <span class='ocrx_word' id='word_1_178' title='bbox 3437 1294 3721 1367; x_wconf 80' lang='grc' dir='ltr'>Ἀνάξαρ-</span> 
     </span>
    </p>
   </div>
   <div class='ocr_carea' id='block_1_27' title="bbox 2107 1382 3717 1454">
    <p class='ocr_par' dir='ltr' id='par_1_27' title="bbox 2107 1382 3717 1454">
     <span class='ocr_line' id='line_1_27' title="bbox 2107 1382 3717 1454; baseline 0 -17"><span class='ocrx_word' id='word_1_179' title='bbox 2107 1400 2201 1454; x_wconf 87' lang='grc' dir='ltr'>χον</span> <span class='ocrx_word' id='word_1_180' title='bbox 2246 1384 2360 1449; x_wconf 77' lang='grc'><strong>(56)</strong></span> <span class='ocrx_word' id='word_1_181' title='bbox 2400 1386 2644 1449; x_wconf 78' lang='grc' dir='ltr'>ἐκεῖνον,</span> <span class='ocrx_word' id='word_1_182' title='bbox 2693 1383 2787 1438; x_wconf 77' lang='grc' dir='ltr'>τὸν</span> <span class='ocrx_word' id='word_1_183' title='bbox 2828 1382 3156 1454; x_wconf 83' lang='grc' dir='ltr'>Ἐπίκτητον</span> <span class='ocrx_word' id='word_1_184' title='bbox 3180 1421 3195 1448; x_wconf 88' lang='grc'><strong>,</strong></span> <span class='ocrx_word' id='word_1_185' title='bbox 3241 1383 3333 1438; x_wconf 78' lang='grc' dir='ltr'>τὸν</span> <span class='ocrx_word' id='word_1_186' title='bbox 3376 1384 3717 1454; x_wconf 77' lang='grc' dir='ltr'><strong>Σωκράτην,</strong></span> 
     </span>
    </p>
   </div>
   <div class='ocr_carea' id='block_1_28' title="bbox 2108 1470 3724 1547">
    <p class='ocr_par' dir='ltr' id='par_1_28' title="bbox 2108 1470 3724 1547">
     <span class='ocr_line' id='line_1_28' title="bbox 2108 1470 3724 1547; baseline 0.001 -18"><span class='ocrx_word' id='word_1_187' title='bbox 2108 1476 2196 1529; x_wconf 77' lang='grc' dir='ltr'><strong>ἵνα</strong></span> <span class='ocrx_word' id='word_1_188' title='bbox 2234 1477 2309 1547; x_wconf 85' lang='grc' dir='ltr'>μὴ</span> <span class='ocrx_word' id='word_1_189' title='bbox 2360 1476 2506 1545; x_wconf 82' lang='grc' dir='ltr'>λέγω</span> <span class='ocrx_word' id='word_1_190' title='bbox 2552 1476 2814 1541; x_wconf 79' lang='grc' dir='ltr'>πολλούς’</span> <span class='ocrx_word' id='word_1_191' title='bbox 2863 1470 2938 1529; x_wconf 81' lang='grc' dir='ltr'><strong>ὧν</strong></span> <span class='ocrx_word' id='word_1_192' title='bbox 2970 1477 2999 1529; x_wconf 91' lang='lat'><strong>6</strong></span> <span class='ocrx_word' id='word_1_193' title='bbox 3052 1474 3151 1546; x_wconf 84' lang='grc' dir='ltr'><strong>μὲν</strong></span> <span class='ocrx_word' id='word_1_194' title='bbox 3199 1478 3258 1529; x_wconf 86' lang='grc' dir='ltr'>ὲν</span> <span class='ocrx_word' id='word_1_195' title='bbox 3298 1475 3449 1547; x_wconf 79' lang='grc' dir='ltr'>ὅλμῳ</span> <span class='ocrx_word' id='word_1_196' title='bbox 3502 1493 3724 1530; x_wconf 79' lang='grc' dir='ltr'>κοπτο·</span> 
     </span>
    </p>
   </div>
   <div class='ocr_carea' id='block_1_29' title="bbox 2112 1565 3723 1639">
    <p class='ocr_par' dir='ltr' id='par_1_29' title="bbox 2112 1565 3723 1639">
     <span class='ocr_line' id='line_1_29' title="bbox 2112 1565 3723 1639; baseline 0 -18"><span class='ocrx_word' id='word_1_197' title='bbox 2112 1568 2291 1639; x_wconf 86' lang='grc' dir='ltr'>μένων</span> <span class='ocrx_word' id='word_1_198' title='bbox 2337 1567 2505 1622; x_wconf 76' lang='grc' dir='ltr'>αὐτοῦ</span> <span class='ocrx_word' id='word_1_199' title='bbox 2539 1568 2648 1621; x_wconf 78' lang='grc' dir='ltr'>τῶν</span> <span class='ocrx_word' id='word_1_200' title='bbox 2689 1567 2927 1639; x_wconf 86' lang='grc' dir='ltr'>χειρῶν,</span> <span class='ocrx_word' id='word_1_201' title='bbox 2963 1567 3106 1621; x_wconf 75' lang='grc' dir='ltr'>οὕτω</span> <span class='ocrx_word' id='word_1_202' title='bbox 3145 1565 3240 1621; x_wconf 80' lang='grc' dir='ltr'>τοῦ</span> <span class='ocrx_word' id='word_1_203' title='bbox 3292 1567 3561 1639; x_wconf 87' lang='grc' dir='ltr'>τυράννου</span> <span class='ocrx_word' id='word_1_204' title='bbox 3612 1585 3723 1622; x_wconf 65' lang='grc' dir='ltr'>κει</span> 
     </span>
    </p>
   </div>
   <div class='ocr_carea' id='block_1_30' title="bbox 2109 1658 3717 1731">
    <p class='ocr_par' dir='ltr' id='par_1_30' title="bbox 2109 1658 3717 1731">
     <span class='ocr_line' id='line_1_30' title="bbox 2109 1658 3717 1731; baseline 0.001 -19"><span class='ocrx_word' id='word_1_205' title='bbox 2109 1659 2383 1724; x_wconf 82' lang='grc' dir='ltr'>λεύοντος,</span> <span class='ocrx_word' id='word_1_206' title='bbox 2421 1660 2670 1714; x_wconf 77' lang='grc' dir='ltr'><strong>πτίσσειν</strong></span> <span class='ocrx_word' id='word_1_207' title='bbox 2715 1658 2808 1714; x_wconf 79' lang='grc' dir='ltr'>τὸν</span> <span class='ocrx_word' id='word_1_208' title='bbox 2863 1659 3201 1731; x_wconf 80' lang='grc' dir='ltr'>Ἀναξάρχου</span> <span class='ocrx_word' id='word_1_209' title='bbox 3241 1660 3475 1715; x_wconf 82' lang='grc' dir='ltr'>θύλακον</span> <span class='ocrx_word' id='word_1_210' title='bbox 3517 1661 3717 1715; x_wconf 82' lang='grc' dir='ltr'>διεκε-</span> 
     </span>
    </p>
   </div>
   <div class='ocr_carea' id='block_1_31' title="bbox 404 1748 1984 1824">
    <p class='ocr_par' dir='ltr' id='par_1_31' title="bbox 404 1748 1984 1822">
     <span class='ocr_line' id='line_1_31' title="bbox 404 1748 1984 1822; baseline -0.003 -15"><span class='ocrx_word' id='word_1_211' title='bbox 404 1750 643 1808; x_wconf 90' lang='lat' dir='ltr'><strong>tundere</strong></span> <span class='ocrx_word' id='word_1_212' title='bbox 689 1751 924 1821; x_wconf 83' lang='lat' dir='ltr'><strong>jubehat</strong></span> <span class='ocrx_word' id='word_1_213' title='bbox 984 1750 1082 1822; x_wconf 89' lang='lat' dir='ltr'><strong>(ita</strong></span> <span class='ocrx_word' id='word_1_214' title='bbox 1133 1749 1391 1805; x_wconf 87' lang='lat' dir='ltr'><strong>videlicet</strong></span> <span class='ocrx_word' id='word_1_215' title='bbox 1447 1748 1592 1803; x_wconf 88' lang='lat' dir='ltr'><strong>hanc</strong></span> <span class='ocrx_word' id='word_1_216' title='bbox 1638 1761 1984 1803; x_wconf 76' lang='lat' dir='ltr'><strong>aerumnosan</strong></span> 
     </span>
    </p>
   </div>
   <div class='ocr_carea' id='block_1_32' title="bbox 2153 1748 3718 1824">
    <p class='ocr_par' dir='ltr' id='par_1_32' title="bbox 2153 1751 3718 1824">
     <span class='ocr_line' id='line_1_32' title="bbox 2153 1751 3718 1824; baseline 0.001 -19"><span class='ocrx_word' id='word_1_217' title='bbox 2153 1751 2299 1805; x_wconf 78' lang='grc' dir='ltr'>εύετο</span> <span class='ocrx_word' id='word_1_218' title='bbox 2331 1754 2444 1816; x_wconf 82' lang='grc' dir='ltr'>τοῖς</span> <span class='ocrx_word' id='word_1_219' title='bbox 2480 1752 2850 1823; x_wconf 84' lang='grc' dir='ltr'>βασανισταῖς.</span> <span class='ocrx_word' id='word_1_220' title='bbox 2876 1753 2941 1806; x_wconf 87' lang='grc' dir='ltr'><strong>Τί</strong></span> <span class='ocrx_word' id='word_1_221' title='bbox 2967 1753 3126 1805; x_wconf 81' lang='grc' dir='ltr'>τοῦτο</span> <span class='ocrx_word' id='word_1_222' title='bbox 3156 1752 3330 1821; x_wconf 78' lang='grc' dir='ltr'>λέγων</span> <span class='ocrx_word' id='word_1_223' title='bbox 3356 1768 3371 1818; x_wconf 89' lang='grc'><strong>;</strong></span> <span class='ocrx_word' id='word_1_224' title='bbox 3400 1753 3461 1806; x_wconf 83' lang='grc' dir='ltr'>τὸ</span> <span class='ocrx_word' id='word_1_225' title='bbox 3488 1752 3718 1824; x_wconf 80' lang='grc' dir='ltr'>μοχθη-</span> 
     </span>
    </p>
   </div>
   <div class='ocr_carea' id='block_1_33' title="bbox 404 1840 2008 1913">
    <p class='ocr_par' dir='ltr' id='par_1_33' title="bbox 404 1840 2008 1913">
     <span class='ocr_line' id='line_1_33' title="bbox 404 1840 2008 1913; baseline -0.001 -14"><span class='ocrx_word' id='word_1_226' title='bbox 404 1844 765 1900; x_wconf 88' lang='lat' dir='ltr'><strong>carunculam</strong></span> <span class='ocrx_word' id='word_1_227' title='bbox 822 1841 1172 1913; x_wconf 87' lang='lat' dir='ltr'><strong>appellans),</strong></span> <span class='ocrx_word' id='word_1_228' title='bbox 1242 1841 1400 1913; x_wconf 89' lang='lat' dir='ltr'><strong>quasi</strong></span> <span class='ocrx_word' id='word_1_229' title='bbox 1468 1841 1829 1895; x_wconf 77' lang='lat' dir='ltr'><strong>Anaxarchus</strong></span> <span class='ocrx_word' id='word_1_230' title='bbox 1889 1840 2008 1911; x_wconf 75' lang='lat' dir='ltr'><strong>ipse</strong></span> 
     </span>
    </p>
   </div>
   <div class='ocr_carea' id='block_1_34' title="bbox 403 1934 1410 2002">
    <p class='ocr_par' dir='ltr' id='par_1_34' title="bbox 403 1934 1410 2002">
     <span class='ocr_line' id='line_1_34' title="bbox 403 1934 1410 2002; baseline -0.002 -12"><span class='ocrx_word' id='word_1_231' title='bbox 403 1937 634 1991; x_wconf 88' lang='lat' dir='ltr'><strong>minime</strong></span> <span class='ocrx_word' id='word_1_232' title='bbox 706 1935 1056 2002; x_wconf 88' lang='lat' dir='ltr'><strong>tunderetur,</strong></span> <span class='ocrx_word' id='word_1_233' title='bbox 1128 1934 1237 1989; x_wconf 86' lang='lat' dir='ltr'><strong>hoc</strong></span> <span class='ocrx_word' id='word_1_234' title='bbox 1304 1944 1410 1997; x_wconf 89' lang='lat' dir='ltr'><strong>est,</strong></span> 
     </span>
    </p>
   </div>
   <div class='ocr_carea' id='block_1_35' title="bbox 404 2022 2009 2096">
    <p class='ocr_par' dir='ltr' id='par_1_35' title="bbox 404 2022 2009 2096">
     <span class='ocr_line' id='line_1_35' title="bbox 404 2022 2009 2096; baseline -0.006 -15"><span class='ocrx_word' id='word_1_235' title='bbox 404 2041 493 2081; x_wconf 90' lang='lat' dir='ltr'><strong>ma</strong></span> <span class='ocrx_word' id='word_1_236' title='bbox 553 2044 567 2082; x_wconf 89' lang='lat'><strong>:</strong></span> <span class='ocrx_word' id='word_1_237' title='bbox 623 2025 771 2096; x_wconf 87' lang='lat' dir='ltr'><strong>quod</strong></span> <span class='ocrx_word' id='word_1_238' title='bbox 815 2025 1040 2095; x_wconf 75' lang='lat' dir='ltr'><strong>quidem</strong></span> <span class='ocrx_word' id='word_1_239' title='bbox 1088 2023 1234 2095; x_wconf 88' lang='lat' dir='ltr'><strong>apud</strong></span> <span class='ocrx_word' id='word_1_240' title='bbox 1281 2038 1383 2078; x_wconf 90' lang='lat' dir='ltr'><strong>nos</strong></span> <span class='ocrx_word' id='word_1_241' title='bbox 1430 2032 1695 2078; x_wconf 76' lang='lat' dir='ltr'><strong>externus</strong></span> <span class='ocrx_word' id='word_1_242' title='bbox 1744 2022 1908 2075; x_wconf 88' lang='lat' dir='ltr'><strong>homo</strong></span> <span class='ocrx_word' id='word_1_243' title='bbox 1949 2025 2009 2075; x_wconf 93' lang='lat' dir='ltr'><strong>et</strong></span> 
     </span>
    </p>
   </div>
   <div class='ocr_carea' id='block_1_36' title="bbox 403 2113 2008 2190">
    <p class='ocr_par' dir='ltr' id='par_1_36' title="bbox 403 2113 2008 2190">
     <span class='ocr_line' id='line_1_36' title="bbox 403 2113 2008 2190; baseline -0.004 -16"><span class='ocrx_word' id='word_1_244' title='bbox 403 2121 658 2175; x_wconf 89' lang='lat' dir='ltr'><strong>internus</strong></span> <span class='ocrx_word' id='word_1_245' title='bbox 691 2119 1018 2190; x_wconf 87' lang='lat' dir='ltr'><strong>appellatur.</strong></span> <span class='ocrx_word' id='word_1_246' title='bbox 1069 2117 1243 2182; x_wconf 83' lang='lat' dir='ltr'><strong>Alter,</strong></span> <span class='ocrx_word' id='word_1_247' title='bbox 1279 2130 1405 2170; x_wconf 90' lang='lat' dir='ltr'><strong>eum</strong></span> <span class='ocrx_word' id='word_1_248' title='bbox 1450 2129 1582 2168; x_wconf 84' lang='lat' dir='ltr'><strong>crus</strong></span> <span class='ocrx_word' id='word_1_249' title='bbox 1626 2114 1728 2183; x_wconf 88' lang='lat' dir='ltr'><strong>ipsi</strong></span> <span class='ocrx_word' id='word_1_250' title='bbox 1765 2113 2008 2183; x_wconf 79' lang='lat' dir='ltr'><strong>stringe-</strong></span> 
     </span>
    </p>
   </div>
   <div class='ocr_carea' id='block_1_37' title="bbox 404 2207 2007 2280">
    <p class='ocr_par' dir='ltr' id='par_1_37' title="bbox 404 2207 2007 2280">
     <span class='ocr_line' id='line_1_37' title="bbox 404 2207 2007 2280; baseline -0.004 -13"><span class='ocrx_word' id='word_1_251' title='bbox 404 2221 564 2269; x_wconf 90' lang='lat' dir='ltr'><strong>retur</strong></span> <span class='ocrx_word' id='word_1_252' title='bbox 613 2227 677 2267; x_wconf 88' lang='lat' dir='ltr'><strong>ac</strong></span> <span class='ocrx_word' id='word_1_253' title='bbox 718 2212 1181 2280; x_wconf 78' lang='lat' dir='ltr'><strong>distet-queretur,</strong></span> <span class='ocrx_word' id='word_1_254' title='bbox 1236 2209 1389 2264; x_wconf 87' lang='lat' dir='ltr'><strong>velut</strong></span> <span class='ocrx_word' id='word_1_255' title='bbox 1439 2207 1495 2261; x_wconf 91' lang='lat' dir='ltr'><strong>in</strong></span> <span class='ocrx_word' id='word_1_256' title='bbox 1544 2207 1727 2263; x_wconf 90' lang='lat' dir='ltr'><strong>alieno</strong></span> <span class='ocrx_word' id='word_1_257' title='bbox 1770 2219 2007 2275; x_wconf 88' lang='lat' dir='ltr'><strong>corpore</strong></span> 
     </span>
    </p>
   </div>
   <div class='ocr_carea' id='block_1_38' title="bbox 406 2296 2007 2376">
    <p class='ocr_par' dir='ltr' id='par_1_38' title="bbox 406 2296 2007 2376">
     <span class='ocr_line' id='line_1_38' title="bbox 406 2296 2007 2376; baseline -0.004 -17"><span class='ocrx_word' id='word_1_258' title='bbox 406 2304 929 2376; x_wconf 86' lang='lat' dir='ltr'><strong>philosophabatur,</strong></span> <span class='ocrx_word' id='word_1_259' title='bbox 981 2303 1265 2372; x_wconf 87' lang='lat' dir='ltr'><strong>citiusque</strong></span> <span class='ocrx_word' id='word_1_260' title='bbox 1311 2313 1443 2355; x_wconf 89' lang='lat' dir='ltr'><strong>crus</strong></span> <span class='ocrx_word' id='word_1_261' title='bbox 1497 2296 1835 2368; x_wconf 86' lang='lat' dir='ltr'><strong>perfractum</strong></span> <span class='ocrx_word' id='word_1_262' title='bbox 1879 2309 2007 2352; x_wconf 80' lang='lat' dir='ltr'><strong>esse</strong></span> 
     </span>
    </p>
   </div>
   <div class='ocr_carea' id='block_1_39' title="bbox 403 2389 2003 2466">
    <p class='ocr_par' dir='ltr' id='par_1_39' title="bbox 403 2389 2003 2466">
     <span class='ocr_line' id='line_1_39' title="bbox 403 2389 2003 2466; baseline -0.004 -15"><span class='ocrx_word' id='word_1_263' title='bbox 403 2399 589 2453; x_wconf 91' lang='lat' dir='ltr'><strong>visum</strong></span> <span class='ocrx_word' id='word_1_264' title='bbox 649 2404 773 2460; x_wconf 86' lang='lat' dir='ltr'><strong>est,</strong></span> <span class='ocrx_word' id='word_1_265' title='bbox 822 2410 986 2466; x_wconf 93' lang='lat' dir='ltr'><strong>quam</strong></span> <span class='ocrx_word' id='word_1_266' title='bbox 1034 2396 1155 2465; x_wconf 88' lang='lat' dir='ltr'><strong>ipse</strong></span> <span class='ocrx_word' id='word_1_267' title='bbox 1196 2394 1305 2447; x_wconf 91' lang='lat' dir='ltr'><strong>vim</strong></span> <span class='ocrx_word' id='word_1_268' title='bbox 1367 2389 1579 2446; x_wconf 90' lang='lat' dir='ltr'><strong>doloris</strong></span> <span class='ocrx_word' id='word_1_269' title='bbox 1634 2389 2003 2460; x_wconf 82' lang='lat' dir='ltr'><strong>persensisse.</strong></span> 
     </span>
    </p>
   </div>
   <div class='ocr_carea' id='block_1_40' title="bbox 406 2484 2005 2561">
    <p class='ocr_par' dir='ltr' id='par_1_40' title="bbox 406 2484 2005 2561">
     <span class='ocr_line' id='line_1_40' title="bbox 406 2484 2005 2561; baseline -0.004 -16"><span class='ocrx_word' id='word_1_270' title='bbox 406 2491 669 2547; x_wconf 86' lang='lat' dir='ltr'><strong>Socrates</strong></span> <span class='ocrx_word' id='word_1_271' title='bbox 720 2490 961 2561; x_wconf 89' lang='lat' dir='ltr'><strong>denique</strong></span> <span class='ocrx_word' id='word_1_272' title='bbox 1033 2491 1104 2543; x_wconf 89' lang='lat' dir='ltr'><strong>ab</strong></span> <span class='ocrx_word' id='word_1_273' title='bbox 1163 2485 1598 2541; x_wconf 86' lang='lat' dir='ltr'><strong>Atheniensibus</strong></span> <span class='ocrx_word' id='word_1_274' title='bbox 1651 2484 1718 2540; x_wconf 88' lang='lat' dir='ltr'><strong>ad</strong></span> <span class='ocrx_word' id='word_1_275' title='bbox 1771 2493 2005 2540; x_wconf 88' lang='lat' dir='ltr'><strong>mortem</strong></span> 
     </span>
    </p>
   </div>
   <div class='ocr_carea' id='block_1_41' title="bbox 405 2576 2006 2650">
    <p class='ocr_par' dir='ltr' id='par_1_41' title="bbox 405 2576 2006 2650">
     <span class='ocr_line' id='line_1_41' title="bbox 405 2576 2006 2650; baseline -0.002 -13"><span class='ocrx_word' id='word_1_276' title='bbox 405 2582 726 2647; x_wconf 90' lang='lat' dir='ltr'><strong>damnatus,</strong></span> <span class='ocrx_word' id='word_1_277' title='bbox 762 2594 1176 2650; x_wconf 88' lang='lat' dir='ltr'><strong>carceremque,</strong></span> <span class='ocrx_word' id='word_1_278' title='bbox 1233 2585 1293 2632; x_wconf 92' lang='lat' dir='ltr'><strong>ut</strong></span> <span class='ocrx_word' id='word_1_279' title='bbox 1343 2576 1478 2642; x_wconf 88' lang='lat' dir='ltr'><strong>scis,</strong></span> <span class='ocrx_word' id='word_1_280' title='bbox 1525 2576 1814 2641; x_wconf 86' lang='lat' dir='ltr'><strong>incolens,</strong></span> <span class='ocrx_word' id='word_1_281' title='bbox 1849 2577 2006 2649; x_wconf 88' lang='lat' dir='ltr'><strong>prius</strong></span> 
     </span>
    </p>
   </div>
   <div class='ocr_carea' id='block_1_42' title="bbox 403 2668 2003 2747">
    <p class='ocr_par' dir='ltr' id='par_1_42' title="bbox 403 2668 2003 2747">
     <span class='ocr_line' id='line_1_42' title="bbox 403 2668 2003 2747; baseline -0.004 -17"><span class='ocrx_word' id='word_1_282' title='bbox 403 2675 630 2747; x_wconf 87' lang='lat' dir='ltr'><strong>quidem</strong></span> <span class='ocrx_word' id='word_1_283' title='bbox 667 2674 736 2730; x_wconf 88' lang='lat' dir='ltr'><strong>de</strong></span> <span class='ocrx_word' id='word_1_284' title='bbox 769 2687 1026 2745; x_wconf 89' lang='lat' dir='ltr'><strong>corpore,</strong></span> <span class='ocrx_word' id='word_1_285' title='bbox 1058 2678 1322 2742; x_wconf 88' lang='lat' dir='ltr'><strong>tanquam</strong></span> <span class='ocrx_word' id='word_1_286' title='bbox 1356 2668 1422 2724; x_wconf 93' lang='lat' dir='ltr'><strong>de</strong></span> <span class='ocrx_word' id='word_1_287' title='bbox 1456 2669 1564 2724; x_wconf 86' lang='lat' dir='ltr'><strong>alio</strong></span> <span class='ocrx_word' id='word_1_288' title='bbox 1595 2684 1842 2743; x_wconf 82' lang='lat' dir='ltr'><strong>carcere,</strong></span> <span class='ocrx_word' id='word_1_289' title='bbox 1876 2683 2003 2724; x_wconf 90' lang='lat' dir='ltr'><strong>cum</strong></span> 
     </span>
    </p>
   </div>
   <div class='ocr_carea' id='block_1_43' title="bbox 406 2761 2001 2839">
    <p class='ocr_par' dir='ltr' id='par_1_43' title="bbox 406 2761 2001 2839">
     <span class='ocr_line' id='line_1_43' title="bbox 406 2761 2001 2839; baseline -0.004 -17"><span class='ocrx_word' id='word_1_290' title='bbox 406 2768 699 2839; x_wconf 78' lang='lat' dir='ltr'><strong>discipulis</strong></span> <span class='ocrx_word' id='word_1_291' title='bbox 738 2764 1045 2822; x_wconf 87' lang='lat' dir='ltr'><strong>disserebat</strong></span> <span class='ocrx_word' id='word_1_292' title='bbox 1078 2780 1093 2831; x_wconf 91' lang='lat'><strong>;</strong></span> <span class='ocrx_word' id='word_1_293' title='bbox 1126 2778 1367 2834; x_wconf 90' lang='lat' dir='ltr'><strong>cumque</strong></span> <span class='ocrx_word' id='word_1_294' title='bbox 1399 2761 1582 2834; x_wconf 83' lang='lat' dir='ltr'><strong>fugam</strong></span> <span class='ocrx_word' id='word_1_295' title='bbox 1617 2762 1758 2817; x_wconf 87' lang='lat' dir='ltr'><strong>inire</strong></span> <span class='ocrx_word' id='word_1_296' title='bbox 1786 2762 2001 2826; x_wconf 88' lang='lat' dir='ltr'><strong>liceret,</strong></span> 
     </span>
    </p>
   </div>
   <div class='ocr_carea' id='block_1_44' title="bbox 409 2854 2003 2926">
    <p class='ocr_par' dir='ltr' id='par_1_44' title="bbox 409 2854 2003 2926">
     <span class='ocr_line' id='line_1_44' title="bbox 409 2854 2003 2926; baseline -0.004 -13"><span class='ocrx_word' id='word_1_297' title='bbox 409 2859 466 2913; x_wconf 89' lang='lat' dir='ltr'><strong>id</strong></span> <span class='ocrx_word' id='word_1_298' title='bbox 496 2858 675 2913; x_wconf 89' lang='lat' dir='ltr'><strong>facere</strong></span> <span class='ocrx_word' id='word_1_299' title='bbox 705 2856 985 2913; x_wconf 85' lang='lat' dir='ltr'><strong>recusavit</strong></span> <span class='ocrx_word' id='word_1_300' title='bbox 1016 2874 1029 2910; x_wconf 85' lang='lat'><strong>:</strong></span> <span class='ocrx_word' id='word_1_301' title='bbox 1067 2863 1362 2926; x_wconf 87' lang='lat' dir='ltr'><strong>postquam</strong></span> <span class='ocrx_word' id='word_1_302' title='bbox 1390 2862 1575 2909; x_wconf 90' lang='lat' dir='ltr'><strong>autem</strong></span> <span class='ocrx_word' id='word_1_303' title='bbox 1600 2854 1785 2910; x_wconf 82' lang='lat' dir='ltr'><strong>cicuta</strong></span> <span class='ocrx_word' id='word_1_304' title='bbox 1814 2855 2003 2911; x_wconf 87' lang='lat' dir='ltr'><strong>oblata</strong></span> 
     </span>
    </p>
   </div>
   <div class='ocr_carea' id='block_1_45' title="bbox 402 2946 2003 3021">
    <p class='ocr_par' dir='ltr' id='par_1_45' title="bbox 402 2946 2003 3021">
     <span class='ocr_line' id='line_1_45' title="bbox 402 2946 2003 3021; baseline -0.004 -13"><span class='ocrx_word' id='word_1_305' title='bbox 402 2959 524 3015; x_wconf 89' lang='lat' dir='ltr'><strong>est,</strong></span> <span class='ocrx_word' id='word_1_306' title='bbox 561 2951 900 3021; x_wconf 86' lang='lat' dir='ltr'><strong>perlibenter</strong></span> <span class='ocrx_word' id='word_1_307' title='bbox 939 2950 1184 3020; x_wconf 89' lang='lat' dir='ltr'><strong>accepit,</strong></span> <span class='ocrx_word' id='word_1_308' title='bbox 1233 2947 1464 3019; x_wconf 86' lang='lat' dir='ltr'><strong>perinde</strong></span> <span class='ocrx_word' id='word_1_309' title='bbox 1523 2960 1588 3002; x_wconf 91' lang='lat' dir='ltr'><strong>ac</strong></span> <span class='ocrx_word' id='word_1_310' title='bbox 1661 2963 1773 3002; x_wconf 88' lang='lat' dir='ltr'><strong>non</strong></span> <span class='ocrx_word' id='word_1_311' title='bbox 1841 2946 2003 3002; x_wconf 82' lang='lat' dir='ltr'><strong>letale</strong></span> 
     </span>
    </p>
   </div>
   <div class='ocr_carea' id='block_1_46' title="bbox 2110 1841 3719 1915">
    <p class='ocr_par' dir='ltr' id='par_1_46' title="bbox 2110 1841 3719 1915">
     <span class='ocr_line' id='line_1_46' title="bbox 2110 1841 3719 1915; baseline 0.002 -21"><span class='ocrx_word' id='word_1_312' title='bbox 2110 1842 2204 1915; x_wconf 73' lang='grc' dir='ltr'><strong>ρον</strong></span> <span class='ocrx_word' id='word_1_313' title='bbox 2236 1841 2395 1913; x_wconf 76' lang='grc' dir='ltr'>ἡμῶν</span> <span class='ocrx_word' id='word_1_314' title='bbox 2418 1842 2661 1913; x_wconf 81' lang='grc' dir='ltr'>,σαρκίον</span> <span class='ocrx_word' id='word_1_315' title='bbox 2687 1859 2702 1872; x_wconf 90' lang='grc'><strong>·</strong></span> <span class='ocrx_word' id='word_1_316' title='bbox 2746 1842 2824 1907; x_wconf 82' lang='grc' dir='ltr'>ὡς</span> <span class='ocrx_word' id='word_1_317' title='bbox 2875 1842 3207 1914; x_wconf 82' lang='grc' dir='ltr'>Ἀναξάρχου</span> <span class='ocrx_word' id='word_1_318' title='bbox 3248 1859 3313 1912; x_wconf 82' lang='grc' dir='ltr'><strong>τε</strong></span> <span class='ocrx_word' id='word_1_319' title='bbox 3356 1842 3419 1896; x_wconf 91' lang='grc' dir='ltr'><strong>οὐ</strong></span> <span class='ocrx_word' id='word_1_320' title='bbox 3471 1859 3719 1899; x_wconf 81' lang='grc' dir='ltr'>πτισσο-</span> 
     </span>
    </p>
   </div>
   <div class='ocr_carea' id='block_1_47' title="bbox 1499 1931 1984 2006">
    <p class='ocr_par' dir='ltr' id='par_1_47' title="bbox 1499 1931 1984 2003">
     <span class='ocr_line' id='line_1_47' title="bbox 1499 1931 1984 2003; baseline -0.004 -16"><span class='ocrx_word' id='word_1_321' title='bbox 1499 1933 1814 2003; x_wconf 82' lang='lat' dir='ltr'><strong>philosophi</strong></span> <span class='ocrx_word' id='word_1_322' title='bbox 1887 1931 1984 1987; x_wconf 87' lang='lat' dir='ltr'><strong>anl</strong></span> 
     </span>
    </p>
   </div>
   <div class='ocr_carea' id='block_1_48' title="bbox 2153 1931 3714 2006">
    <p class='ocr_par' dir='ltr' id='par_1_48' title="bbox 2153 1933 3714 2006">
     <span class='ocr_line' id='line_1_48' title="bbox 2153 1933 3714 2006; baseline -0.001 -18"><span class='ocrx_word' id='word_1_323' title='bbox 2153 1934 2294 1999; x_wconf 82' lang='grc' dir='ltr'>ένου,</span> <span class='ocrx_word' id='word_1_324' title='bbox 2330 1935 2429 2005; x_wconf 84' lang='grc' dir='ltr'>τῆς</span> <span class='ocrx_word' id='word_1_325' title='bbox 2463 1933 2763 2004; x_wconf 75' lang='grc' dir='ltr'>φιλοσόφου</span> <span class='ocrx_word' id='word_1_326' title='bbox 2809 1933 3021 2005; x_wconf 76' lang='grc' dir='ltr'>ψυχῆς·</span> <span class='ocrx_word' id='word_1_327' title='bbox 3081 1935 3221 2006; x_wconf 82' lang='grc' dir='ltr'>ὅπερ</span> <span class='ocrx_word' id='word_1_328' title='bbox 3259 1935 3393 2006; x_wconf 78' lang='grc' dir='ltr'>ἡμῖν</span> <span class='ocrx_word' id='word_1_329' title='bbox 3422 1936 3451 1988; x_wconf 90' lang='lat'><strong>6</strong></span> <span class='ocrx_word' id='word_1_330' title='bbox 3500 1935 3668 2000; x_wconf 73' lang='grc' dir='ltr'>ἐντὸς</span> <span class='ocrx_word' id='word_1_331' title='bbox 3693 1978 3714 2001; x_wconf 86' lang='grc'><strong>,</strong></span> 
     </span>
    </p>
   </div>
   <div class='ocr_carea' id='block_1_49' title="bbox 2106 2025 3719 2098">
    <p class='ocr_par' dir='ltr' id='par_1_49' title="bbox 2106 2025 3719 2098">
     <span class='ocr_line' id='line_1_49' title="bbox 2106 2025 3719 2098; baseline 0.001 -17"><span class='ocrx_word' id='word_1_332' title='bbox 2106 2027 2200 2081; x_wconf 80' lang='grc' dir='ltr'>κα).</span> <span class='ocrx_word' id='word_1_333' title='bbox 2240 2029 2270 2080; x_wconf 94' lang='lat'><strong>6</strong></span> <span class='ocrx_word' id='word_1_334' title='bbox 2322 2025 2479 2090; x_wconf 79' lang='grc' dir='ltr'>ἐκτὸς</span> <span class='ocrx_word' id='word_1_335' title='bbox 2536 2026 2827 2097; x_wconf 81' lang='grc' dir='ltr'>ἄνθρωπος</span> <span class='ocrx_word' id='word_1_336' title='bbox 2856 2027 2971 2098; x_wconf 76' lang='lat'><strong>(3&#39;7)</strong></span> <span class='ocrx_word' id='word_1_337' title='bbox 3029 2025 3378 2098; x_wconf 76' lang='grc' dir='ltr'>ὀνομάζεται.</span> <span class='ocrx_word' id='word_1_338' title='bbox 3436 2027 3496 2080; x_wconf 92' lang='lat'><strong>&#39;0</strong></span> <span class='ocrx_word' id='word_1_339' title='bbox 3542 2029 3607 2081; x_wconf 84' lang='grc' dir='ltr'>δὲ</span> <span class='ocrx_word' id='word_1_340' title='bbox 3650 2030 3719 2083; x_wconf 84' lang='grc' dir='ltr'>τὸ</span> 
     </span>
    </p>
   </div>
   <div class='ocr_carea' id='block_1_50' title="bbox 2107 2118 3721 2191">
    <p class='ocr_par' dir='ltr' id='par_1_50' title="bbox 2107 2118 3721 2191">
     <span class='ocr_line' id='line_1_50' title="bbox 2107 2118 3721 2191; baseline 0.001 -18"><span class='ocrx_word' id='word_1_341' title='bbox 2107 2121 2301 2184; x_wconf 84' lang='grc' dir='ltr'>σκέλος</span> <span class='ocrx_word' id='word_1_342' title='bbox 2348 2120 2807 2191; x_wconf 82' lang='grc' dir='ltr'>κατατεινόμενος</span> <span class='ocrx_word' id='word_1_343' title='bbox 2846 2119 2942 2172; x_wconf 71' lang='grc' dir='ltr'>καὶ</span> <span class='ocrx_word' id='word_1_344' title='bbox 2980 2118 3413 2191; x_wconf 78' lang='grc' dir='ltr'>στρεϐλούμενος</span> <span class='ocrx_word' id='word_1_345' title='bbox 3442 2119 3559 2191; x_wconf 79' lang='lat'><strong>(58)</strong></span> <span class='ocrx_word' id='word_1_346' title='bbox 3591 2123 3721 2189; x_wconf 73' lang='grc' dir='ltr'><strong>ἐφι-</strong></span> 
     </span>
    </p>
   </div>
   <div class='ocr_carea' id='block_1_51' title="bbox 2106 2209 3717 2283">
    <p class='ocr_par' dir='ltr' id='par_1_51' title="bbox 2106 2209 3717 2283">
     <span class='ocr_line' id='line_1_51' title="bbox 2106 2209 3717 2283; baseline 0.001 -20"><span class='ocrx_word' id='word_1_347' title='bbox 2106 2209 2325 2281; x_wconf 80' lang='grc' dir='ltr'>λοσόφει</span> <span class='ocrx_word' id='word_1_348' title='bbox 2354 2211 2546 2283; x_wconf 81' lang='grc' dir='ltr'>ὥσπερ</span> <span class='ocrx_word' id='word_1_349' title='bbox 2572 2212 2631 2265; x_wconf 81' lang='grc' dir='ltr'><strong>ὲν</strong></span> <span class='ocrx_word' id='word_1_350' title='bbox 2671 2210 2940 2283; x_wconf 84' lang='grc' dir='ltr'>ἀλλοτρίῳ</span> <span class='ocrx_word' id='word_1_351' title='bbox 2977 2210 3057 2281; x_wconf 84' lang='grc' dir='ltr'>τῷ</span> <span class='ocrx_word' id='word_1_352' title='bbox 3098 2209 3312 2281; x_wconf 82' lang='grc' dir='ltr'>σώματι</span> <span class='ocrx_word' id='word_1_353' title='bbox 3332 2228 3346 2242; x_wconf 85' lang='grc'><strong>·</strong></span> <span class='ocrx_word' id='word_1_354' title='bbox 3378 2210 3472 2264; x_wconf 69' lang='grc' dir='ltr'>καὶ</span> <span class='ocrx_word' id='word_1_355' title='bbox 3503 2210 3717 2266; x_wconf 80' lang='grc' dir='ltr'>θᾶττον</span> 
     </span>
    </p>
   </div>
   <div class='ocr_carea' id='block_1_52' title="bbox 2105 2300 3716 2375">
    <p class='ocr_par' dir='ltr' id='par_1_52' title="bbox 2105 2300 3716 2375">
     <span class='ocr_line' id='line_1_52' title="bbox 2105 2300 3716 2375; baseline 0 -18"><span class='ocrx_word' id='word_1_356' title='bbox 2105 2306 2442 2375; x_wconf 79' lang='grc' dir='ltr'>κατεαγῆναι</span> <span class='ocrx_word' id='word_1_357' title='bbox 2490 2300 2552 2355; x_wconf 80' lang='grc' dir='ltr'>τὸ</span> <span class='ocrx_word' id='word_1_358' title='bbox 2595 2303 2826 2370; x_wconf 83' lang='grc' dir='ltr'>σκέλος,</span> <span class='ocrx_word' id='word_1_359' title='bbox 2867 2303 2902 2374; x_wconf 81' lang='grc' dir='ltr'>ἢ</span> <span class='ocrx_word' id='word_1_360' title='bbox 2953 2302 3383 2357; x_wconf 81' lang='grc' dir='ltr'>ὲπαισθάνεσθαι</span> <span class='ocrx_word' id='word_1_361' title='bbox 3426 2301 3528 2373; x_wconf 83' lang='grc' dir='ltr'>τῆς</span> <span class='ocrx_word' id='word_1_362' title='bbox 3578 2303 3716 2373; x_wconf 80' lang='grc' dir='ltr'>βίας</span> 
     </span>
    </p>
   </div>
   <div class='ocr_carea' id='block_1_53' title="bbox 2106 2393 3714 2467">
    <p class='ocr_par' dir='ltr' id='par_1_53' title="bbox 2106 2393 3714 2467">
     <span class='ocr_line' id='line_1_53' title="bbox 2106 2393 3714 2467; baseline 0.002 -20"><span class='ocrx_word' id='word_1_363' title='bbox 2106 2393 2275 2461; x_wconf 76' lang='grc' dir='ltr'>εδοξε.</span> <span class='ocrx_word' id='word_1_364' title='bbox 2320 2393 2619 2467; x_wconf 81' lang='grc' dir='ltr'>Σωκράτης</span> <span class='ocrx_word' id='word_1_365' title='bbox 2675 2393 2734 2448; x_wconf 79' lang='grc' dir='ltr'>δὲ</span> <span class='ocrx_word' id='word_1_366' title='bbox 2775 2394 2865 2448; x_wconf 76' lang='grc' dir='ltr'>τὸν</span> <span class='ocrx_word' id='word_1_367' title='bbox 2925 2394 3158 2449; x_wconf 86' lang='grc' dir='ltr'>θάνατον</span> <span class='ocrx_word' id='word_1_368' title='bbox 3213 2395 3320 2449; x_wconf 82' lang='grc' dir='ltr'><strong>ὐπὸ</strong></span> <span class='ocrx_word' id='word_1_369' title='bbox 3396 2393 3714 2466; x_wconf 79' lang='grc' dir='ltr'>Ἀθηναίων</span> 
     </span>
    </p>
   </div>
   <div class='ocr_carea' id='block_1_54' title="bbox 2107 2479 3711 2557">
    <p class='ocr_par' dir='ltr' id='par_1_54' title="bbox 2107 2479 3711 2557">
     <span class='ocr_line' id='line_1_54' title="bbox 2107 2479 3711 2557; baseline -0.001 -17"><span class='ocrx_word' id='word_1_370' title='bbox 2107 2484 2485 2557; x_wconf 71' lang='grc' dir='ltr'>κατακριθεὶς,</span> <span class='ocrx_word' id='word_1_371' title='bbox 2521 2485 2615 2539; x_wconf 71' lang='grc' dir='ltr'>καὶ</span> <span class='ocrx_word' id='word_1_372' title='bbox 2651 2484 2840 2550; x_wconf 81' lang='grc' dir='ltr'>οἰκῶν,</span> <span class='ocrx_word' id='word_1_373' title='bbox 2869 2484 2947 2549; x_wconf 84' lang='grc' dir='ltr'><strong>ὡς</strong></span> <span class='ocrx_word' id='word_1_374' title='bbox 2990 2479 3169 2549; x_wconf 81' lang='grc' dir='ltr'>οἶσθα,</span> <span class='ocrx_word' id='word_1_375' title='bbox 3203 2484 3269 2538; x_wconf 80' lang='grc' dir='ltr'>τὸ</span> <span class='ocrx_word' id='word_1_376' title='bbox 3297 2483 3711 2557; x_wconf 72' lang='grc' dir='ltr'>δεσμωτήριον,</span> 
     </span>
    </p>
   </div>
   <div class='ocr_carea' id='block_1_55' title="bbox 2105 2573 3713 2650">
    <p class='ocr_par' dir='ltr' id='par_1_55' title="bbox 2105 2573 3713 2650">
     <span class='ocr_line' id='line_1_55' title="bbox 2105 2573 3713 2650; baseline -0.002 -18"><span class='ocrx_word' id='word_1_377' title='bbox 2105 2578 2244 2643; x_wconf 87' lang='grc' dir='ltr'>τέως</span> <span class='ocrx_word' id='word_1_378' title='bbox 2276 2578 2397 2650; x_wconf 85' lang='grc' dir='ltr'>μὲν,</span> <span class='ocrx_word' id='word_1_379' title='bbox 2430 2578 2506 2642; x_wconf 82' lang='grc' dir='ltr'><strong>ὡς</strong></span> <span class='ocrx_word' id='word_1_380' title='bbox 2529 2577 2671 2649; x_wconf 77' lang='grc' dir='ltr'><strong>ὑπὲρ</strong></span> <span class='ocrx_word' id='word_1_381' title='bbox 2704 2575 2865 2631; x_wconf 80' lang='grc' dir='ltr'>ἄλλου</span> <span class='ocrx_word' id='word_1_382' title='bbox 2904 2574 3285 2647; x_wconf 81' lang='grc' dir='ltr'>δεσμωτηρίου</span> <span class='ocrx_word' id='word_1_383' title='bbox 3318 2574 3415 2629; x_wconf 79' lang='grc' dir='ltr'><strong>τοῦ</strong></span> <span class='ocrx_word' id='word_1_384' title='bbox 3445 2573 3713 2647; x_wconf 84' lang='grc' dir='ltr'>σώματος</span> 
     </span>
    </p>
   </div>
   <div class='ocr_carea' id='block_1_56' title="bbox 2105 2669 3712 2743">
    <p class='ocr_par' dir='ltr' id='par_1_56' title="bbox 2105 2669 3712 2743">
     <span class='ocr_line' id='line_1_56' title="bbox 2105 2669 3712 2743; baseline -0.001 -18"><span class='ocrx_word' id='word_1_385' title='bbox 2105 2674 2219 2735; x_wconf 77' lang='grc' dir='ltr'>τοῖς</span> <span class='ocrx_word' id='word_1_386' title='bbox 2278 2671 2549 2743; x_wconf 81' lang='grc' dir='ltr'>μαθηταῖς</span> <span class='ocrx_word' id='word_1_387' title='bbox 2605 2670 2876 2740; x_wconf 72' lang='grc' dir='ltr'>διελέγετο</span> <span class='ocrx_word' id='word_1_388' title='bbox 2901 2706 2917 2734; x_wconf 89' lang='grc'><strong>,</strong></span> <span class='ocrx_word' id='word_1_389' title='bbox 2972 2669 3070 2725; x_wconf 70' lang='grc' dir='ltr'>καὶ</span> <span class='ocrx_word' id='word_1_390' title='bbox 3125 2672 3320 2740; x_wconf 82' lang='grc' dir='ltr'>φυγεῖν</span> <span class='ocrx_word' id='word_1_391' title='bbox 3372 2670 3529 2737; x_wconf 72' lang='grc' dir='ltr'><strong>ἐξὸν,</strong></span> <span class='ocrx_word' id='word_1_392' title='bbox 3589 2672 3712 2725; x_wconf 83' lang='grc' dir='ltr'><strong>ἀπ-</strong></span> 
     </span>
    </p>
   </div>
   <div class='ocr_carea' id='block_1_57' title="bbox 2105 2760 3709 2836">
    <p class='ocr_par' dir='ltr' id='par_1_57' title="bbox 2105 2760 3709 2836">
     <span class='ocr_line' id='line_1_57' title="bbox 2105 2760 3709 2836; baseline -0.001 -19"><span class='ocrx_word' id='word_1_393' title='bbox 2105 2763 2339 2834; x_wconf 85' lang='grc' dir='ltr'>ηξίωσεν</span> <span class='ocrx_word' id='word_1_394' title='bbox 2362 2780 2376 2795; x_wconf 76' lang='grc' dir='ltr'><strong><em>ο</em></strong></span> <span class='ocrx_word' id='word_1_395' title='bbox 2415 2764 2605 2836; x_wconf 76' lang='grc' dir='ltr'>ἐπειδὴ</span> <span class='ocrx_word' id='word_1_396' title='bbox 2631 2764 2687 2817; x_wconf 85' lang='grc' dir='ltr'>δὲ</span> <span class='ocrx_word' id='word_1_397' title='bbox 2714 2762 3060 2836; x_wconf 83' lang='grc' dir='ltr'><strong>προσηνέχθη</strong></span> <span class='ocrx_word' id='word_1_398' title='bbox 3095 2762 3157 2816; x_wconf 84' lang='grc' dir='ltr'>τὸ</span> <span class='ocrx_word' id='word_1_399' title='bbox 3196 2760 3443 2823; x_wconf 82' lang='grc' dir='ltr'>κώνειον,</span> <span class='ocrx_word' id='word_1_400' title='bbox 3479 2761 3709 2833; x_wconf 80' lang='grc' dir='ltr'>δέχεται</span> 
     </span>
    </p>
   </div>
   <div class='ocr_carea' id='block_1_58' title="bbox 2109 2854 3706 2929">
    <p class='ocr_par' dir='ltr' id='par_1_58' title="bbox 2109 2854 3706 2929">
     <span class='ocr_line' id='line_1_58' title="bbox 2109 2854 3706 2929; baseline -0.001 -19"><span class='ocrx_word' id='word_1_401' title='bbox 2109 2856 2254 2926; x_wconf 84' lang='grc' dir='ltr'>μάλα</span> <span class='ocrx_word' id='word_1_402' title='bbox 2274 2856 2449 2929; x_wconf 75' lang='grc' dir='ltr'>ἡδέως</span> <span class='ocrx_word' id='word_1_403' title='bbox 2478 2856 2614 2927; x_wconf 79' lang='grc'><strong>(59),</strong></span> <span class='ocrx_word' id='word_1_404' title='bbox 2643 2855 2834 2929; x_wconf 83' lang='grc' dir='ltr'>ὥσπερ</span> <span class='ocrx_word' id='word_1_405' title='bbox 2874 2857 2976 2909; x_wconf 89' lang='grc' dir='ltr'><strong>οὐκ</strong></span> <span class='ocrx_word' id='word_1_406' title='bbox 3002 2856 3096 2909; x_wconf 76' lang='grc' dir='ltr'>επ).</span> <span class='ocrx_word' id='word_1_407' title='bbox 3135 2854 3356 2925; x_wconf 84' lang='grc' dir='ltr'>θανάτῳ</span> <span class='ocrx_word' id='word_1_408' title='bbox 3378 2854 3706 2926; x_wconf 82' lang='grc' dir='ltr'>δεχόμενος,</span> 
     </span>
    </p>
   </div>
   <div class='ocr_carea' id='block_1_59' title="bbox 2102 2945 3710 3020">
    <p class='ocr_par' dir='ltr' id='par_1_59' title="bbox 2102 2945 3710 3020">
     <span class='ocr_line' id='line_1_59' title="bbox 2102 2945 3710 3020; baseline 0 -21"><span class='ocrx_word' id='word_1_409' title='bbox 2102 2945 2241 3000; x_wconf 78' lang='grc' dir='ltr'>ἀλλὰ</span> <span class='ocrx_word' id='word_1_410' title='bbox 2269 2947 2588 3019; x_wconf 74' lang='grc' dir='ltr'>φιλοτησίας</span> <span class='ocrx_word' id='word_1_411' title='bbox 2616 2948 3035 3020; x_wconf 84' lang='grc' dir='ltr'>προπινόμενος.</span> <span class='ocrx_word' id='word_1_412' title='bbox 3052 2948 3379 3020; x_wconf 79' lang='grc' dir='ltr'>Προσέθηκα</span> <span class='ocrx_word' id='word_1_413' title='bbox 3406 2946 3452 3000; x_wconf 80' lang='grc' dir='ltr'>δ’</span> <span class='ocrx_word' id='word_1_414' title='bbox 3479 2946 3550 3000; x_wconf 83' lang='grc' dir='ltr'>ἂν</span> <span class='ocrx_word' id='word_1_415' title='bbox 3572 2946 3710 2999; x_wconf 89' lang='grc' dir='ltr'>τού-</span> 
     </span>
    </p>
   </div>
   <div class='ocr_carea' id='block_1_60' title="bbox 403 3036 1984 3114">
    <p class='ocr_par' dir='ltr' id='par_1_60' title="bbox 403 3036 1984 3114">
     <span class='ocr_line' id='line_1_60' title="bbox 403 3036 1984 3114; baseline -0.005 -15"><span class='ocrx_word' id='word_1_416' title='bbox 403 3045 662 3114; x_wconf 86' lang='lat' dir='ltr'><strong>poculum</strong></span> <span class='ocrx_word' id='word_1_417' title='bbox 706 3043 1001 3113; x_wconf 88' lang='lat' dir='ltr'><strong>acciperet,</strong></span> <span class='ocrx_word' id='word_1_418' title='bbox 1047 3039 1143 3096; x_wconf 89' lang='lat' dir='ltr'><strong>sed</strong></span> <span class='ocrx_word' id='word_1_419' title='bbox 1183 3039 1530 3110; x_wconf 84' lang='lat' dir='ltr'><strong>prepinando</strong></span> <span class='ocrx_word' id='word_1_420' title='bbox 1562 3039 1774 3094; x_wconf 86' lang='lat' dir='ltr'><strong>amicos</strong></span> <span class='ocrx_word' id='word_1_421' title='bbox 1803 3036 1870 3092; x_wconf 89' lang='lat' dir='ltr'><strong>ad</strong></span> <span class='ocrx_word' id='word_1_422' title='bbox 1906 3052 1984 3108; x_wconf 82' lang='lat' dir='ltr'><strong>po</strong></span> 
     </span>
    </p>
   </div>
   <div class='ocr_carea' id='block_1_61' title="bbox 2153 3036 3710 3114">
    <p class='ocr_par' dir='ltr' id='par_1_61' title="bbox 2153 3038 3710 3113">
     <span class='ocr_line' id='line_1_61' title="bbox 2153 3038 3710 3113; baseline 0.001 -21"><span class='ocrx_word' id='word_1_423' title='bbox 2153 3055 2218 3104; x_wconf 74' lang='grc' dir='ltr'><strong>κς</strong></span> <span class='ocrx_word' id='word_1_424' title='bbox 2236 3038 2332 3093; x_wconf 75' lang='grc' dir='ltr'>καὶ</span> <span class='ocrx_word' id='word_1_425' title='bbox 2362 3038 2484 3093; x_wconf 79' lang='grc' dir='ltr'><strong>Ἰὼϐ</strong></span> <span class='ocrx_word' id='word_1_426' title='bbox 2507 3039 2598 3093; x_wconf 82' lang='grc' dir='ltr'><strong>τὸν</strong></span> <span class='ocrx_word' id='word_1_427' title='bbox 2617 3040 2784 3112; x_wconf 84' lang='grc' dir='ltr'>ήμέτε</span> <span class='ocrx_word' id='word_1_428' title='bbox 2796 3058 2909 3113; x_wconf 86' lang='grc' dir='ltr'>ρον,</span> <span class='ocrx_word' id='word_1_429' title='bbox 2928 3042 2977 3094; x_wconf 80' lang='grc' dir='ltr'><strong>εί</strong></span> <span class='ocrx_word' id='word_1_430' title='bbox 3008 3042 3081 3111; x_wconf 81' lang='grc' dir='ltr'>μή</span> <span class='ocrx_word' id='word_1_431' title='bbox 3103 3057 3164 3095; x_wconf 87' lang='grc' dir='ltr'><strong>σε</strong></span> <span class='ocrx_word' id='word_1_432' title='bbox 3181 3041 3331 3112; x_wconf 71' lang='grc' dir='ltr'>ᾔδειν</span> <span class='ocrx_word' id='word_1_433' title='bbox 3353 3040 3547 3112; x_wconf 74' lang='grc' dir='ltr'>πόρρω</span> <span class='ocrx_word' id='word_1_434' title='bbox 3587 3038 3710 3093; x_wconf 82' lang='grc' dir='ltr'><strong>τῶν</strong></span> 
     </span>
    </p>
   </div>
   <div class='ocr_carea' id='block_1_62' title="bbox 403 3120 1984 3203">
    <p class='ocr_par' dir='ltr' id='par_1_62' title="bbox 403 3128 1984 3201">
     <span class='ocr_line' id='line_1_62' title="bbox 403 3128 1984 3201; baseline -0.004 -14"><span class='ocrx_word' id='word_1_435' title='bbox 403 3135 634 3189; x_wconf 89' lang='lat' dir='ltr'><strong>tandum</strong></span> <span class='ocrx_word' id='word_1_436' title='bbox 704 3133 987 3189; x_wconf 82' lang='lat' dir='ltr'><strong>invitaret.</strong></span> <span class='ocrx_word' id='word_1_437' title='bbox 1051 3130 1149 3187; x_wconf 83' lang='lat' dir='ltr'><strong>His</strong></span> <span class='ocrx_word' id='word_1_438' title='bbox 1196 3128 1394 3186; x_wconf 79' lang='lat' dir='ltr'><strong>Jobum</strong></span> <span class='ocrx_word' id='word_1_439' title='bbox 1466 3144 1688 3201; x_wconf 91' lang='lat' dir='ltr'><strong>quoque</strong></span> <span class='ocrx_word' id='word_1_440' title='bbox 1747 3135 1984 3182; x_wconf 84' lang='lat' dir='ltr'><strong>nostrum</strong></span> 
     </span>
    </p>
   </div>
   <div class='ocr_carea' id='block_1_63' title="bbox 2153 3120 3704 3203">
    <p class='ocr_par' dir='ltr' id='par_1_63' title="bbox 2153 3130 3704 3203">
     <span class='ocr_line' id='line_1_63' title="bbox 2153 3130 3704 3203; baseline -0.003 -18"><span class='ocrx_word' id='word_1_441' title='bbox 2153 3131 2217 3202; x_wconf 70' lang='grc' dir='ltr'>ιο)</span> <span class='ocrx_word' id='word_1_442' title='bbox 2244 3130 2454 3185; x_wconf 78' lang='grc' dir='ltr'>ἐκείνου</span> <span class='ocrx_word' id='word_1_443' title='bbox 2479 3131 2687 3195; x_wconf 83' lang='grc' dir='ltr'>παθῶν,</span> <span class='ocrx_word' id='word_1_444' title='bbox 2718 3131 2961 3185; x_wconf 74' lang='grc' dir='ltr'>καὶδντα</span> <span class='ocrx_word' id='word_1_445' title='bbox 2993 3133 3091 3186; x_wconf 78' lang='grc' dir='ltr'><strong>σὺν</strong></span> <span class='ocrx_word' id='word_1_446' title='bbox 3121 3132 3262 3203; x_wconf 85' lang='grc' dir='ltr'>Θεῷ,</span> <span class='ocrx_word' id='word_1_447' title='bbox 3294 3130 3386 3185; x_wconf 65' lang='grc' dir='ltr'>καὶ</span> <span class='ocrx_word' id='word_1_448' title='bbox 3414 3132 3704 3200; x_wconf 69' lang='grc' dir='ltr'>ἐσόμενον.</span> 
     </span>
    </p>
   </div>
   <div class='ocr_carea' id='block_1_64' title="bbox 404 3220 3707 3297">
    <p class='ocr_par' dir='ltr' id='par_1_64' title="bbox 404 3220 3707 3297">
     <span class='ocr_line' id='line_1_64' title="bbox 404 3220 3707 3297; baseline -0.002 -17"><span class='ocrx_word' id='word_1_449' title='bbox 404 3227 732 3297; x_wconf 74' lang='lat' dir='ltr'><strong>adiecissem</strong></span> <span class='ocrx_word' id='word_1_450' title='bbox 761 3265 778 3293; x_wconf 94' lang='lat'><strong>,</strong></span> <span class='ocrx_word' id='word_1_451' title='bbox 839 3226 951 3281; x_wconf 90' lang='lat' dir='ltr'><strong>nisi</strong></span> <span class='ocrx_word' id='word_1_452' title='bbox 1022 3234 1073 3280; x_wconf 91' lang='lat' dir='ltr'><strong>te</strong></span> <span class='ocrx_word' id='word_1_453' title='bbox 1132 3223 1332 3281; x_wconf 89' lang='lat' dir='ltr'><strong>scirem</strong></span> <span class='ocrx_word' id='word_1_454' title='bbox 1389 3223 1457 3279; x_wconf 89' lang='lat' dir='ltr'><strong>ab</strong></span> <span class='ocrx_word' id='word_1_455' title='bbox 1505 3223 1627 3294; x_wconf 83' lang='lat' dir='ltr'><strong>ejus</strong></span> <span class='ocrx_word' id='word_1_456' title='bbox 1681 3221 2013 3287; x_wconf 87' lang='lat' dir='ltr'><strong>doloribus,</strong></span> <span class='ocrx_word' id='word_1_457' title='bbox 2059 3220 2173 3279; x_wconf 86' lang='lat' dir='ltr'><strong>Deo</strong></span> <span class='ocrx_word' id='word_1_458' title='bbox 2224 3225 2553 3294; x_wconf 88' lang='lat' dir='ltr'><strong>opitulante,</strong></span> <span class='ocrx_word' id='word_1_459' title='bbox 2598 3224 2761 3296; x_wconf 76' lang='lat' dir='ltr'><strong>longe</strong></span> <span class='ocrx_word' id='word_1_460' title='bbox 2818 3235 3090 3279; x_wconf 83' lang='lat' dir='ltr'><strong>remotum</strong></span> <span class='ocrx_word' id='word_1_461' title='bbox 3134 3238 3282 3291; x_wconf 84' lang='lat' dir='ltr'><strong>esse,</strong></span> <span class='ocrx_word' id='word_1_462' title='bbox 3312 3230 3478 3295; x_wconf 87' lang='lat' dir='ltr'><strong>atque</strong></span> <span class='ocrx_word' id='word_1_463' title='bbox 3528 3221 3707 3277; x_wconf 87' lang='lat' dir='ltr'><strong>etiam</strong></span> 
     </span>
    </p>
   </div>
   <div class='ocr_carea' id='block_1_65' title="bbox 402 3317 542 3375">
    <p class='ocr_par' dir='ltr' id='par_1_65' title="bbox 402 3317 542 3375">
     <span class='ocr_line' id='line_1_65' title="bbox 402 3317 542 3375; baseline -0.007 -1"><span class='ocrx_word' id='word_1_464' title='bbox 402 3317 542 3375; x_wconf 80' lang='lat' dir='ltr'><strong>fore.</strong></span> 
     </span>
    </p>
   </div>
   <div class='ocr_carea' id='block_1_66' title="bbox 360 3395 1984 3478">
    <p class='ocr_par' dir='ltr' id='par_1_66' title="bbox 360 3403 1984 3478">
     <span class='ocr_line' id='line_1_66' title="bbox 360 3403 1984 3478; baseline -0.005 -12"><span class='ocrx_word' id='word_1_465' title='bbox 360 3422 367 3427; x_wconf 78' lang='lat'><strong>‘</strong></span> <span class='ocrx_word' id='word_1_466' title='bbox 476 3410 575 3467; x_wconf 83' lang='lat' dir='ltr'><strong>His</strong></span> <span class='ocrx_word' id='word_1_467' title='bbox 602 3407 914 3465; x_wconf 89' lang='lat' dir='ltr'><strong>rationibus</strong></span> <span class='ocrx_word' id='word_1_468' title='bbox 949 3406 1189 3478; x_wconf 89' lang='lat' dir='ltr'><strong>teipsum</strong></span> <span class='ocrx_word' id='word_1_469' title='bbox 1217 3407 1462 3461; x_wconf 88' lang='lat' dir='ltr'><strong>mulcere</strong></span> <span class='ocrx_word' id='word_1_470' title='bbox 1496 3405 1630 3460; x_wconf 90' lang='lat' dir='ltr'><strong>mihi</strong></span> <span class='ocrx_word' id='word_1_471' title='bbox 1664 3403 1891 3470; x_wconf 82' lang='lat' dir='ltr'><strong>videris,</strong></span> <span class='ocrx_word' id='word_1_472' title='bbox 1917 3404 1984 3458; x_wconf 79' lang='lat' dir='ltr'><strong>vii</strong></span> 
     </span>
    </p>
   </div>
   <div class='ocr_carea' id='block_1_67' title="bbox 2153 3395 3708 3478">
    <p class='ocr_par' dir='ltr' id='par_1_67' title="bbox 2174 3395 3708 3471">
     <span class='ocr_line' id='line_1_67' title="bbox 2174 3395 3708 3471; baseline 0.005 -17"><span class='ocrx_word' id='word_1_473' title='bbox 2174 3397 2364 3454; x_wconf 80' lang='grc' dir='ltr'>Ταῦτά</span> <span class='ocrx_word' id='word_1_474' title='bbox 2393 3415 2483 3470; x_wconf 86' lang='grc' dir='ltr'><strong>μοι</strong></span> <span class='ocrx_word' id='word_1_475' title='bbox 2510 3398 2689 3462; x_wconf 83' lang='grc' dir='ltr'>δοκεῖς</span> <span class='ocrx_word' id='word_1_476' title='bbox 2726 3398 3050 3471; x_wconf 80' lang='grc' dir='ltr'>κατεπᾴδειν</span> <span class='ocrx_word' id='word_1_477' title='bbox 3078 3399 3189 3471; x_wconf 75' lang='grc' dir='ltr'><strong>(Μ)</strong></span> <span class='ocrx_word' id='word_1_478' title='bbox 3222 3399 3475 3468; x_wconf 82' lang='grc' dir='ltr'>σεαυτοῦ,</span> <span class='ocrx_word' id='word_1_479' title='bbox 3508 3395 3557 3456; x_wconf 79' lang='grc' dir='ltr'>ὦ</span> <span class='ocrx_word' id='word_1_480' title='bbox 3576 3404 3708 3462; x_wconf 83' lang='grc' dir='ltr'>θεία</span> 
     </span>
    </p>
   </div>
   <div class='ocr_carea' id='block_1_68' title="bbox 401 3490 1984 3570">
    <p class='ocr_par' dir='ltr' id='par_1_68' title="bbox 401 3496 1984 3570">
     <span class='ocr_line' id='line_1_68' title="bbox 401 3496 1984 3570; baseline -0.004 -13"><span class='ocrx_word' id='word_1_481' title='bbox 401 3503 589 3558; x_wconf 83' lang='lat' dir='ltr'><strong>divine</strong></span> <span class='ocrx_word' id='word_1_482' title='bbox 614 3510 670 3558; x_wconf 90' lang='lat' dir='ltr'><strong>et</strong></span> <span class='ocrx_word' id='word_1_483' title='bbox 698 3508 1076 3565; x_wconf 87' lang='lat' dir='ltr'><strong>sacrosancte,</strong></span> <span class='ocrx_word' id='word_1_484' title='bbox 1106 3506 1276 3570; x_wconf 87' lang='lat' dir='ltr'><strong>atque</strong></span> <span class='ocrx_word' id='word_1_485' title='bbox 1305 3498 1449 3553; x_wconf 90' lang='lat' dir='ltr'><strong>hanc</strong></span> <span class='ocrx_word' id='word_1_486' title='bbox 1490 3498 1817 3553; x_wconf 87' lang='lat' dir='ltr'><strong>medicinam</strong></span> <span class='ocrx_word' id='word_1_487' title='bbox 1852 3496 1984 3551; x_wconf 87' lang='lat' dir='ltr'><strong>adhi-</strong></span> 
     </span>
    </p>
   </div>
   <div class='ocr_carea' id='block_1_69' title="bbox 2153 3490 3705 3570">
    <p class='ocr_par' dir='ltr' id='par_1_69' title="bbox 2153 3490 3705 3565">
     <span class='ocr_line' id='line_1_69' title="bbox 2153 3490 3705 3565; baseline 0.003 -18"><span class='ocrx_word' id='word_1_488' title='bbox 2153 3495 2199 3548; x_wconf 71' lang='grc' dir='ltr'>ι).</span> <span class='ocrx_word' id='word_1_489' title='bbox 2229 3493 2352 3565; x_wconf 78' lang='grc' dir='ltr'>ἱερὰ</span> <span class='ocrx_word' id='word_1_490' title='bbox 2395 3491 2628 3565; x_wconf 77' lang='grc' dir='ltr'>κεφαλὴ,</span> <span class='ocrx_word' id='word_1_491' title='bbox 2674 3492 2770 3546; x_wconf 70' lang='grc' dir='ltr'>καὶ</span> <span class='ocrx_word' id='word_1_492' title='bbox 2820 3490 2964 3545; x_wconf 75' lang='grc' dir='ltr'>οὕτω</span> <span class='ocrx_word' id='word_1_493' title='bbox 3011 3493 3239 3547; x_wconf 86' lang='grc' dir='ltr'>σεαυτὸν</span> <span class='ocrx_word' id='word_1_494' title='bbox 3273 3494 3562 3565; x_wconf 69' lang='grc' dir='ltr'>ἰατρεύων,</span> <span class='ocrx_word' id='word_1_495' title='bbox 3600 3500 3705 3552; x_wconf 58' lang='grc' dir='ltr'>αὐ-</span> 
     </span>
    </p>
   </div>
   <div class='ocr_carea' id='block_1_70' title="bbox 399 3582 1984 3663">
    <p class='ocr_par' dir='ltr' id='par_1_70' title="bbox 399 3590 1984 3663">
     <span class='ocr_line' id='line_1_70' title="bbox 399 3590 1984 3663; baseline -0.004 -13"><span class='ocrx_word' id='word_1_496' title='bbox 399 3596 563 3661; x_wconf 90' lang='lat' dir='ltr'><strong>bens,</strong></span> <span class='ocrx_word' id='word_1_497' title='bbox 595 3603 712 3650; x_wconf 92' lang='lat' dir='ltr'><strong>tum</strong></span> <span class='ocrx_word' id='word_1_498' title='bbox 755 3593 873 3663; x_wconf 91' lang='lat' dir='ltr'><strong>ipse</strong></span> <span class='ocrx_word' id='word_1_499' title='bbox 905 3594 1107 3656; x_wconf 82' lang='lat' dir='ltr'><strong>levius.</strong></span> <span class='ocrx_word' id='word_1_500' title='bbox 1143 3600 1202 3647; x_wconf 91' lang='lat' dir='ltr'><strong>nt</strong></span> <span class='ocrx_word' id='word_1_501' title='bbox 1243 3606 1391 3655; x_wconf 90' lang='lat' dir='ltr'><strong>reor,</strong></span> <span class='ocrx_word' id='word_1_502' title='bbox 1426 3590 1720 3645; x_wconf 89' lang='lat' dir='ltr'><strong>habiturus</strong></span> <span class='ocrx_word' id='word_1_503' title='bbox 1761 3605 1843 3654; x_wconf 88' lang='lat' dir='ltr'><strong>es,</strong></span> <span class='ocrx_word' id='word_1_504' title='bbox 1884 3594 1984 3644; x_wconf 82' lang='lat' dir='ltr'><strong>tun</strong></span> 
     </span>
    </p>
   </div>
   <div class='ocr_carea' id='block_1_71' title="bbox 2153 3582 3706 3663">
    <p class='ocr_par' dir='ltr' id='par_1_71' title="bbox 2153 3582 3706 3656">
     <span class='ocr_line' id='line_1_71' title="bbox 2153 3582 3706 3656; baseline 0.003 -18"><span class='ocrx_word' id='word_1_505' title='bbox 2153 3586 2195 3650; x_wconf 63' lang='grc' dir='ltr'><strong>ὗς</strong></span> <span class='ocrx_word' id='word_1_506' title='bbox 2224 3601 2284 3637; x_wconf 86' lang='grc' dir='ltr'><strong>τε</strong></span> <span class='ocrx_word' id='word_1_507' title='bbox 2316 3583 2381 3638; x_wconf 88' lang='grc' dir='ltr'>ἂν</span> <span class='ocrx_word' id='word_1_508' title='bbox 2424 3584 2570 3655; x_wconf 71' lang='grc' dir='ltr'>ῥᾴων</span> <span class='ocrx_word' id='word_1_509' title='bbox 2608 3582 2886 3653; x_wconf 85' lang='grc' dir='ltr'>γενέσθαι,</span> <span class='ocrx_word' id='word_1_510' title='bbox 2922 3583 3017 3637; x_wconf 75' lang='grc' dir='ltr'>κα).</span> <span class='ocrx_word' id='word_1_511' title='bbox 3044 3584 3196 3653; x_wconf 81' lang='grc' dir='ltr'>ἡμᾶς</span> <span class='ocrx_word' id='word_1_512' title='bbox 3226 3585 3540 3656; x_wconf 82' lang='grc' dir='ltr'>εὐφραίνειν</span> <span class='ocrx_word' id='word_1_513' title='bbox 3566 3590 3706 3654; x_wconf 82' lang='grc' dir='ltr'><strong>τούς</strong></span> 
     </span>
    </p>
   </div>
   <div class='ocr_carea' id='block_1_72' title="bbox 402 3681 2003 3753">
    <p class='ocr_par' dir='ltr' id='par_1_72' title="bbox 402 3681 2003 3753">
     <span class='ocr_line' id='line_1_72' title="bbox 402 3681 2003 3753; baseline -0.006 -10"><span class='ocrx_word' id='word_1_514' title='bbox 402 3704 507 3743; x_wconf 90' lang='lat' dir='ltr'><strong>nos</strong></span> <span class='ocrx_word' id='word_1_515' title='bbox 535 3688 701 3743; x_wconf 89' lang='lat' dir='ltr'><strong>etiam</strong></span> <span class='ocrx_word' id='word_1_516' title='bbox 734 3686 960 3741; x_wconf 88' lang='lat' dir='ltr'><strong>laudum</strong></span> <span class='ocrx_word' id='word_1_517' title='bbox 993 3693 1212 3739; x_wconf 89' lang='lat' dir='ltr'><strong>tuarum</strong></span> <span class='ocrx_word' id='word_1_518' title='bbox 1244 3696 1529 3753; x_wconf 63' lang='lat' dir='ltr'><strong>praecones</strong></span> <span class='ocrx_word' id='word_1_519' title='bbox 1568 3690 1622 3737; x_wconf 90' lang='lat' dir='ltr'><strong>et</strong></span> <span class='ocrx_word' id='word_1_520' title='bbox 1659 3681 1870 3736; x_wconf 89' lang='lat' dir='ltr'><strong>amicos</strong></span> <span class='ocrx_word' id='word_1_521' title='bbox 1902 3697 2003 3735; x_wconf 81' lang='lat' dir='ltr'><strong>vo-</strong></span> 
     </span>
    </p>
   </div>
   <div class='ocr_carea' id='block_1_73' title="bbox 402 3771 1998 3848">
    <p class='ocr_par' dir='ltr' id='par_1_73' title="bbox 402 3771 1998 3848">
     <span class='ocr_line' id='line_1_73' title="bbox 402 3771 1998 3848; baseline -0.004 -17"><span class='ocrx_word' id='word_1_522' title='bbox 402 3778 613 3848; x_wconf 90' lang='lat' dir='ltr'><strong>luptate</strong></span> <span class='ocrx_word' id='word_1_523' title='bbox 654 3775 893 3841; x_wconf 76' lang='lat' dir='ltr'><strong>efﬁcies;</strong></span> <span class='ocrx_word' id='word_1_524' title='bbox 928 3776 1190 3830; x_wconf 90' lang='lat' dir='ltr'><strong>nimirum</strong></span> <span class='ocrx_word' id='word_1_525' title='bbox 1234 3773 1472 3843; x_wconf 88' lang='lat' dir='ltr'><strong>teipsum</strong></span> <span class='ocrx_word' id='word_1_526' title='bbox 1522 3771 1600 3825; x_wconf 90' lang='lat' dir='ltr'><strong>ita</strong></span> <span class='ocrx_word' id='word_1_527' title='bbox 1648 3784 1998 3839; x_wconf 87' lang='lat' dir='ltr'><strong>comparans,</strong></span> 
     </span>
    </p>
   </div>
   <div class='ocr_carea' id='block_1_74' title="bbox 401 3860 2001 3934">
    <p class='ocr_par' dir='ltr' id='par_1_74' title="bbox 401 3860 2001 3934">
     <span class='ocr_line' id='line_1_74' title="bbox 401 3860 2001 3934; baseline -0.004 -12"><span class='ocrx_word' id='word_1_528' title='bbox 401 3874 465 3922; x_wconf 87' lang='lat' dir='ltr'><strong>ut</strong></span> <span class='ocrx_word' id='word_1_529' title='bbox 498 3882 600 3922; x_wconf 90' lang='lat' dir='ltr'><strong>nec</strong></span> <span class='ocrx_word' id='word_1_530' title='bbox 633 3866 827 3922; x_wconf 86' lang='lat' dir='ltr'><strong>morbo</strong></span> <span class='ocrx_word' id='word_1_531' title='bbox 855 3862 1184 3928; x_wconf 86' lang='lat' dir='ltr'><strong>debiliteris,</strong></span> <span class='ocrx_word' id='word_1_532' title='bbox 1222 3878 1345 3931; x_wconf 90' lang='lat' dir='ltr'><strong>nec,</strong></span> <span class='ocrx_word' id='word_1_533' title='bbox 1372 3860 1518 3934; x_wconf 91' lang='lat' dir='ltr'><strong>quod</strong></span> <span class='ocrx_word' id='word_1_534' title='bbox 1547 3864 1625 3915; x_wconf 85' lang='lat' dir='ltr'><strong>ait</strong></span> <span class='ocrx_word' id='word_1_535' title='bbox 1663 3860 1829 3915; x_wconf 86' lang='lat' dir='ltr'><strong>David</strong></span> <span class='ocrx_word' id='word_1_536' title='bbox 1853 3867 1897 3926; x_wconf 82' lang='grc'>⁷,</span> <span class='ocrx_word' id='word_1_537' title='bbox 1929 3861 2001 3915; x_wconf 92' lang='lat' dir='ltr'><strong>ob</strong></span> 
     </span>
    </p>
   </div>
   <div class='ocr_carea' id='block_1_75' title="bbox 400 3950 1998 4029">
    <p class='ocr_par' dir='ltr' id='par_1_75' title="bbox 400 3950 1998 4029">
     <span class='ocr_line' id='line_1_75' title="bbox 400 3950 1998 4029; baseline -0.004 -17"><span class='ocrx_word' id='word_1_538' title='bbox 400 3967 753 4029; x_wconf 87' lang='lat' dir='ltr'><strong>peccatorum</strong></span> <span class='ocrx_word' id='word_1_539' title='bbox 790 3971 1002 4028; x_wconf 89' lang='lat' dir='ltr'><strong>pacem,</strong></span> <span class='ocrx_word' id='word_1_540' title='bbox 1037 3968 1341 4026; x_wconf 90' lang='lat' dir='ltr'><strong>eorumque</strong></span> <span class='ocrx_word' id='word_1_541' title='bbox 1391 3952 1446 4008; x_wconf 91' lang='lat' dir='ltr'><strong>in</strong></span> <span class='ocrx_word' id='word_1_542' title='bbox 1500 3953 1604 4007; x_wconf 88' lang='lat' dir='ltr'><strong>hac</strong></span> <span class='ocrx_word' id='word_1_543' title='bbox 1638 3952 1747 4007; x_wconf 88' lang='lat' dir='ltr'><strong>vita</strong></span> <span class='ocrx_word' id='word_1_544' title='bbox 1784 3950 1998 4006; x_wconf 78' lang='lat' dir='ltr'><strong>felicem</strong></span> 
     </span>
    </p>
   </div>
   <div class='ocr_carea' id='block_1_76' title="bbox 398 4043 1997 4115">
    <p class='ocr_par' dir='ltr' id='par_1_76' title="bbox 398 4043 1997 4115">
     <span class='ocr_line' id='line_1_76' title="bbox 398 4043 1997 4115; baseline -0.002 -15"><span class='ocrx_word' id='word_1_545' title='bbox 398 4062 583 4101; x_wconf 88' lang='lat' dir='ltr'><strong>rertnn</strong></span> <span class='ocrx_word' id='word_1_546' title='bbox 636 4061 864 4101; x_wconf 90' lang='lat' dir='ltr'><strong>cursum</strong></span> <span class='ocrx_word' id='word_1_547' title='bbox 920 4044 1218 4100; x_wconf 82' lang='lat' dir='ltr'><strong>olfendaris</strong></span> <span class='ocrx_word' id='word_1_548' title='bbox 1269 4063 1281 4098; x_wconf 89' lang='lat'><strong>:</strong></span> <span class='ocrx_word' id='word_1_549' title='bbox 1328 4043 1461 4115; x_wconf 89' lang='lat' dir='ltr'><strong>quin</strong></span> <span class='ocrx_word' id='word_1_550' title='bbox 1508 4044 1694 4114; x_wconf 84' lang='lat' dir='ltr'><strong>potius</strong></span> <span class='ocrx_word' id='word_1_551' title='bbox 1746 4043 1997 4113; x_wconf 82' lang='lat' dir='ltr'><strong>purgeris</strong></span> 
     </span>
    </p>
   </div>
   <div class='ocr_carea' id='block_1_77' title="bbox 399 4135 1992 4209">
    <p class='ocr_par' dir='ltr' id='par_1_77' title="bbox 399 4135 1992 4209">
     <span class='ocr_line' id='line_1_77' title="bbox 399 4135 1992 4209; baseline -0.003 -16"><span class='ocrx_word' id='word_1_552' title='bbox 399 4139 465 4209; x_wconf 81' lang='lat' dir='ltr'><strong>(si</strong></span> <span class='ocrx_word' id='word_1_553' title='bbox 496 4139 602 4193; x_wconf 87' lang='lat' dir='ltr'><strong>hoc</strong></span> <span class='ocrx_word' id='word_1_554' title='bbox 627 4139 797 4195; x_wconf 74' lang='lat' dir='ltr'><strong>verbo</strong></span> <span class='ocrx_word' id='word_1_555' title='bbox 828 4139 884 4194; x_wconf 93' lang='lat' dir='ltr'><strong>in</strong></span> <span class='ocrx_word' id='word_1_556' title='bbox 916 4146 970 4194; x_wconf 91' lang='lat' dir='ltr'><strong>te</strong></span> <span class='ocrx_word' id='word_1_557' title='bbox 999 4139 1076 4192; x_wconf 92' lang='lat' dir='ltr'><strong>uti</strong></span> <span class='ocrx_word' id='word_1_558' title='bbox 1102 4137 1185 4193; x_wconf 88' lang='lat' dir='ltr'><strong>fas</strong></span> <span class='ocrx_word' id='word_1_559' title='bbox 1224 4137 1357 4209; x_wconf 91' lang='lat' dir='ltr'><strong>est),</strong></span> <span class='ocrx_word' id='word_1_560' title='bbox 1388 4144 1553 4208; x_wconf 90' lang='lat' dir='ltr'><strong>atque</strong></span> <span class='ocrx_word' id='word_1_561' title='bbox 1591 4135 1992 4201; x_wconf 87' lang='lat' dir='ltr'><strong>infirmitatem,</strong></span> 
     </span>
    </p>
   </div>
   <div class='ocr_carea' id='block_1_78' title="bbox 398 4230 1277 4287">
    <p class='ocr_par' dir='ltr' id='par_1_78' title="bbox 398 4230 1277 4287">
     <span class='ocr_line' id='line_1_78' title="bbox 398 4230 1277 4287; baseline 0.001 -6"><span class='ocrx_word' id='word_1_562' title='bbox 398 4230 618 4287; x_wconf 87' lang='lat' dir='ltr'><strong>virtutis</strong></span> <span class='ocrx_word' id='word_1_563' title='bbox 653 4230 936 4285; x_wconf 81' lang='lat' dir='ltr'><strong>materiam</strong></span> <span class='ocrx_word' id='word_1_564' title='bbox 972 4230 1277 4285; x_wconf 77' lang='lat' dir='ltr'><strong>existimes.</strong></span> 
     </span>
    </p>
   </div>
   <div class='ocr_carea' id='block_1_79' title="bbox 468 4386 1054 4454">
    <p class='ocr_par' dir='ltr' id='par_1_79' title="bbox 468 4386 1054 4454">
     <span class='ocr_line' id='line_1_79' title="bbox 468 4386 1054 4454; baseline 0.002 -12"><span class='ocrx_word' id='word_1_565' title='bbox 468 4387 489 4420; x_wconf 85' lang='lat'><strong>&#39;</strong></span> <span class='ocrx_word' id='word_1_566' title='bbox 515 4387 663 4445; x_wconf 87' lang='lat' dir='ltr'><strong>Psal.</strong></span> <span class='ocrx_word' id='word_1_567' title='bbox 701 4402 877 4454; x_wconf 80' lang='lat' dir='ltr'><strong>Lxxn,</strong></span> <span class='ocrx_word' id='word_1_568' title='bbox 911 4386 969 4453; x_wconf 76' lang='lat'><strong>2,</strong></span> <span class='ocrx_word' id='word_1_569' title='bbox 998 4388 1054 4443; x_wconf 74' lang='grc' dir='ltr'>ὅ.</span> 
     </span>
    </p>
   </div>
   <div class='ocr_carea' id='block_1_80' title="bbox 473 4565 2063 4636">
    <p class='ocr_par' dir='ltr' id='par_1_80' title="bbox 473 4565 2063 4636">
     <span class='ocr_line' id='line_1_80' title="bbox 473 4565 2063 4636; baseline 0 -14"><span class='ocrx_word' id='word_1_570' title='bbox 473 4567 589 4636; x_wconf 78' lang='grc'><strong>(56)</strong></span> <span class='ocrx_word' id='word_1_571' title='bbox 629 4567 743 4623; x_wconf 78' lang='grc' dir='ltr'><strong>Τὸν</strong></span> <span class='ocrx_word' id='word_1_572' title='bbox 780 4566 1163 4636; x_wconf 77' lang='grc' dir='ltr'>Ἀνάξαρχον.</span> <span class='ocrx_word' id='word_1_573' title='bbox 1199 4565 1569 4621; x_wconf 78' lang='lat' dir='ltr'><strong>Anaxarchus</strong></span> <span class='ocrx_word' id='word_1_574' title='bbox 1602 4565 1984 4636; x_wconf 77' lang='lat' dir='ltr'><strong>philosophus,</strong></span> <span class='ocrx_word' id='word_1_575' title='bbox 2021 4572 2063 4627; x_wconf 89' lang='lat' dir='ltr'><strong>D</strong></span> 
     </span>
    </p>
   </div>
   <div class='ocr_carea' id='block_1_81' title="bbox 401 4637 1981 4708">
    <p class='ocr_par' dir='ltr' id='par_1_81' title="bbox 401 4637 1981 4708">
     <span class='ocr_line' id='line_1_81' title="bbox 401 4637 1981 4708; baseline -0.001 -15"><span class='ocrx_word' id='word_1_576' title='bbox 401 4648 620 4694; x_wconf 85' lang='lat' dir='ltr'><strong>mortuo</strong></span> <span class='ocrx_word' id='word_1_577' title='bbox 670 4638 1007 4703; x_wconf 79' lang='lat' dir='ltr'><strong>Alexandro,</strong></span> <span class='ocrx_word' id='word_1_578' title='bbox 1034 4637 1178 4708; x_wconf 90' lang='lat' dir='ltr'><strong>apud</strong></span> <span class='ocrx_word' id='word_1_579' title='bbox 1209 4654 1370 4708; x_wconf 83' lang='lat' dir='ltr'><strong>quem</strong></span> <span class='ocrx_word' id='word_1_580' title='bbox 1404 4652 1629 4708; x_wconf 71' lang='lat' dir='ltr'><strong>summo</strong></span> <span class='ocrx_word' id='word_1_581' title='bbox 1682 4637 1734 4690; x_wconf 90' lang='lat' dir='ltr'><strong>in</strong></span> <span class='ocrx_word' id='word_1_582' title='bbox 1770 4638 1981 4692; x_wconf 87' lang='lat' dir='ltr'><strong>honore</strong></span> 
     </span>
    </p>
   </div>
   <div class='ocr_carea' id='block_1_82' title="bbox 2108 3676 3703 3751">
    <p class='ocr_par' dir='ltr' id='par_1_82' title="bbox 2108 3676 3703 3751">
     <span class='ocr_line' id='line_1_82' title="bbox 2108 3676 3703 3751; baseline 0.001 -18"><span class='ocrx_word' id='word_1_583' title='bbox 2108 3681 2233 3744; x_wconf 80' lang='grc' dir='ltr'>σοὺς</span> <span class='ocrx_word' id='word_1_584' title='bbox 2283 3677 2576 3741; x_wconf 75' lang='grc' dir='ltr'>ἐπαινέτας</span> <span class='ocrx_word' id='word_1_585' title='bbox 2627 3678 2723 3731; x_wconf 73' lang='grc' dir='ltr'>καὶ</span> <span class='ocrx_word' id='word_1_586' title='bbox 2760 3676 3018 3749; x_wconf 74' lang='grc' dir='ltr'>ἐραστάς,</span> <span class='ocrx_word' id='word_1_587' title='bbox 3051 3677 3201 3732; x_wconf 84' lang='grc' dir='ltr'>οὐδὲν</span> <span class='ocrx_word' id='word_1_588' title='bbox 3230 3677 3337 3731; x_wconf 81' lang='grc' dir='ltr'><strong>ὑπὸ</strong></span> <span class='ocrx_word' id='word_1_589' title='bbox 3383 3679 3484 3751; x_wconf 82' lang='grc' dir='ltr'>τῆς</span> <span class='ocrx_word' id='word_1_590' title='bbox 3530 3679 3703 3735; x_wconf 82' lang='grc' dir='ltr'>νόσου</span> 
     </span>
    </p>
   </div>
   <div class='ocr_carea' id='block_1_83' title="bbox 2109 3768 3702 3842">
    <p class='ocr_par' dir='ltr' id='par_1_83' title="bbox 2109 3768 3702 3842">
     <span class='ocr_line' id='line_1_83' title="bbox 2109 3768 3702 3842; baseline 0.002 -18"><span class='ocrx_word' id='word_1_591' title='bbox 2109 3770 2498 3842; x_wconf 82' lang='grc' dir='ltr'>καμπτόμενος</span> <span class='ocrx_word' id='word_1_592' title='bbox 2555 3768 2692 3841; x_wconf 72' lang='grc'><strong>(42),</strong></span> <span class='ocrx_word' id='word_1_593' title='bbox 2745 3769 2921 3834; x_wconf 84' lang='grc' dir='ltr'>οὐδὲν,</span> <span class='ocrx_word' id='word_1_594' title='bbox 2968 3769 2997 3822; x_wconf 85' lang='grc' dir='ltr'><strong><em>ὃ</em></strong></span> <span class='ocrx_word' id='word_1_595' title='bbox 3052 3786 3219 3841; x_wconf 85' lang='grc' dir='ltr'>φησιν</span> <span class='ocrx_word' id='word_1_596' title='bbox 3249 3771 3278 3823; x_wconf 98' lang='lat'><strong>6</strong></span> <span class='ocrx_word' id='word_1_597' title='bbox 3308 3770 3451 3835; x_wconf 85' lang='grc' dir='ltr'>θεῖος</span> <span class='ocrx_word' id='word_1_598' title='bbox 3499 3773 3702 3835; x_wconf 74' lang='grc' dir='ltr'>Δαόὶδ,</span> 
     </span>
    </p>
   </div>
   <div class='ocr_carea' id='block_1_84' title="bbox 2107 3859 3704 3935">
    <p class='ocr_par' dir='ltr' id='par_1_84' title="bbox 2107 3859 3704 3935">
     <span class='ocr_line' id='line_1_84' title="bbox 2107 3859 3704 3935; baseline 0.004 -21"><span class='ocrx_word' id='word_1_599' title='bbox 2107 3860 2212 3914; x_wconf 79' lang='grc' dir='ltr'>ὑπὸ</span> <span class='ocrx_word' id='word_1_600' title='bbox 2254 3862 2355 3932; x_wconf 83' lang='grc' dir='ltr'>τῆς</span> <span class='ocrx_word' id='word_1_601' title='bbox 2396 3862 2619 3933; x_wconf 85' lang='grc' dir='ltr'>εἰρήνης</span> <span class='ocrx_word' id='word_1_602' title='bbox 2644 3860 2751 3915; x_wconf 84' lang='grc' dir='ltr'><strong>τῶν</strong></span> <span class='ocrx_word' id='word_1_603' title='bbox 2776 3859 3139 3932; x_wconf 81' lang='grc' dir='ltr'>ἁμαρτωλῶν,</span> <span class='ocrx_word' id='word_1_604' title='bbox 3182 3863 3277 3916; x_wconf 79' lang='grc' dir='ltr'>καὶ</span> <span class='ocrx_word' id='word_1_605' title='bbox 3302 3863 3402 3935; x_wconf 82' lang='grc' dir='ltr'>τῆς</span> <span class='ocrx_word' id='word_1_606' title='bbox 3429 3864 3575 3918; x_wconf 76' lang='grc' dir='ltr'>κατὰ</span> <span class='ocrx_word' id='word_1_607' title='bbox 3603 3866 3704 3920; x_wconf 79' lang='grc' dir='ltr'>τὸν</span> 
     </span>
    </p>
   </div>
   <div class='ocr_carea' id='block_1_85' title="bbox 2107 3952 3703 4027">
    <p class='ocr_par' dir='ltr' id='par_1_85' title="bbox 2107 3952 3703 4027">
     <span class='ocr_line' id='line_1_85' title="bbox 2107 3952 3703 4027; baseline 0.005 -22"><span class='ocrx_word' id='word_1_608' title='bbox 2107 3952 2222 4023; x_wconf 83' lang='grc' dir='ltr'>βίον</span> <span class='ocrx_word' id='word_1_609' title='bbox 2253 3953 2438 4007; x_wconf 77' lang='grc' dir='ltr'>τοῦτον</span> <span class='ocrx_word' id='word_1_610' title='bbox 2468 3952 2687 4023; x_wconf 84' lang='grc' dir='ltr'>εὐροίας</span> <span class='ocrx_word' id='word_1_611' title='bbox 2715 3952 2897 4007; x_wconf 84' lang='grc' dir='ltr'>αὐτῶν</span> <span class='ocrx_word' id='word_1_612' title='bbox 2937 3955 3341 4026; x_wconf 84' lang='grc' dir='ltr'>ὲγκοπτόμενος</span> <span class='ocrx_word' id='word_1_613' title='bbox 3373 3955 3485 4027; x_wconf 74' lang='grc'><strong>(45)</strong></span> <span class='ocrx_word' id='word_1_614' title='bbox 3507 3972 3524 3988; x_wconf 84' lang='lat'><strong><em>°</em></strong></span> <span class='ocrx_word' id='word_1_615' title='bbox 3554 3957 3703 4013; x_wconf 78' lang='grc' dir='ltr'>ἀλλὰ</span> 
     </span>
    </p>
   </div>
   <div class='ocr_carea' id='block_1_86' title="bbox 2105 4045 3701 4122">
    <p class='ocr_par' dir='ltr' id='par_1_86' title="bbox 2105 4045 3701 4122">
     <span class='ocr_line' id='line_1_86' title="bbox 2105 4045 3701 4122; baseline 0.001 -22"><span class='ocrx_word' id='word_1_616' title='bbox 2105 4047 2200 4100; x_wconf 75' lang='grc' dir='ltr'>καὶ</span> <span class='ocrx_word' id='word_1_617' title='bbox 2226 4045 2648 4119; x_wconf 76' lang='grc' dir='ltr'>καθαιρόμενος,</span> <span class='ocrx_word' id='word_1_618' title='bbox 2679 4049 2730 4099; x_wconf 84' lang='grc' dir='ltr'>εἱ</span> <span class='ocrx_word' id='word_1_619' title='bbox 2753 4045 2912 4117; x_wconf 83' lang='grc' dir='ltr'>θέμις</span> <span class='ocrx_word' id='word_1_620' title='bbox 2934 4046 3028 4099; x_wconf 76' lang='grc' dir='ltr'><strong>ἐπὶ</strong></span> <span class='ocrx_word' id='word_1_621' title='bbox 3059 4046 3155 4100; x_wconf 79' lang='grc' dir='ltr'>σοῦ</span> <span class='ocrx_word' id='word_1_622' title='bbox 3174 4046 3333 4101; x_wconf 80' lang='grc' dir='ltr'>τοῦτο</span> <span class='ocrx_word' id='word_1_623' title='bbox 3358 4048 3535 4101; x_wconf 70' lang='grc' dir='ltr'>εἰπεῖν</span> <span class='ocrx_word' id='word_1_624' title='bbox 3553 4050 3612 4122; x_wconf 69' lang='grc'><strong>(4</strong></span> <span class='ocrx_word' id='word_1_625' title='bbox 3625 4050 3701 4121; x_wconf 74' lang='lat' dir='ltr'><strong>t),</strong></span> 
     </span>
    </p>
   </div>
   <div class='ocr_carea' id='block_1_87' title="bbox 2102 4136 3405 4211">
    <p class='ocr_par' dir='ltr' id='par_1_87' title="bbox 2102 4136 3405 4211">
     <span class='ocr_line' id='line_1_87' title="bbox 2102 4136 3405 4211; baseline 0.002 -18"><span class='ocrx_word' id='word_1_626' title='bbox 2102 4140 2199 4193; x_wconf 79' lang='grc' dir='ltr'>καὶ</span> <span class='ocrx_word' id='word_1_627' title='bbox 2221 4137 2352 4210; x_wconf 78' lang='grc' dir='ltr'>ὓλην</span> <span class='ocrx_word' id='word_1_628' title='bbox 2382 4139 2586 4211; x_wconf 82' lang='grc' dir='ltr'>ἀρετῆς</span> <span class='ocrx_word' id='word_1_629' title='bbox 2617 4136 2936 4208; x_wconf 78' lang='grc' dir='ltr'>ποιούμενος</span> <span class='ocrx_word' id='word_1_630' title='bbox 2969 4137 3066 4211; x_wconf 70' lang='grc' dir='ltr'>τὴν</span> <span class='ocrx_word' id='word_1_631' title='bbox 3092 4138 3405 4198; x_wconf 80' lang='grc' dir='ltr'>ἀσθένειαν.</span> 
     </span>
    </p>
   </div>
   <div class='ocr_carea' id='block_1_88' title="bbox 2096 4566 3698 4648">
    <p class='ocr_par' dir='ltr' id='par_1_88' title="bbox 2096 4566 3698 4648">
     <span class='ocr_line' id='line_1_88' title="bbox 2096 4566 3698 4648; baseline 0.003 -27"><span class='ocrx_word' id='word_1_632' title='bbox 2096 4566 2479 4648; x_wconf 56' lang='grc' dir='ltr'>μάλαδέχεται</span> <span class='ocrx_word' id='word_1_633' title='bbox 2509 4566 3141 4648; x_wconf 45' lang='grc' dir='ltr'>ἱλαρῶςιγιιατὸιιια-ςιιηι</span> <span class='ocrx_word' id='word_1_634' title='bbox 3162 4568 3439 4648; x_wconf 54' lang='lat' dir='ltr'><strong>hilarique</strong></span> <span class='ocrx_word' id='word_1_635' title='bbox 3465 4569 3698 4648; x_wconf 66' lang='lat' dir='ltr'><strong>accepit.</strong></span> 
     </span>
    </p>
   </div>
   <div class='ocr_carea' id='block_1_89' title="bbox 2164 4638 3700 4711">
    <p class='ocr_par' dir='ltr' id='par_1_89' title="bbox 2164 4638 3700 4711">
     <span class='ocr_line' id='line_1_89' title="bbox 2164 4638 3700 4711; baseline 0.002 -17"><span class='ocrx_word' id='word_1_636' title='bbox 2164 4639 2277 4711; x_wconf 74' lang='grc'><strong>(40)</strong></span> <span class='ocrx_word' id='word_1_637' title='bbox 2309 4638 2516 4708; x_wconf 75' lang='grc' dir='ltr'><strong>Ηόρῤω</strong></span> <span class='ocrx_word' id='word_1_638' title='bbox 2549 4638 2688 4711; x_wconf 52' lang='grc' dir='ltr'>τῷν.</span> <span class='ocrx_word' id='word_1_639' title='bbox 2729 4639 2805 4693; x_wconf 88' lang='lat' dir='ltr'><strong>Ita</strong></span> <span class='ocrx_word' id='word_1_640' title='bbox 2841 4639 2963 4711; x_wconf 87' lang='lat' dir='ltr'><strong>cod.</strong></span> <span class='ocrx_word' id='word_1_641' title='bbox 3000 4638 3184 4704; x_wconf 90' lang='lat' dir='ltr'><strong>Pass.,</strong></span> <span class='ocrx_word' id='word_1_642' title='bbox 3219 4639 3366 4711; x_wconf 88' lang='lat' dir='ltr'><strong>quod</strong></span> <span class='ocrx_word' id='word_1_643' title='bbox 3399 4641 3700 4710; x_wconf 84' lang='lat' dir='ltr'><strong>postulare</strong></span> 
     </span>
    </p>
   </div>
   <div class='ocr_carea' id='block_1_90' title="bbox 401 4705 3166 4782">
    <p class='ocr_par' dir='ltr' id='par_1_90' title="bbox 401 4705 3166 4782">
     <span class='ocr_line' id='line_1_90' title="bbox 401 4705 3166 4782; baseline -0.001 -18"><span class='ocrx_word' id='word_1_644' title='bbox 401 4709 613 4773; x_wconf 85' lang='lat' dir='ltr'><strong>fuerat,</strong></span> <span class='ocrx_word' id='word_1_645' title='bbox 652 4708 706 4762; x_wconf 92' lang='lat' dir='ltr'><strong>in</strong></span> <span class='ocrx_word' id='word_1_646' title='bbox 748 4710 1018 4782; x_wconf 64' lang='lat' dir='ltr'><strong>Graeciam</strong></span> <span class='ocrx_word' id='word_1_647' title='bbox 1063 4705 1302 4773; x_wconf 76' lang='lat' dir='ltr'><strong>rediens,</strong></span> <span class='ocrx_word' id='word_1_648' title='bbox 1332 4722 1361 4761; x_wconf 92' lang='lat' dir='ltr'><strong>a</strong></span> <span class='ocrx_word' id='word_1_649' title='bbox 1401 4705 1768 4782; x_wconf 78' lang='lat' dir='ltr'><strong>Nicocreonte</strong></span> <span class='ocrx_word' id='word_1_650' title='bbox 1808 4707 1981 4778; x_wconf 80' lang='lat' dir='ltr'><strong>Cyre-</strong></span> <span class='ocrx_word' id='word_1_651' title='bbox 2086 4705 2308 4782; x_wconf 76' lang='lat' dir='ltr'><strong>videtur</strong></span> <span class='ocrx_word' id='word_1_652' title='bbox 2343 4705 2561 4782; x_wconf 79' lang='lat' dir='ltr'><strong>sensus.</strong></span> <span class='ocrx_word' id='word_1_653' title='bbox 2592 4708 2692 4763; x_wconf 83' lang='lat' dir='ltr'><strong>Ed.</strong></span> <span class='ocrx_word' id='word_1_654' title='bbox 2727 4711 2789 4782; x_wconf 79' lang='grc' dir='ltr'><strong>οὐ</strong></span> <span class='ocrx_word' id='word_1_655' title='bbox 2821 4710 3031 4782; x_wconf 69' lang='grc' dir='ltr'>πόρρω,</span> <span class='ocrx_word' id='word_1_656' title='bbox 3061 4722 3166 4782; x_wconf 87' lang='lat' dir='ltr'><strong>etc.</strong></span> 
     </span>
    </p>
   </div>
   <div class='ocr_carea' id='block_1_91' title="bbox 401 4777 1979 4851">
    <p class='ocr_par' dir='ltr' id='par_1_91' title="bbox 401 4777 1979 4851">
     <span class='ocr_line' id='line_1_91' title="bbox 401 4777 1979 4851; baseline -0.001 -18"><span class='ocrx_word' id='word_1_657' title='bbox 401 4795 591 4834; x_wconf 87' lang='lat' dir='ltr'><strong>narum</strong></span> <span class='ocrx_word' id='word_1_658' title='bbox 628 4788 861 4851; x_wconf 82' lang='lat' dir='ltr'><strong>tyranno</strong></span> <span class='ocrx_word' id='word_1_659' title='bbox 899 4779 1278 4851; x_wconf 86' lang='lat' dir='ltr'><strong>interceptus_._</strong></span> <span class='ocrx_word' id='word_1_660' title='bbox 1300 4792 1441 4851; x_wconf 78' lang='lat' dir='ltr'><strong>novo</strong></span> <span class='ocrx_word' id='word_1_661' title='bbox 1470 4786 1524 4832; x_wconf 90' lang='lat' dir='ltr'><strong>et</strong></span> <span class='ocrx_word' id='word_1_662' title='bbox 1561 4777 1812 4832; x_wconf 87' lang='lat' dir='ltr'><strong>inaudito</strong></span> <span class='ocrx_word' id='word_1_663' title='bbox 1844 4777 1979 4848; x_wconf 73' lang='lat' dir='ltr'><strong>snp-</strong></span> 
     </span>
    </p>
   </div>
   <div class='ocr_carea' id='block_1_92' title="bbox 396 4847 1981 4921">
    <p class='ocr_par' dir='ltr' id='par_1_92' title="bbox 396 4847 1981 4921">
     <span class='ocr_line' id='line_1_92' title="bbox 396 4847 1981 4921; baseline -0.001 -18"><span class='ocrx_word' id='word_1_664' title='bbox 396 4851 543 4920; x_wconf 86' lang='lat' dir='ltr'><strong>plicii</strong></span> <span class='ocrx_word' id='word_1_665' title='bbox 573 4847 771 4921; x_wconf 82' lang='lat' dir='ltr'><strong>genere</strong></span> <span class='ocrx_word' id='word_1_666' title='bbox 807 4850 1092 4921; x_wconf 85' lang='lat' dir='ltr'><strong>cruciatus</strong></span> <span class='ocrx_word' id='word_1_667' title='bbox 1117 4847 1521 4921; x_wconf 56' lang='lat' dir='ltr'><strong>est.l&#39;3pictet_ns</strong></span> <span class='ocrx_word' id='word_1_668' title='bbox 1544 4856 1726 4901; x_wconf 89' lang='lat' dir='ltr'><strong>autem</strong></span> <span class='ocrx_word' id='word_1_669' title='bbox 1761 4847 1981 4903; x_wconf 85' lang='lat' dir='ltr'><strong>summo</strong></span> 
     </span>
    </p>
   </div>
   <div class='ocr_carea' id='block_1_93' title="bbox 397 4919 1982 4989">
    <p class='ocr_par' dir='ltr' id='par_1_93' title="bbox 397 4919 1982 4989">
     <span class='ocr_line' id='line_1_93' title="bbox 397 4919 1982 4989; baseline -0.003 -14"><span class='ocrx_word' id='word_1_670' title='bbox 397 4919 501 4976; x_wconf 80' lang='lat' dir='ltr'><strong>fuit</strong></span> <span class='ocrx_word' id='word_1_671' title='bbox 545 4919 599 4975; x_wconf 84' lang='lat' dir='ltr'><strong>iii</strong></span> <span class='ocrx_word' id='word_1_672' title='bbox 657 4923 866 4975; x_wconf 87' lang='lat' dir='ltr'><strong>honore</strong></span> <span class='ocrx_word' id='word_1_673' title='bbox 910 4920 1054 4989; x_wconf 91' lang='lat' dir='ltr'><strong>apud</strong></span> <span class='ocrx_word' id='word_1_674' title='bbox 1102 4920 1402 4974; x_wconf 86' lang='lat' dir='ltr'><strong>Adrianum</strong></span> <span class='ocrx_word' id='word_1_675' title='bbox 1440 4919 1870 4989; x_wconf 71' lang='lat' dir='ltr'><strong>imperatorem.</strong></span> <span class='ocrx_word' id='word_1_676' title='bbox 1921 4927 1982 4972; x_wconf 89' lang='grc' dir='ltr'><strong>ιιι</strong></span> 
     </span>
    </p>
   </div>
   <div class='ocr_carea' id='block_1_94' title="bbox 396 4986 1979 5060">
    <p class='ocr_par' dir='ltr' id='par_1_94' title="bbox 396 4986 1979 5060">
     <span class='ocr_line' id='line_1_94' title="bbox 396 4986 1979 5060; baseline -0.001 -15"><span class='ocrx_word' id='word_1_677' title='bbox 396 4993 552 5046; x_wconf 87' lang='lat' dir='ltr'><strong>testis</strong></span> <span class='ocrx_word' id='word_1_678' title='bbox 584 5002 669 5046; x_wconf 89' lang='lat' dir='ltr'><strong>est</strong></span> <span class='ocrx_word' id='word_1_679' title='bbox 700 4990 879 5045; x_wconf 69' lang='lat' dir='ltr'><strong>Ailius</strong></span> <span class='ocrx_word' id='word_1_680' title='bbox 905 4986 1246 5060; x_wconf 74' lang='lat' dir='ltr'><strong>Spartianus</strong></span> <span class='ocrx_word' id='word_1_681' title='bbox 1277 4990 1345 5060; x_wconf 82' lang='lat' dir='ltr'><strong>in</strong></span> <span class='ocrx_word' id='word_1_682' title='bbox 1366 4989 1627 5060; x_wconf 72' lang='lat' dir='ltr'><strong>Adriano.</strong></span> <span class='ocrx_word' id='word_1_683' title='bbox 1664 4986 1790 5060; x_wconf 66' lang='lat' dir='ltr'><strong>llaec</strong></span> <span class='ocrx_word' id='word_1_684' title='bbox 1828 4990 1979 5043; x_wconf 80' lang='lat' dir='ltr'><strong>BiLL.</strong></span> 
     </span>
    </p>
   </div>
   <div class='ocr_carea' id='block_1_95' title="bbox 468 5057 1985 5133">
    <p class='ocr_par' dir='ltr' id='par_1_95' title="bbox 468 5057 1985 5133">
     <span class='ocr_line' id='line_1_95' title="bbox 468 5057 1985 5133; baseline -0.003 -17"><span class='ocrx_word' id='word_1_685' title='bbox 468 5062 579 5133; x_wconf 78' lang='lat'><strong>(37)</strong></span> <span class='ocrx_word' id='word_1_686' title='bbox 606 5062 789 5133; x_wconf 75' lang='lat' dir='ltr'><strong>_&quot;0:_t_ap</strong></span> <span class='ocrx_word' id='word_1_687' title='bbox 813 5057 1219 5133; x_wconf 13' lang='grc' dir='ltr'>ἡμῖνίόίὲντὸς</span> <span class='ocrx_word' id='word_1_688' title='bbox 1254 5058 1353 5112; x_wconf 79' lang='grc' dir='ltr'>καὶ</span> <span class='ocrx_word' id='word_1_689' title='bbox 1445 5057 1621 5133; x_wconf 59' lang='grc' dir='ltr'>ἐκτός</span> <span class='ocrx_word' id='word_1_690' title='bbox 1648 5057 1985 5133; x_wconf 47' lang='grc' dir='ltr'>ἅνθρωπος.</span> 
     </span>
    </p>
   </div>
   <div class='ocr_carea' id='block_1_96' title="bbox 394 5127 1988 5254">
    <p class='ocr_par' dir='ltr' id='par_1_96' title="bbox 394 5127 1988 5254">
     <span class='ocr_line' id='line_1_96' title="bbox 394 5127 1988 5254; baseline -0.001 -70"><span class='ocrx_word' id='word_1_691' title='bbox 394 5127 643 5254; x_wconf 59' lang='grc' dir='ltr'>ἒιαόοὸὰ.</span> <span class='ocrx_word' id='word_1_692' title='bbox 692 5127 947 5203; x_wconf 69' lang='grc' dir='ltr'><strong>Ιὶὸε.Ἰιι</strong></span> <span class='ocrx_word' id='word_1_693' title='bbox 972 5131 1104 5186; x_wconf 83' lang='lat' dir='ltr'><strong>edit.</strong></span> <span class='ocrx_word' id='word_1_694' title='bbox 1133 5132 1314 5202; x_wconf 82' lang='grc' dir='ltr'>Ὅπερ</span> <span class='ocrx_word' id='word_1_695' title='bbox 1365 5131 1496 5201; x_wconf 75' lang='grc' dir='ltr'>ἡμῖν</span> <span class='ocrx_word' id='word_1_696' title='bbox 1527 5131 1556 5182; x_wconf 91' lang='grc' dir='ltr'>ὁ</span> <span class='ocrx_word' id='word_1_697' title='bbox 1602 5127 1759 5192; x_wconf 73' lang='grc' dir='ltr'>ἐκτὸς</span> <span class='ocrx_word' id='word_1_698' title='bbox 1811 5129 1906 5182; x_wconf 73' lang='grc' dir='ltr'><strong>καὶ</strong></span> <span class='ocrx_word' id='word_1_699' title='bbox 1959 5132 1988 5182; x_wconf 89' lang='lat'><strong>6</strong></span> 
     </span>
     <span class='ocr_line' id='line_1_97' title="bbox 424 5219 567 5254; baseline 0 0"><span class='ocrx_word' id='word_1_700' title='bbox 424 5219 485 5254; x_wconf 83' lang='grc' dir='ltr'><strong>ντ</strong></span> <span class='ocrx_word' id='word_1_701' title='bbox 521 5220 567 5254; x_wconf 84' lang='lat'><strong>:.</strong></span> 
     </span>
    </p>
   </div>
   <div class='ocr_carea' id='block_1_97' title="bbox 424 5219 567 5256">
    <p class='ocr_par' dir='ltr' id='par_1_97' title="bbox 424 5219 567 5256">
     <span class='ocr_line' id='line_1_98' title="bbox 424 5219 567 5256; baseline 0.007 -1"><span class='ocrx_word' id='word_1_702' title='bbox 424 5219 567 5256; x_wconf 72' lang='grc' dir='ltr'>ντοτ.</span> 
     </span>
    </p>
   </div>
   <div class='ocr_carea' id='block_1_98' title="bbox 465 5266 1982 5341">
    <p class='ocr_par' dir='ltr' id='par_1_98' title="bbox 465 5266 1982 5341">
     <span class='ocr_line' id='line_1_99' title="bbox 465 5266 1982 5341; baseline -0.003 -15"><span class='ocrx_word' id='word_1_703' title='bbox 465 5273 579 5341; x_wconf 81' lang='grc'><strong>(58)</strong></span> <span class='ocrx_word' id='word_1_704' title='bbox 614 5271 1124 5339; x_wconf 78' lang='grc' dir='ltr'>Κατατεινόμενος</span> <span class='ocrx_word' id='word_1_705' title='bbox 1168 5270 1267 5323; x_wconf 75' lang='grc' dir='ltr'>καὶ</span> <span class='ocrx_word' id='word_1_706' title='bbox 1306 5269 1808 5341; x_wconf 74' lang='grc' dir='ltr'>στρεϐλούμενος.</span> <span class='ocrx_word' id='word_1_707' title='bbox 1859 5266 1982 5321; x_wconf 85' lang='lat' dir='ltr'><strong>Bill.</strong></span> 
     </span>
    </p>
   </div>
   <div class='ocr_carea' id='block_1_99' title="bbox 392 5340 1984 5412">
    <p class='ocr_par' dir='ltr' id='par_1_99' title="bbox 392 5340 1984 5412">
     <span class='ocr_line' id='line_1_100' title="bbox 392 5340 1984 5412; baseline 0 -19"><span class='ocrx_word' id='word_1_708' title='bbox 392 5340 511 5394; x_wconf 80' lang='lat' dir='ltr'><strong>cum</strong></span> <span class='ocrx_word' id='word_1_709' title='bbox 541 5360 661 5397; x_wconf 79' lang='lat' dir='ltr'><strong>crus</strong></span> <span class='ocrx_word' id='word_1_710' title='bbox 691 5343 775 5395; x_wconf 81' lang='lat' dir='ltr'><strong>illi</strong></span> <span class='ocrx_word' id='word_1_711' title='bbox 798 5342 1169 5412; x_wconf 59' lang='lat' dir='ltr'><strong>frangeretur;</strong></span> <span class='ocrx_word' id='word_1_712' title='bbox 1207 5348 1263 5393; x_wconf 90' lang='lat' dir='ltr'><strong>at</strong></span> <span class='ocrx_word' id='word_1_713' title='bbox 1293 5340 1513 5412; x_wconf 77' lang='lat' dir='ltr'><strong>videtur</strong></span> <span class='ocrx_word' id='word_1_714' title='bbox 1545 5342 1830 5412; x_wconf 58' lang='lat' dir='ltr'><strong>putatione</strong></span> <span class='ocrx_word' id='word_1_715' title='bbox 1853 5355 1984 5393; x_wconf 85' lang='lat' dir='ltr'><strong>crus</strong></span> 
     </span>
    </p>
   </div>
   <div class='ocr_carea' id='block_1_100' title="bbox 395 5408 1981 5481">
    <p class='ocr_par' dir='ltr' id='par_1_100' title="bbox 395 5408 1981 5481">
     <span class='ocr_line' id='line_1_101' title="bbox 395 5408 1981 5481; baseline -0.002 -18"><span class='ocrx_word' id='word_1_716' title='bbox 395 5412 681 5479; x_wconf 82' lang='lat' dir='ltr'><strong>amisisse;</strong></span> <span class='ocrx_word' id='word_1_717' title='bbox 707 5408 852 5480; x_wconf 81' lang='lat' dir='ltr'><strong>quod</strong></span> <span class='ocrx_word' id='word_1_718' title='bbox 877 5408 1174 5481; x_wconf 69' lang='lat' dir='ltr'><strong>Giegorius</strong></span> <span class='ocrx_word' id='word_1_719' title='bbox 1203 5408 1722 5481; x_wconf 58' lang='lat' dir='ltr'><strong>xatsayﬁvatdixil.</strong></span> <span class='ocrx_word' id='word_1_720' title='bbox 1761 5408 1981 5470; x_wconf 77' lang='lat' dir='ltr'><strong>Snidas,</strong></span> 
     </span>
    </p>
   </div>
   <div class='ocr_carea' id='block_1_101' title="bbox 393 5479 1986 5551">
    <p class='ocr_par' dir='ltr' id='par_1_101' title="bbox 393 5479 1986 5551">
     <span class='ocr_line' id='line_1_102' title="bbox 393 5479 1986 5551; baseline -0.003 -18"><span class='ocrx_word' id='word_1_721' title='bbox 393 5482 674 5551; x_wconf 79' lang='grc' dir='ltr'>πηρωθεὶς</span> <span class='ocrx_word' id='word_1_722' title='bbox 706 5479 767 5534; x_wconf 83' lang='grc' dir='ltr'>τὸ</span> <span class='ocrx_word' id='word_1_723' title='bbox 799 5479 1128 5542; x_wconf 56' lang='grc' dir='ltr'>σκέλοξύπὸ</span> <span class='ocrx_word' id='word_1_724' title='bbox 1164 5482 1457 5551; x_wconf 70' lang='grc' dir='ltr'>ῥεύματος,</span> <span class='ocrx_word' id='word_1_725' title='bbox 1490 5479 1660 5534; x_wconf 76' lang='lat' dir='ltr'><strong>altera</strong></span> <span class='ocrx_word' id='word_1_726' title='bbox 1689 5495 1848 5551; x_wconf 64' lang='lat' dir='ltr'><strong>crure</strong></span> <span class='ocrx_word' id='word_1_727' title='bbox 1876 5495 1986 5531; x_wconf 86' lang='lat' dir='ltr'><strong>nm-</strong></span> 
     </span>
    </p>
   </div>
   <div class='ocr_carea' id='block_1_102' title="bbox 395 5548 1983 5621">
    <p class='ocr_par' dir='ltr' id='par_1_102' title="bbox 395 5548 1983 5621">
     <span class='ocr_line' id='line_1_103' title="bbox 395 5548 1983 5621; baseline -0.001 -19"><span class='ocrx_word' id='word_1_728' title='bbox 395 5548 582 5605; x_wconf 75' lang='lat' dir='ltr'><strong>tifdtus</strong></span> <span class='ocrx_word' id='word_1_729' title='bbox 610 5568 674 5604; x_wconf 75' lang='lat' dir='ltr'><strong>ea:</strong></span> <span class='ocrx_word' id='word_1_730' title='bbox 711 5551 1033 5619; x_wconf 65' lang='lat' dir='ltr'><strong>deﬂuxione,</strong></span> <span class='ocrx_word' id='word_1_731' title='bbox 1060 5548 1208 5621; x_wconf 83' lang='lat' dir='ltr'><strong>quod</strong></span> <span class='ocrx_word' id='word_1_732' title='bbox 1250 5548 1410 5620; x_wconf 78' lang='lat' dir='ltr'><strong>longe</strong></span> <span class='ocrx_word' id='word_1_733' title='bbox 1443 5557 1528 5605; x_wconf 80' lang='lat' dir='ltr'><strong>est</strong></span> <span class='ocrx_word' id='word_1_734' title='bbox 1570 5565 1600 5603; x_wconf 69' lang='grc' dir='ltr'><strong>ιι</strong></span> <span class='ocrx_word' id='word_1_735' title='bbox 1648 5548 1983 5619; x_wconf 65' lang='lat' dir='ltr'><strong>crurifragio</strong></span> 
     </span>
    </p>
   </div>
   <div class='ocr_carea' id='block_1_103' title="bbox 393 5623 645 5675">
    <p class='ocr_par' dir='ltr' id='par_1_103' title="bbox 393 5623 645 5675">
     <span class='ocr_line' id='line_1_104' title="bbox 393 5623 645 5675; baseline -0.02 -1"><span class='ocrx_word' id='word_1_736' title='bbox 393 5623 645 5675; x_wconf 88' lang='lat' dir='ltr'><strong>tortorio.</strong></span> 
     </span>
    </p>
   </div>
   <div class='ocr_carea' id='block_1_104' title="bbox 463 5685 1974 5762">
    <p class='ocr_par' dir='ltr' id='par_1_104' title="bbox 463 5685 1974 5762">
     <span class='ocr_line' id='line_1_105' title="bbox 463 5685 1974 5762; baseline -0.003 -17"><span class='ocrx_word' id='word_1_737' title='bbox 463 5691 575 5762; x_wconf 81' lang='lat'><strong>(39)</strong></span> <span class='ocrx_word' id='word_1_738' title='bbox 607 5690 847 5759; x_wconf 81' lang='grc' dir='ltr'>Δέχεται</span> <span class='ocrx_word' id='word_1_739' title='bbox 872 5689 1036 5760; x_wconf 67' lang='grc' dir='ltr'>μάλα</span> <span class='ocrx_word' id='word_1_740' title='bbox 1064 5689 1270 5759; x_wconf 73' lang='grc' dir='ltr'>ἡδέως.</span> <span class='ocrx_word' id='word_1_741' title='bbox 1301 5689 1436 5747; x_wconf 87' lang='lat' dir='ltr'><strong>Cod.</strong></span> <span class='ocrx_word' id='word_1_742' title='bbox 1467 5688 1600 5761; x_wconf 78' lang='lat' dir='ltr'><strong>Reg.</strong></span> <span class='ocrx_word' id='word_1_743' title='bbox 1636 5697 1692 5745; x_wconf 77' lang='lat' dir='ltr'><strong>et</strong></span> <span class='ocrx_word' id='word_1_744' title='bbox 1730 5685 1974 5745; x_wconf 77' lang='lat' dir='ltr'><strong>Combef’.</strong></span> 
     </span>
    </p>
   </div>
   <div class='ocr_carea' id='block_1_105' title="bbox 2090 4990 3315 5063">
    <p class='ocr_par' dir='ltr' id='par_1_105' title="bbox 2090 4990 3315 5063">
     <span class='ocr_line' id='line_1_106' title="bbox 2090 4990 3315 5063; baseline 0.002 -20"><span class='ocrx_word' id='word_1_745' title='bbox 2090 4990 2202 5063; x_wconf 78' lang='lat' dir='ltr'><strong>duo</strong></span> <span class='ocrx_word' id='word_1_746' title='bbox 2232 4991 2395 5063; x_wconf 84' lang='lat' dir='ltr'><strong>codd.</strong></span> <span class='ocrx_word' id='word_1_747' title='bbox 2431 4990 2601 5063; x_wconf 76' lang='lat' dir='ltr'><strong>Regg.</strong></span> <span class='ocrx_word' id='word_1_748' title='bbox 2636 5002 2690 5047; x_wconf 86' lang='lat' dir='ltr'><strong>et</strong></span> <span class='ocrx_word' id='word_1_749' title='bbox 2714 4991 2869 5048; x_wconf 87' lang='lat' dir='ltr'><strong>Pass.</strong></span> <span class='ocrx_word' id='word_1_750' title='bbox 2911 4990 2970 5045; x_wconf 83' lang='lat' dir='ltr'><strong>in</strong></span> <span class='ocrx_word' id='word_1_751' title='bbox 3005 4990 3139 5047; x_wconf 89' lang='lat' dir='ltr'><strong>edit.</strong></span> <span class='ocrx_word' id='word_1_752' title='bbox 3170 4991 3315 5046; x_wconf 86' lang='grc' dir='ltr'>οὐδέ.</span> 
     </span>
    </p>
   </div>
   <div class='ocr_carea' id='block_1_106' title="bbox 2090 5060 2757 5133">
    <p class='ocr_par' dir='ltr' id='par_1_106' title="bbox 2090 5060 2757 5133">
     <span class='ocr_line' id='line_1_107' title="bbox 2090 5060 2757 5133; baseline 0.003 -18"><span class='ocrx_word' id='word_1_753' title='bbox 2090 5060 2278 5133; x_wconf 58' lang='lat' dir='ltr'><strong>Morel.</strong></span> <span class='ocrx_word' id='word_1_754' title='bbox 2312 5060 2757 5133; x_wconf 71' lang='grc' dir='ltr'>καμπτομένους.</span> 
     </span>
    </p>
   </div>
   <div class='ocr_carea' id='block_1_107' title="bbox 2089 5201 2224 5256">
    <p class='ocr_par' dir='ltr' id='par_1_107' title="bbox 2089 5201 2224 5256">
     <span class='ocr_line' id='line_1_108' title="bbox 2089 5201 2224 5256; baseline 0.007 -1"><span class='ocrx_word' id='word_1_755' title='bbox 2089 5201 2224 5256; x_wconf 78' lang='lat' dir='ltr'><strong>Cod.</strong></span> 
     </span>
    </p>
   </div>
   <div class='ocr_carea' id='block_1_108' title="bbox 2088 5271 3560 5342">
    <p class='ocr_par' dir='ltr' id='par_1_108' title="bbox 2088 5271 3560 5342">
     <span class='ocr_line' id='line_1_109' title="bbox 2088 5271 3560 5342; baseline -0.002 -15"><span class='ocrx_word' id='word_1_756' title='bbox 2088 5271 2632 5342; x_wconf 42' lang='lat' dir='ltr'><strong>pefactus&#39;concidas.</strong></span> <span class='ocrx_word' id='word_1_757' title='bbox 2669 5272 2792 5327; x_wconf 77' lang='lat' dir='ltr'><strong>Mox</strong></span> <span class='ocrx_word' id='word_1_758' title='bbox 2830 5271 2879 5326; x_wconf 82' lang='lat' dir='ltr'><strong>in</strong></span> <span class='ocrx_word' id='word_1_759' title='bbox 2905 5272 3029 5326; x_wconf 84' lang='lat' dir='ltr'><strong>cod.</strong></span> <span class='ocrx_word' id='word_1_760' title='bbox 3068 5273 3225 5327; x_wconf 85' lang='lat' dir='ltr'><strong>Pass.</strong></span> <span class='ocrx_word' id='word_1_761' title='bbox 3257 5271 3351 5326; x_wconf 79' lang='grc' dir='ltr'><strong>καί</strong></span> <span class='ocrx_word' id='word_1_762' title='bbox 3383 5273 3560 5342; x_wconf 85' lang='lat' dir='ltr'><strong>deest.</strong></span> 
     </span>
    </p>
   </div>
   <div class='ocr_carea' id='block_1_109' title="bbox 2160 4778 3700 4853">
    <p class='ocr_par' dir='ltr' id='par_1_109' title="bbox 2160 4778 3700 4853">
     <span class='ocr_line' id='line_1_110' title="bbox 2160 4778 3700 4853; baseline 0.002 -21"><span class='ocrx_word' id='word_1_763' title='bbox 2160 4779 2272 4853; x_wconf 47' lang='lat' dir='ltr'><strong>(fil)</strong></span> <span class='ocrx_word' id='word_1_764' title='bbox 2303 4779 2506 4846; x_wconf 80' lang='grc' dir='ltr'>Δοκεῖς</span> <span class='ocrx_word' id='word_1_765' title='bbox 2531 4778 2913 4847; x_wconf 64' lang='grc' dir='ltr'>κατεπᾴδων.</span> <span class='ocrx_word' id='word_1_766' title='bbox 2932 4778 3015 4834; x_wconf 78' lang='lat' dir='ltr'><strong>ita</strong></span> <span class='ocrx_word' id='word_1_767' title='bbox 3040 4780 3165 4836; x_wconf 87' lang='lat' dir='ltr'><strong>cod.</strong></span> <span class='ocrx_word' id='word_1_768' title='bbox 3191 4778 3324 4853; x_wconf 75' lang='lat' dir='ltr'><strong>Reg.</strong></span> <span class='ocrx_word' id='word_1_769' title='bbox 3349 4778 3408 4834; x_wconf 87' lang='lat' dir='ltr'><strong>In</strong></span> <span class='ocrx_word' id='word_1_770' title='bbox 3437 4779 3529 4836; x_wconf 89' lang='lat' dir='ltr'><strong>ed.</strong></span> <span class='ocrx_word' id='word_1_771' title='bbox 3557 4797 3700 4835; x_wconf 81' lang='grc' dir='ltr'>κατ-</span> 
     </span>
    </p>
   </div>
   <div class='ocr_carea' id='block_1_110' title="bbox 2087 4851 2324 4921">
    <p class='ocr_par' dir='ltr' id='par_1_110' title="bbox 2087 4851 2324 4921">
     <span class='ocr_line' id='line_1_111' title="bbox 2087 4851 2324 4921; baseline 0.013 -18"><span class='ocrx_word' id='word_1_772' title='bbox 2087 4851 2324 4921; x_wconf 78' lang='grc' dir='ltr'>επᾴδων.</span> 
     </span>
    </p>
   </div>
   <div class='ocr_carea' id='block_1_111' title="bbox 2163 4918 3697 5045">
    <p class='ocr_par' dir='ltr' id='par_1_111' title="bbox 2163 4918 3697 5045">
     <span class='ocr_line' id='line_1_112' title="bbox 2163 4918 3697 5045; baseline 0.002 -71"><span class='ocrx_word' id='word_1_773' title='bbox 2163 4918 2277 4990; x_wconf 74' lang='grc'><strong>(42)</strong></span> <span class='ocrx_word' id='word_1_774' title='bbox 2315 4919 2511 4973; x_wconf 77' lang='grc' dir='ltr'>Οὐδὲν</span> <span class='ocrx_word' id='word_1_775' title='bbox 2542 4921 2664 4977; x_wconf 81' lang='grc' dir='ltr'><strong>ὑπὸ</strong></span> <span class='ocrx_word' id='word_1_776' title='bbox 2717 4918 2827 4989; x_wconf 80' lang='grc' dir='ltr'>τῆς</span> <span class='ocrx_word' id='word_1_777' title='bbox 2870 4921 3064 4975; x_wconf 78' lang='grc' dir='ltr'>νόσου</span> <span class='ocrx_word' id='word_1_778' title='bbox 3121 4920 3563 5045; x_wconf 57' lang='grc' dir='ltr'>καμπτόῇενος.</span> <span class='ocrx_word' id='word_1_779' title='bbox 3609 4924 3697 4977; x_wconf 83' lang='lat' dir='ltr'><strong>lla</strong></span> 
     </span>
     <span class='ocr_line' id='line_1_113' title="bbox 2168 4990 3697 5045; baseline 0 0"><span class='ocrx_word' id='word_1_780' title='bbox 2168 5006 2202 5045; x_wconf 92' lang='grc' dir='ltr'><strong>ο</strong></span> <span class='ocrx_word' id='word_1_781' title='bbox 2232 4991 2395 5045; x_wconf 89' lang='lat' dir='ltr'><strong>codd.</strong></span> <span class='ocrx_word' id='word_1_782' title='bbox 2431 4990 2601 5045; x_wconf 70' lang='lat' dir='ltr'><strong>Reae.</strong></span> <span class='ocrx_word' id='word_1_783' title='bbox 2636 5002 2690 5045; x_wconf 87' lang='lat' dir='ltr'><strong>et</strong></span> <span class='ocrx_word' id='word_1_784' title='bbox 2714 4991 2869 5045; x_wconf 88' lang='lat' dir='ltr'><strong>Pass.</strong></span> <span class='ocrx_word' id='word_1_785' title='bbox 2911 4990 2970 5045; x_wconf 83' lang='lat' dir='ltr'><strong>in</strong></span> <span class='ocrx_word' id='word_1_786' title='bbox 3005 4990 3139 5045; x_wconf 89' lang='lat' dir='ltr'><strong>edit.</strong></span> <span class='ocrx_word' id='word_1_787' title='bbox 3170 4991 3315 5045; x_wconf 86' lang='grc' dir='ltr'>οὐδέ.</span> <span class='ocrx_word' id='word_1_788' title='bbox 3415 5000 3605 5045; x_wconf 82' lang='lat' dir='ltr'><strong>ontac.</strong></span> <span class='ocrx_word' id='word_1_789' title='bbox 3637 5003 3697 5045; x_wconf 86' lang='lat' dir='ltr'><strong>et</strong></span> 
     </span>
    </p>
   </div>
   <div class='ocr_carea' id='block_1_112' title="bbox 3415 5003 3699 5049">
    <p class='ocr_par' dir='ltr' id='par_1_112' title="bbox 3415 5003 3699 5049">
     <span class='ocr_line' id='line_1_114' title="bbox 3415 5003 3699 5049; baseline 0.004 -3"><span class='ocrx_word' id='word_1_790' title='bbox 3415 5003 3605 5046; x_wconf 67' lang='grc' dir='ltr'>οηιαρ.</span> <span class='ocrx_word' id='word_1_791' title='bbox 3637 5003 3699 5049; x_wconf 73' lang='lat' dir='ltr'><strong>Cl</strong></span> 
     </span>
    </p>
   </div>
   <div class='ocr_carea' id='block_1_113' title="bbox 2161 5129 3692 5203">
    <p class='ocr_par' dir='ltr' id='par_1_113' title="bbox 2161 5129 3692 5203">
     <span class='ocr_line' id='line_1_115' title="bbox 2161 5129 3692 5203; baseline 0.002 -18"><span class='ocrx_word' id='word_1_792' title='bbox 2161 5131 2286 5203; x_wconf 60' lang='lat'><strong>(£5)</strong></span> <span class='ocrx_word' id='word_1_793' title='bbox 2304 5129 2450 5203; x_wconf 67' lang='grc' dir='ltr'>Βίοις</span> <span class='ocrx_word' id='word_1_794' title='bbox 2481 5129 2959 5203; x_wconf 20' lang='grc' dir='ltr'>τοῦτονὴείιροίας</span> <span class='ocrx_word' id='word_1_795' title='bbox 2989 5129 3190 5186; x_wconf 77' lang='grc' dir='ltr'>αὐτῶν</span> <span class='ocrx_word' id='word_1_796' title='bbox 3217 5131 3692 5203; x_wconf 62' lang='grc' dir='ltr'>ἐγχριπτόμενος.</span> 
     </span>
    </p>
   </div>
   <div class='ocr_carea' id='block_1_114' title="bbox 2308 5201 3699 5284">
    <p class='ocr_par' dir='ltr' id='par_1_114' title="bbox 2308 5201 3699 5284">
     <span class='ocr_line' id='line_1_116' title="bbox 2308 5201 3699 5284; baseline -0.001 -26"><span class='ocrx_word' id='word_1_797' title='bbox 2308 5219 2390 5274; x_wconf 83' lang='lat' dir='ltr'><strong>eg.</strong></span> <span class='ocrx_word' id='word_1_798' title='bbox 2426 5202 2549 5284; x_wconf 71' lang='grc' dir='ltr'>Βξον</span> <span class='ocrx_word' id='word_1_799' title='bbox 2582 5201 2763 5284; x_wconf 60' lang='grc' dir='ltr'>αὐτῷ’)</span> <span class='ocrx_word' id='word_1_800' title='bbox 2788 5201 3012 5284; x_wconf 63' lang='grc' dir='ltr'>εὐροίας</span> <span class='ocrx_word' id='word_1_801' title='bbox 3054 5201 3474 5284; x_wconf 61' lang='grc' dir='ltr'>ξκπτοούμενος,</span> <span class='ocrx_word' id='word_1_802' title='bbox 3504 5202 3699 5257; x_wconf 76' lang='lat' dir='ltr'><strong>obstu-</strong></span> 
     </span>
    </p>
   </div>
   <div class='ocr_carea' id='block_1_115' title="bbox 2164 5341 3696 5413">
    <p class='ocr_par' dir='ltr' id='par_1_115' title="bbox 2164 5341 3696 5413">
     <span class='ocr_line' id='line_1_117' title="bbox 2164 5341 3696 5413; baseline 0 -16"><span class='ocrx_word' id='word_1_803' title='bbox 2164 5342 2275 5413; x_wconf 68' lang='grc'><strong>(44)</strong></span> <span class='ocrx_word' id='word_1_804' title='bbox 2301 5344 2372 5396; x_wconf 75' lang='lat' dir='ltr'><strong>El</strong></span> <span class='ocrx_word' id='word_1_805' title='bbox 2401 5343 2566 5413; x_wconf 76' lang='grc' dir='ltr'>θέμις</span> <span class='ocrx_word' id='word_1_806' title='bbox 2594 5342 2695 5396; x_wconf 78' lang='grc' dir='ltr'><strong>ἐπὶ</strong></span> <span class='ocrx_word' id='word_1_807' title='bbox 2720 5344 2837 5397; x_wconf 83' lang='grc' dir='ltr'>σοῦ</span> <span class='ocrx_word' id='word_1_808' title='bbox 2872 5343 3049 5397; x_wconf 84' lang='grc' dir='ltr'>τοῦτο</span> <span class='ocrx_word' id='word_1_809' title='bbox 3081 5342 3291 5403; x_wconf 75' lang='grc' dir='ltr'>εἰπεῖν,</span> <span class='ocrx_word' id='word_1_810' title='bbox 3319 5343 3366 5395; x_wconf 78' lang='lat' dir='ltr'><strong>si</strong></span> <span class='ocrx_word' id='word_1_811' title='bbox 3395 5341 3507 5413; x_wconf 13' lang='lat' dir='ltr'><strong>hoc,</strong></span> <span class='ocrx_word' id='word_1_812' title='bbox 3530 5344 3696 5397; x_wconf 67' lang='lat' dir='ltr'><strong>verba</strong></span> 
     </span>
    </p>
   </div>
   <div class='ocr_carea' id='block_1_116' title="bbox 2092 5412 3691 5483">
    <p class='ocr_par' dir='ltr' id='par_1_116' title="bbox 2092 5412 3691 5483">
     <span class='ocr_line' id='line_1_118' title="bbox 2092 5412 3691 5483; baseline 0.002 -19"><span class='ocrx_word' id='word_1_813' title='bbox 2092 5413 2172 5466; x_wconf 78' lang='lat' dir='ltr'><strong>uti</strong></span> <span class='ocrx_word' id='word_1_814' title='bbox 2207 5414 2290 5481; x_wconf 76' lang='lat' dir='ltr'><strong>fas</strong></span> <span class='ocrx_word' id='word_1_815' title='bbox 2334 5422 2451 5475; x_wconf 85' lang='lat' dir='ltr'><strong>est;</strong></span> <span class='ocrx_word' id='word_1_816' title='bbox 2498 5412 2552 5467; x_wconf 91' lang='lat' dir='ltr'><strong>id</strong></span> <span class='ocrx_word' id='word_1_817' title='bbox 2587 5422 2692 5475; x_wconf 77' lang='lat' dir='ltr'><strong>est,</strong></span> <span class='ocrx_word' id='word_1_818' title='bbox 2735 5414 2783 5467; x_wconf 74' lang='lat' dir='ltr'><strong>si</strong></span> <span class='ocrx_word' id='word_1_819' title='bbox 2811 5414 2896 5481; x_wconf 74' lang='lat' dir='ltr'><strong>fas</strong></span> <span class='ocrx_word' id='word_1_820' title='bbox 2940 5424 3016 5468; x_wconf 81' lang='lat' dir='ltr'><strong>est</strong></span> <span class='ocrx_word' id='word_1_821' title='bbox 3070 5414 3426 5483; x_wconf 13' lang='lat' dir='ltr'><strong>liocrdicere:</strong></span> <span class='ocrx_word' id='word_1_822' title='bbox 3474 5412 3691 5483; x_wconf 75' lang='lat' dir='ltr'><strong>Exigua</strong></span> 
     </span>
    </p>
   </div>
   <div class='ocr_carea' id='block_1_117' title="bbox 2094 5482 3690 5553">
    <p class='ocr_par' dir='ltr' id='par_1_117' title="bbox 2094 5482 3690 5553">
     <span class='ocr_line' id='line_1_119' title="bbox 2094 5482 3690 5553; baseline 0.001 -17"><span class='ocrx_word' id='word_1_823' title='bbox 2094 5483 2185 5537; x_wconf 89' lang='lat' dir='ltr'><strong>illa</strong></span> <span class='ocrx_word' id='word_1_824' title='bbox 2226 5492 2451 5553; x_wconf 86' lang='lat' dir='ltr'><strong>peccata</strong></span> <span class='ocrx_word' id='word_1_825' title='bbox 2503 5498 2626 5552; x_wconf 80' lang='lat' dir='ltr'><strong>qua:</strong></span> <span class='ocrx_word' id='word_1_826' title='bbox 2659 5486 2712 5538; x_wconf 90' lang='lat' dir='ltr'><strong>in</strong></span> <span class='ocrx_word' id='word_1_827' title='bbox 2746 5493 2799 5539; x_wconf 89' lang='lat' dir='ltr'><strong>te</strong></span> <span class='ocrx_word' id='word_1_828' title='bbox 2834 5494 3068 5548; x_wconf 88' lang='lat' dir='ltr'><strong>restant,</strong></span> <span class='ocrx_word' id='word_1_829' title='bbox 3116 5482 3505 5538; x_wconf 82' lang='lat' dir='ltr'><strong>afflictionibus</strong></span> <span class='ocrx_word' id='word_1_830' title='bbox 3554 5482 3690 5551; x_wconf 80' lang='lat' dir='ltr'><strong>pur-</strong></span> 
     </span>
    </p>
   </div>
   <div class='ocr_carea' id='block_1_118' title="bbox 2093 5554 3688 5633">
    <p class='ocr_par' dir='ltr' id='par_1_118' title="bbox 2093 5554 3688 5633">
     <span class='ocr_line' id='line_1_120' title="bbox 2093 5554 3688 5633; baseline 0.003 -28"><span class='ocrx_word' id='word_1_831' title='bbox 2093 5554 2231 5633; x_wconf 74' lang='lat' dir='ltr'><strong>gari,</strong></span> <span class='ocrx_word' id='word_1_832' title='bbox 2274 5568 2338 5608; x_wconf 89' lang='lat' dir='ltr'><strong>ac</strong></span> <span class='ocrx_word' id='word_1_833' title='bbox 2368 5555 2712 5633; x_wconf 60' lang='lat' dir='ltr'><strong>nonpotius</strong></span> <span class='ocrx_word' id='word_1_834' title='bbox 2752 5563 3007 5633; x_wconf 64' lang='lat' dir='ltr'><strong>Virtutem</strong></span> <span class='ocrx_word' id='word_1_835' title='bbox 3042 5563 3193 5633; x_wconf 60' lang='lat' dir='ltr'><strong>tuam</strong></span> <span class='ocrx_word' id='word_1_836' title='bbox 3247 5554 3688 5620; x_wconf 68' lang='lat' dir='ltr'><strong>calamitatibus,</strong></span> 
     </span>
    </p>
   </div>
   <div class='ocr_carea' id='block_1_119' title="bbox 2090 5623 3256 5696">
    <p class='ocr_par' dir='ltr' id='par_1_119' title="bbox 2090 5623 3256 5696">
     <span class='ocr_line' id='line_1_121' title="bbox 2090 5623 3256 5696; baseline -0.001 -19"><span class='ocrx_word' id='word_1_837' title='bbox 2090 5624 2238 5679; x_wconf 80' lang='lat' dir='ltr'><strong>\elut</strong></span> <span class='ocrx_word' id='word_1_838' title='bbox 2273 5638 2467 5679; x_wconf 88' lang='lat' dir='ltr'><strong>aurum</strong></span> <span class='ocrx_word' id='word_1_839' title='bbox 2500 5623 2643 5696; x_wconf 71' lang='lat' dir='ltr'><strong>igne,</strong></span> <span class='ocrx_word' id='word_1_840' title='bbox 2664 5626 2921 5696; x_wconf 71' lang='lat' dir='ltr'><strong>purgari.</strong></span> <span class='ocrx_word' id='word_1_841' title='bbox 2951 5623 3074 5679; x_wconf 56' lang='lat' dir='ltr'><strong>llaec</strong></span> <span class='ocrx_word' id='word_1_842' title='bbox 3107 5624 3256 5677; x_wconf 63' lang='grc' dir='ltr'>ΒΜ..</span> 
     </span>
    </p>
   </div>
   <div class='ocr_carea' id='block_1_120' title="bbox 3693 5821 3725 5839">
    <p class='ocr_par' dir='ltr' id='par_1_120' title="bbox 3693 5821 3725 5839">
     <span class='ocr_line' id='line_1_122' title="bbox 3693 5821 3725 5839; baseline 0 -3"><span class='ocrx_word' id='word_1_843' title='bbox 3693 5821 3725 5839; x_wconf 55' lang='grc' dir='ltr'><strong><em>Α</em></strong></span> 
     </span>
    </p>
   </div>
  </div>
