3802 6258
296 299 369 357 35
1461 291 1501 347 S
1560 290 1893 348 GREGORII
1932 290 2288 350 THEOLOGI
3498 290 3572 346 84

297 417 484 466 autem
524 411 817 481 episcopos
874 408 943 464 ad
1007 409 1199 465 urbem
1243 423 1576 465 concurrere
1608 407 1869 474 intellexi,

2016 409 2377 481 πηρεάζουσιο
2420 406 2674 479 δεύτερον
2704 407 2760 460 δὲ
2785 448 2800 472 ,
2841 408 2891 460 εἰ
2924 408 3000 478 μὴ
3041 408 3087 461 τ’
3120 406 3263 460 αὐτὰ
3289 404 3372 460 σοί
3397 421 3458 459 τε
3491 402 3579 471 (6)

296 500 659 573 profectionis
684 499 977 556 consilium
1013 501 1209 570 abrupi
1232 539 1248 564 ,
1282 499 1662 571 demirarique
1707 497 1873 569 cmpi.

296 594 533 663 primum
566 593 634 656 si,
676 592 808 663 quid
834 593 1127 648 honestum
1164 600 1333 656 esset,
1368 607 1477 647 non
1521 590 1874 663 perspexisti,

297 700 397 739 nec
426 685 629 756 putasti
663 684 941 741 cavendas
973 699 1097 741 esse
1129 685 1274 755 vulgi
1308 684 1416 756 35
1448 683 1730 739 hominum
1767 682 1875 737 lin-

295 791 453 846 guas,
491 792 616 845 quae
653 777 1089 847 simplicioribus
1122 776 1431 847 quibusque
1465 774 1751 831 celerrime
1778 788 1875 830 ca-

294 867 559 922 lumniam
604 877 862 936 struunt;
922 869 1154 935 deinde,
1197 869 1243 922 si
1306 882 1416 923 non
1466 865 1653 923 eadem
1684 865 1782 921 tibi
1810 879 1875 920 ac

294 958 458 1015 nobis
498 960 794 1015 convenire
832 962 1137 1026 existimas,
1185 959 1386 1030 quibus
1413 966 1466 1014 et
1505 959 1638 1023 vita,
1685 965 1741 1014 et
1782 957 1879 1012 do.

294 1054 499 1123 ctrina,
531 1065 586 1111 et
622 1056 832 1126 reliqua
858 1056 1044 1111 omnia
1080 1054 1396 1109 communia
1428 1061 1579 1119 sunt,
1610 1052 1872 1106 nimirum

294 1161 326 1200 a
360 1145 471 1202 Deo
499 1147 573 1201 ita
602 1147 714 1218 jam
750 1148 877 1204 inde
910 1164 942 1203 a
972 1149 1147 1219 prima
1179 1154 1340 1203 aetate
1370 1144 1741 1210 consociatis;
1775 1152 1879 1199 ter-

223 1216 231 1233 ’
292 1238 374 1293 ῑὶο
419 1216 616 1310 (liceat
653 1240 800 1295 enim
859 1216 989 1296 boc—
1023 1256 1242 1311 quoque
1273 1236 1514 1310 dicere),
1575 1236 1620 1291 si
1657 1237 1875 1307 piorum

293 1328 503 1401 Deique
528 1339 673 1387 metu
707 1332 1058 1403 pmditorum
1102 1330 1384 1387 hominum
1421 1326 1736 1398 hujusmodi
1764 1327 1873 1381 ele-

294 1420 506 1483 ctiones
563 1437 688 1478 esse
741 1422 1003 1493 judicasti
1029 1463 1045 1487 ,
1102 1438 1213 1478 non
1244 1430 1425 1478 autem
1458 1420 1790 1492 potentium,
1823 1427 1879 1474 et

292 1509 439 1580 apud
475 1512 671 1584 vulgus
704 1514 1097 1585 gratiosorum.
1151 1515 1331 1585 Atque
1360 1526 1462 1584 ego
1529 1511 1618 1567 bis
1646 1511 1714 1567 de
1740 1526 1876 1566 cau-

1984 501 2080 556 καὶ
2108 502 2241 573 ἡμῖν
2283 498 2516 571 πρέπειν
2550 497 2956 569 ὑπολαμϐάνεις
2981 535 2998 560 ,
3029 493 3112 561 οἷς
3146 495 3240 550 καὶ
3273 496 3387 567 βίος
3407 535 3424 560 ,
3474 499 3577 549 καὶ

1984 595 2173 663 λόγος,
2211 594 2306 647 καὶ
2330 593 2398 646 τά
2432 590 2611 646 πάντα
2637 589 2824 656 κοινὰ,
2856 589 3028 653 οὕτως
3055 592 3119 643 ἐκ
3153 588 3289 642 Θεοῦ
3319 587 3389 641 τὰ
3423 584 3581 658 πρῶ-

1982 704 2053 742 τα
2108 684 2558 758 ωναρμοσθεῖσι·
2612 682 2796 752 τρίτον
2854 680 3036 752 (ἔστω
3090 680 3201 753 γάρ
3255 680 3350 734 καὶ
3409 678 3581 732 τοῦτο

1984 776 2230 847 εἰπεῖν),
2259 778 2309 831 εί
2335 775 2443 830 τῶν
2468 773 2875 845 εύλαδεστέρων
2899 773 3155 843 ἐνόμισας
3185 770 3285 834 τὰς
3311 769 3580 832 τοιαύτας

1984 868 2122 927 εἶναι
2151 870 2426 944 προϐολάς
2445 908 2460 933 ,
2491 867 2629 923 ἀλλὰ
2656 867 2732 939 μὴ
2754 865 2862 920 τῶν
2881 864 3268 937 δυνατωτέρων
3292 903 3308 928 ,
3336 863 3431 916 καὶ
3454 863 3576 925 τοῖς

1981 963 2241 1034 πλήθεσιν
2301 961 2667 1032 οίκειοτέρων.
2729 957 2870 1028 Ἐγὼ
2928 959 3026 1029 μὲν
3082 953 3177 1012 οὖν
3226 956 3314 1009 διὰ
3366 954 3576 1019 ταῦτα,

1978 1055 2234 1128 πρύμναν
2284 1053 2676 1124 ἐκρουσάμην,
2726 1054 2822 1105 καί⁵
2876 1049 3196 1120 ἀναδύομαι.
3253 1048 3345 1101 Σοὶ
3399 1046 3459 1099 δέ
3517 1046 3578 1099 εί

1977 1146 2125 1201 δοκεί
2178 1146 2274 1200 καὶ
2327 1143 2476 1215 αὐτῷ
2503 1186 2518 1210 ,
2564 1142 2724 1197 τοῦτο
2769 1143 2846 1214 (7)
2883 1141 3119 1213 δεδόχθω
3142 1181 3157 1207 ,
3198 1140 3389 1210 φυγεῖν
3436 1137 3577 1202 τοὺς

1978 1241 2036 1293 ἐν
2070 1239 2219 1310 μέσῳ
2247 1236 2507 1309 θορύϐους
2529 1276 2545 1300 ,
2601 1237 2697 1291 καὶ
2737 1235 2837 1299 τὰς
2870 1233 3115 1307 πονηρὰς
3166 1232 3421 1295 ὑπονοίας
3463 1230 3572 1301 (8).

1981 1329 2090 1401 Τὴν
2135 1328 2193 1383 δὲ
2232 1329 2332 1400 σὴν
2365 1328 2654 1382 εὐλάϐειαν
2683 1327 2987 1399 τηνικαῦτα
3036 1326 3271 1396 ὄψομαι,
3306 1324 3471 1395 ἡνίκα
3500 1321 3578 1376 ἂν

1980 1422 2051 1477 τά
2103 1439 2181 1476 τεν
2212 1422 2518 1492 πράγματα
2550 1421 2829 1490 καταστῇ,
2858 1418 2953 1472 καὶ
2983 1417 3174 1489 καιρὸς
3206 1412 3274 1489 ᾖ,
3306 1414 3402 1470 καὶ
3428 1415 3577 1467 ὀνει-

1981 1510 2115 1564 δίσω
2160 1528 2224 1581 γε
2270 1510 2491 1566 πλείονα
2542 1510 2636 1564 καὶ
2680 1508 2975 1580 βαρύτερα.

292 1600 372 1656 sis
410 1602 615 1673 navigii
666 1619 885 1676 proram
933 1606 1216 1670 converti,
1258 1620 1323 1660 ac
1363 1602 1642 1675 proﬁcisci
1706 1602 2027 1659 detrectavi.
2060 1601 2182 1658 Tibi
2228 1611 2411 1659 autem
2451 1603 2557 1674 ipsi
2617 1602 2666 1657 si
2724 1601 2978 1666 videtur,
3040 1598 3146 1653 hoc
3218 1610 3439 1668 quoque
3502 1594 3576 1652 ll-

292 1710 424 1752 xum
482 1700 958 1772 constitutumque
1006 1702 1078 1759 sit
1134 1700 1491 1757 intermedios
1542 1697 1812 1754 tumultus
1877 1714 2188 1770 pravasque
2237 1699 2586 1770 suspiclones
2639 1696 2846 1768 fugere.
2894 1694 3069 1750 Tuam
3127 1707 3254 1749 vero
3303 1691 3570 1762 pietatem

293 1799 408 1845 tum
449 1790 670 1848 demum
697 1793 913 1860 videbo,
938 1809 1062 1850 cum
1094 1803 1148 1851 et
1180 1792 1401 1867 negotia
1426 1793 1730 1850 constituta
1754 1792 1978 1859 iuerint,
2003 1803 2058 1849 et
2088 1809 2183 1865 per
2222 1801 2443 1865 tempus
2494 1791 2747 1857 licuerit;
2780 1804 2845 1844 ac
2902 1790 3060 1860 plura
3096 1788 3262 1843 etiam
3328 1794 3384 1841 et
3437 1797 3578 1856 gra-

287 1887 444 1942 viora
471 1886 836 1956 exprobrabo.

676 1997 813 2055 XLl.
842 1999 935 2053 AD
963 1999 1493 2058 C/ESARIENSES.

2161 1998 2295 2052 MA'.
2328 1996 2509 2049 ΠΡΟΣ
2536 1995 2716 2049 ΤΟΥΣ
2763 1994 2851 2047 ΕΝ
2890 1992 3263 2064 ΚΑΙΣΑΡΕΙᾼ
3286 1991 3386 2062 (9).

358 2108 494 2166 Cum
521 2110 763 2196 Ecclesia
794 2114 1141 2172 Cwsariensis
1167 2120 1440 2196 cecinisset
1461 2117 1524 2177 ac
1553 2129 1793 2192 rogasset
1816 2119 2154 2196 Gregorium,
2183 2115 2235 2169 Ν
2242 2116 2454 2196 ωὖριῃαὶ
2476 2115 2798 2196 episcopum,
2822 2130 2887 2168 ne
2908 2130 2963 2167 se
2986 2114 3044 2196 in
3065 2112 3319 2196 electione
3337 2112 3576 2196 episcopi

288 2180 603 2267 desereret,“
629 2185 941 2252 adfuturum
974 2202 1029 2240 se
1059 2190 1320 2267 promittit
1349 2180 1690 2267 verterandus
1708 2205 1867 2267 senex
1896 2180 2124 2267 epistola
2143 2180 2404 2256 sequenti.
2436 2180 2595 2267 φεάηι
2638 2180 2835 2267 Εαεῖίί,
2853 2184 3084 2267 naming,
3098 2180 3384 2267 δνεθίξτίῑξε
3401 2183 3575 2267 ﬁli”

290 2252 521 2334 scripsit.
556 2251 1131 2336 Qentonstratnquanti
1158 2261 1410 2336 momenti
1437 2262 1508 2336 sit
1539 2260 1724 2336 electio
1757 2251 1986 2335 episcopi
2031 2251 2315 2336 Civsarcae,
2361 2251 2597 2310 omnium
2628 2251 2992 2336 licclesiarum
3021 2251 3415 2336 (Cappadociae)
3446 2269 3575 2305 nta-

293 2323 426 2398 tris;
462 2324 721 2398 neminem
749 2322 961 2398 Basilio
982 2327 1234 2398 praeferri
1261 2329 1447 2398 debere
1468 2330 1732 2391 declarat.
1757 2322 1980 2398 eumque
2009 2330 2203 2391 solum,
2234 2328 2331 2398 vel,
2352 2337 2490 2381 certe
2517 2322 3162 2398 omnium__es_se_inaatime
3196 2322 3442 2378 idoneum
3478 2337 3573 2377 re-

288 2390 583 2467 gendas/tis
613 2394 930 2467 temporibus
963 2390 1237 2467 Ecclesiae.
1280 2397 1340 2453 Si
1375 2390 1758 2466 assentiuntur,
1792 2415 1847 2455 se
1879 2390 2194 2467 adfuturum
2224 2397 2538 2466 pollicetur;
2588 2396 2677 2450 sin
2706 2394 2855 2449 aliud
2878 2394 2990 2449 illis
3017 2395 3249 2463 placeat,
3292 2410 3348 2449 se
3379 2409 3568 2448 eorum

287 2461 501 2516 consilii
517 2463 829 2536 participem
860 2481 961 2519 non
988 2466 1251 2535 futurum.

362 2573 498 2631 Sum
548 2577 768 2647 quidem
834 2589 1022 2649 pastor
1050 2583 1303 2654 exiguus,
1350 2586 1644 2657 exiguique
1686 2578 1867 2658 gregis

2040 2586 2174 2657 Εἰμὶ
2221 2586 2320 2657 μὲν
2370 2584 2572 2657 ποιμὴν
2617 2583 2842 2653 ὀλίγος,
2905 2582 3002 2637 καὶ
3058 2580 3314 2652 ποιμνίου
3357 2578 3567 2652 μικροῦ

289 2668 544 2735 antistes,
572 2677 736 2740 atque
769 2671 1033 2730 minimus
1077 2675 1221 2732 inter
1251 2676 1493 2748 Spiritus
1542 2680 1867 2738 ministros:

290 2766 348 2813 at
379 2759 555 2829 gratia
594 2776 939 2832 nequaquam
1002 2777 1235 2838 angusta
1276 2776 1384 2834 est,
1440 2786 1542 2827 nec
1596 2772 1733 2829 locis
1762 2772 1874 2829 cir-

288 2852 649 2924 cumscripta.
677 2852 948 2920 Quocirca
966 2859 1151 2928 parvis
1179 2876 1400 2932 quoque
1424 2862 1593 2920 libere
1613 2861 1871 2936 loquendi

288 2950 534 3015 potestas
581 2946 918 3002 concedatur
945 2989 960 3011 ,
1015 2954 1323 3020 praesertim
1357 2954 1426 3011 de
1479 2956 1870 3012 communibus

291 3036 654 3108 maximisque
689 3038 854 3097 rebus
901 3042 1206 3099 orationem
1264 3044 1628 3113 habentibus,
1659 3055 1714 3103 et
1743 3064 1871 3104 cum

289 3135 442 3182 tanta
474 3128 678 3185 canitie
740 3132 1205 3202 consultantibus,
1246 3151 1367 3206 quae
1391 3136 1599 3207 aliquid
1635 3136 1871 3194 fortasse

289 3219 618 3289 prudentius
675 3229 731 3277 et
772 3223 1031 3280 solertius
1071 3225 1240 3280 habet
1264 3265 1281 3292 ,
1321 3242 1487 3297 quam
1546 3229 1799 3299 plerique
1835 3245 1868 3286 e

288 3311 474 3383 vulgo.
510 3311 630 3368 Non
658 3313 728 3369 de
784 3316 971 3386 parvis
1008 3324 1062 3372 et
1086 3317 1299 3374 levibus
1327 3320 1494 3377 rebus
1523 3320 1867 3387 deliberatis,

287 3418 482 3460 verum
537 3405 771 3475 quibus,
823 3408 906 3463 vel
963 3415 1114 3464 recte
1144 3448 1159 3473 ,
1190 3410 1274 3465 vel
1300 3424 1462 3467 secus
1513 3411 1867 3479 habentibus,

289 3493 687 3565 rempublicam
712 3511 972 3567 quoque,
1016 3499 1101 3554 vel
1147 3499 1289 3568 hoc,
1324 3500 1409 3557 vel
1456 3500 1551 3555 illo
1600 3502 1766 3557 modo
1812 3519 1871 3559 se

292 3584 495 3641 habere
528 3601 757 3643 necesse
786 3594 889 3643 est.
921 3586 999 3643 De
1037 3586 1284 3645 Ecclesia
1316 3589 1462 3645 enim
1497 3590 1658 3646 nobis
1686 3607 1871 3647 sermo

202 3742 207 3747 _
292 3679 400 3741 est,
435 3689 535 3744 pro
582 3691 691 3746 qua
738 3676 995 3734 Christus
1050 3685 1283 3741 mortem
1324 3679 1573 3749 Oppetiit,
1613 3695 1678 3736 ac
1707 3681 1775 3736 tle
1805 3696 1872 3737 eo

293 3763 390 3834 qui
423 3763 568 3821 hanc
596 3764 708 3822 Deo
728 3768 888 3823 sistat
916 3776 972 3824 et
997 3769 1273 3824 conciliet.
1304 3768 1545 3825 Lucerna
1567 3772 1713 3826 enim
1748 3788 1869 3825 cor-

290 3856 458 3926 poris,
492 3864 552 3912 ut
582 3856 866 3929 Scriptura
892 3857 1052 3916 docet
1074 3860 1117 3925 ⁸,
1152 3869 1233 3914 est
1259 3861 1465 3925 oculus,
1495 3877 1607 3916 non
1632 3861 1723 3916 hic
1755 3870 1874 3916 tan-

1974 2676 2331 2751 προεστηκὼς
2349 2717 2364 2742 ,
2411 2678 2503 2731 καὶ
2529 2676 2819 2752 πολλοστὸς
2849 2676 2909 2729 ἐν
2935 2674 3238 2746 ὑπηρέταις
3266 2672 3361 2727 τοῦ
3389 2672 3571 2728 Πνεύ-

1976 2786 2167 2841 ματος.
2215 2770 2280 2823 Ἥ
2317 2769 2478 2842 χάρις
2532 2767 2588 2820 δὲ
2634 2768 2695 2821 ού
2747 2764 2947 2838 στενὴ,
2994 2765 3114 2820 οὐδὲ
3162 2765 3350 2829 τόποις
3401 2780 3569 2836 περι-

1972 2861 2218 2932 γραπτός
2252 2859 2387 2932 (10).
2422 2858 2522 2913 Διά
2569 2857 2730 2913 τοῦτο
2770 2857 3004 2912 δεδόσθω
3054 2858 3151 2911 καὶ
3194 2858 3308 2920 τοῖς
3343 2858 3568 2927 μικροῖς

1973 2953 2258 3026 παῤῥησία
2282 2994 2296 3016 ,
2344 2951 2520 3016 ἄλλως
2557 2969 2618 3005 τε
2658 2951 2753 3006 καὶ
2790 2949 2921 3022 περὶ
2956 2949 3152 3004 κοινῶν
3184 2949 3298 3021 (11)
3327 2949 3426 3003 καὶ
3457 2964 3568 3018 τη-

1971 3044 2236 3099 λικούτων
2279 3043 2431 3107 ὄντος
2458 3041 2553 3096 τοῦ
2581 3042 2743 3111 λόγου
2768 3084 2784 3109 ,
2819 3043 2917 3096 καὶ
2962 3040 3100 3112 μετὰ
3136 3039 3407 3111 τοσαύτης
3436 3038 3566 3110 βου-

1971 3136 2283 3207 λευομένοις
2306 3136 2405 3206 τῆς
2428 3132 2653 3199 πολιᾶς,
2693 3134 2727 3205 ἢ
2758 3135 2919 3204 τυχὸν
2944 3132 3057 3204 ἔχει
3087 3150 3140 3186 τι
3171 3131 3398 3186 καὶτῶν
3432 3131 3581 3185 πολ-ι.

1971 3228 2080 3283 λῶν
2107 3227 2491 3300 συνετώτερον.
2525 3226 2601 3281 Ού
2637 3226 2764 3298 περὶ
2798 3225 3011 3298 μικρῶν
3030 3265 3045 3291 ,
3073 3225 3194 3279 οὐδὲ
3231 3224 3341 3279 τῶν
3364 3225 3565 3296 τυχόν-

1970 3339 2079 3377 των
2133 3319 2453 3392 βουλεύεσθε
2474 3358 2490 3384 ,
2525 3318 2642 3373 ἀλλ’
2688 3313 2764 3373 ὧν
2802 3319 2835 3389 ἢ
2883 3313 2943 3372 εὖ
2998 3317 3031 3390 ἢ
3079 3316 3266 3381 κακῶς
3301 3316 3562 3388 ἐχόντων,

1971 3412 2187 3483 ἀνάγκη
2230 3412 2324 3466 καὶ
2350 3412 2412 3465 τὸ
2441 3412 2620 3466 κοινὸν
2653 3411 2765 3483 (12)
2795 3410 2828 3483 ἢ
2873 3410 3096 3474 ἐκείνως
3123 3410 3157 3482 ἢ
3187 3408 3359 3472 οὕτως
3388 3411 3562 3480 ἐχειν.

1972 3505 2110 3577 Περὶ
2157 3504 2266 3576 γὰρ
2312 3504 2640 3578 Ἐκκλησίας
2670 3508 2804 3577 ἡμῖν
2835 3505 2864 3557 ὀ
2920 3504 3110 3573 λόγος,
3155 3503 3295 3576 ὑπὲρ
3324 3498 3394 3576 ἧς
3424 3505 3566 3576 Χρι-

1973 3594 2098 3660 στὸς
2127 3596 2364 3652 ἀπέθανε
2397 3596 2511 3668 (13)
2535 3637 2551 3662 ,
2594 3596 2687 3651 καὶ
2732 3594 2826 3649 τοῦ
2859 3594 3065 3667 ταύτην
3121 3593 3241 3665 Θεῷ
3274 3597 3565 3666 παραστή-

1975 3705 2159 3752 σοντος
2201 3690 2298 3744 καὶ
2343 3688 2729 3761 προσάξοντος.
2764 3690 3004 3759 Λύχνος
3041 3688 3140 3760 μὲν
3164 3688 3273 3759 γάρ
3298 3686 3408 3741 τοῦ
3438 3689 3564 3741 σώ-

1971 3780 2157 3848 ματός
2189 3769 2364 3835 ἐστιῶ
2391 3781 2733 3851 ὀφθαλμὸς,
2764 3781 2841 3845 ὼς
2872 3779 3186 3851 ἠκούσαμεν
3213 3820 3227 3845 ,
3282 3781 3342 3833 oi.
3399 3780 3565 3851 μόνον

1972 3861 2127 3934 οὗτος
2158 3872 2187 3924 ὀ
2236 3871 2568 3942 σωματικῶς
2602 3872 2746 3944 ὀρῶν
2795 3873 2890 3926 καὶ
2933 3872 3209 3945 ὁρώμενος
3233 3917 3248 3937 ,
3283 3872 3420 3927 ἀλλὰ
3466 3872 3579 3945 καὶ

291 3954 432 4013 tum,
457 3949 549 4020 qui
571 3962 838 4020 corporeo
865 3949 1031 4006 modo
1062 3951 1240 4006 cernit
1270 3965 1336 4006 ac
1368 3953 1633 4017 cernitur,
1684 3953 1779 4009 sed
1826 3954 1869 4010 is

2039 3961 2424 4032 πνευματικῶς
2471 3962 2692 4035 θεωρῶν
2746 3965 2840 4018 καὶ
2898 3964 3290 4036 θεωρούμενος.
3358 3963 3565 4036 Λύχνος

291 4038 458 4094 etiam
509 4039 605 4110 qui
654 4038 1017 4109 spiritualiter
1073 4049 1287 4111 spectat
1315 4048 1371 4097 et
1398 4050 1700 4114 spectatur.
1761 4042 1873 4098 Lu-

292 4144 460 4186 cerna
512 4141 695 4187 autem
746 4130 1010 4190 Ecclesiae
1045 4142 1132 4190 est
1162 4134 1481 4206 episcopus,
1513 4136 1874 4206 quemadmo-

292 4223 424 4278 dum
457 4223 560 4292 ipsi
593 4224 883 4293 perspicue
907 4227 1109 4292 nostis,
1151 4226 1370 4282 etiamsi
1417 4242 1527 4281 non
1579 4227 1874 4299 scripseri-

295 4330 441 4369 mus.
477 4312 667 4385 ltaque
705 4317 1166 4384 quemadmodum
1197 4333 1325 4372 cum
1359 4318 1451 4375 ille
1482 4334 1618 4389 pure
1637 4328 1693 4376 et
1729 4321 1873 4376 inte-

295 4420 393 4475 gre
435 4420 496 4462 sc
546 4405 744 4469 habet,
788 4422 990 4477 corpus
1034 4422 1257 4479 quoque
1289 4417 1439 4464 recte
1468 4409 1711 4475 ducitur,
1744 4426 1870 4467 cum

297 4503 480 4550 autem
515 4495 766 4565 impurus
807 4502 925 4560 est,
973 4512 1085 4552 non
1126 4505 1317 4553 recte:
1351 4499 1624 4556 consimili
1655 4516 1875 4573 quoque

300 4589 532 4655 ratione,
577 4588 837 4647 utrolibet
861 4590 1026 4647 modo
1055 4604 1178 4646 sese
1204 4588 1467 4647 Ecclesia:
1496 4592 1730 4650 antistes
1770 4594 1872 4649 ha-

366 4748 389 4780 ε
412 4746 600 4804 Matth.
618 4722 705 4815 ‘w,
733 4749 827 4805 22.

365 4906 446 4976 (6)
489 4910 556 4962 Et
575 4907 663 4977 μὴ
698 4905 749 4957 τ’
773 4907 920 4962 αὐτὰ
943 4909 1046 4963 σοι
1076 4923 1159 4965 τε.
1185 4908 1263 4962 Ita
1286 4911 1410 4964 cod.
1439 4908 1595 4966 Pass.
1627 4919 1682 4965 et
1710 4913 1874 4966 (Iom-

295 4978 523 5052 hci.;‘at
548 4979 671 5052 cod.
718 4977 868 5033 Harl.
915 4978 967 5032 ει
993 4978 1042 5032 τ’
1068 4978 1208 5035 αὐτὰ
1242 4980 1326 5033 σοί
1351 4997 1431 5034 τε.
1480 4980 1542 5035 In
1585 4980 1671 5037 ed.
1703 4982 1752 5034 εί
1795 4981 1873 5052 μὴ

294 5045 365 5100 τά
392 5043 531 5101 αὐτά
559 5047 642 5101 σοί
675 5065 758 5103 τε.

369 5118 448 5190 (Ἰ)
486 5119 594 5190 Kal
619 5117 800 5184 αὐτῷ,
823 5118 1021 5190 τοῦτο.
1040 5117 1201 5176 Forte
1228 5118 1514 5190 legendum
1535 5119 1670 5174 αὐτὸ
1690 5121 1865 5175 τοῦτο.

368 5186 445 5257 (8)
481 5187 589 5242 Kal
620 5190 727 5255 τὰς
753 5189 1021 5257 πονηρὰς
1050 5186 1363 5256 ὺπονοίὰς.
1394 5190 1530 5245 Cod.
1574 5190 1718 5245 2022
1751 5192 1871 5245 ἐπι-

297 5255 467 5321 νοίας,
494 5273 756 5326 pravaque
780 5255 1094 5315 commenta.

1976 4050 2036 4104 δὲ
2076 4052 2177 4123 τῆς
2224 4054 2548 4126 Ἐκκλησίας
2581 4056 2919 4121 ἐπίσκοπος,
2971 4056 3000 4110 ὃ
3049 4056 3208 4129 δῆλον
3255 4059 3416 4129 ὑμῖν,
3455 4059 3566 4112 κᾶν

1977 4144 2133 4199 αὐτοὶ
2173 4145 2248 4216 μὴ
2271 4145 2593 4217 γράφωμεν.
2652 4146 2891 4218 Ἀνάγκη
2934 4147 3147 4212 τοίνυν,
3190 4146 3379 4218 ῶσπερ
3408 4149 3562 4202 ἐκεί-

1976 4251 2070 4288 νου
2097 4235 2356 4305 καθαρῶς
2389 4236 2489 4307 μὲν
2516 4236 2731 4308 ἔχοντος
2757 4237 2937 4309 ὀρθῶς
2969 4237 3200 4308 ἄγεσθαι
3245 4238 3421 4293 καὶτὸ
3453 4240 3565 4294 σῶο

1980 4341 2059 4395 μα
2082 4364 2097 4379 .
2145 4326 2218 4397 μὴ
2249 4326 2490 4396 καθαροῦ
2518 4326 2575 4381 δέ
2610 4327 2969 4398 τυγχάνοντος
2989 4369 3005 4395 ,
3038 4329 3139 4382 οὐκ
3175 4328 3376 4401 ὀρθῶς·
3416 4328 3565 4383 οὕτω

1974 4415 2040 4486 δὴ
2069 4415 2183 4485 (14)
2217 4417 2312 4469 καὶ
2334 4415 2411 4487 τῷ
2442 4418 2722 4490 προστάτῃ
2748 4418 2849 4489 τῆς
2885 4419 3242 4489 Ἐκκλησίας,
3281 4419 3563 4491 ὁποτέρως

1977 4506 2045 4560 ἂν
2074 4505 2170 4579 ἔχῃ
2196 4548 2213 4573 ,
2246 4506 2463 4571 πάντως
2503 4507 2537 4578 ἢ
2580 4508 3099 4564 συνδιακινδυνεύειν
3123 4550 3138 4575 ,
3172 4510 3205 4581 ἢ
3256 4508 3561 4564 συνδιασώ-

1976 4595 2185 4662 ζεσθαι.
2218 4596 2407 4669 Πάσιης
2437 4598 2534 4669 μὲν
2565 4593 2658 4652 οὖν
2699 4598 3027 4671 Ἐκκλησίας
3059 4600 3403 4671 φροντιστέον
3424 4639 3440 4664 ,
3479 4600 3561 4665 ὡς

2047 4912 2160 4990 (ll)
2189 4909 2733 4990 ﬂeplxo¢y¢3r,_ete.
2769 4905 3018 4990 Combel'.
3063 4922 3180 4960 cum
3213 4906 3276 4960 de
3322 4902 3553 4990 publicis

1975 4974 2331 5066 maximisque
2377 4979 2531 5034 rebus
2582 4978 2897 5034 deliberatio
2947 4978 3039 5042 sit,
3083 4991 3276 5046 nempe
3324 4974 3389 5029 de
3436 4984 3555 5029 tota

1971 5052 2459 5246 hiabat.de
2483 5121 2551 5175 τὸ
2583 5119 2811 5205 κοινόν,
2842 5124 2949 5171 etc.
2981 5114 3116 5171 Cod.
3146 5114 3284 5197 “Heg.
3311 5121 3365 5168 et
3391 5113 3555 5169 Com-

1976 5193 2042 5246 be
2071 5235 2083 5246 .
2111 5193 2287 5246 κοινὸν
2316 5192 2488 5246 οὕτως
2508 5191 2542 5246 ἢ
2567 5192 2788 5246 ἐκεινως
2817 5187 2980 5246 ἔγειν.
3010 5186 3280 5246 publicam
3302 5201 3432 5246 rem,
3466 5186 3552 5240 vel

1976 5186 2083 5247 hei.
2111 5186 2287 5247 κοινὸν
2316 5186 2488 5254 οὕτως
2508 5191 2542 5261 ἢ
2567 5189 2788 5261 ἐκείνως
2817 5187 2980 5261 ἔχειν,
3009 5186 3432 5261 publicamrem,
3466 5186 3552 5261 vel

1901 5296 1947 5352 υ
1972 5263 2263 5352 publicum,
2299 5263 2472 5333 ipsam
2498 5255 2694 5330 nempe
2709 5255 3017 5322 dioecesim,
3037 5257 3133 5311 hoc
3165 5255 3244 5311 vel
3273 5255 3368 5309 illo
3392 5256 3556 5313 modo

371 5327 626 5401 (9)_Alia_s
658 5328 821 5383 XXII.
863 5327 1080 5401 scripta
1129 5330 1290 5401 paulo
1320 5336 1466 5401 post,
1510 5329 1563 5385 id
1593 5338 1679 5384 est
1722 5344 1867 5401 anno
1901 5327 1947 5352 ν
1972 5327 2027 5388 se
2053 5327 2263 5387 habere.

298 5392 406 5467 .570
433 5392 751 5453 decedente.
779 5428 849 5439 —-
875 5392 1032 5467 Πρόξ-
1068 5392 1210 5465 τὸὺς
1236 5392 1684 5467 ἐνᾟαιάαρείᾳ.
1729 5400 1864 5454 Cod.

299 5462 435 5541 [ξος.
456 5468 523 5541 τῇ
565 5466 863 5541 Ἐκκλησία
886 5462 1253 5541 Καισαρέων,
1297 5469 1373 5541 ὡς
1407 5472 1473 5523 ἐκ
1498 5462 1593 5541 τοῦ
1633 5462 1871 5541 πατρός,

299 5532 555 5608 Ecclesiie
583 5532 1011 5603 Caesafierisium,
1035 5532 1188 5607 quasi
1216 5532 1423 5594 nomine
1447 5540 1636 5608 patris.

372 5604 482 5672 (10)
533 5607 953 5681 Περιγραπτός.
995 5604 1073 5662 ita
1124 5609 1235 5663 duo
1283 5604 1456 5664 codd.
1496 5608 1662 5681 Regg.
1696 5607 1756 5665 In
1780 5608 1867 5665 ed.

300 5687 369 5727 πε
377 5677 670 5747 ριγραπτή.

2045 5403 2161 5528 (132
2192 5402 2446 5486 Χριστὸς
2466 5400 2785 5456 ἀπέθανεν.
2816 5397 2934 5454 Duo
2956 5397 3117 5454 codd.
3147 5394 3383 5467 Χριστὸς
3414 5393 3553 5449 ἔπα-

2045 5490 2085 5528 ν.
2165 5472 2363 5526 Imstus
2395 5488 2585 5528 passus
2611 5478 2710 5524 est.

1973 5472 2085 5532 θεν.
2120 5472 2363 5528 Christus
2395 5488 2585 5539 pas-sus
2611 5478 2710 5524 est.
2840 5528 2851 5539 ο

2042 5543 2092 5613 (1
2106 5542 2155 5613 ι)
2197 5543 2361 5613 οὕτω
2383 5536 2484 5613 δή.
2526 5541 2583 5613 in
2616 5540 2741 5613 cod.
2776 5536 2920 5613 Reg.
2942 5540 3095 5613 deest
3121 5538 3206 5607 δή.
3254 5536 3439 5613 Paulo
3463 5539 3554 5594 in-

1972 5608 2077 5682 fra,
2108 5608 2643 5669 συνδιακινδυνεύειν.
2664 5610 2738 5667 id.
2759 5608 2883 5667 cod.
2908 5610 3071 5665 habet
3090 5608 3548 5677 συγκινδυνεύειν.
