3802 6190
145 268 209 327 ιιι
474 228 482 245 ’
1505 270 1842 329 EPISTOLA
1881 272 2020 329 xu.
3338 272 3405 331 es

146 386 373 458 Χριστοῦ
429 388 685 461 σώματος
704 431 721 456 ,

147 482 320 552 μὴτ-ηρ
371 483 564 553 σχεδὸν
590 483 845 539 ἁπάντων
874 485 985 539 τῶν
1026 485 1358 557 Ἐκκλησιῶν
1408 481 1477 558 ἦν
1519 501 1581 538 τε
1620 487 1716 538 ἀπ’

145 572 310 644 ἀρχῆς
334 611 351 635 ,
398 574 498 627 καὶ
529 574 621 629 νῦν
655 577 805 639 ἐστι,
847 577 941 630 καὶ
990 577 1299 647 νομίζεται,
1351 578 1445 629 καὶ
1486 575 1623 648 πρὸς
1650 576 1719 648 ἣν

146 663 203 717 τὸ
246 663 429 718 κοινδν
463 664 647 735 βλέπει
674 665 807 736 (15),
853 666 929 731 ὡς
955 667 1164 737 κέντρῳ
1206 666 1405 730 κύκλος
1451 682 1720 738 περιγρα-

150 755 370 823 φόμενος
394 796 410 816 ,
446 755 510 809 οῦ
535 756 696 827 μόνον
724 756 816 811 διὰ
856 757 954 829 τὴν
992 757 1300 829 ὀρθοδοξίαν
1344 756 1550 812 ἄνωθεν
1584 759 1721 811 πᾶσι

150 847 593 919 κεκηρυγμένην,
642 848 781 902 ἀλλὰ
834 849 929 902 καὶ
976 850 1075 921 τὴν
1128 851 1193 903 ὲκ
1247 848 1382 902 Θεοῦ
1431 849 1722 921 δεδομένην

151 939 276 1010 αὐτῇ
330 940 618 1011 προδήλως
663 941 824 1012 χάριν
865 941 968 1011 τῆς
1011 942 1280 1013 ὁμονοίας.
1344 940 1561 1013 Ἐπειδὴ
1607 941 1720 1014 (16)

151 1029 317 1082 τοίνυν
345 1030 658 1102 κεκλήκατε
694 1032 792 1103 μὲν
824 1034 918 1087 καὶ
948 1034 1098 1104 ἡμᾶς
1136 1035 1216 1097 είς
1244 1033 1343 1106 τὴν
1383 1035 1509 1106 περὶ
1530 1034 1720 1088 τούτου

151 1119 427 1191 διάσκεψιν
444 1161 461 1184 ,
486 1122 771 1188 ποιοῦντες
797 1124 972 1196 ὀρθῶς
999 1124 1094 1179 καὶ
1123 1126 1422 1190 κανονικῶς
1440 1166 1456 1191 ,
1488 1126 1721 1200 κρατού-

157 1210 285 1281 μεθα
318 1212 376 1266 δὲ
406 1215 560 1287 γήρᾳ
583 1216 679 1269 καὶ
707 1217 1008 1289 ἀρρωστίᾳ,
1052 1219 1101 1272 εί
1130 1218 1227 1290 μὲν
1257 1219 1352 1274 καὶ
1381 1220 1535 1274 αὐτοὶ
1583 1237 1724 1292 παρ-

155 1303 369 1374 είημεν,
420 1306 515 1360 τοῦ
562 1308 882 1380 Πνεῦματος
935 1309 1341 1383 ἐπιρρώσαντος
1380 1312 1569 1382 (οὐδὲν
1615 1312 1725 1385 γάρ

157 1394 368 1450 ἄπιστον
398 1400 514 1462 τοῖς
548 1401 833 1471 πιστοῖς),
864 1400 1020 1456 τοῦτο
1050 1401 1128 1473 τῷ
1160 1402 1327 1456 παντὶ
1361 1401 1567 1473 βέλτιον
1587 1403 1722 1473 (17),

160 1488 244 1540 καὶ
275 1489 401 1559 ἡμῖν
435 1491 589 1561 ἥδιον
611 1536 627 1560 ,
665 1494 752 1547 ἵνα
796 1496 891 1549 καὶ
926 1496 1054 1567 ὑμῖν
1098 1513 1152 1548 τι
1204 1497 1723 1568 συνεισενέγκωμεν,

779 391 1016 463 μάλιστα
1062 393 1116 447 δὲ
1169 393 1267 463 τῆς
1320 392 1592 465 ὑμετέρας
1615 432 1632 456 9
1685 392 1718 464 ἢ

1914 392 2027 458 erit,
2063 391 2173 463 36
2201 392 2425 446 omnino
2453 395 2536 449 vel
2577 392 2808 463 periculi
2836 395 2920 449 vel
2949 395 3144 467 salutis
3180 396 3407 465 partici-

1822 499 1945 555 pem
1998 499 2121 538 esse
2176 499 2401 539 necesse
2429 494 2537 540 est.
2572 484 2744 540 Porro
2764 487 2914 540 omni
2955 485 3230 550 Ecclesiae,
3287 494 3407 539 tau-

1823 589 1989 645 quam
2019 573 2224 629 Christi
2249 573 2492 643 corpori,
2518 588 2731 629 summa
2766 589 2901 629 cura
2945 582 2994 629 et
3027 575 3405 630 sollicitudine

1821 665 2266 737 prospiciendum
2297 673 2403 728 est,
2439 672 2555 720 tum
2613 666 2854 721 maxime
2884 678 3101 731 vestrm,
3135 682 3256 736 quae
3286 681 3408 720 om-

1823 759 1977 814 nium
2032 757 2144 816 fere
2179 757 2554 814 Ecclesiarum
2601 766 2776 812 mater
2822 770 2876 813 et
2925 758 3229 828 antiquitus
3281 756 3406 819 fuit,

1822 860 1878 906 et
1905 866 2055 905 nunc
2099 860 2206 915 est,
2241 859 2408 921 atque
2438 858 2732 917 censetur,
2774 860 2827 906 et
2859 850 2925 905 ad
2957 867 3120 921 quam
3148 858 3263 905 tota
3297 865 3411 904 res-

1824 941 2045 1012 publica
2091 941 2407 997 Christiana
2445 943 2640 997 oculos
2683 943 2931 1009 coniicit,
2974 941 3119 995 haud
3154 957 3318 997 secus
3345 956 3411 996 ac

1824 1033 2069 1087 circulus
2102 1041 2293 1088 centro
2323 1033 2808 1103 circumscriptus,
2847 1050 2953 1087 non
2993 1034 3156 1087 modo
3184 1040 3412 1102 propter

1827 1122 1950 1179 ﬁdei
2005 1125 2376 1195 integritatem
2423 1126 2534 1196 jam
2574 1127 2704 1181 olim
2740 1126 2998 1180 omnibus
3034 1124 3413 1195 praedicatum,

1827 1216 1920 1272 sed
1971 1216 2135 1271 etiam
2175 1217 2247 1272 ob
2278 1219 2587 1273 concordiae
2614 1218 2868 1289 gratiam,
2913 1216 3101 1271 divino
3136 1212 3284 1268 haud
3311 1213 3415 1267 du-

1824 1307 1915 1363 bie
1947 1307 2216 1363 benelicio
2273 1308 2381 1379 ipsi
2427 1324 2776 1364 concessam.
2834 1307 3103 1374 Quoniam
3135 1305 3305 1376 igitur
3348 1304 3414 1356 ad

1826 1398 2294 1463 deliberationem,
2329 1413 2491 1469 quam
2518 1398 2587 1454 de
2631 1399 2733 1454 hac
2778 1414 2836 1452 re
2867 1398 3103 1458 habetis,
3140 1410 3244 1449 nos
3275 1407 3415 1463 quo-

1827 1506 1954 1561 que,
1987 1484 2045 1543 ut
2080 1504 2181 1560 par
2203 1497 2343 1552 erat,
2382 1498 2547 1560 atque
2588 1488 2966 1545 ecclesiastica
3010 1488 3198 1558 regula
3225 1493 3416 1555 postu-

161 1579 245 1632 καὶ
272 1581 421 1635 αὐτοὶ
452 1583 559 1654 τῆς
591 1584 839 1654 εὐλογίας
874 1587 1230 1659 μετάσχωμεν
1252 1604 1265 1617 ·
1304 1590 1353 1642 εἰ
1390 1588 1447 1641 δὲ
1483 1591 1582 1660 τῆς
1612 1588 1724 1656 (18)

1914 1590 1998 1648 ιιι,
2029 1582 2306 1637 accivistis
2327 1624 2341 1646 ,
2376 1590 2659 1638 senectute
2688 1592 2868 1636 autem
2896 1588 2951 1636 et
2985 1580 3176 1633 morbo
3206 1578 3415 1632 detine-

163 1668 431 1735 ἀσθενείας
476 1671 719 1745 νικώσης
778 1674 1203 1746 ἀπολειφθείην,
1255 1675 1356 1729 ὅσα
1407 1694 1469 1746 γε
1525 1676 1726 1731 ἀποῦσι

1914 1692 1972 1740 Ir,
2005 1675 2273 1745 siquidem
2332 1676 2436 1746 ipsi
2482 1691 2723 1746 quoque,
2765 1674 2973 1745 Spiritu
3019 1681 3211 1727 sancto
3270 1672 3417 1724 vires

166 1758 366 1815 δυνατὸν
389 1803 406 1827 ,
434 1765 888 1837 συνεισφέρομεν.

1914 1774 2051 1822 aras
2086 1766 2436 1830 obﬁrmante,
2470 1768 2669 1822 adesse
2711 1781 2978 1836 queamus
3026 1764 3241 1835 (neque
3269 1760 3416 1816 enim

168 1853 440 1925 quidquam
471 1857 578 1911 ﬁde
602 1858 849 1926 praeditis
894 1859 1218 1917 incredibile
1251 1860 1394 1930 est),
1433 1859 1539 1913 hoc
1583 1873 1715 1915 sane
1745 1865 1799 1912 ct
1835 1858 2067 1928 publica:
2108 1857 2336 1910 utilitati
2375 1857 2594 1918 melius.
2629 1865 2683 1912 et
2727 1857 2891 1912 nobis
2938 1856 3243 1926 jucundius
3296 1852 3416 1906 fue-

167 1945 248 2009 rit,
280 1954 334 2001 ut
384 1956 440 2004 et
468 1948 630 2005 vobis
683 1950 890 2021 aliquid
934 1952 1306 2019 conferamus,
1357 1960 1414 2009 et
1457 1951 1563 2023 ipsi
1625 1949 2027 2006 benedictionis
2079 1950 2371 2020 participes
2431 1948 2753 2005 elliciamur.
2792 1948 2849 2002 Si
2914 1955 3097 2005 autem
3138 1963 3235 2017 per
3290 1962 3417 2001 cur-

170 2041 300 2108 poris
351 2041 728 2098 inﬁrmitatem
774 2044 974 2100 adesse
1034 2061 1144 2100 non
1192 2046 1431 2110 licuerit,
1475 2046 1529 2100 id
1561 2053 1733 2112 certe,
1763 2044 1910 2114 quod
1949 2043 2208 2098 absentes
2245 2044 2500 2112 possunt,
2532 2040 2893 2097 conferimus.

227 2152 483 2225 Πείθομαι
534 2156 635 2227 μὲν
669 2154 780 2227 (-19)
811 2158 906 2210 καὶ
942 2157 1135 2223 ἄλλους
1166 2155 1307 2213 εἶναι
1352 2159 1453 2230 τῆς
1483 2176 1721 2232 προστα-

170 2246 275 2308 σίας
297 2245 479 2313 ἀξίους
508 2251 642 2320 παρ’
671 2250 801 2321 ὑμῖν
826 2290 841 2315 ,
872 2252 965 2305 καὶ
988 2251 1063 2316 ὡς
1097 2254 1162 2306 ὲκ
1199 2254 1409 2318 πόλεως
1434 2254 1726 2324 τοσαύτης,

93 2403 103 2415 .
170 2336 253 2389 καὶ
277 2338 446 2403 οὕτω,
500 2341 596 2393 καὶ
626 2341 734 2394 ὑπὸ
778 2341 1035 2396 τοιούτων
1070 2344 1317 2414 ἠγμένης
1341 2345 1547 2401 ἄνωθεν
1567 2363 1580 2375 ·
1612 2346 1730 2409 ἑνὸς

172 2424 221 2479 δὲ
250 2428 429 2483 οὐδένα
451 2429 690 2501 δύναμαι
720 2433 1053 2503 προτιμῆσαι
1077 2433 1185 2487 τῶν
1210 2437 1341 2506 παρ’
1386 2436 1516 2506 ὑμῖν
1558 2453 1731 2506 τιμω-

176 2517 330 2586 μένων
364 2521 475 2593 (το)
511 2522 608 2575 τοῦ
657 2522 1072 2592 θεοφιλεστάτου
1111 2525 1227 2579 υἱοῦ
1262 2526 1417 2598 ἡμῶν
1450 2526 1731 2580 Βασιλείου

176 2611 531 2685 πρεσϐυτέρου
559 2614 734 2685 (λέγω
769 2615 827 2668 δὲ
868 2614 943 2679 ὡς
982 2616 1086 2670 ὑπὸ
1136 2617 1255 2690 Θεῷ
1301 2619 1607 2691 μάρτυρι),
1635 2619 1733 2673 άν-

172 2699 282 2771 δρός
316 2705 405 2758 καὶ
456 2704 561 2775 βίῳ
612 2707 707 2760 καὶ
740 2707 883 2779 λόγῳ
932 2708 1344 2781 κεκαθαρμένου
1364 2750 1383 2776 ,
1431 2712 1525 2765 καὶ
1570 2711 1732 2782 μόνου

172 2792 269 2844 τῶν
308 2797 561 2864 πάντων,
592 2798 624 2868 ἢ
664 2799 746 2852 ὄτι
790 2799 1024 2870 μάλιστα
1046 2842 1061 2866 ,
1095 2803 1215 2855 κατ’
1253 2803 1541 2872 ἀμφότερα
1573 2802 1734 2856 δυνα-

176 2884 320 2952 μένου
349 2892 542 2959 στῆναι
574 2890 707 2961 πρὸς
732 2891 826 2945 τὸν
860 2890 952 2943 νῦν
982 2892 1168 2965 καιρὸν
1199 2892 1333 2963 (2i),
1357 2894 1450 2946 καὶ
1478 2894 1578 2965 τὴν
1602 2911 1737 2947 κατ-

176 2976 381 3047 ἔχουσαν
430 2980 546 3034 τῶν
592 2981 885 3054 αἱρετικῶν
935 2983 1335 3052 γλωσσαλγίαν.
1404 2985 1592 3040 Ταῦτα
1641 2985 1737 3039 καὶ

178 3069 444 3139 ἱερατικοῖς
474 3074 703 3144 γράφω,
732 3076 825 3128 καὶ
865 3080 1211 3147 μοναστικοίς
1230 3120 1244 3144 ,
1279 3079 1374 3132 κα).
1395 3081 1506 3143 τοῖς
1546 3080 1611 3133 ὲκ
1637 3077 1732 3132 τοῦ

177 3160 530 3234 ἀξιωματικοῦ
569 3167 662 3220 καὶ
717 3144 1063 3238 βουλευτικοῦ
1124 3171 1404 3242 τάγματος
1425 3214 1440 3239 ,
1498 3174 1592 3225 καὶ
1638 3172 1734 3227 τοῦ
1762 3144 1804 3203 C

178 3255 327 3327 δήμου
365 3260 568 3323 παντός
601 3258 736 3327 (22).
773 3260 836 3313 El
873 3261 971 3331 μὲν
996 3258 1090 3315 οὖν
1116 3264 1273 3317 τοῦτο
1302 3264 1573 3331 συνδόξειε
1600 3304 1615 3328 ,
1644 3264 1741 3319 καὶ

182 3349 211 3416 ἡ
236 3347 400 3417 ψῆφος
451 3350 611 3421 ἡμῶν
640 3354 868 3424 κρατοίη
892 3394 906 3418 ,
936 3353 1108 3419 οὕτως
1142 3355 1310 3424 ὑγιῶς
1337 3372 1396 3409 τε
1439 3356 1534 3410 κα)⁵
1565 3355 1740 3426 ὀρθῶς

179 3436 387 3505 ἔχουσα,
427 3441 507 3504 ὡς
539 3442 679 3512 μετὰ
712 3441 847 3496 Θεοῦ
896 3443 1240 3516 ψηφιζομένη
1273 3444 1386 3514 (23)
1407 3484 1423 3508 ,
1468 3446 1562 3499 καὶ
1594 3445 1739 3518 πάρ-

184 3545 282 3599 ειμι
314 3533 697 3605 πνευματικῶς
747 3536 843 3589 καὶ
896 3535 1208 3607 παρέσομαι
1240 3578 1256 3601 ,
1323 3537 1524 3608 μᾶλλον
1558 3538 1615 3591 δὲ
1646 3540 1740 3593 καὶ

184 3621 496 3695 ἐπιϐέϐληκα
550 3624 649 3695 τὴν
704 3627 862 3695 χεῖρα
914 3626 1051 3697 ἤδη,
1087 3628 1182 3681 καὶ
1231 3626 1420 3699 θαρρῶ
1453 3628 1531 3699 τῷ
1570 3628 1742 3685 Πνεῦ-

190 3727 320 3779 ματι.
360 3715 423 3767 El
453 3715 514 3769 δὲ
558 3715 689 3770 ἄλλο
720 3734 804 3783 τι,
848 3718 940 3771 καὶ
979 3718 1056 3789 μὴ
1102 3719 1259 3772 τοῦτο
1296 3718 1564 3785 συνδόξειε
1593 3759 1608 3784 ,
1648 3720 1744 3774 καὶ

188 3802 309 3855 κατὰ
347 3807 614 3877 φρατρίας
677 3807 773 3860 καὶ
823 3809 1142 3877 συγγενείας
1206 3809 1275 3863 τὰ
1334 3810 1562 3864 τοιαῦτα
1624 3811 1745 3882 κρί-

186 3909 336 3959 νοιτο,
371 3898 462 3951 καὶ
501 3900 534 3969 ἡ
565 3897 806 3969 ὀχλώδης
838 3899 951 3969 (24)
990 3900 1113 3972 χεὶρ
1152 3900 1315 3954 πάλιν
1343 3901 1654 3974 παρασύροι
1680 3901 1743 3955 τὸ

188 3981 419 4055 ἀκριϐὲς,
453 3991 748 4059 πράττοιτε
785 3990 909 4043 καθ’
957 3991 1101 4062 ὑμᾶς
1142 3992 1339 4056 αὐτοὺς
1386 3992 1448 4045 τὸ
1486 3991 1739 4064 ἀρέσκον,

188 4074 328 4144 ἡμεῖς
356 4079 411 4133 δὲ
443 4098 507 4134 συ
518 4080 920 4154 σταλησὸμεοα.

1901 2155 1968 2210 Ει
1995 2156 2213 2226 quidem
2246 2156 2382 2211 alios
2413 2170 2633 2226 quoque
2658 2158 2803 2225 apud
2842 2171 2939 2210 vos
2982 2156 3292 2225 principatu
3326 2158 3416 2212 di-

1830 2265 1967 2322 gnos
2004 2264 2128 2304 esse
2166 2248 2418 2312 conﬁdo,
2465 2255 2656 2317 utpote
2686 2247 2741 2301 in
2778 2247 2911 2302 urbe
2934 2248 3295 2318 amplissima,
3339 2260 3421 2305 at-
3511 2250 3519 2256 '

1841 2357 1950 2403 aue
1993 2341 2068 2395 ita
2109 2343 2408 2411 praeclare,
2475 2349 2533 2396 et
2586 2342 2655 2396 ab
2712 2341 3033 2412 huiusmodi
3092 2344 3421 2412 praesulibus

1834 2434 1966 2487 olim
2008 2433 2311 2503 gubernata
2356 2449 2368 2485 :
2414 2440 2670 2488 caeterum
2716 2448 2782 2488 ex
2818 2434 3078 2489 omnibus
3120 2437 3213 2503 qui
3274 2436 3418 2506 apud

1834 2540 1935 2579 vos
1979 2524 2033 2578 in
2078 2525 2286 2579 honore
2317 2532 2467 2591 sunt,
2500 2525 2768 2580 neminem
2810 2523 2920 2580 Deo
2953 2524 3311 2582 dilectissimo
3353 2527 3421 2580 ﬁ-

1835 2616 1911 2670 lio
1965 2627 2153 2673 nostro
2204 2615 2408 2672 Basilio
2466 2617 2790 2688 presbytero
2866 2615 3146 2672 anteferre
3197 2632 3419 2688 possum

1839 2706 1976 2777 (haec
2007 2714 2187 2761 autem
2233 2706 2390 2776 quasi
2434 2705 2543 2760 Deo
2596 2715 2735 2762 teste
2775 2705 2960 2778 dico),
3026 2707 3147 2761 viro
3196 2714 3252 2761 et
3313 2708 3423 2761 vita

1839 2805 1894 2851 et
1926 2813 2183 2853 sermone
2211 2804 2467 2868 purgato,
2495 2798 2702 2867 quique
2732 2798 2818 2853 vel
2854 2798 3101 2853 omnium
3132 2798 3304 2859 solus,
3339 2803 3424 2851 rei

1841 2898 1993 2944 certe
2025 2904 2191 2959 quam
2223 2888 2491 2950 maxime,
2525 2896 2762 2958 utraque
2800 2904 2859 2943 re
2890 2889 3156 2957 adversus
3196 2888 3425 2956 hujusce

1836 2979 2102 3049 temporis
2157 2980 2433 3035 turbinem
2477 2993 2543 3032 ac
2585 2978 2852 3048 vigentem
2902 2977 3284 3032 haereticorum
3322 2977 3425 3028 Iin-

1839 3084 1958 3138 guaa
1995 3068 2305 3140 pruritum,
2374 3070 2527 3124 velut
2582 3069 2636 3124 in
2699 3070 2986 3139 procinctu
3034 3078 3183 3124 stare
3230 3068 3423 3138 possit.

1838 3160 1966 3217 llaec
1992 3160 2148 3216 etiis
2187 3161 2395 3225 scribo,
2446 3161 2541 3231 qui
2586 3159 2882 3216 sacerdotii
2931 3174 3158 3214 munere
3194 3158 3429 3227 fungun-

1840 3261 1951 3315 tur,
2001 3259 2056 3309 et
2109 3252 2414 3316 monachis,
2489 3259 2545 3308 et
2606 3252 2676 3308 iis
2732 3252 2826 3322 qui
2865 3251 3164 3322 dignitates
3198 3253 3422 3321 gerunt,

1838 3350 1893 3398 et
1930 3343 2192 3399 senatorii
2229 3343 2441 3398 ordinis
2501 3352 2672 3406 sunt,
2719 3358 2784 3395 ac
2836 3341 3078 3411 denique
3105 3341 3251 3411 plebi
3307 3342 3430 3394 imi-

1838 3449 2032 3491 versae.
2080 3434 2135 3489 Si
2176 3435 2346 3505 igitur
2389 3434 2519 3490 huic
2570 3434 2859 3490 sententia:
2914 3448 3205 3489 assensum
3238 3431 3429 3492 fuerit,

1839 3525 2279 3597 suffragiumque
2323 3533 2574 3582 nostrum
2616 3526 2754 3582 adeo
2799 3540 2997 3581 sanum
3031 3531 3086 3579 et
3130 3523 3430 3597 integrum,

1840 3634 2060 3689 unaque
2114 3634 2240 3673 cum
2288 3619 2398 3673 Deo
2446 3619 2657 3681 latum,
2692 3619 2933 3685 vicerit;
2968 3625 3023 3672 et
3073 3616 3434 3686 spiritualiter

1840 3709 2035 3766 adsum
2063 3718 2121 3766 et
2169 3711 2360 3777 adero,
2392 3712 2504 3766 imo
2530 3717 2585 3766 et
2610 3710 2724 3779 jam
2755 3724 2980 3764 manum
3017 3708 3207 3775 inieci,
3256 3706 3432 3776 Spiri-

1841 3813 2040 3873 tusque
2092 3802 2290 3859 ﬁducia
2341 3806 2507 3858 nitor.
2570 3803 2669 3858 Sin
2719 3809 2904 3857 autem
2951 3801 3100 3855 aliud
3147 3799 3432 3870 quidpiam

1842 3895 2025 3964 potius
2059 3910 2224 3965 quam
2277 3896 2381 3951 hoc
2419 3897 2656 3966 placeat,
2712 3903 2769 3952 et
2825 3910 2924 3965 per
2963 3893 3219 3950 sodalitia
3253 3900 3307 3944 ct
3340 3907 3435 3945 ρο-

1844 3989 2132 4057 gnationes
2174 3989 2490 4057 huiusmodi
2530 4004 2623 4044 res
2665 3988 3071 4057 expeudantur,
3105 4000 3170 4039 ac
3222 3983 3433 4053 promi-

1848 4093 1981 4133 scua
2013 4080 2170 4133 turba
2200 4079 2392 4147 judicii
2413 4079 2789 4134 sinceritatem
2822 4092 3039 4129 rursum
3073 4075 3435 4136 convulscrit,

1848 4176 1903 4223 et
1931 4170 2275 4232 distraxerit,
2303 4185 2555 4225 seorsum
2587 4185 2720 4225 sane
2749 4170 2800 4222 id
2820 4168 2965 4238 quod
3002 4169 3180 4238 placet
3240 4168 3432 4229 facile,

1851 4278 1953 4319 nos
1983 4270 2166 4319 autem
2197 4263 2340 4317 intra
2365 4263 2739 4333 nosmetipsos
2766 4261 3108 4333 colligemus.

251 4438 350 4504 (l5)
387 4440 546 4508 Πρὸς
588 4439 666 4507 ῆν
704 4442 772 4495 τὸ
819 4440 1027 4495 κοινὸν
1054 4439 1291 4504 βλέπει.
1343 4438 1468 4495 Haec
1520 4456 1627 4495 non
1680 4440 1734 4495 dt

1925 4438 2038 4505 (20)
2084 4440 2447 4509 Τιμωμένων.
2485 4438 2619 4494 Cod.
2668 4439 2884 4509 τιμίων.
2929 4437 3098 4509 Paulo
3123 4444 3265 4506 post,
3295 4437 3436 4492 idem

195 4514 290 4581 tota
318 4513 595 4578 republica
640 4510 951 4566 Christiana
981 4519 1110 4581 sunt
1147 4510 1516 4581 intelligenda,
1547 4527 1646 4566 seu
1678 4511 1747 4565 de

196 4578 439 4656 universa,
480 4597 645 4651 quam
694 4584 800 4656 late
831 4590 998 4656 patet,
1032 4580 1301 4644 Ecclesia,
1329 4578 1444 4656 'sed
1476 4581 1543 4634 de
1567 4581 1748 4656 (gaesa-

196 4650 357 4721 rieusi,
388 4650 514 4721 (μιαέ
566 4653 808 4705 omnium
832 4650 966 4705 ’lerc
999 4660 1173 4704 mater
1221 4658 1341 4704 erat.
1387 4651 1750 4719 Cappadocia:

199 4712 567 4791 EcclcSiarum,
599 4737 830 4789 quarum
862 4722 1110 4791 profecto
1143 4721 1438 4789 plurimum
1463 4712 1746 4785 intererat,

199 4793 266 4907 utl
296 4789 343 4841 iu
390 4792 523 4848 sede
566 4789 887 4848 Caesariensi
926 4792 1162 4846 eximius
1214 4798 1402 4859 pastor
1451 4791 1750 4846 constitue-

199 4868 344 4907 rcnr.

199 4868 344 4912 retur.

257 4928 354 5000 (l6)
402 4930 657 4997 Ἐπειδὴ.
690 4932 764 4985 Ita
804 4932 926 4987 cod.
962 4931 1096 5000 Reg.
1126 4928 1183 4983 In
1220 4929 1305 5000 ed.
1337 4931 1480 4984 ἐπεὶ.

233 4999 565 5074 ,μη-Τοῦτο
589 5002 669 5068 τῷ
690 5003 869 5055 παι-τὶ
894 4998 1166 5067 βέλτιον.
1188 4999 1445 5074 Δ(ξοῐῐιὶιθί.
1482 5000 1561 5071 τῷ
1588 4998 1748 5074 παντί

203 5068 297 5140 riui
317 5072 548 5127 adverbii
598 5074 789 5126 tribuit
823 5074 1132 5140 vertitque,
1180 5068 1240 5140 id
1277 5072 1489 5125 omnino
1526 5068 1745 5140 melius.

225 5137 357 5218 '(IS)
383 5142 831 5218 ΣΜέττνὰσχωμιειςο
864 5144 915 5195 εὶ
942 5137 1018 5195 δέ
1042 5138 1171 5218 τῇςἔ
1223 5137 1302 5218 Ita
1344 5141 1465 5218 god.
1522 5139 1654 5213 Reg.
1694 5148 1751 5197 et
1854 5159 1891 5211 φ

205 5204 414 5283 onager.
442 5214 496 5267 In
532 5204 631 5268 est:
659 5204 1005 5283 μετέχωμεν-υ
1048 5204 1107 5263 si
1124 5204 1276 5283 8.’-:__1:&
1307 5212 1429 5283 τῆς.

264 5278 829 5353 (11))ῌείθομαιίιέιλξ
862 5278 933 5353 Ita
969 5278 1426 5353 Reg.,__llerv._'lu
1457 5281 1615 5353 edit._
1630 5280 1748 5333 πεί-

385 5342 748 5476 Ριιὲιιιίὶιιῐιζί,
774 5353 868 5405 καὶ
892 5351 966 5415 ὠς
990 5342 1075 5404 si
1087 5342 1308 5413 πόλεως.
1339 5349 1414 5405 Ita
1437 5352 1562 5407 cod.
1587 5351 1749 5407 Dccst

281 5434 317 5472 ci
341 5459 353 5471 .
384 5440 448 5476 κα
474 5467 490 5476 .

281 5434 353 5472 cu.
384 5434 490 5481 xli.

1851 4511 1973 4565 cod.
2011 4519 2067 4564 et
2102 4508 2351 4563 Cmnbel'.
2384 4510 2661 4563 Βασιλείου
2701 4508 2793 4561 τοῦ
2830 4508 3221 4578 πρεσϐυτέρου.

1923 4579 2033 4651 (21)
2070 4581 2226 4648 Πρὸς
2254 4580 2361 4632 τὸν
2395 4579 2513 4633 νῦν
2551 4582 2780 4651 καιρόν,
2816 4579 2961 4651 ΒιΙΙ,,
3012 4581 3261 4651 adrersus
3308 4587 3439 4630 (cm-

1850 4652 1993 4719 poris
2018 4649 2313 4708 "turbinem,
2357 4650 2501 4717 quod
2548 4667 2654 4703 nun
2690 4650 2867 4703 reddit
2897 4650 2987 4702 τὸν
3013 4649 3129 4707 νῦν,
3169 4665 3266 4700 nec
3299 4664 3438 4716 prm-

1854 4730 2064 4775 sentem
2129 4721 2266 4775 satis
2321 4720 2527 4774 indicat.
2585 4722 3058 4789 persecutionem;
3110 4727 3240 4789 tunc
3289 4720 3435 4771 enim

1854 4789 2057 4845 Valens
2091 4790 2419 4844 Arianorum
2464 4788 2649 4845 favore
2689 4789 2955 4845 adversus
2989 4788 3306 4843 Catholicos
3336 4791 3435 4842 dc—

1855 4861 2247 4915 bacchabatur.

1923 4930 2034 5002 (2‘2)
2065 4930 2176 4983 Καὶ
2189 4929 2303 5002 τοῦ
2335 4928 2530 4998 δήμου
2559 4928 2804 5002 παντός.
2837 4925 3064 4981 Rectius
3088 4925 3230 4983 forte
3265 4928 3445 4997 Icgett-

1853 5000 1981 5055 dum
2018 4999 2114 5054 καὶ
2142 5000 2222 5069 τῷ
2245 5000 2405 5069 δήμῳ
2435 4999 2618 5051 παντί.

1899 5051 2481 5197 ἔξωηΨηριζόλιένη.
2513 5069 2589 5122 lta
2622 5065 2909 5137 legendum
2937 5066 3167 5120 videtur.
3201 5064 3301 5120 Ed.
3328 5065 3432 5137 ψη-

1929 5158 2101 5197 ,ομεν.

1951 5158 2101 5194 οιιεν.

1924 5158 2183 5281 ἷὲἵξνίιάὶ
2211 5209 2248 5275 ἡ
2271 5205 2675 5281 ὀχλώδηςμιιιι
2704 5204 2827 5281 cod.
2849 5204 2988 5281 [ξοεῖ
3009 5217 3072 5281 _et
3098 5204 3371 5281 conliget:
3397 5206 3431 5281 ἡ

1853 5274 2094 5336 ὀοεειὶιι
2146 5274 2279 5335 cdit.
2306 5274 2444 5334 'Mox
2479 5276 2600 5331 καθ’
2634 5278 2799 5346 ὑμᾶς.
2846 5276 2939 5329 Sic
2973 5274 3045 5329 id.
3089 5274 3209 5329 cod.
3254 5278 3310 5332 In
3343 5279 3433 5329 cd.

1857 5349 1978 5405 καθ’
2012 5352 2179 5421 ἡμᾶς.

1795 5601 1860 5613 --η
