3802 6184
428 261 498 322 99

1635 256 1692 311 S.
1737 251 2072 310 GREGORII
2113 252 2464 310 THEOLOGI

3650 263 3759 317 100

426 382 579 438 velut
600 378 985 439 sordidissima
1026 394 1154 435 vasa
1184 386 1233 433 cl
1272 377 1643 433 instrumenta
1677 374 2012 447 projeceris1

2156 374 2594 445 ιλασφημούντων
2628 374 2881 448 ἐξεῦρες,
2913 377 2988 442 ὡς
3021 377 3109 431 διὰ
3138 379 3303 451 τιμὴν
3337 379 3592 452 ὑϐρίζων
3622 385 3758 446 τοὺς

428 474 514 536 vel
548 480 812 543 tanquam
858 468 1194 525 adminicula
1237 481 1326 533 ea,
1375 482 1499 538 qua:
1541 464 1848 521 fornicibus
1890 478 2024 534 sup-

432 570 739 633 ponuntur,
821 575 884 615 ac
940 559 1105 615 simul
1148 567 1313 629 atque
1362 563 1645 613 structura
1711 554 1926 610 ﬁrmata
1969 561 2025 609 et

431 661 720 726 compacta
753 660 861 721 cst,
902 652 1139 708 subduci
1177 658 1233 707 et
1258 664 1361 720 pro
1393 649 1568 705 nihilo
1598 646 1791 704 haberi
1823 646 2020 703 solent.

433 744 636 801 Verum
682 744 787 800 hos
822 758 958 800 sane
991 744 1173 798 valere
1208 743 1460 799 sinamus
1488 780 1505 807 ,
1545 749 1600 796 et
1644 752 1769 811 quae
1804 738 2019 804 dicunt,

429 836 660 903 dicere;
713 852 874 892 nemo
915 836 1115 905 linguae
1156 834 1468 891 libertatem
1517 831 1816 889 coercebit.
1855 832 1936 886 Ac
1963 839 2024 885 tu

428 930 621 986 beatas
647 930 769 984 illas
815 943 942 999 spes
968 935 1023 983 et
1055 927 1251 983 inanes
1282 925 1557 982 mercedis
1592 925 1717 980 loco
1747 922 2022 995 persolve,

425 1037 565 1091 quas
578 1020 846 1075 adversus
861 1034 956 1075 eos
977 1017 1326 1088 excogitasti,
1347 1017 1444 1088 qui
1459 1023 1512 1072 te
1529 1031 1596 1072 eo
1631 1015 1857 1071 nomine
1886 1015 2026 1069 lace-

426 1120 574 1177 rant,
605 1111 750 1182 quod
766 1109 1112 1167 subhonoris
1138 1109 1323 1179 specie
1336 1108 1482 1164 leves
1508 1123 1614 1164 nos
1644 1116 1807 1177 atque
1839 1105 1910 1161 ad
1934 1120 2023 1162 res

427 1202 752 1274 hujusmodi
776 1210 1063 1273 promptos
1084 1206 1140 1255 et
1166 1200 1362 1256 obvios
1386 1198 1789 1255 contumeliose
1821 1196 2023 1269 protri-

425 1297 594 1353 veris.
652 1295 769 1366 Ego
798 1311 953 1361 vero,
990 1293 1123 1365 quid
1158 1292 1213 1348 in
1253 1293 1440 1349 animo
1481 1292 1734 1359 habeam,
1780 1291 2022 1363 explica-

426 1391 538 1458 bo;
593 1405 696 1445 nec
748 1389 885 1443 mihi
942 1397 1230 1459 propterea
1289 1387 1572 1443 irascaris.
1614 1384 1803 1441 Dicam
1851 1384 2018 1451 enim,

424 1494 549 1553 quae
584 1468 838 1550 ﬂagranti
892 1478 1059 1532 ctiam
1106 1476 1297 1532 dolore
1350 1476 1672 1548 prolocutus
1713 1489 1860 1536 sum,
1908 1489 2020 1529 non

425 1587 603 1645 usque
650 1570 790 1626 adeo
833 1570 922 1626 vel
969 1569 1051 1623 ira
1092 1576 1369 1633 aestuans,
1406 1569 1491 1623 vel
1541 1566 1622 1622 rei
1668 1573 1865 1622 eventu
1899 1580 2022 1636 per-

424 1664 616 1719 culsus
646 1670 703 1719 et
738 1662 1029 1726 attonitus,
1048 1668 1108 1715 ut
1142 1660 1287 1714 ratio
1321 1673 1381 1715 se
1414 1658 1778 1721 subduceret,
1806 1670 1873 1711 ac
1900 1670 2023 1726 qua:

2134 465 2372 535 κούφους
2395 467 2566 537 ἡμᾶς,
2593 468 2689 520 καὶ
2709 466 3034 540 προχείρους
3061 469 3197 538 πρὸς
3228 472 3297 525 τὰ
3316 472 3576 526 τοιαῦτα.
3605 474 3759 540 Ἐγὼ

2131 554 2190 609 δὲ
2224 556 2285 609 τὸ
2328 555 2482 628 ἐμὸν,
2527 556 2604 620 ὡς
2646 556 2756 628 ἔχω
2799 556 2937 629 (85),
2990 558 3238 629 δηλώσω,
3287 561 3382 615 καί
3424 578 3520 632 μοι
3574 562 3757 634 μηδὲν

2131 647 2412 719 ὀργισθῇς.
2468 648 2611 721 Ἐρῶ
2644 650 2776 723 γὰρ,
2801 649 2837 703 ἃ
2876 651 2970 704 καὶ
3017 654 3147 722 παρ’
3192 654 3333 708 αὐτά
3373 653 3471 708 τοῦ
3524 653 3756 717 πάθευς

2132 736 2593 811 ἀπεφθεγξάμην,
2621 741 2682 794 οὗ
2718 742 2971 797 τοσοῦτον
3005 743 3039 812 ἦ
3070 744 3146 815 τῷ
3180 744 3337 815 θυμῷ
3365 746 3563 809 ζέσας,
3597 746 3637 817 ἢ
3672 746 3754 816 τῷ

2131 827 2378 895 γεγονότι
2438 828 2842 898 καταπλαγεὶς,
2911 830 3054 885 ὥστε
3104 832 3380 904 κλαπῆναι
3442 837 3586 899 τοὺς
3662 834 3753 887 λο-

2130 920 2385 991 γισμοὺς,
2420 921 2515 999 καὶ
2547 923 2762 990 ἀγνοεῖν
2806 923 2952 994 ειπερ
2996 923 3181 994 ἔλεγον
3222 924 3355 997 (86).
3395 925 3539 980 Οῦτε
3598 926 3752 979 ὅπλα

2130 1012 2425 1083 κτήσομαι,
2450 1010 2575 1066 οὔτε
2598 1013 2667 1066 τὰ
2685 1013 2922 1067 τακτικά
2944 1014 3286 1087 μαθήσομαι,
3307 1015 3343 1069 ἃ
3366 1014 3443 1087 μὴ
3460 1016 3749 1088 πρότερον

2129 1102 2353 1175 ἔμαθον,
2401 1104 2565 1176 ἡνίκα
2610 1105 2803 1177 καιρὸς
2849 1101 2990 1160 εἶναι
3033 1107 3235 1178 μᾶλλον
3271 1107 3471 1171 ἐδόκει,
3509 1109 3747 1163 πάντων

2129 1191 2507 1264 ὁπλιζομένων
2534 1195 2629 1248 καὶ
2657 1195 3005 1266 μαινομένων
3027 1191 3217 1264 (οἶσθα
3243 1196 3313 1250 τά
3343 1196 3456 1250 τῶν
3482 1196 3750 1251 ἀσθενῶν

2128 1285 2539 1357 ἀρρωστήματα
2581 1284 2745 1359 [87]),
2780 1286 2902 1340 οὔτε
2939 1287 3029 1340 τὸν
3062 1287 3280 1358 Ἀρήιον
3312 1287 3589 1359 Ἀνθιμον
3626 1288 3745 1359 (88)

2129 1377 2528 1449 ὑποστήσομαι,
2568 1377 2773 1449 καίπερ
2809 1377 2988 1449 ἄωρον
3017 1376 3146 1431 ὄντα
3176 1378 3534 1450 πολεμιστὴν,
3575 1378 3747 1449 ψιλός

2126 1479 2189 1517 τε
2218 1462 2294 1517 ὢν
2321 1464 2415 1517 καὶ
2434 1464 2707 1537 ἀπόλεμος
2727 1464 2863 1537 (89),
2897 1466 2992 1520 καὶ
3021 1466 3159 1538 πρὸς
3183 1467 3253 1521 τὰ
3276 1467 3583 1539 τραύματα
3614 1470 3744 1522 ἐπι-

2126 1557 2487 1630 τηδειότερος,
2515 1558 2654 1612 Ἀλλ’
2683 1559 2880 1631 ἐκείνῳ
2907 1560 3008 1630 μὲν
3030 1559 3192 1622 αὐτὸς
3217 1559 3469 1632 πολέμει,
3496 1561 3550 1614 εί
3571 1560 3745 1614 τοῦτό

2130 1667 2212 1706 σοι
2242 1650 2395 1721 φίλον
2434 1650 2552 1721 (καὶ
2582 1650 2692 1723 γὰρ
2722 1652 2849 1715 τοὺς
2883 1650 3133 1715 ἀσθενεῖς
3161 1650 3425 1716 πολλάκις
3450 1654 3513 1705 αι
3540 1654 3742 1725 χρεῖαι

425 1756 707 1819 dicerem,
743 1752 1077 1824 ignorarem.
1126 1748 1247 1806 Non
1295 1764 1448 1804 arma
1504 1746 1864 1820 comparabo,
1923 1761 2012 1802 net

2156 1741 2345 1797 ιοιοῦσι
2365 1741 2722 1813 πολεμιστὰς)
2744 1743 2813 1814 ,ἢ
2842 1742 2995 1815 ζήτει
3029 1744 3156 1807 τοὺς
3181 1742 3629 1816 πολεμήσοντας,
3659 1745 3741 1799 ὅτ’

427 1845 507 1901 rei
541 1843 802 1899 militaris
841 1851 1017 1896 artem
1051 1840 1286 1906 discam,
1309 1854 1473 1911 quam
1505 1839 1659 1910 prius
1683 1852 1793 1893 non
1822 1836 2010 1903 didici,

426 1952 554 1993 cum
589 1935 759 2006 hujus
798 1935 881 1991 rei
917 1934 1261 1991 commodius
1300 1940 1518 2004 tempus
1546 1946 1673 1987 esse
1700 1930 2013 1994 videbatur,

427 2029 691 2084 omnibus
744 2027 1000 2083 videlicet
1047 2041 1203 2081 arma
1261 2023 1651 2088 induentibus,
1699 2030 1755 2079 et
1808 2021 2015 2078 furiose

424 2120 568 2175 inter
618 2134 680 2175 se
726 2115 1214 2188 congredientibus
1255 2113 1426 2185 (nosti
1470 2113 1818 2169 inﬁrmorum
1866 2128 2018 2169 mor-

424 2209 575 2279 bos),
616 2223 719 2264 ncc
751 2207 1009 2262 Martium
1037 2205 1362 2260 Anthimum
1389 2204 1693 2259 certamine
1721 2204 2015 2274 excipiam,

421 2300 674 2372 quamvis
687 2298 890 2369 alioqui
904 2299 1257 2352 immaturum
1270 2295 1585 2350 bellatorem
1596 2331 1611 2357 ,
1626 2293 1885 2349 nimirum
1899 2293 2017 2363 ipse

425 2392 656 2448 inermis
678 2406 744 2446 ac
774 2393 851 2445 rei
885 2390 1099 2445 bellica:
1123 2388 1371 2458 ignarus,
1393 2386 1824 2455 vulneribusque
1845 2386 2017 2455 magis

422 2480 730 2550 expositus.
767 2477 911 2544 Quin
950 2487 1008 2532 tu
1043 2477 1226 2547 potius
1265 2488 1393 2529 cum
1426 2489 1515 2539 eo,
1541 2474 1589 2531 si
1616 2474 1690 2528 ita
1718 2474 2013 2541 videbitur,

424 2569 629 2623 bellum
678 2581 808 2637 gere
848 2565 1013 2637 (nam
1075 2564 1323 2620 inﬁrmos
1367 2580 1588 2636 quoque
1629 2581 1773 2636 saepe
1826 2580 2018 2620 neces-

430 2659 570 2715 sitas
604 2656 716 2730 “
760 2656 880 2726 ipsa
923 2670 1202 2727 pugnaces
1248 2654 1474 2725 efﬁcit),
1530 2663 1625 2709 aut
1668 2655 1763 2725 qui
1817 2655 2017 2710 bellum

432 2754 630 2818 gerant
678 2760 886 2817 quazre,
942 2759 1068 2799 cum
1120 2743 1214 2799 ille
1272 2743 1451 2800 mulas
1498 2751 1623 2798 tuas
1677 2744 2014 2814 arripuerit,

422 2839 675 2894 locorum
722 2835 1010 2908 angustias
1059 2835 1386 2899 observans,
1423 2836 1885 2905 quemadmodum
1924 2835 2018 2890 ille

421 2931 668 2994 Amalec,
699 2945 825 2984 cum
853 2927 1093 2983 transitu
1124 2924 1381 2983 lsraelem
1434 2933 1651 2981 arceret
1707 2922 1794 2980 ‘°‘.
1843 2924 2011 2983 Nobis

422 3031 606 3078 autem
635 3022 869 3075 aliarum
898 3019 1145 3075 omnium
1195 3034 1382 3074 rerum
1425 3019 1547 3073 loco
1595 3018 1838 3088 quietem
1892 3033 2020 3072 con-

2115 1834 2182 1889 ἀν
2212 1850 2305 1887 σου
2338 1832 2447 1886 τῶν
2475 1832 2716 1904 ἡμιόνων
2757 1832 2869 1903 (90)
2914 1831 3294 1905 λαμϐάνηται,
3327 1833 3398 1886 τὰ
3432 1835 3607 1889 στενά
3638 1851 3742 1906 τη-

2119 1922 2250 1994 ρῶν,
2310 1923 2405 1977 κα¹ι
2450 1920 2641 1995 ὥσπερ
2695 1923 2724 1975 ό
2775 1921 3024 1993 Ἀμαλὴκ
3076 1924 3284 1986 ἐκεῖνος
3303 1963 3319 1987 ,
3378 1925 3594 1994 εἵργων
3641 1923 3741 1977 τὸν

2129 2014 2366 2085 Ἰσραήλ.
2409 2013 2571 2084 Ἡμῖν
2604 2013 2662 2067 δὲ
2690 2014 2811 2068 ἀντὶ
2848 2013 3069 2068 πάντων
3106 2013 3291 2069 δοῦναι
3327 2014 3425 2087 τὴν
3460 2016 3736 2087 ἡσυχίαν.

2116 2102 2182 2155 Τί
2210 2106 2319 2176 γάρ
2346 2103 2428 2158 δεῖ
2454 2103 2725 2176 μάχεσθαι
2763 2105 2893 2178 περὶ
2927 2105 3249 2178 γαλαθηνῶν
3279 2106 3389 2179 (9i)
3420 2107 3520 2161 καὶ
3576 2108 3737 2180 ὀρνίο

2118 2192 2249 2260 θων,
2278 2196 2375 2249 καὶ
2413 2195 2575 2250 τοῦτο
2617 2196 2937 2268 ἀλλοτρίων,
2972 2196 3049 2261 ὡς
3070 2197 3208 2269 δῆτα
3241 2198 3371 2271 περὶ
3401 2198 3603 2270 ψυχῶν
3639 2200 3738 2254 καὶ

2117 2287 2396 2353 κανόνων;
2434 2288 2500 2341 Τί
2546 2288 2606 2342 δὲ
2640 2289 2752 2343 τῶν
2785 2288 3057 2361 λαμπρῶν
3098 2290 3353 2362 Σασίμων
3390 2291 3736 2364 ἀποστερεῖν

2120 2379 2219 2446 τὴν
2251 2379 2606 2451 μητρόπολιν,
2636 2379 2671 2451 ἢ
2693 2381 2937 2452 γυμνοῦν
2958 2382 3054 2435 καὶ
3080 2380 3486 2436 ἀνακαλύπτειν
3518 2381 3587 2435 τὸ
3626 2383 3734 2452 τῆς

2122 2471 2348 2543 γνώμης
2375 2473 2710 2546 ἀπόρρητον,
2740 2472 3110 2546 συγκρύπτειν
3264 2473 3383 2527 δέον
3407 2490 3422 2539 ;
3453 2472 3629 2528 Ἀλλὰ
3665 2476 3730 2528 σὺ

2125 2564 2224 2635 μὲν
2261 2564 2539 2637 ἀνδρίζου,
2583 2565 2680 2619 καὶ
2718 2563 3014 2636 κραταιοῦ,
3050 2565 3366 2619 καὶ-πάντα
3403 2564 3531 2619 ἕλκε
3584 2565 3732 2638 πρὸς

2120 2655 2221 2722 τὴν
2254 2655 2484 2710 σεαυτοῦ
2524 2655 2636 2727 (9'5)
2671 2654 2855 2719 δόξαν,
2881 2653 3073 2728 ὥσπερ
3097 2657 3148 2709 oi
3180 2658 3421 2726 ποταμοὶ
3448 2656 3583 2720 τοὺς
3612 2674 3732 2729 xu,

2121 2747 2389 2819 μάῥρους,
2431 2747 2570 2818 μήτε
2622 2745 2828 2815 φιλίαν,
2880 2746 3020 2818 μήτε
3065 2746 3353 2818 συνήθειαν
3402 2745 3498 2800 τοῦ
3547 2745 3727 2802 καλοῦ

2120 2838 2426 2910 προτιμῶν,
2474 2838 2568 2892 καὶ
2618 2838 2717 2909 τῆς
2768 2836 3070 2902 εὐσεϐείας,
3112 2839 3251 2910 μήτε
3292 2837 3388 2892 τοῦ
3435 2838 3599 2902 ποῖός
3641 2856 3727 2903 τις

2118 2921 2259 2981 εἶναι
2286 2926 2457 2994 δόξεις
2482 2929 2548 2981 ὲκ
2573 2927 2667 2980 τοῦ
2697 2926 2871 2982 ταῦτα
2904 2929 3078 2981 ποιεῖν
3110 2926 3431 2997 φροντίζων,
3455 2916 3577 2980 ἀλλ’
3600 2927 3726 2990 svo;

2119 3023 2195 3078 ὣν
2228 3023 2324 3079 τοῦ
2365 3023 2697 3095 πνεύματος.
2728 3023 2923 3095 Ἡμεῖς
2954 3023 3013 3076 δὲ
3042 3022 3201 3077 τοῦτο
3230 3023 3388 3095 μόνον
3418 3021 3723 3092 κερδανοῦ-

422 3115 581 3172 cede.
616 3113 758 3181 Quid
788 3112 934 3168 enim
966 3127 1108 3183 opus
1130 3119 1213 3167 est
1235 3127 1336 3182 pro
1364 3110 1695 3166 lactentibus
1721 3119 1776 3165 ct
1799 3110 2012 3178 avibus,

2156 3131 2225 3168 μεν
2262 3116 2362 3185 τῆς
2401 3091 2522 3186 σῆς-
2545 3115 2750 3185 φιλίας,
2793 3091 2856 3169 τὸ
2901 3114 2976 3186 μὴ
3013 3091 3291 3169 πιστεύειν
3332 3091 3529 3185 φίλοις,
3578 3115 3723 3187 μήτε

418 3216 477 3264 et
508 3206 733 3279 quidem
764 3205 983 3271 alienis,
1016 3221 1126 3260 non
1173 3219 1337 3260 secus
1384 3218 1448 3257 ac
1491 3219 1590 3273 pro
1631 3201 1925 3257 animabus
1963 3209 2017 3256 et

2121 3206 2218 3259 τοῦ
2245 3206 2382 3260 Θεοῦ
2408 3207 2677 3261 ποιεῖσθαί
2709 3226 2761 3261 τι
2791 3207 3211 3280 προτιμότερον.

421 3301 728 3357 canonihus
768 3298 1098 3371 digladiari?
1141 3296 1284 3364 Quid
1333 3297 1500 3353 etiam
1530 3295 1860 3378 .splendidis
1904 3297 2013 3352 illis
2054 3296 2288 3357 Sasimis
2321 3301 2800 3373 metropolitanam
2840 3304 3032 3358 urbem
3062 3301 3302 3373 privare,
3368 3315 3433 3356 ac
3500 3301 3717 3357 mentis
3786 3300 3787 3305 “

423 3407 710 3457 arcanum,
740 3391 889 3462 quod
921 3388 1283 3461 premendum
1336 3398 1392 3444 et
1437 3388 1828 3443 occultandum
1870 3397 2012 3455 erat,
2053 3391 2269 3461 aperire
2302 3400 2358 3449 et
2400 3393 2700 3464 detegere?
2728 3392 3003 3460 Quocirca
3067 3403 3127 3448 tu
3173 3392 3399 3464 quidem
3471 3393 3719 3451 viriliter

422 3501 544 3558 age,
581 3493 637 3542 et
669 3486 1008 3550 confortare,
1054 3484 1352 3554 omniaque
1384 3483 1456 3538 ad
1520 3491 1673 3538 tuam
1745 3484 1922 3554 ipsius
1986 3485 2243 3556 gloriam,
2293 3489 2756 3560 quemadmodum
2801 3490 2953 3546 lluvii
3002 3498 3304 3555 torrentes,
3352 3489 3533 3557 trahe,
3616 3504 3720 3545 nec

423 3580 749 3645 amicitiam,
782 3596 885 3636 nec
917 3579 1041 3634 vita:
1081 3578 1541 3635 consuetudinem
1605 3588 1662 3634 et
1725 3578 2160 3637 familiaritatem
2226 3585 2432 3641 virtute
2472 3601 2538 3641 ac
2578 3587 2782 3657 pietate
2849 3587 3116 3658 potiorem
3157 3588 3385 3649 habens.
3435 3603 3541 3643 nec
3589 3602 3718 3658 qua:

422 3687 490 3727 ex
543 3671 632 3727 bis
689 3672 854 3728 rebus
911 3672 1196 3728 hominum
1247 3672 1437 3741 ορίηἰυ
1486 3671 1556 3727 de
1599 3688 1661 3727 re
1713 3671 1899 3728 futura
1931 3674 2005 3729 sit
2037 3675 2340 3748 quidquam
2387 3692 2625 3744 curans,
2664 3679 2759 3736 sed
2799 3680 2893 3734 uni
2929 3682 3200 3736 duntaxat
3248 3681 3465 3753 spiritui
3513 3688 3571 3735 te
3615 3680 3717 3734 ad-

423 3764 635 3820 dicens.
679 3761 791 3819 Nos
822 3777 954 3819 vero
980 3763 1031 3819 id
1061 3764 1332 3817 duntaxat
1371 3763 1512 3817 lucri
1558 3779 1625 3819 ex
1662 3763 1906 3818 amicitia
1953 3770 2048 3820 tua
2085 3768 2391 3838 capiemus,
2433 3779 2495 3826 ut
2532 3771 2726 3829 amicis
2770 3773 3000 3843 posthac
3048 3773 3274 3829 minime
3308 3774 3563 3839 ﬁdamus,
3608 3788 3716 3830 nec

425 3858 540 3916 Deo
566 3859 870 3931 quidquam
902 3859 1284 3931 prazferamus.

521 4043 592 4079 “‘
629 4048 805 4107 Exod.
844 4065 982 4117 xvn,
1026 4048 1060 4104 8
1094 4064 1215 4120 sqq.

497 4206 610 4278 (85)
634 4277 640 4278 γ
660 4210 758 4273 Ὧς
784 4205 922 4275 ἔχω.
955 4203 1128 4278 C_od_d.
1167 4201 1530 4278 ng.,_ljarl.,
1564 4202 1730 4278 Pass;
1754 4202 1831 4268 ὡς
1877 4204 2014 4278 ἔχειΪ

427 4271 601 4331 Paulo
629 4271 795 4345 infra,
819 4271 924 4345 pro
956 4274 1097 4327 αὐτὰ
1152 4271 1509 4338 τοῖῗπάθους,
1535 4275 1660 4329 cod.
1697 4271 1832 4345 Reg.
1884 4271 2015 4345 παρ’

428 4346 561 4402 αὐτὸ
587 4346 650 4398 τὸ
681 4343 873 4408 πάθος.

501 4415 613 4487 (86)
650 4416 835 4487 Ἀπερ
856 4415 1089 4487 ἔλεγον.
1115 4413 1252 4487 Cod.
1281 4412 1439 4487 Pass.
1472 4410 1609 4487 όπερ
1634 4411 1840 4487 ἔλεγον.
1869 4411 2014 4487 Bau-

2124 4219 2245 4273 cum
2294 4205 2396 4258 sim
2427 4214 2720 4261 armatura:
2760 4206 2932 4273 miles,
2967 4223 3060 4262 nec
3089 4206 3224 4262 bello
3274 4216 3539 4264 assuetus.
3578 4210 3711 4269 Mox

2125 4272 2304 4363 idem,‘
2315 4274 2620 4363 nﬂc‘cp'ad
2628 4293 2791 4345 ματα.
2844 4345 2869 4356 -

2193 4344 2306 4417 (90)
2349 4344 2472 4417 'Or‘
2496 4344 2600 4417 _djrj
2632 4344 2754 4417 σοι)
2774 4416 2779 4417 γ
2798 4345 2918 4417 τῶν
2965 4348 3247 4417 ἡμιόνων.
3277 4347 3535 4404 Alludere
3564 4351 3706 4407 mihi

2127 4413 2362 4488 videtur,
2393 4414 2642 4488 ai_t_Bill.,
2674 4414 2741 4470 ad
2769 4414 2903 4488 illud
2932 4413 3156 4473 Achillis
3184 4418 3329 4488 apud
3361 4418 3661 4488 Homerum
3688 4461 3703 4483 ,

433 4486 487 4541 lo
511 4481 688 4557 ipest,
735 4481 810 4538 id.
859 4481 983 4539 cod.
1044 4499 1145 4553 pro
1178 4483 1216 4538 δι
1265 4483 1341 4554 μὴ
1397 4481 1660 4553 πρότερον
1690 4483 1850 4538 habet
1886 4481 1916 4533 ὃ
1943 4481 2017 4554 μὴ
2124 4481 2292 4557 _Iliad.
2325 4499 2364 4557 ι,
2408 4484 2501 4557 ubi
2530 4492 2690 4555 negat
2722 4486 2850 4557 _sihi
2879 4501 3102 4557 causam
3139 4481 3260 4544 esse
3291 4503 3388 4542 cur
3441 4481 3705 4557 Troianis

809 4621 1085 4679 ἀσθενῶν
1115 4619 1568 4707 ἀρρωσῖήέιατα,
1597 4620 1734 4707 ρος.
1761 4621 2013 4707 dignorat};

436 4691 609 4767 ματα,
636 4695 974 4767 inﬁrmorum
1003 4691 1263 4767 prtaclara
1313 4692 1568 4767 facinore.
1594 4691 2016 4767 Cod._Reg_._c&

432 4761 543 4850 egw
870 4761 1262 4835 ἀριστεύματα.
1319 4762 1453 4818 Cod.
1510 4761 1664 4819 Pass.
1699 4762 1808 4818 τῶν
1853 4761 2012 4833 ’Ἀθη-

434 4837 542 4892 νῶν
566 4835 995 4906 ἀρρωστήματα.
2039 4870 2048 4878 .

438 4974 482 4986 __
506 4907 620 4977 (88)
689 4905 801 4960 Τὸν
849 4902 1087 4986 ’ᾼρήιον
1128 4904 1425 4986 Ἀνριμον.
1488 4900 1573 4966 Is,
1629 4902 1819 4986 ‘inqltit
1866 4899 2013 4986 Bilb,

438 4971 752 5057 Tianorum
808 4971 1112 5057 episcOpus
1136 4971 1295 5057 erat,
1340 4986 1582 5057 quocum
1613 4971 1695 5057 de
1723 4971 2016 5057 Cappado-

438 5043 541 5118 cia;
566 5043 972 5118 episcopalibus
998 5043 1313 5118 dividendis
1340 5043 1541 5118 Basilio
1573 5043 1860 5118 contentio
1876 5051 2012 5097 erat.

439 5114 585 5173 Urbs
601 5112 771 5170 'enim'
808 5130 874 5169 ea
907 5112 1162 5183 secundae
1194 5112 1551 5183 Cappadocia;
1579 5112 2016 5183 metropolisire-

438 5201 573 5241 cens
597 5193 782 5240 creata
814 5184 1013 5240 fuerat.
1033 5181 1167 5238 Vide
1213 5181 1353 5237 orat.
1406 5182 1482 5237 De
1512 5181 1707 5235 Basilii
1744 5181 2011 5236 laudibus.

443 5270 468 5310 ι
500 5256 572 5310 At
587 5254 679 5308 τὸν
705 5256 920 5324 ’Δρήιον
948 5268 1050 5309 vox
1074 5253 1284 5324 poetica
1302 5261 1407 5312 est.
1431 5251 1885 5324 inquit_Combef._,
1903 5267 2012 5324 non

439 5338 640 5396 nomen
670 5321 971 5396 proprium,
1002 5321 1151 5396 quod
1181 5323 1403 5396 videtur
1425 5324 1566 5396 velle
1599 5321 1743 5396 Bill._,
1777 5321 1872 5396 sed
1916 5321 2008 5374 ad-

437 5392 722 5464 jectivum,
751 5392 910 5464 quasi
934 5393 1249 5448 bellicosum
1279 5392 1618 5464 Anthimum,
1648 5393 1740 5462 qui
1774 5392 1855 5464 si_c
1877 5399 2015 5464 stre-

443 5460 553 5518 nue
574 5462 700 5532 jura
755 5460 1001 5518 tueretur
1052 5476 1205 5517 nova:
1256 5460 1765 5532 metropolcosfet
1806 5460 2014 5516 Basilio

444 5539 861 5672 νυῗὲοῗηιῗάός
889 5618 950 5655 τε
981 5601 1065 5655 ὢν
1094 5600 1193 5654 καὶ
1224 5552 1545 5671 ἀπόλεμος.
1582 5599 1848 5667 Combef.,
1885 5600 2011 5657 levis

2042 4557 2090 4614 Ι)
2123 4553 2321 4607 bellum
2350 4553 2568 4630 inferat,
2593 4553 2825 4630 quodab
2848 4556 2930 4612 eis
2972 4572 3073 4613 nec
3103 4558 3272 4614 boves
3321 4572 3421 4613 nec
3448 4553 3575 4630 equi
3612 4563 3705 4617 sui

2121 4636 2360 4692 unquam
2390 4623 2678 4694 intercepti
2710 4624 2822 4681 sint
2850 4640 2864 4677 :

2123 4731 2207 4784 Οὐ
2235 4729 2344 4801 γὰρ
2392 4728 2613 4785 πώποτ’
2675 4731 2823 4802 ἐμὰς
2852 4732 3011 4799 ,βοῦς
3064 4731 3306 4801 ἤλασαν
3325 4732 3532 4875 ,[ρύδὲ
3581 4733 3708 4804 μὲν
3742 4768 3747 4772 ο

3378 4817 3627 4868 amove.

3378 4817 3627 4868 ἱππους.

2116 4902 2321 4961 Verum
2350 4905 2507 4961 Billio
2539 4907 2764 4964 minime
2795 4908 3093 4964 assentitur
3123 4907 3369 4965 Combef.
3396 4908 3495 4964 llic
3523 4911 3700 4974 enim,

2116 4974 2314 5030 inquit.
2362 4977 2510 5030 nulla
2557 4978 2755 5030 allusio
2808 4978 3121 5030 Horiierica.
3166 4979 3381 5030 qualem
3436 4979 3700 5030 coaitavit

2115 4978 2314 5100 inquit,
2362 4978 2510 5060 nulla
2557 4978 2755 5033 allusio
2808 4978 3121 5060 Honierica,
3166 4979 3381 5050 qualem
3436 4979 3704 5063 cogitavit

2115 5043 2196 5131 12d
2223 5087 2264 5111 .,
2288 5046 2720 5131 sedipsajesfb
2747 5047 3007 5131 Anthimp
3039 5057 3211 5119 gesta,
3240 5063 3403 5118 quam
3436 5049 3701 5107 describit

2116 5113 2495 5202 Gregorius'in
2525 5113 3100 5202 Basiliiepitaph’i‘o.'_
3158 5113 3205 5202 ,⁷
3256 5113 3276 5118 “
3473 5187 3486 5202 ί
3634 5191 3647 5202 .

2187 5186 2310 5309 (9|).
2337 5187 2476 5268 Περὶ
2532 5186 2907 5268 γαλαθηῦῶνῖ
2948 5187 3194 5243 Combef.
3246 5203 3344 5257 pro
3399 5187 3696 5253 subrumis,

2116 5257 2271 5338 agnel
2299 5272 2345 5313 ts
2384 5255 2637 5312 vndehcet
2687 5273 2753 5312 ac
2807 5259 3097 5329 porcellis;
3129 5259 3223 5312 καὶ
3252 5256 3503 5332 ὀρνίθων,
3532 5260 3697 5331 galli-

2117 5340 2755 5483 βηηριξςξτειν.
2817 5396 2911 5483 §ic
2963 5396 3124 5469 Reg.,
3178 5397 3355 5463 Harl.,
3419 5395 3579 5455 Pass.
3630 5414 3695 5455 ac

2117 5462 2369 5536 Combef.
2401 5462 2460 5536 In
2488 5462 2625 5536 edit.
2660 5468 3013 5536 συγκόπτειν.

2188 5534 2297 5619 (θῦ)
2329 5534 2490 5619 Πρρς
2501 5535 2633 5619 τὴν.
2652 5534 2934 5619 σίξιὶυινρῦζ
2977 5540 3052 5593 lla
3073 5537 3235 5619 codd.
3262 5536 3412 5592 Harl.
3436 5535 3687 5613 et_Pass.,

2119 5601 2351 5659 Montac.
2380 5601 2433 5658 et
2472 5601 2656 5662 Morel.
2702 5607 2757 5662 In
2798 5607 2884 5663 ed.
2914 5609 3128 5663 ἑαυτοῦ.
