3802 6220
179 314 258 371 105

556 446 688 500 NA’.
728 440 1123 512 NtKoBoer
1161 440 1292 511 (ιο).

1530 304 1867 362 EPISTOLA
1905 306 1988 361 LI.

3291 313 3396 370 406

2362 433 2447 489 LI.
2489 436 2689 491 NICOB
2708 436 2857 493 ULO.

231 532 332 626 ρὶω
360 577 494 614 anno
525 568 632 614 tres
660 558 898 629 cpistola:
925 572 1040 629 qua:
1063 563 1372 629 sequuntur,
1404 555 1474 608 ad
1504 552 2064 629 Nicobulunrsrriptre
2101 552 2232 629 sipt,
2261 552 2537 607 incertum.
2587 553 2648 608 Si
2691 555 2808 629 quis
2855 563 3028 629 tamen
3062 558 3182 629 celit
3220 561 3397 629 conje.

175 620 351 683 elui-am
376 632 546 698 facere
572 645 642 683 ea:
665 620 746 683 liis
769 620 1007 697 episto'la'
1028 620 1146 691 Lm,
1177 627 1316 678 alias
1348 640 1407 688 ιι,
1431 625 1600 678 verbis
1624 641 1642 678 :
1671 624 1806 704 C_um
1827 620 2089 704 Basilium
2118 620 2369 703 Magnum
2402 638 2619 704 semper
2639 620 2770 704 mihi
2797 620 3398 704 praetulerim,tamdtsi

175 702 238 753 illi
276 692 604 753 contrarium
652 692 950 760 videretur,
986 705 1101 749 tum
1139 711 1287 749 turne
1321 709 1543 764 quoque
1588 695 1855 766 prmlero:
1899 708 1954 766 _st
1989 692 2127 766 quis,
2161 692 2397 766 inquam,
2433 692 2669 766 celithex
2715 692 2993 766 (ἠέρα-ὀξέι
3040 699 3399 766 conjecturam

175 770 341 836 facere,
372 786 529 839 quam
573 768 749 836 fateor
782 783 898 823 esse
940 760 1625 842 leuissinlarntéonjéctafe
1669 761 1843 842 licebit
1878 760 2236 842 lbasilitteras
2274 760 2614 842 derepistolis
2643 762 3103 842 suis‘Gregorium
3128 760 3402 836 scripsisse

176 831 293 892 anno
320 831 442 901 3T2,
467 831 828 908 quoftempore
856 835 1093 908 nonnihil
1125 835 1357 908 Basiliol
1379 831 1443 889 ob
1469 835 1829 908 episcopatum
1871 831 2437 908 _Sas_imensem,iratus
2480 842 2614 886 erat.
2645 831 3015 908 Quidquidsit
3046 836 3110 890 de
3147 831 3396 907 tempore,

177 908 256 961 hoc
282 900 454 962 ordine
479 900 713 974 scriptas
735 923 848 961 esse
869 905 1214 974 arbitramur.
1237 903 1293 974 _|°
1314 900 1551 973 Rogatus
1579 921 1612 957 a
1650 900 1913 974 Nicobulo
1942 900 2247 974 Qregoritts,
2280 910 2337 974 ut
2384 911 2553 974 artem
2596 900 2868 974 scribendi
2903 905 3110 960 litteras
3145 900 3399 974 traderet,

176 979 410 1047 respondit
431 970 656 1047 epistola
688 992 762 1040 LI,
786 976 930 1047 alias
954 990 1098 1047 cclx.
1132 973 1197 1047 l_l°
1226 970 1524 1047 Nicobulus
1550 973 1737 1047 deinde
1772 973 1917 1047 ipsas
1952 970 2192 1047 Gregorii
2221 972 2495 1047 epistolas,
2535 981 2595 1025 ut
2632 973 2903 1047 scribendi
2925 979 3183 1047 exempla,
3215 970 3401 1046 pastu;

174 1040 304 1109 lavit,
330 1040 478 1116 atque
498 1048 734 1109 interim,
760 1045 890 1098 dum
928 1043 1561 1116 mittendaepistojarum
1589 1042 1828 1116 collectio
1841 1041 2164 1116 parabatur,
2210 1040 2490 1116 Gregorius
2520 1043 2788 1112 rescripsit
2822 1040 3101 1113 epistolam
3132 1040 3226 1113 ιιι,
3261 1050 3398 1103 alias

175 1131 334 1171 οενιιι.
360 1111 449 1169 ιιιο
474 1117 711 1171 Tandem
740 1132 858 1170 cum
885 1116 997 1169 suis
1014 1114 1252 1184 epistolis
1278 1121 1328 1167 et
1358 1113 1656 1168 Basilianis
1680 1112 1874 1168 emittit
1893 1111 2172 1179 epistolam
2203 1126 2324 1177 un,
2352 1111 2490 1165 alias
2514 1127 2573 1165 ιι.

232 1229 341 1282 Τῶν
374 1227 694 1299 γραψόντων
742 1223 1032 1288 ἐπιστολὰς
1056 1223 1266 1296 (ἐπειδὴ
1316 1221 1596 1277 καὶτοῦτο
1635 1222 1723 1275 αί-

1905 1218 1985 1274 Ex
2018 1220 2087 1275 iis
2139 1219 2235 1290 qui
2293 1218 2549 1274 scribunt
2597 1220 2863 1291 epistolas
2919 1224 3403 1300 (quandoquidem

174 1319 311 1389 τεῑς),
344 1320 394 1372 οἱ
423 1319 524 1388 μὲν
557 1317 870 1389 μακρότερα
894 1316 1005 1388 (17)
1040 1317 1340 1387 γράφουσιν
1380 1315 1524 1386 ἥπερ
1557 1313 1725 1379 εἰκὸς,

174 1409 289 1463 οίδὲ
318 1410 407 1463 καὶ
451 1408 575 1461 λίαν
621 1407 971 1477 ἐνδεέστερα·
1017 1406 1112 1459 καὶ
1155 1404 1457 1477 ἀμφότεροι
1486 1404 1581 1458 τοῦ
1632 1422 1732 1475 με-

175 1500 307 1568 τρίου
355 1499 463 1570 (18)
514 1498 964 1570 διαμαρτάνουσι,
1009 1496 1200 1569 ὥσπερ
1249 1496 1359 1550 τῶν
1405 1496 1624 1550 σκοπῶν
1680 1497 1729 1548 οἱ

176 1590 477 1658 τοξεύοντες,
510 1590 580 1645 ἄν
622 1608 684 1643 τε
714 1591 845 1644 εἴσω
884 1578 1221 1660 πέμπωσινξ
1247 1588 1314 1643 ἀν
1344 1606 1406 1642 τε
1453 1585 1732 1658 ύπερπὲμ-

178 1698 325 1734 πωσι·
348 1682 406 1735 τὸ
434 1681 545 1755 γὰρ
574 1680 978 1751 ἀποτυγχάνειν
1000 1681 1141 1744 ἴσον,
1175 1679 1282 1734 κᾶν
1303 1679 1412 1733 ἀπὸ
1432 1679 1541 1732 τῶν
1568 1680 1729 1732 ἐναν-

176 1773 289 1826 τίων
316 1774 544 1845 γίνηται.
577 1773 738 1828 Ἔστι
778 1773 835 1827 δὲ
882 1772 1079 1845 μέτρον
1116 1760 1437 1836 ἐπιστολῶν,
1470 1773 1507 1843 ἡ
1534 1770 1725 1842 χρείαο

178 1866 261 1920 καὶ
283 1865 395 1919 οὔτε
420 1866 739 1939 μακρότερα
758 1865 1054 1937 γραπτέον,
1076 1858 1136 1921 οὗ
1165 1864 1242 1937 μὴ
1284 1863 1458 1918 πολλά
1498 1862 1567 1916 τὰ
1595 1863 1733 1935 πρά-

178 1974 373 2029 γματα.
406 1959 531 2013 οὕτε
568 1958 1016 2032 μικρολογητέον,
1051 1957 1181 2012 ἔνθα
1206 1956 1395 2011 πολλά.
1426 1956 1491 2010 Τί
1521 1955 1630 2026 γάρ
1652 1972 1667 2021 i
1692 1951 1727 2027 ἦ

176 2053 234 2121 τῇ
285 2052 519 2122 Περσικῇ
578 2038 776 2123 σχοίνῳ
817 2050 1131 2122 μετρεῖσθαι
1178 2051 1260 2104 δεῖ
1305 2048 1400 2120 τὴν
1443 2046 1656 2116 σοφίαν,
1693 2046 1729 2117 ἢ

179 2142 417 2206 παιδικοῖς
439 2145 644 2216 πήχεσι
662 2160 677 2175 ·
708 2143 803 2196 καὶ
824 2140 998 2206 οὕτως
1024 2140 1189 2212 ἀτελῆ
1209 2140 1462 2211 γράφειν,
1490 2138 1569 2202 ὡς
1594 2137 1731 2209 μηδὲ

180 2234 413 2303 γράεειν·
452 2234 592 2288 ἀλλά
627 2232 910 2304 μιμεῖσθαι
936 2233 1043 2287 τῶν
1074 2234 1241 2287 σκιῶν
1280 2232 1380 2296 τὰς
1427 2230 1733 2302 μεσημϐρι-

179 2325 280 2389 vis,
310 2325 341 2395 ἢ
372 2325 481 2380 τῶν
504 2325 784 2397 γραμμῶν
816 2324 926 2397 (l9)
956 2325 1055 2388 τὰς
1082 2323 1224 2378 κατὰ
1255 2323 1546 2395 πρόσωπον
1565 2321 1735 2375 ἀπαν-

177 2414 357 2483 τώσας,
404 2410 479 2471 ὧν
527 2417 801 2482 συνιζάνει
858 2414 928 2470 τά
970 2417 1144 2488 μήκη.
1184 2417 1280 2469 καὶ
1329 2413 1734 2486 παραφαίνεται

180 2507 360 2575 μᾶλλον
404 2507 438 2579 ἦ
488 2508 741 2578 φαίνεται
785 2507 895 2561 τῶν
945 2507 1128 2578 ἄκρων
1177 2506 1290 2560 τισὶ
1321 2494 1729 2579 γνωριζόμενιν

1830 1311 1934 1367 hoc
1957 1310 2124 1366 etiam
2149 1309 2424 1382 ﬂagitas),
2457 1311 2552 1364 alii
2602 1312 2879 1384 longiores
2933 1318 3185 1373 scribunt
3238 1336 3403 1392 quam

1826 1417 1928 1473 par
1953 1410 2041 1458 est
2069 1419 2083 1456 :
2118 1402 2214 1457 alii
2243 1416 2375 1457 vero
2404 1404 2579 1457 multo
2614 1403 2914 1461 breviores.
2948 1407 3153 1463 llorum
3186 1413 3406 1484 utrique

1829 1493 2044 1548 amodo
2072 1494 2354 1560 aberrant,
2389 1503 2450 1549 ιιι
2481 1509 2514 1548 a
2545 1511 2717 1567 scopo
2749 1500 2865 1569 qui,
2908 1500 3036 1556 dum
3064 1502 3402 1573 jaeulantur,

1827 1585 1913 1640 vel
1940 1585 2101 1651 citra,
2132 1585 2220 1641 vel
2251 1587 2393 1641 ultra
2423 1588 2670 1645 mittunt.
2704 1588 2840 1645 Nam
2872 1595 3146 1650 utrumvis
3178 1597 3403 1666 faciant,

1828 1675 2058 1746 perinde
2091 1677 2379 1746 aberrant,
2426 1680 2644 1737 etiamsi
2685 1698 2753 1737 ex
2781 1686 3077 1742 contrariis
3110 1688 3403 1758 prodeant.

1829 1766 1926 1824 Est
1948 1779 2131 1826 autem
2174 1771 2373 1829 modus
2416 1771 2796 1844 epistolarum,
2836 1777 3046 1835 utilitas
3081 1797 3098 1835 :
3132 1788 3187 1836 et
3228 1797 3407 1854 neque

1830 1857 2113 1931 longiores
2162 1860 2470 1917 scribenda:
2515 1870 2681 1931 sunt,
2741 1865 2836 1920 ubi
2892 1868 3065 1923 multa
3117 1886 3228 1927 non
3277 1883 3409 1929 sunt

1830 1951 2087 2022 negotia,
2144 1967 2322 2023 neque
2344 1952 2591 2023 jejunius
2653 1957 3106 2027 conscribendas,
3171 1963 3263 2019 ubi
3318 1979 3410 2021 res

1831 2044 2016 2099 multae
2079 2050 2400 2115 suppetunt.
2444 2045 2597 2112 Quid
2631 2048 2819 2103 enim?
2863 2049 2947 2105 An
2996 2051 3220 2110 Persico
3260 2055 3410 2111 funi-

1830 2135 1959 2191 culo
1999 2136 2329 2207 sapientiam
2357 2138 2540 2193 metiri
2573 2148 2807 2209 oportet,
2845 2151 2940 2216 aut
2971 2146 3277 2216 puerilibus
3306 2165 3409 2205 eu-

1830 2223 1999 2291 bitis;
2034 2233 2089 2280 et
2138 2225 2221 2281 sic
2259 2226 2581 2297 imperfecta
2628 2215 2908 2299 scribere,
2948 2215 3009 2290 ut
3058 2252 3128 2292 ne
3168 2241 3412 2297 scribere

1831 2318 2052 2390 quidem
2086 2319 2161 2375 sit
2188 2336 2205 2373 :
2233 2319 2329 2375 sed
2354 2320 2557 2375 imitari
2590 2321 2773 2391 potius
2804 2325 3139 2382 meridianas
3164 2330 3410 2394 umbras,

1833 2417 1929 2465 aut
1971 2409 2146 2466 lineas
2182 2425 2213 2464 a
2241 2409 2422 2467 fronte
2442 2420 2819 2480 occurrentes,
2850 2431 3083 2487 quarum
3118 2422 3415 2477 considunt

1833 2499 2230 2572 longitudines,
2254 2507 2310 2556 et
2350 2499 2588 2557 oderunt
2635 2518 2696 2559 se
2718 2505 2921 2574 potius,
2956 2523 3119 2578 quam
3153 2524 3416 2581 apparent

177 2599 261 2652 καὶ
300 2577 435 2668 ἔστι,
570 2601 639 2655 ἂν
686 2601 895 2672 εἴποιμι
929 2577 1158 2670 καιρίως
1207 2599 1342 2671 (20),
1381 2577 1733 2671 εἰκασμάτων

1855 2590 2284 2647 ιχιιοιιιίιιιιὶιιιιε
2313 2592 2641 2662 quibusdam
2671 2604 2815 2652 notte
2854 2617 2869 2653 :
2907 2577 3155 2667 etsunt,
3187 2577 3255 2656 “ιιί
3291 2610 3417 2673 apte

178 2691 488 2762 εἰκάσματα,
514 2692 644 2746 Δέον
680 2690 1007 2763 ἀμφοτέρων
1031 2691 1299 2762 φεύγοντα
1317 2690 1415 2764 τὴν
1441 2692 1729 2765 ἀμετρίαν,

176 2780 259 2834 τοῦ
310 2783 531 2857 μετρίου
583 2782 1031 2854 κατατυγχάνειν;
1090 2782 1230 2855 Περὶ
1282 2782 1381 2854 μὲν
1431 2783 1496 2854 δὴ
1549 2799 1734 2836 συντο-

180 2874 297 2942 μίας
324 2875 435 2945 (21)
475 2874 651 2929 ταῦτα
681 2872 930 2942 γινώσκω
948 2886 963 2904 ⁸
1003 2872 1131 2945 περὶ
1152 2872 1208 2926 δὲ
1235 2868 1734 2941 σαφηνείας,ὲκεϊνο

174 2963 454 3037 γνώριμον,
488 2967 574 3020 ὅτι
608 2964 715 3037 χρὴ
758 2963 1025 3033 φεύγοντα
1055 2964 1118 3017 τδ
1150 2963 1417 3033 λογοειδὲς
1448 2964 1582 3037 (22),
1610 2965 1734 3019 ὅσον

175 3056 451 3127 ἐνδέχεται,
478 3056 680 3129 μᾶλλον
707 3059 786 3120 εἰς
817 3056 880 3110 τὸ
901 3055 1120 3110 λαλικὸν
1156 3054 1494 3111 ἀποκλίνεινο
1526 3057 1643 3124 καὶ,
1667 3057 1734 3112 ἵν’

175 3144 299 3198 είπω
350 3146 653 3217 συντόμως,
706 3144 847 3217 αὕτη
891 3146 999 3201 τῶν
1047 3143 1347 3199 ἐπιστολῶν
1394 3145 1592 3218 ἀρίστη
1639 3148 1735 3203 καὶ

177 3233 423 3289 κάλλιστα
466 3235 690 3307 ἔχουσα,
724 3236 759 3308 ἢ
806 3236 873 3290 ἂν
900 3235 1116 3291 καὶτὸν
1170 3234 1383 3308 ἰδιώτην
1412 3236 1595 3310 πείθῃ,
1641 3238 1736 3293 καὶ

175 3325 258 3381 τὸν
287 3329 737 3401 ππαιδευμένον,
767 3329 858 3384 τὸν
906 3330 1027 3401 μὲν,
1056 3329 1133 3393 ὡς
1176 3330 1320 3384 κατά
1351 3330 1480 3395 τοὺς
1509 3330 1738 3397 πολλοὺς

175 3411 315 3485 οὖσα,
345 3421 436 3474 τὸν
461 3421 543 3487 δὲ,
581 3420 657 3486 ὡς
693 3421 831 3494 ὑπὲρ
871 3421 999 3486 τοὺς
1032 3421 1277 3487 πολλοὺς,
1311 3423 1407 3475 καὶ
1436 3419 1470 3496 ᾖ
1511 3423 1737 3481 αὐτόθεν

178 3510 457 3583 γικὲιριμος.
502 3512 735 3582 Ὁμοίως
761 3512 870 3584 γάρ
896 3512 1124 3585 ἄκαιρον
1145 3512 1240 3568 καὶ
1258 3515 1453 3585 γρῖφον
1475 3512 1588 3585 (25)
1611 3516 1739 3568 νοεῖ-

179 3599 311 3666 σθαι,
339 3602 435 3656 καὶ
466 3603 758 3673 ἐπιστολὴν
799 3603 1213 3675 ἑρμηνεύεσθαι.
1245 3603 1441 3675 Τρίτον
1481 3604 1598 3658 ἐστὶ
1626 3604 1739 3660 τῶν

177 3691 485 3761 ἐπιστολῶν,
532 3695 566 3764 ἠ
618 3694 794 3766 χάρις.
827 3695 1043 3766 Ταύτην
1068 3695 1125 3749 δὲ
1158 3694 1271 3766 (24)
1317 3695 1646 3767 φυλάξομεν,
1690 3698 1759 3757 εἰ¹

182 3786 305 3856 μήτε
329 3786 646 3841 παντάπασι
675 3786 813 3860 ξηρά
848 3788 942 3841 καὶ
984 3786 1254 3858 ἀχάριστα
1287 3787 1399 3856 (25)
1434 3786 1737 3859 γράφομεν,

179 3875 318 3945 ﬁxa!
342 3877 757 3981 dxaudnttf'ca,
798 3877 1089 3949 ἀκόσμητά
1117 3894 1177 3931 τε
1218 3878 1311 3931 καὶ
1337 3878 1582 3950 ἀκόρητα
1605 3878 1738 3948 (26),
1772 3924 1815 3981 C

176 3965 283 4038 δδὴ
322 3968 569 4037 λέγεταιο
603 3963 713 4022 οἷον
752 3968 817 4039 δὴ
861 3968 1115 4039 γνωμῶν,
1146 3969 1240 4022 καὶ
1291 3969 1621 4040 παροιμιῶν,
1653 3971 1748 4024 καὶ

176 4054 610 4128 ἀποφθεγμάτων
635 4057 813 4121 ἐκτὸς,
854 4057 1018 4111 ἔτιδὲ
1062 4058 1432 4130 σκωμμάτων,
1473 4059 1570 4113 καὶ
1606 4062 1746 4115 αἰνι-

178 4146 412 4216 γμάτων,
436 4144 521 4211 οἷς
550 4149 581 4200 ὁ
603 4147 757 4217 λόγος
783 4148 1305 4217 καταγλυκαίνεται·
1337 4151 1473 4222 μήτε
1501 4149 1618 4204 λίαν
1633 4150 1750 4203 τού-

179 4247 281 4298 τοις
316 4236 647 4308 φαινοίμεθα
689 4236 1133 4308 καταχρώμενον
1174 4238 1235 4292 τδ
1273 4238 1373 4310 μὲν
1406 4239 1517 4311 γὰρ
1560 4240 1755 4311 ἀγροίη

180 4340 284 4390 κον,
307 4328 366 4381 τὸ
398 4329 444 4380 δ’
479 4328 775 4399 ἄπληστον.
814 4329 923 4382 Καὶ
963 4329 1200 4385 τοσαῦτα
1235 4330 1348 4403 (27)
1375 4332 1584 4397 τούτοις
1614 4350 1749 4405 χρη-

242 4502 350 4576 (l6)
390 4503 546 4559 Alias
577 4503 753 4560 CCIX.
788 4506 999 4576 Scripta
1026 4520 1171 4561 anno
1198 4509 1322 4576 572.

244 4572 350 4641 (l7)
396 4576 779 4645 Αὶιιακρότερα.
835 4570 927 4629 ηδ’
967 4574 1130 4645 Beg.,
1186 4570 1420 4632 Montac.
1455 4585 1509 4632 et
1556 4574 1744 4632 Morel.

178 4642 539 4718 μακροτέρας.
564 4642 733 4718 Paulo
759 4653 899 4718 post,
920 4645 1015 4718 iid.
1057 4642 1421 4718 ἒνδεεστέρας.

243 4712 351 4779 (18)
406 4712 523 4781 Τοῦ
556 4712 815 4781 μετρίοὺ.
849 4714 1058 4779 Morel.,
1090 4712 1475 4772 mediocritate.

245 4781 350 4852 (l9)
393 4780 858 4852 Τῶιῄςῃοάμμῶν.
890 4785 965 4838 Ita
1023 4785 1147 4840 cod.
1196 4794 1252 4841 et
1299 4785 1546 4842 Combel‘.
1604 4785 1748 4842 Bene

176 4850 479 4905 emendavit
508 4850 694 4905 Morel.
726 4852 782 4905 In
822 4854 952 4908 edit.
979 4853 1240 4908 κέντρων.

244 4919 351 4989 (20)
391 4922 490 4985 Ὠς
510 4920 586 4997 ἀγ
607 4921 829 4997 εἴποιμί
840 4919 1198 4997 καιρίως.]ιιι
1216 4924 1375 4980 codd.
1390 4923 1555 4997 Beg.,
1569 4923 1748 4996 Pass,

178 4985 500 5064 Μοιιιιιεκιιι
523 4985 776 5064 βοιιιιιεΐξ
797 4990 867 5064 _ln
898 4985 1031 5047 edit.
1051 4985 1241 5064 πῶς...
1272 4985 1498 5064 κυρίωςῖ

246 5058 355 5128 (21)
388 5059 543 5130 ,Περὶ
579 5059 695 5127 μὲν
748 5060 823 5129 δὴ
862 5063 1212 5130 συντομίας.
1271 5058 1451 5118 Mallet
1507 5064 1746 5119 Montac.

178 5127 491 5199 εὐμετρίας,
530 5136 643 5191 aut,
664 5139 730 5209 ιιι
760 5127 818 5183 in
839 5145 933 5185 ora
969 5127 1091 5186 cod.
1122 5127 1283 5202 quem
1328 5132 1486 5199 vidit,
1536 5149 1750 5256 συμλμε-

178 5197 345 5256 τοίας.
379 5212 551 5256 quam
580 5198 824 5253 ultimam
848 5200 1137 5256 lectionem
1169 5216 1277 5256 non
1316 5202 1588 5256 inmrobat
1685 5218 1746 5256 o-

176 5198 355 5266 τρίας,
379 5212 551 5269 quam
580 5198 824 5253 ultimam
848 5198 1154 5256 lectionem‘
1169 5216 1277 5256 non
1316 5198 1588 5272 imprObat
1608 5198 1746 5256 ’Μο-

177 5268 296 5326 τοι..
320 5267 384 5320 de
420 5266 580 5321 modo
602 5267 657 5320 in
679 5268 911 5335 epistolis
934 5271 1327 5325 conscribendis
1361 5271 1638 5326 servando.

190 5335 353 5407 122)
386 5337 694 5404 Φεύγοντα
716 5337 781 5391 τὸ
805 5338 1124 5407 λογοειδὲς.
1150 5338 1460 5395 Recidenda
1489 5350 1617 5395 sunt
1643 5355 1752 5394 am-

180 5402 269 5479 bit.
296 5402 371 5479 ise
382 5402 764 5479 ornamenta;
797 5402 900 5479 nec
925 5402 1196 5479 exquisita
1224 5410 1563 5479 ﬁgurataque
1595 5418 1749 5465 uten-

177 5471 303 5527 dum
341 5475 611 5548 dictione,
650 5475 746 5529 sed
784 5471 1027 5548 simplici
1043 5471 1373 5542 elocutione,
1405 5471 1622 5548 qu'alem
1672 5480 1750 5532 l'a-

179 5545 372 5615 mri
418 5546 724 5615 promimus
766 5545 1003 5609 eloquio,
1058 5561 1122 5601 ac
1177 5549 1264 5602 cui
1329 5545 1462 5602 nihil
1505 5551 1573 5603 sit
1614 5562 1752 5615 opus

179 5609 498 5685 interprete.
549 5613 700 5685 llanc
734 5628 865 5685 esse
921 5616 1164 5685 Gregorii
1212 5626 1445 5673 mentem
1476 5656 1490 5681 ,
1545 5617 1600 5670 in
1645 5609 1753 5670 line

180 5682 420 5747 epistOla:
462 5683 582 5752 ipse
612 5684 815 5739 clarius
847 5682 1095 5757 exponi],
1124 5686 1252 5744 dum
1299 5688 1373 5740 ait
1425 5686 1751 5741 servandum

456 5773 725 5836 Ριτιιοι..
764 5776 880 5835 (in.
911 5778 1231 5840 XXXVII.

1838 2682 2107 2746 dixerim,
2171 2682 2619 2753 conjecturarum
2670 2686 3069 2757 eonjectanea?
3144 2691 3415 2764 Oportet,

1839 2772 2260 2829 immoderatum
2307 2774 2365 2828 in
2411 2775 2664 2846 utrisque
2695 2785 2940 2834 tenorem
2984 2780 3274 2852 fugiendo,
3308 2785 3416 2858 47

1838 2863 2064 2921 modum
2122 2866 2366 2937 assequi.
2420 2866 2498 2923 De
2546 2870 2770 2925 concisa
2832 2882 2981 2928 certe
3032 2876 3417 2939 conscribendi

1840 2960 2073 3027 ratione,
2120 2960 2237 3015 haec
2283 2975 2517 3027 censeo;
2562 2961 2630 3018 de
2674 2962 3017 3021 dilueiditate
3053 2972 3235 3021 autem
3283 2969 3417 3023 illud

1840 3051 2190 3122 perspicuum
2245 3061 2366 3117 est,
2419 3064 2678 3124 oportere
2740 3054 2999 3126 fugiendo
3052 3059 3314 3116 subtilius
3365 3070 3420 3116 ιι

1840 3145 2093 3201 ornatius
2146 3145 2367 3201 dicendi
2425 3161 2635 3216 genus,
2692 3155 2961 3218 quantum
3020 3149 3136 3205 ﬁeri
3203 3161 3418 3222 potest,

1840 3233 1913 3288 ad
1958 3232 2229 3289 familiare
2273 3233 2458 3303 potius
2514 3234 2835 3303 declinare;
2878 3245 2957 3304 et,
3004 3247 3066 3293 ut
3106 3245 3419 3296 summatim

1842 3326 2058 3398 loquar,
2088 3326 2202 3382 haec
2231 3327 2441 3397 optima
2468 3333 2523 3382 et
2552 3327 2924 3397 pulcherrime
2955 3329 3162 3400 scripta
3186 3328 3420 3401 epistola

1843 3428 1948 3483 est,
1976 3435 2100 3491 qua!
2135 3427 2190 3475 ct
2242 3419 2465 3474 indocto
2516 3419 2813 3489 persuadet
2841 3427 2895 3487 et
2945 3422 3163 3478 erudito
3205 3441 3219 3477 :
3258 3434 3421 3494 atque

1844 3512 1923 3571 illi
1957 3513 2203 3583 quidem,
2236 3518 2297 3566 ut
2332 3510 2402 3565 ad
2430 3512 2579 3580 vulgi
2621 3512 3079 3568 consuetudinem
3109 3528 3422 3570 accommo-

1844 3603 2009 3671 data,
2047 3603 2178 3659 huic
2226 3609 2444 3667 autem,
2493 3612 2555 3657 ut
2592 3603 2738 3673 vulgi
2796 3603 3032 3659 indolem
3092 3614 3147 3660 et
3200 3614 3422 3676 captum

1845 3708 2153 3766 superans;
2190 3693 2323 3749 item
2367 3709 2490 3764 qua:
2532 3709 2597 3749 ex
2629 3709 2690 3750 se
2718 3708 2881 3764 quam
2922 3695 3159 3765 primum
3210 3698 3424 3768 cognita

1846 3794 2242 3857 perspectaque
2277 3795 2385 3842 est.
2437 3784 2574 3842 Nam
2606 3801 2760 3857 aeque
2809 3787 3188 3858 importunum
3222 3798 3336 3855 est,
3369 3807 3402 3844 e

1846 3879 2101 3948 griphum
2133 3877 2462 3948 intelligere,
2485 3885 2540 3933 et
2568 3878 2857 3948 epistolam
2888 3878 3265 3949 interpretari.
3291 3878 3394 3935 Ter

1847 3970 1924 4022 tia
1947 3970 2048 4025 dos
2075 3970 2432 4040 epistolarum
2476 3977 2564 4025 est
2614 3970 2788 4039 gratia
2818 3987 2832 4023 :
2867 3971 3008 4025 hanc
3041 3986 3174 4026 sane
3204 3972 3424 4026 obtine-

1848 4057 2050 4121 bimus,
2085 4059 2131 4113 si
2177 4073 2285 4112 non
2314 4072 2543 4127 prorsus
2574 4057 2725 4110 arida
2753 4066 2808 4113 et
2851 4058 3066 4129 ingrata
3105 4059 3423 4126 scribimus,

1848 4155 1943 4200 aut
1985 4147 2152 4202 etiam
2197 4149 2498 4215 incompta,
2548 4154 2604 4200 et
2653 4147 2930 4212 inornata,
2979 4154 3033 4202 et
3086 4147 3315 4213 inculta,
3368 4158 3430 4204 ut

1847 4237 2086 4304 dicitur;
2117 4237 2278 4307 quale
2308 4238 2566 4292 nimirum
2598 4246 2682 4293 est
2713 4238 2861 4309 quod
2886 4239 3194 4307 Sententiis,
3227 4248 3281 4296 et
3304 4242 3430 4296 ada-
3503 4306 3510 4312 ἢ

1848 4328 1974 4400 giis,
2005 4344 2070 4384 ac
2101 4329 2553 4386 memorabilibus
2577 4330 2743 4386 dictis
2771 4346 3004 4387 vacuum
3032 4341 3117 4389 est
3141 4351 3154 4388 :
3188 4334 3431 4404 itemque

1849 4506 2168 4580 maximejn
2201 4504 2451 4580 epistolis
2473 4506 2536 4559 τὸ
2565 4504 2998 4580 ἀκαλλώπιστον,
3025 4509 3121 4562 καὶ
3149 4508 3232 4561 ὅτι
3261 4510 3429 4580 ἐγγυ-

1846 4577 1997 4631 τάτω
2026 4575 2122 4629 τοῦ
2155 4575 2297 4629 κατά
2322 4575 2503 4644 φύσιν,
2553 4577 2691 4644 quod
2720 4587 2914 4631 ornatu
2949 4587 3111 4641 caret,
3144 4591 3194 4632 et
3230 4575 3313 4632 ιιιί⁷
3339 4575 3432 4635 ita-

1850 4654 2043 4716 turant
2080 4648 2318 4714 proxime
2357 4647 2578 4700 accedit.
2605 4646 2782 4701 Vertit
2824 4647 3012 4702 Morel.
3047 4646 3316 4716 φεύγοντα
3367 4652 3431 4705 τὸ

1848 4715 2137 4784 λογοειδὲς.
2189 4725 2320 4780 etc.,
2354 4716 2620 4786 fugiendo
2664 4716 2937 4772 verborum
2980 4715 3312 4786 (utilitatem,
3359 4720 3429 4773 ad

1852 4786 2224 4854 loquacitatem
2253 4785 2426 4853 potius
2464 4786 2751 4841 declinare.
2802 4787 2961 4841 Certe
2993 4787 3073 4841 sic
3101 4788 3153 4840 in
3184 4788 3432 4844 scriben-

1850 4855 1921 4909 do
1947 4857 2203 4909 concisus
2229 4870 2353 4911 esse
2400 4856 2575 4910 noluit
2597 4854 2913 4911 Gregorius.

1922 4925 2032 4993 (25)
2077 4924 2327 4993 Γρῗφον.
2383 4922 2659 4992 Grip/tum,
2711 4922 2817 4980 hoc
2867 4932 2987 4988 est,
3041 4926 3432 4994 wnigmaticum

1850 5010 2138 5049 sermonem
2148 5037 2159 5049 .

1901 5063 2292 5145 ‘lfziLqurnr
2333 5062 2420 5116 δέ.
2474 5062 2554 5116 Ita
2600 5063 2760 5118 codd.
2793 5062 2926 5135 Reg.
2978 5078 3044 5117 ac
3080 5062 3318 5119 Montac.
3370 5063 3426 5119 In

1853 5134 1985 5187 edit.
2030 5135 2234 5187 Ταῦτα.
2883 5134 2893 5135 “

1926 5198 2037 5273 (25)
2077 5203 2238 5273 Ξηρᾲ
2267 5204 2363 5255 καὶ
2389 5201 2705 5272 ἀχάριστα.
2741 5205 2820 5258 Ita
2872 5202 2999 5260 Par.
3029 5211 3084 5259 et
3136 5205 3274 5259 alter
3306 5205 3429 5263 cod.

1780 5252 1823 5307 ί)
1854 5273 1911 5326 In
1928 5252 2063 5343 ξιῑῖι.
2077 5252 2619 5343 ἶῆῥδ-ιᾶἀῖἓξξρὶ.

1916 5342 2027 5411 (26)
2069 5341 2489 5409 Kal‘dndpnra.
2520 5341 2596 5395 Ita
2632 5342 2756 5399 Par.
2789 5350 2845 5397 et
2894 5342 2982 5397 alii
3014 5343 3174 5399 codd.
3201 5343 3260 5399 In
3294 5344 3427 5401 edit.

1857 5413 2146 5483 εὐκύρητα.
2186 5411 2360 5465 Vertit
2388 5413 2681 5481 interpres,
2705 5422 2754 5467 et
2779 5414 3080 5468 satietatem
3099 5431 3160 5470 ac
3191 5415 3429 5478 ta'dium,

1857 5491 1912 5535 ut
1936 5481 2149 5545 dicitur,
2180 5483 2468 5549 gignentia.

1930 5551 2039 5621 (27)
2065 5551 2173 5604 Καὶ
2203 5550 2487 5621 τοσαῦτα.
2523 5552 2597 5605 Ita
2631 5551 2754 5605 cod.
2782 5551 2928 5611 Edit.
2959 5553 3053 5607 καὶ
3082 5552 3143 5608 τὸ
3180 5552 3431 5610 τοσαῦτα.

1862 5619 1978 5677 Mox
2007 5619 2101 5675 i’id.
2139 5621 2238 5673 ὅσα
2267 5619 2377 5673 καί.
2414 5623 2467 5675 ln
2493 5622 2622 5677 edit.
2661 5624 2755 5677 καὶ
2787 5624 2907 5676 ὅσα.

3149 5791 3182 5847 's
