3802 6214
130 352 210 406 "'5

548 486 683 547 nun
729 454 1043 560 summa
1068 487 1203 559 (65).

1424 351 1756 413 EPISTOLA
1796 354 1976 410 LVIII.

3255 349 3357 405 7H

2297 489 2474 546 LVIII.
2502 486 2789 546 BASILIO.

189 622 370 676 Narrat
402 620 689 695 Gregorius
716 624 978 695 quomodo
1006 623 1200 678 Basilii
1239 622 1566 695 defensorem
1597 641 1653 680 se
1679 625 1967 695 ostenderit
1998 634 2185 679 contra
2214 623 2604 692 philosophum,
2637 625 2728 695 qui
2760 623 3056 695 eonomine
3093 638 3212 695 cum
3254 623 3359 675 im-

129 694 307 758 pietatis
333 693 641 764 accusabat,
676 692 814 764 quod
841 692 1071 764 Spiritus
1102 695 1274 748 sancti
1295 694 1625 750 divinitatem
1647 693 2056 764 haudquaquam
2100 705 2277 762 aperte
2305 692 2663 762 conﬁteretur.
2701 695 2760 748 In
2792 692 2911 748 Vita
2932 692 3374 764 (Gregoriitquo

131 780 245 815 anno
273 765 464 834 s_cripta
493 764 567 817 sit
593 760 706 817 Iza'c
736 762 1492 834 epistola,demonstravimus
1516 782 1533 830 ;
1568 781 1750 833 nempe
1767 760 1886 830 post
1913 760 2146 819 mensem
2173 760 2550 834 Septembrem,
2575 765 2631 817 in
2664 780 2815 834 quem
2835 761 3021 818 incidit
3051 760 3190 816 ticali
3215 760 3358 815 Mar-

134 834 239 902 tyris
273 831 555 904 Eupsyclrii
584 831 859 899 memoria,
901 831 1036 888 unde
1063 833 1331 887 Basilium
1362 831 1729 889 calumniandi
1753 851 1943 888 ansam
1972 831 2279 904 arripuerat
2306 833 2619 889 monachus.

198 970 324 1038 Ἐγὼ
368 987 427 1023 σε
490 970 591 1023 καὶ
616 970 733 1041 βίου
784 970 1124 1042 καθηγητὴν,
1146 971 1244 1025 καὶ
1266 970 1554 1043 δογμάτων
1587 972 1669 1026 δι-

1845 970 1959 1044 Ego
1993 982 2066 1039 te,
2097 979 2163 1055 et
2186 987 2287 1044 pro
2313 971 2442 1029 vitae
2464 970 2625 1035 duce,
2658 977 2712 1026 et
2741 985 2840 1041 pro
2881 968 3003 1025 ﬁdei
3037 983 3101 1023 ac
3129 968 3358 1039 dogma-

130 1061 380 1125 δάσκαλον,
404 1061 497 1114 καὶ
536 1063 649 1114 πᾶν
675 1062 704 1114 ὅ
732 1078 785 1114 τι
817 1060 884 1115 ἂν
916 1060 1027 1131 (66)
1051 1061 1197 1116 εἴποι
1226 1079 1317 1127 τις
1336 1062 1446 1117 τῶν
1466 1063 1668 1126 καλῶν,

132 1148 305 1220 ἐθέμην
343 1165 400 1201 τε
447 1149 546 1203 ἀπ’
586 1150 783 1220 ἀρχῆς,
839 1149 936 1203 καὶ
980 1149 1076 1205 νῦν
1099 1149 1352 1222 τίθεμαι·
1393 1152 1485 1205 καὶ
1513 1153 1567 1207 ετ
1591 1169 1676 1214 τις

132 1241 265 1303 ἄλλος
296 1241 584 1311 ἐπαινέτης
636 1240 746 1294 τῶν
783 1241 913 1307 σῶν,
955 1241 989 1311 ἢ
1051 1244 1168 1312 μετ’
1209 1240 1345 1314 ἐμοῦ
1380 1242 1675 1315 πάντως,ἥ

137 1334 233 1401 μετ’
251 1333 363 1402 ἐμέ.
411 1332 679 1387 Τοσοῦτον
721 1332 964 1403 ἥττημα(
994 1350 1089 1387 σου
1114 1334 1216 1404 τῆς
1244 1335 1553 1399 εὐλαϐείας,
1581 1334 1678 1389 καὶ

131 1421 253 1476 οὕτω
289 1423 536 1495 καθαρῶς
592 1424 709 1494 εἰμὶ
743 1424 872 1487 σόςί
917 1426 1028 1479 Καὶ
1061 1424 1372 1497 θαυμαστὸν
1398 1426 1570 1482 οὐδέν.
1602 1419 1678 1480 Οὗ

136 1513 225 1584 γὰρ
245 1514 429 1569 πλείων
453 1517 487 1586 ἡ
530 1514 807 1581 συνουσία,
840 1515 1039 1570 πλείων
1067 1516 1180 1588 (67)
1207 1518 1356 1588 καὶὴ
1389 1520 1556 1589 πεῖρα
1574 1534 1588 1549 ·
1619 1511 1680 1572 οὗ

132 1604 225 1676 δέἡ
251 1609 403 1679 πεῖρα
441 1607 826 1679 δαψιλεστέρα,
852 1608 948 1662 καὶ
970 1610 1003 1678 ἡ
1040 1609 1315 1681 μαρτυρία
1348 1609 1677 1680 τελεωτέρα.

138 1695 228 1748 Καὶ
260 1696 307 1748 εἰ
330 1714 382 1751 τι
426 1697 556 1752 ἄλλο
593 1715 685 1769 μοι
724 1697 818 1751 τοῦ
866 1695 966 1769 ζῇν
989 1697 1199 1767 ὄφελος,
1230 1700 1262 1769 ἡ
1289 1697 1356 1770 σὴ
1399 1698 1551 1768 φιλία
1586 1698 1682 1754 καὶ

139 1786 377 1841 συνουσία.
441 1790 594 1857 Ἐχω
655 1788 752 1858 μὲν
803 1787 948 1842 οὕτω
989 1788 1099 1859 (68)
1152 1789 1282 1861 περὶ
1328 1788 1553 1854 τούτων,
1584 1788 1682 1843 κα)⁸

139 1875 309 1946 ἔχοιμι.
354 1879 418 1931 Ἀ
469 1879 530 1931 δὲ
587 1878 685 1932 νῦν
737 1879 956 1948 γράφω,
998 1878 1196 1951 γράφω
1243 1879 1342 1949 μὲν
1381 1879 1479 1950 οὐχ
1516 1877 1679 1945 ἑκὼν,

138 1966 305 2036 γράφω
354 1969 411 2021 δὲ
452 1970 624 2040 ὅμως.
668 1969 778 2024 Καί
831 1986 920 2040 μοι
956 1968 1123 2040 μηδὲν
1151 1968 1522 2040 ἀχθεσθῇςιῆ
1564 1969 1683 2025 λίαν

138 2054 276 2119 αὐτὸς
299 2057 723 2130 ἀχθεσθήσομαι,
755 2059 804 2112 εἰ
825 2058 900 2130 μὴ
929 2059 1051 2112 κατ’
1076 2055 1287 2113 εὔνοιαν
1306 2057 1484 2112 ταῦτα
1504 2057 1684 2128 λέγειν

137 2160 186 2197 τε
211 2146 295 2199 καὶ
315 2148 540 2220 γράφειν
583 2149 721 2220 πρὸς
753 2151 813 2202 σὲ
843 2148 1224 2220 πιστευοίμην.

1777 1071 1892 1118 tum
1920 1064 2205 1134 magistro,
2242 1070 2297 1119 et
2319 1060 2584 1133 quidquid
2606 1060 2852 1131 praeclari
2879 1076 2911 1115 a
2940 1076 3217 1132 quoquam
3248 1061 3360 1116 dici

1777 1161 1978 1225 potest,
2007 1164 2120 1209 tum
2165 1153 2468 1226 antiquitus
2497 1152 2687 1219 habui,
2721 1162 2834 1208 tum
2876 1168 3024 1207 nunc
3060 1152 3274 1208 habeo:
3306 1162 3361 1208 et

1776 1246 1820 1300 si
1853 1245 1978 1316 quis
2012 1246 2157 1302 alius
2190 1253 2406 1301 tuarum
2439 1243 2663 1299 laudum
2715 1244 3047 1314 praedicator
3073 1255 3179 1307 est,
3240 1259 3363 1298 om-

1776 1336 1909 1391 nino
1942 1336 2028 1391 vel
2073 1350 2287 1392 mecum
2322 1343 2428 1399 est,
2456 1335 2542 1389 vel
2570 1343 2695 1406 post
2728 1351 2834 1390 me.
2892 1333 3079 1404 Usque
3104 1333 3242 1389 adeo
3273 1350 3365 1390 me

1779 1427 1874 1483 tibi
1927 1426 2174 1483 devinxit
2222 1425 2399 1497 pietas
2447 1432 2565 1486 tua,
2624 1435 2792 1496 atque
2827 1426 2964 1482 adeo
3010 1425 3114 1496 51
3148 1427 3365 1482 sincere

1780 1525 1835 1574 et
1871 1534 1934 1575 ex
1967 1518 2153 1574 animo
2202 1533 2325 1575 sum
2353 1527 2484 1576 tuus
2518 1520 2531 1572 l
2583 1517 2695 1574 Nec
2732 1533 2863 1573 vero
2893 1518 2998 1573 hoc
3031 1519 3234 1572 mirum
3281 1518 3365 1573 vi-

1780 1608 1901 1663 deri
1938 1608 2123 1664 debet.
2165 1605 2303 1661 Nam
2331 1608 2427 1662 ubi
2460 1606 2693 1677 amplior
2719 1605 2845 1660 vitae
2874 1604 3221 1661 consuetudo
3258 1612 3363 1666 est,

1782 1698 1895 1754 illic
1913 1713 2135 1770 quoque
2166 1697 2404 1769 amplius
2428 1704 2515 1753 est
2544 1695 2980 1766 experimentum
3009 1712 3023 1749 :
3055 1694 3149 1748 ubi
3180 1701 3365 1749 autem

1786 1787 2011 1844 uberius
2042 1795 2126 1843 cst
2163 1787 2603 1858 experimentum
2627 1825 2644 1853 ,
2694 1785 2808 1840 illic
2857 1785 3024 1840 etiam
3066 1783 3236 1855 ροῐΐοι
3254 1785 3367 1840 tius

1784 1877 1870 1933 est
1916 1876 2314 1933 testimonium.
2377 1875 2443 1931 Et
2500 1876 2547 1931 si
2609 1890 2773 1947 quem
2809 1875 2980 1930 alium
3019 1890 3089 1931 ex
3118 1874 3223 1930 hac
3255 1874 3368 1929 vita

1787 1967 2027 2024 fructum
2069 1967 2227 2038 capio
2253 2007 2269 2035 ,
2298 1967 2448 2021 hunc
2492 1981 2557 2021 cx
2588 1966 2835 2021 amicitia
2872 1973 2966 2020 tua
2989 1971 3044 2020 et
3069 1966 3364 2019 contubero

1788 2058 1883 2113 uio
1907 2058 2088 2128 capio.
2150 2056 2230 2112 Ac
2264 2056 2333 2111 de
2364 2056 2450 2112 his
2493 2055 2660 2111 rebus
2707 2056 2783 2109 ita
2811 2056 3015 2119 sentio,
3045 2055 3371 2124 Utinamqne

1790 2149 2058 2206 sentiam!
2100 2148 2233 2215 Quae
2263 2156 2447 2203 autem
2479 2161 2629 2202 nunc
2660 2146 2869 2212 scribo,
2913 2146 3120 2201 invitus
3145 2145 3369 2215 quidem

136 2240 335 2295 scribo:
370 2244 461 2299 sed
492 2253 676 2298 tamen
715 2242 921 2299 scribo.
961 2243 1040 2298 Ac
1064 2243 1200 2298 mihi
1237 2258 1308 2299 ne
1346 2258 1416 2300 eo
1445 2243 1668 2301 nomine
1717 2257 2048 2301 succenseas
2091 2242 2294 2310 velim;
2339 2240 2543 2311 alioqui
2582 2254 2847 2311 perquam
2911 2240 3109 2297 acerbe
3171 2239 3369 2306 feram,

139 2331 179 2387 si
209 2333 349 2389 ﬁdem
379 2336 473 2391 libi
512 2352 625 2393 non
663 2336 865 2404 fecero,
914 2352 999 2393 me
1024 2337 1141 2394 bzee
1169 2338 1552 2395 benevolentia
1578 2338 1808 2395 ductum
1833 2337 2007 2409 loqui,
2038 2344 2205 2407 atque
2228 2336 2295 2390 ad
2325 2343 2378 2391 te
2403 2335 2672 2391 scribere.

196 2447 366 2502 Πολλοὶ
406 2448 816 2518 κατεγνώκασιν
849 2452 1030 2525 ἡμῶν,
1084 2454 1161 2518 ὡς
1191 2454 1319 2527 περὶ
1354 2454 1453 2525 τὴν
1498 2454 1681 2509 πίστιν

1855 2453 2010 2508 Multi
2054 2467 2181 2519 nos,
2209 2459 2271 2507 ut
2313 2450 2367 2506 in
2412 2450 2517 2505 ﬁde
2561 2465 2756 2522 parum
2797 2448 2971 2506 fortes
2999 2457 3291 2514 accusant,
3316 2406 3372 2505 ξε

136 2536 224 2591 οὐκ
269 2540 513 2612 ἰσχυρῶν,
564 2542 682 2596 ὅσοι
720 2544 1085 2599 κοινοποιοῦσι
1114 2544 1185 2598 τὰ
1225 2545 1473 2618 ἡμέτερα
1503 2544 1686 2610 καλῶς

139 2627 405 2694 ποιοῦντες.
456 2630 571 2685 Καὶ
620 2634 671 2686 οἱ
730 2635 828 2706 μὲν
871 2634 1126 2690 ἀσέϐειαν
1173 2635 1464 2706 ἐγκαλοῦσι
1518 2653 1686 2706 φανε-

139 2719 253 2789 ρῶς,
302 2724 348 2775 οἱ
393 2722 449 2777 δὲ
488 2723 727 2779 δειλίαν·
791 2727 886 2780 καὶ
944 2727 1198 2782 ἀσέϐειαν
1264 2728 1384 2799 μὲν,
1443 2729 1494 2782 οἱ
1548 2728 1687 2799 μηδὲ

138 2811 285 2878 ὑγιῶς
323 2813 498 2883 λέγειν
539 2812 654 2886 (69)
710 2815 1089 2880 πιστεύοντες’
1143 2816 1348 2872 δειλίαν
1394 2817 1473 2884 δὲ,
1507 2818 1558 2870 οἱ
1589 2816 1689 2889 τὴν

140 2900 407 2975 ὑποστολὴν
440 2903 753 2977 αἰτιώμενοι
790 2907 925 2980 (70).
961 2910 1071 2962 Καὶ
1110 2908 1180 2963 τὰ
1222 2909 1322 2980 μὲν
1353 2907 1463 2963 τῶν
1512 2908 1688 2964 ἄλλων

138 2992 182 3044 τί
204 2993 299 3065 χρὴ
317 2997 408 3048 καὶ
434 2996 616 3063 λέγειν
638 2999 730 3064 ;Ὃ
754 2999 798 3053 δ’
830 2994 925 3054 οὖν
955 3000 1147 3054 νεωστὶ
1176 2998 1396 3071 συνέϐη,
1421 2997 1577 3053 τοῦτό
1607 3016 1690 3053 σοι

139 3082 449 3157 διηγήσομαι-

197 3198 491 3267 Συμπόσιον
533 3196 626 3272 ἦν,
679 3201 774 3256 καὶ
824 3203 918 3257 τοῦ
962 3203 1265 3275 συμποσίου
1314 3206 1562 3277 μετεῖχον
1589 3204 1691 3260 οὐκ

140 3283 289 3355 ὀλίγοι
305 3289 409 3343 τῶν
465 3292 747 3360 ἐπιφανῶν
797 3293 889 3346 καὶ
921 3295 1052 3364 ἡμῖν
1090 3293 1280 3362 φίλων,
1312 3296 1370 3350 ὲν
1396 3295 1454 3349 δὲ
1481 3294 1694 3359 τούτοις

142 3378 224 3430 καὶ
250 3379 380 3453 ἀνήρ
399 3399 484 3445 τις
515 3382 625 3435 τῶν
665 3381 948 3448 εὐλαϐείας
972 3384 1142 3456 ὄνομα
1188 3387 1283 3440 καὶ
1321 3387 1506 3458 σχῆμα
1534 3403 1693 3458 περι-

144 3468 402 3538 κειμένων.
427 3472 597 3527 Οέιπω
638 3473 798 3538 πότος
823 3471 912 3546 ἦν,
944 3475 1038 3529 καὶ
1074 3475 1233 3546 λόγος
1257 3473 1324 3548 ἦν
1354 3478 1484 3549 περὶ
1514 3478 1691 3550 ἡμῶν,

141 3560 262 3633 ὅπερ
306 3565 361 3616 ἐν
411 3566 529 3629 τοῖς
595 3567 914 3637 συμποσίοις
962 3566 1107 3638 φιλεῖ
1168 3569 1523 3640 συμϐαίνειν,
1579 3570 1694 3623 ἀντ’

144 3652 283 3707 ἄλλον
328 3657 475 3721 τινὸς
516 3658 819 3714 ἐπεισοδίου
889 3660 1331 3733 προτιθεμένων
1379 3662 1599 3716 πάντων
1637 3662 1697 3716 δέ

145 3743 205 3798 τὰ
249 3746 312 3800 σὰ
360 3749 773 3821 θαυμαζόντων,
829 3754 923 3807 κα).
953 3753 1354 3825 προστιθέντων
1390 3756 1540 3826 ἡμᾶς
1582 3753 1695 3827 (7|)

143 3833 210 3897 ὼς
236 3836 297 3891 τὰ
329 3840 418 3893 ἶσα
465 3841 907 3912 φιλοσοφοῦντας,
943 3846 1039 3899 καὶ
1069 3844 1169 3916 τὴν
1215 3825 1697 3915 φιλίανγλεγόντων
1722 3825 1768 3886 G

146 3929 331 3994 καὶτὰς
360 3932 612 4003 Ἀθήνας,
665 3936 760 3989 καὶ
807 3936 906 4009 τὴν
960 3938 1018 3992 ἐν
1050 3938 1222 3993 ἅπασι
1268 3938 1575 4011 σύμπνοιαν
1603 3939 1700 3995 καὶ

143 4019 389 4089 ὁμόνοιαν,
420 4024 592 4078 δεινὸν
636 4027 698 4080 τὸ
751 4031 985 4101 πρᾶγμα
1024 4031 1255 4084 ποιεῖται
1294 4032 1323 4085 ὁ
1351 4029 1511 4102 δῆθεν
1545 4030 1700 4100 φιλό-

148 4122 290 4176 σοφος
316 4111 450 4182 (ἹΞ).
489 4113 594 4166 Καὶ
643 4115 697 4168 τι
750 4116 930 4181 τοῦτο,
961 4118 1144 4189 φησὶν,
1179 4112 1224 4173 ὦ
1251 4112 1431 4185 οὗτοις
1472 4119 1618 4190 μάλα
1646 4137 1701 4174 τι

147 4202 369 4255 νεανικὸν
418 4204 691 4275 ἐκϐοήσας
716 4224 731 4239 ο
783 4208 860 4273 ὡς
903 4209 1026 4263 λίαν
1073 4211 1231 4281 ὑμεῖς
1270 4210 1484 4281 ψευδεῖς
1507 4227 1570 4264 τε
1608 4211 1705 4283 καί

148 4287 352 4356 κόλακες
372 4293 522 4364 (7'5)!
554 4295 633 4349 Τὰ
666 4297 764 4368 μέν
790 4297 926 4354 ἄλλα
946 4299 1376 4355 ἐπαινείσθωσαν
1405 4301 1454 4355 οἱ
1489 4300 1701 4374 ἄνδρες,

148 4382 191 4433 εί
233 4383 405 4437 δοκεῖ·
459 4387 581 4440 οὐδὲ
628 4389 787 4454 αὐτὸς
830 4391 1116 4461 ἀντιλέγω.
1162 4392 1235 4447 Τὸ
1272 4393 1528 4464 μέγιστον
1555 4394 1613 4447 δὲ
1641 4392 1703 4447 οὐ

146 4468 338 4543 δίδωμι,
387 4476 491 4548 τὴν
534 4478 853 4549 ὀρθοδοξίαν·
898 4482 1074 4554 μάτην
1107 4482 1218 4554 (74)
1260 4482 1359 4553 μὲν
1403 4484 1704 4538 ἐπαινεῖται

149 4560 443 4631 Βασίλειος,
500 4568 676 4641 μάτην
726 4570 783 4624 δέ
825 4572 1146 4643 Γρηγόριος,
1196 4574 1225 4626 6
1276 4573 1375 4644 μὲν
1422 4573 1707 4646 προδιδοὺς

186 4733 320 4820 (65,
349 4736 503 4820 {Alias
542 4739 733 4820 Χξχῐ.
765 4743 983 4817 Scripta
1015 4762 1204 4803 mense
1234 4745 1542 4818 Septembri
1573 4748 1705 4803 anni

149 4798 264 4860 372.
294 4809 374 4861 vel
399 4809 564 4864 etiam
595 4812 715 4867 575.

154 4937 194 4990 ll
213 4872 319 4946 (66)
351 4877 465 4931 Kal
495 4880 617 4934 πᾶν
649 4882 682 4934 ὅ
701 4900 755 4936 τι
786 4882 884 4965 ἀντ
937 4885 1014 4939 Ita
1061 4883 1225 4940 codd.
1276 4885 1429 4942 llarl.
1451 4893 1507 4943 et
1538 4885 1703 4960 Reg.,

198 4946 320 4990 Orel-
350 4958 399 4990 ιιι
431 4947 662 4990 Cnmhpl'
711 4952 770 4990 In
799 4953 910 4990 mm
964 4954 1018 4990 ρι’
1039 4972 1086 4990 ρ.
1124 4954 1189 4990 κς.

198 4946 320 4997 orel.
350 4958 404 5003 et
431 4947 676 5006 Combel'.
709 4952 771 5006 In
799 4953 932 5007 edit.
964 4954 1018 5007 εί
1039 4972 1091 5008 τι
1124 4954 1210 5012 ἄν.

152 5077 193 5131 R
215 5011 319 5135 (εῖτ)
350 5018 668 5143 Πέιείω·
691 5023 1295 5095 συνουσια,-πλειων,
1322 5034 1430 5083 etc.
1466 5025 1546 5082 Ita
1579 5025 1702 5082 cod.

194 5095 842 5220 ῗέὸ)ηἜχῗ›ἰῗὲν-ιὲἳτω.
885 5160 957 5217 Ita
991 5163 1113 5219 cod.
1149 5162 1306 5220 Pass.
1338 5163 1396 5220 ιη
1427 5165 1560 5220 edit.
1595 5164 1702 5220 ἔγω

235 5151 298 5206 68

1788 2559 2005 2615 nempe,
2037 2543 2133 2614 qui
2159 2553 2213 2598 et
2248 2550 2395 2600 recte
2420 2541 2640 2613 quidem
2672 2542 2986 2597 communia
3015 2541 3201 2597 omnia
3232 2542 3376 2597 inter

1788 2651 1891 2693 nos
1935 2649 2060 2691 esse
2110 2641 2382 2690 statuunt.
2423 2634 2606 2705 Atque
2656 2634 2756 2687 alii
2795 2632 3021 2703 quidem
3062 2634 3226 2703 plane
3269 2648 3373 2688 nos

1789 2726 2089 2799 impietatis
2136 2726 2487 2791 insimulant,
2535 2726 2628 2781 alii
2670 2724 2987 2780 timiditatis
3021 2740 3034 2774 :
3074 2724 3375 2797 impietatis

1789 2819 2080 2884 nimirum,
2115 2818 2153 2873 ii
2187 2819 2281 2889 qui
2330 2832 2432 2873 nos
2458 2833 2528 2874 ne
2558 2817 2648 2889 pie
2681 2816 2902 2888 quidem
2937 2817 3087 2887 loqui
3117 2816 3223 2873 sibi
3247 2832 3373 2887 per-

1792 2909 2043 2978 suadent,
2062 2909 2374 2966 timiditatis
2388 2916 2594 2975 autem,
2614 2907 2709 2979 qui
2732 2906 2899 2963 nobis
2915 2907 3376 2963 dissimulationis

1791 3005 2000 3058 crimen
2019 3003 2345 3074 impingunt.
2375 3001 2452 3057 Ac
2470 3014 2755 3056 sermones
2772 3000 3003 3054 aliorum
3022 2999 3156 3070 quid
3172 2998 3379 3055 referre

1792 3095 2028 3151 attinet?
2052 3094 2209 3163 Quod
2236 3108 2365 3149 vero
2396 3108 2573 3165 nuper
2609 3091 2833 3159 accidit,
2863 3106 2930 3147 ex
2964 3106 3052 3147 me
3075 3091 3290 3147 audies.

1865 3207 2096 3278 Epulum
2142 3205 2418 3278 quoddam
2465 3212 2606 3274 erat,
2650 3204 2706 3260 in
2737 3220 2847 3276 quo
2879 3204 3142 3276 permulti
3178 3204 3378 3262 claris-

1795 3299 1920 3356 simi
1949 3298 2049 3354 viri
2077 3298 2348 3369 nobisque
2368 3296 2614 3352 amicitia
2636 3295 2922 3365 conjuncti
2953 3295 3377 3360 accumbebant,

1796 3401 1961 3461 atque
1996 3391 2137 3445 inter
2176 3405 2272 3445 eos
2302 3389 2387 3444 vir
2432 3388 2656 3460 quidam
2702 3387 2922 3459 pietatis
2973 3401 3172 3441 nomen
3216 3386 3375 3441 babi-

1800 3491 2024 3553 tumque
2048 3496 2158 3552 pra:
2189 3494 2249 3535 se
2281 3478 2484 3535 ferens.
2518 3476 2774 3533 Nondum
2819 3475 2888 3530 ad
2928 3475 3127 3546 pocula
3153 3482 3379 3531 ventum

1797 3581 1938 3638 erat,
1973 3587 2120 3641 cum,
2146 3578 2205 3627 ut
2234 3572 2287 3625 in
2318 3569 2587 3625 conviviis
2622 3567 2735 3624 fere
2776 3568 2856 3633 lit,
2894 3566 2963 3621 de
2995 3565 3157 3622 nobis
3196 3581 3382 3621 sermo

1797 3667 2090 3731 excitatur,
2122 3663 2297 3722 instar
2324 3661 2466 3718 alius
2492 3659 2784 3731 cujusdam
2831 3657 3144 3715 adventitiae
3196 3657 3276 3715 rei
3325 3657 3382 3712 in

1801 3753 2039 3809 medium
2078 3751 2399 3824 propositis.
2445 3749 2716 3807 Omnibus
2770 3764 2940 3821 porro
2969 3749 3206 3805 virtutes
3259 3757 3385 3804 tuas

1800 3843 2156 3915 amplissimis
2209 3841 2466 3898 laudibus
2495 3839 2871 3906 efferentibus,
2924 3855 3140 3910 nosque
3168 3839 3336 3897 etiam
3364 3879 3381 3906 ,

1800 3942 1861 3990 ut
1898 3935 2093 3990 iisdem
2113 3934 2238 3989 vitae
2259 3932 2459 3990 studiis
2480 3932 2714 3999 deditos,
2748 3929 3205 4001 adiungentibus,
3254 3930 3387 3985 amic

1800 4025 2096 4096 citiamque
2132 4034 2379 4081 nostram
2424 4029 2481 4078 et
2511 4022 2753 4077 Athenas
2791 4018 3382 4085 commemorantibus,

1800 4119 1858 4175 in
1914 4119 2190 4187 rebusque
2240 4115 2499 4172 Omnibus
2544 4112 2905 4169 concordiam
2961 4110 3388 4181 animorumque

1800 4208 2287 4280 conspirationem,
2322 4205 2547 4277 indigne
2599 4204 2725 4262 tulit
2774 4205 2869 4261 hic
2896 4202 3276 4277 philosOphus.
3318 4201 3388 4256 Et

1801 4301 2086 4374 quidnam,
2122 4300 2227 4356 hoc
2255 4305 2364 4366 est,
2394 4298 2596 4370 inquit,
2628 4296 2927 4354 admodum
2963 4294 3174 4353 furiose
3208 4294 3388 4351 excla-

1804 4407 1995 4459 mans,
2026 4407 2060 4447 o
2084 4390 2187 4447 viri
2215 4391 2238 4446 ?
2265 4405 2433 4463 quam
2467 4388 2628 4446 valde
2665 4388 2962 4445 mendaces
2983 4393 3038 4443 et
3069 4386 3387 4442 adulatores

1804 4483 1980 4541 estis!
2033 4484 2239 4540 Caetera
2283 4482 2503 4553 quidem
2543 4480 2837 4536 laudentur
2885 4494 3020 4536 sane
3062 4477 3168 4533 viri
3201 4476 3303 4544 illi,
3339 4475 3387 4532 si

1805 4572 1883 4630 ita
1924 4574 2105 4641 lubet;
2145 4572 2280 4628 nihil
2311 4587 2557 4644 repugno
2599 4590 2613 4628 :
2659 4587 2850 4629 verum
2889 4569 3036 4644 quod
3082 4570 3381 4626 maximum

1805 4746 1964 4818 Pass.
1992 4745 2063 4799 At
2091 4744 2339 4818 Combel'.
2369 4745 2467 4818 κα).
2498 4745 2938 4818 προστιθεμένων
2968 4745 3137 4817 ἡμᾶς.
3166 4744 3224 4799 lu
3250 4743 3382 4801 edit.

1809 4817 1911 4888 καί
1939 4816 2343 4888 προστιθέντων
2371 4816 2467 4870 καὶ
2487 4816 2658 4886 ἡμᾶς.

1822 4904 1829 4909 η
1878 4881 1998 4958 (72)
2030 4888 2084 4939 Ὁ
2114 4883 2313 4958 δῆθενΔ
2327 4881 2801 4958 φιλόᾴὸφοςεξιιι
2839 4881 2997 4958 Reg.,
3046 4882 3389 4951 philosophus

1807 4952 1907 5013 ceu
1938 4952 2246 5012 monachus.
2277 4952 2525 5010 Gombel'.
2557 4952 2708 5007 cretei
2731 4954 2767 5023 ὃν
2787 4971 2852 5023 γε
2878 4952 3184 5023 φιλόσοφος,

1880 5026 1994 5097 (75)
2034 5026 2128 5091 Ὡς
2159 5025 2303 5097 λίαν
2353 5024 2524 5097 ἡμεῖς
2550 5021 2808 5097 ψευδεῖς
2847 5038 2913 5076 τε
2965 5021 3066 5075 καὶ
3110 5021 3262 5075 κάλα

1809 5092 1939 5150 Ηιιὲο
1968 5092 2169 5149 desunt
2200 5094 2256 5148 in
2286 5092 2411 5149 cod.
2440 5092 2592 5149 Pass.
2679 5094 2687 5099 ’

3265 5036 3385 5084 κες.

303 5153 331 5243 ξ
351 5157 504 5243 Ἐεεω
527 5159 645 5226 μὲν
668 5160 842 5216 οὕτω.
885 5160 957 5217 Ita
991 5163 1113 5219 cod.
1149 5162 1306 5221 Pass.
1338 5163 1396 5220 ιη
1427 5165 1560 5221 edit.
1595 5164 1692 5236 ἔχω

1873 5165 1996 5243 ,(74)
2035 5165 2107 5243 Τὸ
2131 5164 2419 5243 μέλ-φατον
2444 5162 2519 5243 δέ
2537 5161 2853 5243 abdidrunt,
2877 5156 3384 5243 τὴνόρςὶοδοξίᾳν·

158 5218 247 5288 μὲν
273 5221 364 5280 οὗν
388 5218 549 5280 aiist

219 5291 321 5361 (69)
341 5294 507 5418 λιτὶδὲ
528 5295 939 5380 ὐγιῶςλέγειν.
957 5299 1132 5356 Codd.
1164 5301 1323 5374 Reg.,
1350 5302 1525 5369 llarl.,
1547 5302 1708 5358 Pass.

154 5358 415 5419 elCombe
444 5408 457 5419 .
492 5367 627 5419 μηδὲ
656 5367 827 5419 ὑγιως
855 5367 1018 5419 Evam.
1040 5373 1136 5419 tnui
1169 5390 1263 5419 nos
1300 5390 1362 5419 ne
1390 5375 1472 5419 nio.
1500 5373 1708 5419 quidem

157 5442 316 5515 αρε-τε,
344 5442 436 5515 aut
478 5438 569 5505 qui
599 5452 787 5515 719.7108
815 5438 1023 5515 quidem
1053 5438 1227 5515 sanos
1246 5444 1301 5496 in
1331 5438 1438 5515 [ide
1465 5438 1708 5515 credunt.

219 5500 323 5584 (ἷο)
351 5500 741 5584 interregibu-
788 5500 1137 5584 αξτιώμενοι.
1188 5500 1459 5584 (ᾎοιιιῦει-ίη
1496 5512 1586 5582 qui
1612 5528 1710 5566 nos

157 5573 587 5650 ξξςτινςιτίεαιὶοηὶξ
626 5573 961 5650 insimulant,
1008 5589 1101 5633 aut
1137 5580 1287 5635 nobis
1318 5573 1589 5637 subducta:
1621 5597 1705 5636 vc-

158 5643 321 5712 ntatis
349 5643 541 5698 crimen
563 5644 881 5712 impingunt.

225 5708 329 5775 (7i)
356 5712 461 5766 Καὶ
494 5708 935 5781 προστιθέντων
965 5717 1140 5789 ἡμᾶς.
1174 5720 1251 5775 ita
1285 5721 1443 5777 codd.
1479 5721 1628 5776 llarl.
1653 5727 1710 5774 ct

444 5408 457 5420 .
492 5367 627 5450 μηδὲ
656 5367 827 5436 ὑγιῶς
855 5367 1018 5450 ἔχειν,
1040 5373 1136 5442 qui
1169 5367 1274 5450 ηοξ
1300 5390 1370 5450 ne
1390 5375 1472 5450 pie
1500 5367 1711 5450 quidem

1806 5230 2023 5303 μάτηὼ,
2058 5230 2165 5289 etc.
2203 5230 2295 5288 Sic
2325 5248 2451 5288 cum
2479 5231 2727 5303 combel‘.
2762 5230 3318 5303 interpunctionent_a

1849 5243 2023 5301 άτην,
2058 5243 2165 5289 etc.
2203 5243 2295 5288 Sic
2325 5248 2451 5288 cum
2479 5243 2727 5288 Uombel.
2762 5243 3260 5299 mterpuncuonem
3289 5243 3318 5279 a

1847 5305 2119 5359 oueudam
2159 5318 2472 5359 censemus.
2513 5301 2572 5355 lu
2603 5300 2737 5354 edit.
2772 5299 2835 5370 το
2866 5300 3123 5370 μέγιστον
3148 5296 3205 5352 δὲ
3231 5243 3394 5370 aliud:

1888 5392 1969 5444 μι.
2023 5371 2134 5444 Τὴν
2184 5371 2495 5443 ὀρθοδοξιαν
2548 5370 2745 5444 μᾲτην,
2785 5365 2962 5444 Vertit
3014 5376 3194 5444 autem
3240 5365 3390 5444 BNL,

1808 5434 1948 5511 quod
1980 5434 2270 5495 inanimum
2300 5434 3014 5511 cst,(non'illisjconcedam.
3047 5434 3392 5511 Ortltodoxirn

1811 5503 2022 5564 nomine
2051 5512 2259 5580 frustra
2291 5509 2622 5580 laudatur...
2650 5509 2740 5580 ille
2768 5510 2893 5580 quia
2920 5503 3250 5580 sermonibus
3278 5505 3393 5580 suis

1820 5573 2324 5705 ver-illateanrodi-t,
2367 5579 2451 5633 hic
2471 5581 2597 5651 quia
2623 5573 2883 5650 patientia
2921 5594 3018 5632 sua
3051 5573 3286 5632 eamdem
3318 5574 3396 5631 siv-
3454 5620 3461 5628 .

1822 5666 1908 5703 mu
1963 5665 2057 5705 pro
2100 5662 2159 5705 ιι.

1822 5662 1933 5705 mut
1961 5662 2159 5719 ριόαιι.
