3802 6182
164 275 261 331 117

1537 273 1876 332 EPISTOLA
1915 270 2053 332 LIX.

3325 282 3426 336 “8

172 385 468 456 Ἐκκλησία
492 383 551 437 δὲ
573 382 817 455 μεγάλην
849 383 1054 455 ζημίαν
1085 383 1196 456 (80)
1226 385 1284 439 τὸ
1317 385 1384 439 δι’
1402 387 1527 450 ἐνὸς
1552 386 1738 459 ἀνδρὸς

1877 387 2060 449 :imus,
2120 384 2166 439 si
2209 400 2274 439 ex
2315 386 2436 440 aliis
2474 399 2695 456 quoque
2736 386 3098 453 dictionibus,
3140 390 3339 461 quibus
3383 395 3435 448 id

159 479 453 549 διωχθῆναι
480 476 581 547 τὴν
605 474 884 546 ἀλήθειαν.

1843 488 1996 532 certo
2030 478 2342 547 colligatur,
2378 475 2641 546 Spiritum
2672 488 2925 534 sanctum
2962 478 3131 536 Deum
3165 496 3433 553 agnosca.

160 588 283 627 mus
327 576 528 641 (neque
557 570 703 625 enim
768 571 825 622 in
854 569 1142 623 verborum
1173 584 1308 625 sono
1337 571 1538 640 potius,
1573 586 1735 640 quam
1773 570 1825 623 in
1850 578 2027 626 mente
2049 578 2101 625 et
2135 568 2401 625 sententia
2430 570 2628 626 veritas
2663 571 2767 626 sita
2797 572 2954 643 est);
2986 571 3229 631 Ecclesia
3250 586 3432 634 autem

159 683 322 737 grave
370 666 573 721 vulnus
604 671 897 734 acceptura
931 670 1034 729 est,
1076 663 1120 717 si
1161 664 1232 718 ob
1280 664 1445 719 unius
1494 665 1729 719 hominis
1776 664 2094 734 ejectinnem
2126 665 2325 718 veritas
2353 661 2685 732 proﬂigetur.

231 756 347 808 οὐκ
373 753 625 819 ἐδέξαντο
644 753 744 825 τὴν
770 754 1083 825 οἰκονομίαν
1098 755 1174 817 ὡς
1193 754 1358 807 ἕωλον
1386 755 1482 808 καὶ
1519 755 1743 820 παίζου-

160 866 261 902 σαν
284 847 398 917 (81)
449 847 645 909 αὐτοὺς
702 847 751 899 οἱ
807 845 1090 916 παρόντες·
1140 845 1275 899 ἀλλὰ
1321 848 1413 899 καὶ
1467 846 1743 901 κατεϐόων

157 942 338 1012 ἡμῶν,
370 941 451 1002 ὡς
481 938 579 1010 τὴν
620 938 823 993 δειλίαν
872 937 1092 1008 μᾶλλον,
1140 938 1173 1008 ἢ
1216 939 1308 992 τὸν
1350 939 1510 1007 λόγον
1539 941 1747 993 οἰκονο-

165 1031 430 1100 μούντων.
483 1029 625 1083 Πολὺ
677 1028 785 1101 γὰρ
822 1024 960 1081 εἶναι
990 1028 1215 1098 βέλτιον,
1260 1029 1322 1083 τὸ
1359 1029 1627 1102 ἡμέτερον
1655 1049 1748 1101 φυ-

160 1126 375 1178 λάττειν
416 1124 505 1177 διὰ
534 1124 633 1193 τῆς
661 1122 943 1195 ἀληθείας,
979 1122 1197 1194 ῆτοῦτό
1236 1141 1301 1193 γε
1338 1125 1613 1195 ἀχρειοῦν,
1654 1126 1749 1179 καὶ

166 1216 241 1286 μὴ
271 1212 720 1284 προσλαμϐάνειν
758 1213 819 1266 τὸ
857 1213 1154 1285 ἀλλότριον,
1195 1214 1283 1268 διὰ
1321 1215 1420 1285 τῆς
1460 1216 1617 1287 δῆθεν
1672 1217 1749 1269 οἰ-

163 1306 446 1375 κονομίας.
488 1306 569 1360 Τὰ
610 1305 709 1377 μὲν
746 1301 839 1358 οὖν
886 1304 1008 1358 καθ’
1058 1304 1308 1372 ἕκαστον,
1342 1298 1416 1359 ὧν
1462 1323 1520 1359 τε
1570 1301 1742 1372 εἷπον,

164 1389 239 1448 ὧν
272 1414 331 1449 τε
376 1399 609 1467 ἥκουσα,
650 1397 744 1450 καὶ
774 1396 850 1459 ὡς
885 1396 1241 1468 ἠγανάκτησα
1271 1397 1406 1468 πρὸς
1434 1399 1560 1461 τοὺς
1600 1400 1748 1452 ἀντι-

163 1490 437 1554 τεξνοντας
493 1490 635 1561 πέρα
672 1488 766 1541 τοῦ
831 1489 1050 1559 μετρίου
1089 1489 1276 1559 σχεδὸν
1328 1489 1439 1560 (82)
1496 1490 1590 1542 καὶ
1640 1490 1740 1559 τῆς

166 1579 400 1648 ἐμαυτοῦ
448 1579 773 1649 συνηθείας,
822 1580 1029 1649 μακρὸν
1067 1578 1133 1632 ἂν
1171 1581 1257 1650 εἴη
1305 1579 1398 1634 νῦν
1447 1578 1557 1651 (85)
1598 1580 1741 1634 ἐκδι-

164 1671 436 1741 ηγεῖσθαι,
465 1672 562 1724 καὶ
583 1671 711 1732 ἴσως
735 1671 835 1723 οὐκ
852 1671 1162 1739 ἀναγκαῖον.
1188 1670 1352 1733 Τέλος
1373 1670 1532 1724 δὲτοῦ
1555 1669 1738 1739 λόγου,
1777 1702 1816 1755 Β

163 1764 287 1826 τοὺς
324 1764 424 1833 μὲν
452 1762 626 1825 οὕτως
656 1761 1096 1831 ἀπεπεμψάμην.
1132 1763 1204 1815 Σὺ
1237 1762 1292 1815 δὲ
1324 1761 1533 1826 δίδαξον
1570 1764 1737 1833 ἡμᾶς,

164 1846 208 1905 ὧ
241 1854 360 1907 θεία
389 1853 486 1906 καὶ
524 1853 645 1923 ἱερὰ
686 1852 917 1924 κεφαλὴ,
957 1853 1117 1924 μέχρι
1148 1853 1291 1916 τίνος
1332 1853 1581 1924 προῖτέον
1609 1854 1740 1923 ἡμῖν

162 1948 259 2015 τῆς
286 1944 380 1998 τοῦ
415 1943 733 2014 Πνεύματος
767 1944 1062 2013 θεολογίας,
1090 1945 1185 1997 καὶ
1208 1944 1319 1997 τίσι
1345 1944 1611 2016 χρηστέον
1634 1961 1742 2012 φω-

162 2037 299 2099 ναῖς,
330 2034 427 2087 ita!
455 2033 615 2105 μέχρι
636 2034 781 2097 τίνος
806 2034 1208 2105 οίκονομητέον,
1239 2035 1307 2088 ἶν’
1335 2034 1546 2105 ἔχωμεν
1568 2033 1741 2088 ταῦτα

161 2124 296 2194 πρὸς
315 2127 447 2186 τοὺς
472 2124 871 2193 ἀντιλέγοντας.
910 2112 1049 2193 Ἐγὼ
1071 2124 1179 2198 γᾴρ
1199 2127 1248 2177 εἰ
1271 2124 1493 2196 δεοίμην
1514 2125 1610 2178 νῦν
1626 2123 1736 2196 (81)

160 2213 317 2267 τοῦτο
348 2213 662 2285 μανθάνειν,
693 2216 721 2267 ὁ
756 2214 973 2269 πάντων
1012 2214 1247 2286 μάλιστα
1277 2215 1335 2267 σέ
1362 2232 1423 2267 τε
1452 2216 1547 2269 καὶ
1570 2215 1639 2269 τὰ
1671 2214 1739 2268 σὰ

161 2305 480 2372 γινώσκων,
524 2306 620 2359 καὶ
666 2305 927 2369 πολλάκις
974 2305 1333 2378 περὶτούτων
1368 2305 1740 2377 πληροφορίαν

163 2396 256 2449 καὶ
305 2395 556 2460 δεδωκὼς
606 2398 701 2451 καὶ
752 2396 1062 2469 δεξάμενος,
1121 2397 1337 2452 πάντων
1392 2397 1458 2451 ἂν
1489 2398 1605 2467 εἵην
1628 2397 1738 2469 (85)

162 2486 541 2558 ἅμαθέστατός
569 2504 629 2541 τε
660 2489 756 2542 καὶ
787 2487 1142 2554 ἀθλιώτατος.

1922 755 2026 826 53
2065 754 2217 809 Hanc
2244 759 2605 809 meonomiam
2637 755 2675 809 ii
2705 794 2719 820 ,
2755 757 2846 826 qui
2878 755 3129 826 aderant,
3162 766 3422 831 tanquam

1850 863 2045 902 vanam
2090 857 2144 902 et
2196 847 2465 902 insulsam
2521 847 2782 918 ipsosque
2841 848 3255 919 ludiﬁcantem,
3307 867 3414 906 non

1854 939 2014 993 modo
2057 953 2165 992 non
2198 937 2665 1008 comprobarunt:
2712 939 2822 993 imo
2850 939 3016 994 etiam
3045 956 3148 996 nos
3176 942 3431 997 clamori-

1853 1030 1956 1085 bus
1979 1031 2413 1093 insectabantur,
2447 1036 2507 1085 ut
2531 1029 2763 1100 ignaviae
2789 1038 2991 1086 nostrae
3024 1033 3231 1102 potius,
3264 1049 3427 1103 quam

1848 1120 2166 1175 orthodoxm
2199 1119 2465 1174 doctrinae
2494 1120 2868 1177 consulentes.
2899 1122 3087 1193 Longe
3119 1127 3264 1181 enim
3297 1142 3431 1196 prm-

1848 1213 2084 1268 Stautius
2107 1228 2252 1277 esse,
2296 1220 2520 1267 nostros
2554 1229 2651 1284 per
2698 1216 2981 1270 veritatem
3022 1217 3163 1271 tueri
3211 1225 3266 1273 et
3297 1233 3433 1272 con-

1849 1318 2092 1369 servare,
2124 1320 2288 1373 quam
2334 1320 2431 1375 per
2468 1304 2786 1374 huiusmodi
2828 1307 3041 1361 scilicet
3067 1309 3431 1362 mconomiam

1848 1411 1943 1450 eos
1986 1395 2319 1451 labefactare
2353 1435 2368 1459 ,
2433 1411 2535 1450 nec
2583 1396 2802 1450 interim
2848 1397 3060 1454 alienos
3123 1413 3428 1454 assumere.

1848 1485 2142 1559 Enimvero
2176 1502 2331 1557 quze,
2392 1494 2446 1542 et
2481 1488 2627 1554 dixi,
2659 1497 2712 1542 et
2738 1487 2946 1551 audivi,
2984 1495 3038 1541 ct
3078 1504 3242 1558 quam
3278 1489 3437 1542 valde

1847 1591 1911 1630 ac
1932 1584 2128 1647 praeter
2164 1578 2382 1632 modum
2419 1577 2993 1646 consuetudinemque
3025 1592 3201 1631 meam
3239 1575 3435 1631 adver-

1847 1684 1942 1724 sus
1979 1684 2105 1734 eos,
2157 1668 2250 1739 qui
2288 1679 2483 1724 contra
2518 1669 2873 1736 nitebantur,
2916 1668 3236 1738 indignatus
3270 1683 3429 1729 sum,

1848 1761 2133 1829 sigillatim
2164 1775 2461 1831 exponere,
2491 1760 2766 1831 prolixum
2794 1757 3153 1827 nunciuerit,‘
3173 1758 3425 1814 minime-

1847 1867 1953 1920 que
1985 1850 2222 1906 fortasse
2262 1851 2662 1905 necessarium.
2696 1846 2765 1903 Ut
2796 1856 2978 1902 autem
3012 1846 3172 1901 tinem
3205 1843 3425 1899 dicendi

1846 1940 2080 2005 faciam,
2123 1942 2205 1996 sic
2244 1955 2341 1996 eos
2379 1938 2688 1994 amanduvi.
2739 1937 2820 1992 Tu
2847 1952 2996 2003 vero,
3030 1951 3062 1991 ο
3093 1936 3338 1991 divinum
3374 1946 3429 1989 et

1847 2038 2266 2086 sacrosanctum
2306 2037 2473 2099 caput
2496 2068 2508 2092 ,
2540 2028 2677 2083 doce
2706 2042 2806 2082 nos
2835 2042 3126 2096 quousque
3151 2026 3205 2079 in
3231 2025 3425 2094 dispu-

1845 2122 2052 2176 tatione
2077 2121 2144 2175 de
2176 2120 2411 2190 Spiritus
2439 2121 2616 2174 sancti
2650 2118 2936 2173 divinitate
2965 2117 3239 2186 progredi,
3266 2130 3427 2185 quas-

1845 2228 1953 2282 que
2007 2227 2174 2267 voces
2231 2226 2533 2281 usurpare,
2593 2219 2648 2265 et
2686 2218 2973 2278 quousque
3004 2205 3314 2261 mconomia
3352 2204 3427 2257 uti

1846 2307 2157 2371 conveniat,
2189 2312 2248 2359 ut
2281 2320 2344 2361 ea
2370 2303 2637 2358 adversus
2665 2316 2780 2363 eos.
2803 2301 2896 2371 qui
2931 2297 3343 2360 contradicunt,
3370 2296 3425 2348 in

1845 2403 2102 2468 promptu
2144 2396 2469 2452 habeamus.
2506 2392 2641 2447 Nam
2685 2393 2732 2448 si
2781 2393 2886 2447 hoc
2920 2406 3068 2447 nunc
3096 2391 3216 2461 ipse
3247 2389 3346 2443 abs
3380 2397 3434 2442 te

1846 2487 2033 2542 doceri
2071 2488 2446 2558 postularem,
2503 2500 2626 2540 eum
2669 2495 2724 2539 te
2772 2499 2973 2554 resque
3017 2489 3141 2537 tuas
3176 2481 3424 2535 omnium

161 2582 474 2637 mortalium
507 2582 741 2637 maxime
773 2590 1089 2654 perspectas
1124 2582 1371 2647 habeam,
1397 2594 1463 2636 ac
1482 2579 1851 2636 certissimam
1877 2579 1946 2635 de
2008 2570 2094 2634 his
2120 2579 2288 2634 rebus
2358 2577 2515 2632 fidem
2563 2576 2766 2647 saepius
2831 2574 3101 2639 dederim,
3168 2572 3436 2628 vicissitu—

160 2693 267 2745 que
293 2678 626 2749 acceperim,
658 2678 902 2733 omnium
940 2677 1187 2749 profecto
1216 2676 1616 2733 stolidissimus
1636 2689 1819 2732 essem
1839 2688 1906 2728 ac
1938 2673 2308 2730 miserrimus.

636 2789 764 2847 Νθι.
797 2789 885 2859 To
914 2787 1097 2859 arm
1125 2787 1258 2861 (86).

2436 2783 2572 2841 LIX.
2616 2783 2847 2839 EIDEM.

228 2901 365 2986 Qui:
401 2890 640 2989 Gregorii
670 2906 861 2961 litteris
897 2911 1135 2989 Basilius
1162 2914 1240 2966 sic
1268 2913 1623 2989 respondisset
1652 2921 1711 2965 ut
1740 2912 1869 2989 ursis
1899 2907 2138 2989 nonnihil
2172 2908 2401 2989 alienatis
2442 2905 2610 2989 [uisse
2651 2905 2938 2989 uideretur,
2988 2904 3258 2989 rescripsit
3288 2903 3418 2959 Gre.

158 2977 364 3053 geritis,
393 2984 714 3053 mentemque
741 2994 894 3053 suam
922 2981 1144 3037 candide
1178 2975 1437 3053 aperiens,
1472 3000 1692 3038 maerore
1723 2975 1975 3052 a'ﬂ'ectum
2021 2975 2286 3032 inmerito
2337 2976 2605 3031 Basiliam
2648 2977 3009 3046 conqueritur,
3052 2975 3319 3045 eidemque
3364 2992 3420 3029 se

159 3045 326 3099 simul
346 3058 397 3100 et
430 3045 740 3115 adfuturum
768 3058 816 3102 et
838 3045 1222 3107 dimicaturum
1244 3070 1352 3108 una
1372 3054 1669 3123 pollicetur.

229 3159 407 3212 Τοῦτο
427 3156 517 3232 ἦν,
541 3162 677 3234 ὅπερ
703 3162 862 3229 ἄλλος
885 3165 983 3236 μὲν
1010 3166 1074 3221 ἄν
1101 3184 1187 3230 τις
1214 3167 1326 3238 (87)
1358 3166 1605 3219 ὑπείδετο
1634 3164 1738 3218 τῶν

1917 3160 2033 3217 Hoc
2073 3160 2337 3215 nimirum
2371 3163 2522 3223 erat,
2567 3158 2711 3228 quod
2749 3159 2891 3213 alius
2924 3154 3201 3228 quispiam
3227 3153 3425 3225 majori
3495 3150 3513 3167 '

162 3253 568 3325 συνετωτέρων*
606 3255 716 3328 ἐγὼ
741 3257 797 3310 δὲ
829 3258 929 3311 οὐκ
958 3259 1138 3313 ἔδεισα
1176 3260 1313 3330 πρὸς
1351 3259 1409 3313 σὲ
1442 3258 1688 3331 γράφων,
1717 3259 1745 3310 ὁ

159 3342 286 3394 λίαν
339 3342 568 3413 ἀρχαῖος
622 3345 716 3397 καὶ
770 3346 1019 3416 μάταιος.
1080 3346 1349 3419 Ἐλύπησέ
1408 3365 1466 3401 σε
1522 3348 1590 3401 τά
1632 3347 1742 3419 (88)

160 3433 494 3503 γράμματα,
511 3434 586 3497 ὡς
605 3435 661 3487 δὲ
688 3435 799 3503 ἐγώ
824 3454 989 3507 φημι,
1011 3438 1111 3491 οὐκ
1134 3437 1327 3510 ὀρθῶς,
1358 3439 1478 3491 οὐδὲ
1499 3438 1743 3506 δικαίως,

161 3523 301 3576 ἀλλὰ
338 3524 437 3577 καὶ
466 3523 587 3578 λίαν
621 3527 908 3597 περιττῶς.
951 3529 1061 3582 Καὶ¹
1088 3529 1186 3601 τὴν
1210 3530 1388 3601 λύπην
1416 3530 1514 3601 οὐχ
1541 3530 1747 3602 ὡμολό-

162 3631 344 3684 γησας
379 3615 499 3684 μὲν,
534 3617 633 3670 οὐκ
662 3616 904 3691 ἔκρυψας
926 3619 1037 3690 (89)
1062 3621 1140 3683 δὲ,
1176 3621 1225 3672 εί
1254 3622 1348 3675 καὶ
1380 3623 1559 3690 σοφῶς
1588 3620 1747 3675 τοῦτο

164 3707 452 3777 ἐποίησας,
502 3706 689 3780 ὥσπερ
731 3704 837 3762 τινὶ
884 3712 1232 3782 προσωπείῳ,
1274 3716 1340 3784 τῇ
1377 3713 1516 3767 αίδοῖ
1543 3712 1606 3766 τὸ
1650 3715 1749 3783 τῆς

165 3797 346 3867 λύπης
372 3795 665 3851 καλύπτων
692 3798 1002 3869 πρόσωπον.
1040 3800 1182 3868 Ἐγὼ
1202 3800 1278 3865 δὲ,
1314 3804 1362 3855 εί
1390 3802 1488 3872 μὲν
1514 3801 1748 3874 δολερῶς

166 3882 263 3933 καὶ
297 3880 585 3951 κακοήθως
615 3880 771 3934 τοῦτο
798 3882 1049 3953 ἐποίησα,
1067 3884 1165 3955 οὐχ
1186 3884 1292 3937 ὑπὸ
1317 3886 1415 3954 τῆς
1440 3886 1540 3956 σῆς
1571 3885 1747 3957 λύπης

168 3971 375 4041 μᾶλλον
412 3970 445 4041 ἢ
492 3970 593 4040 τῆς
626 3971 884 4043 ἀληθείας
930 3972 1288 4045 βλαϐήσομαι·
1310 3971 1431 4026 εἰδὲ
1447 3973 1635 4039 ἁπλῶς
1653 3977 1749 4031 καὶ

170 4059 311 4129 μετὰ
348 4059 451 4129 τῆς
492 4059 749 4131 συνήθους
790 4060 1021 4126 εὐνοίας,
1057 4061 1155 4126 τὰς
1187 4064 1326 4134 ἐμὰς
1350 4066 1649 4136 ἁμαρτίας,
1683 4067 1746 4119 οὐ

165 4155 270 4222 τὴν
308 4151 410 4222 σὴν
457 4152 696 4205 διάθεσιν
738 4154 1076 4226 αἰτιάσομαι.
1126 4155 1272 4227 Πλήν
1308 4172 1370 4224 γε
1402 4157 1486 4209 ὄτι
1519 4155 1746 4227 διορθώ·

166 4242 371 4295 σασθαι
398 4243 567 4296 ταῦτα
603 4244 800 4313 μᾶλλον
831 4241 944 4316 εἶχε
987 4246 1187 4310 καλῶς,
1219 4246 1251 4317 ἦ
1286 4247 1422 4317 πρὸς
1450 4249 1576 4311 τοὺς
1606 4265 1744 4318 συμ-

166 4334 532 4399 ϐουλεύοντας
559 4336 948 4408 δυσχεραίνειν.
982 4338 1054 4390 Τὸ
1084 4339 1182 4408 μὲν
1213 4334 1305 4391 οὖν
1339 4339 1431 4391 σὺν
1460 4339 1555 4393 καὶ
1588 4340 1749 4404 αὐτὸς

166 4426 314 4494 δψει,
367 4427 463 4479 καὶ
505 4426 681 4490 ἄλλοις
730 4427 1119 4497 συμϐουλεύειν
1162 4427 1230 4481 τὰ
1269 4428 1409 4482 αὐτὰ
1428 4431 1538 4500 (90)
1568 4431 1748 4494 ἱκανὸς

1847 3253 2052 3324 ingenii
2094 3251 2346 3308 acumine
2378 3250 2643 3320 praeditus
2684 3250 2954 3321 suspicari
2979 3248 3279 3320 potuisset;
3327 3263 3431 3315 ego

1846 3361 1980 3401 vero
2013 3361 2122 3416 qua
2166 3358 2289 3401 sum
2335 3342 2590 3397 vecordia
2625 3351 2678 3397 et
2713 3342 3063 3405 rusticitate,
3109 3354 3235 3394 eum
3271 3338 3338 3393 ad
3375 3349 3429 3391 te

1847 3437 2143 3492 scriberem
2166 3475 2181 3501 ,
2218 3449 2327 3489 non
2363 3433 2615 3489 extimui.
2655 3433 2888 3487 Moerore
2920 3440 2972 3486 te
3014 3428 3315 3484 affecerunt
3340 3430 3431 3483 lit-

1848 3536 1977 3584 terae
2019 3534 2258 3591 nostras,
2296 3539 2406 3578 non
2447 3532 2632 3590 recte,
2664 3538 2765 3578 nec
2794 3523 2990 3578 merito
3010 3562 3024 3586 ,
3056 3536 3176 3575 mea
3209 3520 3430 3590 quidem

1848 3620 2157 3685 sententia,
2187 3618 2286 3673 sed
2320 3625 2374 3671 et
2403 3616 2562 3671 valde
2600 3614 2894 3686 superﬂue.
2933 3613 3257 3683 Quanquam
3290 3628 3429 3670 n10)-

1846 3723 2030 3766 rorem
2063 3710 2212 3764 hunc
2242 3716 2396 3762 tuum
2427 3704 2855 3777 haudquaquam
2883 3711 3069 3775 aperte
3114 3703 3430 3775 prodidisti.

1849 3817 1952 3857 nec
1990 3817 2120 3857 vero
2154 3799 2488 3865 occultasti,
2517 3799 2770 3869 quamvis
2798 3798 3076 3867 sapienter
3113 3796 3169 3850 id
3207 3796 3426 3859 feceris,

1850 3894 2014 3948 veluti
2053 3893 2289 3963 quadam
2330 3892 2517 3953 larva,
2554 3891 2761 3961 pudore
2800 3889 3013 3944 scilicet
3052 3888 3303 3942 maeroris
3344 3887 3429 3941 fa-

1848 3985 1985 4039 ciem
2021 3984 2306 4053 obtegens.
2348 3981 2407 4035 Si
2441 3981 2675 4036 subdolo
2698 3988 2751 4033 et
2784 3980 3051 4033 malevolo
3073 3976 3257 4031 animo
3286 3991 3315 4028 a
3341 3992 3428 4030 me

1849 4072 1954 4126 hoc
1988 4071 2193 4126 factum
2239 4081 2355 4135 est,
2394 4084 2505 4124 non
2551 4083 2638 4122 me
2681 4069 2859 4136 magis
2903 4081 3106 4120 maeror
3149 4066 3251 4120 iste
3294 4071 3425 4119 tuus

1848 4179 2011 4234 quam
2040 4163 2245 4217 veritas
2281 4163 2400 4230 ipsa
2430 4159 2588 4213 laedet
2624 4177 2637 4211 :
2674 4159 2722 4213 si
2753 4165 2935 4211 autem
2973 4155 3210 4227 simplici
3239 4156 3426 4209 animo

1848 4262 1901 4309 et
1942 4269 2041 4323 pro
2076 4268 2141 4308 ea
2165 4295 2180 4319 ,
2216 4268 2323 4322 qua
2354 4251 2507 4307 soleo
2528 4291 2542 4315 ,
2574 4249 2973 4315 benevolentia,
3002 4265 3110 4303 non
3154 4249 3318 4302 animi
3353 4250 3431 4302 tui

1850 4345 2155 4410 affedum,‘
2189 4343 2285 4399 sed
2324 4349 2551 4414 peccata
2596 4355 2715 4395 mea
2755 4341 3053 4395 accusabo.
3099 4339 3427 4409 Quanquam

1851 4439 2025 4493 satius
2073 4435 2282 4500 fuerat,
2324 4434 2412 4490 bis
2459 4431 2823 4488 incommodis
2867 4432 3111 4497 mederi,
3142 4447 3302 4501 quam
3342 4432 3431 4496 iis,

167 4517 264 4570 ὤν’
291 4517 395 4588 ἐμὲ
417 4517 475 4570 δὲ
504 4517 799 4590 προθύμως
833 4518 975 4589 ἔχεις
999 4520 1131 4591 (91),
1158 4518 1252 4573 ἐὰν
1276 4520 1400 4590 διδῴ
1428 4522 1455 4573 ὁ
1478 4520 1628 4586 Θεὸς,
1654 4522 1738 4575 κα)

1877 4528 1943 4597 μιί
1970 4526 2266 4582 consilium
2313 4521 2650 4586 aﬂ'erebant,
2684 4534 3036 4577 succensere.
3074 4518 3180 4574 Sed
3217 4527 3274 4572 tu
3301 4517 3433 4591 quid

241 4692 677 4767 (80)‘4M8fdtty_r
704 4693 953 4767 (mitur,
981 4694 1064 4767 Ita
1110 4695 1229 4767 cod.
1277 4693 1434 4767 Pass.
1472 4695 1613 4767 Edit.
1653 4714 1748 4767 με·

168 4762 740 4900 ἶῗὲῖὶηξῖιιὲἒήὲιῖξῖ
766 4762 853 4819 δι’
884 4765 1000 4829 ἐνὸς
1041 4764 1254 4835 ἀνδρός,
1297 4764 1441 4831 Bill.,
1478 4766 1542 4821 ob
1590 4762 1745 4821 unius

244 4904 359 4972 (Si)
392 4903 501 4955 Καὶ
525 4902 872 4965 παίζουσαν.
914 4903 1064 4958 Harl.
1094 4904 1187 4958 καὶ
1222 4904 1387 4959 πάλαι
1422 4905 1744 4970 παίζουσαν,

170 4984 221 5028 ct
245 4972 570 5043 jampridem
600 4991 687 5028 eos
721 4975 1105 5043 ludiﬁcanlem.

245 5044 360 5111 (8'2)
398 5041 557 5109 Ιιέρα
586 5043 692 5097 τοῦ
729 5041 971 5112 μετρίου
1018 5045 1262 5113 σχεδόν.
1308 5044 1387 5098 Ita
1419 5043 1542 5100 cod.
1582 5042 1746 5101 2022.

176 5112 233 5165 ιιι
266 5116 400 5184 edit.
439 5113 659 5184 μέτρου,
692 5122 746 5184 et
775 5114 958 5184 σχεδόν
986 5112 1158 5169 deest.
1289 5170 1294 5176 ,

247 5181 362 5249 (85)
406 5181 505 5234 Ἂν
527 5181 620 5249 εἴη
652 5182 789 5237 νῦν.
812 5181 983 5240 Deest
1007 5183 1101 5238 νῦν
1129 5186 1182 5237 in
1213 5183 1335 5240 cod.
1372 5183 1529 5240 Pass.

251 5253 363 5317 (81)
396 5252 525 5306 Νῦν
564 5252 719 5307 deest
769 5253 822 5307 in
867 5255 1054 5308 eodem
1098 5254 1220 5307 eod.
1265 5255 1403 5316 Mox,
1440 5258 1467 5308 ὁ
1511 5254 1744 5309 πάντων.

182 5323 256 5373 lla
292 5323 413 5376 cod.
450 5323 505 5375 In
534 5323 669 5376 edit.
701 5324 730 5374 ὁ
758 5323 930 5378 deest.
968 5321 1074 5378 Pro
1096 5324 1125 5375 ὁ
1149 5324 1365 5377 πάντων
1399 5326 1562 5380 habet
1595 5323 1745 5378 Harl.

181 5391 453 5455 ἁπάντων,
485 5400 539 5447 et
565 5392 724 5447 Pass.
749 5393 931 5447 ὂποτε.

254 5462 364 5531 (85)
391 5461 930 5532 Πάντωνίῖιγγεῖῃν.
972 5462 1125 5517 Pass.
1160 5464 1374 5527 πάντως
1411 5464 1476 5517 ἂν
1508 5464 1644 5532 εἴην.

253 5530 362 5601 (86)
401 5534 551 5587 Alias
582 5530 800 5585 XXVII.
831 5530 1046 5601 Scripta
1069 5533 1258 5587 eodem
1294 5544 1555 5601 tempore.

254 5600 359 5673 (87)
393 5605 610 5669 Ἄλλος
637 5600 760 5671 μὲν·
784 5601 865 5673 ἄν
894 5600 1002 5664 tu}.
1043 5602 1284 5655 Combef.
1329 5600 1485 5673 ἄλλος
1518 5602 1614 5673 μέν
1640 5619 1747 5673 τις,

182 5679 230 5723 Cl
261 5671 355 5742 pro
378 5674 646 5739 ὑπείδετο,
692 5672 892 5726 vellent
933 5673 1174 5725 nonnulli
1212 5672 1414 5736 ὑπεῖδε,
1443 5671 1579 5741 quad
1608 5671 1746 5725 alius

1855 4705 2118 4772 suspicari
2157 4703 2349 4773 potuit.

1927 4763 2038 4845 (88)
2082 4763 2384 4845 θελύπιησέ
2427 4768 2637 4845 πελά·
2685 4766 2947 4845 ῡθθειέξῖε
2992 4765 3046 4845 ξι]
3098 4764 3233 4845 σκιᾷ--
3268 4763 3426 4845 Pass-

1857 4834 2001 4905 Mux,
2020 4834 2374 4914 ὀύκόρθῶς,
2399 4840 2537 4914 Δοὐδὲ
2564 4838 2818 4914 δικαίῳςη
2985 4834 3141 4914 idque
3170 4834 3429 4887 immerito

1857 4904 2056 4983 saiteiet
2091 4904 2286 4983 inique,
2319 4911 2424 4979 qui“
2442 4926 2550 4962 non
2578 4908 2758 4983 reddit:
2796 4904 2931 4958 ἀλλὰ
2959 4906 3063 4983 ,καὶ
3090 4904 3210 4955 λίαν
3244 4920 3432 4983 περιττ

1855 4982 1983 5044 τῶς.
2024 4970 2282 5036 (ΖοιιιιῖθΐῘ
2303 4970 2405 5032 ηἶιη
2430 4987 2585 5038 recte,
2620 4991 2710 5029 nec
2729 4974 2883 5042 justa
2916 4973 3095 5042 aliqua
3130 4970 3428 5044 εᾳιιδιιζδεά

1855 5063 1903 5105 ει
1941 5042 2093 5105 ualde
2128 5050 2413 5119 superﬂue,
2440 5057 2490 5099 et
2516 5046 2670 5117 quasi
2697 5048 2837 5097 ultro
2868 5059 2901 5095 a
2936 5051 2983 5095 te
3016 5042 3237 5111 qua’sita
3271 5057 3427 5094 acca-

1855 5138 2020 5175 810118.
3429 5156 3433 5160 ι

1950 5190 2040 5254 89)
2073 5190 2193 5244 Οὐκ
2220 5188 2513 5254 ἔκρυψας.
2549 5181 2626 5254 [ta
2659 5181 2808 5254 Harl.
2838 5179 3157 5254 Deeratoux
3182 5179 3236 5254 in
3264 5180 3394 5254 edit.

1950 5193 2017 5246 89
2073 5190 2193 5244 Οὐκ
2220 5190 2513 5254 ἔκρυψας.
2550 5190 2626 5235 Ita
2659 5190 2808 5236 Hart.
2838 5190 3034 5235 Deerat
3057 5190 3157 5233 ουκ
3182 5190 3236 5233 in
3264 5190 3394 5235 edit.

1950 5190 2041 5329 90)
2072 5260 2148 5329 Td
2179 5256 2350 5311 αὑτά.
2381 5254 2515 5308 Cod.
2552 5251 2703 5307 Harl.
2742 5248 2999 5304 τοσαῦτα.
3025 5249 3082 5303 In
3115 5251 3245 5307 cod.
3267 5248 3424 5306 Pass.

1854 5330 1924 5382 τὰ
1938 5327 2087 5383 ἀὐτά
2114 5327 2333 5382 desunt.

1935 5401 2046 5468 (tit)
2077 5398 2400 5468 Προθύμῳς
2435 5394 2632 5468 ἔχεις..
2660 5391 2895 5468 Illontac.
2923 5398 2979 5468 _e_t
3012 5387 3212 5468 More|._
3231 5403 3431 5457 propo-

1838 5458 1992 5521 nunt
2025 5458 2316 5537 προθύμώς
2344 5458 2507 5537 ἕξεις,
2542 5458 2775 5537 habebis.
2814 5458 2958 5513 Nihil
2990 5458 3308 5511 mutandum
3328 5474 3428 5537 pu-

1861 5545 1937 5589 tut
1973 5531 2242 5595 Coutbel‘},
2284 5533 2569 5601 redditque
2600 5551 2612 5586 :
2642 5531 2840 5601 Irabeas
2867 5544 2944 5601 nte
2974 5539 3216 5596 prompto
3248 5532 3424 5581 animo

1860 5606 2194 5675 adfuturum.
2228 5603 2347 5658 Bill.
2378 5597 2496 5657 non'
2524 5601 2679 5656 vertit
2712 5597 3027 5670 προθύμως.
