3802 6182
1474 272 1807 329 EPISTOLA
1850 275 1986 329 LXI.

3279 278 3379 333 192

111 393 234 446 λίαν
274 390 584 462 φιλοτίμως
628 408 689 443 τε
744 391 840 445 καὶ
891 389 1203 462 προθύμως,
1257 388 1578 463 πληρώσατε
1632 393 1696 461 τῇ

1830 406 1860 447 e
1908 391 2239 462 prmbiturus
2268 399 2387 458 est,
2443 391 2635 462 quales
2661 407 2758 446 vos
2790 406 2920 459 erga
2949 404 3252 460 pauperes,
3286 406 3381 444 nc-

115 484 490 556 κατυιχομένη
525 481 623 554 τὴν
649 482 926 553 βούλησιν,
973 481 1042 552 ἣν
1075 480 1328 553 παρεῖναί
1362 498 1420 534 τε
1458 481 1589 552 ύμῖν
1614 498 1701 534 νο-

118 576 410 646 μίσαντες,
443 574 537 627 καὶ
560 576 691 645 δρᾷν
718 575 788 628 τὰ
818 571 1101 644 γινόμενα,
1146 572 1234 627 διὰ
1269 572 1371 642 τῆς
1414 571 1704 634 ἐπιδόσεως

118 664 503 728 ἀναπαύσατε,
541 664 626 718 ἵνα
676 664 751 736 μὴ
796 664 863 718 τὰ
896 667 1151 736 χρήματα
1191 663 1352 734 μόνον
1384 661 1543 733 ἔχητε
1573 662 1704 734 παρ’

118 758 308 827 αὐτῆς,
351 756 495 810 ἀλλὰ
527 756 623 809 καὶ
648 756 749 828 τὴν
776 756 1137 828 στηρίζουσαν
1158 755 1341 819 οἴκους
1370 754 1576 807 τέκνων
1603 771 1707 825 μη-

120 845 243 919 τρὸς
291 845 551 914 εὐλογίαν
598 843 675 917 (5)
734 845 1048 918 πορίσησθε
1083 845 1240 899 τοῦτο
1291 844 1701 915 ἐνθυμηθέντες,

118 937 199 991 ὅτι
226 936 461 1007 βελτίων
491 935 662 1008 μικρὰ
698 936 857 1008 μερὶς
882 936 957 1006 (ϐ)
994 936 1132 1005 μετὰ.
1155 935 1524 1006 δικαιοσύνης,
1564 936 1706 989 κατὰ

122 1027 183 1081 τὸ
198 1027 613 1099 γεγραμμένον,
643 1028 676 1098 ἢ
710 1026 1019 1099 πλατυτέρα
1054 1025 1191 1097 μετὰ
1219 1025 1569 1098 μικρολογίας
1597 1025 1707 1095 (ἵνα

128 1119 199 1190 μὴ
233 1118 384 1185 λέγω
419 1136 473 1172 τι
526 1117 889 1189 βλάσφημον),
938 1117 1034 1172 καὶ
1074 1118 1154 1171 ὅτι
1206 1118 1389 1171 πολλοὶ
1432 1118 1526 1170 καὶ
1569 1118 1705 1171 ὅλων

127 1212 283 1264 οἴκων
310 1208 725 1280 ὲκποιουμένων
767 1210 845 1280 (7)
873 1210 953 1274 εἰς
1000 1208 1295 1281 ἐκκλησίας
1323 1210 1632 1281 ἠνέσχοντο,
1656 1212 1705 1265 οί

127 1302 182 1355 δὲ
209 1303 304 1356 καὶ
336 1304 475 1373 παρ’
512 1301 718 1355 ἑαυτῶν
750 1302 930 1356 πᾶσαν
964 1303 1274 1374 προήκαντο
1300 1301 1378 1373 (8)
1409 1301 1511 1373 τὴν
1545 1319 1704 1374 περι-

129 1394 333 1457 ιυσίαν,
362 1395 462 1447 καὶ
488 1393 588 1464 τὴν
627 1392 918 1464 καλλίστην
981 1392 1508 1465 ἐπραγματεύσαντο
1563 1411 1707 1464 πρα-

129 1484 415 1556 γματείαν,
446 1484 700 1553 γενέσθαι
729 1484 815 1538 διὰ
837 1485 931 1538 τὸν
963 1485 1080 1538 ἐκεῖ
1092 1484 1319 1556 πλοῦτον
1346 1485 1596 1555 πένητες.
1613 1485 1704 1553 Μὴ

131 1577 300 1632 τοίνυν
365 1577 634 1648 σπείρητε
692 1577 1042 1647 φειδομένως,
1092 1578 1182 1632 ἴνα
1241 1578 1512 1642 πλουσίως
1562 1577 1706 1649 θερί-

136 1685 257 1739 οητε
279 1669 381 1740 (9),
420 1668 541 1722 ἀλλ’
569 1669 773 1738 ἀγαθὸν
813 1669 1014 1740 κλῆρον
1055 1670 1149 1724 καὶ
1184 1671 1314 1742 ὑμῖν
1360 1661 1571 1736 αὐτοῖς,
1610 1671 1704 1725 καὶ

1805 498 2079 553 quaquam
2116 483 2516 538 illiberabilitcr
2563 489 2617 537 et
2655 480 2909 545 sordide,
2949 481 3043 536 sed
3086 480 3381 536 admodum

1806 575 2020 629 liberali
2049 581 2104 629 ct
2134 574 2302 630 alacri
2342 574 2527 628 animo
2560 573 2863 629 demortua:
2892 573 3228 628 voluntatem
3259 588 3382 643 per-

1806 666 1973 731 licito,
2001 681 2167 738 quam
2205 676 2260 721 et
2289 666 2447 722 vobis
2491 665 2685 721 adesse
2710 704 2726 729 ,
2756 678 2810 721 et
2845 681 2931 730 ea,
2955 681 3077 735 qua:
3114 666 3273 729 ﬁunt,
3304 666 3384 718 in-

1804 757 1948 814 tueri
1990 759 2370 816 existimantes
2397 796 2414 822 ,
2464 773 2562 827 per
2621 756 2968 828 largitionem
3016 765 3255 813 vestram
3295 773 3384 811 rc-

1804 857 2009 906 create.
2057 847 2138 905 Ita
2172 848 2297 917 ﬁet,
2344 856 2404 905 ut
2437 849 2506 905 ab
2539 863 2602 905 ea
2628 889 2642 914 ,
2672 862 2782 904 non
2810 848 2972 903 modo
3002 849 3265 918 pecunias
3286 848 3383 902 ha-

1805 940 2004 1006 beatis,
2060 940 2158 995 sed
2186 948 2488 995 maternam
2521 939 2688 995 etiam
2726 937 3168 994 benedictionem
3193 979 3208 1005 ,
3248 939 3383 994 ﬁlio«

1805 1048 1928 1087 rum
1970 1032 2164 1087 domos
2219 1031 2635 1096 fulcientem",
2681 1029 3103 1100 conscquamini
3151 1046 3167 1085 :
3218 1038 3385 1100 atque

1805 1124 1913 1179 hoc
1943 1123 2225 1180 vobiscum
2256 1123 2493 1194 cogitate
2512 1162 2527 1187 ,
2559 1122 2841 1178 meliorem
2879 1134 3004 1176 esse
3034 1131 3242 1191 partem
3271 1123 3386 1176 cxi-

1807 1229 1970 1286 guam
2008 1214 2424 1285 culmi-iustitia,
2483 1220 2545 1269 ut
2573 1212 2852 1284 Scriptura
2895 1212 3170 1283 loquitur,
3220 1219 3385 1283 qnam

1806 1308 2056 1363 latiorem
2092 1314 2147 1362 et
2201 1307 2510 1361 uberiorem
2566 1320 2692 1361 cum
2760 1303 2981 1361 sordida
3029 1304 3296 1375 parcitate
3318 1305 3363 1336 ’⁸

1807 1399 1898 1470 (ne
1926 1398 2055 1469 quid
2098 1397 2239 1452 male
2267 1397 2579 1452 ominosum
2620 1394 2823 1465 dicam)
2847 1393 3137 1463 ,‘illudquc
3168 1402 3388 1464 praetcr-

1805 1503 1905 1553 ea,
1958 1488 2269 1558 complures
2309 1485 2626 1549 exstitisse,
2659 1485 2754 1555 qui
2787 1492 2931 1540 totas
2973 1484 3140 1539 etiam
3190 1483 3386 1540 domos

1806 1578 1861 1633 in
1917 1578 2270 1634 ecclesiarum
2309 1585 2561 1644 sumptus
2617 1574 2844 1631 alienari
2898 1575 3049 1644 passi
3083 1574 3239 1631 sint:
3277 1589 3384 1629 non

1807 1669 1972 1725 etiam
2010 1667 2284 1732 defuisse,
2323 1667 2418 1737 qui
2464 1680 2565 1721 sua
2622 1676 2817 1736 sponte
2856 1664 3145 1722 facultates
3194 1680 3387 1721 omnes

135 1761 239 1822 τοῖς
276 1761 562 1829 φιλτάτοις
602 1760 756 1832 ὑμῶν
797 1760 983 1815 τοῦτον
1024 1762 1343 1833 χαρίσασθε,
1378 1763 1546 1834 μηδὲν
1595 1764 1696 1833 ύφ-

1830 1776 1927 1817 uas
1956 1758 2325 1831 profuderint,
2364 1774 2429 1813 ac
2464 1758 2891 1829 pulcherrimum
2938 1766 3209 1829 qumstum
3238 1757 3385 1813 feec-

144 1852 346 1916 ελόντες
389 1852 506 1907 τῶν
534 1854 963 1924 γεγραμμένων,
990 1853 1123 1908 ἀλλὰ
1166 1857 1343 1910 πάντα
1372 1856 1491 1926 μεθ’
1514 1855 1704 1927 ἡδονῆς

136 1939 224 1991 καὶ
250 1940 609 2013 φαιδρότητος
636 1942 910 2006 ἐπιδόντες
939 1944 1093 2013 ἡμῖν,
1120 1943 1152 2014 ἢ
1184 1944 1471 2009 ἀποδόντες
1491 1945 1602 2016 (10)
1629 1945 1704 2009 ὡς

137 2033 301 2084 οἰκεῖα
330 2031 404 2084 τὰ
428 2032 527 2085 τοῦ
559 2032 718 2099 Θεοῦ,
752 2033 827 2097 ὡς
855 2033 1017 2088 τοῦτο
1052 2035 1209 2106 μόνον
1240 2036 1705 2109 κερδανοῠντες,”ὅ

136 2138 183 2173 τι
207 2120 270 2175 ἂν
295 2122 440 2193 ὑπὲρ
471 2122 585 2176 τῶν
624 2122 813 2193 ψυχῶν
843 2124 998 2195 ὑμῶν
1022 2124 1359 2198 ἁναλώσητε.
1389 2128 1455 2180 Τί
1490 2128 1598 2200 γὰρ
1627 2128 1709 2181 δεῖ

140 2216 488 2288 θησαυρίζειν
522 2216 749 2289 λῃσταῖς
772 2218 883 2287 (H)
923 2218 1018 2273 καὶ
1054 2219 1335 2285 κλέπταις,
1371 2221 1467 2275 καὶ
1495 2221 1705 2293 καιρῶν

142 2307 482 2376 μεταϐολαῖς,
516 2308 703 2362 ἄλλοτε
737 2309 819 2374 εἰς
856 2308 1049 2374 ἄλλους
1079 2310 1474 2381 μετατιθέντων
1499 2312 1594 2366 καὶ
1623 2314 1707 2383 ῥι-

142 2398 393 2461 πιζόντων
428 2401 533 2471 τὴν
573 2399 806 2454 ἄστατον
846 2401 1128 2472 εὐπορίαν,
1175 2401 1311 2456 ἀλλὰ
1362 2402 1437 2474 μὴ
1484 2405 1565 2467 είς
1606 2404 1707 2469 τὰς

140 2484 389 2555 ἀσφαλεῖς
430 2488 720 2559 ἀποθήκας
764 2489 1143 2559 ἀποτίθεσθαι,
1192 2492 1290 2546 καὶ
1334 2491 1444 2546 τῶν
1480 2493 1705 2547 ἐπιδου-

143 2577 388 2632 λευόντων
420 2579 796 2653 ἰσχυροτέρας
830 2581 905 2635 Τὸ
938 2582 1036 2653 μὲν
1064 2578 1156 2637 οὖν
1191 2582 1407 2649 εὐτελὲς
1439 2584 1550 2656 (12)
1577 2586 1707 2657 περὶ

142 2668 266 2721 ἄλλα
302 2671 395 2724 καὶ
429 2670 614 2734 ἄλλοις
649 2671 861 2739 δείξατε
897 2673 1015 2743 (καὶ
1052 2674 1161 2745 γὰρ
1189 2673 1417 2747 εὔχομαι
1446 2676 1708 2744 δυνατοὺς

145 2763 278 2832 ὑμᾶς
304 2758 445 2818 εἶναι
485 2762 627 2835 μετὰ
657 2765 1070 2837 χρηστότητος),
1106 2768 1237 2838 ἡμῖν
1271 2768 1330 2822 δὲ
1365 2769 1706 2839 ἅγωνίσασθε

143 2854 226 2906 τὸν
249 2855 408 2909 καλὸν
443 2855 656 2926 ἀγῶνα,
694 2857 844 2921 ὅστις
881 2858 1094 2928 νικήσει
1125 2858 1215 2913 τὸν
1240 2858 1399 2915 ἄλλον
1424 2861 1704 2935 εὐλαϐείᾳ,

146 2947 231 3000 καὶ
267 2951 384 3011 ταῖς
427 2947 807 3019 ὁφειλομέναις
845 2948 1119 3019 εὐλογίαις
1166 2953 1234 3005 ὲκ
1278 2952 1414 3006 Θεοῦ
1443 2954 1557 3024 (15)
1591 2958 1708 3020 τοῖς

145 3038 458 3111 εὐγνώμοσι.
488 3040 721 3094 Πείσατε
744 3036 838 3096 οὖν
864 3043 1011 3113 ἡμᾶς
1039 3042 1121 3095 ὅτι
1152 3044 1549 3114 χριστιανίξετε
1574 3064 1708 3119 γνηο

149 3097 285 3195 σὶως,
311 3097 529 3202 ’μᾶλλον
570 3131 628 3186 δὲ
670 3131 781 3187 ἀπὸ
821 3097 1009 3202 καλῆς.
1041 3097 1338 3205 ἀρξέμενοι
1733 3097 1778 3159 C

147 3220 303 3285 οὕτως
328 3222 591 3287 εύσεόοὖς
627 3224 720 3277 καὶ
751 3223 986 3289 δικαίας,
1030 3224 1279 3280 ἐντεῦθεν
1315 3227 1409 3281 καὶ
1438 3230 1570 3303 περὶ
1595 3231 1706 3286 τῶν

147 3310 308 3364 ἀλλων
337 3314 694 3386 ὀμονοήσατε·
736 3314 814 3379 ὡς
859 3315 926 3369 ἂν
973 3317 1131 3386 ὑμεῖς
1176 3334 1237 3371 τε
1292 3318 1569 3390 ἀλλήλοις,
1609 3321 1706 3376 καὶ

149 3405 294 3473 ἡμεῖς
337 3406 463 3476 ὑμῖν
510 3406 1167 3479 ὲπευφραινοίμεθαῌι),
1213 3408 1284 3464 τά
1323 3427 1386 3463 τε
1430 3410 1567 3465 ἄλλα
1610 3410 1707 3466 καὶ

148 3492 303 3559 δεξιὸν
341 3497 644 3567 ὑπόδειγμα
684 3496 993 3568 γενομένοις
1021 3497 1134 3567 (l5)
1181 3497 1333 3573 πάσῃ
1362 3502 1430 3571 τῇ
1477 3501 1707 3572 Ἐκκλη-

150 3583 252 3655 σία.
272 3587 365 3656 τῆς
391 3588 522 3660 περὶ
547 3586 719 3641 ταῦτα
752 3586 1193 3659 εὐγνωμοσύνης.

1806 1854 1962 1920 rint,
1997 1852 2103 1907 hoc
2140 1858 2224 1908 cst
2268 1857 2493 1922 propter
2540 1850 2740 1905 futurae
2789 1851 2915 1905 vitae
2968 1866 3101 1922 opes
3144 1849 3387 1920 inopiam

1806 1945 2038 2014 amplexi
2076 1944 2208 2001 sint.
2266 1943 2347 1999 Ne
2392 1943 2559 2014 igitur
2591 1958 2761 2014 parce
2803 1943 3023 2008 seratis,
3062 1950 3122 1998 ut
3165 1943 3391 2013 copiose

1805 2035 2118 2102 metatis“;
2178 2049 2370 2089 verum
2429 2035 2628 2090 bonam
2676 2049 2802 2089 cum
2863 2033 3018 2089 vobis
3054 2033 3220 2103 ipsis,
3271 2041 3388 2086 tum

1806 2126 2149 2182 charissimis
2171 2125 2370 2182 vestris
2421 2126 2797 2181 haareditatem
2844 2125 2987 2179 hanc
3030 2125 3339 2195 elargimini
3369 2164 3385 2188 ,

1805 2217 2052 2287 nihilque
2077 2232 2143 2273 ex
2193 2216 2262 2274 iis
2302 2217 2713 2282 subtrahentes,
2754 2232 2877 2287 quae
2899 2224 3235 2272 testamento
3264 2231 3388 2287 per-

1807 2311 2013 2381 scripta
2041 2318 2194 2375 sunt,
2223 2324 2414 2366 verum
2448 2309 2634 2365 omnia
2682 2310 2804 2366 laeto
2852 2317 3016 2380 atque
3077 2308 3240 2364 hilari
3269 2309 3389 2362 ani-

1806 2416 1897 2456 mo
1940 2399 2098 2457 nobis
2131 2400 2440 2457 tribuentes
2470 2439 2485 2466 ,
2517 2401 2628 2456 imo
2648 2416 2779 2456 vero
2826 2400 3138 2469 reddentes,
3171 2408 3231 2454 ut
3267 2415 3391 2470 qua:

1808 2491 2029 2562 proprie
2060 2489 2158 2547 Dei
2207 2492 2359 2557 sint.
2412 2507 2479 2547 ac
2527 2491 2679 2547 velut
2707 2490 2813 2546 hoc
2849 2490 3028 2547 solum
3076 2489 3389 2551 lucraturi,

1808 2582 1953 2653 quod
2006 2598 2108 2653 pro
2138 2584 2448 2638 animarum
2481 2590 2791 2639 vestrarum
2833 2582 3013 2639 salute
3054 2580 3393 2651 impenderi-

1809 2674 1899 2730 tis.
1932 2672 2074 2740 Quid
2098 2674 2244 2731 enim
2283 2673 2632 2747 praedonibus
2665 2682 2720 2729 et
2758 2672 2974 2729 furibus
3018 2673 3393 2730 thesaurizare

1808 2782 1947 2838 Opus
1978 2774 2065 2825 est
2084 2768 2166 2833 ³⁸,
2217 2775 2636 2838 temporumque
2693 2766 3098 2823 mutationibus
3149 2767 3392 2823 incertas

1807 2866 1863 2915 et
1892 2857 2113 2931 [rogites
2147 2875 2280 2930 opes
2312 2859 2381 2915 ad
2410 2860 2550 2914 alios
2579 2858 2828 2929 aliosque
2878 2856 3116 2914 subinde
3155 2857 3393 2913 transfe-

1808 2950 2058 3007 rentibus
2099 2956 2264 3021 atque
2291 2950 2663 3022 agitantibus,
2707 2962 2772 3005 ac
2814 2964 2923 3005 non
2951 2948 3139 3019 potius
3172 2948 3229 3003 in
3275 2955 3393 3003 tuta

1808 3039 2035 3106 horrea,
2074 3048 2131 3098 et
2163 3041 2640 3117 ﬁrmiorahquam
2689 3049 2750 3097 ut
2797 3042 2922 3098 ullis
2967 3040 3187 3098 insidiis
3211 3040 3393 3112 appeti

1811 3132 2062 3205 possint?
2085 3133 2165 3189 Ac
2193 3134 2589 3204 parcimoniam
2623 3135 2845 3207 quidem
2880 3134 3029 3190 circa
3060 3132 3167 3187 alia
3196 3134 3394 3189 ctaliis
3482 3150 3491 3159 '

1809 3226 2085 3282 ostendite
2132 3232 2286 3297 (opto
2322 3226 2469 3282 enim
2505 3241 2607 3283 vos
2659 3242 2786 3282 cum
2826 3226 3161 3297 benignitate
3200 3232 3394 3297 poten-

1810 3322 1894 3372 tes
1917 3330 2085 3382 esset.
2109 3317 2253 3389 apud
2279 3334 2381 3375 nos
2401 3326 2584 3375 autem
2612 3318 2813 3373 bonum
2852 3326 3132 3373 certamen
3164 3322 3390 3382 certate,

1810 3405 1918 3462 hoc
1947 3415 2053 3474 est,
2085 3417 2210 3465 uter
2232 3409 2463 3465 alterum
2490 3408 2601 3481 56
2628 3410 2832 3480 pietate
2860 3415 3115 3479 superet,
3140 3424 3204 3463 ac
3234 3408 3393 3463 benc-

1810 3498 2146 3555 dictionibus
2176 3499 2280 3564 iis,
2313 3515 2435 3570 quae
2462 3501 2653 3571 probis
2687 3499 2823 3556 viris
2865 3515 2929 3555 ex
2960 3497 3073 3554 Deo
3099 3498 3390 3554 debentur.

1810 3588 2000 3647 Fidem
2024 3591 2208 3662 itaque
2241 3592 2399 3649 nobis
2423 3590 2607 3657 facite,
2641 3606 2740 3647 vos
2765 3604 2894 3646 vere
2917 3597 2972 3646 et
2995 3590 3213 3645 sincere
3233 3589 3391 3644 Chri¢

153 3677 364 3731 stianam
404 3678 567 3734 (idem
616 3677 797 3733 colere
849 3691 914 3732 ac
968 3677 1242 3748 proﬁteri;
1273 3677 1408 3749 quin
1450 3678 1638 3749 potius
1674 3695 1706 3735 a
1746 3680 1892 3739 bono
1946 3682 2222 3754 principio
2271 3682 2490 3747 exorsi,
2522 3689 2740 3755 tamque
2772 3682 2863 3754 pio
2929 3691 2985 3739 et
3041 3681 3216 3753 justo,
3264 3681 3394 3736 hinc

156 3769 203 3823 in
236 3770 349 3825 aliis
377 3784 598 3840 quoque
628 3770 794 3826 rebus
823 3769 1125 3839 concordes
1158 3775 1337 3825 estote
1370 3787 1385 3825 :
1415 3776 1474 3824 ut
1508 3776 1564 3825 et
1596 3784 1696 3827 vos
1734 3770 1841 3841 ipsi
1870 3779 2087 3838 mutuo,
2109 3782 2164 3828 et
2222 3788 2327 3830 nos
2358 3773 2514 3830 vobis
2547 3757 2916 3837 oblectémur,
2959 3786 3086 3828 cum
3153 3771 3225 3827 ob
3263 3770 3392 3837 alia,

154 3871 255 3919 tum
301 3865 445 3935 quod
494 3863 764 3922 universae
795 3863 1052 3921 Ecclesiae
1104 3863 1397 3935 probitatis
1429 3864 1484 3920 in
1510 3864 1828 3936 hujusmodi
1856 3866 2025 3924 rebus
2052 3876 2218 3940 atque
2244 3867 2504 3926 candoris
2522 3867 2835 3939 exemplum
2857 3865 3096 3924 fueritis.

217 4019 441 4076 "Eccli.
480 4035 572 4086 nt,
600 4019 686 4077 11.
762 4020 807 4053 ³⁸
838 4018 1004 4077 Prov.
1044 4020 1232 4090 “1,8.
1312 4020 1354 4054 ’θ
1385 4019 1430 4075 Il
1451 4020 1582 4077 Cor.
1639 4037 1707 4090 ix,

1890 4024 1938 4056 ⁸⁵
1973 4021 2170 4078 Matth.
2201 4039 2278 4089 vt,
2315 4016 2514 4090 19,2οζ

218 4174 287 4241 {3)
320 4173 722 4244 Στηρίζουσαν
761 4175 964 4242 οτκους
1008 4172 1236 4228 τέκνων
1269 4173 1495 4244 μητρὸς
1531 4175 1709 4228 εὐλο-

159 4243 301 4328 γίιιν,
330 4243 536 4328 Alludit
568 4246 634 4300 ad
667 4245 797 4328 i!l_ud
831 4244 1007 4328 Eccli.
1035 4259 1117 4306 III,
1136 4244 1246 4328 β),
1274 4243 1581 4328 benedictio
1610 4259 1711 4312 pa-

163 4313 246 4366 tris
267 4315 640 4381 ﬁrmatdamos
672 4315 928 4385 ﬁliorum,
958 4323 1008 4367 et
1041 4312 1339 4368 maledictio
1371 4315 1560 4367 matris
1588 4330 1710 4367 era-

162 4381 284 4435 dicat
302 4386 671 4454 fundamenta.
696 4384 796 4441 Hic
817 4396 1001 4440 autem
1032 4382 1229 4439 vitiose
1259 4383 1461 4454 legitur
1491 4384 1545 4437 in
1572 4384 1705 4438 edit.

167 4453 309 4527 μητρί
340 4454 693 4527 ρτο-μητρόςο

1889 4172 2004 4244 (10)
2018 4173 2372 4244 νἘπιδᾴντες
2388 4171 2542 4244 ᾲήμῖν
2560 4170 2989 4244 ﬂdﬂoddﬂsc.‘
3001 4168 3059 4244 in
3086 4167 3219 4224 edit.
3237 4167 3392 4224 deest

1814 4241 2240 4315 ﬂuim'Combel'.
2272 4241 2562 4315 ἀποδόντες
2595 4242 2727 4312 ἡμῖν
2740 4242 2851 4315 ,καὶ
2873 4241 3173 4315 ἐπιδόντες,
3200 4248 3392 4315 cuncta

1816 4310 1965 4368 nobis
1996 4313 2270 4369 reddentes
2293 4328 2358 4368 ac
2381 4310 2718 4382 eiargientes.
2749 4310 2895 4377 Mox,
2934 4311 3005 4365 τά
3036 4310 3178 4366 forte
3204 4310 3393 4366 delen-

1814 4382 1998 4524 du(illi)
2042 4453 2103 4508 τι
2139 4450 2379 4524 τὰρῌδεῒ
2416 4451 2793 4524 θησαυρίζειν
2832 4450 3255 4524 λῃσταῖς-,Αειοε
3286 4448 3393 4524 No-

814 4521 1272 4604 psplczrlfegitur
1308 4521 1363 4575 in
1397 4519 1562 4604 Prov.
1596 4536 1707 4604 xvi,

1830 4499 3390 4604 ιειεεί’έεξξιιίιῑιτεξεςηέειῑῖλῑείίςιῖηθίῖιθζξξρῑλιο-ριε

165 4591 222 4646 8:
241 4592 417 4649 Melius
435 4604 515 4650 est
536 4590 726 4663 parum
753 4590 870 4646 cuin
888 4590 1109 4662 justitia
1136 4590 1298 4661 quam
1325 4590 1479 4644 multi
1502 4591 1708 4663 [ructas

168 4678 268 4734 eam
306 4661 597 4734 iniquitate.
643 4662 799 4717 ilunc
845 4661 1034 4734 locum
1073 4675 1186 4717 sua:
1231 4669 1384 4734 aptat
1426 4661 1711 4734 sententiae

167 4729 453 4802 Gregorius.
509 4733 632 4787 Bill.
678 4742 854 4789 autem
911 4729 1051 4805 μετὰ
1100 4729 1453 4801 μικρολογίας
1489 4732 1651 4786 vertit
1690 4749 1706 4787 :

169 4814 267 4854 cum
291 4805 552 4858 sordibus.

228 4870 296 4941 (7)
326 4874 512 4927 Οῑκων
541 4869 1001 4941 ἐκποιουμένῳν.
1046 4868 1138 4941 Ιιτιᾼ
1165 4870 1288 4941 cod.
1323 4867 1455 4938 Reg.
1473 4869 1547 4941 _ln
1573 4869 1706 4941 edit.

168 4937 574 5011 ἐμποιουμένων,
598 4937 869 5011 vertitque
898 4940 1021 4994 Bill.
1055 4958 1067 4992 :
1102 4937 1207 5011 Qui
1246 4946 1384 5011 totas
1413 4937 1570 5011 etiam
1607 4940 1710 5011 αυτ

171 5025 265 5064 mos
290 5007 514 5066 ecclesiis
558 5012 735 5065 addici
780 5007 926 5079 passi
973 5013 1101 5064 sint.
1151 5007 1377 5063 Rectius
1417 5008 1576 5071 lorle,
1617 5009 1742 5079 qui-

170 5080 309 5152 etiam
347 5093 481 5136 totas
529 5082 714 5137 domos
740 5081 893 5152 quasi
918 5078 1082 5135 inseri
1111 5088 1162 5132 et
1192 5078 1520 5147 incorporari
1544 5078 1713 5134 eccle-

169 5150 249 5203 siis
272 5152 612 5205 sustinebant.

231 5220 296 5287 (8)
317 5220 677 5290 Προήκαιτο.
706 5219 783 5274 Ita
809 5219 928 5273 cod.
954 5218 1088 5288 Reg.
1113 5216 1171 5271 In
1196 5216 1329 5290 edit.
1351 5217 1712 5290 προσήγοντο,

171 5286 617 5353 οὸιιιιενῖιιι.Μοι,
646 5290 832 5344 οὐσίαν
860 5304 957 5358 pro
988 5286 1323 5358 περιουσίαν.

232 5358 299 5427 (9)
332 5361 449 5414 Ἵνα
489 5362 800 5426 πλουσίως
843 5355 1133 5427 Iit-planis.
1180 5356 1434 5427 blendosc
1480 5355 1707 5427 in_cdit.

175 5423 430 5497 θερῆσητε.
452 5431 656 5484 Alludit
678 5423 977 5497 Gregorius
993 5423 1060 5480 ad
1084 5426 1216 5480 illud
1242 5428 1489 5495 Apostol.
1512 5424 1556 5479 ΙΙ
1576 5426 1705 5497 Cor.

173 5474 252 5554 ιὲἷ
266 5474 655 5566 ὂῖᾙιὶῖῥὶὶἓῖἔ
679 5474 1180 5564 ἆὶιὶῧὲὶὲἱξῦἇῖεἷεῖ
1198 5474 1488 5556 ἠὶὲῖἐιῖέί
1503 5474 1705 5564 {iiiis};

177 5566 321 5621 miunt
346 5570 392 5623 in
416 5567 880 5634 benedictionibus,
904 5568 966 5622 de
989 5566 1429 5621 benedictionibus
1458 5574 1507 5621 et
1531 5575 1701 5621 metet.

1820 4594 2184 4647 tltesaurizare
2212 4593 2357 4647 vobis
2388 4590 2662 4646 thesauros
2694 4592 2748 4645 iu
2779 4602 2941 4652 terra,
2967 4591 3057 4644 ubi
3085 4592 3227 4658 fures
3256 4590 3389 4658 effo-

1814 4664 1969 4717 diunt
1996 4672 2046 4717 et
2076 4663 2347 4732 furantur.
2388 4662 2766 4732 Thesaurizate
2803 4672 2979 4715 autem
3008 4661 3149 4732 vobis
3179 4659 3393 4713 thesau-

1817 4750 1905 4787 ros
1930 4734 1981 4786 in
2008 4731 2157 4796 caelo,
2182 4733 2270 4785 ubi
2299 4732 2442 4802 fures
2473 4749 2577 4787 non
2603 4731 3315 4802 eﬂ'odiunthecrfurantur.
3416 4733 3421 4739 ’

1887 4802 2000 4873 (l2)
2039 4801 2109 4873 Τό
2145 4803 2269 4873 μὲν
2300 4799 2568 4873 εὐτελές.
2606 4799 2779 4873 Vertit
2798 4799 2954 4873 βίη.
3002 4799 3385 4873 frugaiitatenz:
3428 4817 3451 4845 -.

1816 4865 1935 4927 Dub
1957 4865 2117 4942 codd.
2144 4865 2278 4942 Reg.
2311 4872 2372 4925 τὸ
2404 4865 2763 4942 μὲν-ἐντελές..
2794 4865 3267 4942 δίοιιιιοϐόιιὼθΐ.
3295 4865 3387 4942 ιιιιί

1816 4944 2000 5006 vertit,
2034 4940 2194 4997 Circa
2225 4935 2338 4995 alia
2365 4935 2417 4995 ei
2449 4940 2591 5003 aliis,
2625 4938 2764 5008 quod
2791 4935 2980 5008 rigoris
3016 4948 3093 4992 est
3125 4948 3174 5008 et
3200 4935 3389 5008 sevcri-

1818 5013 1943 5065 tatis
1979 5004 2273 5073 ostendite;
2318 5018 2377 5063 ut
2421 5017 2477 5063 et
2502 5004 2680 5079 epist.
2718 5004 2926 5079 Lxsvlt,
2973 5004 3390 5079 oslaylipzbgtouc

1817 5082 2049 5152 φανῆναι
2087 5081 2287 5153 μᾶλλον
2313 5080 2347 5150 ἢ
2378 5073 2631 5141 ἐντελεῖς,
2661 5078 2806 5148 quod
2839 5077 2965 5153 Bill.
2987 5073 3192 5141 reddit,
3228 5073 3389 5127 Beni-

1816 5147 2143 5223 gnos'potius
2176 5147 2345 5220 quant
2364 5164 2566 5202 severos
2597 5147 2690 5201 nos
2719 5147 3068 5214 praebeamus.

1820 5291 1852 5293 υ
1892 5221 2131 5293 (13)7Ἐκ
2157 5219 2325 5284 Θεοῦ,
2348 5217 2567 5293 ea:_Deo.
2601 5216 2701 5293 Dei
2723 5217 2934 5293 scilicet
2962 5215 3294 5285 indulgentia
3323 5230 3389 5268 ac

1818 5286 2164 5354 liberalitate,
2203 5304 2311 5343 non
2343 5305 2374 5341 a
2409 5287 2515 5341 Deo
2550 5286 2706 5355 quasi
2736 5286 3003 5340 debitore.

1917 5361 1999 5425 Η)
2034 5352 2623 5427 Ἑπὲυφραινοίμεθὰ,
2645 5354 2776 5408 Cod.
2803 5352 3312 5427 ἐπευφραινὼμεθα.

1917 5363 1999 5425 H)
2034 5363 2614 5427 Ἐπευφραινοίμεθιι.
2645 5363 2776 5408 Cod.
2803 5363 3312 5427 ἐπευφραινὼμευα.

1886 5363 1999 5499 (15)
2045 5424 2773 5499 ’Υπόδειγιιῳγενομένοις.
2813 5424 2950 5480 Cod.
2984 5426 3118 5495 licg.
3147 5431 3200 5479 cl.
3229 5422 3384 5478 Contr

1812 5495 1920 5554 bcl'.
1955 5495 2255 5568 ὗπόδειγμι
2288 5496 2585 5571 γενόμενος.
