3802 6186
407 253 506 308 151
1653 250 1711 310 S.
1751 250 2080 308 GREGORII
2118 253 2462 310 TIIEOLOGI
3577 256 3693 310 {5'2

410 371 643 426 facimus
677 390 690 426 :
725 380 871 425 tuam
905 369 1271 440 integritatem
1312 386 1375 426 ac
1416 371 1804 442 perfertionem
1837 375 1970 429 salu-

2149 394 2193 429 εν
2228 376 2302 448 μὴ
2334 376 2563 447 κάμνειν
2595 392 2651 429 σε
2696 376 3043 447 μεμνημένον
3067 374 3244 447 ἡμῶν.
3280 376 3355 428 Οὐ
3382 374 3496 445 γὰρ
3529 375 3689 443 ὼφέ-

410 474 608 529 tamus,
668 471 831 532 teque
884 478 953 516 ne
1002 464 1176 517 nostri
1222 463 1605 518 recordatione
1653 464 1966 535 defatigeris

2153 485 2206 520 ια
2238 469 2369 538 ἡμῖν
2403 468 2562 538 μόνον
2586 467 2696 521 τῶν
2722 469 2847 522 σῶν’
2872 466 3261 533 ωταξιοῦσθαι
3294 466 3690 539 γραμμάτων.

408 568 631 608 oramus
666 559 831 621 atque
871 555 1253 609 obsecramus.
1290 554 1476 626 Neque
1522 556 1666 611 cnim
1714 564 1820 610 tuae
1852 558 1970 611 litle

2149 557 2221 612 ,λὰ
2265 558 2359 611 καὶ
2389 558 2648 629 καύχημα
2696 558 2830 628 πρὸς
2861 559 2988 621 τοὺς
3031 557 3276 621 πολλοὺς,
3321 559 3415 610 καὶ
3453 554 3692 609 καλὶώ-

408 657 499 705 rae,
530 658 651 696 cum
698 644 768 698 iis
817 645 916 698 abs
946 657 998 699 te
1038 646 1329 714 donamur,
1376 647 1532 701 nobis
1586 647 1805 701 utilitati
1855 647 1966 702 dun

2154 665 2283 717 σμα,
2316 650 2397 701 ὅτι
2435 647 2591 717 λόγος
2619 649 2775 720 ἡμῶν
2803 650 2921 701 ἐστι
2953 650 3083 719 παρ’
3108 648 3264 720 ἀνδρὶ
3300 647 3544 716 τοσούτῳ
3574 647 3692 716 τὴν

406 742 555 786 taxat
583 743 734 798 sunt,
765 737 859 790 sed
884 737 1046 790 etiam
1076 738 1389 807 gloriationi
1416 741 1557 808 apud
1594 740 1796 794 multos
1823 749 1970 811 atqui

2149 741 2306 811 ιετὴν,
2340 740 2434 793 καὶ
2459 740 2728 810 τοσαύτην
2770 740 2945 811 ἔχοντι
2977 740 3113 810 πρὸς
3151 738 3284 792 Θεὸν
3333 740 3688 808 οἰκειότητα,

405 833 732 877 ornamento
766 841 781 877 :
812 841 1006 895 nempe
1028 827 1173 895 quod
1204 828 1346 897 apud
1371 829 1550 881 virum
1601 835 1751 882 tanta
1785 830 1970 884 virtutt

2149 846 2224 881 ςτε
2281 830 2374 882 καὶ
2420 830 2614 892 ἄλλους
2660 829 2896 883 οἰκειοῦν
2950 828 3210 883 δύνασθαι
3257 829 3351 884 καὶ
3388 828 3537 898 λόγῳ
3579 827 3689 880 καὶ

406 912 717 980 prmditum,
764 924 1084 986 tantamque
1134 919 1275 988 apud
1325 916 1493 972 Deum
1541 919 1970 988 conjunctionen‘

2149 920 2463 991 εςδείγματι.

405 1021 468 1058 ac
519 1005 942 1063 familiaritatem
993 1010 1299 1077 habentem,
1350 1017 1409 1064 ut
1459 1011 1596 1065 alios
1648 1010 1837 1075 etiam,
1876 1019 1993 1065 tum
2032 1027 2305 1078 sermone,
2353 1021 2469 1067 tum
2535 1011 2807 1083 exemplo,
2853 1007 2967 1066 Deo
3008 1012 3307 1069 conciliare
3358 1020 3531 1083 atque
3571 1010 3682 1065 ad-

400 1103 631 1174 jungere
656 1102 853 1173 possit,
888 1105 1072 1175 aliquo
1101 1106 1222 1159 loco
1249 1119 1313 1159 ac
1346 1120 1574 1161 numero
1612 1106 1807 1160 simus.

908 1280 1118 1339 LXVIL
1160 1283 1187 1337 J
1198 1278 1469 1338 L‘LIANO.

2544 1276 2660 1334 zzv.
2702 1277 3029 1352 torAIANe
3068 1278 3202 1352 (56).

475 1460 590 1525 Quo
636 1466 864 1527 (carpare
920 1456 1325 1530 Nazianzenam
1359 1455 1654 1530 Ecclesium
1706 1453 2115 1530 administrabat
2150 1452 2478 1530 Tlteologas,
2539 1452 2674 1507 hanc
2704 1453 2927 1510 Iuliano
2984 1459 3233 1527 priefecto
3285 1461 3506 1529 scripsit
3556 1465 3685 1530 epi-

407 1523 645 1590 stolam;
703 1523 805 1581 non
861 1528 1069 1597 quidem
1124 1539 1246 1580 ante
1281 1543 1483 1598 annum
1529 1526 1669 1589 5'“,
1731 1541 1832 1594 quo
1868 1523 2249 1598 Nazianzenus
2305 1526 2578 1598 episcopus
2622 1535 2858 1598 mortuus
2899 1523 3202 1598 causaque
3236 1523 3449 1584 mortuo
3485 1523 3685 1585 noster

404 1599 690 1679 Gregorius
716 1596 1011 1679 regendam
1056 1598 1229 1679 ipsius
1268 1596 1566 1679 .Ecciesiam
1629 1611 1765 1675 (egre
1802 1596 2057 1679 suscepit,
2114 1610 2204 1647 nec
2248 1597 2435 1676 .serius
2485 1610 2625 1679 anno
2795 1596 3125 1679 “siquidem
3177 1598 3275 1651 hoc
3325 1616 3467 1652 anno
3498 1640 3514 1664 ,
3565 1600 3683 1654 Ec-

403 1662 577 1721 clesia:
619 1662 870 1736 regimine
914 1662 1115 1734 objecta
1137 1705 1169 1738 ,Α
1191 1664 1483 1738 Seleuciam
1512 1681 1566 1738 se
1593 1662 1805 1734 recepit.
1828 1663 2106 1719 lulianum
2126 1704 2141 1729 ,
2170 1666 2259 1733 qui
2284 1662 2625 1733 exmquandis
2660 1664 2873 1720 tributis
2903 1662 3000 1721 Iioc
3033 1683 3174 1723 anno
3208 1662 3507 1738 prwfectus‘
3527 1680 3681 1734 erat,

406 1748 555 1808 rogat
589 1746 645 1790 ut
680 1735 898 1791 clericos
930 1752 1054 1790 suos
1086 1736 1287 1790 eximat
1312 1752 1345 1788 a
1377 1735 1612 1789 tributis.

472 1913 602 1967 Mihi
634 1911 1102 1992 tecum_amicitiae
1128 1909 1348 1982 quidem
1377 1908 1545 1963 multa
1575 1909 1701 1978 jura
1744 1908 1970 1965 interce-

2164 1910 2317 1981 Ἐμοὶ
2343 1910 2478 1981 πρὸς
2514 1910 2573 1963 σὲ
2599 1909 2780 1976 φιλίας
2809 1910 2909 1981 μὲν
2939 1910 3109 1964 πολλὰ
3138 1911 3345 1978 δίκαια,
3373 1912 3471 1966 καὶ
3501 1913 3555 1966 εἰ
3594 1914 3678 1985 μή

399 2001 556 2064 dunt,
589 2009 643 2057 et
684 2004 728 2056 si
760 2002 895 2056 nihil
946 2000 1116 2065 aliud,
1152 2001 1349 2055 litterae
1390 2009 1558 2065 certe,
1589 1999 1789 2068 quibus
1834 1998 1977 2069 apud

401 2094 602 2146 multos
637 2092 774 2145 nihil
814 2090 1184 2145 venerabilius
1228 2100 1333 2154 est,
1382 2104 1483 2144 nec
1532 2089 1675 2157 quod
1714 2090 1976 2158 majorem

396 2182 462 2237 ad
500 2181 913 2237 conciliandum
957 2196 1199 2236 amorem
1228 2181 1335 2234 vim
1377 2180 1577 2235 habeat
1609 2200 1622 2236 :
1657 2179 1977 2236 oﬂ‘ensionis

396 2282 576 2327 autem
621 2282 672 2327 et
704 2272 1009 2326 inimicitiae
1054 2286 1158 2325 nec
1190 2286 1358 2326 causa
1390 2272 1500 2325 ulla
1538 2279 1642 2335 est,
1677 2279 1840 2340 atque
1866 2271 1977 2324 uti-

375 2380 521 2436 nam
565 2380 631 2419 ne
680 2366 752 2419 sit
808 2377 1075 2432 unquam.
1130 2361 1264 2414 Nam
1309 2377 1395 2425 ea,
1448 2361 1520 2416 ob
1542 2376 1666 2431 quae
1713 2361 1979 2416 adversus

398 2456 621 2509 fratrem
665 2453 990 2508 Nicobulum
1038 2450 1254 2508 infenso
1302 2451 1489 2506 animo
1532 2466 1615 2515 es,
1651 2457 1748 2505 aut
1795 2450 1866 2504 ab
1912 2466 1979 2504 eo

395 2561 632 2600 moerere
669 2544 896 2601 aﬂ‘ectus
926 2560 1008 2609 es,
1060 2559 1171 2599 non
1217 2546 1391 2617 magis
1435 2544 1503 2599 ad
1553 2559 1640 2600 me
1681 2546 1975 2615 pertinent,

393 2651 558 2705 quam
589 2651 710 2704 quae
736 2636 879 2705 apud
904 2634 1066 2690 Indos
1090 2646 1361 2706 geruntur
1388 2655 1400 2689 :
1434 2635 1540 2690 hoc
1584 2651 1695 2691 uno
1728 2644 1976 2706 excepto,

394 2725 540 2795 quod
581 2726 714 2778 nihil
748 2740 961 2788 eorum,
997 2740 1119 2794 qua:
1148 2725 1519 2796 contigerunt,
1553 2725 1684 2779 mihi
1708 2726 1814 2797 61
1850 2741 1979 2795 pro-

394 2811 576 2866 batur.
610 2811 976 2877 Quamobrem
1005 2813 1120 2867 haec
1145 2814 1278 2867 mihi
1308 2829 1377 2869 ne
1407 2814 1663 2885 imputes,
1710 2831 1814 2871 nec
1851 2832 1978 2886 pro-

391 2915 580 2973 pterea
610 2904 854 2959 deterius
876 2904 1150 2973 quoddam
1180 2905 1247 2959 de
1269 2905 1443 2975 teipse
1468 2905 1762 2961 consilium
1787 2907 1974 2965 ineas:

391 3013 581 3052 verum
614 2999 792 3068 reipsa
838 2998 1232 3067 benignitatem
1264 3014 1407 3066 eam,
1438 3015 1604 3071 quam
1638 3001 1975 3072 pauperibus

392 3089 671 3158 pollicitus
716 3105 797 3155 es,
843 3099 1063 3161 praesta.
1101 3091 1244 3156 Quin
1301 3092 1463 3146 etiam
1511 3093 1743 3150 clericos
1801 3109 1971 3159 meos,

391 3191 530 3243 quos
572 3192 603 3229 a
653 3185 705 3231 te
752 3177 998 3247 peposci,
1050 3178 1241 3232 tributi
1284 3179 1548 3249 pensione
1595 3181 1973 3236 liberazillud

2079 2019 2132 2054 τι
2159 2001 2306 2065 ἄλλο,
2336 2004 2384 2055 οἱ
2414 2003 2584 2071 λόγοι,
2615 1997 2688 2057 ὧν
2726 2003 2879 2056 οὐδὲν
2907 2006 3019 2067 τοῖς
3047 2004 3263 2067 πολλοῖς
3313 2005 3681 2076 αἰδεσιμώτε-

2083 2110 2194 2162 ρον,
2230 2091 2348 2145 οὐδὲ
2381 2094 2738 2164 οἰκειότερον
2774 2094 3071 2165 ἀπεχθείας
3117 2096 3173 2149 δὲ
3211 2096 3465 2159 ὑπόθεσις
3510 2098 3675 2149 οὐδε-

2084 2183 2201 2254 μία,
2251 2183 2375 2236 οὔτε
2423 2184 2558 2247 ἐστὶ,
2620 2185 2758 2254 μήτε
2802 2184 3016 2253 γένοιτο
3061 2184 3196 2257 (57).
3254 2189 3319 2240 ’Δ
3362 2182 3471 2259 γὰρ
3525 2189 3679 2258 πρὸς

2080 2271 2170 2324 τὸν
2200 2271 2425 2340 ἀδελφὸν
2453 2272 2802 2338 Νικόϐουλον,
2858 2273 2891 2344 ἢ
2926 2273 3076 2344 παρὰ
3121 2275 3453 2328 Νικοϐούλου
3507 2276 3677 2330 λελύ-

2082 2378 2272 2432 πησαι,
2311 2363 2540 2434 οὐκὲμὰ
2573 2363 2793 2433 μᾶλλον,
2820 2364 2853 2434 ἢ
2887 2364 2953 2417 τὰ
2980 2367 3037 2417 ὲν
3070 2366 3251 2428 Ἰνδοῖς
3274 2368 3636 2438 πραττόμενα
3658 2387 3671 2399 ·

2081 2451 2203 2503 ὅσον
2245 2452 2338 2504 ἐπὶ
2367 2452 2429 2505 τὸ
2459 2452 2570 2523 (58)
2607 2454 2682 2524 μὴ
2730 2453 3160 2525 συναρέσκεσθαι
3202 2458 3392 2528 μηδενὶ
3421 2458 3535 2510 τῶν
3574 2476 3671 2527 γε-

2081 2545 2414 2615 γενημένων.
2451 2545 2541 2617 Μὴ
2573 2546 2750 2600 τοίνυν
2783 2548 2906 2618 ἐμοὶ
2938 2547 3112 2601 ταῦτα
3150 2549 3361 2620 λογίσῃ.
3399 2551 3535 2621 μηδὲ
3578 2552 3677 2606 δ.ἀ

2079 2635 2239 2687 τοῦτο
2289 2636 2467 2709 χεῖρόν
2511 2655 2564 2690 τι
2615 2637 2877 2711 βουλεύσῃ
2926 2638 3054 2711 περὶ
3109 2640 3373 2693 σεαυτοῦ·
3429 2641 3550 2694 ἀλλ’
3603 2646 3675 2714 ἢν

2082 2725 2321 2796 ὑπέσχου
2350 2730 2462 2790 τοῖς
2513 2731 2749 2797 πτωχοῖς
2799 2728 3233 2800 φιλανθρωπίαν,
3287 2730 3502 2800 ταύτην
3541 2732 3674 2786 ἐπι-

2078 2814 2206 2885 τελῆ
2231 2816 2476 2885 ποίησον.
2508 2818 2619 2870 Καὶ
2650 2818 2751 2887 μέν
2781 2835 2862 2871 τοι
2897 2818 3141 2882 καὶτοὺς
3176 2820 3305 2889 περὶ
3345 2820 3445 2890 ἐμὲ
3473 2820 3676 2892 κληρι-

2078 2906 2241 2970 κους,
2295 2907 2453 2969 ὅσους
2500 2908 2942 2980 παρῃτησάμην,
2992 2909 3093 2978 τῆς
3156 2909 3489 2980 ἀπογραφῆς
3549 2912 3671 2982 (59)

2079 2994 2463 3064 ὲλευθέρωσον,
2511 2996 2690 3050 ἐκεῖνο
2733 2997 3079 3070 ἐνθυμηθεὶς,
3109 2998 3192 3051 ὅτι
3229 2997 3349 3051 λίαν
3388 2999 3499 3052 τῶν
3539 3000 3674 3052 ἀτόο

2080 3102 2199 3161 πων
2231 3087 2341 3156 (60)
2374 3086 2545 3152 ἐστὶν,
2585 3087 2776 3153 ἄλλους
2824 3091 2923 3161 μὲν
2950 3090 3045 3143 καὶ
3082 3090 3269 3143 οὐσίαν
3309 3090 3435 3160 ὅλην
3479 3090 3673 3143 καθιεο

2080 3178 2205 3249 ροῦν
2247 3178 2325 3249 τῷ
2364 3179 2507 3250 Θεῷ,
2559 3181 2618 3233 σὲ
2657 3181 2715 3234 δὲ
2764 3181 2898 3251 μηδὲ
2951 3185 3153 3252 προῖκα
3193 3180 3483 3251 βούλεσθαι
3518 3178 3667 3235 εἶναι

391 3276 576 3321 tecum
623 3274 908 3336 reputans,
945 3282 1061 3322 rem
1109 3284 1233 3324 esse
1280 3283 1611 3340 magnopere
1652 3269 1970 3336 absurdam,

2150 3271 2343 3339 ηστόν·
2403 3273 2497 3325 καὶ
2529 3271 2719 3336 ἄλλαις
2753 3273 2863 3344 (6|)
2908 3274 3005 3343 μὲν
3041 3272 3229 3326 πόλεσι
3283 3274 3490 3336 πάντας
3536 3276 3670 3336 τοὺς

391 3359 531 3412 alios
561 3373 692 3412 suas
715 3374 933 3429 quoque
959 3374 1154 3413 omnes
1175 3357 1464 3415 facultates
1490 3359 1599 3415 Deo
1622 3376 1970 3429 consecrare,

389 3456 445 3502 te
490 3455 671 3501 autem
715 3463 784 3502 ne
816 3448 989 3518 gratis
1032 3449 1254 3518 quidem
1287 3449 1582 3520 benignum
1625 3466 1749 3508 esse
1781 3452 1921 3507 velle
1953 3469 1968 3507 :

2085 3361 2215 3430 περ).
2240 3359 2302 3413 τὸ
2337 3360 2489 3432 βῆμα
2524 3362 2743 3433 δοθῆναι
2774 3363 2907 3434 (62),
2956 3366 3087 3434 ἡμῖν
3117 3363 3175 3417 δὲ
3211 3363 3349 3434 μηδὲ
3380 3364 3509 3427 τοὺς
3542 3381 3670 3417 συν-

2078 3451 2238 3516 όντας
2261 3455 2357 3506 κα)⁵
2383 3452 2785 3525 θεραπεύοντας
2813 3456 2947 3527 (65),
2989 3457 3083 3509 καὶ
3110 3455 3281 3509 ταῦτα
3329 3456 3458 3527 παρ’
3507 3457 3668 3528 ὑμῶν

390 3547 555 3609 atque
583 3540 707 3595 aliis
738 3540 970 3594 urbibus
996 3554 1187 3594 omnes
1218 3554 1336 3605 eos,
1372 3539 1466 3609 qni
1510 3540 1815 3595 sacrarium
1857 3555 1970 3593 am-

2149 3560 2183 3596 »ν
2213 3545 2582 3609 οἰκειοτάτων,
2612 3545 2707 3610 οὓς
2752 3547 2911 3617 τυχὸν
2953 3548 3053 3601 οὐκ
3104 3545 3469 3618 αἰσχυνοῦμεν
3517 3549 3664 3618 (64).

390 3632 571 3696 biunt,
602 3633 818 3696 donari,
860 3633 1024 3688 nobis
1073 3642 1252 3688 autem
1294 3646 1364 3687 ne
1405 3648 1500 3687 eos
1549 3632 1791 3701 quidem,
1836 3647 1976 3701 quo-

390 3739 512 3776 rum
541 3723 944 3777 consuetudine
973 3723 1202 3785 utimur,
1234 3733 1287 3777 et
1315 3724 1407 3791 qui
1439 3722 1598 3777 nobis
1639 3721 1973 3787 ministrant,

391 3813 556 3882 idque
581 3829 612 3867 a
643 3813 819 3878 vobis,
847 3813 1176 3881 quibuscum
1204 3827 1419 3868 summa
1442 3813 1604 3867 nobis
1626 3821 1710 3868 est
1734 3812 1971 3867 familia-

391 3905 548 3968 ritas,
579 3912 633 3957 ιιι
665 3903 866 3973 quibus
912 3902 1149 3958 fortasse
1181 3901 1406 3957 minime
1446 3902 1705 3957 dedecori
1741 3903 1968 3958 erimus.

389 3992 516 4047 llaec
546 4008 575 4046 a
609 3994 770 4049 nobis
809 3994 877 4048 ad
913 4001 965 4050 te
1005 3994 1175 4049 scribi
1205 4008 1302 4063 par
1347 3992 1472 4049 fuit.
1502 3991 1615 4049 Nec
1657 3994 1801 4049 enim
1841 4009 1972 4049 con-

389 4086 540 4154 gredi
583 4094 761 4141 tecum
793 4088 969 4151 licuit,
1003 4094 1293 4156 propterea
1335 4084 1483 4156 quod
1516 4084 1742 4140 morbus
1775 4101 1863 4141 me
1897 4086 1969 4140 ad

2077 3632 2263 3687 Ταῦτα
2292 3635 2650 3705 ὲπισταλῆναί
2677 3653 2760 3690 σοι
2798 3639 2927 3708 παρ’
2954 3636 3112 3708 ἡμῶν
3141 3637 3325 3700 καλῶς
3358 3632 3492 3706 εἶχε.
3527 3638 3661 3688 Συνο

2076 3727 2258 3795 τυχεῖν
2288 3725 2346 3779 δὲ
2389 3727 2489 3780 οὐκ
2534 3726 2835 3795 ἐξεγένετο,
2885 3727 3070 3798 ἐπειδή
3119 3745 3187 3799 με
3234 3730 3269 3799 ἡ
3302 3729 3458 3791 νόσος
3487 3727 3661 3799 ἐξώρ-

2082 3834 2222 3887 μησε
2268 3820 2404 3890 πρὸς
2452 3819 2520 3873 τὰ
2562 3820 2749 3874 Τύανα
2794 3820 3094 3894 θεραπείας
3146 3819 3494 3890 τευξόμενον,
3554 3819 3667 3880 ἕως

2049 3907 2289 3978 ικαιρός.
2323 3911 2434 3963 Καὶ
2470 3910 2826 3979 συγγίνωσκε.
2871 3911 3015 3964 Ἀντ“ι
3052 3910 3111 3963 δὲ
3156 3909 3315 3980 ήμῶν
3356 3909 3499 3979 ἔχεις
3527 3902 3667 3960 Θεὸν

2078 3999 2342 4069 παρόντα,
2390 4002 2484 4054 καὶ
2522 4001 2819 4075 βοηθοῦντα
2844 4004 2958 4065 τοῖς
3004 4000 3221 4072 πένησι,
3254 4000 3348 4054 τὸν
3396 3998 3532 4053 πολὺ
3561 4001 3666 4068 τῆς

2078 4090 2380 4158 παρουσίας
2406 4090 2564 4162 ήμῶν
2594 4091 3036 4163 αἰδεσιμὼτερον.

389 4172 732 4243 Tyanensem
779 4178 970 4230 urbem
1015 4175 1290 4246 proﬁcisci
1334 4175 1537 4245 coegit,
1575 4183 1657 4239 ut,
1739 4174 1867 4229 dttm
1916 4190 2015 4246 per
2049 4184 2265 4248 tempus
2310 4179 2460 4243 licet,
2530 4197 2775 4237 curarer.
2820 4185 2984 4254 idque
3022 4186 3184 4240 velim
3231 4187 3513 4259 ignoscas.
3553 4183 3663 4237 Pro

391 4270 549 4323 nobis
596 4280 777 4323 autem
839 4270 1009 4326 Deum
1055 4278 1380 4340 praesentem
1453 4270 1665 4333 habes,
1716 4285 1781 4324 ac
1852 4271 2187 4340 pauperibus
2234 4287 2391 4342 opem
2430 4274 2714 4342 ferentem,
2762 4279 2855 4347 qui
2904 4283 3194 4351 praesentia
3251 4289 3441 4338 nostra
3486 4280 3665 4335 multo

393 4360 675 4429 augustior
708 4374 771 4413 ac
800 4361 1166 4416 venerabilior
1195 4368 1299 4416 est.

464 4598 576 4669 (56)
617 4598 767 4669 Alias
789 4592 1017 4669 CLXVI.
1050 4598 1265 4669 scripta
1300 4599 1488 4669 eodem
1521 4604 1785 4668 tempore.

465 4667 579 4748 (57)
616 4667 780 4748 IlI-lita:
807 4667 1058 4737 γένοιτο.
1109 4667 1187 4721 Ita
1217 4668 1338 4722 cod.
1386 4667 1520 4738 Reg.
1557 4677 1611 4723 ct
1639 4667 1884 4724 Combel'.
1912 4668 1968 4723 In

393 4737 499 4791 edit
510 4778 523 4790 .
557 4737 691 4806 μηδὲ
719 4738 946 4805 γένοιτο.

466 4805 575 4873 (58)
609 4805 800 4860 Ὅσον
821 4807 918 4859 ἐπὶ
939 4808 1025 4869 τό,
1052 4817 1156 4860 etc.
1188 4805 1458 4860 ComIn-f.:
1486 4823 1548 4860 ea
1576 4818 1709 4860 certe
1740 4807 1966 4872 ratione,

392 4877 530 4944 quod
558 4893 738 4929 eorum
765 4893 881 4946 qua:
918 4887 1063 4946 gesta
1089 4886 1232 4938 sunt,
1257 4876 1406 4946 nihil
1436 4874 1786 4945 probaverim.
1820 4875 1965 4942 Mox,

392 4947 709 5023 cod_.AP;t_s§.
744 4945 878 5023 μηδὲ
912 4945 1358 5023 συναρέωςεσθαι.

466 5015 576 5082 (59)
615 5014 728 5083 Τῆς
746 5011 1122 5083 ἀπογραφῆς.
1164 5015 1239 5069 Ita
1272 5015 1395 5069 cod.
1433 5012 1567 5084 Reg.
1604 5012 1661 5066 In
1708 5011 1843 5068 edit.
1874 5013 1974 5082 τῆς

396 5086 630 5154 γραφῆς.

2001 4602 2045 4658 o
2111 4570 2438 4680 (δέλτοις
2463 4601 2595 4669 περὶ
2636 4601 2702 4680 τε)
2746 4600 2918 4671 ,βῆμα
2954 4602 3223 4680 δοθῆναι.
3268 4580 3541 4672 ροιηιιοῑς,
3574 4612 3664 4680 qui

2078 4672 2320 4740 sacrario
2351 4671 2643 4740 funguntur
2668 4674 2926 4726 immunes
2959 4673 3131 4730 reddi.

2151 4739 2261 4808 (63)
2288 4740 2397 4814 Καί
2424 4739 2880 4814 θεραπεύοντας.
2907 4741 3221 4798 Tiilemont.
3255 4746 3659 4814 interpretatio-

2078 4824 2199 4863 nem
2217 4809 2535 4880 sequimur.
2562 4810 2832 4872 Combel‘.,
2856 4813 2944 4880 qui
2975 4823 3156 4869 nostro
3181 4825 3304 4869 sunt
3333 4809 3541 4869 addicti
3571 4818 3663 4869 ob-

2078 4879 2279 4945 sequio.
2310 4878 2426 4932 Non
2455 4880 2599 4950 satis
2630 4890 2753 4950 apte
2785 4878 2931 4946 Bill.,
2956 4897 2988 4933 a
3019 4884 3208 4950 quibus
3235 4885 3461 4939 colimur
3485 4896 3535 4938 et
3568 4888 3661 4939 ob-

2076 4962 2386 5018 seruantur;
2422 4948 2502 5001 sic
2523 4951 2666 5003 enim
2694 4948 2988 5018 Gregorius
3015 4948 3043 5002 a
3072 4960 3189 5007 toto
3224 4955 3373 5008 clero
3400 4970 3520 5008 suo.
3552 4953 3659 5009 Sed

2072 5016 2164 5087 hic
2197 5016 2265 5070 de
2305 5016 2419 5087 illis
2467 5032 2647 5071 sermo
2697 5028 2781 5072 est
2812 5016 2917 5087 iqui
2969 5021 3192 5074 domum
3244 5023 3662 5079 constituebant

2071 5085 2340 5153 episcopi,
2366 5100 2504 5155 quos
2529 5087 2753 5155 speciali
2777 5085 2989 5142 ratione
3013 5089 3290 5146 innnunes
3313 5094 3437 5148 esse
3458 5092 3662 5149 debere

471 5149 582 5226 (tio)
612 5153 764 5206 Δίαν
788 5152 909 5205 τῶν
934 5151 1296 5226 ἀτόπων.ᾼ1ιο
1327 5152 1463 5226 cod.
1481 5151 1538 5204 lu
1567 5150 1698 5205 edit.
1726 5149 1845 5203 λίαν
1867 5149 1970 5226 τῶν

2149 5149 2438 5226 ηιοιὶάθιιέιι
2471 5149 2784 5226 Gregorius.

402 5219 664 5282 ἀπίστων,
702 5238 811 5274 rem
846 5238 1153 5290 magnopere
1189 5221 1568 5276 incredibilem.

474 5290 579 5355 (Gl)
609 5291 715 5343 Καὶ
744 5287 980 5354 ἀλλαιᾲ
1024 5287 1101 5345 Ita
1131 5306 1321 5347 omnes
1358 5291 1519 5346 codd.
1550 5287 1721 5343 nostri
1751 5296 1805 5343 et
1826 5288 1979 5343 (ium-

403 5354 508 5407 bef.
546 5354 687 5411 Edit.
717 5361 811 5412 καὶ
840 5358 1051 5424 ἄλλους.

2148 5224 2259 5298 (64)
2299 5223 2888 5298 0_i)x_aiUzvroﬁ;wr.
2908 5225 3082 5283 Codd.
3118 5226 3301 5298 Μίδα,
3328 5230 3575 5287 Montac.
3608 5240 3658 5290 ct

2074 5291 2265 5349 Morel.
2296 5292 2514 5361 αἰσχὺνο
2524 5311 2638 5345 uati.
2753 5291 2765 5294 ⁷
3209 5340 3213 5344 .
