3802 6198
315 294 420 350 M3

1545 286 1605 341 S.
1654 283 1982 343 GREGORII
2020 279 2368 340 THEOLOGI

3467 283 3586 340 ιιι

313 405 490 469 tiisse,
517 401 898 475 virginumque
925 397 1187 471 pudorem
1206 399 1262 454 in
1289 397 1616 455 oblivionem
1645 400 1888 461 venisse,

2062 418 2100 452 »ν
2147 401 2212 452 ἐκ
2254 399 2354 469 τῆς
2388 395 2738 468 τραχύτητος
2776 395 2871 451 καὶ
2909 395 3000 450 τὸν
3044 395 3210 450 ἔλεον.
3255 397 3396 450 Ἀλλ’
3441 398 3590 462 ἴσως

315 496 708 553 monachorum
751 493 1106 558 modestiam,
1141 507 1440 563 pauperum
1483 491 1846 546 calamitatem
1872 529 1888 554 ,

314 604 454 659 quos
515 587 822 642 animorum
889 584 1186 641 austeritas
1235 583 1611 639 misericordia
1680 597 1896 652 quoque

317 680 643 751 privaverat.
692 675 1067 731 Nihilominus
1091 685 1278 730 tamen
1312 675 1538 730 lenitate
1575 681 1740 744 atque
1780 673 1896 728 cle-

315 767 516 823 mentia
574 765 654 821 uti
709 765 943 822 fortasse
983 765 1158 820 satius
1212 772 1334 828 est,
1380 763 1676 832 multisque
1711 778 1806 834 per
1832 776 1898 816 ea

2001 490 2376 562 μακροθυμεῖν
2417 487 2663 558 ἄμεινον,
2703 487 2799 540 καὶ
2832 487 3049 550 πολλοῖς
3089 488 3148 554 ἐξ
3180 482 3255 540 ὧν
3286 489 3590 560 πάσχομεν

1997 581 2197 634 διδόναι
2233 577 2612 649 μακροθυμίας
2636 577 2977 648 ὑπόδειγμα.
3009 579 3083 631 Οὐ
3111 577 3220 650 γάρ
3251 578 3427 654 οὕτως
3465 570 3589 650 (2(3)

1999 673 2028 725 ό
2049 671 2206 739 λόγος
2235 669 2412 723 πείθει
2439 670 2567 734 τοὺς
2599 669 2851 733 πολλοὺς,
2905 670 2982 734 ὡς
3011 672 3046 740 ἡ
3095 671 3315 740 πρᾶξις,
3359 673 3394 724 ἠ
3444 688 3591 724 σιω·

2003 759 2165 814 πῶσα
2195 757 2532 830 παραίνεσις.

315 879 436 933 quae
488 863 859 936 perpetimur,
901 859 1143 915 lenitatis
1201 873 1268 912 ac
1308 858 1589 929 patientiae
1638 857 2034 912 documentum
2077 854 2342 925 praebere.
2395 850 2517 908 Non
2569 852 2718 909 enim
2761 851 2988 923 perinde
3045 852 3224 909 oratio
3285 853 3596 924 plerosque

315 968 518 1027 movet,
555 968 722 1029 atque
751 956 916 1021 actio,
956 970 1079 1026 quae
1109 953 1263 1010 taciti
1286 952 1577 1023 cujusdam
1607 952 1897 1008 monitoris
1935 951 2112 1007 instar
2136 955 2241 1005 est.

387 1051 643 1122 Magnum
673 1065 796 1106 esse
809 1064 1123 1117 censemus,
1160 1048 1229 1104 de
1259 1047 1329 1103 iis
1362 1063 1396 1102 a
1421 1047 1624 1118 quibus
1651 1047 1763 1102 laesi
1797 1061 1896 1102 su-

315 1158 480 1208 mus,
512 1156 702 1214 poenas
752 1141 1057 1212 sumpsisse
1109 1155 1124 1193 :
1173 1154 1466 1208 magnum,
1510 1139 1620 1210 67
1673 1139 1893 1208 inquam

317 1237 466 1306 (nam
499 1241 554 1288 et
582 1233 688 1288 hoc
717 1231 785 1286 ad
819 1232 1049 1287 aliorum
1079 1231 1209 1286 vitia
1243 1231 1566 1303 corrigenda
1594 1229 1726 1285 utile
1755 1229 1894 1300 est),

317 1331 373 1376 at
401 1321 576 1377 multo
596 1322 710 1376 hoc
737 1321 916 1392 majus
944 1335 1009 1376 ac
1035 1319 1275 1377 divinius
1305 1329 1408 1386 est,
1435 1307 1734 1389 acceptam
1752 1319 1898 1388 inju-

317 1414 458 1468 riam
497 1414 752 1468 tolerare.
797 1412 934 1466 Illud
980 1411 1128 1466 enim
1178 1411 1589 1482 improbitatem
1637 1421 1893 1467 coercet:

318 1500 424 1556 hoc
461 1509 643 1555 autem
683 1500 750 1554 ad
794 1500 1124 1572 probitatem
1172 1498 1442 1566 adducit;
1497 1497 1643 1569 quod
1675 1497 1895 1568 quidem

318 1595 482 1664 longe
510 1593 862 1664 praestantius
899 1599 956 1648 et
1005 1591 1304 1662 perfectius
1333 1599 1450 1656 est,
1493 1603 1656 1660 quam
1697 1603 1727 1643 a
1767 1589 1900 1642 vitio

2061 1045 2237 1113 ¹Μέγα
2274 1042 2572 1115 νομίζομεν
2602 1036 2742 1096 εἶναι
2780 1042 2842 1097 τὸ
2868 1041 3024 1108 δίκας
3061 1045 3211 1117 παρὰ
3249 1046 3358 1102 τῶν
3388 1048 3598 1118 ὴδιχη-

2002 1137 2176 1190 κότων
2216 1135 2431 1190 λαϐεῖν’
2468 1135 2610 1206 μέγα
2638 1136 2782 1207 φημὶ
2815 1137 2833 1207 (
2854 1137 2947 1190 καὶ
2988 1136 3096 1208 γὰρ
3136 1139 3230 1191 καὶ
3256 1139 3416 1192 τοῦτο
3462 1140 3592 1209 (27)

2003 1229 2270 1300 χρήσιμον
2298 1227 2378 1291 είς
2397 1227 2496 1300 τὴν
2517 1226 2624 1280 τῶν
2649 1227 2823 1282 ἄλλων
2848 1226 3200 1300 διόρθωσιν),
3238 1230 3375 1284 ἀλλὰ
3398 1230 3600 1302 πολλῷ

2001 1319 2191 1372 τούτου
2243 1319 2380 1390 (27')
2428 1319 2612 1390 μεῖζον
2642 1318 2738 1373 καὶ
2770 1318 3128 1392 θεῖκώτερον,
3183 1321 3245 1374 τὸ
3291 1327 3601 1394 καρτερεῖν

2002 1410 2311 1481 πάσχοντας
2339 1410 2474 1482 (28).
2531 1411 2740 1464 Ἐκεῖνο
2785 1411 2888 1481 μέν
2925 1411 3034 1482 γὰρ
3067 1412 3168 1483 τὴν
3211 1413 3410 1466 κακίαν
3461 1415 3602 1467 ἐπι-

2008 1505 2282 1574 στομίζει,
2307 1502 2466 1556 τοῦτο
2498 1502 2554 1556 δέ
2597 1504 2870 1574 χρηστοὺς
2901 1498 3042 1558 εἶναι
3077 1503 3254 1558 πείθει
3274 1518 3287 1532 ·
3323 1503 3354 1557 ὃ
3379 1503 3475 1556 τοῦ
3507 1505 3600 1575 μὴ

2007 1597 2210 1657 κακοὺς
2240 1591 2401 1660 εἶναι,
2419 1593 2556 1649 πολῦ
2583 1596 2827 1667 κρεῖττόν
2849 1598 2966 1649 ἐστι
2989 1596 3083 1650 καὶ
3103 1595 3427 1668 τελεώτερον
3445 1596 3598 1666 (29).

318 1686 614 1741 abstinere.
670 1682 951 1754 Ingentem
1017 1684 1178 1741 nobis
1224 1682 1590 1738 humanitatis
1622 1689 1900 1752 quastum

2062 1686 2262 1756 εγάλην
2315 1689 2448 1757 ἡμῖν
2498 1687 2810 1758 νομίσωμεν
2837 1687 3160 1758 προκεῖσθαι
3199 1689 3600 1760 πραγματείαν

319 1777 662 1848 propositum
707 1792 832 1833 esse
874 1776 1281 1841 existimemus,
1319 1784 1375 1832 et
1423 1789 1508 1841 ea,
1542 1790 1666 1846 qua:
1696 1774 1752 1828 in
1803 1787 1908 1830 nos

319 1867 561 1924 admissa
611 1875 783 1933 sunt,
829 1867 1246 1929 condonemus,
1309 1874 1369 1921 ut
1417 1866 1520 1936 ipsi
1549 1880 1766 1937 quoque
1818 1879 1910 1919 ve-

320 1959 467 2014 niam
530 1974 954 2032 consequamur,
1012 1968 1067 2016 et
1137 1959 1533 2032 benignitatem
1589 1956 1910 2029 benignitati

320 2047 697 2104 adhibeamus.

391 2139 660 2196 Zelatoris
705 2149 1127 2213 cognomentum
1158 2140 1294 2195 hinc
1339 2139 1582 2195 obtinuit
1630 2137 1865 2194 Phinecs
1891 2178 1908 2203 ,

320 2233 467 2306 quod
498 2232 935 2300 Madianitidem,
960 2248 1068 2288 una
1105 2249 1230 2288 cum
1267 2248 1334 2288 eo
1379 2233 1473 2303 qui
1514 2242 1767 2302 stuprum
1807 2230 1912 2301 ipsi

321 2325 623 2392 inferebat,
661 2326 898 2396 pugione
934 2324 1210 2379 transﬁxit
1233 2363 1251 2389 ,
1292 2331 1458 2392 atque
1503 2338 1568 2376 ex
1601 2321 1912 2376 lsraelitica

321 2414 546 2469 natione
573 2414 834 2484 probrum
860 2414 1064 2470 exemit
1084 2415 1156 2480 ";
1198 2422 1253 2466 at
1269 2413 1531 2482 majorem
1553 2412 1661 2465 hoc
1693 2409 1916 2464 nomine

323 2504 542 2559 laudem
589 2503 750 2570 tulit,
782 2504 929 2575 quod
975 2519 1075 2575 pro
1116 2503 1318 2574 populo
1364 2503 1420 2556 in
1453 2502 1635 2558 scelus
1671 2502 1916 2570 collapso

324 2610 518 2667 preces
555 2593 715 2650 fudit.
769 2593 991 2651 Stemus
1039 2595 1206 2666 igitur
1234 2607 1336 2649 nos
1366 2608 1622 2664 quoque,
1674 2600 1735 2647 ut
1767 2590 1918 2646 Scri-

325 2695 501 2758 pturae
548 2685 729 2742 verbis
757 2693 882 2740 utar
900 2686 968 2749 ",
1002 2700 1065 2740 ac
1111 2686 1425 2756 placemus,
1457 2695 1511 2740 et
1543 2691 1723 2740 cesset
1750 2697 1918 2756 quas-

327 2777 505 2845 satio;
556 2777 826 2848 nobisque
877 2776 1026 2833 istud
1077 2775 1145 2831 ad
1196 2775 1472 2846 justitiam
1530 2783 1816 2847 reputetur
1845 2776 1915 2831 ".

1998 1775 2440 1847 φιλανθρωπίας,
2473 1775 2567 1828 καὶ
2600 1777 3043 1848 συγχωρήσωμεν
3076 1776 3145 1831 τά
3173 1779 3256 1841 είς
3294 1781 3466 1849 ἡμᾶς,
3498 1779 3602 1832 ἵνα.

2012 1869 2106 1922 καὶ
2143 1869 2296 1922 αὐτοὶ
2346 1867 2599 1939 τύχωμεν
2640 1869 2740 1940 τῆς
2786 1872 3219 1942 συγχωρήσεως·
3246 1870 3341 1926 καὶ
3367 1889 3604 1944 προεισ-

2011 1961 2326 2030 ενέγκωμεν
2364 1960 2709 2032 χρηστότητα
2738 1962 2805 2032 τῇ
2841 1960 3173 2032 χρηστότητι
3195 1961 3330 2034 (50).

2077 2135 2340 2209 Ζηλωτὴς
2383 2137 2581 2208 ἢκουσε
2619 2137 2838 2206 Φινεὲς,
2875 2137 2958 2193 ὅτι
2995 2139 3096 2212 τὴν
3140 2139 3459 2194 Μαδιανῖτιν
3511 2141 3606 2212 τῷ

2014 2228 2197 2300 πόρνῳ
2250 2228 2692 2301 συνεξεκέντησε,
2739 2231 2837 2284 καὶ
2864 2229 3066 2295 ἐξεῖλεν
3108 2231 3309 2295 δνειδος
3347 2231 3408 2299 ἐξ
3455 2233 3604 2286 υίῶν

2026 2317 2275 2388 Ἰσραήλ·
2319 2315 2433 2369 ἀλλ’
2486 2317 2724 2389 ἐπῃνέθη
2775 2317 2959 2384 πλέον,
2990 2320 3072 2372 ὅτι
3114 2318 3209 2372 τοῦ
3247 2319 3376 2374 λαοῦ
3422 2337 3608 2392 προσ-

2013 2407 2217 2477 ηύξατο
2251 2408 2361 2479 (3i)
2390 2409 2739 2473 πταίσαντος.
2763 2409 2987 2482 Στῶμεν
3028 2406 3122 2465 οὖν
3151 2412 3246 2465 καὶ
3285 2414 3466 2484 ἡμεῖς,
3498 2415 3604 2467 καὶ

2016 2499 2429 2570 ἐξιλασώμεθα,
2462 2501 2557 2554 καὶ
2601 2503 2900 2557 κοπασάτω
2941 2503 2975 2574 ὴ
3026 2503 3288 2574 θραῦσις,
3343 2504 3489 2558 κατὰ
3533 2506 3606 2560 τὸ

2016 2592 2402 2664 γεγραμμένον
2421 2608 2435 2622 ·
2474 2593 2570 2646 καὶ
2598 2593 2902 2667 λογισθητω
2938 2593 3096 2648 τοῦτο
3125 2596 3255 2667 ημῖν
3284 2596 3365 2660 είς
3389 2597 3606 2651 δικαιο-

2019 2683 2207 2754 σύνην.
2263 2683 2530 2757 Ἑπῃνέθη
2578 2686 2672 2739 καὶ
2714 2686 2967 2752 Μωσῆς,
3011 2688 3094 2740 ὅτι
3148 2687 3240 2742 τὸν
3295 2688 3606 2758 Αίγύπτιον

2019 2772 2200 2827 ἀνεῖλε
2231 2772 2368 2843 (52),
2402 2771 2480 2843 τῷ
2515 2773 2822 2846 Ἰσραηλίτῃ
2855 2776 3229 2848 περιαλγήσας
3248 2793 3262 2806 ·
3291 2777 3405 2831 ἀλλ’
3435 2779 3607 2833 ἐθαυ-

327 2867 612 2926 Laudibus
660 2870 791 2926 item
841 2868 1072 2924 aliectus
1125 2878 1212 2924 est
1256 2868 1457 2934 Moses,
1493 2868 1640 2939 quod
1671 2884 1734 2923 ex
1768 2868 1906 2922 illata

2062 2861 2204 2934 άσθη
2234 2862 2417 2928 πλέον,
2439 2863 2521 2917 δτι
2547 2863 2780 2935 Μαριὰμ
2801 2864 2898 2936 τὴν
2926 2865 3160 2938 ἀδελφὴν
3188 2867 3277 2921 διὰ
3309 2867 3369 2921 τδ
3396 2870 3609 2940 γογγύ-

327 2959 587 3017 lsraelitae
622 2961 827 3032 injuria
869 2961 1063 3016 dolore
1087 2969 1420 3025 commotus,
1457 2959 1775 3031 Egyptium
1819 2973 1906 3014 oc-

2062 2974 2110 3010 αι
2143 2955 2553 3028 λεπρωθεῖσαν,
2583 2955 2674 3010 διὰ
2717 2955 2817 3027 τῇς
2867 2957 3032 3028 εὐχῆς
3071 2958 3187 3029 (33)
3241 2958 3603 3031 ἐθεράπευσε.

327 3051 580 3108 ciderit"
610 3068 624 3104 :
669 3067 861 3108 verum
897 3051 1162 3122 majorem
1211 3050 1342 3106 hinc
1375 3052 1460 3107 sui
1496 3051 1906 3105 admirationem

2065 3051 2222 3105 κόπει
2262 3051 2357 3105 καὶ
2399 3051 2466 3105 τά
2504 3050 2652 3121 ἑξῆς.
2695 3050 3070 3105 ’Δπειλοῦυται
3115 3053 3391 3107 Νινευῖται
3431 3071 3610 3109 κατα-

328 3143 645 3210 concitavit,
682 3143 828 3214 quod
860 3141 1087 3198 Mariam
1128 3158 1376 3198 sororem
1421 3143 1595 3213 lepra,
1625 3150 1906 3212 propterea

2062 3141 2298 3213 τροφὴν,
2360 3139 2496 3194 ἀλλὰ
2544 3140 2808 3212 δάκρυσιν
2875 3140 3202 3206 ἐξωνοῦνται
3256 3142 3355 3215 τὴν
3419 3143 3612 3216 ἁμαρ·

329 3235 479 3308 quod
519 3243 980 3303 murmuraverat,
1013 3236 1388 3299 laborantem,
1414 3235 1675 3305 precibus
1708 3235 1827 3290 suis
1861 3234 1906 3288 in

2062 3231 2144 3284 ίαν
2171 3232 2302 3300 (54).
2342 3230 2639 3300 Μανασσῆς
2676 3230 2734 3284 ἐν
2777 3229 3058 3301 βασιλεῦσι
3111 3231 3607 3304 παρανομώτατος,

330 3331 620 3388 sanitatem
656 3327 973 3383 vindicavit.
1031 3323 1169 3392 Quin
1224 3338 1287 3380 ea
1343 3328 1510 3382 etiam
1534 3343 1655 3396 quze
1676 3341 1906 3395 sequum

2063 3324 2141 3377 λλ’
2175 3327 2234 3378 ἐν
2255 3326 2365 3387 τοῖς
2404 3323 2620 3376 σωθεῖσι
2653 3322 2743 3377 διὰ
2775 3323 2972 3395 θρῆνον
3005 3324 3494 3395 περιφανέστατος.

329 3435 423 3483 tur
461 3425 854 3481 animadverte.
904 3420 1162 3479 Ninivitis
1194 3422 1465 3478 excidium
1511 3420 1912 3477 denuntiatur:
1951 3419 2045 3474 sed
2069 3428 2352 3490 peccatum
2387 3418 2645 3488 laerymis
2680 3417 3031 3474 redemerunt
3057 3418 3123 3472 ".
3155 3414 3429 3477 Manasses
3459 3419 3612 3478 inter

331 3533 490 3591 reges
541 3515 1002 3572 sceleratissimus
1049 3533 1062 3569 :
1110 3522 1164 3568 at
1197 3515 1338 3569 inter
1381 3529 1513 3578 eos,
1567 3513 1660 3584 qui
1695 3513 1926 3567 salutem
1967 3510 2250 3567 consecuti
2281 3518 2432 3574 sunt,
2457 3511 2528 3565 ob
2563 3510 2769 3564 luctum
2801 3510 3227 3567 clarissimus“.

404 3607 546 3677 Quid
577 3607 670 3661 tibi
694 3608 915 3677 faciant,
943 3604 1282 3674 Ephraim",
1312 3606 1490 3674 inquit
1517 3602 1698 3659 Deus?
1739 3601 1906 3668 Quan-

2101 3602 2162 3654 Τί
2193 3617 2267 3654 σε
2298 3599 2499 3665 ὄιαθῶ,
2541 3598 2812 3669 Ἐφραῒμ,
2857 3600 3010 3672 παρὰ
3045 3599 3138 3654 τοῦ
3177 3600 3316 3655 Θεοῦ
3351 3602 3607 3671 λέγεταις

331 3707 446 3754 tam
490 3697 833 3753 iracundiam
872 3713 985 3769 pra:
1013 3713 1072 3752 se
1105 3697 1211 3752 fert
1255 3696 1345 3750 hic
1379 3695 1599 3750 sermo!
1633 3705 1686 3747 et
1738 3703 1906 3747 tamet

2062 3695 2200 3762 Οσης
2226 3691 2394 3764 ὀργῆς
2427 3695 2455 3746 ό
2489 3693 2680 3760 λόγοςί
2717 3693 2810 3747 καὶ
2849 3693 3274 3765 ὑπερασπισμὺς
3310 3696 3606 3765 ἐπάγεται.

335 3791 626 3847 confestim
663 3789 1027 3860 propugnatio
1068 3788 1442 3858 subjungitur.
1500 3785 1640 3851 Quid
1675 3784 1897 3854 benigni

2062 3785 2096 3837 Τί
2136 3788 2234 3855 τῆς
2282 3784 2694 3856 φιλανθρωπίας
2741 3783 3070 3857 ταχύτερον;
3102 3787 3221 3858 Πῦρ
3261 3787 3613 3858 Σοδομιτικὺν

338 3893 449 3940 tate
488 3882 770 3938 celerius?
828 3879 1225 3935 Sodomitieum
1256 3880 1486 3948 ignem,
1523 3876 1788 3931 adversus
1833 3891 1906 3931 eo:

2062 3877 2276 3930 ιίτοΰσιν
2323 3878 2373 3931 οἱ
2425 3877 2666 3948 μαθηταὶ
2713 3877 2855 3931 κατὰ
2900 3877 3008 3931 τῶν
3049 3878 3292 3947 ἀγόντων
3335 3881 3446 3950 (55)
3515 3883 3614 3936 τὸν

336 3977 432 4048 qui
475 3974 662 4031 Jesum
708 3974 956 4045 abigunt,
1003 3970 1260 4042 discipuli
1309 3968 1690 4040 postulant“;
1745 3977 1799 4022 at
1831 3968 1906 4021 illi

2062 3967 2268 4038 Ιησοῦν,
2306 3969 2335 4020 ὁ
2367 3967 2424 4021 δὲ
2450 3967 2672 4033 ἀπαξιοῖ
2697 3967 2795 4039 τὴν
2831 3967 3130 4037 ἐκδίκησιν.
3159 3969 3359 4039 Τέμνει
3384 3970 3611 4040 Μάλχου

339 4068 601 4123 ultionem
651 4073 894 4122 recusat.
940 4063 1172 4129 Malchi,
1225 4061 1390 4116 unius
1436 4076 1503 4116 ex
1546 4059 1906 4131 petulantibus

2063 4058 2091 4112 ὸ
2125 4059 2285 4111 ὠτίον
2337 4059 2545 4130 Πέτρος
2572 4097 2586 4121 ,
2625 4058 2745 4121 ἐνὸς
2777 4058 2885 4111 τῶν
2943 4058 3248 4130 ὑϐριστῶν,
3302 4059 3509 4130 Ἰησοῦς
3549 4062 3612 4115 δὲ

340 4159 449 4216 illis
491 4168 546 4215 et
574 4157 986 4214 contumeliosis
1013 4198 1026 4222 ,
1061 4171 1248 4210 aurem
1276 4154 1472 4210 Petrus
1519 4161 1802 4224 amputat;
1833 4151 1906 4209 Je‘

2062 4149 2451 4220 μποκαθίστησι.
2489 4150 2554 4202 Τί
2603 4149 2661 4202 δὲ
2701 4151 2730 4204 ὁ
2784 4151 3102 4222 ἐρωτήσας,
3152 4153 3202 4205 εί
3245 4153 3477 4218 ἑπτάκις
3527 4157 3610 4226 τῷ

340 4265 436 4307 sus
467 4257 644 4304 autem
676 4248 914 4305 restituit
934 4246 998 4298 ⁸³.
1031 4245 1171 4310 Quid
1197 4253 1378 4300 autem
1412 4244 1521 4306 ille,
1553 4243 1668 4313 qui.
1692 4243 1906 4313 septies

2062 4239 2248 4312 ιδελφῷ
2283 4239 2688 4312 ,συγχωρητέον
2749 4241 3090 4307 πταίσαντις
3143 4243 3203 4296 οὑ
3256 4247 3613 4319 μικρολογίαν

343 4354 412 4394 ne
475 4339 628 4392 fratri
682 4339 836 4408 lapso
885 4337 1232 4407 ignosceret,
1279 4343 1666 4404 percunctatus
1707 4334 1886 4389 fuerat

2062 4332 2541 4402 ιαταγινώσκεται;
2578 4331 2657 4403 τῷ
2709 4332 2820 4405 γὰρ
2865 4333 3130 4400 ἑπτάκις,
3178 4336 3239 4390 τὸ
3281 4337 3616 4410 ἑϐδομηκον-

1162 4449 1208 4481 ²⁶
1247 4448 1395 4504 Psal.
1435 4465 1523 4511 cv,
1579 4450 1765 4505 50-5l.

414 4453 462 4483 "
514 4450 675 4504 Num.
735 4467 862 4512 xxv,
899 4450 929 4502 7
962 4465 1084 4518 sqq.

543 4520 591 4551 "‘
622 4518 660 4573 ll
691 4519 868 4575 Paral.
912 4535 1104 4579 xum,
1138 4519 1162 4572 1
1203 4535 1326 4588 sqq.
1394 4519 1435 4550 "
1493 4518 1618 4575 Ose.
1657 4537 1730 4584 γι,
1770 4521 1825 4574 4.

345 4537 468 4592 sqq.

1856 4452 1898 4482 ²⁷
1944 4450 2113 4522 E_xod.
2160 4465 2220 4513 ιι,
2255 4449 2341 4522 12.
2422 4448 2676 4522 Δξεῖ-Νιιιῐι.
2721 4449 3117 4522 ιιιηῖθηειιιι.

1903 4522 1946 4552 ³⁸
1980 4519 2112 4575 Luc.
2143 4535 2218 4586 Ix,
2251 4520 2342 4573 54.
2419 4519 2464 4551 ³³
2498 4519 2633 4573 Luc.
2664 4535 2797 4586 χχιι,
2827 4521 3014 4575 50-5l.

3219 4453 3264 4484 ”
3289 4450 3414 4509 Ion.
3457 4468 3544 4518 ιιι,
3579 4456 3617 4507 ι

574 4632 657 4684 Οὐ
691 4629 801 4700 γὰρ
829 4630 1034 4697 οὕτως.
1063 4631 1142 4684 Ita
1171 4634 1292 4685 cod.
1320 4631 1454 4700 Reg.
1488 4646 1552 4685 ac
1590 4630 1836 4687 Combef.
1870 4630 1906 4685 Ιι

2108 4631 2218 4702 (52)
2255 4629 2376 4711 Ϊόζ
2410 4631 2734 4711 ᾼίγύξττςον
2762 4630 3149 4711 ᾀχεῖλιελΒίΙΙ.
3182 4630 3491 4711 Αιςιίνριὶιιηι
3521 4636 3615 4711 οὺς

343 4700 480 4758 edit.
511 4700 699 4763 ὅντως.

442 4768 534 4841 27)
570 4769 677 4841 Καὶ
732 4771 840 4841 γὰρ
869 4771 964 4823 καὶ
999 4770 1192 4841 τοῦτο.
1223 4769 1300 4824 Ita
1339 4769 1461 4826 cod.
1499 4767 1658 4841 Reg.,
1693 4770 1928 4826 Montac.

346 4845 402 4896 et
424 4838 612 4914 ιιρι-βι.
636 4838 695 4914 in
729 4838 861 4914 edit.
898 4841 992 4914 καὶ
1019 4840 1335 4914 γὰρ-τοῦτο.

421 4911 564 4981 (27')
589 4910 813 4981 ,Πολλῷ
845 4909 1266 4966 τούτου.ὐιιιιε
1294 4909 1418 4966 cod.
1456 4909 1690 4966 Montac.
1722 4919 1776 4967 et
1817 4909 1933 4966 Mo-

351 4979 452 5036 rel.
486 4979 664 5050 πολλῴ
689 4981 866 5034 τοῦτο.

426 5049 536 5120 (28)
568 5049 878 5120 καρτερεῖν
909 5049 1277 5118 πάσχοντας.
1310 5050 1388 5104 lta
1428 5057 1539 5104 tres
1583 5049 1746 5103 codd.
1775 5049 1932 5120 Reg,

354 5119 612 5177 Montac..
649 5119 836 5174 Morel.
875 5135 938 5174 ac
971 5120 1215 5175 Cmnbei.
1252 5120 1310 5174 In
1345 5121 1480 5174 edit.
1512 5120 1806 5188 πάσχοντα.

417 5190 684 5309 (ἒξ)τέἒῇ
715 5191 1089 5257 τελεώτερον.
1125 5189 1262 5244 Cod.
1299 5190 1428 5260 Ileg.
1471 5199 1524 5244 et
1563 5189 1806 5244 Combef.
1843 5188 1938 5241 καὶ

357 5274 473 5310 τελε
481 5274 584 5311 ιοτε
594 5275 684 5315 ρον
691 5301 704 5315 .

432 5275 966 5397 (Ξλῖίεὲἓζστότητα
1006 5326 1079 5396 τῇ
1143 5327 1529 5396 χρηστότητι.
1573 5324 1645 5380 Ita
1704 5326 1827 5384 cod.
1882 5335 1936 5397 et

358 5392 602 5468 99mm.
622 5392 723 5468 ’,ιιι
776 5392 906 5452 edit.
928 5465 937 5468 _
963 5392 1302 5468 χρηστότητα
1356 5392 1718 5468 χρηστότητος
1738 5438 1754 5462 ,
1795 5396 1942 5468 quod

362 5462 482 5518 Bill.
526 5465 687 5520 vertit
717 5485 732 5521 :
768 5475 890 5520 ante
920 5462 1314 5536 benignitatem,
1346 5462 1716 5535 bém‘gnitatem
1763 5462 1944 5535 confe—

360 5549 564 5588 ramus.

432 5605 546 5728 (5|)
590 5602 1001 5690 Προσηύεατρ.
1053 5603 1128 5658 lta
1157 5603 1266 5661 duo
1313 5602 1472 5660 codd.
1508 5601 1642 5675 Reg.
1683 5611 1745 5661 ct
1778 5603 1943 5662 Com~

457 5713 467 5724 .
505 5673 561 5726 In
591 5671 721 5726 edit.
761 5688 1086 5728 προηυςατο.

362 5670 467 5729 bef.
505 5670 561 5726 In
591 5671 721 5726 edit.
761 5670 1086 5742 προηύξατο.

2035 4699 2321 4772 truncavit.
2344 4699 2449 4772 Sed
2476 4699 2622 4772 unde
2646 4701 2748 4754 hoc
2781 4701 2854 4754 illi
2882 4703 3254 4772 cagtlisgenus?
3272 4699 3498 4765 Deinde,
3520 4707 3616 4760 διὰ

2026 4771 2402 4893 ἓὸὰγογγύσαι.
2436 4770 2514 4825 Ita
2547 4769 2702 4824 Pass.
2728 4779 2781 4825 et
2803 4779 2916 4827 tres
2948 4769 3114 4842 Regg.
3147 4771 3203 4826 In
3223 4773 3387 4828 editis
3411 4775 3616 4830 desunt

2061 4859 2077 4893 ι
2143 4857 2224 4893 το.

2061 4859 2224 4979 ιῖἵίθ
2251 4909 2514 4981 Διὰτῆς
2553 4907 2769 4981 εὐχῆς.
2818 4909 2896 4981 Ita
2927 4910 3048 4965 cod.
3100 4909 3232 4981 Reg.
3277 4920 3331 4967 et
3361 4913 3614 4970 Comber,

2035 4978 2336 5053 Altercod.
2369 4979 2457 5053 διά
2494 4980 2602 5032 τῶν
2630 4978 2831 5053 εὐχῷν.
2865 4979 2919 5033 In
2944 4981 3072 5035 edit.
3100 4978 3442 5053 fatigant;

2111 5049 2222 5119 (54)
2270 5047 2390 5122 Τὴν
2425 5050 2746 5122 ἀμαρτιάν.
2767 5050 2840 5102 lta
2871 5059 2982 5104 tres
3017 5050 3178 5122 codd.
3208 5047 3339 5122 Reg:
3370 5061 3422 5107 et
3451 5052 3618 5106 Com-

2039 5120 2148 5190 bel'.
2179 5122 2234 5172 In
2258 5120 2388 5190 edit.
2413 5120 2523 5190 τὴν
2543 5121 2837 5189 σωτηρίαν,
2869 5122 3015 5188 quod
3045 5119 3164 5175 Bill.
3194 5119 3390 5177 vertit:
3422 5123 3616 5177 Verum

2041 5189 2264 5258 salutem
2301 5189 2554 5258 lacryntjs
2587 5191 2938 5243 redemerunt.

2117 5256 2241 5330 (35)
2270 5256 2434 5330 Katc‘i
2451 5256 2573 5330 τῶν
2619 5259 2904 5330 ἀγόντων.
2941 5260 3202 5314 Adversus
3236 5277 3324 5315 eos
3367 5263 3458 5330 qui
3490 5279 3523 5315 a
3563 5278 3618 5315 se

2042 5325 2400 5396 propeltebaut
2433 5325 2638 5388 Jesum,
2667 5325 2771 5396 qui
2800 5328 2850 5382 ei
2904 5331 3174 5399 negabant
3220 5325 3513 5402 hospitium
3562 5341 3617 5386 et

2045 5398 2418 5453 refectionem.
2447 5405 2506 5449 ut
2538 5397 2734 5453 legitur
2772 5399 2825 5450 in
2864 5397 3442 5453 Evanrzelio.Combcf.
3475 5405 3617 5453 κατὰ

2045 5403 2418 5457 refectionem,
2447 5405 2506 5449 ut
2538 5403 2734 5466 legitur
2772 5403 2825 5450 in
2864 5403 3442 5468 Evangelio.Combef.
3475 5405 3617 5453 κατὰ

2043 5465 2154 5518 τῶν
2188 5466 2544 5540 -άπαγόντωψ
2603 5465 2716 5521 Nec
2760 5468 2927 5540 enim,
2975 5470 3183 5540 inquit:
3202 5472 3429 5540 simplex
3452 5471 3620 5540 ,ἀγόνο

2043 5551 2152 5608 των
2188 5535 2274 5587 hic
2299 5537 2695 5608 congruit,_aut
2739 5537 2890 5608 Aquod
2942 5539 3118 5592 reddit
3158 5535 3400 5608 Billzqui
3431 5535 3620 5593 Jesum

2046 5602 2462 5680 adducunt._Ubi
2509 5605 2654 5680 enim
2707 5602 2787 5659 sic
2814 5606 3004 5680 ignem
3053 5602 3337 5680 imprccati
3385 5609 3618 5667 fuissent

2046 5674 2298 5743 discipuli
2333 5673 2518 5730 Jcsum
2545 5673 2921 5729 adclamantibus
2941 5679 2968 5731 2
3131 5673 3150 5680 “
3533 5715 3547 5743 _.
