3778 6244
123 338 217 395 161

1387 318 1725 378 EPISTOLA
1762 317 1950 374 LXXX
1961 316 2092 373 VIII.

3263 317 3366 372 162

123 455 206 528 ἦν,
231 456 292 508 τὺ
313 453 404 507 διὰ
429 449 774 524 γραμμάτων
817 444 1026 516 ὁμιλεῖν
1050 444 1200 516 ἡμᾶς
1223 442 1497 515 ἀλλήλοις,
1531 441 1692 494 τοῦτο

1871 448 2032 504 ntem,
2063 445 2118 493 et
2151 436 2371 493 sublimi
2406 436 2605 509 pietate
2633 435 2944 508 praeditum.
2997 435 3152 504 Quod
3184 448 3364 494 autem

125 546 382 615 ἐποίησας
413 543 515 613 μὲν
543 539 702 603 αὐτὸς
727 532 787 592 εὖ
813 537 1002 601 ποιῶν,
1024 534 1284 606 ποιοῦμεν
1309 533 1365 587 δὲ
1391 533 1484 588 κα)⁵
1511 532 1691 604 ἡμεῖς.

125 635 194 688 υύ
256 632 437 704 μικρὰ
477 634 613 702 ἡμῖν
661 633 808 683 ἐστιν
831 628 951 681 οὐδὲ
981 626 1180 699 μικροῦ
1220 625 1379 694 λόγου
1418 624 1530 696 (27)
1567 622 1696 695 περὶ

123 720 193 780 ὧν
220 723 594 786 ἔπιστέλλεις·
628 722 751 776 ὃθεν
785 719 906 773 οὐδὲ
943 719 1096 772 αὐτοὶ
1127 718 1420 790 παρέργως
1447 715 1568 768 οὐδὲ
1602 717 1697 783 ῥα-

127 817 306 887 θύμως
326 815 505 868 ταῦτα
525 811 972 882 διασκεψάμενοι,
996 808 1132 862 ἀλλά
1158 811 1251 861 καὶ
1279 808 1399 860 λίαν
1423 805 1696 876 ἐπιμελῶς

126 909 212 962 ἐπὶ
246 907 347 977 τὴν
379 904 564 976 κρίσιν
595 902 797 973 ταύτην
829 897 1273 975 προεληλύθαμεν
1305 897 1436 968 (‘28).
1468 897 1696 966 Κεκμή-

126 1015 297 1069 καμεν
345 994 744 1064 ἀγωνιζόμενοι
777 992 913 1062 πρὸς
963 991 1056 1044 τὸν
1101 990 1312 1058 φθόνον,
1344 987 1438 1041 καὶ
1471 987 1594 1050 τοὺς
1626 987 1699 1038 ἰε-

129 1091 248 1159 ροὺς
272 1086 611 1147 ἐπισκόπους
639 1083 740 1154 τὴν
775 1079 957 1151 κοινὴν
977 1080 1228 1150 ὁμόνοιαν
1249 1077 1580 1143 διαλύοντας,
1605 1075 1700 1128 καὶ

128 1178 230 1231 τῶν
274 1176 427 1230 ἰδίων
496 1170 845 1244 φιλονεικιῶν
889 1168 952 1223 τὸ
1000 1171 1100 1240 τῆς
1142 1169 1378 1232 πίστεως
1421 1166 1698 1237 πάρεργον

127 1266 499 1338 τακουμένους.
540 1263 639 1316 Διά
686 1260 844 1314 τοῦτο
887 1259 1132 1332 ἔγνωμεν
1172 1258 1426 1330 πρύμναν
1461 1254 1697 1328 κρούσα-

130 1358 242 1410 σθαι
268 1355 484 1427 (29),τὸ
513 1352 608 1407 τοῦ
635 1352 819 1420 λόγου,
853 1351 948 1404 κα)⁵
979 1353 1058 1414 εἰς
1088 1351 1235 1421 ἡμᾶς
1279 1347 1478 1409 αὐτοὺς
1505 1362 1700 1400 συστα-

128 1447 299 1518 λῆναι,
337 1444 527 1516 ῶσπερ
576 1444 670 1497 τὸν
714 1442 960 1498 ναυτῖλόν
1010 1458 1173 1512 φασιν
1220 1440 1371 1510 ἰχθὺν
1400 1438 1536 1511 (50),
1575 1438 1702 1492 ὅταν

129 1534 392 1606 χειμῶνος
422 1534 772 1602 αἰσθάνηται,
801 1532 894 1586 καὶ
911 1532 1038 1595 τοὺς
1065 1531 1163 1602 μὲν
1191 1529 1385 1593 ἄλλους
1418 1529 1551 1600 όρᾷν
1577 1527 1704 1598 πόρ-

131 1624 300 1694 ρωθεν
364 1623 726 1694 βαλλομένους
777 1623 871 1675 καὶ
926 1620 1249 1691 βάλλοντας.
1297 1618 1452 1672 αὐτοὶ
1495 1617 1552 1670 δὲ
1587 1616 1700 1686 (BI)

131 1715 263 1786 πρὸς
289 1713 361 1766 τά
381 1715 562 1766 ἐκεῖσε
598 1708 1118 1782 μετασκευάζεσθαι.
1146 1709 1210 1761 Εἰ
1246 1707 1303 1760 δὲ
1330 1706 1428 1777 τὴν
1475 1704 1704 1775 Ἐκκλη-

1792 529 2065 599 reliquum
2118 536 2272 593 erat,
2321 543 2517 597 nempe
2561 538 2620 582 ut
2673 544 2767 598 per
2810 529 3020 585 litteras
3072 531 3215 584 inter
3264 549 3361 589 nos

1795 620 2256 690 colloqueremnr,
2292 619 2396 674 hoc
2442 627 2496 676 et
2527 620 2663 689 ipse,
2696 630 2753 672 ut
2781 635 2880 690 par
2905 629 3043 686 erat,
3082 621 3279 687 fecisti,
3311 630 3367 678 et

1796 726 1898 766 nos
1922 727 2140 781 quoque
2165 711 2417 765 facimus.
2450 709 2528 764 Ac
2568 711 2727 765 nobis
2758 711 3172 782 haudquaquam
3201 729 3364 783 parva

1797 800 2040 869 levisque
2090 801 2350 854 momenti
2398 808 2526 854 sunt
2563 815 2627 854 ea
2676 801 2743 854 de
2797 802 2998 871 quibus
3044 803 3362 873 scripsisti:

1798 892 2026 963 proinde
2059 907 2160 946 nec
2203 891 2308 961 ipsi
2359 891 2732 961 perfunctorie
2774 899 2830 947 et
2870 894 3228 963 negligenter,
3273 897 3367 950 sed

1800 999 2062 1054 perquam
2099 993 2352 1038 accurate
2386 983 2737 1039 considerata
2785 999 2843 1040 re
2884 991 3048 1054 atque
3081 1000 3368 1056 perpensa,

1800 1078 1866 1132 ad
1903 1077 2006 1131 hoc
2038 1076 2307 1146 judicium
2357 1077 2628 1131 venimus.
2675 1075 2824 1130 Fessi
2880 1092 2944 1131 ac
2975 1077 3130 1132 fracti
3157 1093 3368 1140 smnus,

1800 1183 1926 1224 cum
1972 1167 2176 1222 invidia
2229 1175 2280 1223 et
2327 1183 2449 1222 cum
2498 1168 2672 1224 sacris
2713 1169 2984 1239 episcOpis
3026 1185 3370 1224 communem

1800 1260 2150 1315 concordiam
2185 1259 2592 1323 dirimentibus,
2647 1259 2880 1332 ﬁdeique
2927 1276 3146 1316 causam
3192 1279 3374 1332 priva-

1801 1351 1872 1406 tis
1898 1350 2347 1405 contentionibus
2371 1351 2737 1420 posteriorem
2769 1351 3116 1415 habentibus,
3153 1367 3375 1406 concer-

1802 1451 2001 1497 tantes.
2036 1439 2304 1506 Quocirca
2329 1440 2526 1511 navigii
2551 1455 2793 1510 proram,
2828 1449 2885 1495 ut
2912 1441 3020 1495 dici
3055 1443 3214 1504 solet.
3242 1457 3377 1495 con-

1801 1537 2034 1592 vertere,
2081 1545 2328 1599 nosque,
2355 1531 2816 1599 quemadmodum
2864 1531 3130 1585 nautilum
3169 1531 3377 1600 piscem

1805 1619 2006 1686 ferunt,
2039 1635 2163 1673 cum
2195 1627 2572 1689 tempestatem
2602 1621 2858 1684 senserit,
2885 1621 2940 1675 in
2973 1622 3234 1691 nosipsos
3263 1622 3378 1675 cul-

1805 1711 1969 1782 ligere
2023 1711 2368 1767 decrevimus
2419 1729 2432 1766 :
2477 1720 2641 1782 atque
2688 1711 2827 1767 alios
2877 1713 3096 1782 quidem
3163 1712 3378 1766 eminus

132 1806 249 1858 σίαν
297 1803 618 1858 καταλιπεῖν
673 1801 1028 1864 ἐπικίνδυνον,
1088 1799 1164 1862 ὡς
1209 1797 1461 1870 γράφεις,
1503 1796 1700 1862 ποίαν;

1871 1811 2054 1856 ectare
2087 1811 2275 1856 mutuo
2313 1817 2371 1857 se
2405 1801 2748 1873 impetentes,
2785 1803 2890 1873 ipsi
2921 1811 3103 1856 autem
3135 1801 3201 1855 ad
3246 1802 3381 1855 alte-

131 1895 301 1966 ειμὲν
361 1895 462 1964 τὴν
507 1893 805 1963 ἡμετέραν,
858 1890 1014 1960 κάγὼ
1067 1907 1228 1960 φημι,
1268 1890 1360 1944 καὶ
1404 1886 1579 1959 ὀρθῶς
1608 1887 1700 1940 λέ-

130 2006 252 2058 γετε
287 1987 431 2057 (52)·
471 1987 520 2038 εἰ
563 1985 620 2038 δὲ
665 1985 764 2056 τὴν
793 1982 956 2053 μηδὲν
987 1982 1391 2053 προσήκουσαν,
1431 1978 1552 2050 μηδ’
1582 1977 1706 2031 ὲπι-

135 2075 503 2146 κηρυχθεῖσαν
539 2073 697 2142 ἡμῖν,
742 2068 1042 2124 ἀνεύθυνοι.
1079 2066 1216 2118 Ἀλλ’
1249 2067 1332 2119 ὃτι
1365 2063 1705 2136 ἐπεμελήθηο

136 2185 231 2238 μεν
259 2166 454 2238 χρόνον
510 2163 652 2229 τινὰ,
711 2161 886 2231 τούτῳ
932 2157 1281 2228 κρατούμεθα
1331 2155 1478 2227 (55);
1521 2153 1706 2208 πολλοὶ

133 2257 222 2309 καὶ
250 2255 401 2309 ἄλλοι
435 2253 758 2324 κρατηθεῖεν
792 2249 878 2316 ἂν,
911 2251 1024 2303 ὅσοι
1067 2247 1233 2312 ξένων
1269 2245 1703 2317 ἐπεμελήθησαν.

134 2347 244 2400 Καὶ
263 2349 404 2415 τάχα
427 2345 487 2397 τὸ
505 2344 603 2414 μὲν
627 2344 825 2412 καμεῖν
848 2339 1134 2411 ἔμμισθον,
1155 2339 1215 2392 τὸ
1238 2338 1293 2391 δὲ
1311 2339 1563 2391 ἀπειπεῖν
1590 2337 1703 2408 (54)

137 2438 234 2507 οὐχ
304 2435 624 2491 ὑπεύθυνον.
699 2433 881 2503 Μηδὲν
951 2427 1044 2486 οὖν
1114 2430 1296 2501 δείσῃς
1357 2429 1484 2501 περ)⁵
1553 2429 1706 2500 ἡμῶν

133 2529 320 2583 τούτου
349 2547 412 2598 γε
444 2528 629 2582 ἕνεκεν
644 2542 659 2557 °
695 2523 810 2580 ἀλλ’
835 2525 1008 2578 ἐκεῖνο
1034 2523 1253 2596 μᾶλλον,
1290 2524 1365 2594 μή
1393 2539 1444 2575 τι
1459 2520 1709 2593 βλαπτώ-

141 2619 294 2690 μεθα.

1808 1906 1924 1945 ram
1953 1891 2118 1944 vitam
2143 1900 2476 1947 convertere.
2510 1893 2666 1958 Quod
2707 1893 2754 1947 si
2795 1892 3118 1957 Ecclesium,
3153 1902 3212 1947 ut
3245 1895 3382 1948 scri-

1803 1981 1910 2043 bis,
1945 1982 2256 2052 relinquere
2293 1985 2662 2054 periculosum
2699 1991 2805 2049 est,
2836 2000 2998 2054 quam
3033 1984 3283 2038 tandem?
3322 1984 3380 2039 Si

1805 2077 2086 2136 nostram;
2119 2077 2266 2125 recte
2309 2071 2516 2137 dicitis,
2555 2071 2809 2142 idemque
2852 2073 2972 2144 ipse
3004 2075 3090 2127 aio
3124 2091 3138 2127 :
3169 2075 3214 2127 si
3251 2087 3382 2128 vero

1806 2160 1944 2215 nihil
1981 2160 2049 2215 ad
2106 2176 2208 2216 nos
2258 2162 2606 2226 attinentem,
2659 2179 2761 2219 nec
2814 2164 2974 2219 nobis
3018 2164 3377 2234 assignatam,

1808 2252 1967 2323 culpa
2008 2267 2290 2308 vacamus.
2340 2252 2424 2307 An
2483 2254 2690 2310 idcirco
2737 2263 3006 2320 tenemur,
3039 2256 3167 2326 quia
3208 2253 3380 2325 ipsius

1809 2357 1999 2397 curam
2034 2342 2431 2415 aliquantisper
2464 2346 2776 2416 gessimus?
2802 2345 3071 2402 Nimirum
3104 2347 3256 2401 multi
3289 2348 3379 2400 alii

1811 2435 2001 2490 eadem
2057 2437 2269 2491 ratione
2299 2438 2404 2508 77
2428 2445 2751 2504 teneantur,
2799 2446 3067 2510 quotquot
3121 2439 3382 2493 nimirum

1813 2535 2198 2580 extraneorum
2220 2542 2407 2580 curam
2433 2537 2811 2599 susceperunt.
2834 2529 2912 2584 Ac
2931 2529 3166 2584 fortasse
3187 2529 3386 2584 labori-

1816 2615 1920 2669 bus
1949 2616 2170 2687 quidem
2203 2632 2303 2672 sua
2335 2633 2548 2676 merces
2580 2626 2799 2676 constat
2832 2639 2846 2676 :
2879 2620 3054 2676 otlicio
3079 2628 3259 2674 autem
3290 2635 3383 2674 ce-

136 2716 262 2770 dere
291 2713 454 2784 culpa
485 2719 656 2768 caret.
697 2709 1060 2778 Quamobrem
1115 2723 1226 2763 non
1272 2715 1357 2764 est
1398 2722 1498 2763 cur
1532 2713 1592 2763 tu
1621 2707 1724 2764 hoc
1757 2711 1998 2778 nomine,
2064 2711 2226 2767 nobis
2259 2713 2555 2784 quidquam
2617 2715 2808 2771 timeas
2839 2734 2854 2772 :
2889 2731 3079 2771 verum
3122 2713 3254 2790 illud
3289 2729 3389 2783 po-

138 2809 266 2872 tius,
299 2823 369 2862 ne
395 2805 526 2876 quid
558 2803 867 2859 detrimenti
895 2802 1186 2872 patiamur.

137 2922 267 2977 nu'.
311 2917 662 2984 NEKTAPIQ
711 2913 1224 2984 spxmmsxonu
1279 2885 1712 2966 ΚΩΝΣΤΑΝΤΙ-

630 2970 1040 3038 Nemeam}:
1084 2970 1217 3053 (δεῖ.

1820 2911 2151 2968 Lxxxvnt.
2221 2911 2566 2969 NECTARIO
2616 2879 3161 2972 ABCIIIEPISCOPO
3222 2874 3390 2973 cou-

2319 2983 2887 3040 STANTINOPOLIS.

212 3107 561 3162 Doctissimus
587 3103 898 3166 Cotelerius,
930 3103 1009 3156 vir
1029 3101 1093 3155 de
1121 3100 1318 3155 Gra'cis
1346 3099 1534 3169 litteris
1576 3098 1700 3152 bene
1730 3099 1968 3169 meritus,
2003 3097 2318 3165 descriptam
2343 3113 2408 3152 ex
2443 3097 2619 3168 Regiis
2647 3099 2917 3153 codicibus
2949 3100 3223 3169 epistolam
3253 3103 3390 3156 hanc

133 3179 370 3248 uulgauit
396 3178 450 3228 in
484 3177 617 3248 notis
643 3173 712 3226 ad
725 3174 1012 3248 epistolam
1037 3172 1312 3248 _Barnaba_:
1334 3171 1463 3240 (56).
1501 3168 1636 3248 (ἔαρι
1668 3180 1843 3248 autem
1874 3167 2328 3248 Nectariorecens
2359 3170 2413 3221 in
2445 3167 3047 3248 Constantinopolitana
3070 3173 3189 3224 sede
3213 3175 3384 3248 collo-

137 3237 260 3303 cato
294 3249 495 3314 scripta
526 3246 614 3304 sit.
653 3237 799 3310 prior
827 3260 936 3295 esse
965 3243 1124 3294 videri
1152 3237 1537 3314 ptissit,"quatn
1568 3237 1852 3314 Gregorius
1877 3250 1996 3306 post
2025 3237 2416 3293 abdicationem
2447 3255 2600 3292 suam
2645 3240 2942 3310 scripserit,
2970 3242 3047 3294 vel
3088 3253 3225 3296 certe
3253 3246 3392 3298 inter

139 3320 364 3387 primas,
397 3308 624 3384 adeoque
645 3308 721 3367 vel
742 3322 958 3366 exeunte
991 3329 1127 3365 anno
1150 3312 1274 3377 551,
1300 3309 1374 3364 vel
1406 3312 1613 3364 ineunte
1645 3308 1771 3362 582.

212 3431 364 3482 Ἔδει
419 3427 481 3481 τὸ
533 3426 798 3497 βασίλειον
851 3425 1070 3496 ἄγαλμα
1116 3425 1215 3496 τὴν
1266 3423 1510 3494 βασιλίδα
1559 3421 1712 3475 πόλιν

1889 3421 2186 3494 Oportebat
2215 3431 2276 3478 ut
2323 3423 2528 3493 regiam
2565 3424 2756 3479 urbem
2790 3425 2997 3496 regium
3025 3425 3194 3481 decus
3232 3443 3394 3482 exor-

141 3523 387 3592 κοσμεῖν.
419 3518 514 3571 Atii
553 3517 709 3570 τοῦτὸ
748 3533 808 3569 σε
840 3516 956 3586 μὲν,
995 3516 1073 3578 ὡς
1113 3514 1372 3584 ἔπρεπεν,
1407 3512 1720 3567 ὲπικόλπιον

144 3612 254 3682 ἔχει
287 3610 426 3683 μετά
459 3610 564 3662 τῶν
594 3608 822 3680 ἀρετῶν,
859 3609 949 3660 καὶ
993 3607 1100 3660 τῶν
1129 3607 1327 3673 λόγων,
1359 3606 1453 3660 καὶ
1487 3605 1595 3659 τῶν
1627 3604 1722 3660 ἀλ·-

143 3703 250 3756 λων
296 3701 496 3764 καλῶν,
527 3697 604 3762 οἷς
637 3701 670 3770 ἠ
705 3698 822 3752 θεία
884 3715 940 3752 σε
980 3697 1136 3770 χάρις
1175 3695 1524 3769 ἀξιοπρεπῶς
1556 3713 1724 3750 κατε-

147 3793 452 3847 πλούτισεν.
509 3791 686 3860 Ἦμᾶς
731 3791 786 3842 δὲ
827 3787 1228 3842 ἀπεσκυὸάλισε
1271 3787 1365 3840 καὶ
1397 3787 1719 3858 ἀπέρριψεν,

149 3885 347 3937 ὡσανεὶ
371 3882 634 3953 συρφετόν
667 3898 806 3944 τινα,
839 3880 931 3932 καὶ
978 3879 1168 3949 ἄχνην,
1210 3878 1304 3932 καὶ
1348 3877 1501 3949 κῦμα
1529 3878 1725 3932 θαλάσ-

151 3993 282 4029 σιον.
333 3974 469 4027 Ἀλλ’
499 3973 680 4044 ἐπειδὴ
708 3972 776 4026 τὰ
814 3970 922 4025 τῶν
968 3971 1133 4040 φίλων
1174 3969 1349 4034 κοινὰ,
1387 3971 1723 4025 κοινοποιοῠ-

156 4083 252 4135 μαι
288 4065 388 4136 μὲν
434 4062 542 4132 ἐγὼ
585 4062 681 4134 τὴν
713 4063 810 4134 σὴν
843 4062 1166 4133 εὐπραγίαν,
1197 4063 1290 4114 κα)⁸
1326 4061 1423 4132 τῆς
1465 4078 1522 4114 τε
1565 4061 1724 4134 δόξης

222 4240 336 4308 ιετ)
373 4238 523 4292 Οὐδὲ
545 4238 759 4307 μικροῦ
792 4238 996 4308 λόγου.
1033 4235 1276 4308 Montac.
1308 4246 1361 4290 et
1391 4234 1578 4290 Morel.
1604 4237 1724 4290 οὐδὲ

161 4306 505 4380 μικρολόγον,
535 4306 626 4363 nec
672 4306 896 4362 hominis
930 4308 1019 4377 qui
1047 4309 1100 4361 in
1150 4306 1368 4360 minima
1398 4322 1615 4375 qumque
1644 4308 1726 4360 in-

189 4382 338 4432 uirit.

375 4443 1383 4520 Προεληλύθαμεν,νρνρεεδεὶηηιεέιξι
1411 4444 1534 4497 cod.
1564 4441 1722 4520 Reg,

155 4512 432 4582 “(imaeq-
456 4512 638 4573 Morel.
680 4530 730 4571 et
756 4512 1007 4571 Combel'.
1037 4519 1104 4568 Αι
1138 4515 1260 4584 cod.
1280 4512 1448 4584 Pass.
1496 4512 1728 4584 προελή-

155 4589 396 4656 λῦθαμεν
425 4591 518 4642 καὶ
549 4587 924 4657 κεκμήκαμεν.
959 4585 1108 4657 Edit.
1134 4582 1490 4657 ὲληλυθοιμεν.

247 4650 340 4727 29)
365 4650 1057 4727 Πρύμνιιν”)ςροὑὶνασθᾳι.
1092 4653 1167 4727 Ita
1192 4650 1312 4727 cod.
1341 4650 1471 4721 Reg.
1491 4659 1543 4705 et
1565 4651 1728 4727 βοτη-

157 4720 262 4782 bel.
304 4720 642 4782 Sic'itt'orztt.
682 4720 758 4778 De
786 4726 931 4780 laud.
973 4724 1164 4777 Basilii
1189 4720 1453 4793 legimus,
1472 4720 1726 4793 πρύμναν

159 4739 262 4782 bet.
304 4739 396 4781 me
431 4739 642 4782 morat.
682 4739 758 4778 lle
786 4739 931 4780 lana.
973 4739 1163 4777 nasittt
1189 4739 1444 4793 legimus,
1472 4739 1627 4842 πρυμ

158 4798 526 4868 ὲκφυσάμην.
561 4799 615 4868 l_n
655 4795 786 4849 edit.
804 4794 1067 4868 ,πρυμναν
1097 4789 1543 4868 διακρούσασθαι.
1605 4790 1628 4841 I

201 4861 298 4937 νάν
320 4884 355 4918 κ
363 4861 674 4937 ρούσασθαι,
690 4861 1088 4937 remigationenr
1103 4863 1170 4914 ad
1187 4861 1396 4937 puppim
1414 4869 1723 4937 convertere.

201 4885 298 4920 ναν
320 4885 674 4937 κρουσασυαι,
690 4885 1076 4933 renugatwnem
1103 4885 1168 4914 tut
1187 4885 1396 4929 pupprm
1414 4885 1723 4912 convertere.

158 4885 472 5004 getaplwra
487 4937 642 4988 ducta
660 4953 691 4988 a
713 4933 988 5002 remigibus
1000 4934 1108 5002 qui,
1122 4946 1332 4999 proram
1357 4931 1405 4982 in
1427 4929 1728 5004 remigarde

158 5000 453 5075 pulsantes,
496 5008 702 5074 puppim
743 5000 926 5057 rursus
963 5000 1200 5075 pulsant,
1233 5015 1352 5075 cum
1399 5000 1574 5052 navim
1603 5015 1729 5052 con-

159 5070 386 5130 vertunt.
439 5070 835 5143 Hoc'adagium
873 5074 937 5125 iis
977 5072 1205 5143 quadrat
1249 5070 1338 5138 qui
1371 5079 1548 5143 partes
1594 5084 1726 5143 quas

158 5151 306 5213 prius
342 5147 635 5202 tuebantur.
680 5140 944 5205 deserunt,
977 5141 1217 5211 atquein
1261 5140 1588 5192 contrarium
1644 5140 1728 5190 ni-

161 5227 368 5269 tuntur.
407 5215 530 5269 Ilaec
562 5213 676 5267 llill.

233 5287 348 5356 (50)
380 5283 678 5356 Numitor
708 5281 898 5350 ἰχθύν.
942 5279 1017 5334 De
1067 5278 1273 5356 nautilo
1305 5277 1455 5347 pisce
1479 5275 1578 5356 _sic
1617 5273 1728 5356 Pli-

165 5347 288 5409 nius
322 5347 514 5408 scribit
549 5354 642 5408 lib.
673 5347 760 5412 ιι,
783 5365 904 5420 cap.
939 5365 1062 5404 ιινι
1093 5366 1106 5400 :
1134 5347 1290 5420 inter
1330 5347 1600 5420 prarcipua
1628 5347 1728 5398 mi-

166 5426 379 5485 racula,
425 5424 517 5493 qui
563 5429 776 5475 vocatur
803 5416 1057 5481 nautilus,
1088 5419 1153 5470 ab
1181 5416 1303 5495 aliis
1332 5417 1614 5495 pampinis,
1642 5430 1732 5495 su-

165 5496 319 5560 pinus
350 5495 404 5544 in
437 5485 655 5546 summa
695 5505 956 5560 (equorum
987 5489 1236 5560 pervenit,
1257 5486 1359 5560 Δἰιιι
1389 5502 1442 5538 se
1468 5485 1729 5560 paulatim

166 5554 438 5632 subrigens
471 5572 528 5614 ut
568 5554 775 5632 εηιὶεείὶΔ
799 5562 940 5632 omni
984 5554 1075 5632 per
1118 5555 1355 5632 ﬁstulam
1384 5571 1548 5632 aqua.
1595 5554 1728 5632 velut
1766 5621 1768 5624 ν

164 5623 480 5692 exoneratus
511 5632 718 5683 sentina
749 5628 906 5699 facile
923 5623 1157 5699 naviget.
1170 5696 1179 5699 _
1192 5623 1517 5699 Posteaduo
1528 5693 1538 5699 _
1550 5623 1724 5690 prima

168 5702 386 5756 brachia
414 5693 760 5766 retorquens,
778 5693 1131 5752 membranam
1161 5696 1297 5749 inter
1340 5693 1435 5748 illa
1469 5693 1617 5747 mira:
1647 5701 1724 5774 te-

1823 3526 1996 3571 naret.
2037 3515 2162 3570 Ideo
2201 3523 2255 3571 te
2293 3517 2533 3586 quidem,
2569 3517 2712 3571 sicut
2732 3517 2888 3572 decet
2912 3556 2928 3582 ,
2963 3517 3085 3572 sinu
3119 3535 3220 3574 suo
3249 3520 3396 3575 fovet

1822 3616 1986 3678 atque
2023 3608 2426 3677 complectitur,
2467 3622 2592 3661 cum
2616 3608 2912 3664 virtutibus
2944 3616 2996 3664 et
3024 3611 3402 3681 sermonibus,

1825 3701 2056 3771 aliisque
2099 3701 2376 3771 praeclaris
2423 3701 2626 3771 quibus
2685 3707 2738 3756 te
2795 3702 2980 3757 divina
3035 3704 3209 3773 gratia
3268 3720 3398 3760 con-

1827 3792 1990 3862 digne
2034 3793 2407 3864 locupletavit.
2463 3793 2574 3850 Nos
2618 3811 2746 3851 vero
2793 3796 3002 3866 expulit
3055 3812 3120 3850 ac
3169 3796 3400 3866 projccit

1825 3885 1971 3939 velut
2001 3885 2318 3940 retrimenta
2367 3893 2422 3940 et
2469 3885 2815 3955 quisquilias,
2843 3888 3082 3957 glmnam
3115 3897 3171 3942 et
3201 3888 3400 3942 [luctus

1824 3976 2088 4030 marinos.
2151 3975 2352 4030 Verum
2419 3977 2863 4045 quandoquidem
2932 3991 3019 4030 res
3097 3977 3399 4030 amicorum

1824 4081 2146 4123 communes
2194 4074 2361 4132 sunt,
2415 4082 2516 4137 ego
2564 4067 2782 4137 quidem
2835 4077 3014 4120 tecum
3051 4067 3400 4122 communico

1825 4226 2048 4279 unitatis
2110 4225 2364 4284 extendit,
2407 4241 2512 4294 qua
2558 4225 2853 4293 veli/icunte
2897 4225 2950 4278 in
2999 4241 3162 4278 auras
3196 4226 3401 4280 cwteris

1825 4295 2186 4364 subremigans
2221 4295 2470 4354 brachiis.
2511 4296 2684 4347 media
2731 4294 2904 4348 cauda
2937 4295 3017 4348 uti
3045 4294 3402 4363 gubernaculo

1826 4381 1936 4418 sese
1966 4363 2114 4434 regit.
2146 4363 2231 4417 Ita
2262 4366 2402 4419 vadit
2434 4363 2544 4417 alto
2568 4364 2972 4418 Liburnicarum
3000 4365 3232 4434 gaudens
3267 4367 3406 4417 ima-

1825 4436 1962 4503 gine,
1997 4445 2045 4489 et
2080 4436 2127 4488 si
2162 4435 2292 4504 quid
2332 4435 2540 4503 pavoris
2575 4437 2904 4495 interveniat.
2954 4435 3148 4487 hausta
3179 4451 3233 4488 se
3261 4452 3404 4488 mer¢

1825 4506 1902 4576 git
1957 4521 2114 4576 aqua.
2168 4504 2312 4568 Mox,
2370 4507 2498 4557 ὅταν
2558 4505 2828 4576 χειμῶνος
2878 4505 3224 4575 αἰσθάνηται.
3279 4504 3402 4560 Bill.

1829 4573 1959 4630 Cum
1987 4575 2204 4627 hiemem
2229 4576 2468 4629 senserit.
2560 4573 2591 4576 ’⁷
2653 4573 2663 4576 ’
3098 4573 3105 4575 ὴ
3369 4635 3372 4640 .

1897 4645 2010 4714 (51)
2043 4643 2222 4697 Αὐτοὶ
2255 4644 2342 4699 δέ.
2376 4644 2511 4714 Cod.
2544 4641 2676 4714 Reg.
2725 4643 3038 4714 auzobqbé.
3083 4643 3229 4714 Mox,
3270 4645 3408 4714 πρὸς

1825 4711 2107 4767 τάεκεῖσε
2147 4711 2669 4784 μετασκευάζεσθαι.
2714 4712 3006 4767 Cumbef.:
3052 4713 3132 4764 Ad
3177 4711 3404 4784 alterum

1635 4789 1729 4860 ρύ-
1759 4797 1807 4858 ο
1832 4784 1994 4860 vitam
2025 4782 2391 4860 commigrare,
2441 4784 2527 4838 vel
2563 4782 2641 4860 αι(
2679 4799 2742 4835 ea
2782 4799 2898 4853 quw
2939 4791 3061 4836 sunt
3094 4784 3191 4836 (ιτοί
3237 4783 3408 4851 futuri

1795 4863 1797 4866 ‘
1833 4853 2074 4922 animum
2099 4855 2432 4922 studiumque
2463 4852 2769 4922 transferre.

1908 4921 2018 4991 (52)
2066 4921 2275 4992 Ὀρθῶς
2304 4919 2530 4990 λέγετε.
2575 4921 2710 4976 Cod.
2757 4919 2890 4990 Reg.
2926 4928 2981 4973 et
3022 4919 3175 4975 Pass.
3230 4919 3406 4990 ὀρθῶς

1832 4990 2067 5060 λέγεται,
2104 4990 2241 5046 recte
2273 4993 2489 5046 dicitur.

1907 5057 2022 5184 (55)
2038 5064 2228 5128 Τούτῳ
2244 5063 2628 5131 κρατούμεθα.
2648 5059 2722 5113 Ita
2747 5058 2855 5141 duo
2873 5059 3033 5138 codd.
3049 5057 3238 5143 ῐὶθεε.2
3257 5057 3407 5113 Mon-

1907 5148 1964 5184 :..
2023 5131 2182 5184 lorel.
2215 5148 2278 5184 ac
2304 5131 2550 5184 Combel‘.
2588 5128 2645 5184 In
2677 5131 2808 5184 edit.
2853 5145 3009 5181 τουτο
3038 5129 3406 5184 κρατουμεθα.

1830 5128 1964 5193 ιιιό..
1994 5128 2182 5187 Morel.
2215 5128 2550 5186 ac'Combel‘.
2588 5128 2645 5184 In
2677 5131 2808 5185 edit.
2853 5128 3009 5181 τοῦτο
3038 5128 3406 5199 κρατούμεθα.

1831 5200 1888 5254 In
1913 5202 2037 5256 cod.
2069 5201 2226 5258 Pass.
2253 5199 2411 5254 τοῦτο
2439 5201 2612 5255 deest.

1908 5271 2021 5343 (54)
2067 5273 2134 5324 Τὸ
2172 5271 2239 5325 δὲ
2264 5270 2570 5343 ἀπειπεῖν.
2599 5268 2736 5343 Sese
2765 5277 2938 5323 autem
2986 5270 3250 5325 abdicare.
3285 5267 3404 5324 BiII.

1836 5340 2121 5396 Faces'sere
2142 5351 2316 5395 autem
2338 5349 2387 5394 et
2424 5341 2708 5392 concidere.

1906 5411 2020 5480 (35)
2050 5410 2269 5482 Scripta
2300 5424 2448 5464 anno
2475 5409 2576 5465 581
2628 5408 2931 5472 desinente,
2987 5409 3070 5463 vel
3115 5407 3224 5463 582
3269 5408 3408 5464 icci-

1873 5482 2036 5536 iente.

1834 5498 2036 5620 milia?
2060 5548 2216 5604 Tom.
2255 5547 2453 5620 l___edit.
2486 5548 2606 5607 Bat.
2632 5563 2686 5620 p.
2721 5546 2812 5612 57,
2855 5560 3010 5600 num.
3053 5547 3116 5604 9t
3153 5545 3409 5619 [hujusce

1832 5617 2156 5691 Patrologia:
2192 5628 2232 5674 t.
2267 5617 2353 5692 II].
