3778 6196
324 285 427 340 197
1575 279 1633 337 S.
1680 278 2007 337 CREGORI!
2045 279 2392 337 τιιεοιοει
3497 279 3622 339 183

321 400 453 452 time
486 397 568 450 vir
608 396 886 465 (tanquam
910 394 1231 461 sareolatra,
1254 392 1520 464 siquidem
1550 408 1652 464 ego
1678 394 1897 449 antbro-

2080 396 2139 447 ὸν
2166 395 2302 467 πρὸς
2330 394 2530 467 σάρκα,
2559 393 2632 457 ὡς
2665 393 2765 447 οὐκ
2812 392 2990 458 άλλως
3014 393 3236 465 δεθῆναι
3268 395 3620 467 δυνάμενον,

323 488 538 557 polatra
564 489 730 554 sum),
762 484 968 539 idcirco
1001 495 1234 540 mentem
1270 501 1445 540 meam
1480 486 1811 548 contemnis.
1848 494 1898 540 ut

2074 484 2101 537 ,ὶ
2149 485 2236 540 διὰ
2280 485 2437 538 τοῦτο
2482 483 2721 555 ὲξαιρεϊς
2769 484 2831 537 τὺ
2878 485 3212 556 μεσότοιχον.
3265 488 3324 539 ὐ
3357 488 3416 540 δὲ
3460 488 3624 555 ἐμὸς

323 580 495 633 Deum
522 592 645 633 cum
679 591 847 631 carne
869 577 1150 634 devincias
1180 578 1291 648 90
1314 577 1539 649 perinde
1561 586 1727 648 alque
1749 577 1908 633 aliter

320 671 548 736 astringi
598 678 855 739 nequeat,
901 671 972 724 ob
998 669 1161 741 idque
1208 669 1594 724 intermedium
1642 670 1906 738 parietem

320 760 471 815 tollis
485 759 553 814 ⁸³.
568 759 689 814 Mea
708 766 888 814 autem
908 760 1070 823 ratio,
1090 759 1192 811 hoc.
1204 767 1310 823 est,
1331 759 1567 815 hominis
1583 759 1807 813 minime
1825 773 1908 813 sa-

318 849 520 917 pientis
549 855 605 903 et
621 848 845 912 eruditi,
884 864 1132 919 quaenam
1164 848 1286 903 est?
1308 847 1460 904 Mens
1475 850 1664 911 menti,
1687 857 1746 903 ut
1777 864 1905 920 pro-

316 924 599 1007 'pinquiori
618 944 670 991 et
692 936 1079 1006 conjunctiori.
1101 936 1370 1006 jungitur,
1384 952 1449 991 ac
1475 952 1573 1007 per
1587 952 1706 992 eam
1724 936 1901 1000 carni,

320 1026 467 1080 inter
489 1026 826 1079 divinitatem
858 1036 914 1079 et
940 1026 1123 1080 carnis
1156 1026 1392 1088 molem,
1428 1025 1902 1081 intervenientem.

396 1116 570 1172 Porro
598 1126 802 1179 autem,
834 1132 997 1187 quam
1037 1117 1392 1174 humanitatis
1434 1126 1756 1188 assumpta,
1794 1117 1901 1183 vel,

323 1216 385 1261 ut
415 1208 517 1279 ipsi
550 1208 869 1278 loquuntur,
907 1209 1327 1269 incarnationis.
1383 1225 1606 1266 causam
1651 1210 1901 1280 atteram,

325 1299 631 1355 videamus.
667 1297 950 1368 Siquidem
980 1308 1041 1352 ut
1070 1299 1216 1354 Deus
1237 1300 1442 1370 alioqui
1476 1302 1898 1372 incomprehem

323 1390 534 1454 sibilis,
563 1391 1078 1460 comprehendatur,
1122 1406 1187 1447 ac
1226 1392 1330 1446 sub
1364 1408 1552 1454 carne,
1583 1394 1741 1463 quasi
1782 1395 1902 1449 velo

319 1480 583 1550 quodam,
623 1495 748 1534 eum
788 1480 1101 1535 hominibus
1142 1488 1408 1542 versetur.
1442 1481 1574 1535 scita
1616 1496 1751 1536 sane
1776 1482 1895 1537 haec

324 1572 463 1641 ipsis
491 1573 639 1625 larva
662 1580 771 1635 est,
800 1580 856 1627 et
884 1572 1192 1642 hypocrisis
1220 1570 1401 1625 fabula
1422 1591 1435 1627 :
1459 1580 1516 1627 ut
1546 1573 1761 1627 interim
1790 1588 1899 1627 non

321 1663 502 1716 dicam
532 1664 641 1717 alio
671 1679 888 1733 quoque
916 1662 1076 1717 modo
1100 1662 1215 1717 ﬁeri
1242 1664 1509 1732 potuisse,
1530 1673 1589 1718 ut
1613 1665 1898 1720 nobiscum

2005 573 2161 641 λόγος
2201 574 2306 638 τίς,
2341 573 2434 626 τοῦ
2466 573 2801 643 άφιλοσόφου
2833 574 2928 626 καὶ
2968 574 3339 641 ἀπαιδεύτους
3380 578 3410 628 ὁ
3466 574 3621 638 νοῦς

2003 666 2084 737 τῷ
2109 666 2189 719 νοτ
2216 667 2492 737 μίγνυται,
2535 666 2612 729 ὡς
2663 667 2947 737 ἐγγυτέρῳ
2991 668 3085 720 καὶ
3118 669 3459 739 οίκειοτέρῳ,
3502 668 3618 720 καὶ

2003 760 2093 813 διὰ
2124 758 2315 813 τούτου
2346 760 2509 832 σαρκὶ
2548 752 2927 830 μεσιτεύοντος
2959 759 3072 832 (71)
3105 760 3322 815 θεόττντι
3356 760 3465 815 καὶ·
3492 777 3621 815 ετα-

2004 865 2215 921 χυτητι.

2074 1114 2170 1177 Τίς
2211 1113 2268 1166 δὲ
2312 1111 2408 1167 καὶ
2447 1113 2478 1167 6
2519 1112 2680 1181 λόγος
2724 1110 2910 1175 αὐτοῖς
2953 1111 3055 1180 τῆς
3099 1111 3611 1184 ὲνανθρωπήσεως,

2004 1204 2222 1275 ἴδωμεν,
2260 1204 2436 1257 είτουν
2477 1202 2831 1275 σαρκώσεως,
2881 1201 2957 1266 ὠς
3009 1202 3163 1256 αὐτοὶ
3206 1202 3484 1271 λέγουσιν.
3532 1205 3611 1257 Et

2005 1293 2106 1369 μὲν
2149 1295 2235 1347 ἵνα
2264 1293 2487 1364 χωρηθῇ
2514 1293 2670 1357 Θεὸς,
2712 1291 2889 1355 άλλως
2919 1290 3206 1363 άχὼρητος
3232 1292 3332 1356 ὢν,
3365 1295 3466 1347 καὶ
3514 1295 3609 1358 ὡς

2003 1386 2109 1440 ὑπὸ
2138 1388 2601 1458 παραπετάσματι
2629 1386 2696 1455 τῇ
2728 1384 2893 1456 σαρκὶ
2923 1388 3033 1448 rei;
3078 1384 3389 1457 ἀνθρώποις
3418 1404 3609 1458 προσ-

2001 1478 2256 1550 ομιλήσῃ,
2310 1478 2518 1548 κομψὸν
2576 1478 2638 1531 τὸ
2688 1478 3031 1548 προσωπεῖον
3092 1477 3304 1543 αὐτοῖς,
3370 1479 3469 1533 καὶ
3530 1479 3607 1533 τὸ

2000 1569 2183 1640 δρᾶμα
2205 1570 2305 1640 τῆς
2335 1570 2677 1641 ὑποκρίσεως
2701 1587 2715 1602 ·
2750 1570 2837 1624 ἵνα
2873 1570 2948 1641 μὴ
2989 1569 3134 1638 λέγω
3164 1569 3246 1622 ὅτι
3287 1571 3383 1624 καὶ
3409 1571 3607 1636 ἄλλως

2002 1663 2262 1733 ὁμιλῆσαι
2307 1664 2439 1733 ἡμῖν
2487 1657 2598 1715 οἷόν
2634 1680 2694 1716 τε
2728 1658 2818 1733 ἦν,
2867 1662 3058 1735 ὥσπερ
3109 1664 3169 1716 ὲν
3219 1661 3369 1733 βάτῳ
3412 1664 3605 1735 πυρὸς

323 1764 675 1821 versaretur,
727 1756 1184 1825 quenmdmodum
1228 1756 1382 1825 prius
1410 1756 1462 1809 in
1496 1756 1639 1825 ignis
1674 1757 1813 1810 rubo
1833 1757 1898 1819 “,

2074 1754 2097 1806 ii.
2132 1753 2459 1824 ἀνθρωπίνῳ
2510 1752 2638 1807 εῖδει
2688 1753 2801 1823 (72)
2836 1754 2897 1807 τὸ
2942 1753 3227 1826 πρότερον.
3284 1756 3348 1809 Εἰ
3393 1755 3452 1809 δὲ
3500 1756 3606 1809 ἵνα

319 1855 378 1900 et
402 1846 576 1901 forma
610 1848 848 1901 humana
869 1848 935 1900 ⁵⁸.
968 1847 1025 1900 Si
1058 1855 1238 1901 autem
1301 1855 1361 1901 ut
1404 1848 1571 1901 simili
1599 1864 1696 1918 per
1721 1849 1903 1905 simile

323 1936 666 1992 sanctificato
701 1937 905 2006 peccati
960 1935 1363 1991 damnationem
1404 1939 1599 2003 solvat,
1639 1940 1890 2009 profecto

320 2027 778 2098 quemadmodum
836 2043 1006 2083 carne
1042 2036 1267 2099 propter
1298 2044 1517 2083 carnem
1563 2030 1899 2094 damnatam,

320 2131 377 2175 et
420 2120 603 2174 anima
656 2128 876 2191 propter
938 2120 1175 2174 animam
1206 2135 1345 2190 opus
1373 2120 1584 2183 habuit,
1620 2122 1693 2175 ita
1735 2122 1901 2176 etiam

321 2221 505 2267 mente
528 2220 747 2281 propter
771 2220 1031 2279 mentem,
1075 2220 1265 2284 utpote
1293 2227 1415 2283 quae
1446 2212 1499 2265 in
1552 2211 1763 2265 Adamn
1790 2228 1900 2268 non

324 2302 501 2354 solum
576 2305 918 2372 peccaverit,
979 2303 1076 2359 sed
1128 2311 1183 2359 et
1226 2304 1403 2374 prima
1465 2301 1660 2357 affecta
1714 2303 1899 2369 fuerit,

323 2392 786 2461 quemadmodum
815 2394 1013 2449 medici
1046 2394 1102 2448 in
1130 2395 1341 2449 morbis
1385 2395 1709 2464 loquuntur.
1746 2392 1901 2460 Quod

322 2484 471 2538 enim
507 2487 822 2539 mandatum
865 2487 1095 2555 accepit,
1125 2486 1230 2539 hoc
1271 2483 1529 2540 mandato
1565 2500 1782 2554 quoque
1804 2486 1906 2538 mi-

322 2572 473 2626 nime
529 2574 710 2642 paruit
760 2574 960 2644 :quod
1011 2583 1191 2628 autem
1254 2573 1479 2629 minime
1537 2576 1749 2644 paruit,
1796 2575 1901 2630 hoc

319 2662 489 2716 etiam
520 2678 586 2717 eo
614 2663 856 2718 audacia:
877 2678 1228 2736 progressum
1263 2672 1371 2727 est,
1399 2672 1458 2717 ut
1489 2664 1622 2717 illud
1648 2664 1896 2734 violaret;

321 2753 468 2822 quod
524 2761 704 2808 autem
739 2754 978 2819 violavit,
1012 2754 1114 2810 hoc
1143 2754 1197 2809 in
1235 2754 1427 2825 primis
1467 2770 1687 2826 quoque
1724 2757 1898 2813 salute

1998 1845 2134 1919 λύσῃ
2184 1844 2245 1898 τὸ
2299 1845 2621 1916 κατάκριμα
2663 1848 2764 1916 τῆς
2818 1845 3094 1917 ἁμαρτίας
3154 1844 3234 1916 τῷ
3292 1845 3464 1916 ὁμοίῳ
3533 1846 3606 1900 τὸ

1996 1936 2179 2006 ὅμοιον
2213 1936 2471 2004 ἁγιάσας,
2496 1935 2686 2007 ὥσπερ
2710 1936 2915 2008 σαρκὸς
2944 1936 3132 2007 ἐδέησε
3157 1936 3247 1989 διὰ
3272 1935 3371 2007 τὴν
3408 1938 3609 2007 σάρκα

1998 2026 2442 2099 κατακριθεῑσαν,
2479 2027 2572 2081 καὶ
2610 2026 2791 2098 ψυχῆς
2818 2027 2907 2081 διὰ
2948 2027 3047 2099 τὴν
3076 2026 3275 2099 ψυχὴν,
3321 2027 3465 2081 οὕτω
3495 2029 3606 2081 καὶ

1996 2119 2087 2174 νοῦ
2115 2119 2205 2173 διὰ
2231 2119 2323 2172 τὸν
2362 2117 2507 2181 νοῦν,
2538 2119 2598 2172 οὐ
2649 2119 2954 2193 πταίσαντα
2990 2119 3151 2189 μόνον
3179 2121 3238 2173 ὲν
3263 2118 3342 2189 τῷ
3383 2118 3596 2190 Ἀδάμ,

1997 2212 2135 2267 ἀλλὰ
2157 2212 2253 2266 καὶ
2275 2211 2804 2281 πρωτοπαθήσαντα,
2826 2210 3016 2283 ὥσπερ
3038 2214 3087 2265 οἱ
3119 2211 3294 2283 ἰατροὶ
3339 2210 3605 2279 λέγουσιν

1999 2305 2092 2358 ἐπὶ
2121 2305 2230 2357 τῶν
2254 2304 2727 2376 ἀρρωστημάτων.
2759 2306 2823 2358 Ὃ
2848 2303 2958 2375 γὰρ
2979 2303 3078 2375 τὴν
3102 2304 3323 2375 ἐντολὴν
3349 2302 3601 2368 ἐδέξατο,

1998 2394 2153 2449 τοῦτο
2194 2394 2289 2448 καὶ
2325 2393 2423 2465 τὴν
2467 2394 2684 2467 ἐντολὴν
2716 2396 2817 2449 οὐκ
2862 2395 3147 2464 ἐφύλαξεν·
3179 2395 3208 2448 ὃ
3240 2395 3298 2447 δὲ
3323 2395 3426 2448 οὐκ
3456 2395 3603 2463 ἐφύ-

2000 2486 2126 2551 λαξε
2148 2527 2162 2550 ,
2207 2485 2367 2539 τοῦτο
2413 2486 2508 2540 καὶ
2558 2487 2657 2558 τὴν
2711 2486 3027 2558 παράϐασιν
3081 2486 3379 2557 ἐτόλμησεν
3398 2503 3413 2517 ·
3459 2485 3487 2538 ὃ
3536 2485 3607 2538 δὲ

2003 2579 2239 2650 παρέϐη,
2282 2578 2442 2632 τοῦτο
2488 2580 2582 2634 καὶ
2629 2579 2904 2650 σωτηρίας
2956 2578 3124 2631 ἐδεῖτο
3175 2578 3445 2649 μάλιστα;
3472 2576 3501 2629 ὃ
3537 2577 3607 2631 δὲ

2003 2669 2104 2740 τῆς
2151 2669 2423 2743 σωτηρίας
2456 2669 2645 2734 ἐδεῖτο,
2673 2669 2833 2724 τοῦτο
2858 2670 2954 2724 καὶ
2981 2668 3328 2741 προσελήφθη
3348 2683 3363 2698 ’
3397 2671 3443 2723 6:
3464 2666 3607 2733 νοῦς

2003 2759 2113 2832 ἄρα
2141 2760 2561 2831 προσείληπται.

323 2845 633 2916 indigebat;
657 2846 798 2915 quod
829 2855 1007 2901 autem
1033 2848 1210 2902 salute
1237 2846 1531 2916 indigebat,
1560 2845 1663 2900 hoc
1695 2848 1857 2901 etiam
1888 2860 2231 2921 assumptum
2247 2860 2368 2918 est;
2403 2851 2477 2904 ita
2503 2851 2581 2913 ﬁt,
2607 2858 2667 2905 ut
2697 2866 2854 2905 mens
2879 2857 3159 2920 assumpta
3180 2850 3269 2906 sit.

396 2935 511 2991 Hoc
568 2952 744 3002 nunc,
791 2938 957 2992 velint
1026 2938 1238 3001 noiint,
1284 2936 1718 2992 demonstratum
1778 2946 1897 3003 est,

2074 2941 2246 2996 Τοῦτο
2282 2942 2376 2996 νῦν
2405 2935 2799 3013 ἀποδέδεικται,
2827 2942 2931 2996 κᾶν
2965 2942 3041 3014 μὴ
3072 2941 3391 3013 βούλωνται,
3440 2959 3604 3012 γεω-

322 3028 689 3098 geometricis,
733 3035 794 3082 ut
838 3029 941 3099 ipsi
988 3028 1162 3090 aiunt,
1204 3044 1269 3084 ac
1314 3031 1649 3087 necessariis
1680 3031 1911 3094 demou-

324 3116 707 3173 strationibus.
767 3116 849 3171 Tu
907 3133 1036 3172 vero
1072 3118 1298 3188 prrinde
1348 3117 1520 3184 facis,
1561 3135 1627 3174 ac
1674 3120 1741 3182 si,
1781 3120 1909 3175 laeso

323 3208 569 3263 hominis
592 3210 779 3274 oculo,
809 3225 872 3264 ac
913 3208 1049 3279 pede
1081 3210 1310 3281 insuper
1346 3209 1581 3273 oti'enso,
1639 3211 1760 3281 pedi
1787 3210 1910 3281 qui-

323 3302 449 3354 dem
482 3300 808 3355 medicinam
851 3299 1162 3364 adhiberes,
1209 3303 1431 3356 oculum
1468 3311 1647 3356 autem
1693 3303 1911 3357 incura-

325 3399 443 3444 tum
497 3392 834 3462 relinqueres
868 3395 1021 3457 :‘aut,
1053 3409 1178 3447 eum
1228 3395 1406 3465 pictor
1466 3394 1672 3463 aliquid
1728 3395 1909 3451 minus

330 3491 478 3538 recte
532 3484 821 3553 pinxisset,
882 3486 1153 3556 picturam
1194 3485 1419 3557 quidem
1457 3487 1796 3550 immutares,
1825 3487 1908 3557 pi-

326 3584 542 3655 ctorem.
586 3584 791 3641 autem,
855 3578 1006 3632 velut
1047 3594 1275 3634 munere
1309 3594 1416 3634 suo
1443 3587 1592 3634 recte
1638 3579 1906 3642 inmotum,

330 3667 663 3736 praeterires.
729 3668 886 3734 Quod
947 3671 1017 3736 si,
1077 3672 1164 3726 his
1214 3671 1523 3726 rationibus
1558 3670 1819 3740 prohibiti
1843 3685 1909 3724 eo

322 3757 678 3827 confugiunt,
713 3767 772 3813 ut
812 3759 1006 3824 Deum,
1031 3773 1238 3817 remota
1266 3764 1433 3817 etiam
1466 3770 1669 3827 mente,
1703 3762 1907 3817 homini

328 3850 566 3905 salutem
609 3850 806 3907 aﬂ‘crre
834 3867 997 3923 posse
1023 3853 1232 3918 dicant,
1274 3854 1463 3923 utique
1504 3855 1686 3924 potuit
1716 3853 1906 3919 etiam,

330 3949 545 3996 remota
574 3956 744 3997 carne
781 3958 876 4014 per
920 3944 1094 3999 solam
1142 3945 1504 4007 voluntatem,
1551 3944 1907 4013 quemadmo-

326 4035 458 4088 dum
488 4035 592 4089 alia
625 4052 843 4108 quoque
872 4038 1058 4092 omnia
1081 4037 1218 4091 citra
1251 4037 1502 4107 corporis
1526 4051 1745 4106 operam
1778 4050 1910 4105 ope-

326 4133 482 4181 ratus
534 4134 637 4190 est,
680 4136 736 4182 et
766 4140 1041 4199 operatur.
1069 4127 1251 4195 Quare
1285 4144 1409 4183 cum
1458 4135 1639 4182 mente
1682 4140 1902 4182 carnem

329 4234 549 4288 quoque
584 4220 735 4283 tolle,
760 4231 816 4275 ut
840 4221 998 4291 plena
1023 4231 1078 4276 et
1110 4221 1350 4292 perfecta
1372 4220 1471 4275 tibi
1497 4222 1566 4277 sit
1602 4222 1904 4278 temeritas.

2013 3037 2319 3104 μτρικαίς,
2372 3035 2449 3098 ὥς
2492 3051 2655 3104 φασιν
2710 3035 2885 3097 αὐτοὶ,
2933 3035 3026 3087 καὶ
3077 3034 3410 3102 ἀναγκαίαις
3450 3038 3605 3088 duo-

2008 3122 2227 3191 δείξεσι.
2290 3125 2362 3178 Σὺ
2414 3125 2470 3178 δὲ
2512 3126 2687 3188 ποιεῖς
2727 3123 3133 3196 παραπλήσιον,
3184 3123 3371 3194 ὥσπερ
3416 3123 3488 3179 ἂν
3547 3127 3608 3178 εἰ

2008 3215 2285 3287 ὀφθαλμοῦ
2330 3215 2615 3288 ἀνθρώπου
2670 3216 2999 3279 πταίσαντος
3060 3215 3157 3269 καὶ
3208 3214 3370 3293 ¹ποδὸς
3425 3232 3607 3286 προσ-

2010 3308 2355 3369 πταίσαντος,
2380 3306 2472 3359 τὸν
2504 3306 2641 3360 πόδα
2668 3305 2766 3376 μὲν
2794 3306 3148 3376 ἐθεράπευες,
3179 3304 3274 3358 τὸν
3302 3304 3361 3358 δὲ
3392 3303 3605 3374 ὀφθαλ-

2010 3402 2112 3473 μὸν
2167 3399 2543 3471 ἀθεράπευτον
2593 3400 2744 3461 εἴας·
2778 3397 2812 3468 ἢ
2844 3394 3138 3469 ζωγράφου
3183 3413 3238 3449 τι
3290 3394 3367 3467 μὴ
3412 3394 3605 3460 καλῶς

2009 3490 2339 3564 γράψαντος,
2369 3489 2430 3543 τδ
2466 3489 2564 3559 μὲν
2591 3488 2801 3560 γραφὲν
2831 3486 3157 3558 μετεποίεις,
3183 3486 3274 3539 τὸν
3295 3486 3351 3539 δὲ
3379 3485 3607 3557 ζωγρά-

2012 3601 2109 3652 φον
2139 3583 2214 3646 ὡς
2258 3579 2627 3653 κατορθοῦντα
2675 3579 3030 3651 παρέτρεχες.
3074 3579 3138 3632 Ei
3172 3578 3228 3632 δὲ
3259 3578 3365 3632 ὑπὸ
3391 3578 3606 3633 τούτων

2011 3671 2529 3744 ἐξειργόμενοι-τῶν
2573 3669 2880 3741 λογισμῶν,
2929 3668 3365 3738 καταφεύγουσιν
3412 3669 3508 3721 ἐπὶ
3538 3668 3607 3722 τδ

2008 3763 2235 3818 δυνατὸν
2263 3758 2405 3817 εἶναι
2430 3761 2569 3833 Θεῷ,
2601 3761 2695 3815 καὶ
2725 3761 2892 3832 χωρὶς
2922 3759 3036 3824 νοῦ,
3068 3760 3240 3813 σῶσαι
3271 3760 3361 3814 τὸν
3385 3759 3605 3831 ἄνθρω-

2011 3873 2132 3920 πον,
2183 3854 2403 3917 δυνατὸν
2458 3856 2523 3927 δή
2568 3871 2672 3908 που
2718 3853 2813 3907 καὶ
2858 3854 3028 3924 χωρὶς
3080 3852 3302 3923 σαρκὸς,
3353 3850 3501 3921 μόνῳ
3521 3849 3605 3922 τῷ

2011 3947 2331 4018 βούλεσθαι,
2362 3945 2550 4018 ὥσπερ
2582 3948 2677 4001 καὶ
2723 3945 2793 3999 τά
2829 3945 2964 4000 ἄλλα
2996 3944 3171 3998 πάντα
3204 3945 3452 4014 ἐνεργεῖ,
3504 3944 3605 3995 καὶ

2010 4040 2316 4111 ἐνήργηκεν
2362 4038 2689 4109 άσωμάτως.
2723 4036 2911 4089 Ἀνελε
2949 4031 3043 4088 οὖν
3093 4033 3231 4105 μετὰ
3260 4031 3355 4086 τοῦ
3384 4030 3478 4083 νοῦ
3504 4031 3600 4083 καὶ

2009 4127 2106 4199 τὴν
2141 4127 2339 4200 σάρκα,
2378 4121 2505 4200 ἵν’ᾗ
2541 4143 2624 4178 σοι
2654 4125 2856 4178 τέλειον
2899 4123 2963 4176 τὸ
3000 4122 3100 4193 τῆς
3132 4122 3407 4184 ἀπονοίας.
3459 4118 3604 4173 Ἀλλ’

2014 4219 2329 4274 ἀπατῶνται
2382 4217 2487 4271 ὑπὸ
2529 4216 2623 4270 τοῦ
2671 4217 3031 4288 γράμματος,
3076 4213 3170 4267 καὶ
3204 4211 3291 4265 διὰ
3332 4210 3491 4264 τοῦτο
3529 4211 3604 4281 τῇ

329 4306 440 4364 Sed
470 4310 680 4366 scilicet
707 4327 738 4365 a
781 4312 959 4369 littera
995 4312 1367 4385 decipiuntur,
1403 4323 1802 4385 proptereaque
1831 4314 1898 4370 ad

2076 4310 2169 4383 ρκὶ
2231 4308 2664 4381 προστρέχουσι,
2720 4306 2819 4380 τὴν
2879 4304 3169 4378 συνήθειαν
3217 4304 3318 4375 τῆς
3375 4301 3605 4373 Γραφῆς

430 4532 478 4565 ⁵³
516 4530 712 4603 Ephes.
741 4549 802 4599 ιι,
840 4535 918 4589 14.
991 4533 1039 4566 ⁸⁸
1066 4534 1234 4589 Exod.
1268 4549 1349 4599 Ill,
1380 4535 1436 4588 '2.
1511 4536 1558 4567 ⁵⁵
1590 4532 1725 4590 Gen.
1756 4550 1898 4589 xvm.

2074 4551 2138 4606 l‘l-

334 4731 523 4802 itaque
569 4731 733 4787 modo
780 4731 1078 4802 Gregorius
1125 4732 1445 4802 Apollinarii
1499 4748 1764 4803 sequaces
1792 4748 1913 4789 sar-

333 4804 575 4858 eolatras
626 4811 807 4866 vocat,
853 4804 998 4873 quod
1054 4818 1276 4857 carnem
1305 4805 1478 4857 solam
1506 4804 1573 4857 ab
1603 4819 1670 4857 eo
1697 4820 1913 4859 assum-

334 4885 482 4944 ptam
510 4873 679 4927 fuisse
712 4874 1127 4928 contenderent.
1164 4874 1433 4941 Superius
1478 4874 1623 4926 enim
1667 4874 1919 4943 probavit

331 4960 428 4998 eos
473 4945 566 5014 qui
606 4944 837 4999 mentem
875 4944 1093 5003 tollunt,
1134 4946 1372 4997 animam
1417 4957 1637 5013 qucque
1688 4958 1920 5013 prorsus

335 5014 544 5078 tollere,
573 5021 759 5082 utpote
788 5014 840 5067 in
869 5030 974 5082 qua
1003 5015 1134 5068 nihil
1169 5017 1239 5068 sit
1274 5022 1459 5082 mente
1499 5014 1877 5081 praestantius.

413 5086 525 5152 (71)
564 5081 1016 5153 Μέᾳιτεύοτέτος.
1056 5083 1289 5137 Montac.
1325 5091 1380 5137 et
1419 5081 1606 5136 Morel.
1628 5081 1713 5153 ti);
1752 5098 1911 5153 μεσι-

333 5150 600 5218 τεύοντος.
660 5150 835 5207 Vertit
886 5153 1131 5207 Combel‘.
1173 5172 1185 5207 :
1228 5154 1359 5218 Quae
1399 5153 1573 5206 media
1619 5150 1912 5206 intercedat

332 5227 471 5278 inter
490 5225 737 5277 deitatem
764 5234 812 5275 et
836 5223 1014 5276 carnis
1048 5223 1258 5276 ntalem.

409 5294 520 5362 (Ἡ)
566 5295 668 5346 Ἐν
725 5292 1076 5359 ἀνθρωπίνῳ
1130 5292 1298 5346 εἴδει.
1351 5290 1416 5345 In
1462 5291 1692 5344 humana
1720 5293 1913 5358 specie,

338 5364 590 5417 videlicet
613 5364 740 5415 dum
772 5363 855 5416 sui
893 5362 1237 5430 praesentiam
1288 5362 1616 5431 patriarchis
1643 5362 1913 5415 exhibuit.

336 5432 617 5486 Christum
640 5431 706 5485 ab
724 5432 887 5484 initio
905 5433 1046 5485 inter
1066 5432 1316 5485 homines
1348 5432 1517 5486 fuisse
1534 5447 1634 5485 con
1645 5439 1919 5487 versatqu

337 5502 727 5569 existimarunt
768 5500 985 5554 Patrum
1031 5501 1302 5555 nonnulli.
1336 5499 1662 5569 Congressus
1709 5511 1811 5564 cst,
1844 5502 1923 5554 in-

338 5572 458 5640 quit
491 5567 889 5640 Tertullianus,
950 5586 1070 5623 cum
1120 5567 1533 5640 patriarchisjet
1582 5572 1851 5639 prophetis
1879 5607 1917 5640 .._

338 5637 576 5696 ediscens
591 5637 713 5706 jam
732 5638 848 5691 inde
861 5655 893 5692 α
915 5639 1229 5707 primordio,
1239 5638 1491 5708 jaminde
1507 5637 1773 5695 hominem
1783 5638 1923 5711 quod

2008 4743 2123 4789 erat
2153 4733 2368 4803 futurus
2397 4733 2475 4803 in,
2502 4734 2626 4802 ﬁne.
2662 4732 2919 4803 Asserunt
2944 4731 3182 4803 quidam,
3221 4728 3297 4803 ait
3339 4728 3601 4803 Augusti.

2013 4796 2277 4864 nusflib.
2313 4796 2401 4858 ιινι
2453 4796 2528 4856 De
2553 4805 2653 4857 civ.
2688 4802 2802 4861 Dei,
2829 4796 2966 4870 (νέομ’
2989 4800 3078 4866 29,
3112 4799 3395 4870 Dominum
3434 4796 3596 4853 Chri-

2014 4884 2176 4939 stum,
2205 4874 2373 4926 etiam
2403 4882 2524 4926 ante
2554 4869 2919 4925 indumentum
2968 4870 3166 4932 carnis,
3222 4869 3388 4939 [nime
3418 4870 3607 4939 uisibi-

2018 4944 2141 4999 teni.
2183 4942 2279 4996 Est
2332 4944 2541 5012 quidem
2570 4941 2761 4995 dirinw
2801 4942 3076 5010 potestatis
3107 4950 3156 4993 et
3190 4938 3494 5012 inrisibitis.
3524 4940 3594 4991 in-

2021 5008 2353 5079 corporalis;
2384 5008 2937 5080 incommutabilisqne
2976 5022 3203 5080 naturus,
3235 5010 3345 5062 sine
3370 5008 3485 5061 ulla
3520 5010 3602 5062 sui

2019 5085 2309 5136 mutatione
2332 5084 2495 5135 etiam
2524 5079 3168 5148 mortalibusaspectibus
3190 5094 3464 5148 apparere,
3494 5096 3601 5131 non

2016 5168 2108 5221 per
2138 5154 2190 5206 id
2216 5151 2355 5221 quod
2388 5163 2488 5216 est,
2525 5152 2613 5206 sed
2640 5168 2729 5221 per
2760 5147 2962 5219 aliquid
2996 5151 3134 5219 quod
3182 5149 3285 5221 sibi
3329 5147 3604 5221 subditum

2017 5218 2119 5277 est.
2152 5218 2292 5289 Quid
2322 5234 2501 5275 niuem
2529 5222 2608 5275 illi
2640 5218 2924 5275 subditum
2952 5218 3055 5274 nou
3091 5222 3213 5274 est?
3245 5218 3444 5289 verum
3476 5220 3605 5272 huic

2023 5288 2306 5346 sententiae
2329 5292 2385 5345 S.
2406 5292 2603 5345 Doctor
2633 5292 2814 5345 favere
2836 5307 2945 5345 non
2974 5290 3209 5345 videtur.
3229 5288 3391 5341 Addit
3415 5289 3562 5341 enim
3587 5304 3601 5340 :

2025 5361 2201 5415 Multo
2237 5371 2317 5414 est
2348 5362 2652 5415 rredibilius
2684 5361 2821 5429 quod
2849 5371 2898 5414 et
2952 5358 3237 5429 Abraham,
3258 5359 3315 5410 in
3343 5356 3534 5429 tribus,
3556 5367 3607 5409 et

2021 5431 2119 5487 Lat
2144 5435 2195 5485 in
2228 5430 2432 5486 duobus
2479 5432 2606 5485 ciris
2657 5430 2943 5484 Dominum
2995 5428 3368 5501 agitorcebant,
3400 5428 3492 5479 cui
3515 5442 3611 5501 per

2021 5501 2341 5570 singularem
2370 5516 2644 5557 numerum
2675 5497 3047 5571 loquebantur,
3071 5500 3235 5554 etiam
3260 5512 3383 5551 cum
3401 5512 3495 5552 eos
3513 5497 3611 5552 Ito-

2020 5575 2186 5628 mines
2211 5588 2323 5627 esse
2343 5571 2757 5626 arbitrarentur.
