3778 6182
274 243 376 298 155

1514 237 1571 292 S.
1607 232 1932 292 GREGORII
1965 232 2310 290 TllEOLUGl

3441 235 3548 290 196

271 359 365 428 qui
421 359 496 413 ita
547 356 835 419 sentiunt,
896 370 960 411 ac
1001 356 1237 418 docent,
1306 369 1409 425 pro
1476 354 1646 410 sociis
1693 354 1845 411 babc.

2025 370 2057 416 ης
2095 355 2192 406 καὶ
2219 351 2570 413 διδάσκοντας
2604 350 2693 420 ἔχε
2734 351 3084 414 κοινωνικοῦς
3113 350 3252 420 (97),
3286 352 3410 404 επεὶ
3447 350 3546 404 καὶ

270 450 730 521 quemadmodum
767 455 823 504 et
853 447 959 518 ipsi
1003 446 1302 501 habemus:
1360 462 1455 500 eos
1487 455 1670 500 autem
1696 485 1710 507 ,
1760 445 1853 514 qui

271 556 435 595 secus
468 540 717 595 sentiunt
748 553 1006 593 aversare
1030 577 1046 602 ,
1078 546 1243 607 atque
1283 553 1314 591 a
1367 535 1478 591 Deo
1507 546 1563 592 et
1609 535 1855 590 Ecclesia

269 633 544 687 catholica
584 631 794 686 alienos
833 630 1109 685 existima.
1158 630 1615 699 Quandoquidem
1649 637 1853 695 autem,

268 732 322 778 et
351 722 419 776 de
446 720 631 776 divina
666 721 1028 777 humanitatis
1060 721 1439 791 assumptione
1462 758 1480 784 ,
1514 720 1631 775 sive
1676 720 1857 775 incar-

269 814 496 867 natione
522 852 535 875 ,
571 814 806 882 qumstio
842 811 1091 882 quasdam
1145 820 1398 865 movetur
1425 850 1441 874 ,
1486 810 1592 864 hoc
1638 824 1856 881 quoque

267 905 530 959 omnibus
557 904 626 958 de
653 903 812 957 nobis
852 902 1057 956 affirma
1080 941 1095 965 ,
1127 916 1229 957 nos
1270 900 1360 956 Dei
1403 899 1636 962 Filium.
1667 901 1759 972 qui
1788 917 1853 956 ex

269 994 435 1049 Patre
466 995 706 1065 primum
735 1034 751 1054 .
792 1008 856 1048 ac
886 993 1084 1048 deinde
1112 1008 1178 1047 ex
1209 1003 1399 1046 sancta
1431 991 1599 1046 Maria
1643 992 1856 1063 virgine

268 1086 489 1157 genitus
517 1093 622 1150 est,
657 1085 712 1139 in
745 1100 916 1140 unum
958 1084 1227 1154 jungere.
1266 1100 1366 1138 nec
1395 1085 1536 1140 duos
1592 1086 1731 1141 lilios
1756 1103 1855 1140 no-

270 1178 503 1243 minare,
552 1177 648 1233 sed
696 1192 866 1231 unum
896 1188 950 1233 et
978 1178 1231 1232 eumdem
1274 1176 1328 1229 in
1362 1176 1709 1247 inseparabili
1741 1177 1854 1233 dei-

270 1276 380 1323 tate
411 1276 466 1323 et
496 1269 704 1324 honore
726 1267 976 1324 adorare.
1012 1266 1170 1335 Quod
1202 1267 1248 1322 si
1284 1268 1409 1337 quis
1440 1269 1523 1322 vel
1566 1284 1736 1332 nunc,
1769 1269 1852 1324 vel

270 1375 323 1412 ιιι
362 1366 669 1429 posterum,
713 1359 798 1415 his
827 1359 1052 1414 minime
1079 1374 1341 1415 assensus
1380 1358 1566 1423 fuerit,
1596 1361 1713 1430 ipse
1744 1360 1854 1417 Deo

270 1465 323 1502 in
358 1448 449 1502 die
481 1447 680 1516 judicii
716 1448 987 1503 rationem
1018 1447 1231 1504 reddet.

336 1539 415 1591 Ac
445 1544 635 1591 nostra
681 1538 904 1607 quidem
946 1538 1214 1593 adversus
1254 1545 1526 1593 amentem
1565 1554 1756 1594 eorum
1785 1540 1854 1594 de

272 1637 450 1682 mente
483 1629 814 1683 sententiam
847 1632 1131 1685 contentio
1162 1640 1217 1687 et
1244 1633 1518 1703 oppositio
1538 1672 1554 1697 ,
1590 1641 1650 1686 ut
1700 1631 1850 1687 brevi

1961 444 2160 511 ἡμεῖς·
2200 442 2326 503 τοὺς
2371 438 2427 492 δὲ
2483 439 2685 510 ἑτέρως
2732 437 2955 508 ἔχοντας
3012 439 3358 511 ἀποστρέφου
3384 481 3401 505 ,
3447 443 3550 494 καὶ

1960 528 2275 602 ἀλλοτρίους
2320 528 2456 600 ἡγοῦ
2490 527 2711 582 καὶτοῦ
2764 529 2900 583 Θεοῦ
2952 530 3047 583 καὶ
3100 530 3200 600 τῆς
3247 530 3545 600 καθολικῆς

1971 620 2317 690 Ἐκκλησίας.
2359 620 2577 691 Ἐπειδὴ
2600 620 2656 673 δὲ
2689 621 2782 673 καὶ
2807 621 2934 691 περὶ
2963 622 3061 692 τῆς
3085 620 3235 685 θείας
3275 621 3548 691 ὲνανθρω-

1957 711 2200 779 πήσεως,
2238 711 2412 764 εττουν
2458 711 2787 783 σαρκώσεως
2816 712 3047 766 κινεῖταί
3083 729 3137 765 τι
3169 713 3414 782 ζήτημα,
3449 713 3550 767 καὶ

1956 801 2114 854 τοῦτο
2155 801 2387 873 διορίζου
2428 804 2562 856 πᾶσι
2613 804 2741 875 περὶ
2773 803 2965 874 ἡμῶν,
3012 804 3095 856 δτι
3154 803 3246 856 τὸν
3289 804 3418 855 Tib»
3448 804 3547 856 τοῦ

1956 892 2124 956 Θεοῦ,
2181 892 2273 945 τὸν
2333 892 2661 963 γεννηθέντα
2707 894 2771 945 ὲκ
2817 892 2912 945 τοῦ
2959 891 3207 965 Πατρδς,
3257 895 3354 946 καὶ
3406 894 3549 964 μετὰ

1954 982 2112 1036 τοῦτο
2144 985 2209 1036 ὲκ
2254 987 2353 1053 τῆς
2402 984 2565 1053 ἁγίας
2605 985 2876 1056 παρθένου
2916 986 3166 1056 Μαρίας,
3202 986 3282 1049 είς
3328 984 3387 1037 ἒν
3413 986 3548 1053 ἀγο-

1958 1091 2080 1145 μεν,
2111 1073 2205 1127 καὶ
2232 1075 2291 1127 οὐ
2328 1075 2421 1128 δύο
2450 1077 2599 1138 υἱοὺς
2641 1076 3000 1148 ὀνομάζομεν,
3033 1076 3150 1130 ἀλλ’
3189 1077 3287 1131 ἕνα
3326 1077 3421 1130 καὶ
3447 1078 3545 1131 τὸν

1955 1166 2117 1219 αὐτὸν
2151 1170 2210 1221 ἐν
2238 1168 2526 1239 ἀδιαιρέτῳ
2555 1169 2770 1239 θεότητι
2801 1169 2897 1223 καὶ
2928 1173 3062 1241 τιμῇ
3097 1170 3542 1240 προσκυνοῦμεν.

1954 1258 2019 1312 El
2065 1258 2124 1311 δέ
2163 1275 2249 1322 τις
2286 1260 2345 1314 οὐ
2385 1259 2688 1314 συντίθεται
2732 1261 3011 1331 τούτοιςῆ
3057 1260 3153 1314 νῦν
3198 1262 3232 1332 ἢ
3284 1261 3540 1333 ὕστερον,

1953 1348 2117 1411 αὐτὸς
2141 1348 2329 1417 ὑφέξει
2355 1347 2431 1420 τῷ
2459 1350 2579 1421 Θεῷ
2615 1350 2773 1420 λόγον
2805 1353 2864 1405 ὲν
2893 1353 3078 1424 ἡμέρᾳ
3104 1352 3359 1424 κρίσεως.

2035 1526 2101 1579 Ἢ
2149 1526 2250 1597 μὲν
2295 1521 2391 1580 οῦν
2435 1527 2573 1598 πρὸς
2621 1526 2720 1598 τὴν
2764 1525 2993 1596 ἀνόητον
3034 1526 3216 1581 αὐτῶν
3256 1526 3386 1595 περὶ
3439 1526 3540 1579 τοῦ

1954 1615 2046 1669 νοῦ
2073 1616 2231 1680 δόξαν
2272 1615 2520 1679 ἔνστασις
2555 1616 2711 1686 ἡμῶν
2744 1616 2839 1668 καὶ
2870 1614 3163 1679 ἀντίθεσις,
3192 1614 3267 1678 ὼς
3303 1617 3361 1669 ἐν
3397 1615 3539 1686 βρα-

271 1717 604 1787 complectar
630 1760 645 1784 ,
688 1719 765 1772 ita
816 1733 877 1774 se
932 1719 1134 1776 habet:
1177 1701 1297 1777 solii
1322 1701 1481 1777 enim
1515 1721 1664 1785 fere,
1704 1720 1845 1791 quod

2025 1704 2062 1765 ἰ,
2093 1703 2318 1774 τοιαύτη
2363 1703 2457 1756 καὶ
2498 1701 2671 1766 οὕτως
2708 1702 2940 1773 ἔχουσα’
2990 1705 3142 1774 μόνοι
3190 1704 3298 1775 γὰρ
3347 1705 3539 1775 σχεδὸν

271 1811 629 1877 prolitentur,
665 1808 767 1863 hoc
794 1810 960 1863 etiam
987 1825 1176 1866 revera
1208 1812 1522 1881 patiuntur,
1567 1812 1637 1865 ob
1665 1826 1852 1866 amen-

269 1902 400 1954 tiam
451 1902 707 1957 nimirum
740 1912 974 1958 meutem
1025 1904 1504 1960 circdmcideutes.
1538 1903 1617 1959 Ne
1667 1912 1847 1960 autem

268 1994 504 2048 uos'hoc
547 1995 769 2050 nomine
797 2006 1087 2060 accusent,
1129 1997 1275 2066 quod
1313 1995 1495 2051 Vitulii
1540 1997 1640 2052 viri
1688 1997 1849 2054 nobis

270 2082 585 2137 charissimi
618 2082 778 2139 Iidem
799 2124 814 2146 ,
863 2099 1028 2154 quam
1047 2126 1063 2151 ,
1117 2086 1189 2139 ita
1217 2086 1527 2155 postulante
1556 2087 1715 2142 beato
1744 2086 1848 2140 Da-

275 2187 449 2236 ntaso,
480 2171 668 2229 Romae
698 2176 958 2246 episcopo
981 2215 997 2239 ,
1035 2176 1230 2232 litteris
1259 2178 1631 2248 consignatam
1655 2178 1846 2244 edidit,

276 2264 429 2332 prius
492 2264 712 2333 quidem
758 2267 1213 2334 probaverimus.
1286 2282 1433 2323 nunc
1498 2284 1628 2323 vero
1683 2284 1849 2340 repu-

271 2353 484 2406 diemus
511 2393 526 2417 ,
561 2353 630 2407 de
678 2353 780 2408 hac
813 2369 1031 2423 quoque
1068 2370 1127 2409 re
1155 2371 1327 2425 pauca
1363 2357 1720 2413 disseremus.
1753 2358 1847 2413 Isti

270 2445 445 2510 enim,
483 2459 608 2498 cum
642 2444 784 2514 apud
818 2446 953 2501 [ldos
1006 2462 1139 2501 suos
1186 2448 1488 2517 discipulos
1530 2459 1584 2503 et
1614 2465 1847 2503 arcano-

273 2550 392 2589 rum
423 2535 678 2591 conscios
697 2575 712 2599 ,
744 2538 1206 2606 quemadmodum
1242 2537 1547 2604 Manichaei,
1578 2540 1724 2611 apud
1751 2558 1848 2597 eos

270 2642 411 2696 quos
438 2618 641 2681 electos
671 2638 911 2691 vocant,
944 2630 1013 2684 de
1061 2630 1348 2686 divinitate
1403 2632 1723 2702 disputant,
1763 2641 1849 2689 to-

273 2728 389 2773 tum
429 2735 589 2776 suum
640 2720 893 2774 morbum
925 2720 1268 2791 detegentes,
1306 2724 1389 2778 vix
1424 2724 1587 2779 etiam
1624 2738 1845 2780 carnem

272 2809 546 2866 Salvatori
602 2813 872 2867 tribuunt.
918 2812 1054 2866 Cum
1105 2821 1287 2868 autem
1343 2817 1726 2871 communibus
1779 2816 1848 2873 de

275 2901 634 2958 humanitatis
662 2903 1042 2972 assumptione
1074 2905 1380 2968 sententiis,
1415 2919 1556 2976 quas
1595 2905 1845 2978 Scriptu-

276 3009 336 3047 ra
386 2994 650 3058 exhibet,
712 2995 1118 3048 convincuntur
1173 3011 1237 3050 ae
1300 3005 1668 3066 premuntur,
1727 3000 1846 3070 pias

272 3086 493 3155 quidem
536 3086 806 3142 dictiones
840 3087 1192 3151 conﬁtentur,
1228 3103 1416 3142 verum
1449 3091 1595 3145 circa
1625 3106 1847 3146 sensum
1875 3059 1918 3117 ο

272 3188 330 3233 ct
368 3179 778 3250 intelligentiam
827 3178 983 3235 dolos
1033 3187 1261 3234 nectunt
1287 3219 1303 3243 ,
1335 3196 1441 3235 nou
1474 3182 1691 3250 quidem
1726 3184 1848 3236 ani-

276 3289 396 3336 mae,
431 3290 531 3327 nec
560 3272 787 3329 rationis
823 3286 887 3326 ac
913 3273 1115 3329 mentis
1155 3282 1434 3342 expertem
1475 3287 1575 3328 nec
1604 3272 1852 3342 imperfe-

273 3373 423 3419 ctum
445 3365 553 3435 95
586 3365 861 3420 hominem
883 3364 1235 3422 conﬁtentes:
1261 3372 1520 3421 caeterum
1553 3367 1768 3430 animae,
1796 3374 1851 3421 et

272 3457 542 3519 rationis,
599 3471 664 3511 ac
700 3457 904 3512 mentis
937 3457 1058 3511 loco
1107 3457 1449 3514 divinitatem
1505 3456 1847 3525 inducentes,

274 3548 502 3616 perinde
538 3555 704 3617 atque
738 3548 856 3618 ipsa
912 3548 1029 3603 sola
1065 3563 1189 3602 cum
1238 3563 1406 3603 carne
1452 3554 1750 3618 temperata
1796 3556 1851 3602 et

273 3638 527 3706 copulata
568 3636 769 3701 inerit,
802 3645 858 3690 at
897 3652 1008 3693 non
1043 3637 1210 3692 etiam
1243 3638 1494 3692 humana:
1517 3648 1721 3693 nostra:
1763 3653 1852 3695 res

274 3735 332 3780 et
371 3727 767 3796 proprietates;
813 3728 1029 3782 etiamsi
1065 3728 1157 3781 illa
1205 3728 1272 3782 ab
1310 3729 1459 3783 omni
1494 3737 1720 3798 peccato
1751 3744 1853 3799 pu-

273 3819 411 3873 ritas
465 3819 702 3872 humana
741 3819 1056 3879 conditione
1113 3818 1402 3873 sublimior
1432 3827 1612 3888 esset,
1662 3835 1729 3876 ac
1766 3822 1850 3877 vi-
1912 3854 1933 3873 .

274 3912 540 3967 tiosarnm
568 3919 878 3966 nostrarum
905 3911 1251 3967 alfectionum
1278 3913 1579 3985 expiatrix.‘

347 4069 475 4142 (97)?
500 4071 639 4142 Ἔχε
693 4070 1100 4142 κοινωνικούς.
1160 4068 1443 4142 CpmbeL:
1501 4068 1570 4125 In
1615 4086 1852 4126 commu-

275 4140 430 4195 uioue
458 4140 608 4204 habe,
640 4141 752 4194 illis
780 4141 1144 4211 conmmnioue
1181 4141 1422 4211 jungere.

346 4210 457 4281 (98)
490 4213 554 4281 Ὦ
577 4210 1045 4281 δογματίζουσιις.
1076 4208 1153 4263 lla
1181 4208 1331 4265 Coll).
1363 4212 1416 4277 5,
1441 4210 1495 4274 6,
1530 4210 1586 4275 9,
1614 4226 1667 4274 a,
1695 4211 1851 4267 Mon-

274 4278 383 4335 tac.
423 4278 484 4349 ac
510 4278 696 4334 Morel.
739 4280 972 4349 legitque
1003 4278 1143 4349 Billt
1167 4281 1224 4333 In
1251 4282 1383 4335 edit.
1421 4281 1449 4333 ὅ
1481 4281 1654 4337 deest.

350 4348 461 4418 (99)
499 4346 816 4403 Οὺτταλίού
844 4346 1072 4401 πῖστιν.
1105 4348 1358 4412 Vitalins,
1400 4352 1686 4406 honestate
1722 4351 1845 4406 vitze

2029 4365 2142 4403 ores
2178 4348 2375 4418 (habent
2400 4389 2413 4409 ,
2461 4363 2683 4418 quorum
2715 4346 2848 4399 nihil

1954 1792 1983 1844 ὅ
2020 1792 2438 1864 δογματίζουσιν
2481 1794 2614 1862 (98),
2656 1793 2825 1857 ὅντως
2866 1794 2960 1847 καὶ
3001 1795 3331 1865 πάσχουσιν,
3375 1798 3538 1869 ἀνοίᾳ

1954 1885 2047 1937 τὸν
2090 1884 2216 1939 νοῦν
2258 1876 2709 1957 περικόπτοντες.
2762 1886 2879 1940 Ἵνα
2916 1886 2974 1939 δὲ
3026 1887 3101 1959 μὴ
3154 1889 3538 1958 κατηγορῶσιν

1954 1975 2112 2048 ἡμῶν
2145 1977 2222 2041 ὡς
2254 1978 2352 2048 τὴν
2382 1976 2480 2031 τοῦ
2525 1977 2810 2048 ἀγαπητοῦ
2852 1977 3136 2031 Οὺῖταλίου
3177 1979 3361 2032 πίστιν
3397 1981 3534 2051 (99),

1957 2071 2024 2141 ἢν
2061 2068 2383 2142 ἀπαιτηθεὶς
2424 2069 2529 2123 ὑπὸ
2561 2069 2655 2122 τοῦ
2698 2070 3256 2142 μακαρίου.Δαμὰσου
3298 2073 3395 2125 τοῦ
3434 2074 3538 2143 τῆς

1964 2160 2184 2233 Ῥώμης
2219 2162 2541 2224 ἐπισκόπου,
2590 2160 2867 2233 ἔγγραφον
2904 2162 3216 2229 ἐπιδέδωκε,
3265 2168 3537 2238 πρότερον

1957 2254 2055 2325 μὲν
2095 2254 2542 2325 ἀποδεχομένων,
2587 2254 2684 2308 νῦν
2733 2254 2791 2309 δὲ
2837 2257 3241 2327 ἀναινομένων,
3276 2259 3371 2310 καὶ
3403 2261 3539 2330 περὶ

1951 2344 2142 2397 τούτου
2192 2344 2398 2418 βραχέα
2445 2344 2797 2417 δηλώσωμεν.
2839 2344 3000 2402 Οὗτοι
3062 2346 3171 2420 γὰρ
3224 2349 3388 2419 ἡνίκα
3433 2350 3538 2419 μὲν

1953 2439 2019 2492 ἂν
2064 2443 2175 2504 τοῖς
2208 2441 2452 2511 γνησίοις
2495 2439 2676 2493 αὐτῶν
2702 2440 2779 2511 (Ι)
2819 2441 3122 2511 μαθηταῖς,
3157 2441 3252 2495 καὶ
3300 2441 3539 2511 μύσταις

1952 2530 2060 2584 τῶν
2106 2533 2433 2604 ἀπορρήτων
2482 2531 2802 2600 θεολογῶσιν
2830 2572 2845 2597 ,
2902 2532 3092 2603 ὥσπερ
3137 2535 3188 2585 οἱ
3238 2535 3537 2603 Μανιχαῖοι.

1952 2627 2064 2688 τοῖς
2104 2624 2379 2688 ἐκλεκτοῖς
2426 2607 2737 2695 λεγομένοις
2768 2624 2845 2696 (2)
2868 2665 2884 2691 ,
2933 2625 3062 2697 ὃλην
3094 2625 3192 2697 τὴν
3229 2627 3382 2679 νόσον
3434 2628 3537 2681 αὑ·-

1949 2718 2057 2771 τῶν
2089 2718 2166 2789 (5)
2199 2717 2632 2782 ὲκκαλύπτοντες
2652 2757 2668 2783 ,
2729 2718 2880 2790 μόλις
2932 2718 3026 2772 καὶ
3072 2721 3170 2790 τὴν
3224 2720 3403 2791 σάρκα
3456 2719 3537 2791 τῷ

1951 2811 2167 2883 Σωτῆρι
2202 2810 2455 2866 διδόασιν.
2504 2814 2672 2867 Ὅταν
2712 2814 2768 2867 δὲ
2817 2817 2939 2880 ταῖς
2986 2817 3195 2878 κοιναῖς
3229 2815 3538 2886 ὑπολήψεσι

1953 2906 2082 2978 περὶ
2121 2906 2222 2977 τῆς
2255 2906 2740 2978 ὲνανθρωπήσεως,
2765 2905 2832 2971 ἀς
2871 2908 2906 2977 ἡ
2944 2906 3138 2976 Γραφὴ
3177 2906 3534 2976 παρίστησιν,

1953 2998 2282 3069 ἐλέγχωνται
2316 3000 2410 3053 καὶ
2436 2999 2751 3063 πιέζωνται,
2787 2997 2887 3062 τὰς
2929 2999 3027 3070 μὲν
3070 3000 3314 3062 εὐσεϐεῖς
3354 2998 3536 3065 λέξεις

1950 3088 2294 3158 ὁμολογοῦσι,
2329 3090 2460 3161 περὶ
2496 3089 2553 3143 δὲ
2582 3090 2675 3143 τὸν
2707 3089 2834 3144 νοῦν
2876 3090 3278 3162 κακουργοῦσιν
3301 3092 3403 3161 (4).
3434 3093 3537 3145 οὐκ

1951 3180 2156 3251 ἄψυχον
2197 3181 2295 3251 μὲν
2313 3221 2328 3245 ,
2365 3181 2487 3235 οὐδὲ
2523 3182 2715 3251 ἄλογον
2736 3222 2753 3247 ,
2802 3183 2925 3236 οὐδὲ
2978 3184 3170 3247 ἄνουν,
3212 3185 3334 3237 οὐδὲ
3367 3185 3536 3256 ἀτελῆ

1950 3273 2342 3343 ὁμολογοῦντες
2385 3273 2478 3328 τὸν
2526 3274 2809 3345 ἄνθρωπον
2834 3313 2850 3339 ,
2890 3274 3068 3346 ψυχὴν
3112 3276 3169 3329 δὲ
3222 3278 3317 3328 καὶ
3345 3276 3532 3343 λόγον,

1950 3364 2050 3418 καὶ
2080 3363 2228 3429 νοῦν,
2257 3364 2427 3436 αὐτὴν
2479 3365 2791 3435 εἰσάγοντες
2825 3365 2923 3438 τὴν
2946 3366 3206 3438 θεότητα,
3245 3367 3321 3429 ὼς
3363 3368 3534 3437 αὐτῆς

1951 3457 2018 3527 τῇ
2052 3457 2216 3528 σαρκὶ
2242 3456 2641 3529 συγκραθείσης
2684 3457 2870 3528 μόνης,
2902 3457 3015 3510 ἀλλ’
3046 3458 3168 3527 οὐχὶ
3189 3458 3265 3529 (ὅ)
3297 3459 3392 3511 καὶ
3424 3459 3532 3513 τῶν

1951 3552 2237 3623 ἡμετέρων
2273 3553 2367 3606 καὶ
2405 3551 2783 3623 ἀνθρωπίνων,
2825 3554 2875 3605 εί
2923 3551 3106 3606 καὶτὸ
3147 3552 3533 3624 ἀναμάρτητον

1952 3644 2202 3713 κρεῖττον
2226 3643 2260 3713 ἢ
2300 3643 2422 3698 καθ’
2454 3645 2606 3715 ἡμᾶς
2642 3638 2734 3715 ἦν,
2760 3644 2857 3698 καὶ
2884 3644 2995 3698 τῶν
3026 3644 3310 3715 ἡμετέρων
3344 3646 3535 3701 παθῶν

1952 3733 2273 3806 καθάρσιον.

1951 4066 2100 4122 bere.
2132 4067 2463 4132 Auditorem,
2490 4066 2559 4122 de
2585 4063 2872 4119 Victorino
2896 4065 3231 4121 snbdiacouo
3259 4066 3533 4136 loquitur,

1950 4154 2079 4191 sane
2106 4136 2527 4192 Manichtrorum
2551 4176 2566 4200 ,
2600 4153 2704 4189 non
2749 4136 2967 4190 electum
3003 4153 3057 4191 se
3102 4152 3215 4190 esse
3257 4139 3536 4204 confessus

1949 4217 2050 4261 est.
2086 4210 2369 4262 Auditores
2401 4218 2575 4260 autem
2607 4206 2696 4275 qui
2750 4206 3089 4276 appellantur
3127 4210 3266 4275 apud
3305 4224 3394 4261 eos
3416 4248 3431 4267 ,
3485 4222 3536 4262 et

1951 4278 2196 4331 carnibus
2238 4288 2537 4342 vescuntur,
2567 4286 2615 4329 et
2647 4292 2803 4345 agros
2842 4281 3040 4339 colunt,
3072 4288 3120 4330 et
3159 4279 3206 4328 si
3239 4278 3529 4343 voluerim,

2906 4346 3107 4414 faciunt
3145 4348 3235 4416 qui
3276 4361 3538 4401 vocantur

277 4409 609 4489 conspicuus
649 4425 705 4473 et
751 4418 1174 4489 apostolicorum
1211 4409 1524 4489 dogmatqu
1568 4420 1843 4484 alumnus,
1879 4409 1922 4463 Ῑ)
1949 4417 2115 4471 electi.
2159 4417 2262 4472 Sed
2302 4419 2404 4486 ipsi
2434 4409 2704 4489 auditores
2739 4425 2862 4489 ante
2906 4409 3096 4469 electos
3138 4409 3309 4485 g'enua
3334 4419 3535 4487 ﬁgunt,

276 4487 349 4542 ab
374 4488 720 4561 AApollinario
759 4487 976 4561 tandem
1005 4487 1307 4561 correptus
1326 4497 1410 4542 est
1441 4489 1844 4561 atquegiuuhse-

280 4555 451 4629 resiui
488 4564 812 4629 pertractus.
837 4555 1179 4629 Theodoret.
1201 4558 1292 4612 lib.
1324 4573 1388 4629 v7,
1441 4555 1562 4629 cap.
1599 4559 1653 4612 4.
1689 4558 1848 4613 Hunc

278 4627 648 4698 Apollinarius
681 4627 1042 4698 sectatoribus
1089 4628 1204 4681 suis
1247 4627 1550 4683 Antiochi-ie
1584 4629 1845 4698 praefecit.

278 4696 506 4766 Niceph.
539 4698 631 4753 lib.
654 4712 753 4760 xu,
789 4696 970 4768 θυμέ
994 4735 1009 4759 ,
1046 4698 1139 4765 qui
1171 4705 1225 4751 et
1265 4698 1412 4752 illius
1454 4696 1617 4768 supra
1658 4700 1850 4754 memi-

277 4777 434 4824 uerat
473 4768 583 4823 lib-
606 4783 660 4821 xl
687 4807 701 4829 ,
738 4781 859 4837 cap.
888 4766 956 4820 {2
980 4807 995 4828 ,
1032 4767 1120 4837 ubi
1160 4776 1216 4821 et
1259 4766 1851 4837 ApollinaristasVita-

280 4840 458 4893 lianos
499 4838 676 4891 dictos
724 4836 794 4889 ab
828 4836 1185 4891 Antiocbeuis
1231 4836 1446 4892 scribit.
1481 4838 1615 4893 Cum
1652 4836 1850 4894 Vitalio

279 4910 387 4965 isto
443 4924 502 4963 se
546 4907 851 4962 Antiochia:
900 4922 1298 4975 congressum,
1344 4918 1508 4972 atque
1565 4908 1735 4962 multa
1781 4910 1850 4963 de

279 4977 706 5101 igerntgltﬁhristi
755 4978 1083 5031 disseruiSs-e
1139 4978 1330 5032 scribit
1382 4977 1598 5049 Epipli.,
1634 4980 1727 5033 lib.
1763 4995 1844 5033 ιιι.

327 5063 405 5101 αξο
472 5066 483 5100 ι
535 5087 547 5100 .

306 5049 405 5103 iam
428 5049 547 5101 Bill.

351 5120 426 5188 (Ι)
455 5114 986 5188 Γνησίοιςλαῠτῶν.
1024 5115 1175 5188 C_o|b.
1219 5116 1551 5188 5,_TVY]O’lOt§
1585 5117 1813 5171 ἑαυτῶν.

351 5183 428 5257 (‘2)
478 5183 815 5257 Escae:wa
861 5185 1227 5257 λεγομένοις.
1272 5183 1504 5257 August.
1548 5188 1603 5241 in
1645 5188 1740 5240 lib.
1774 5188 1851 5242 De

279 5254 564 5311 liceresibus
629 5257 696 5309 ad
734 5254 1201 5319 Quodvultdeum.
1270 5254 1462 5312 haeres.
1506 5272 1664 5319 XLVI,
1714 5266 1848 5311 tom.

280 5325 413 5391 Vlll,
455 5343 572 5396 pag.
602 5324 704 5387 ’Νη
744 5324 1070 5396 Μιιηὶοῑιαεοε
1100 5326 1391 5396 ecclesiam
1422 5342 1579 5380 suam
1608 5327 1851 5383 voluisse

278 5395 543 5450 constare
566 5396 781 5450 duabus
813 5395 1265 5461 professionibus,
1311 5396 1622 5450 auditorum
1655 5405 1711 5452 et
1742 5398 1850 5451 ele-

278 5465 743 5530 ctorum,scribit.
776 5463 848 5518 Ut
876 5472 1056 5535 autem
1096 5464 1390 5535 intelligas,
1424 5467 1500 5519 ait
1532 5464 1677 5525 Bill..
1709 5483 1850 5535 quos

279 5536 530 5595 electos,
593 5549 840 5602 quosque
893 5532 1170 5589 auditores
1238 5532 1502 5589 vocarent
1541 5532 1846 5599 Manichtei,

284 5618 466 5674 operte
491 5603 725 5675 pretium
743 5603 847 5675 erit
872 5602 1036 5675 verba
1059 5602 1301 5675 ejusdem
1329 5605 1556 5674 August.
1590 5620 1651 5659 ex
1682 5607 1847 5675 epist.

287 5670 434 5729 nullo
494 5670 604 5727 ἒὖὸ
662 5672 728 5725 ad
778 5670 1097 5725 Deutcri‘um
1137 5670 1454 5743 episcopum
1521 5675 1612 5728 hic
1679 5670 1851 5732 ascri-

1947 4496 2003 4538 ut
2054 4489 2130 4541 eis
2176 4484 2365 4541 manus
2412 4484 2735 4555 supplicibus
2785 4484 3280 4553 imponatur,iuon
3329 4484 3535 4543 u'solis

1947 4558 2205 4625 episcopis
2227 4598 2240 4615 ,
2286 4557 2363 4611 vel
2391 4556 2732 4625 presbyteris,
2774 4565 2867 4607 aut
2901 4555 3139 4609 diacouis
3168 4573 3349 4610 eorum
3369 4597 3386 4619 ,
3436 4559 3535 4611 sed

1948 4623 1982 4678 α
2009 4623 2325 4697 quibuslibet
2355 4623 2564 4697 electis.—
2589 4623 2765 4680 Solem
2814 4626 2977 4697 etiam
3020 4636 3067 4679 et
3099 4626 3281 4697 lituum
3305 4644 3422 4679 cum
3454 4631 3534 4684 eis

1948 4695 2175 4751 adorant
2201 4708 2251 4752 et
2284 4706 2462 4751 orant.
2498 4695 2591 4749 Die
2617 4711 2817 4765 quoque
2838 4695 3116 4749 Dominico
3132 4696 3383 4765 jejunaut
3410 4714 3536 4751 cum

1947 4767 2091 4833 illis,
2131 4780 2181 4822 et
2223 4784 2401 4823 omnes
2440 4766 2795 4835 blasphemias
2845 4766 3103 4829 credunt,
3136 4778 3241 4820 etc.
3297 4767 3421 4821 llaec
3454 4770 3533 4822 ibi

1949 4837 2182 4906 August.
2204 4836 2516 4892 Electorum
2542 4836 2996 4906 etiam'ipsorum,
3022 4843 3079 4890 ut
3108 4846 3162 4891 et
3188 4837 3530 4902 auditorum,

1950 4905 2196 4962 meminit
2260 4906 2590 4963 Posidonius
2643 4905 2984 4961 Calameusis
3032 4907 3089 4961 in
3143 4907 3239 4962 lib.
3280 4907 3359 4960 De
3408 4906 3531 4962 Vita

1916 4977 2199 5045 ~August.,
2224 4992 2347 5047 cap.
2381 4976 2469 5029 16.

2022 5042 2099 5112 (⁷5)
2127 5042 2331 5102 Νόσοίρ
2356 5043 2572 5099 αὐτῶν.
2602 5043 2678 5097 Ita
2709 5042 2945 5099 Montac.
2979 5052 3034 5100 et
3068 5042 3255 5099 Morel.
3296 5043 3353 5099 In
3386 5046 3527 5102 edit.

1948 5116 2101 5236 χόσον
2153 5120 2371 5182 αὐτοῖς,
2422 5116 2694 5185 vertitque
2724 5114 2883 5169 Bill.:
2917 5118 3100 5170 Totum
3155 5115 3390 5170 morbum
3424 5118 3532 5184 ipsi

1986 5195 2259 5236 eleaenles.

1986 5195 2259 5242 eteaentes.

2021 5203 2263 5325 (36%;;
2293 5255 2361 5310 δὲ
2391 5254 2501 5309 τὸν
2522 5253 2676 5325 γοῦν·
2699 5252 3104 5324 κακουργοῦσι
3151 5255 3399 5310 (Ζοιιώεΐ.
3435 5256 3529 5310 in-

1950 5323 2391 5395 terpretationem
2422 5323 2730 5394 sequimur:
2759 5323 2998 5380 verterat
3022 5325 3163 5379 Bill.:
3189 5326 3348 5380 Circa
3376 5342 3528 5380 men-

1951 5405 2053 5449 tem
2079 5396 2262 5451 dolum
2289 5405 2520 5451 struunt.

2023 5466 2097 5535 (5)
2138 5468 2291 5521 Ἀλλ’
2324 5466 2481 5535 οὐχι,
2513 5474 2623 5520 etc.
2652 5465 2938 5522 Combel'.:
2969 5466 3048 5519 Ac
3090 5480 3191 5518 non
3220 5465 3383 5518 etiam
3409 5480 3532 5532 qua:

1951 5534 2135 5590 nostra
2157 5547 2280 5660 slum
2302 5534 2458 5606 atque
2476 5535 2708 5591 humana
2729 5536 2895 5592 eidem
2918 5545 3307 5605 contemperata
3331 5534 3534 5603 fuerim

1951 5615 1999 5659 et
2033 5622 2163 5660 conu
2189 5616 2301 5660 ata.
2938 5622 2943 5627 ‘

1950 5615 1999 5659 et
2033 5615 2301 5676 copulata.
2938 5622 2943 5627 ’
