3778 6184
355 240 458 297 199

1592 243 1649 299 S.
1687 234 2022 299 GREGORII
2060 238 2407 297 THEOLOGI

3538 249 3654 306 200

352 352 537 413 dinem
573 356 857 412 hominum
903 350 1246 414 Salvatorem
1274 361 1488 415 factum
1522 374 1681 427 esse,
1738 371 1796 418 et
1847 360 1914 416 ba

2099 359 2253 426 ένου,
2310 350 2612 430 φαντασίας
2666 361 2725 416 δι
2772 372 2923 427 τινος
2977 354 3267 436 ἀπατηλῇ
3325 365 3421 422 καὶ
3475 364 3651 438 δοκή-

350 448 468 504 bitu
505 444 786 504 inventum
829 459 889 505 ιιι
928 450 1243 506 hominem:
1298 448 1459 523 quasi
1493 446 1583 509 his
1616 454 1801 510 verbis
1832 471 1942 510 non

351 541 593 596 humana
653 541 829 597 forma
895 544 1279 617 signiﬁcetur,
1321 544 1417 602 sed
1477 545 1643 603 fallax
1692 542 1943 618 quaedam

351 633 563 704 species
591 644 646 690 et
679 635 892 706 Opinio.

420 725 692 794 Quoniam
724 727 893 799 igitur
937 745 1016 784 ea;
1043 744 1244 794 voces,
1279 729 1325 786 si
1360 740 1510 787 recte
1537 726 1938 804 intelligantur,

346 832 476 874 cum
517 818 723 890 pietate
774 818 1086 890 conjuncue
1137 829 1301 890 sunt;
1360 823 1405 878 si
1455 838 1741 893 perperam
1772 837 1943 893 expo-

348 920 574 976 nantur,
614 911 897 980 impietate
937 929 1045 967 non
1073 922 1285 978 carent,
1323 913 1455 984 quid
1500 916 1722 979 mirum,
1762 915 1810 971 si
1848 908 1943 970 Vi-

347 1002 465 1057 talii
494 1019 715 1073 quoque
744 1004 907 1057 verba
938 1020 1041 1058 nos
1068 998 1314 1074 quidem,
1344 1000 1419 1058 ita
1454 1006 1723 1060 suadente
1746 1006 1942 1060 volun-

346 1102 491 1159 tate,
524 1094 580 1147 in
637 1094 788 1163 pium
851 1109 1076 1150 sensum
1133 1095 1483 1165 accepimus,
1526 1088 1617 1150 alii
1654 1105 1837 1152 autem
1872 1096 1940 1150 ad

346 1202 562 1249 eorum,
593 1203 715 1257 quae
755 1180 958 1256 scripta
994 1194 1144 1247 sunt,
1179 1196 1416 1243 mentem
1458 1198 1862 1259 exasperantnr
1886 1197 1941 1244 et

347 1274 808 1330 inﬂammantur?
835 1275 992 1343 Quod
1036 1277 1202 1332 etiam
1258 1276 1315 1331 in
1367 1292 1536 1333 causa
1584 1277 1754 1334 fuisse
1793 1294 1938 1344 reor,

345 1384 446 1423 cur
480 1368 597 1439 ipse
617 1385 836 1440 quoque
867 1368 1136 1425 Damasus
1158 1414 1172 1433 ,
1200 1386 1324 1424 cmn
1360 1378 1548 1440 postea
1579 1370 1781 1426 rectius
1808 1370 1940 1425 cdo-

345 1470 468 1516 ctns
499 1458 717 1527 fuisset,
762 1462 1038 1533 simulque
1070 1462 1123 1516 in
1157 1456 1407 1533 pristinis
1441 1472 1535 1517 eos
1582 1454 1939 1533 expositioni-

344 1553 447 1608 bus
476 1562 724 1623 perstare
750 1554 1037 1617 audiisset,
1080 1571 1176 1609 eos
1216 1556 1284 1608 ab
1321 1547 1579 1611 Ecclesiae
1607 1564 1753 1610 coetu
1785 1555 1941 1610 abdi-

342 1646 520 1712 carit,
572 1644 807 1717 ﬁdeique
853 1647 1093 1702 libellum
1144 1663 1268 1701 cum
1301 1647 1759 1703 anathematismo
1787 1643 1937 1702 dele-

2052 460 2215 517 σεως.

2134 714 2352 792 Ἐπειδὴ
2395 714 2581 775 τοίνυν
2614 736 2671 775 αι
2716 722 2893 791 φωναὶ
2931 714 3090 779 αὗται
3126 720 3270 796 (18),
3312 722 3493 791 καλῶς
3544 731 3650 797 μὲν

2050 808 2361 884 νοούμεναι,
2403 811 2541 885 μετὰ
2593 815 2714 885 τῆς,
2747 810 3031 881 εὐσεϐείας
3064 816 3194 881 εἰσὶ,
3235 816 3423 883 κακῶς
3456 818 3515 872 δὲ
3559 820 3651 884 ἐξ-

2050 905 2374 977 ηγούμεναι,
2402 904 2463 959 to
2493 904 2751 971 δυσσεϐὲς
2778 904 2981 979 έχουσι,
3016 908 3067 962 τί
3098 907 3433 981 θαυμαστὸν,
3464 912 3513 964 εί
3545 910 3649 965 καὶ

2046 994 2177 1062 τοὺς
2223 994 2508 1053 ὒύῖταλίου
2558 1000 2782 1069 λόγους,
2819 996 2980 1074 ἡμεῖς
3017 1001 3117 1074 μὲν
3168 1002 3262 1056 ἐπὶ
3315 1003 3378 1057 τὸ
3420 1003 3652 1057 εὐσεϐέ-

2050 1102 2241 1165 στερον
2268 1086 2592 1163 ἐδεξάμεθα,
2627 1092 2771 1147 οὕτω
2799 1090 2894 1147 τοῦ
2935 1092 3113 1148 Θέλειν
3151 1092 3450 1160 πείθοντος,
3487 1096 3649 1151 ἄλλοι

2047 1182 2105 1241 δὲ
2141 1176 2280 1256 πρὸς
2329 1186 2421 1240 τὸν
2463 1184 2573 1241 τῶν
2614 1186 3018 1259 γεγραμμένων
3056 1184 3181 1242 νοῦν
3222 1189 3643 1261 ἀγριαίνουσινς

2047 1278 2076 1333 ὅ
2102 1292 2192 1349 μοι
2224 1274 2391 1341 δοκεῖ,
2428 1278 2522 1332 καὶ
2564 1270 2818 1349 Δάμασος
2846 1274 3009 1343 αὐτὸς
3059 1276 3490 1350 μεταδιδαχθεὶς,
3552 1283 3648 1335 καὶ

2047 1365 2165 1437 ἅμα
2193 1364 2497 1438 πυθόμενος
2517 1364 2611 1420 ἐπὶ
2639 1364 2746 1420 τῶν
2776 1362 3061 1440 προτέρων
3089 1369 3273 1439 μένειν
3304 1366 3414 1440 (l9)
3442 1370 3648 1434 αὐτοὺς

2048 1450 2381 1530 ἐξηγήσεων,
2418 1458 2841 1529 ἀποκηρύκτους
2886 1460 3083 1525 αὐτοὺς
3129 1460 3500 1531 πεποιῆσθαι,
3551 1463 3647 1517 καὶ

2046 1550 2106 1604 τὸ
2139 1554 2521 1622 γραμματεῖον
2547 1553 2976 1620 άνατετραφὲναι
2999 1548 3115 1623 (Ξο)
3147 1550 3247 1623 τῆς
3272 1553 3513 1617 πίστεως
3547 1556 3644 1608 σὺν

2045 1638 2508 1714 ἀναθεματισμῷσ
2546 1646 2640 1696 καὶ
2675 1644 2811 1715 πρὸς
2856 1644 3027 1715 αὐτὴν
3065 1643 3164 1715 τὴν
3209 1645 3429 1717 ἀπάτην
3459 1642 3647 1699 αὐτῶν

340 1740 514 1794 verit:
550 1748 665 1792 ttnn
697 1740 859 1793 etiam
900 1739 1047 1810 quod
1100 1734 1345 1794 fraudem
1376 1757 1495 1796 eam
1521 1782 1537 1805 ,
1573 1741 1627 1794 in
1657 1756 1819 1811 quam
1849 1756 1913 1811 pe

2099 1736 2405 1807 ισχεράνας,
2437 1735 2506 1807 ἦν
2531 1733 2735 1790 ἔπαθεν
2756 1735 2816 1802 ἐξ
2848 1733 3171 1808 ἁπλότητος.

341 1830 747 1899 simplicitatem
775 1831 1076 1894 inciderat,
1104 1833 1431 1901 permoleste
1463 1831 1649 1888 ferret.

412 1918 616 1975 Harum
680 1922 864 1991 itaque
914 1938 1098 1976 rerum
1165 1939 1290 1977 cum
1351 1925 1640 1980 manifeste
1696 1925 1933 1980 convicti

338 2020 502 2075 sunt,
549 2028 655 2067 non
686 2004 1058 2084 indignatione
1085 2013 1413 2078 aﬁiciantur,
1449 2014 1541 2069 sed
1580 2016 1787 2087 pudore
1815 2016 1934 2072 suf-

340 2105 674 2172 fnndantnr;
709 2122 818 2162 non
847 2098 1147 2164 mendaciis
1177 2124 1278 2163 nos
1328 2108 1609 2163 incessant
1633 2149 1649 2174 ,
1684 2109 1778 2165 sed
1814 2108 1934 2164 ani-

335 2214 457 2253 mos
493 2198 803 2269 deprimant
828 2238 844 2262 ,
895 2214 961 2254 ac
997 2215 1256 2271 magnum
1288 2192 1420 2255 illud
1459 2210 1513 2257 et
1546 2192 1930 2256 admirandum

335 2284 677 2343 ortltodoxia:
698 2289 936 2360 elogium
964 2298 1019 2344 et
1043 2291 1378 2359 praaconium
1417 2306 1486 2346 ex
1525 2292 1724 2345 aedium
1762 2288 1932 2346 vesti-

336 2382 480 2455 bulis
520 2392 837 2453 expungant
862 2423 878 2448 ,
924 2398 1036 2453 quo
1076 2383 1410 2454 ingressuris
1450 2385 1635 2440 statim
1670 2400 1793 2441 cum
1827 2380 1933 2439 hu-

334 2466 574 2542 iusmodi
602 2472 909 2544 quaestione
942 2487 1008 2527 ac
1040 2472 1395 2529 distinctione
1431 2480 1754 2537 occurrunt,
1785 2472 1934 2529 Ado-

337 2564 569 2619 randum
611 2563 864 2620 videlicet
912 2580 1076 2630 esse,
1132 2580 1242 2620 non
1293 2559 1569 2620 hominem
1629 2558 1932 2636 Deiferum,

337 2654 434 2712 sed
474 2654 641 2711 Deum
677 2652 1031 2711 carniferum.
1067 2652 1188 2725 Quo
1217 2648 1346 2728 qttid
1376 2659 1600 2716 stultius
1636 2658 1763 2731 ﬁngi
1799 2675 1931 2732 pos-

336 2742 448 2815 sit,
478 2766 808 2821 magnopere
837 2744 962 2806 licct
986 2751 1089 2806 hoc
1121 2744 1340 2807 nomine
1362 2746 1668 2823 glorientur
1698 2748 1821 2809 novi
1853 2746 1930 2808 illi

336 2842 587 2898 veritatis
621 2845 943 2914 praecones?
978 2840 1242 2910 Quamvis
1281 2843 1427 2899 enim
1449 2885 1464 2910 ,
1498 2845 1569 2901 ob
1598 2844 1931 2903 inversionis

334 2928 675 2989 celeritatem
702 2974 717 2998 ,
750 2933 1105 3004 sophisticam
1144 2935 1381 3004 aliquam
1430 2938 1662 3009 gratiam
1711 2936 1929 3002 habeat,

334 3035 391 3083 et
421 3027 570 3082 velut
608 3027 664 3082 itt
703 3028 1042 3082 calculorum
1071 3027 1459 3095 subductione,
1499 3028 1930 3086 ludiﬁcationem

333 3122 651 3195 quamdam,
692 3123 1071 3194 imperitorum
1101 3123 1319 3180 animos
1347 3125 1715 3181 oblectantem
1744 3142 1757 3181 :
1793 3120 1930 3180 nihil
1957 3089 2002 3147 θ

334 3229 519 3277 tamen
547 3234 709 3289 teque
740 3214 1068 3283 ridiculum,
1112 3216 1253 3271 nihil
1291 3233 1446 3288 teque
1474 3218 1702 3272 stultum
1732 3226 1788 3274 et
1821 3227 1936 3273 sto-

336 3312 506 3366 lidmn
526 3311 825 3383 excogitari
854 3319 1056 3381 potest.
1097 3307 1234 3364 Nam
1274 3309 1321 3364 si
1355 3312 1480 3381 quis
1512 3312 1801 3366 immutato
1830 3311 1935 3366 hoc

333 3404 641 3467 vocabulo,
694 3403 874 3468 homo,
907 3412 1072 3474 atque
1124 3404 1254 3460 item
1289 3403 1394 3460 hac
1447 3417 1618 3470 voce,
1669 3420 1827 3469 caro,
1878 3405 1935 3459 in

334 3495 504 3552 Deum
556 3498 829 3566 (quorum
887 3496 1098 3551 scilicet
1153 3495 1388 3551 alterum
1435 3494 1641 3560 nobis,
1701 3496 1934 3552 alterum

336 3582 473 3657 ipsis
501 3587 699 3657 placetl
719 3627 735 3652 ,
770 3599 962 3658 postea
993 3589 1193 3644 eximia
1229 3590 1336 3643 ista
1362 3599 1416 3643 et
1443 3588 1712 3644 divinitus
1744 3587 1935 3660 cogni-

334 3689 391 3733 ta
422 3680 735 3734 inversione
772 3687 981 3746 utatur,
1014 3682 1146 3751 quid
1173 3681 1540 3736 eonﬁcictur?
1568 3696 1760 3751 nempe
1799 3681 1934 3736 ado-

337 3773 448 3825 rari
482 3770 684 3825 debere
706 3812 722 3837 ,
769 3786 879 3826 non
920 3787 1142 3826 carnem
1174 3771 1440 3827 deiferam
1467 3812 1483 3838 ,
1511 3771 1609 3827 sed
1633 3769 1803 3827 Deum
1831 3772 1934 3827 ho-

332 3862 673 3921 minifermn.
703 3863 750 3920 0
777 3864 1055 3936 ingentem
1080 3865 1515 3921 absurditatem!
1550 3864 1932 3922 absconditam

333 3962 452 4026 post
467 3952 577 4025 97
590 3954 868 4010 Christum
882 3956 1206 4026 sapientiam
1222 3955 1384 4012 hodie
1396 3956 1557 4011 nobis
1569 3956 1930 4012 annuntiant:

333 4046 387 4099 i.l
413 4048 557 4118 quod
589 4063 724 4105 sane
758 4049 1018 4121 lacrymis
1058 4049 1284 4121 dignum
1315 4059 1420 4106 est.
1457 4046 1593 4104 Nam
1618 4050 1664 4106 si
1705 4050 1931 4123 triginta

333 4139 602 4194 duntaxat
640 4140 842 4197 abhinc
857 4142 1032 4197 'annis
1063 4141 1200 4198 lidcs
1231 4142 1450 4197 initium
1489 4143 1758 4214 sumpsit,
1804 4158 1930 4198 cum

331 4232 717 4304 quadringenti
741 4233 854 4303 jam
882 4234 995 4289 fere
1021 4235 1148 4288 anni
1188 4234 1447 4291 ﬁnxerint
1471 4252 1501 4291 a
1533 4251 1643 4307 quo
1672 4235 1931 4292 Christus

334 4322 720 4380 manifestatus
747 4335 833 4380 est
858 4367 874 4391 ,
910 4326 1074 4381 inane
1107 4327 1297 4396 utique
1329 4335 1484 4383 tanto
1529 4338 1777 4398 tempore
1828 4326 1931 4382 fuit

2114 1915 2282 1970 Ταῦτ’
2316 1914 2410 1971 οὖν
2456 1917 2809 1988 ἑληλεγμένοι
2855 1918 3065 1988 σαφῶς,
3112 1918 3187 1990 μὴ
3234 1918 3648 1989 χαλεπαινέτω-

2046 2020 2168 2074 σαν,
2211 2006 2328 2064 ἀλλ’
2374 2008 2860 2085 ἐντρεπέσθωσαν,
2896 2011 3032 2082 μηδὲ
3083 2011 3640 2081 καταψευδέσοωσαν,

2038 2106 2177 2161 ἀλλά
2213 2098 2689 2160 συστελλέσθωσαν
2712 2146 2727 2170 ,
2764 2105 2861 2160 καὶ
2905 2105 3014 2159 τῶν
3062 2102 3322 2158 πυλώνων
3354 2104 3643 2174 ἐξαλειφέ-

2037 2208 2220 2251 τωσαν
2273 2197 2336 2251 τὸ
2389 2198 2533 2269 μέγα
2572 2190 2666 2252 κα).
2719 2195 3036 2269 θαυμαστὸν
3080 2188 3259 2250 αὐτῶν
3308 2198 3491 2251 έκεῖνο
3527 2196 3643 2268 (2i)

2040 2291 2390 2364 πρόγραμμά
2433 2307 2493 2344 τε
2525 2287 2623 2344 καὶ
2662 2290 2924 2361 κήρυγμα
2961 2288 3063 2360 τῆς
3101 2287 3447 2360 ὀρθοδοξίας,
3499 2286 3643 2358 μετά

2038 2382 2355 2455 ζητήματος
2381 2378 2544 2445 εὐθὺς
2585 2380 2940 2445 ἀπαντῶντες
2968 2376 3082 2444 τοῖς
3110 2380 3340 2434 εἰσιοῦσι
3384 2376 3486 2434 καὶ
3524 2379 3644 2433 δια-

2040 2476 2313 2549 κρίσεως,
2362 2475 2425 2529 τὸ
2470 2473 2582 2529 δεῖν
2616 2477 2945 2547 προσκυνεῖν
2988 2475 3063 2547 μὴ
3110 2474 3401 2546 ἄνθρωπον
3447 2473 3644 2543 θεοφό-

2040 2586 2168 2642 ρον,
2205 2566 2344 2622 ἀλλά
2382 2566 2517 2620 Θεὸν
2563 2564 2923 2639 σαρκοφόρον.
2971 2554 3046 2620 Οἵ)
3086 2564 3140 2619 τί
3172 2564 3284 2636 (2%)
3329 2558 3531 2633 γένοιτ’
3573 2562 3640 2618 ἂν

2039 2654 2403 2733 ἀλογώτερον,
2441 2660 2547 2714 κᾶν
2579 2658 2658 2731 τῷ
2692 2660 2901 2730 ῥήματι
2949 2657 3126 2730 τούτῳ
3164 2658 3306 2729 μέγα
3336 2654 3451 2729 (25)
3499 2672 3639 2729 φρο-

2037 2746 2204 2808 νῶσιν
2229 2752 2280 2805 οί
2320 2751 2430 2805 νέοι
2454 2742 2555 2822 τῆς
2597 2746 2855 2821 ἀληθείας
2889 2746 3169 2821 κήρυκεςς
3203 2746 3363 2819 χάριν
3391 2747 3497 2818 μὲν
3529 2740 3641 2821 γὰρ

2037 2843 2150 2919 ἔχει
2178 2843 2305 2899 τινά
2333 2842 2654 2914 σοφιστικὴν
2686 2839 2766 2913 τῷ
2790 2842 2949 2912 τάχει
2983 2840 3088 2912 τῆς
3116 2838 3505 2912 ἀντιστροφῆς,
3546 2839 3641 2893 καὶ

2038 2936 2418 3010 ψηφολογικὴν
2461 2935 2781 3008 τερατείαν,
2820 2934 2949 2998 τοὺς
2993 2931 3353 2997 ἀπαιδεύτους
3400 2931 3642 3005 τέρπου-

2039 3050 2139 3086 σαν
2165 3040 2178 3063 ⁵
2210 3026 2328 3085 ἔστι
2348 3023 2406 3085 δὲ
2426 3020 2537 3084 τῶν
2565 3029 2792 3099 γελοίων
2819 3027 3181 3099 γελοιότερον,
3211 3026 3306 3080 καὶ
3329 3025 3440 3079 τῶν
3466 3017 3636 3079 ἀσυν-

2036 3124 2173 3179 έτων
2226 3120 2652 3194 ἀσυνετώτερον.
2705 3119 2768 3175 Εἰ
2817 3111 2929 3191 γάρ
2984 3132 3070 3183 τις
3118 3114 3444 3191 μεταϐαλὼν
3496 3116 3632 3189 τὴν,

2036 3219 2370 3290 ἅνθρωπος,
2401 3212 2609 3289 φωνὴν,
2640 3217 2735 3270 καὶ
2769 3214 2892 3285 τὴν,
2924 3211 3105 3282 σὰρξ,
3129 3214 3211 3275 είς
3252 3208 3387 3263 Θεὸν
3420 3202 3541 3279 (ὧν
3575 3209 3637 3261 τὸ

2040 3310 2140 3384 μὲν
2186 3311 2318 3383 ἡμῖν
2355 3302 2601 3383 ἀρέσκει,
2635 3308 2697 3361 τὸ
2744 3307 2801 3360 δὲ
2838 3298 3093 3377 αὐτοῖς),
3135 3304 3329 3358 ἔπειτα
3378 3298 3445 3376 τῇ
3486 3305 3636 3358 ἀντι-

2038 3404 2249 3476 στροφῇ
2286 3400 2399 3474 (28)
2433 3404 2704 3474 χρήσαιτο
2740 3401 2808 3470 τῇ
2837 3398 3122 3469 θαυμασία
3165 3397 3339 3470 ταύτῃ
3384 3397 3483 3451 καὶ
3516 3396 3635 3450 θεο-

2034 3495 2264 3565 γνώστῳ
2296 3493 2432 3565 (9.5),
2462 3494 2516 3546 τί
2562 3492 2997 3565 συναχθήσεταις
3048 3485 3111 3545 τὸ
3147 3489 3257 3544 δεῖν
3302 3492 3634 3561 προσκυνεῖν

2039 3587 2116 3660 μὴ
2160 3586 2341 3659 σάρκα
2383 3585 2641 3659 θεοφόρον
2662 3626 2677 3651 ,
2732 3583 2871 3639 ἀλλὰ
2901 3584 3036 3638 Θεὸν
3084 3583 3532 3656 ἀνθρωποφόρον.
3570 3582 3634 3639 Ὦ

2035 3676 2135 3752 τῆς
2177 3679 2440 3743 ἀτοπίαςί
2492 3678 2601 3750 τὴν
2648 3675 3152 3749 ἀποκεκρυμμένην
3208 3675 3348 3747 μετά
3393 3668 3632 3746 Χριστὸν

2037 3771 2231 3840 σοφίαν
2276 3772 2519 3843 σήμερον
2565 3771 2699 3841 ἡμῖν
2751 3766 3214 3838 καταγγέλλουσιν
3248 3765 3394 3839 (‘26),
3444 3766 3532 3837 ἐφ’
3584 3759 3631 3834 ᾧ

2033 3858 2129 3917 καὶ
2156 3862 2417 3934 δακρύειν
2459 3861 2631 3930 ἄξιον.
2672 3862 2736 3916 El
2768 3860 2878 3932 γὰρ
2930 3860 3037 3933 πρὸ
3080 3859 3379 3932 τριάκοντα
3421 3858 3633 3914 τούτων

2033 3954 2173 4010 ἐτῶν
2230 3952 2265 4028 ἡ
2318 3955 2503 4020 πίστις
2546 3954 2781 4028 ἤρξατο.
2824 3953 3197 4025 τετρακοσίων
3249 3950 3437 4023 σχεδὸν
3491 3950 3631 4005 ἐτῶν

2032 4050 2335 4120 γεγονότων
2379 4047 2474 4119 ἀφ’
2525 4040 2588 4101 οὗ
2622 4044 2858 4119 Χριστὸς
2902 4044 3317 4117 πεφανέρωται,
3363 4043 3522 4099 κενδν
3571 4046 3630 4096 ἑν

2030 4136 2273 4212 τοσούτῳ
2317 4138 2497 4212 χρόνῳ
2541 4138 2605 4192 τὸ
2652 4137 2989 4207 Εὐαγγέλιον
3020 4126 3216 4208 ἡμῶν,
3252 4135 3385 4207 κενὴ
3430 4131 3491 4188 δὲ
3535 4133 3631 4188 καὶ

2030 4227 2064 4306 ἡ
2108 4234 2295 4297 πίστις
2329 4230 2523 4304 ἡμῶν,
2574 4231 2669 4285 καὶ
2716 4229 2895 4302 μάτην
2931 4231 2981 4283 οἱ
3034 4228 3134 4300 μὲν
3178 4228 3632 4299 μαρτυρήσαντες

2032 4324 2457 4396 ἐμαρτύρησαν,
2502 4324 2681 4395 μάτην
2710 4322 2766 4376 δὲ
2817 4321 2912 4375 τοῦ
2947 4322 3080 4377 λαοῦ
3115 4321 3229 4395 (2'7)
3279 4321 3627 4393 προέστησαν

337 4412 688 4483 Evangelium
716 4457 730 4479 ,
756 4415 938 4473 inanis
966 4419 1133 4472 etiam
1173 4417 1309 4473 ﬁdes
1346 4426 1537 4473 nostra
1565 4459 1580 4483 ,
1612 4418 1914 4489 frustraque

2110 4415 2343 4468 τοιοῦτοι
2375 4415 2471 4467 καὶ
2521 4412 2833 4484 τηλικοῦτοι
2872 4413 3202 4483 προστάται,
3244 4410 3484 4465 καὶτῶν
3528 4409 3628 4481 μέ·

336 4512 608 4574 martyres
660 4505 927 4577 martyrio
975 4506 1251 4575 perfuncti
1311 4516 1477 4575 sunt,
1532 4508 1735 4564 frustm
1788 4510 1925 4565 tales

334 4594 586 4665 tantique
614 4592 891 4653 antistites
934 4590 1079 4669 plebi
1119 4592 1488 4670 praefuerunt,
1533 4616 1921 4674 versuumque,

334 4702 446 4743 non
475 4694 657 4743 autem
694 4687 821 4743 ﬁdei
845 4729 861 4754 ,
902 4699 988 4746 est
1015 4690 1212 4761 gratia.

409 4867 522 4938 (18)
561 4870 775 4924 Τοίνυν
799 4872 860 4924 αἱ
886 4871 1076 4940 φωναὶ
1096 4866 1292 4927 αὗται.
1321 4869 1397 4927 Ita
1423 4872 1579 4927 Colb.
1612 4868 1667 4940 3,
1689 4872 1743 4933 6.
1780 4873 1834 4936 9,
1868 4888 1921 4937 a,

335 4934 573 5062 Montio.
600 4981 614 5005 ,
648 4940 836 4996 Morel.
869 4934 925 4996 et
963 4938 1209 4999 Combef.
1257 4941 1315 4996 In
1350 4943 1485 4999 edit.
1533 4934 1715 4999 τοίνυν
1760 4934 1924 4999 αὗταί

337 5028 487 5062 (θωνα

354 5028 487 5063 θωνα

552 5078 858 5157 Προτέρων
882 5081 1110 5157 ιξένειν·
1152 5080 1309 5157 09“!-
1342 5086 1376 5141 δ
1416 5094 1471 5140 ει
1509 5084 1760 5141 co'nber'
1794 5102 1924 5157 προ-

334 5149 510 5221 τέρων
537 5153 718 5227 μένειν
758 5149 993 5218 σκοττόν,
1034 5155 1088 5207 in
1132 5155 1484 5224 pristinarum
1524 5172 1612 5210 eos
1640 5149 1922 5227 expositio-

338 5234 459 5292 num
478 5223 752 5292 proposito
774 5228 1034 5292 perstare.

409 5289 522 5361 (20)
561 5289 1063 5362 Ἀνατεέραφέναι.
1109 5290 1265 5349 Colb.
1300 5295 1356 5360 ὅ,
1399 5307 1454 5351 et
1494 5290 1741 5352 Combef.
1790 5296 1925 5350 ἀνα-

337 5361 706 5483 ὗεέραῗέναι,
755 5361 880 5419 cunt
934 5366 1379 5421 anathentatismo
1429 5368 1766 5422 monimentis
1810 5376 1915 5421 tra-

379 5445 392 5480 t
434 5446 510 5482 en
543 5470 557 5482 .

466 5447 557 5482 ru.

413 5498 521 5574 (2])
546 5500 750 5574 Αὐτῶν
784 5503 1002 5560 ἐκεῖνο.
1038 5505 1117 5559 Ita
1145 5504 1302 5560 που).
1335 5505 1389 5573 5,
1424 5507 1477 5574 6,
1505 5509 1560 5571 9,
1612 5524 1664 5563 a.
1691 5509 1750 5563 In
1784 5506 1918 5564 edit.

344 5568 519 5623 αὐτῶν
557 5570 658 5622 οὐκ
692 5573 889 5626 ἐκεῖνο.

411 5640 523 5714 (g2)
548 5636 733 5714 9.3';_tl.
769 5641 906 5696 Cod.
939 5642 1074 5714 Reg.
1108 5644 1149 5697 Β
1187 5655 1242 5700 et
1266 5646 1431 5714 iColb.
1468 5663 1520 5709 a,
1551 5652 1744 5701 τούτου
1773 5650 1847 5701 τί.

412 5710 521 5767 (95)
559 5708 803 5771 Ῥήματι
836 5708 1220 5786 τούτίεῖμέγα.
1264 5713 1339 5769 lta
1390 5708 1547 5770 Colit.
1598 5719 1651 5783 5,
1688 5719 1741 5783 6,
1778 5719 1833 5784 9,
1866 5725 1921 5773 et

2027 4524 2172 4580 τρων
2198 4508 2233 4577 ἡ
2262 4505 2443 4578 χάρις,
2475 4505 2591 4560 ἀλλ’
2623 4504 2683 4559 οὐ
2710 4504 2812 4573 τῆς
2837 4503 3095 4568 πίστεως.

2029 4884 2161 4953 Reg.
2193 4884 2254 4947 Β,
2281 4882 2542 4949 Monuit,
2567 4878 2758 4940 Morel.
2784 4893 2838 4941 et
2875 4884 3126 4941 COmbel'.
3155 4883 3211 4940 In
3245 4883 3376 4942 edit.
3412 4889 3622 4959 ῥήματι

2031 4952 2175 5006 μέγα
2203 4953 2384 5006 τοῦτο.

2140 4972 2175 5007 α
2203 4972 2384 5009 τουτο.

2029 4970 2175 5025 μεγα
2203 4972 2384 5021 τουτο.

2029 5024 2335 5148 ﬁlias???
2370 5025 2768 5097 ἀναστροφῇ.
2796 5025 2873 5081 Ita
2903 5025 3059 5084 Colb.
3083 5025 3139 5093 5,
3165 5026 3220 5094 6,
3241 5027 3296 5094 9,
3314 5044 3368 5081 ι.
3396 5024 3456 5082 in
3482 5027 3618 5084 edit.

2025 5097 2094 5151 τῆ
2122 5097 2297 5151 deest.

2060 5112 2645 5239 ῃᾶἕῖδξεογνῴστῳ.
2680 5162 2919 5239 Montar.
2974 5175 3031 5223 et
3080 5166 3268 5223 Morel.
3316 5156 3509 5239 iegunt
3566 5179 3620 5224 et

2027 5234 2348 5307 Θεογνώστῳ
2388 5234 2453 5291 et
2484 5235 2853 5307 θεοπνεύστῳ.

2098 5291 2210 5379 (ἀεί)
2237 5291 2510 5379 Σήμερον
2528 5307 2675 5377 ἡμῖν
2698 5291 3240 5379 κατὶιτγένίλουσιν.
3273 5306 3412 5363 Male
3433 5309 3519 5362 vel
3547 5314 3624 5379 ty-

2024 5376 2112 5443 pis
2144 5376 2672 5443 festinaitti'bus,’vel
2704 5376 2939 5439 calamo,
2995 5382 3049 5433 in
3099 5378 3231 5433 edit.
3264 5379 3474 5434 omissa
3517 5376 3620 5433 vos

2024 5442 2184 5518 hodie
2212 5442 2421 5503 :simiii
2450 5449 2871 5518 praescriptione
2901 5450 3173 5504 haeresunt
3213 5452 3487 5506 novitates
3513 5463 3617 5504 sae-

2023 5516 2149 5587 pius
2175 5516 2629 5587 compresserunt
2649 5516 2940 5574 Catholici.

2090 5585 2210 5666 5‘2?)
2245 5583 2456 5666 ριᾶτῃν
2481 5587 2682 5666 δὲατοῦ
2930 5588 3176 5666 Melitae.
3201 5597 3255 5666 et
3289 5587 3487 5646 Morel.
3522 5583 3613 5640 καὶ

2023 5656 2117 5707 τοῦ
2149 5656 2305 5724 λαοῦ,
2340 5659 2529 5728 sicque
2560 5656 2769 5729 legerat
2799 5658 2919 5714 Bill.
2948 5670 3001 5717 et
3026 5658 3369 5717 reddiderat.
