3778 6178
1413 302 1469 334 ο

557 492 708 561 ΡῑΑν.
744 504 1055 574 umnam
1094 501 1227 571 (τε).

1507 392 1835 450 ΕΙῚΞΤΟΙΑ
1879 397 2063 453 CXIV.

3263 408 3369 461 210

2324 475 2461 559 εχιέ
2520 503 2835 559 EULALIO.

962 610 1205 668 Gratiam
1236 619 1293 664 ut
1333 610 1469 664 inter
1502 627 1555 664 se
1594 611 1995 676 communicent,
2032 619 2177 680 optat
2221 611 2522 682 Gregorius.

174 723 240 777 Σὺ
271 724 596 795 φιλοσοφεῖς
617 725 717 798 τὴν
744 725 1005 799 ἐρημίαν,
1035 725 1128 780 καὶ
1159 724 1256 797 τὴν
1284 725 1522 797 ἄμετρον
1554 724 1697 778 οὕτω
1726 729 1771 786 Α

1870 723 1954 780 Tu
2014 725 2296 781 solitudini
2344 734 2508 798 atque
2554 730 2629 784 ita
2689 728 2979 786 immodico
3021 730 3232 802 jejunio
3279 731 3349 786 da

111 812 373 883 νηστείαν,
401 812 523 884 ἐγὼ
566 814 626 868 δὲ
668 813 770 886 τὴν
814 815 1045 886 σιωπήν.
1074 812 1406 884 Μεταδῶμεν
1442 810 1711 882 ἀλλήλοις⁴

109 903 197 957 τοῦ
225 905 606 977 χαρίσματος·
641 905 862 959 ἐπειδὰν
898 904 955 959 δὲ
992 905 1070 967 εἰς
1104 902 1163 957 ἓν
1205 901 1512 974 γενώμεθα,
1535 903 1686 973 κοινῇ

109 994 196 1048 τδν
237 997 375 1051 θεὸν
414 996 689 1069 ᾀσόμεθα,
739 995 1208 1068 καρποφοροῦντες
1249 994 1436 1066 ὥσπερ
1470 992 1689 1062 εὔλογον

111 1087 315 1160 σιωπὴν
343 1088 489 1160 (7'5),
516 1088 660 1142 οὕτω
692 1088 785 1143 καὶ
809 1088 966 1158 λόγον
991 1086 1191 1141 ἔνθεον.
1424 1096 1425 1099 ‘
1649 1115 1653 1120 ν

551 1223 697 1277 PIB'.
733 1222 1075 1293 ΚΕΛΕΥΣΙῼ
1114 1220 1249 1293 (7t).

1791 832 2047 888 operam;
2082 832 2184 888 ego
2220 817 2457 875 silentio.
2514 819 2758 875 Gratiam
2801 820 2945 877 inter
2988 836 3089 878 nos
3121 812 3395 877 comma?

1790 906 2058 961 nicemus.
2105 905 2244 961 Cum
2296 914 2477 962 autem
2515 923 2624 963 una
2662 909 2890 975 erimus,
2921 906 3131 968 dirinas
3180 912 3369 968 laudes

1758 991 1762 995 ’
1793 997 1957 1054 simul
1983 1013 2264 1067 canemus,
2288 1008 2349 1054 ut
2379 1000 2580 1056 rationi
2609 1010 3038 1060 consentaneum
3069 1004 3367 1087 silentium,

1796 1087 1871 1144 ita
1903 1089 2067 1145 etiam
2106 1089 2354 1146 divinum
2393 1106 2699 1148 sermonem
2725 1092 3045 1151 atterentes.

2301 1221 2460 1277 CX“.
2499 1222 2858 1282 CELEUSIO.

501 1328 799 1386 Ceieusium
830 1330 1175 1401 reprehendit,
1199 1329 1337 1402 quod
1368 1346 1525 1385 sacra
1541 1329 1751 1400 jejunia
1780 1348 1882 1387 non
1910 1348 2098 1400 servet,
2128 1340 2179 1388 et
2206 1332 2348 1404 [teda
2377 1335 2677 1402 spectacula
2700 1348 2978 1408 proponat.

171 1440 550 1514 Εῑσεδεξάμην
577 1459 638 1495 σε
668 1442 763 1496 καὶ
808 1441 1022 1496 σιωπῶν
1061 1441 1193 1513 (75),
1241 1440 1327 1494 ἵνα
1379 1440 1555 1513 μάθῃς
1588 1442 1685 1495 καὶ

108 1533 317 1604 σιωπῆς
340 1532 503 1599 λόγον
529 1534 596 1603 τῇ
626 1531 849 1604 γραφίδι
893 1531 1238 1602 λαλούμενον.
1280 1531 1513 1603 Λαλήσω
1554 1531 1609 1584 δὲ
1648 1531 1685 1586 ἂ

107 1621 508 1692 πρέπει’φιλία
556 1621 650 1675 καὶ
696 1620 918 1693 τοιούτῳ
979 1620 1174 1692 καιρῷ.
1222 1621 1596 1692 Παρανομεῖς,
1655 1623 1684 1675 ὁ

104 1711 364 1784 δικαστὴς
410 1712 472 1765 ού
513 1712 817 1784 νηστεύωνο
856 1711 952 1765 καὶ
998 1711 1115 1775 πῶς
1154 1711 1407 1780 φυλάξεις
1433 1713 1561 1776 τοὺς
1587 1714 1681 1767 ἀνα

106 1804 409 1877 θρωπίνους
437 1806 653 1876 νόμους,
677 1805 804 1869 τοὺς
828 1804 1001 1868 θείους
1042 1805 1415 1876 περιφρονῶν;
1443 1803 1680 1878 κάθαρὸν

107 1912 198 1948 σου
225 1894 342 1968 (76)
382 1895 447 1949 τὺ
473 1895 842 1970 δικαστήριον,
876 1896 962 1949 ἵνα
990 1896 1064 1968 μὴ
1086 1896 1229 1950 δυοῖν
1252 1896 1330 1960 ἓν,
1354 1895 1387 1968 ἢ
1423 1896 1545 1968 γίνῃ
1577 1915 1680 1952 κα-

104 1986 215 2051 κὸς,
239 1987 275 2058 ἦ
305 1987 525 2061 νομίζῃ.
559 1987 634 2041 Τὸ
676 1986 984 2060 προτιθέναι
1032 1987 1159 2052 Θέας
1205 1987 1459 2059 αἰσχρὰς,
1489 1989 1679 2067 ἐαυτρν

102 2077 217 2130 ἐστὶ
258 2077 583 2149 θεατρίζειν.
632 2079 939 2149 Κεφάλαιον
959 2078 1052 2133 τοῦ
1081 2078 1261 2149 λόγου,
1288 2078 1396 2133 ἴσθι
1426 2081 1681 2152 κρινόμε-

1859 1440 2059 1513 Excepi
2099 1450 2152 1499 te
2192 1443 2358 1499 etiam
2395 1453 2600 1512 tacens,
2640 1453 2700 1501 ut
2745 1448 2949 1504 silentii
2996 1464 3215 1523 quoque
3249 1468 3368 1510 ser-

1788 1547 2002 1589 monem
2036 1549 2159 1590 esse
2195 1533 2501 1608 intelligas,
2547 1552 2644 1609 per
2686 1538 2958 1595 calamum
2992 1556 3052 1598 se
3081 1543 3367 1613 proferen-

1787 1627 1916 1675 tem.
1966 1621 2185 1693 Loquar
2225 1630 2405 1679 autem
2452 1640 2575 1696 quae
2636 1634 2691 1682 et
2739 1629 2999 1685 amicitiae
3060 1641 3262 1688 nostra:
3313 1646 3370 1690 et

1786 1712 2097 1783 hujusmodi
2116 1717 2345 1786 tempori
2368 1717 2716 1774 conveniunt.
2738 1718 2927 1791 Inique
2950 1722 3090 1793 agis,
3114 1740 3146 1778 ο
3171 1725 3363 1794 judex,

1786 1805 1881 1874 qui
1913 1820 2021 1860 non
2047 1805 2284 1876 jejunas.
2326 1805 2393 1862 Et
2424 1810 2699 1879 quomodo
2749 1812 2896 1882 leges
2939 1812 3206 1871 humanas
3244 1832 3365 1872 scr-

1785 1897 1960 1963 vabis,
1986 1897 2081 1968 qui
2110 1897 2324 1955 divinas
2361 1904 2667 1958 contemnis
2709 1917 2773 1958 ac
2820 1918 2920 1974 pro
2962 1906 3369 1965 nihiloducis?

1786 1983 1965 2056 Purga
2008 1985 2249 2040 tribunal
2285 1993 2460 2054 tuum,
2519 2004 2589 2045 ne
2641 1988 2805 2060 102
2847 1990 3081 2049 duorum
3133 1995 3366 2052 alterum

1788 2077 1887 2131 tibi
1935 2077 2172 2143 accidat,
2224 2084 2286 2133 ut
2336 2089 2431 2135 aut
2477 2080 2655 2138 malus
2701 2083 2820 2149 tias,
2870 2092 2967 2139 aut
3010 2085 3362 2143 existimaris.

103 2186 205 2235 νος,
246 2171 278 2223 δ
310 2171 507 2242 κριτὴς
542 2170 677 2241 (77),
712 2169 807 2224 καὶ
847 2165 1009 2242 ἧττον
1053 2171 1415 2243 ἀμαρτήσεις.
1465 2170 1680 2226 Τούτων
1712 2169 1754 2227 Β

1846 2168 1948 2223 eda
2005 2169 2316 2240 spectacula
2380 2186 2709 2242 proponere,
2774 2174 3015 2245 seipsum
3077 2176 3367 2246 traducere

99 2260 246 2316 οὐδὲν
269 2257 417 2347 εἶχόν
437 2280 526 2317 σοι
565 2264 868 2335 παρασχεῖν
897 2261 1138 2335 ἄμεινον.

570 2567 718 2629 PII".
744 2571 833 2643 To
864 2570 1046 2646 Αιττῃ
1084 2574 1218 2645 (7s).

1783 2267 1889 2315 est.
1942 2259 2002 2316 In
2054 2276 2352 2332 summa,o
2384 2264 2576 2336 judex,
2626 2275 2678 2322 te
2728 2264 2995 2336 judicium
3052 2267 3363 2324 subiturum

1783 2366 1907 2408 esse
1956 2353 2129 2421 scito,
2181 2363 2235 2410 et
2288 2357 2473 2413 minus
2526 2359 2801 2428 peccabis.
2855 2357 2953 2416 His
2995 2359 3132 2414 nihil
3171 2360 3366 2416 melius

1786 2441 2072 2511 habebam,
2108 2445 2254 2515 quod
2284 2446 2383 2502 tibi
2419 2448 2735 2515 praeberem.

2342 2579 2527 2634 CXIII.
2563 2579 2794 2634 EIDEM.

746 2683 815 2740 Se
847 2693 1103 2740 tacentem
1130 2702 1194 2740 ne
1206 2685 1412 2756 judicet
1436 2686 1773 2757 damnetque,
1809 2685 2111 2744 Celeusium
2135 2689 2417 2763 Gregorius
2449 2694 2717 2750 admonet.

159 2790 251 2862 Μὴ
279 2794 432 2865 κρῖνε
467 2791 539 2864 μὲ
575 2791 830 2862 σιγῶντα,
861 2795 982 2849 οὐδὲ
1009 2795 1117 2868 γὰρ
1142 2795 1338 2866 ἐγὼ-σὲ
1372 2796 1677 2869 φθεγγόμε-

92 2896 201 2947 νον,
224 2882 255 2935 δ
277 2886 407 2955 περὶ
433 2885 544 2939 τῶν
576 2884 879 2958 βρωμάτων
907 2889 937 2941 ὁ
974 2887 1184 2952 Παῦλος
1213 2888 1334 2960 (79)
1354 2889 1675 2962 ἐνομοθέτη-

92 2985 202 3026 σεν.
227 2972 293 3025 Εἰ
317 2973 376 3026 δὲ
404 2973 633 3044 κρίνεις,
662 2975 827 3046 φοϐοῦ
859 2977 958 3049 τὴν
982 2977 1254 3045 γλῶσσαν,
1295 2979 1370 3051 μή
1408 2979 1550 3059 κατὰ
1578 2982 1678 3035 σοῦ’

92 3064 286 3137 κινηθῇ
318 3066 561 3141 πρῶτον,
585 3067 641 3121 ei
659 3085 720 3122 σε
746 3068 902 3123 λάϐοι
923 3068 1017 3123 τοῦ
1048 3071 1256 3141 σιωπᾷν
1278 3069 1447 3138 ἀξιον.

549 3265 688 3321 mc
736 3265 823 3337 Tu
858 3266 1042 3340 ΑΥΤῼ
1079 3266 1213 3339 (80).

1852 2796 1932 2853 Ne
1963 2814 2061 2856 me
2081 2808 2349 2860 tacentem
2374 2805 2591 2874 judices
2624 2821 2687 2860 ac
2729 2806 2976 2875 damnes,
3009 2815 3368 2880 quemadmo-

1778 2886 1909 2943 dum
1958 2905 2059 2946 nec
2086 2908 2187 2964 ego
2230 2905 2282 2950 te
2334 2896 2665 2967 loquentem,
2693 2899 2841 2969 quod
2885 2900 2953 2956 de
2990 2904 3130 2959 cibis
3162 2903 3367 2965 Paulus

1780 2981 2144 3053 promulgavit
2199 2988 2267 3041 ⁷⁸.
2317 2988 2475 3055 Quod
2526 2992 2572 3048 si
2620 2992 2858 3064 judicas,
2902 2999 3031 3053 time
3080 3018 3148 3057 ne
3182 3003 3365 3072 lingua

1780 3086 1902 3126 mea
1935 3075 2201 3135 adversus
2235 3088 2289 3135 te
2320 3083 2554 3152 primum
2603 3089 3012 3157 concitetur,.si
3056 3101 3108 3150 te
3148 3095 3368 3151 silentio

1780 3161 2009 3236 dignum
2045 3172 2422 3229 nanciscatur.

2346 3286 2532 3344 CXIV.
2565 3289 2797 3348 EIDEM.

538 3377 834 3437 Celeusium
859 3382 1211 3453 loquaciorem
1237 3384 1499 3441 hominem
1536 3390 1837 3452 taciturnus
1871 3396 2156 3470 Gregorius
2186 3403 2389 3474 egregie
2418 3408 2593 3476 carpit
2620 3416 2670 3461 et
2701 3383 2913 3463 irridet.

164 3489 393 3594 Ἐπειδὴ
421 3508 515 3562 μοι
545 3492 643 3565 τὴν
673 3493 883 3565 σιωπὴν
914 3496 1186 3565 ἐγκαλεῖς,
1224 3500 1319 3553 καὶ
1349 3500 1450 3570 τὴν
1480 3500 1668 3573 άγροι-
1695 3521 1741 3582 C

1846 3510 2111 3576 Quoniam
2150 3514 2429 3572 silentium
2473 3525 2528 3573 ct
2568 3519 2930 3576 rusticitatem
2972 3521 3106 3575 mibi
3143 3523 3363 3594 objicis,

89 3582 234 3651 κεαν,
256 3576 305 3636 ὧ
327 3583 464 3638 καλὲ
485 3585 578 3638 καὶ
600 3586 810 3651 ἀστικὲ,
840 3587 973 3660 φέρε
999 3606 1081 3642 σοι
1105 3589 1169 3662 δὴ
1194 3590 1289 3643 καὶ
1318 3592 1673 3665 μυθολογήσω

92 3675 261 3745 μῦθον
293 3677 396 3731 οὐκ
427 3677 686 3748 ἄμουσον,
712 3679 765 3733 εῐ
794 3697 912 3744 πως
952 3681 1060 3753 ἄρα
1090 3683 1265 3756 ταύτῃ
1302 3701 1363 3753 γε
1403 3684 1671 3758 δυναίμην

89 3769 334 3840 ἐπισχεῖν
372 3787 433 3826 σε
473 3771 572 3842 τῆς
616 3770 900 3845 φλυαρίας.
949 3774 1333 3829 Ἐπέσκωπτον
1371 3777 1429 3830 αἱ
1468 3776 1672 3849 χελιδό-

88 3878 175 3925 νες
196 3860 311 3914 τῶν
339 3862 664 3928 κύκνων,.τδ
695 3864 770 3937 μὴ
804 3864 1006 3920 ἐθέλειν
1049 3866 1259 3937 ὁμιλεῖν
1292 3870 1407 3931 τοῖς
1454 3868 1670 3941 ἀνθρώ-

84 3968 229 4017 ποις,
266 3954 407 4023 μήτε
433 3954 775 4025 δημοσιεύειν
796 3956 894 4039 τῂν
920 3956 1202 4029 μουσικὴν,
1232 3958 1346 4012 ἀλλ’
1373 3960 1517 4031 ἀμφὶ
1543 3962 1670 4027 τοὺς

82 4042 360 4115 λειμῶνας
389 4046 594 4115 διάγειν
633 4048 884 4112 καὶτοὺς
925 4051 1221 4121 ποταμοὺς,
1270 4051 1361 4104 καὶ
1393 4052 1493 4124 τὴν
1531 4054 1666 4125 ἐρηο

88 4136 214 4208 μίαν
245 4138 607 4204 ἀσπάζεσθαι,
644 4139 738 4193 καὶ
790 4139 994 4212 βραχέα
1043 4142 1144 4213 μὲν
1188 4142 1364 4214 ᾅδειν·
1397 4142 1433 4197 ἃ
1474 4142 1532 4196 δὲ
1568 4144 1664 4199 καὶ

84 4229 283 4300 ᾄδοιεν,
337 4231 483 4302 ᾄδειν
524 4231 581 4285 ὲν
626 4231 807 4301 σφίσιν
853 4231 1036 4296 αὐτοῖς
1069 4231 1203 4304 (81),
1237 4232 1424 4308 ὥσπερ
1473 4237 1661 4306 αἰσχυ-

82 4322 343 4392 νομένους
378 4323 477 4393 τὴν
517 4324 799 4395 μουσικήν.
845 4323 1032 4395 Ἦμῶν
1061 4325 1137 4392 δὲ,
1177 4324 1404 4395 ἔφασαν,
1440 4328 1576 4383 εἰσιν
1602 4328 1660 4381 αἱ

80 4415 289 4479 πόλεις,
336 4417 429 4470 καὶ
475 4418 526 4470 ei
564 4417 858 4489 ἄνθρωποι,
883 4419 979 4472 καὶ
1007 4419 1058 4471 οἱ
1092 4418 1346 4490 θάλαμοι,
1376 4421 1471 4474 καὶ
1499 4439 1660 4492 περι-

77 4503 353 4577 λαλοῦμεν
398 4510 510 4573 τοῖς
549 4507 874 4581 ἀνθρώποις,
916 4510 1011 4563 καὶ
1057 4508 1126 4564 τὰ
1184 4511 1427 4583 ἡμέτερα
1477 4513 1663 4577 αὐτοῖς

74 4596 434 4670 διηγούμεθα,
464 4598 635 4654 ταῦτα
661 4599 727 4672 δὴ
754 4599 930 4656 ταῦτα
960 4600 1029 4655 τὰ
1055 4602 1259 4673 ἀρχαῖα
1287 4603 1382 4656 καὶ
1417 4603 1660 4669 Ἀττικὰ,

146 4738 633 4837 ποῗιῖἶῐήίεέ

141 4836 263 4949 (ἐξ)
299 4876 452 4931 Alias
476 4875 587 4931 cn.
615 4874 829 4949 Scripta
852 4878 1042 4934 eodem
1070 4886 1335 4949 tempore.

138 4945 264 5022 (73)
297 4948 570 5015 Εὗλογον
925 4945 1200 5005 (ὶοιιώθΐξ
1221 4948 1478 5022 εὔκαιρον
1526 4967 1658 5004 σιω-

190 5056 207 5074 .
244 5015 611 5082 φροτιυηωπ
964 5034 965 5037 ‘

136 5074 256 5158 ΓΜ)
276 5074 439 5158 'Alias
458 5074 939 5158 LigXlVa'B'eripta
962 5087 1153 5158 eodem
1179 5094 1527 5158 tempore.—-
1550 5093 1656 5143 Ke-

74 5154 320 5232 ξεὺσίφ.
356 5156 494 5213 Cod.
701 5163 756 5210 et
791 5154 1039 5232 C6m_bef.
1083 5154 1358 5232 Κελευσίῳ
1407 5157 1653 5232 ἄρχοντι.

75 5220 241 5279 Putat
274 5220 480 5280 tamen
532 5220 843 5281 Til'l'emont.
902 5227 1216 5283 Celeusium
1276 5220 1655 5284 ta'ntut'n'modo

78 5295 234 5349 urbis
280 5294 538 5367 Nazianzi
580 5295 753 5367 fuisse
800 5297 1140 5367 praefectum,
1180 5314 1283 5353 nec
1333 5299 1500 5352 alium
1551 5299 1654 5353 huc

78 5377 223 5446 anno
273 5366 558 5446 praesidem
615 5366 950 5436 gubernasse
1002 5366 1425 5439 Cappadociam,
1460 5376 1691 5438 praeter

79 5430 413 5504 Olympium.
612 5430 621 5491 ζ

146 5449 423 5587 ὣῗἪὶ
468 5486 732 5587 «mer.
765 5506 890 5562 eod.
957 5505 1092 5579 Reg.
1150 5516 1206 5564 et
1264 5505 1513 5563 Combel'.
1572 5508 1665 5562 και

788 5643 866 5699 ita
905 5645 1027 5702 cod.
1062 5646 1194 5716 Reg.
1236 5656 1290 5703 et
1320 5647 1565 5708 Combei.
1597 5650 1656 5704 ln

85 5710 492 5783 οὐὶιεόιαθάρου
527 5729 643 5783 σου.
843 5780 855 5783 λ
918 5782 929 5783 κ
1144 5710 1171 5716 ⁷
1214 5744 1217 5745 ⁷

146 5781 270 5853 (77)
313 5784 367 5836 Ὀ
394 5780 622 5852 ᾶιριτής.
653 5784 736 5839 [ta
758 5780 881 5839 cod.
915 5782 1045 5857 Reg.
1080 5791 1136 5840 et
1163 5786 1406 5842 Conibcf.
1441 5789 1500 5844 ln
1527 5790 1656 5846 edit.

1775 3603 1859 3659 vir
1887 3603 2027 3660 belle
2056 3615 2111 3661 et
2142 3606 2352 3664 urbane
2372 3649 2387 3675 ,
2436 3624 2535 3680 age
2585 3609 2825 3665 fabulam
2859 3612 3085 3669 minime
3111 3614 3367 3672 inscitam

1774 3694 1875 3751 tibi
1901 3695 2175 3769 eliingam,
2204 3706 2264 3755 ut
2303 3702 2559 3772 experiar
2598 3718 2729 3758 num
2776 3703 2880 3759 hac
2927 3705 3118 3760 saltem
3151 3707 3368 3765 ratione

1772 3782 2009 3855 ineptam
2067 3788 2229 3843 istam
2283 3790 2677 3862 loquacitatem
2736 3808 3091 3865 compescere
3141 3813 3364 3869 queam.

1773 3872 2106 3934 ﬂirundines
2143 3882 2419 3951 quondam
2470 3897 2679 3955 cycnos
2731 3886 2945 3943 cavillis
2992 3887 3365 3954 incessebant,

1770 3973 2061 4037 propterea
2088 3970 2235 4040 quod
2271 3988 2375 4028 nec
2403 3989 2529 4028 cum
2562 3975 2879 4034 hominibus
2909 3979 3367 4034 consuetudinem

1772 4057 1995 4123 habere,
2017 4074 2119 4114 nec
2143 4063 2376 4117 canendi
2405 4073 2579 4119 artem
2607 4067 2661 4120 in
2689 4067 2966 4137 publicum
2989 4068 3234 4138 proferre
3255 4071 3368 4123 vel-

1771 4146 1905 4212 lent,
1925 4147 2021 4202 sed
2044 4147 2191 4203 circa
2221 4157 2377 4220 prata
2403 4152 2582 4207 solum
2605 4160 2659 4207 et
2683 4152 2908 4208 ﬂumina
2930 4155 3095 4208 vitam
3117 4164 3371 4226 agerent,

1766 4253 1833 4293 ac
1862 4239 2210 4295 solitudinem
2237 4243 2718 4313 amplecterentur,
2752 4261 3035 4317 paucaque
3080 4255 3364 4317 canerent,

1768 4347 1892 4403 quae
1913 4347 2044 4387 vero
2067 4343 2349 4400 canerent,
2375 4337 2431 4391 in
2458 4353 2517 4394 se
2547 4339 2680 4407 ipsis
2702 4347 2964 4396 canerent
2983 4380 2997 4406 ,
3022 4340 3252 4411 perinde
3276 4350 3363 4394 at-

1769 4437 1878 4493 que
1901 4438 1999 4479 eos
2022 4424 2260 4481 musices
2292 4430 2642 4498 suppuderet.
2673 4424 2996 4498 At'nostrae,
3021 4433 3362 4503 inquiebant,

1769 4522 1900 4568 sunt
1922 4515 2105 4583 urbes,
2139 4520 2321 4574 nostri
2353 4522 2602 4578 homines
2627 4531 2684 4579 et
2719 4526 2943 4581 thalami
2979 4547 2991 4583 :
3027 4535 3193 4599 atque
3222 4527 3364 4598 apud

1771 4606 2022 4666 homines
2049 4613 2346 4683 garrimus,
2373 4632 2570 4688 resque
2601 4630 2819 4678 nostras
2846 4622 2983 4692 ipsis
3014 4626 3364 4694 exponimus,

1710 4887 1755 4942 D
1779 4883 1808 4936 ὁ
1833 4880 2113 4951 δικαστής.
2147 4880 2254 4937 Pro
2286 4884 2605 4957 κρινόμενος
2639 4887 2923 4957 legendum
2967 4887 3104 4943 forte
3148 4887 3364 4958 κρινού-

1854 4969 1963 5014 νος.

1986 5020 2137 5096 ὲὶὶθβ
2162 5020 2376 5096 LXXV.
2403 5022 2621 5096 Scripta
2645 5025 2834 5081 eodem
2869 5034 3132 5096 tempore.

1838 5090 1951 5163 (79)
1985 5092 2151 5163 Περὶᾼ
2169 5090 2289 5144 τῶν
2330 5090 2666 5163 βρωμάτων
2719 5098 2753 5149 ό
2803 5090 3064 5163 Παῦλὸςι
3118 5097 3173 5152 In
3232 5098 3355 5152 cod.

1770 5161 1879 5215 τῶν
1908 5160 2081 5237 dees_t.
2122 5160 2326 5218 Paulus
2357 5164 2424 5237 ad
2454 5162 2743 5237 Romanos.
2763 5160 3032 5237 scribens
3054 5168 3135 5222 sic
3180 5168 3362 5237 loqui-

1762 5239 1853 5286 tur
1878 5246 1987 5296 xlv,
2019 5231 2073 5294 3,
2135 5247 2252 5300 seq.
2311 5251 2324 5286 :
2379 5232 2438 5287 Is
2489 5234 2580 5301 qui
2647 5235 2933 5290 manducet
2985 5252 3087 5290 non
3136 5231 3363 5291 mandu—

1761 5310 1965 5356 cantem
2007 5304 2111 5353 non
2137 5310 2410 5373 spernat,
2438 5312 2486 5356 et
2519 5306 2611 5373 qui
2657 5321 2760 5359 non
2800 5306 3086 5359 manducat
3118 5305 3363 5362 mandu-

1762 5380 2101 5448 cant_em__non
2126 5370 2344 5448 iudicet.
2379 5370 2675 5448 Quoa'loco
2700 5375 2928 5448 κρίνειν,
2958 5390 3068 5430 non
3101 5378 3364 5448 simplici-

1763 5450 1847 5519 ter
1869 5440 2133 5519 judicare
2152 5441 2574 5519 _sig_n'rlic_at,sed
2606 5440 3095 5519 etiatn_damnarc,
3126 5455 3185 5501 ut
3212 5440 3360 5519 saepe

1764 5514 1822 5585 in
1851 5508 2030 5585 sacris
2051 5508 2280 5565 Litteris
2307 5530 2320 5566 :
2356 5511 2501 5585 hunc
2531 5513 2717 5585 locum
2734 5514 2801 5585 ad
2825 5508 3166 5585 propositum
3194 5508 3356 5575 suu'm

1765 5580 2076 5649 'l‘heologus
2113 5582 2514 5636 accommodat.
2547 5581 2622 5637 Ita
2661 5583 2786 5637 Bill.
2826 5580 2833 5627 ί

1839 5649 1954 5725 (g9)
1986 5649 2138 5725 filias
2176 5650 2464 5725 l.‘Scripta
2496 5653 2687 5707 eodem
2702 5662 2985 5725 _tempore.

1838 5719 1950 5798 (8|)
1986 5719 2187 5798 ’ᾼδειγ
2214 5719 2524 5798 erogetch
2552 5722 2774 5798 αὐτοῖς.
2810 5719 2876 5798 In
2919 5727 3117 5798 seipsis
3160 5742 3359 5785 canere

1768 5790 2049 5858 dicuntur,
2082 5790 2469 5861 quiarrnodulis
2499 5793 2616 5850 suis
2641 5808 2805 5850 aures
2828 5795 2917 5851 vix
2945 5790 3169 5853 feriunt.
