3778 6174
119 263 221 317 295

1433 251 1764 307 EPISTULA
1806 250 2087 306 CLXXIX.

3275 261 3382 316 ΕΜ

126 379 314 450 ιιᾶλλον
369 375 642 447 ἀδοῇσειέ
696 393 778 439 τις
823 375 1112 446 αἰρόμενος
1147 373 1343 444 (85),ἢ
1397 371 1699 443 γελώμενος

1897 386 2000 439 qua
2034 370 2154 440 plus
2187 371 2365 441 capiat
2398 370 2686 426 dedecoris
2727 373 3024 442 quispiam.
3065 376 3257 431 sicam
3295 395 3384 432 rp-

118 473 181 526 τὰ
207 472 306 542 τῆς
355 469 596 541 μεγάλης
643 469 850 541 ταύτης
877 469 1082 540 σκηνῆς
1109 467 1337 535 παίγνιά
1362 485 1419 520 τε
1448 468 1542 521 κα).
1571 466 1696 519 θεα-

119 565 405 635 τρίσματα.
475 561 664 631 Ἡμεῖς
709 562 765 610 ﬁt
807 561 897 614 τοῦ
937 560 1096 628 λόγου
1135 559 1572 630 περιδράξωμεν,
1604 559 1698 611 καὶ

119 653 242 707 Θεὸν
271 653 396 708 ἀντὶ
443 653 660 706 πάντων
692 654 834 724 ἔχειν
866 651 1137 722 ἑλώμεθα,
1182 653 1242 704 τὸ
1273 652 1430 722 μόνον
1478 650 1698 721 διαρκὲς

117 745 314 814 ἀγαθὸν
340 745 436 798 καὶ
471 745 738 816 ἡμέτερον
758 763 771 775 ·
802 745 866 797 ἵν’
897 746 1028 816 ἡμῖν
1064 745 1158 797 καὶ
1188 745 1249 797 τὸ
1271 743 1505 797 ἐνταῦθα
1551 743 1698 796 εὐδο-

118 838 292 906 κιμεῖν
318 836 569 907 γένηται,
611 837 725 899 τοῖς
755 834 834 888 ἔτι
869 837 1085 906 μικροῖς
1117 834 1246 904 (84),
1284 833 1380 886 κα)⁹
1407 832 1564 886 τοῦτο
1597 830 1697 902 ζη-

114 927 313 991 τοῦσιν,
358 926 390 996 ἦ
436 926 499 979 τὸ
552 924 761 979 ἐκεῖθεν
818 925 1067 989 πάντως·
1127 925 1313 995 ἐπειδὴ
1337 923 1438 994 τῆς
1492 922 1699 993 ἀρετῆς

115 1016 294 1084 ἆθλον,
326 1018 462 1071 Θεὸν
488 1017 745 1086 γενέσθαι
780 1018 912 1088 (85),
943 1017 1037 1071 καὶ
1063 1016 1140 1088 τῷ
1169 1016 1524 1087 καθαροτάτῳ
1560 1017 1698 1088 φωτὶ

112 1111 645 1184 καταστράπτεσθαι,
687 1109 762 1181 τῷ
795 1111 852 1163 ὲν
881 1112 946 1181 τῇ
979 1110 1175 1180 τρισσῇ
1206 1108 1394 1179 μονάδι
1427 1107 1536 1177 (86)
1571 1106 1698 1159 Θεω-

117 1203 381 1275 ρουμένῳ,
413 1196 483 1274 ἧς
526 1201 620 1256 νῦν
662 1201 896 1274 μετρίως
925 1200 1124 1271 ἔχομεν
1167 1199 1266 1262 τὰς
1316 1199 1509 1267 αὐγάς.
1553 1197 1696 1268 Πρὸς

113 1291 283 1346 ταῦτα
308 1290 382 1345 τοι
406 1291 540 1364 (87),
561 1291 840 1362 πρόϐαινε,
872 1288 1068 1358 πτεροῦ
1085 1292 1150 1361 τῇ
1167 1289 1392 1362 διανοίᾳ,
1416 1287 1580 1342 λαϐοῦ
1598 1288 1696 1359 τῆς

117 1385 329 1438 αἰωνίου
355 1384 520 1455 ζωῆς,
539 1385 786 1456 μηδαμοῦ
817 1386 946 1454 στῇς
967 1384 1072 1437 τῶν
1107 1384 1356 1450 ἐλπίδων,
1378 1384 1481 1448 ἓως
1506 1378 1566 1438 οὗ
1583 1383 1694 1454 (88)

119 1473 272 1547 ἔλθῃς
316 1476 410 1527 ἐπὶ
454 1475 514 1527 τὸ
543 1476 711 1545 ἄκρον
741 1476 932 1545 ἐφετὸν
957 1475 1050 1529 καὶ
1087 1477 1385 1547 μακάριον’
1424 1478 1516 1529 καὶ
1550 1477 1695 1546 ἡμᾶς

117 1565 443 1628 ἐπαινέσεις,
472 1562 531 1619 εὖ
559 1561 692 1630 οῖδα,
734 1566 827 1620 νῦν
857 1565 954 1637 μὲν
977 1565 1151 1635 ὀλίγα,
1183 1564 1365 1638 μικρῷ
1391 1566 1446 1620 δὲ
1474 1566 1697 1638 ὕστερον

118 1655 490 1729 ἀφθονώτερα,
537 1657 759 1711 ἐπειδὰν
787 1658 903 1732 ἴδῃς
947 1659 1172 1711 σεαυτὸν
1214 1660 1272 1712 ἐν
1298 1654 1377 1722 οἷς
1409 1658 1698 1730 ὑπισχνού-

1803 471 1981 533 portet
2023 471 2187 532 atque
2233 464 2530 533 superbiat,
2571 480 2736 534 quam
2793 467 2837 521 si
2890 467 3117 522 irrideat
3174 486 3386 540 magnae

1803 555 1968 622 hujus
2027 570 2204 610 scenae
2262 555 2494 619 ludicra,
2559 573 2841 628 litigasque
2891 559 3213 617 theatricas.
3269 562 3382 619 Nos

1802 645 2039 701 Verbum
2096 647 2554 719 complectamur,
2610 665 2674 702 ac
2724 665 2823 719 pro
2891 652 3150 709 omnibus
3214 655 3381 712 rebus

1801 740 1969 794 Deum
2023 739 2225 795 habere
2279 749 2550 808 Optcmus,
2608 742 2808 805 solum,
2846 743 3091 813 inquam,
3145 761 3384 816 perenne

1802 832 1934 885 illud
1990 833 2192 886 bonum
2241 838 2294 886 et
2325 839 2595 886 nostrum.
2637 834 2720 886 lta
2768 833 2879 897 liet,
2916 842 2974 886 ut
3028 835 3114 889 hic
3163 851 3382 906 quoque

1801 925 2148 994 splendorem
2200 939 2585 995 assequamur,
2619 926 2862 995 quandiu
2907 927 3166 980 nimirum
3212 945 3381 998 parvo

1799 1018 1978 1076 adhuc
2017 1018 2200 1072 animo
2251 1033 2463 1082 smnus,
2520 1019 2684 1088 idque
2740 1021 3072 1090 appetimus,
3106 1028 3199 1074 aut
3231 1030 3383 1077 certe

1799 1110 1853 1164 in
1905 1109 2088 1164 futuro
2133 1126 2278 1175 aevo;
2327 1110 2772 1181 quandoquidem
2820 1112 3040 1167 virtutis
3096 1115 3380 1180 praemium

1799 1212 1904 1266 est,
1944 1203 2113 1257 Deum
2147 1203 2286 1266 ﬁeri,
2323 1219 2384 1257 ac
2416 1205 2712 1274 purissimo
2745 1205 2838 1257 illo
2861 1203 3067 1258 lumine
3103 1204 3379 1267 irradiari,

1799 1295 1942 1364 quod
1976 1295 2029 1349 in
2063 1296 2206 1350 trina
2247 1295 2454 1350 unitate
2486 1295 2888 1362 consideratur,
2924 1296 3082 1363 cujus
3122 1311 3265 1348 nunc
3295 1310 3383 1348 ra-

1799 1387 1903 1444 diis
1939 1389 2128 1444 leviter
2179 1397 2390 1442 tantum
2446 1389 2888 1459 perstringimur.
2937 1387 3017 1440 Ad
3076 1388 3190 1441 haec
3244 1403 3382 1440 con-

1803 1483 1986 1544 tende.
2045 1482 2398 1554 progredere,
2447 1483 2632 1536 animo
2666 1481 2854 1544 volila,
2910 1480 3074 1535 vitam
3119 1486 3381 1532 aeternam

1799 1576 2003 1646 arripe,
2035 1591 2306 1646 nusquam
2342 1591 2467 1646 spes
2505 1586 2628 1631 tuas
2677 1575 2830 1637 siste,
2883 1588 3171 1644 quousque
3217 1571 3283 1624 ad
3318 1571 3383 1622 il-

1800 1668 1892 1722 lud
1928 1683 2138 1723 summe
2172 1668 2530 1737 expetendum
2576 1673 2630 1720 et
2663 1667 2883 1720 beatum
2929 1665 3130 1718 bonum
3185 1676 3382 1732 pervc‘

120 1718 272 1817 μεθα,
307 1718 507 1822 καίμῆ
551 1750 718 1821 κενὴν
756 1718 1030 1822 μαέαρίαν
1057 1750 1227 1804 ταῦτα
1269 1718 1694 1824 εὑρίσκῃς’(89),

1882 1718 2135 1723 ________-
2179 1718 2528 1737 __r-,-_,-,-_,,,
2585 1718 2624 1720 κν
2666 1718 2724 1720 ,_
2807 1718 2810 1719 ,
3185 1718 3200 1732 _

1882 1758 1972 1812 ris.
2013 1757 2091 1810 Ac
2134 1773 2256 1819 nos,
2291 1757 2421 1810 mihi
2454 1756 2638 1818 crede,
2672 1754 2943 1816 laudabis,
2981 1765 3128 1806 nunc
3158 1749 3381 1820 quidem

121 1844 250 1912 μηδὲ
278 1843 519 1909 διανοίας
564 1843 976 1916 ἁναπλασμοὺς,
1010 1843 1146 1899 ἀλλὰ
1187 1844 1528 1916 πραγμάτων
1560 1846 1696 1900 dli.—

117 1933 281 1990 θειαν.

1800 1849 2050 1919 parcius,
2103 1849 2265 1918 paulo
2307 1857 2430 1918 post
2478 1857 2659 1902 autem
2715 1846 2938 1902 uberius
2980 1854 3033 1898 et
3075 1842 3378 1912 copiosius,

1800 1955 1995 2010 nempe
2029 1956 2152 1994 cum
2197 1940 2252 1993 in
2301 1955 2365 1994 eo
2405 1955 2589 1993 rerum
2636 1948 2804 2002 statu,
2840 1953 2998 2008 quem
3031 1936 3128 1990 tibi
3155 1933 3382 2004 pollice-

117 2043 255 2094 mur,
319 2029 558 2100 teipsum
625 2031 1005 2102 conspexeris,
1041 2043 1106 2088 ac
1159 2046 1268 2087 non
1311 2032 1530 2092 inanem
1598 2032 1936 2101 felicitatem,
1986 2051 2086 2095 nec
2129 2035 2328 2091 mentis
2385 2035 2659 2106 ﬁgmenta,
2714 2034 2811 2090 sed
2861 2048 3042 2105 rerum
3091 2029 3380 2083 veritatem

115 2115 225 2178 haec
253 2133 380 2174 esse
412 2121 710 2177 inveneris.

558 2275 723 2330 POG'.
763 2275 851 2352 Tn
887 2277 1069 2349 ΑΥΤῼ
1110 2277 1244 2348 (90).

2321 2267 2598 2324 CLXXlX.
2641 2268 2872 2324 EIDEM.

185 2407 250 2462 In
281 2409 508 2485 epistola
545 2410 757 2485 i7_9_sic
792 2410 854 2465 ab
885 2413 1108 2485 abrupto
1141 2414 1325 2482 incipit
1353 2411 1641 2485 Gregorius
1678 2426 1696 2464 :
1726 2410 1868 2485 Quid
1905 2406 2021 2461 ais?
2052 2420 2181 2485 num
2219 2411 2269 2458 te
2301 2403 2386 2485 his
2406 2402 2598 2485 _verbis
2630 2415 3034 2485 permpvemus,
3063 2410 3114 2456 et
3147 2401 3383 2485 docendi

115 2470 324 2554 ιιιιιιιυεί
343 2481 622 2554 depones}
647 2480 779 2546 Quae
805 2470 1227 2554 verbaa'pertius
1250 2470 1356 2537 itan
1383 2470 1602 2552 possunt
1637 2470 1961 2554 supEriprem
1993 2476 2187 2554 referre
2214 2491 2276 2528 ac
2305 2473 2579 2544 designare
2611 2470 2906 2540 epistolam.
2943 2470 2974 2523 J
2984 2489 3068 2523 am
3094 2481 3384 2540 permotum

115 2547 438 2614 Eudoxium',
476 2560 532 2603 ut
566 2549 736 2606 Deum
763 2547 1062 2608 arctissinie
1094 2547 1481 2622 complectatur
1509 2563 1750 2625 perurget
1785 2549 2085 2620 Gregorius.

180 2684 245 2736 Τί
280 2686 389 2754 φῇς
414 2701 430 2748 ;
460 2684 718 2758 πείθομέν
751 2703 810 2739 σε
835 2689 946 2752 τοῖς
975 2687 1156 2756 λόγοις
1199 2687 1431 2753 τούτοις,
1474 2688 1568 2741 κα).
1599 2704 1696 2757 με-

109 2769 322 2842 ταθήσῃ
352 2771 463 2841 (91)
491 2772 592 2844 τὴν
623 2774 925 2841 παίδευσιν,
957 2777 1050 2829 καὶ
1099 2776 1217 2848 μεθ’
1255 2776 1413 2851 ἡμῶν
1450 2775 1699 2848 ταχθήσῃ

109 2859 217 2914 τῶν
250 2862 384 2914 ποτε
417 2861 558 2916 κατὰ
588 2863 668 2928 σὲ,
707 2863 802 2924 νῦν
822 2865 898 2930 δὲ,
933 2867 982 2919 εἰ
1003 2865 1160 2931 δίδως
1198 2870 1393 2931 είπείν,
1427 2868 1568 2940 ὑπὲρ
1603 2866 1696 2933 σέ;

110 2954 141 3022 ἢ
183 2953 267 3005 δεῖ
296 2953 392 3006 σοῦ
418 2955 742 3034 κατεπᾴδειν
775 2959 1121 3030 μακρότερα;
1171 2959 1456 3031 μηδαμῶς,
1482 2954 1527 3011 ὦ
1568 2958 1697 3012 Θαυ-

111 3045 299 3110 μάσιε,
344 3046 418 3115 μὴ
459 3044 599 3098 τοῦτ’
625 3041 944 3119 ἀναμείνῄς.
984 3050 1221 3122 Αίσχρὸν
1249 3050 1359 3122 γὰρ
1403 3050 1465 3104 τὸ
1512 3049 1696 3104 πλεῖον

1873 2682 2013 2750 Quid
2069 2680 2190 2736 ais?
2236 2695 2368 2734 num
2426 2686 2478 2732 te
2532 2677 2616 2731 his
2653 2675 2835 2733 verbis
2883 2691 3288 2747 permovemus,
3334 2688 3388 2734 et

1799 2772 2032 2829 docendi
2067 2785 2267 2825 munus
2296 2770 2560 2840 depones,
2593 2775 2758 2837 atque
2803 2767 2870 2822 ad
2911 2783 3036 2831 nos.
3071 2768 3164 2838 qui
3210 2786 3388 2839 quon-

1801 2866 1924 2920 dam
1957 2865 2034 2920 tui
2067 2864 2272 2919 similes
2301 2877 2543 2924 eramus,
2579 2874 2726 2914 nunc
2775 2868 2980 2923 autem,
3017 2859 3059 2915 si
3098 2876 3194 2930 per
3228 2870 3279 2915 te
3313 2861 3388 2914 ita

1805 2956 1956 3026 loqui
1994 2957 2180 3019 liccat,
2215 2963 2269 3009 te
2324 2953 2637 3022 superiores
2681 2968 2893 3016 sumus,
2944 2959 2998 3005 te
3033 2952 3392 3023 aggregabis?

1803 3048 1884 3107 An
1912 3056 1966 3100 tu
2000 3045 2230 3116 longiori
2266 3043 2426 3115 148
2451 3043 2700 3097 oratione
2729 3042 3124 3098 demulcendus
3155 3043 3256 3097 es?
3283 3041 3386 3102 Ne.

110 3135 325 3203 ἔχοντα,
362 3133 422 3184 τὸ
469 3136 576 3186 πᾶν
620 3135 910 3194 ἐλλείπειν.
958 3140 1022 3194 El
1059 3140 1167 3212 γὰρ
1213 3143 1247 3211 ἡ
1293 3140 1437 3213 ἀρχὴ
1484 3139 1593 3212 (99.)
1639 3139 1699 3193 τὸ

1882 3151 2008 3199 aeso,
2062 3133 2289 3188 miriﬁce
2323 3135 2425 3195 vir,
2471 3147 2540 3186 ne
2571 3132 2624 3187 id
2678 3141 2988 3202 exspectes.
3024 3131 3207 3204 Turpe
3243 3135 3388 3188 enim

109 3229 279 3297 ἥμισυ
335 3225 430 3278 τοῦ
463 3227 658 3291 παντὸς
714 3227 940 3296 γίνεται,
994 3231 1087 3285 τοῦ
1143 3233 1384 3302 ἡμίσεως
1433 3233 1494 3286 τὸ
1543 3233 1706 3290 πλέον

110 3314 160 3367 τί
223 3312 357 3368 ἄλλο
416 3331 514 3380 γε,
577 3315 610 3386 ἦ
664 3315 727 3369 τὸ
782 3320 928 3384 «iv;
984 3319 1045 3372 Εἰ
1103 3321 1200 3391 μὲν
1261 3318 1354 3375 οὖν
1411 3322 1708 3394 ἁρκοῦντες

109 3406 274 3474 ἡμεῖς
309 3404 391 3467 εἰς
426 3405 769 3476 παραίνεσιν,
819 3409 930 3479 ἔχει
960 3409 1132 3466 ταῦτα
1159 3413 1363 3480 καλῶς,
1399 3416 1494 3479 καὶ
1537 3416 1704 3486 μηδὲν

114 3498 274 3552 πλέον
300 3498 689 3568 ἑπιζητείσθω.
719 3503 781 3554 Et
813 3502 869 3557 δὲ
891 3503 972 3556 δεῖ
994 3521 1075 3556 σοι
1096 3505 1190 3557 κα).
1220 3505 1534 3576 κρείσσονος
1569 3525 1704 3577 συμ-

112 3590 332 3654 ϐούλου,
393 3588 535 3660 μετὰ
584 3590 780 3662 βουλῆς
836 3594 934 3664 μὲν
967 3596 1264 3652 οἰνοποτεῖν
1312 3597 1562 3668 Σολομὼν
1621 3617 1702 3653 σοι

117 3678 550 3760 παρακελεύεται
579 3680 715 3750 (93),
759 3681 845 3734 ἵνα
898 3681 974 3754 μὴ
1007 3686 1073 3758 τῇ
1121 3685 1218 3738 τοῦ
1261 3684 1376 3754 βίου
1417 3686 1558 3760 μέθῃ
1609 3689 1704 3742 καὶ

113 3770 229 3840 δίνῃ
258 3759 623 3841 περἰτραπῇς.
684 3772 824 3841 Ἐγὼ
849 3773 908 3828 δέ
939 3775 993 3828 τί
1025 3793 1169 3847 φημι
1205 3778 1399 3850 μικρὸν
1424 3780 1525 3849 τῆς
1550 3759 1703 3850 συμ-

117 3865 312 3936 ϐουλῆς
361 3864 749 3936 παρατρέψαςο
806 3866 961 3922 Μετὰ
1010 3866 1148 3921 Θεοῦ
1195 3868 1474 3939 βουλεύου,
1509 3872 1604 3924 καὶ
1642 3872 1702 3926 οὐ

118 3960 512 4032 ῑιαμαρτήσεις
539 3961 632 4024 τοῦ
666 3961 898 4026 δέοντος.

1809 3239 1912 3296 est,
1946 3245 2070 3284 eum
2106 3228 2196 3298 qui
2229 3227 2548 3296 ampliorem
2577 3225 2776 3284 habeat
2811 3236 3042 3295 partem,
3075 3233 3250 3279 totum
3279 3241 3390 3280 non

1809 3321 2058 3389 adipisci.
2117 3319 2250 3374 Nam
2301 3319 2346 3374 si
2384 3317 2711 3388 principium
2759 3317 2925 3372 totius
2981 3317 3059 3371 rei
3102 3317 3390 3372 dimidium

1807 3425 1913 3480 est,
1942 3414 2085 3485 quod
2122 3412 2406 3468 dimidium
2457 3410 2690 3473 excedit,
2729 3409 2859 3479 quid
2897 3407 3066 3470 aliud,
3101 3423 3266 3478 quam
3311 3417 3391 3460 lo-

1808 3519 1922 3562 tum
1955 3521 2078 3562 esse
2110 3505 2320 3576 queat?
2351 3505 2431 3558 Ac
2461 3504 2505 3558 si
2540 3502 2758 3571 quidem
2782 3501 3014 3556 εοιιείῑίο
3043 3509 3229 3555 nostro
3260 3514 3393 3553 con-

1808 3607 1992 3654 tentus
2026 3613 2107 3659 es.
2153 3598 2412 3668 praeclare
2445 3612 2534 3651 res
2571 3596 2757 3654 habet.
2789 3609 2892 3648 nec
2922 3593 3219 3663 quidquam
3253 3607 3395 3661 pra:-

1809 3697 1954 3745 terea
1997 3690 2329 3760 requiratur.
2373 3687 2467 3743 Sin
2511 3694 2692 3741 autem
2728 3686 2823 3740 tibi
2858 3683 3241 3755 praestantiore
3275 3697 3395 3735 mo-.

1811 3781 1991 3835 nitore
2045 3795 2181 3852 opus
2211 3787 2315 3844 est,
2351 3778 2485 3833 illud
2533 3778 2752 3848 quidem
2805 3784 2993 3830 monet
3034 3774 3295 3830 Salomon
3323 3774 3394 3846 ⁸⁸,

1812 3879 1872 3925 ιιι
1900 3889 2025 3928 cum
2058 3873 2290 3930 consilio
2340 3872 2530 3926 vinum
2563 3871 2738 3933 bibas,
2769 3886 2838 3924 ne
2878 3867 3070 3922 mundi
3113 3866 3276 3936 hujus
3311 3874 3395 3922 tea

1811 3969 2078 4024 mulentia
2109 3979 2162 4023 et
2194 3967 2461 4037 vertigine
2516 3966 2718 4036 agaris.
2777 3964 2888 4035 Ego
2939 3971 3121 4017 autem
3163 3959 3400 4021 consilio

126 4052 224 4106 isto
260 4053 510 4106 nonnihil
566 4055 872 4120 immutato,
919 4055 1024 4110 hoc
1063 4057 1188 4114 dico
1219 4078 1231 4114 :
1269 4059 1400 4114 Cum
1475 4061 1584 4117 Deo
1649 4064 1944 4122 consilium
1972 4078 2128 4133 cape,
2155 4071 2211 4117 et
2241 4063 2308 4115 ab
2340 4060 2520 4118 oﬂicio
2557 4059 2782 4118 minime
2812 4055 3120 4113 aberrabis.

194 4230 237 4260 "
274 4229 443 4284 Eccli.
462 4247 614 4296 uxr,
642 4231 730 4288 52.

194 4409 308 4477 (83)
347 4411 453 4482 Τις
483 4413 815 4479 αἰρόμενος.
860 4409 1094 4482 Ἁῖοιιιτιο.
1145 4417 1197 4482 e_t
1228 4408 1410 4465 Morel.
1455 4410 1692 4482 αἰωρού-
1727 4417 1769 4471 D

125 4497 310 4550 μενος.
346 4480 502 4535 Hunc
537 4483 713 4535 locum
758 4481 918 4536 vertit
950 4480 1070 4534 Bill.
1107 4499 1120 4534 :
1154 4479 1235 4532 Ea:
1273 4497 1336 4534 ea
1367 4482 1485 4549 plus
1533 4479 1693 4535 dede-

120 4552 262 4604 coris
297 4553 563 4620 quispiam
604 4553 801 4618 capiat,
840 4552 886 4604 si
941 4552 1115 4606 animo
1160 4551 1413 4620 eﬁ'eratur
1455 4568 1612 4612 quam
1650 4552 1696 4605 si

121 4620 442 4682 irrideatur,
477 4638 536 4673 ac
569 4620 787 4690 denique
819 4620 1218 4690 magnwfhujus
1263 4637 1432 4676 scema
1462 4621 1696 4685 ludicra,

121 4707 378 4759 nugwque
411 4689 710 4762 theatricazg
735 4689 945 4762 Etenim
991 4689 1060 4742 τὰ
1098 4689 1323 4762 παίγνια
1351 4693 1462 4762 regi
1496 4700 1696 4761 potest,

123 4765 210 4815 vel
253 4779 282 4814 ιι
315 4762 604 4830 participio
631 4759 956 4830 γελώμενος,
991 4776 1086 4830 pro
1116 4761 1308 4829 γελῶν,
1341 4759 1435 4816 vel
1465 4759 1508 4815 ai
1531 4763 1698 4815 verbo

122 4832 567 4917 ἑῤῥέξο›σαν,.ιιι
594 4831 775 4884 omnia
821 4831 962 4917 inter
1007 4831 1354 4913 ἁπρπτυστον
1395 4830 1545 4913 ets-81
1600 4831 1698 4917 τῆς

125 4900 446 4972 μεγάλης...
481 4902 726 4970 legantur
755 4900 1180 4972 παρενθετικῶς,
1216 4901 1506 4972 participio
1536 4900 1706 4969 γελώι

127 4989 295 5042 μενος
328 4972 542 5042 passive
574 4980 811 5040 sumpto.

200 5039 346 5109 (84)
371 5040 504 5106 Τοῖς
539 5041 624 5094 ἔτι
649 5039 906 5109 μικροῖς.
946 5040 1021 5095 Ex
1077 5041 1291 5096 cmlesti
1338 5039 1705 5110 philosophia,

125 5112 336 5182 inquit,
375 5111 478 5165 hoc
508 5112 841 5181 assequeris,
874 5121 931 5164 ut
964 5121 1017 5166 et
1050 5110 1104 5164 in
1139 5111 1240 5182 hac
1271 5111 1378 5166 vita
1407 5111 1617 5182 clarum
1655 5117 1710 5164 et

127 5179 352 5236 celebre
399 5182 469 5236 sit
502 5251 510 5252 ί
547 5179 744 5235 nomen
794 5191 947 5235 tuum
1009 5181 1304 5252 (siquidem
1356 5179 1595 5252 nondum
1643 5195 1708 5252 eo

130 5257 430 5319 provectus
468 5251 546 5306 sis
579 5260 634 5304 ut
666 5252 962 5304 humanam
996 5250 1224 5320 gloriam
1255 5251 1532 5320 spernas),
1567 5257 1622 5302 et
1649 5250 1704 5304 in

131 5322 323 5375 futuro
355 5336 470 5377 aevo
498 5320 844 5391 splendidum
873 5331 926 5391 et
956 5320 1187 5376 illustre.

205 5392 322 5463 (85)
363 5393 508 5463 Θεὸν

130 5460 267 5517 Θεοῦ
303 5460 577 5530 γενέσθαι,
610 5461 720 5515 Deo
754 5463 1049 5531 proximum
1078 5460 1216 5531 ﬁeri.

207 5527 327 5601 (86)
363 5531 448 5598 Τῷ
477 5533 551 5586 ἐν
588 5531 664 5598 τῇ
711 5527 932 5599 τρισσῇ
977 5527 1212 5601 μοιξάδι.
1235 5529 1384 5601 ᾼΒὶΙΙ.
1423 5547 1437 5583 :
1471 5527 1624 5601 Quod
1661 5530 1716 5582 in

662 5601 770 5654 Sed
807 5598 926 5655 vos
967 5598 1164 5662 triplici
1217 5599 1410 5655 durior
1457 5598 1712 5664 nimium,

141 5604 333 5666 triplici
382 5604 606 5656 unitate.

141 5687 237 5726 nec
270 5674 495 5744 probata
529 5672 820 5742 tlieolOgis.

540 5389 836 5461 γενέσθαι.
876 5389 1109 5445 Monum.
1159 5397 1213 5461 et
1253 5389 1441 5445 Morel.
1485 5389 1712 5460 πλησίον

1871 4413 1982 4484 (S7)
2024 4412 2421 4484 decﬂtaijra
2478 4415 2578 4468 τοι.
2637 4411 2730 4468 Sic
2763 4413 2909 4467 enim
2962 4411 3277 4484 legendum,
3325 4413 3401 4484 ait

1805 4481 1970 4545 BNL,
2003 4481 2155 4538 ut'in
2198 4483 2386 4543 Frob..
2439 4500 2546 4538 non
2582 4484 2719 4548 ίσθε,
2757 4493 2816 4536 ιιι
2867 4487 2917 4535 in
2975 4483 3189 4551 llervag
3245 4493 3298 4537 et
3343 4483 3400 4550 in

1806 4555 2131 4626 quibusdam
2169 4556 2299 4610 edit.
2352 4554 2729 4626 Μοῃπτεροῦ
2768 4557 2832 4626 τῇ
2869 4553 3097 4624 διανοίᾳ.
3137 4553 3223 4626 Alta
3251 4554 3400 4626 _cod.

1806 4625 1930 4680 Par.
1965 4635 2020 4679 et
2057 4625 2304 4680 Combef.
2355 4625 2413 4679 lu
2461 4625 2596 4680 edit.
2638 4623 2844 4695 ’πτερὸν
2879 4627 2942 4694 τῇ
2976 4623 3204 4694 διανοίᾳ.
3249 4623 3404 4677 Mone

1810 4703 1923 4767 tae.
1958 4704 2012 4767 et
2039 4695 2232 4767 Morel.
2269 4695 2469 4767 πτεροῦ
2505 4697 2601 4767 τὴν
2638 4695 2899 4767 διάνοιαν.

1880 4764 1991 4834 (88)
2034 4765 2188 4832 ’Ἕως
2232 4763 2326 4822 οὗ.
2365 4755 2439 4820 ita
2494 4755 2617 4819 cod.
2652 4763 2813 4834 2022.
2875 4763 2928 4817 In
2968 4763 3100 4834 edit.
3132 4755 3193 4814 οὗ
3227 4761 3402 4827 deest.

1887 4832 1998 4904 (89)
2042 4835 2239 4889 Ταῦτα
2271 4837 2582 4904 εὐρίσκῃς.
2618 4835 2761 4904 Cod.
2791 4832 2920 4902 Reg.
2963 4833 3256 4900 εὑρίσκοις.

1887 4907 1997 4975 (90)
2040 4907 2187 4960 Alias
2216 4903 2357 4960 CXX
2415 4905 2632 4974 Scripta
2665 4903 2857 4975 eodem
2894 4918 3061 4975 anno.

1887 4971 1998 5048 (9|)
2041 4977 2169 5048 Kai_
2193 4971 2687 5048 percidiio'm'liil_l.
2716 4993 2737 5048 _:
2777 4971 2840 5025 Et
2875 4971 3221 5048 eruditionem
3255 4985 3400 5023 com-

1815 5041 2068 5101 mutabis.
2123 5041 2360 5101 Montac.
2400 5041 2452 5100 et
2480 5041 2680 5098 Morel.
2715 5043 2801 5094 ἵνα
2827 5041 3132 5112 μεταθήσῃ.

1887 5085 3185 5187 2523a;315513“'aaéi‘ifiiuéég£6&&§'ﬁé‘é..
3213 5110 3407 5187 siesse

1817 5179 2103 5257 legendum
2145 5179 2632 5257 ἰ)ῖ·(›ι)ὶιιιὶἰ”Βί)ι.Δ
2665 5182 2723 5236 lu
2779 5181 2909 5257 edit.
2966 5183 2998 5251 ὴ
3074 5179 3182 5251 γὰρ
3239 5179 3402 5250 ἀρχή,

1819 5251 1972 5315 deest
2005 5260 2073 5311 εί.
2111 5251 2202 5312 διε
2239 5251 2452 5322 llorat.,
2485 5253 2705 5322 IEpist.
2745 5268 2803 5314 ιι,
2839 5251 2909 5305 40
2942 5270 2956 5305 :

2106 5348 2400 5402 Dimidium
2432 5347 2590 5416 facti,
2624 5345 2715 5414 qui
2741 5344 2912 5412 capit,
2947 5340 3120 5394 habet.

1896 5439 2007 5510 (95)
2048 5433 2801 5510 ΠαρακελεύεταιηΑΡΙιΨῳ
2848 5431 3009 5510 codd.
3063 5440 3115 5484 et
3157 5425 3404 5510 Comlief.

1825 5497 2214 5563 διακελεύεται.
2246 5511 2394 5570 Mox,
2425 5509 2518 5561 τοῦ
2556 5505 2689 5575 βίον.
2720 5503 2811 5564 Sic
2865 5503 2991 5559 Par.
3011 5513 3064 5555 et
3094 5510 3206 5557 tres
3237 5497 3405 5570 chg_.

1829 5579 1974 5643 Edit.
2006 5581 2253 5635 nonnulli
2282 5581 2375 5633 τοῦ
2407 5579 2572 5636 οἴνου.
