3778 6184
355 331 453 386 5H

1552 335 1610 389 S.
1652 335 1983 396 GREGORII
2018 339 2362 398 THEOLOGI

3506 359 3617 411 5i‘2

358 445 795 515 quandoquidem
863 462 995 502 usus
1051 448 1310 512 obtinuit,
1376 457 1434 504 ιιι
1486 452 1731 522 ejusdem
1787 461 1922 515 artis

2106 460 2213 530 ειδὴ
2262 461 2514 531 νενίκηκε
2564 465 2688 527 τοὺς
2737 465 3063 536 ὁμοτέχνους
3110 469 3455 541 ἀντιτέχνους
3512 491 3614 526 κα-

362 535 704 605 professures
754 536 1092 608 ἀντίτεχνοι,
1144 539 1196 593 id
1237 548 1341 603 est,
1372 543 1512 597 artis
1553 546 1733 600 aemuli
1766 555 1931 617 atque

357 625 657 681 adversarii
707 637 992 703 vocentur.
1046 629 1208 700 157
1255 631 1552 704 Quousque
1598 638 1742 691 enim
1790 640 1935 695 ista?

357 713 721 783 Nunquamne
761 717 1077 786 sophisticae
1121 720 1250 775 huic
1299 723 1688 780 obtrectationi
1725 735 1778 783 et
1814 744 1932 794 ma-

359 803 665 860 ledicentia:
730 806 890 861 litiem
942 812 1287 865 statuemus?
1329 813 1410 866 An
1465 817 1928 885 exspectabimus,

357 895 486 947 dum
554 910 703 949 mors
755 897 824 951 ab
876 898 978 952 hac
1035 899 1387 970 improbitate
1452 919 1554 957 nos
1613 907 1939 978 abrumpat?

357 984 559 1039 Juvcni
592 986 741 1040 enim
788 986 1044 1054 fortasse,
1076 990 1300 1048 honoris
1335 994 1635 1064 cupiditate
1659 996 1931 1068 ﬂagranti,

357 1078 663 1147 opibusque
706 1078 964 1142 inhianti,
1014 1082 1107 1151 qui
1164 1083 1280 1137 haec
1327 1086 1489 1140 modo
1533 1103 1695 1157 parce
1744 1088 1930 1155 faciat,

359 1167 615 1221 nonnihil
660 1168 831 1224 venite
866 1171 985 1225 dari
1025 1173 1198 1243 possit
1223 1174 1376 1233 (libet
1424 1178 1570 1231 enim
1603 1178 1658 1231 in
1702 1180 1931 1250 gratiam

361 1265 509 1312 tuam
578 1259 959 1317 Demosthenis
1026 1264 1208 1320 verbis
1284 1265 1682 1337 aliquantulum
1764 1272 1929 1343 uti):

360 1349 635 1405 hominem
664 1358 847 1405 autem
884 1352 937 1407 id
966 1353 1168 1418 aetatis,
1210 1365 1373 1427 atque
1402 1358 1507 1413 hoc
1545 1373 1727 1414 rerum
1762 1368 1930 1425 statu,

362 1442 581 1509 publice
622 1442 788 1496 alium
827 1442 1096 1502 infamare
1139 1461 1204 1501 ac
1257 1447 1501 1504 vicissim
1547 1450 1822 1515 infamari,
1858 1454 1937 1507 in~

361 1531 746 1601 tempestivum
802 1547 1029 1603 prorsus
1088 1544 1144 1591 et
1206 1539 1507 1608 pertinacis
1563 1543 1934 1601 contentionis

363 1621 581 1690 plenum
614 1637 771 1689 ;non
802 1624 980 1680 solum
1028 1628 1158 1697 quia
1196 1628 1300 1685 hoc
1326 1633 1549 1688 omnino
1580 1633 1931 1691 inhonestum

358 1723 413 1768 et
452 1713 736 1769 sordidum
768 1723 873 1780 est,
903 1716 1001 1771 sed
1024 1720 1186 1773 etiam
1217 1721 1345 1791 quia
1378 1722 1514 1776 mira
1545 1733 1628 1779 est
1660 1724 1822 1794 hujus
1853 1729 1930 1782 rei

361 1801 619 1867 facilitas,
656 1804 883 1875 perinde
919 1820 984 1862 ac
1030 1808 1224 1876 ﬂuctus
1272 1811 1670 1881 reriprocantis.
1721 1811 1931 1872 Etenim
1966 1814 2007 1869 Β

360 1902 420 1947 ιιι
439 1908 564 1948 eum
591 1894 831 1950 Homero
855 1912 1051 1953 rursus
1079 1899 1276 1969 loquar
1310 1920 1322 1955 :

465 2002 683 2057 Dictum
717 2005 824 2059 tale
848 2005 1020 2074 feres,
1054 2008 1209 2078 quale
1240 2017 1290 2063 et
1311 2009 1429 2078 jam
1461 2011 1662 2065 dixeris
1693 2029 1825 2082 ipse.

359 2111 653 2170 Radeutem
684 2132 844 2185 porro
882 2118 1112 2173 vicissim
1143 2121 1330 2175 radere
1369 2137 1713 2194 nequaquam
1750 2140 1935 2196 repre-

359 2205 707 2261 hendendum
737 2217 841 2265 est.

431 2300 565 2365 Quae
587 2301 752 2371 igitur
775 2301 889 2356 haec
916 2301 1184 2372 sapientia
1222 2311 1306 2360 est
1332 2320 1457 2360 cum
1489 2305 1691 2362 virtute
1717 2308 1936 2365 vincere

362 2388 545 2452 liceat,
589 2392 724 2446 vitio
776 2394 1052 2463 superari,
1092 2401 1186 2449 aut
1236 2395 1400 2451 etiam
1444 2413 1729 2467 superare,
1788 2401 1935 2470 quod

360 2484 535 2537 multo
570 2484 728 2553 pejus
762 2483 892 2539 est?
929 2485 997 2539 At
1030 2486 1135 2541 hoc
1179 2503 1402 2558 quoque
1435 2490 1679 2553 nomine,
1716 2498 1775 2544 ut
1807 2506 1937 2546 vere

362 2574 581 2645 loquar,
629 2576 847 2646 judices
905 2579 1251 2634 accusandos
1312 2594 1437 2635 esse
1485 2596 1707 2644 censeo,
1765 2581 1934 2652 quod,

360 2684 484 2738 quze
520 2685 620 2739 pro
669 2670 934 2726 tribunali
965 2671 1253 2737 damnant,
1292 2672 1483 2729 eadem
1517 2689 1640 2729 cum
1678 2676 1933 2740 audiunt,

360 2760 610 2814 laudant.
657 2759 769 2815 Nec
815 2761 870 2815 id
914 2763 1116 2828 solum,
1147 2764 1242 2819 sed
1275 2763 1478 2819 multos
1502 2763 1667 2818 etiam
1701 2765 1935 2826 habent.

360 2851 458 2921 qui
506 2852 669 2907 simul
727 2835 967 2923 laudent,
1012 2869 1077 2912 ac
1125 2856 1321 2911 vitium
1376 2858 1705 2918 accendant,
1772 2866 1938 2929 atque

360 2944 471 2997 huc
506 2960 683 3014 usque
721 2945 775 3000 in
812 2954 995 3016 partes
1024 2954 1078 3003 et
1113 2947 1296 3003 studia
1335 2947 1560 3005 dissecti
1595 2950 1731 3006 sint.
1764 2951 1936 3021 Atqui

361 3034 621 3089 convenit
650 3042 733 3102 ut,
780 3035 825 3092 si
876 3036 994 3092 haec
1038 3037 1178 3094 falsa
1216 3040 1629 3108 existimentur,
1668 3058 1776 3096 non
1814 3043 1935 3098 latt-

360 3125 602 3181 dentur:
661 3125 709 3180 si
768 3134 951 3182 autem
1013 3142 1143 3182 vera
1191 3144 1315 3186 esse
1346 3129 1644 3186 credantur
1697 3132 1934 3202 publice,
1965 3172 2008 3231 Ο

357 3217 731 3287 judicentur;
781 3227 879 3274 aut
923 3220 1088 3276 etiam
1139 3222 1283 3278 hanc
1334 3225 1603 3280 rationem
1650 3225 1934 3291 adhibere,

362 3316 417 3360 ut
455 3310 499 3363 si
536 3307 675 3363 falsa
717 3309 1079 3379 objiciuntur,
1112 3322 1466 3369 accusatores
1514 3323 1929 3385 coarguantur:

360 3399 451 3454 sin
492 3416 639 3466 vera,
688 3402 727 3457 ii
766 3402 1036 3459 adversus
1076 3418 1215 3475 quos
1260 3406 1441 3461 oratio
1490 3406 1767 3471 habetur;
1822 3422 1931 3461 non

360 3499 546 3546 autem
597 3492 915 3563 permittere
950 3502 1012 3550 ut
1045 3495 1314 3551 nobilium
1357 3497 1603 3552 virorum
1642 3497 2018 3561 existimatio,

361 3581 638 3639 hibeatur.

431 3679 635 3744 Quare,
671 3681 716 3735 si
753 3696 877 3737 meo
903 3683 1138 3737 oonsilio
1176 3685 1384 3753 paretis
1428 3686 1747 3757 (utrumque
1786 3688 1934 3742 enim

363 3768 672 3839 alloquor),
710 3770 1026 3835 huiusmodi
1079 3787 1367 3829 sermones
1407 3783 1460 3830 et
1499 3776 1937 3845 vituperationes

363 3858 547 3915 valere
577 3858 766 3923 sinite,
807 3860 857 3915 si
886 3861 1024 3915 nihil
1055 3862 1225 3930 aliud,
1253 3863 1471 3919 canitiei
1500 3874 1651 3920 certe
1679 3882 1938 3921 reveren-

363 3953 459 4018 tia,
491 3960 586 4005 aut
631 3952 797 4008 etiam
848 3968 1034 4008 rerum
1087 3955 1534 4026 turpissimarum
1589 3955 1933 4013 lassitudine.

360 4042 471 4115 Ipsi
524 4059 655 4100 vero
717 4045 775 4101 in
816 4047 1064 4103 animum
1126 4047 1370 4104 inducite
1421 4051 1593 4105 veteri
1641 4051 1938 4121 preverbio

359 4137 613 4208 obsequi,
637 4138 785 4210 quod
819 4140 1046 4196 virtutis
1080 4142 1287 4196 cultum
1321 4144 1577 4214 amplecti
1601 4145 1784 4214 jubet,
1809 4159 1935 4200 cum

362 4230 502 4283 satis
541 4229 609 4283 ad
637 4229 845 4284 victum
880 4233 1077 4300 amplae.
1120 4231 1411 4288 facultates
1452 4241 1603 4290 sunt.
1645 4232 1759 4288 Nec
1808 4248 1934 4288 cum

2032 552 2165 606 λεῖν.
2210 552 2389 623 Μέχρι
2430 551 2576 616 τίνος
2612 552 2720 625 γὰρ
2757 555 2959 622 satira;
3007 559 3102 611 καὶ
3151 559 3255 613 ποῦ
3301 563 3619 632 στησόμεθα

2030 643 2132 713 τῆς
2176 644 2497 713 σοφιστικῆς
2543 646 2837 716 ὲπηρείαςς
2877 648 2981 712 ἕως
3017 649 3083 702 ἂν
3123 650 3178 702 τί
3215 652 3472 722 γένηταις
3513 653 3619 717 ἕως

2031 733 2099 787 ἀν
2120 734 2346 799 Θάνατος
2364 737 2396 805 ἡ
2404 737 2509 806 μᾶς
2520 736 2748 809 διακόψῃ
2761 740 2857 810 τῆς
2867 742 3132 812 πονηρίας
3146 759 3161 807 ;
3175 743 3358 796 Ταῦτα
3370 744 3444 811 γὰ
3450 762 3483 814 ρ
3499 745 3622 798 νέον

2035 826 2133 896 μὲν
2164 826 2309 887 ὄντα,
2338 828 2646 900 φιλοτιμίας
2673 830 3000 902 ἡττώμενον,
3030 833 3251 903 κέρδους
3286 836 3615 905 μεταποιούο

2035 931 2213 986 μενον,
2239 916 2332 969 καὶ
2355 916 2475 969 τότε
2513 918 2749 989 μετρίως
2779 923 2970 983 ποιεῖν,
3002 921 3112 992 ἔχει
3136 922 3256 976 τινὰ
3282 923 3622 996 συγγνώμην

2034 1006 2264 1076 (μικρὸν
2294 1007 2403 1079 γάρ
2439 1025 2494 1061 τι
2536 1009 2924 1079 Δημοσθενίσω
2969 1013 3068 1084 σὴν
3107 1015 3310 1084 χάριν)’
3349 1016 3410 1068 ὲν
3440 1016 3624 1086 τούτῳ

2031 1098 2089 1152 δὲ
2131 1100 2230 1168 τῆς
2275 1100 2509 1169 ἡλικίας,
2558 1103 2652 1155 καὶ
2689 1102 2833 1157 οὕτω
2874 1107 3201 1176 πράττοντα,
3237 1109 3521 1177 κυρίττειν
3560 1126 3623 1161 τε

2034 1190 2130 1244 καὶ
2180 1191 2527 1262 κυρίττεσθαι
2572 1193 2715 1263 (86),
2769 1188 3047 1260 παντελῶς
3096 1198 3272 1267 ἄωρον
3316 1197 3411 1252 καὶ
3467 1199 3625 1267 φιλό-

2034 1298 2231 1344 νεικον,
2267 1285 2327 1336 οὐ
2356 1283 2515 1353 μόνον
2536 1286 2617 1338 ὃτι
2644 1286 2888 1357 ἀπρεπὲς
2910 1288 3005 1340 κ.ὶ
3026 1288 3374 1341 παντάπασιν
3393 1288 3623 1341 ἀνελεύ-

2034 1370 2221 1442 θερον,
2256 1374 2371 1426 ἀλλ’
2402 1376 2483 1429 ὄτι
2513 1377 2608 1429 καὶ
2635 1377 2888 1448 ῥᾳστώνη
2923 1378 3090 1450 πολλὴ
3122 1379 3214 1432 τοῦ
3253 1379 3619 1450 πράγματος,

2046 1493 2329 1548 Ὀπποῑόν
2339 1496 2392 1549 κ’
2404 1497 2668 1566 εἴπῃσθα
2682 1498 2848 1563 ἔπος,
2864 1498 3086 1553 τοῖόνκ’
3096 1499 3468 1564 ἐπακούσαις
3481 1501 3575 1569 (87
3584 1508 3622 1569 ),

2035 1663 2288 1736 καθάπερ
2334 1667 2632 1736 ῥεύματος
2693 1666 3230 1737 ἁντιστρέςςοντος·
3287 1666 3456 1721 πάλιν
3513 1667 3627 1737 γὰρ

2047 1755 2273 1827 Ὁμήρῳ
2307 1758 2709 1828 συγχρήσομαι·

2385 1974 2398 1988 .
2479 1935 2588 1989 Τὸν
2610 1935 2833 1999 ξὺοντα
2855 1933 2925 1987 δὲ
2953 1934 3255 2001 ἀναξύειν

2034 2150 2314 2216 παντελῶς
2343 2150 2721 2221 ἀνεπίφθονον.

2103 2305 2201 2370 Τίς
2226 2301 2321 2360 οὖν
2351 2307 2384 2378 ἡ
2418 2305 2607 2375 σοφία,
2637 2304 2755 2370 ὲξδν
2786 2305 2952 2376 ἀρετῇ
2986 2303 3310 2376 πρωτεύειν,
3340 2306 3619 2376 ἡττᾶσθαι

2034 2396 2224 2469 κακίᾳ,
2256 2396 2290 2468 ἢ
2328 2396 2423 2450 καὶ
2450 2398 2640 2468 νικᾷν,
2663 2395 2692 2449 ὃ
2722 2396 2902 2467 πολλῷ
2932 2397 3112 2468 χεῖρόν
3142 2398 3312 2461 ὲστιν;
3359 2397 3480 2450 ἀλλ’
3513 2397 3624 2467 ἐγώ

2033 2504 2098 2556 γε
2121 2488 2214 2540 καὶ
2242 2488 2349 2539 τῶν
2373 2486 2643 2540 δικαστῶν
2676 2485 2833 2539 τοῦτο
2861 2486 3171 2557 μέμφομαι,
3198 2488 3486 2557 εἰρήσεται
3515 2487 3624 2558 γὰρ

2033 2578 2290 2650 τάληθὲς,
2312 2578 2393 2633 ὅτι
2417 2577 2454 2632 ἃ.
2475 2576 2763 2642 κολάζουσι
2785 2578 3084 2649 κρίνοντες,
3103 2576 3274 2630 ταῦτα
3302 2578 3625 2629 ἐπαινοῦσιν

2035 2669 2396 2743 ἀκροώμενοι.
2437 2669 2512 2723 Οὐ
2549 2668 2707 2740 μόνον
2743 2668 2821 2732 δὲ,
2865 2667 2999 2721 ἀλλὰ
3037 2667 3133 2720 καὶ
3169 2665 3397 2728 πολλοὺς
3436 2666 3623 2736 ἔχουσι

2034 2763 2161 2826 τοὺς
2191 2762 2598 2827 ωνεπαινὲτας,
2628 2762 2722 2815 καὶ
2760 2762 2858 2832 τὴν
2893 2761 3089 2813 κακίαν
3123 2758 3502 2822 ἀνάπτοντας,
3530 2759 3624 2811 καὶ

2035 2858 2154 2920 ταῖς
2191 2856 2446 2918 σπουδαῖς
2485 2855 2611 2926 ἄχρι
2652 2854 2841 2908 τούτου
2889 2852 3340 2924 μεμερισμένους·
3383 2852 3534 2915 δέον,
3576 2852 3624 2903 εἰ

2040 2947 2140 3019 μὲν
2178 2948 2508 3012 ἀπιστεῖται,
2553 2946 2629 3019 μὴ
2676 2945 3034 2999 ὲπαινεῖσθαι’
3077 2946 3126 2998 εἰ
3169 2944 3226 2997 δὲ
3271 2942 3620 3007 πιστεύεται,

2036 3039 2270 3111 δημοσίᾳ
2321 3038 2620 3109 κρίνεσθαι·
2667 3037 2701 3107 ἢ
2745 3037 2914 3102 οὓτω,
2976 3038 3026 3089 εί
3088 3035 3186 3107 μὲν
3230 3034 3432 3104 ψευδῆ,
3495 3035 3623 3096 τοὺς

2038 3130 2380 3202 κατηγόρους
2435 3128 2749 3201 ἐλέγχεσθαι
2807 3128 2973 3199 (88)·
3034 3128 3082 3181 εί
3129 3127 3186 3180 δὲ
3233 3125 3442 3198 ἀληθῆ,
3500 3126 3624 3187 τοὺς

2040 3222 2162 3275 καθ’
2196 3215 2271 3276 ὧν
2299 3224 2327 3274 ὁ
2365 3222 2549 3289 λόγος·
2586 3221 2682 3276 καὶ
2721 3221 2796 3292 μὴ
2833 3219 3002 3283 οὕτω,
3052 3218 3309 3292 μέγιστον
3350 3219 3622 3289 πρᾶγμα,

2039 3315 2139 3386 τὴν
2197 3314 2306 3367 τῶν
2368 3310 2427 3368 εὖ
2486 3313 2785 3383 γεγονότων
2844 3311 3113 3383 ὑπόληψιν
3131 3349 3147 3375 ,
3208 3309 3352 3364 οὕτω
3417 3308 3624 3380 ῥᾳδίως

2038 3405 2344 3471 παίζεσθαι.

2058 3515 2150 3555 res
2210 3498 2434 3553 maximi
2500 3493 2785 3569 ponderis,
2857 3505 2966 3550 tam
3010 3492 3175 3559 facile
3213 3490 3457 3547 ludibrio
3526 3489 3621 3545 ad-

2112 3682 2179 3737 Εῑ
2220 3700 2272 3735 τι
2313 3677 2405 3735 οὖν
2444 3681 2565 3751 ἐμοὶ
2600 3677 2850 3732 πείθεσθε
2882 3678 3039 3750 (πρὸς
3073 3676 3183 3749 γὰρ
3213 3677 3563 3748 ἀμφοτέρους
3590 3678 3621 3731 ὁ

2041 3775 2242 3844 λόγος),
2266 3775 2392 3836 τοὺς
2422 3773 2520 3843 μὲν
2546 3772 2819 3835 τοιούτους
2846 3770 3037 3839 λόγους
3064 3770 3159 3821 καὶ
3185 3769 3385 3838 ψόγους
3405 3770 3623 3841 χαίρειν

2041 3864 2239 3917 ἐάσατε
2275 3860 2409 3930 (89),
2448 3861 2498 3914 εί
2536 3861 2610 3931 μή
2646 3877 2700 3913 τι
2744 3859 2890 3921 ἄλλο,
2925 3858 3025 3929 τὴν
3061 3857 3252 3911 πολιὰν
3287 3856 3619 3930 αἰδούμενοι,

2042 3953 2076 4023 ἢ
2112 3954 2208 4006 καὶ
2242 3952 2647 4022 ἀποκάμνοντες
2682 3950 2809 4021 (90)
2852 3951 2911 4002 ὲν
2942 3950 3058 4011 τοῖς
3096 3947 3411 4017 αἰσχίστοις.
3456 3950 3621 4003 Αὐτοὶ

2042 4048 2099 4100 δὲ
2125 4044 2483 4117 βουλεύσασθε
2506 4045 2617 4115 (91)
2642 4043 2741 4112 τὴν
2769 4040 3003 4096 παλαιὰν
3027 4040 3252 4110 τιμῆσαι
3277 4037 3621 4110 παραίνεσιν,

2041 4139 2172 4207 τὴν..
2214 4138 2341 4191 ὅταν
2386 4139 2415 4190 ὁ
2456 4137 2569 4205 βίος
2614 4133 2794 4197 ἱκανὸς
2915 4132 3047 4201 (92),
3080 4131 3295 4207 ἀρετὴν
3330 4131 3621 4186 ἀσκεῖσθαι

2042 4228 2389 4282 κελεύουσαν.
2441 4229 2549 4280 Καὶ
2592 4228 2692 4280 οὐκ
2742 4224 3152 4279 ὲπιϐουλεύσετε
3201 4224 3300 4294 μὲν
3344 4225 3477 4293 ύμῖν
3525 4225 3621 4277 αὐ-

361 4319 520 4375 vobis
548 4320 705 4388 ipsis,
738 4330 851 4375 tum
880 4321 1142 4390 juvenum
1178 4323 1293 4392 spei
1329 4323 1559 4379 insidias
1596 4332 1933 4395 comparate,

2106 4322 2154 4384 ῖς
2190 4320 2323 4390 (93),
2361 4318 2771 4371 ἐπιϐουλεύσετε
2813 4316 2870 4370 δὲ
2903 4318 3022 4379 ταῖς
3062 4315 3173 4368 τῶν
3204 4314 3340 4367 νέων
3384 4314 3619 4377 ἐλπίσιν,

362 4474 467 4528 bus
491 4472 613 4528 illos
635 4481 957 4542 prtesmntes
990 4466 1161 4542 fuisse
1197 4475 1404 4530 volunt.
1442 4475 1516 4531 De
1546 4483 1661 4530 toto
1695 4477 1797 4530 hoc
1829 4492 1940 4530 ma-

364 4539 665 4615 leficiorum
685 4558 901 4615 genere,
915 4539 1456 4615 vide'Gyraldumlib.
1482 4544 1552 4599 De
1568 4547 1669 4599 diis
1685 4546 1935 4615 gentium.

365 4611 441 4666 De
469 4610 511 4662 Τ
515 4610 822 4666 elchin’ibus
852 4623 1030 4666 autem
1060 4610 1184 4668 vide
1224 4613 1447 4667 Suidam
1477 4615 1542 4667 ad
1585 4610 1938 4668 νοοέιιιτελ-

398 4684 530 4754 ζνες,
566 4691 620 4736 et
673 4680 956 4737 Erasmuni
1012 4682 1066 4737 in
1114 4683 1340 4754 Adagio,
1389 4683 1525 4738 Novi
1556 4684 1845 4751 Simonem,
1888 4697 1937 4740 et

407 4768 547 4804 tmon
586 4768 685 4806 me.

433 4820 546 4891 (86)
578 4822 888 4889 Κυρίττειν
936 4838 1000 4876 τε
1039 4823 1140 4877 καὶ
1176 4823 1572 4891 κυρίττεσθαι.
1625 4822 1743 4877 Non
1800 4825 1940 4878 male

362 4890 487 4964 Bill.
530 4890 905 4964 metaphoram
955 4893 1213 4964 reddidit,
1254 4890 1347 4964 sed
1385 4892 1582 4964 legisse
1612 4895 1831 4964 videtur
1848 4910 1940 4964 κη-

364 4960 695 5033 ρύττειντε
720 4962 816 5033 καὶ
850 4962 1231 5033 κηρύττεσθαι.
1271 4963 1362 5033 Sic
1411 4960 1572 5016 habet
1631 4964 1753 5018 cod.
1807 4960 1937 5032 Reg.

361 5030 608 5084 Combel'.
644 5030 1001 5102 κυρίττειν’τε
1034 5033 1128 5086 καὶ
1173 5032 1541 5102 κυρίττεσθαι,
1575 5032 1818 5086 cornibus
1848 5030 1939 5100 pe-

365 5108 469 5152 tere
496 5117 559 5151 ac
587 5100 816 5172 vicissim
838 5103 963 5167 peti,
994 5100 1331 5172 petulcorum
1356 5102 1583 5155 arietum
1614 5117 1762 5155 more
1783 5119 1799 5168 ;
1821 5116 1943 5171 qua:

363 5170 756 5252 granunatieis,
795 5170 1225 5252 itujrit,ﬁusitata
1270 5172 1721 5252 vocis'acceptio
1748 5182 1800 5225 et
1841 5170 1942 5249 au-

363 5238 610 5309 ctoribus
642 5238 891 5309 probata.
924 5239 1035 5309 lloc
1061 5240 1297 5295 fortasse
1318 5238 1646 5309 signiﬁcavit
1676 5241 1942 5296 Horatius

367 5304 420 5358 in
453 5305 583 5360 Odia
609 5304 868 5361 {Parata
892 5308 1023 5362 tollo
1061 5326 1281 5364 cornua.

437 5376 548 5444 (87)
595 5374 880 5428 ὀπποῖόν
920 5378 971 5429 κ’
1019 5378 1283 5445 εἴπῃσθα
1322 5377 1488 5444 ἔπος,
1534 5377 1698 5431 τοῖόν
1746 5380 1800 5431 κ’
1841 5377 1945 5431 ἐπ-

362 5445 679 5515 ακούσαις.
700 5446 845 5497 Talia
860 5445 1061 5508 audies,
1079 5448 1263 5515 qualia
1274 5448 1325 5498 in
1339 5449 1471 5501 alios
1484 5447 1704 5501 dixeris.
1722 5447 1937 5503 "illius:

486 5511 695 5563 Dictum
731 5516 835 5585 tgle
870 5515 1002 5585 fere;
1036 5511 1213 5585 quale,
1237 5518 1660 5585 anteAiutcrseris
1707 5520 1835 5585 ipse.

363 5578 545 5704 ἔὲὅϋει
578 5587 705 5632 sunt
723 5578 911 5637 Encas
935 5584 1003 5639 ad
1039 5578 1325 5649 Achillem,
1353 5582 1517 5638 Iliad.
1557 5587 1650 5640 lib.
1683 5578 1773 5651 si,
1796 5602 1939 5641 vers.

2121 4476 2232 4549 (88)
2266 4474 2643 4549 ιιάτῃγςξρορς
2670 4473 3042 4543 ἐλέγχεσθαι.
3065 4470 3199 4526 Cod.
3230 4479 3286 4525 ct
3314 4470 3450 4535 Reg.
3487 4488 3618 4549 κατ-

2039 4542 2276 4617 ηγόρους
2322 4542 2667 4617 κολάζεσθαι,
2717 4542 3050 4617 accusatores
3118 4550 3479 4595 coerceantur.
3531 4542 3622 4593 Sic

2040 4613 2204 4671 etiam
2232 4615 2466 4669 Mttlllﬂc.
2498 4627 2547 4669 et
2582 4613 2768 4669 Morel.

2116 4685 2227 4754 (89)
2260 4685 2499 4752 Χαίρειν
2518 4683 2757 4738 ἐάσατε.
2788 4681 2949 4739 Forte
2971 4682 3255 4753 legendum
3287 4679 3505 4742 ἐάσετε,
3534 4695 3620 4732 ra-

2042 4755 2147 4808 lcre
2180 4756 2382 4807 sinetis.

2112 4823 2235 4897 (90)
2272 4822 2775 4893 Ἀποκιίμνοντες.
2824 4822 2902 4875 lta
2943 4820 3067 4877 cod.
3118 4818 3176 4873 ιιι
3225 4818 3359 4874 edit.
3405 4817 3622 4872 ἀποκα-

2085 4894 2257 4947 ὀντες.

2043 4911 2705 5033 μοῖὄῗῗᾟορλεύσασᾱε.
2738 4958 3051 5032 Legendum
3080 4959 3219 5014 forte
3243 4954 3617 5029 βουλεύσεσθε.

2040 5030 2285 5087 Coinbel'.
2324 5030 2718 5100 βουλεύσοισθε.

2114 5101 2223 5173 (92)
2253 5093 2498 5173 ξόὶᾳν-εὕ
2515 5102 2657 5165 βίος
2683 5099 2890 5173 ίκςςνύς
2914 5093 2976 5169 ᾖ,
3006 5108 3116 5154 etc.
3144 5098 3226 5153 Ad
3258 5099 3360 5153 hoc
3399 5112 3619 5169 prover-

2041 5168 2412 5227 bium'alludit
2434 5168 2713 5235 Horatius,
2730 5168 2903 5236 Epist.
2920 5168 2925 5169 “
2942 5186 2977 5221 ι.

2329 5239 2374 5294 0
2404 5241 2559 5304 cives,
2586 5245 2869 5309 quwrenda
2898 5238 3118 5309 pecunia
3157 5238 3391 5307 primum
3411 5248 3514 5302 est,

2128 5311 2840 5387 [irtuspostnummpmuu
2987 5376 2998 5387 _
3105 5379 3118 5387 _
3173 5377 3198 5387 _
3335 5378 3348 5387 _
3434 5375 3461 5387 η

2115 5381 2226 5451 (95)
2261 5376 2383 5451 ρῦιι
2426 5379 2912 5451 «ιιὲπιᾷοινλεύσεειέ⁸
2928 5376 3058 5451 μὲν-
3089 5377 3250 5451 ὐιιῖνλ
3280 5376 3521 5451 (dimica
3547 5376 3616 5427 Ita

2044 5445 2166 5504 cod.
2198 5445 2253 5504 et
2279 5447 2412 5518 Reg.
2445 5451 2515 5501 At
2548 5448 2786 5501 Montac.
2812 5457 2865 5501 ct
2894 5445 3083 5502 Morel.
3110 5448 3209 5500 οὐκ
3237 5445 3616 5518 ἐπιςξουλεύσε-

2042 5536 2130 5572 ται
2168 5519 2265 5587 μὲν
2297 5513 2389 5571 οὖν
2414 5518 2541 5587 ὑμῖν
2588 5518 2795 5580 αὐτοῖς.
2832 5517 3052 5586 Legisse
3082 5517 3295 5571 videtur
3337 5513 3485 5578 BNL,
3529 5522 3615 5587 aut

2046 5582 2237 5642 saltem
2282 5582 2566 5656 legendum
2608 5587 2892 5657 censuisse
2912 5582 3076 5657 ’μηδὲ
3132 5588 3259 5657 ὑμῖν
3315 5588 3516 5649 αὐτοῖς.
3560 5582 3616 5636 lu

2050 5659 2205 5722 edit.,
2236 5655 2367 5729 ἡμῖν
2387 5657 2590 5720 αὐτοῖς.
2627 5655 2768 5718 Mox,
2786 5658 2921 5728 μηδὲ
2945 5655 3064 5721 ταῖς
3090 5655 3200 5709 τῶν
3223 5657 3377 5711 νέων.
