3778 6186
177 324 280 381 333

178 527 410 599 θεότητα
441 525 538 578 τοῦ
566 523 912 593 Μονογενοῦς
938 523 1039 593 τὴν
1071 519 1166 575 τοῦ
1201 520 1294 574 νοῦ
1333 519 1494 591 φύσιν
1522 521 1767 594 ἀναπλη-

180 619 460 691 ρώσασαν,
505 616 672 690 μέρος
714 614 971 686 γενέσθαι
1010 613 1106 668 τοῦ
1151 612 1494 686 ἀνθρωπείου
1527 615 1768 688 συγκρά-

184 727 351 782 pato;
388 709 408 770 ί
417 709 504 779 19)
544 707 606 762 τὺ
641 705 1022 780 τριτημόριον,
1067 704 1249 776 ψυχῆς
1283 721 1345 758 τε
1381 704 1476 759 καὶ
1517 704 1768 778 σώματος

180 803 322 858 κατὰ
354 802 421 857 τδ
461 800 806 874 ἀνθρώπινον
850 797 980 871 περὶ
1023 797 1190 853 αὐτὸν
1229 795 1421 862 ὄντων,
1463 797 1557 852 νοῦ
1599 797 1656 852 δέ
1693 797 1769 871 μὴ

181 896 353 960 ϐντος.
394 893 534 949 ἀλλὰ
564 893 657 946 τὸν
687 889 899 945 ἐκείνου
928 889 1092 944 τόπον
1118 887 1216 943 τοῦ
1257 887 1396 943 Θεοῦ
1430 890 1608 959 Λόγου
1633 888 1768 945 ἀνα-

181 985 288 1058 πλη
298 984 546 1056 ρηῦντος.
570 983 682 1040 Καὶ
704 981 859 1036 οὔπω
883 980 1045 1035 τοῦτο
1075 980 1270 1036 δεινόν·
1296 979 1434 1036 ἀλλὰ
1463 981 1525 1036 τὸ
1546 983 1770 1038 πάντων

181 1074 597 1150 χαλεπώτατον,
641 1074 724 1129 ὅτι
785 1073 945 1129 αὐτὸν
990 1071 1082 1128 τὸν
1133 1073 1398 1145 μονογενῆ
1455 1071 1618 1142 Θεὸν,
1657 1071 1771 1128 ’τον

183 1167 376 1241 κριτὴν
413 1167 530 1221 τῶν
581 1164 801 1220 πάντων
835 1163 982 1239 (20),
1027 1163 1122 1219 τὸν
1174 1165 1420 1237 ἀρχηγὸν
1463 1165 1565 1237 τῆς
1601 1165 1768 1237 ζωῆς,

182 1253 272 1308 τὸν
324 1251 664 1324 καθαιρέτην
717 1252 812 1306 τοῦ
865 1251 1119 1318 Θανάτου,
1169 1253 1363 1323 θνητὸν
1407 1252 1547 1309 εἶναι
1603 1271 1773 1310 κατα-

185 1345 468 1409 σκευάζει,
493 1347 590 1398 καὶ
615 1346 681 1416 τῇ
706 1343 812 1416 ibi;
840 1344 1005 1400 αὑτοῦ
1041 1344 1256 1417 θεότητι
1289 1345 1462 1412 πάθος
1489 1344 1770 1414 δέξασθαι,

187 1439 280 1492 καὶ
309 1437 370 1492 ἐν
414 1440 481 1509 τῇ
521 1437 810 1511 τριημέρῳ
841 1436 1027 1510 ἐκείνῃ
1067 1437 1332 1510 νεκρώσει
1363 1437 1460 1493 τοῦ
1495 1437 1771 1511 σώματος,

187 1531 282 1586 καὶ
315 1531 422 1605 τὴν
458 1529 688 1602 θεότητα
713 1529 1264 1606 συναπονεκρωθῆναι
1299 1530 1379 1603 τῷ
1412 1529 1646 1603 σώματι,
1677 1531 1775 1586 καὶ

187 1624 329 1680 οὕτω
365 1623 521 1697 παρὰ
555 1623 649 1678 τοῦ
691 1622 908 1696 Πατρδς
943 1623 1107 1678 πάλιν
1149 1623 1258 1678 ἀπὸ
1289 1622 1384 1677 τοῦ
1419 1621 1653 1678 θανάτου
1694 1623 1772 1679 δι⁴

189 1715 503 1786 αναστῆναι.
529 1715 609 1770 Τὰ
628 1714 671 1768 δ’
698 1713 834 1770 ἄλλα
861 1702 962 1770 ὅσα
999 1714 1322 1788 προστίθησι
1350 1715 1471 1780 ταῖς
1497 1714 1774 1782 τοιαύταις

189 1811 442 1875 ἀτοπίαις
471 1809 682 1882 μακρὸν
701 1807 768 1865 ἃν
792 1809 878 1882 εἴη
904 1808 1181 1877 διεξιέναι.

1558 311 1896 373 EPISTOLA
1949 312 2124 373 CCIII.

177 455 264 493 νον
290 435 386 491 τὸν
415 433 623 492 ἄνωθεν
655 432 864 506 ἥκοντα
897 430 988 486 τὸν
1027 429 1154 486 νοῦν
1184 430 1258 504 μὴ
1289 430 1454 503 ἔχειν,
1493 432 1630 488 ἀλλὰ
1667 443 1756 505 την

1928 440 2053 490 xtus
2113 444 2348 503 corpore
2419 429 2672 486 avulsum
2733 448 2746 485 :

3347 311 3454 370 3M

2819 429 3096 485 Secundus
3159 430 3318 486 {tonio
3387 432 3452 486 de

1870 524 1999 581 coelo
2029 526 2075 578 ⁸.
2120 523 2326 579 Deinde
2376 521 2655 577 hominem
2689 520 2842 576 illum
2889 522 3110 580 ccclitus
3143 522 3454 578 venientem

1869 624 2056 673 mente
2085 615 2316 672 minime
2340 614 2631 687 praeditum
2678 628 2802 671 esse
2837 615 3056 679 asserit,
3089 629 3280 670 verum
3323 612 3457 669 Uni-

1868 709 2039 782 geniti
2076 707 2339 770 deitatem
2389 704 2592 761 mentis
2621 712 2876 761 naturam
2916 706 3288 776 supplentem,
3337 713 3456 761 ter—

1870 797 1999 853 tiam
2047 797 2304 853 humanaa
2370 795 2864 866 coagmentationis
2930 803 2984 850 et
3043 795 3456 865 conjunctionis

1871 895 2082 959 partem
2125 885 2456 944 exstitisse:
2507 885 2651 956 quod
2697 885 2961 941 nimirum
2991 886 3174 941 anima
3224 894 3280 941 et
3327 901 3456 942 cor-

1872 993 1977 1049 pus
2001 977 2162 1047 juxta
2195 975 2592 1032 humanitatem
2619 975 2675 1031 in
2701 989 2769 1032 eo
2799 975 2934 1042 sint,
2966 991 3123 1032 mens
3149 987 3334 1032 autem
3359 977 3459 1032 mi-

1871 1069 2022 1125 nime
2048 1085 2063 1138 ;
2095 1084 2284 1125 verum
2316 1067 2437 1139 ejus
2469 1068 2652 1125 locum
2682 1067 2847 1124 Verbi
2880 1052 3143 1125 divinitas
3178 1070 3456 1141 suppleat.

1874 1159 1986 1216 Nec
2035 1161 2144 1217 hoc
2194 1160 2378 1217 adhuc
2428 1174 2594 1232 grave
2648 1166 2777 1226 est;
2834 1159 2952 1225 sed,
3002 1161 3150 1232 quod
3211 1160 3457 1215 omnium

1873 1250 2322 1324 indignissimum
2377 1258 2546 1323 atque
2607 1251 3044 1314 atrocissimum,
3100 1253 3279 1324 ipsum
3334 1253 3460 1308 uni-

1873 1343 2119 1415 genitum
2147 1341 2340 1410 Deum,
2387 1343 2636 1400 omnium
2688 1343 2951 1414 judicent,
2980 1345 3106 1400 vita:
3155 1351 3457 1406 auctorem,

1873 1435 2073 1494 mortis
2098 1434 2521 1502 exstinctorem,
2553 1436 2845 1492 mortalem
2876 1451 3002 1493 esse
3030 1437 3213 1504 docet,
3243 1451 3308 1491 ac
3339 1452 3462 1507 pro-

1874 1530 2009 1587 bare
2069 1528 2288 1594 nititur,
2347 1529 2685 1601 propriaque
2737 1544 2839 1587 sua
2895 1529 3183 1587 divinitate
3231 1545 3457 1600 passum

1875 1637 2021 1692 esse,
2070 1628 2238 1693 atque
2267 1621 2324 1677 in
2357 1621 2616 1677 triduana
2643 1622 2737 1677 illa
2763 1622 3016 1694 corporis
3045 1629 3226 1678 morte
3255 1621 3461 1676 divini-

1875 1721 2047 1771 tatem
2075 1728 2296 1786 quoque
2326 1712 2491 1770 simul
2526 1728 2649 1770 cum
2685 1727 2919 1786 corpore
2954 1722 3226 1770 mortuam
3261 1713 3454 1780 fuisse,

1875 1811 2068 1882 sicque
2099 1825 2296 1866 rursus
2329 1809 2508 1866 Patris
2539 1823 2706 1882 opera
2749 1824 2780 1864 a
2819 1816 2996 1865 morte
3031 1808 3101 1863 ad
3152 1809 3322 1864 vitam
3377 1825 3460 1866 re-

191 1915 461 1964 vocatum.
492 1904 612 1960 Alia
640 1913 822 1962 autem
861 1904 1076 1972 omnia,
1111 1919 1234 1978 quas
1264 1905 1581 1977 bujusmodi
1611 1905 2049 1963 absurditatibus
2087 1905 2296 1977 adjicit,
2339 1905 2563 1977 longum
2592 1903 2758 1960 fuerit
2785 1918 3241 1962 commemorare.

260 2002 321 2055 El
358 1999 544 2055 τοίνυν
589 1999 640 2053 οἱ
687 1997 912 2056 τοιαῦτα
953 1999 1279 2072 φρονοῦντες
1326 2001 1384 2054 ἐν
1423 2000 1641 2074 ἐξουσίᾳ
1680 1999 1756 2055 τοῐ

1949 1999 2188 2056 Proinde
2227 2000 2275 2056 si
2307 1999 2398 2065 iis,
2430 1997 2522 2070 qui
2563 1997 2694 2053 talia
2741 1997 3011 2064 sentiunt,
3040 2003 3220 2052 ccetus
3255 1995 3457 2053 habere

193 2092 451 2162 συνάγειν
485 2092 748 2162 γίνονται,
795 2091 1068 2146 σκοπείτω
1095 2109 1188 2147 σου
1220 2093 1254 2164 ἡ
1290 2093 1348 2148 ἐν
1378 2091 1598 2166 Χριστῷ
1628 2091 1778 2147 εὐδό-

192 2202 354 2256 κιμος
381 2183 668 2256 φρόνησις,
696 2182 776 2236 ὅτι
803 2182 878 2256 μὴ
909 2182 1318 2254 συμϐαινόντων
1343 2185 1377 2255 ὴ
1386 2183 1501 2254 μῶν
1526 2179 1610 2248 οἷς
1631 2183 1777 2239 ἐκεῖ-

193 2294 272 2331 νοι
310 2275 572 2349 φρονοῦσι
599 2276 735 2349 (21),
779 2275 841 2331 τὸ
886 2275 1071 2331 λαϐεῖν
1119 2276 1319 2342 αὐτοὺς
1361 2277 1615 2346 ἐξουσίαν
1654 2294 1778 2333 συν-

193 2363 390 2430 άξεως,
421 2363 574 2418 οὐδὲν
604 2363 791 2435 ἔτερόν
826 2365 995 2431 ἐστιν,
1034 2365 1070 2437 ἢ
1100 2365 1500 2440 ἀληθεστέρους
1527 2367 1623 2423 τοῦ
1655 2368 1777 2424 καθ’

195 2457 342 2528 ἡμᾶς
383 2455 655 2526 δόγματος
692 2454 1035 2530 νομισθῆναι.
1074 2458 1135 2513 El
1174 2458 1286 2531 γὰρ
1319 2457 1396 2524 ὡς
1425 2460 1780 2526 εὐσεϐοῦντες

196 2550 392 2603 ἐκεῖνοι
442 2547 717 2602 διδάσκειν
763 2547 840 2614 ὡς
891 2549 1171 2620 φρονοῦσι,
1225 2550 1322 2606 καὶ
1371 2553 1665 2625 κηρύττειν
1721 2554 1780 2610 ἐν

198 2639 484 2712 παρρησία
513 2640 574 2694 τὸ
605 2639 726 2695 καθ’
765 2639 990 2706 ἑαυτοὺς
1021 2643 1410 2716 ἐπιτρέπονται
1438 2644 1618 2717 δόγμα
1640 2644 1776 2718 (92),

194 2733 353 2802 δῆλον
384 2733 471 2786 ὅτι
507 2732 883 2802 κατέγνωσται
910 2735 938 2789 ό
971 2735 1070 2806 τῆς
1119 2735 1446 2809 Ἐκκλησίας
1495 2736 1673 2809 λόγος.
1703 2738 1782 2805 ὡς

197 2825 293 2896 τῆς
319 2823 584 2897 ἀληθείας
609 2825 739 2898 παρ’
766 2825 952 2891 αὐτοῖς
986 2825 1175 2899 οὔσης.
1215 2828 1319 2883 Δύο
1359 2828 1470 2901 γὰρ
1503 2829 1781 2897 ἐναντίους

198 2917 390 2986 λόγους
441 2918 574 2988 περὶ
615 2916 712 2971 τοῦ
755 2917 922 2972 αὑτοῦ
976 2918 1300 2991 πράγματος
1348 2919 1571 2993 ἀληθεῖς
1616 2915 1779 2988 εἶναι,

201 3009 362 3080 φύσις
388 3009 491 3064 οὐκ
523 3008 656 3081 ἔχει.
683 3009 809 3074 Πῶς
829 3004 922 3064 οὖν
951 3009 1211 3081 ὑπέμεινέ
1245 3028 1339 3065 σου
1367 3011 1402 3082 ἡ
1434 3010 1782 3085 μεγαλοφυὴς

201 3103 292 3157 καὶ
331 3102 516 3174 ὑψηλὴ
555 3101 785 3171 διάνοια,
836 3103 910 3175 μὴ
941 3103 1250 3177 χρήσασθαι
1286 3107 1352 3176 τῇ
1389 3105 1610 3177 συνήθει
1643 3107 1784 3178 παῤ-

201 3194 363 3268 ρησίᾳ
391 3197 473 3260 είς
500 3195 784 3267 διόρθωσιν
808 3195 902 3251 τοῦ
928 3194 1182 3251 τοσούτου
1207 3195 1408 3265 κακοῦ;
1452 3197 1590 3252 Ἀλλ’
1612 3199 1660 3252 εί
1688 3199 1784 3253 καὶ

208 3289 280 3360 μὴ
326 3288 598 3360 πρότερον
642 3288 802 3342 τοῦτο
841 3288 1054 3358 γέγονε,
1083 3286 1179 3342 νῦν
1213 3287 1343 3359 γοῦν
1375 3289 1718 3362 διαναστήτω
1747 3291 1780 3363 ή

201 3353 480 3448 ἀμίμητός
497 3353 610 3448 (ἳὸ)
644 3393 738 3431 σου
761 3353 1038 3450 ἐπ”ἀρετῇ
1063 3353 1360 3452 τελειότης,
1393 3379 1488 3436 καὶ
1516 3353 1780 3447 διδαξάτω
1808 3353 1851 3411 c

199 3471 292 3523 τὸν
331 3470 726 3524 εὐσεϐέστατον
773 3470 1018 3542 βασιλέα,
1068 3472 1151 3526 ὅτι
1193 3471 1347 3526 οὐδὲν
1393 3473 1584 3547 κέρδος
1627 3475 1780 3529 ἔσται

201 3561 301 3630 τῆς
330 3560 529 3631 λοιπῆς
566 3558 731 3614 αὐτοῦ
775 3561 903 3634 περὶ
934 3561 1036 3626 τὰς
1074 3560 1402 3633 Ἐκκλησίας
1440 3563 1698 3635 σπουδῆς,
1729 3566 1780 3619 εί

199 3652 260 3706 τὸ
297 3651 516 3706 τοιοῦτο
562 3651 734 3707 κακὸν
781 3652 874 3707 ἐπὶ
920 3653 1241 3725 καθαιρέσει
1284 3653 1386 3726 τῆς
1431 3653 1780 3727 ὑγιαινούσης

203 3745 464 3814 πίστεως,
496 3743 586 3800 διὰ
609 3743 712 3816 τῆς
736 3745 1050 3818 παρρησίας
1082 3746 1261 3802 αὐτῶν
1293 3745 1612 3820 κατισχύσει
1645 3748 1778 3820 (24).

545 3993 659 4046 ΣΡ.
701 3989 1262 4063 ΟΥΑΛΕΝΤΙΝΙΑΝῼ
1299 3991 1434 4064 (εδ).

1879 2091 2030 2156 licet,
2079 2091 2215 2146 illud
2261 2091 2426 2146 velim
2479 2090 2683 2162 cogitet
2729 2100 2893 2160 atque
2939 2088 3214 2161 expendat
3267 2097 3360 2143 tua
3401 2089 3455 2144 in

1877 2183 2103 2239 Christo
2142 2182 2376 2239 illustris
2425 2180 2741 2252 prudentia,
2781 2179 2929 2251 quod
2975 2180 3138 2235 nobis
3169 2195 3279 2235 non
3313 2180 3456 2235 idem

1879 2274 2254 2333 sentientibus
2297 2288 2364 2328 ac
2411 2272 2512 2342 illi,
2556 2283 2735 2328 cretus
2777 2269 3018 2327 habendi
3065 2279 3311 2342 potestas
3347 2270 3457 2327 illis

1882 2369 2052 2433 facta,
2087 2367 2229 2423 nihil
2279 2365 2430 2422 aliud
2461 2366 2556 2433 sit,
2587 2375 2752 2437 quam
2787 2379 2980 2421 eorum
3014 2363 3323 2418 doctrinam
3357 2379 3456 2419 no-

1881 2467 2001 2517 stra
2046 2457 2315 2515 veriorem
2358 2455 2690 2514 existimari.
2743 2453 2879 2510 Nam
2919 2456 2965 2512 si
3010 2454 3140 2522 illis,
3187 2461 3330 2510 utet
3374 2455 3460 2525 pie

1882 2551 2274 2617 sentientibus,
2307 2565 2398 2615 ea,
2452 2565 2574 2621 qua:
2617 2547 2889 2615 sentiunt,
2938 2547 3140 2604 docere
3183 2548 3461 2618 libereque

1881 2645 2236 2719 promulgare
2284 2645 2646 2717 permittitur,
2691 2643 2817 2714 quis
2862 2658 2973 2698 non
3013 2641 3158 2697 videt
3203 2639 3462 2696 Ecclesia:

1881 2739 2187 2795 doctrinam
2243 2736 2639 2804 condemnari,
2699 2736 2924 2807 perin‘de
2967 2749 3032 2790 ac
3089 2735 3322 2791 veritate
3392 2734 3463 2790 ab

1884 2832 2104 2888 illorum
2157 2831 2408 2904 partibus
2469 2828 2678 2886 stante?
2724 2827 2912 2900 Neque
2963 2827 3110 2884 enim
3147 2842 3331 2883 rerum
3366 2843 3464 2882 na-

1882 2933 2008 2981 tura
2057 2923 2195 2990 l'ert,
2225 2922 2364 2980 duas
2401 2921 2470 2978 de
2499 2922 2691 2979 eadem
2722 2936 2782 2978 re
2829 2922 3142 2978 contrarias
3179 2920 3461 2977 doctrinas

1883 3033 2046 3074 veras
2082 3031 2235 3074 esse.
2277 3015 2565 3084 Quomodo
2611 3014 2776 3086 igitur
2803 3013 3056 3070 excelsus
3098 3020 3154 3070 et
3192 3021 3463 3084 praestans

1884 3105 2106 3162 animus
2151 3115 2282 3162 tuus
2341 3104 2410 3161 ad
2463 3103 2603 3160 tanti
2664 3104 2791 3159 mali
2843 3103 3242 3160 correctionem
3304 3103 3466 3176 169

1885 3206 2156 3256 consueta
2213 3198 2467 3256 libertate
2541 3213 2654 3254 non
2726 3197 2805 3252 uti
2884 3197 3194 3254 sustinuit?
3263 3195 3462 3252 Verum

1883 3290 2105 3348 etiamsi
2154 3290 2397 3347 nondum
2449 3291 2656 3347 factum
2707 3295 2811 3356 est,
2863 3305 3011 3344 nunc
3044 3289 3241 3345 saltem
3280 3289 3465 3344 inimi-

1887 3382 2076 3438 tabilis
2121 3390 2216 3440 tua
2271 3383 2625 3454 numerisque
2672 3381 2932 3438 omnibus
2981 3381 3234 3436 absoluta
3288 3381 3463 3436 virtus

1889 3471 2162 3527 excitetur
2202 3486 2267 3527 ac
2323 3471 2734 3542 pientissimum
2793 3471 3179 3542 imperatorem
3227 3470 3462 3538 doceat,

1887 3564 2028 3620 nihil
2068 3579 2134 3619 ex
2168 3564 2386 3635 reliquo
2417 3563 2595 3635 ipsius
2630 3579 2759 3634 erga
2796 3563 3076 3621 Ecclesias
3111 3564 3295 3621 studia
3321 3565 3466 3619 redi-

1889 3667 2075 3713 turum
2111 3672 2237 3715 esse
2289 3657 2579 3722 utilitatis,
2607 3659 2659 3714 si
2696 3657 2804 3714 tale
2835 3657 3039 3712 malum
3067 3657 3133 3714 ad
3166 3659 3287 3714 ﬁdei
3319 3675 3467 3715 sana:

1889 3748 2234 3805 eversionem
2277 3764 2386 3821 per
2451 3763 2640 3805 eorum
2697 3748 3005 3806 libertatem
3077 3749 3466 3824 licentiamque

1889 3840 2203 3911 prmvaleat.

2311 3995 2485 4052 CCIII.
2523 3985 3036 4055 VALENTINIANO
3056 4019 3074 4041 ο

274 4123 512 4180 Ceteras
570 4124 806 4200 Gregorii
844 4125 1095 4200 epistolas
1119 4140 1236 4195 qua:
1257 4137 1580 4200 supersunt,
1607 4129 1857 4183 extremis
1900 4130 2015 4198 ejus
2042 4131 2160 4200 uiue
2201 4130 2520 4199 temporibus
2567 4131 2794 4197 scriptas
2831 4131 2996 4199 fuisse
3039 4131 3158 4186 licet
3181 4131 3464 4200 afﬁrmare.

203 4193 339 4250 Cum
385 4205 560 4271 autem
604 4193 714 4250 illa:
753 4193 901 4271 omni
928 4193 1152 4271 prorsus
1183 4193 1490 4271 temporum
1529 4199 1836 4271 characlere
1859 4193 1987 4271 “sint
2018 4193 2315 4271 destituta,
2333 4200 2386 4253 in
2422 4208 2573 4254 tanta
2603 4193 2780 4254 rerum
2811 4193 3154 4268 obscuritate,
3192 4193 3307 4255 cum
3337 4203 3468 4271 ipsis

204 4282 408 4340 annum
436 4267 708 4340 assignare
739 4266 988 4340 possibile
1017 4283 1118 4321 non
1147 4266 1238 4329 sit,
1273 4266 1358 4322 sat
1395 4270 1495 4340 erit
1518 4267 1655 4322 hunc
1680 4269 1819 4340 inter
1852 4269 1977 4324 illas
2001 4269 2240 4324 ordinent
2272 4285 2499 4333 servare,
2537 4281 2591 4324 ut
2624 4286 2742 4340 qua:
2770 4272 2918 4338 prius
2950 4271 3094 4326 data:
3132 4266 3466 4330 uidebuntur.

203 4337 370 4403 priori
420 4351 619 4458 quozue
655 4336 768 4390 loco
807 4337 1166 4399 collocentur;
1203 4352 1322 4406 qua:
1367 4337 1556 4405 eidem,
1595 4339 1836 4397 eodenwe
1867 4340 1931 4395 de
1960 4348 2268 4412 argumento
2298 4342 2530 4411 scriptae,
2566 4336 2729 4410 juala
2756 4336 2809 4395 se
2839 4342 3054 4397 invicem
3092 4353 3379 4412 ponantur,
3414 4354 3470 4396 ut

203 4415 449 4458 mutuam
475 4423 523 4458 ss
561 4423 576 4458 ι
603 4406 770 4458 lucem
796 4415 846 4458 et
877 4407 1176 4458 claritatem
1202 4407 1494 4458 praebeant.

203 4415 449 4460 mutuam
475 4406 577 4461 sibi
603 4406 770 4461 lucem
796 4415 846 4462 et
877 4407 1176 4462 claritatem
1199 4407 1494 4476 pra’beant.

271 4592 300 4624 ¹
331 4591 352 4647 ι
381 4587 512 4646 Cor.
540 4605 629 4660 xv,
659 4587 749 4648 ιτ.

277 4745 397 4870 819)
452 4745 834 4814 Ἀνθρωπείου
869 4744 1309 4816 συγκράματος.
1337 4743 1473 4818 Reg.
1510 4755 1565 4802 et
1602 4743 1695 4803 0r.
1727 4746 1756 4800 Ξ

205 4820 276 4874 ἀν
315 4816 554 4874 ρωπίνου
590 4815 978 4874 συγκρίματος.

1960 4748 2073 4819 (9.5)
2112 4749 2174 4804 Ἠ
2205 4750 2519 4819 ἁμῖμητος.
2563 4749 2638 4804 Ita
2669 4750 2844 4805 Coisl.
2874 4750 2925 4811 I,
2955 4748 3068 4818 Reg

1928 4819 2140 4874 ombel‘.
2177 4819 2352 4874 Onam
2394 4820 2682 4874 lectionem
2718 4826 2941 4874 secutus
2972 4826 3056 4874 est

245 4838 276 4871 ν

399 4816 554 4894 πύξου
590 4815 978 4894 συγκρίματος

303 4835 554 4939 romano
590 4835 978 4894 σύγκριμα-τος.

339 4885 396 4954 υ)
444 4885 666 4954 Κριτὴν
693 4903 811 4956 tam
834 4885 1096 4956 πάντων.
1129 4884 1207 4940 Ita
1246 4885 1382 4956 Reg.
1409 4895 1485 4956 ,οι
1517 4885 1610 4944 0r.
1638 4887 1693 4945 2.
1726 4886 1785 4942 In

204 4953 344 5030 edit.
380 4953 513 5030 τῶν
549 4957 720 5030 deest_.
777 4954 962 5030 Refert
997 4953 1240 5030 plantae.
1272 4953 1361 5030 ei
1408 4953 1543 5030 Reg.
1594 4957 1788 5030 κριτὴν

207 5028 452 5099 πᾲντων,
481 5025 656 5099 Δὄντων
689 5025 952 5097 ἀρχηγόν.
982 5025 1053 5099 At
1083 5027 1138 5078 in
1152 5025 1438 5099 _Medic_eo,
1471 5025 1651 5099 inquit
1681 5025 1790 5099 Mf}-

209 5098 339 5159 rel.,
376 5095 588 5177 legitur
631 5095 842 5177 tantum
887 5095 1082 5177 κριτῂν
1109 5095 1218 5177 τῶν
1251 5096 1528 5177 ἁπάντων.
1550 5095 1786 5177 'ln_cod.

211 5163 658 5239 \‘crj9_I"‘I'_ancisci_
684 5166 726 5227 I,
755 5163 949 5239 κριτὴν
980 5163 1086 5239 τῶν
1113 5165 1304 5239 ὄντων,
1333 5167 1425 5239 τὸν
1449 5167 1711 5239 ἀρχηγόν.

283 5235 399 5306 (il)
434 5235 562 5288 ὀτι
589 5234 674 5304 μὴ
706 5232 1347 5306 συμϐαινόντωνήμῶν
1364 5233 1454 5302 οῖς
1475 5232 1788 5306 ῲρόύοῦσι.

212 5305 412 5360 Billius
458 5323 472 5360 :
509 5305 646 5372 quod
699 5322 819 5358 cum
859 5305 1008 5376 nobis
1056 5321 1174 5376 cum
1231 5322 1413 5360 eorum
1454 5305 1789 5376 dogmatibus

208 5393 320 5430 non
349 5377 645 5435 conueniat,
673 5385 836 5430 cretus
870 5375 1095 5429 habendi
1123 5385 1430 5442 potestatem
1457 5375 1566 5431 illis
1592 5377 1792 5431 factum

210 5463 350 5508 esse,
388 5446 520 5498 nihil
559 5445 706 5498 aliud
747 5454 824 5499 est
855 5461 1015 5514 quant
1055 5459 1234 5499 eorum
1268 5446 1564 5501 doctrinam
1609 5457 1792 5503 nostra

213 5517 469 5571 acriorem
509 5517 837 5569 existimare.

290 5585 404 5654 (Ξέ)
439 5584 874 5654 Emme-storm;
897 5582 1105 5653 δόγμα.
1140 5583 1197 5637 in
1224 5585 1468 5642 oratione
1491 5586 1526 5641 2
1557 5587 1785 5642 verbum

428 5655 605 5734 deest,
639 5670 740 5710 nec
769 5653 971 5734 legitur
1003 5654 1165 5708 etiam
1198 5655 1253 5734 in
1291 5657 1469 5712 tribus
1501 5657 1787 5734 codicibus

216 5671 396 5781 ιιογὶζὲ⁵
430 5671 605 5717 σερει,
639 5671 740 5710 nec
770 5671 971 5734 legitur
1003 5671 1165 5708 etiam
1201 5671 1253 5708 in
1291 5671 1469 5712 mnus
1501 5671 1712 5711 comem

216 5725 316 5782 Col
393 5725 574 5792 rtinis,
601 5739 795 5796 nempe
829 5738 883 5778 In
926 5738 996 5779 ns
1033 5737 1154 5793 qua:
1187 5725 1473 5795 signantur
1501 5727 1553 5792 3,
1579 5727 1634 5790 6,
1660 5728 1712 5782 9.

1960 4748 2073 4819 (9.5)
2112 4749 2174 4804 Ἠ
2205 4750 2519 4819 ἀμῖμητος.
2563 4749 2638 4804 Ita
2669 4750 2844 4805 Coisl.
2874 4750 2925 4811 l,
2955 4748 3113 4818 Reg,
3147 4748 3379 4803 Monlac.
3419 4761 3473 4804 et

1888 4819 2140 4875 Combel‘.
2177 4819 2352 4886 Quam
2394 4820 2682 4875 lectionem
2718 4826 2941 4876 secutus
2972 4826 3056 4874 est
3096 4818 3217 4873 Bill.
3249 4819 3306 4872 In
3337 4819 3468 4874 edit.

1889 4888 2216 4960 ἀμώμητος,
2247 4889 2545 4957 inculpata.

1964 4954 2503 5030 (mammam.
2538 4957 2758 5030 Addunt
2789 4956 2958 5012 Coisl.
2981 4954 3228 5030 ‘I,‘Reg.,
3257 4971 3468 5030 necnon

1895 5026 2132 5086 Montac.
2163 5036 2219 5084 et
2242 5028 2430 5083 Morel.
2469 5027 2781 5149 ἐρρωμένον
2813 5043 2873 5079 σε
2906 5026 3002 5080 καὶ
3033 5026 3468 5149 ύπεὲευχόμενον

1895 5099 2051 5149 ἡυῶν
2086 5101 2115 5149 ὁ
2154 5097 2388 5149 Χριστὸς
2429 5115 2538 5149 γαο
2565 5114 2719 5149 σαιτο
2755 5099 2874 5149 ταῖς
2915 5095 3080 5149 αὐτοῦ
3124 5097 3136 5116 ’
3185 5097 3468 5149 κκλησίαιε

1891 5099 2051 5170 ἡμῶν
2086 5101 2115 5152 ὁ
2136 5097 2388 5170 ,Χριστὸς
2418 5095 2874 5170 (χαρίσαιτο-ταξς
2915 5095 3101 5170 αῦτοῦΔ
3124 5095 3470 5170 Ἐκ-κλησίαις

1893 5166 1983 5222 τόν
2013 5169 2190 5224 κοινὸν
2207 5166 2534 5239 ’προστάτην
2563 5166 3056 5239 τῷνῈκκλῃσιῶν,
3083 5166 3402 5239 incolumem
3422 5176 3471 5220 te

1895 5256 1958 5292 ac
1977 5255 2072 5310 pro
2102 5235 2531 5310 nobis'orantem
2556 5237 2801 5310 Christus
2834 5235 3087 5310 Ecclesiis
3119 5236 3470 5310 suis__lar_gia-

1896 5304 1988 5362 tur
2027 5325 2356 5363 communem
2405 5307 2766 5362 Ecclesiarum
2813 5305 3160 5374 defensorem.
3223 5304 3466 5360 Similem

1893 5381 2198 5435 clausulam
2245 5378 2525 5433 nonnullis
2565 5376 2864 5446 Gregorius
2909 5377 3165 5446 apposuit
3195 5376 3466 5446 epistolis,

1895 5465 1997 5505 nec
2049 5465 2172 5520 rara
2221 5447 2487 5520 estpapnd
2519 5445 2744 5520 sanctos
2776 5445 3018 5520 ‘Patrc’si;
3065 5445 3464 5520 hanc'talnen‘,

1894 5521 2070 5590 inquit
2091 5518 2320 5590 Combel'
2345 5558 2360 5583 ,
2380 5513 2495 5573 ndn
2518 5518 2677 5572 habet
2695 5515 2847 5570 Colb.
2867 5517 3158 5581 maximus,
3181 5531 3282 5574 nec
3307 5514 3469 5571 codd.

1892 5587 2151 5653 exhibent
2183 5587 2457 5644 meliores.
3321 5612 3324 5614 η

1967 5661 2079 5732 (25)
2111 5659 2256 5715 Alias
2291 5656 2520 5716 CXCVI.
2556 5656 2770 5726 Scripta
2801 5654 2993 5710 eodem
3028 5669 3196 5714 anno.
