1911 3103
180 148 233 176 350

780 141 810 170 S.
829 140 994 169 GREGOlill
1019 138 1193 169 TllEOLOGl

1761 142 1814 169 36C,

181 202 311 232 canitiem
338 207 366 231 et
391 202 510 234 labores,
537 204 595 227 tum
622 206 692 235 quos
719 199 762 234 pie
790 198 973 234 religioseque

1033 198 1070 231 ιῦς
1095 200 1165 225 κατὰ
1190 197 1258 225 Θεὸν
1281 197 1403 233 ὑπέστη,
1426 197 1616 233 πρεσϐυτέραν
1633 197 1682 232 τῆς
1705 196 1815 232 ἡλικίας

182 249 344 281 exantlavit,
371 249 503 283 majorem
528 254 609 282 quam
628 253 677 281 pro
689 245 777 273 mtatis
789 245 897 273 ratione
914 245 972 280 pie-

182 299 266 323 tatem
285 294 428 326 exhibens,
454 298 512 321 tum
540 300 610 328 quos
624 291 759 327 impendit
779 291 886 319 alendis
908 298 975 326 pau-

184 341 315 377 peribus,
340 339 512 374 fratrumque
539 338 666 374 regendis
686 338 821 373 collegiis.
850 336 928 370 Quod
950 336 974 364 si

183 394 298 422 parvum
325 385 377 412 hoc
399 385 448 412 tibi
464 385 584 416 videtur,
607 392 658 412 nos
679 384 777 411 saltem
801 386 829 411 ct
851 387 974 410 nostram

182 432 401 459 obsecrationem
420 438 533 466 prorsus
558 437 592 457 ne
613 429 751 465 despicias
770 432 818 456 :et
841 433 905 456 ante
920 428 974 454 alia

182 478 287 509 omnia,
303 477 410 505 dimitte
423 477 463 504 illi
479 477 548 504 iram
571 476 712 511 animique
724 475 847 510 dolorem
861 483 867 501 :
880 481 975 509 quaeso

182 529 221 556 te,
240 529 268 551 ut
285 527 415 558 tanquam
435 528 512 558 pater
529 522 578 550 tibi
594 522 677 549 ﬁliuni
692 521 844 556 conjungas
860 530 867 548 :
882 521 906 548 si
921 527 974 556 qua

182 570 210 596 in
226 577 256 596 re
276 576 396 596 maerore
412 573 438 596 te
458 568 593 600 alfeccrit,
606 567 680 603 quod
697 575 752 594 non
771 567 902 599 arbitror,
923 565 975 593 hoc

184 615 264 643 nobis
288 614 461 646 condonans,
485 619 513 642 et
538 614 605 642 nihil
624 613 768 649 indignum
791 613 850 645 illo,
877 619 909 640 ac
927 616 974 639 tua

183 661 308 693 lenitate,
325 662 367 688 vel
381 661 488 694 dicens,
512 661 555 688 vel
571 660 696 688 scribens
712 659 745 687 de
761 659 840 694 ipso;
867 658 891 686 si
908 657 974 694 quid

183 711 275 734 autem
287 706 343 742 jam
356 707 490 741 scriptum
502 706 549 738 sit,
568 705 722 733 remittens.
739 704 835 740 Neque
849 703 973 731 dolorem

183 752 318 788 publices,
336 759 417 787 quem
432 753 572 778 occultare
586 751 687 778 melius
700 753 754 782 est,
773 756 856 784 quam
876 751 973 776 notum

184 798 274 825 facere
296 797 437 830 externis;
460 800 489 824 ut
505 804 567 823 cum
591 796 655 828 alia,
671 799 729 823 tum
751 795 834 823 etiam
848 801 927 830 aequo
948 798 975 822 et

184 842 299 878 patienti
319 842 412 868 animo
428 841 517 876 ipsum
531 847 593 868 esse
609 840 712 868 doceas
726 839 864 875 exemplo.

455 917 560 946 CCXX.
582 916 700 945 EIDEM.

218 995 339 1030 Benigna
354 995 437 1023 verbis

1025 244 1075 280 τὴν
1091 243 1233 271 εὐλάϐειαν
1246 243 1483 279 ἐπιδεικνύμενος⁹
1500 244 1546 271 καὶ
1561 244 1624 275 τοὺς
1638 244 1694 279 (⁵18)
1716 244 1764 270 ἐπὶ
1780 244 1815 279 τῇ

1025 290 1216 326 πτωχοτροφίᾳ
1241 290 1289 317 καὶ
1316 290 1468 326 προστασίᾳ
1492 290 1547 318 τῶν
1572 290 1704 324 ἀδελφῶν.
1731 291 1764 316 El
1785 290 1817 316 δὲ

1024 336 1103 363 τοῦτο
1123 335 1222 372 μικρόν
1235 343 1278 361 σοι
1294 334 1378 367 δοκεῖ,
1401 335 1459 361 ἀλλ’
1474 336 1547 370 ἡμᾶς
1565 344 1596 370 γε
1612 335 1661 362 καὶ
1674 335 1723 370 τὴν
1744 335 1816 370 ἡμε-

1024 382 1106 418 τέραν
1126 381 1273 418 πρεσὸείαν
1301 381 1411 413 πάντως
1440 381 1478 417 μὴ
1505 381 1659 417 ἀτιμάσῃς·
1694 382 1742 408 καὶ
1761 389 1818 416 προ

1025 429 1134 455 πάντων
1157 428 1211 455 τῶν
1228 427 1315 462 ᾇλλων
1333 427 1388 463 (79)
1402 446 1409 459 ,
1430 426 1493 459 ἄνες
1509 427 1585 462 αὺτῷ
1600 427 1650 462 τὴν
1665 427 1750 463 ὀργὴν
1767 437 1817 457 am

1025 474 1072 510 τὴν
1089 473 1191 508 λύτπιν,
1209 473 1254 499 ναὶ
1277 473 1447 509 παρακαλῶ,
1471 473 1519 500 καὶ
1540 472 1578 504 ὡς
1602 473 1694 508 πατὴρ
1719 474 1816 501 τέκνον

1024 519 1179 546 οίκείωσαι’
1198 518 1224 545 ετ
1233 528 1259 546 τι
1284 519 1332 546 καὶ
1355 518 1521 554 λελύπηκεν,
1544 518 1612 554 ὅπερ
1639 519 1689 545 οὐκ
1710 518 1815 554 οἴομαι,

1024 565 1103 592 τοῦτο
1125 566 1192 601 ἡμῖν
1225 566 1424 601 συγχωρήσας,
1453 565 1500 591 καὶ
1528 564 1611 600 μηδὲν
1638 565 1748 598 ἀνάξιον
1765 566 1818 600 μιν

1025 611 1126 643 αὐτοῦ,
1144 610 1253 643 ἀνάξιον
1269 611 1297 638 δὲ
1314 612 1364 647 τῆς
1383 611 1433 646 σῆς
1454 611 1623 646 ἡμερότητος
1645 611 1661 646 ἢ
1676 611 1762 638 εἰπὼν
1773 632 1781 644 ,
1799 612 1815 648 ἢ

1024 657 1133 693 γράψας
1152 657 1217 694 περὶ
1230 656 1327 685 αὐτοῦ·
1343 658 1366 684 εἰ
1379 657 1407 684 δέ
1421 666 1448 684 τι
1461 657 1508 684 καὶ
1519 656 1673 693 γέγραπται
1686 678 1693 691 ,
1718 657 1815 690 λύσας.

1024 702 1100 738 Μηδὲ
1128 702 1178 738 τὴν
1205 702 1293 738 λύπην
1319 701 1518 738 δημοσιεύσῃς.
1545 701 1578 737 ὴν
1607 701 1739 738 κρύπτειν
1760 702 1818 737 βε).-

1024 756 1081 775 τιον
1101 748 1157 784 (80)
1178 748 1195 784 ἢ
1221 747 1365 784 γνωρίζειν
1381 748 1438 779 τοῖς
1466 747 1579 780 ἔξωθεν·
1607 748 1645 779 ὡς
1669 747 1703 774 ἂν
1726 747 1763 774 τά
1786 756 1818 775 τε

1025 791 1091 818 ἄλλα
1113 792 1160 819 καὶ
1183 792 1264 819 αὑτὸν
1289 791 1475 829 μακροθυμεῖν
1494 791 1602 828 διδάξῃς
1631 792 1670 828 τῷ
1707 792 1818 819 ὑποδεε-

1024 845 1120 873 γματι.

1262 916 1324 944 τις.
1346 915 1389 951 ro
1408 914 1499 951 ΑΥΤῼ
1511 915 1578 951 (81).

467 995 552 1034 itidem
566 995 704 1034 suauisque
719 993 837 1034 l]e_lladii
848 993 991 1034 responsio.
1001 993 1052 1027 fuit
1067 992 1203 1034 Gregorio,
1215 1002 1243 1034 re
1257 998 1346 1034 autem
1367 994 1573 1034 molestissima,
1586 995 1679 1034 quippe
1693 1003 1751 1034 qua;
1760 1004 1817 1034 Διια-

221 1004 339 1030 uelllgna
354 1004 437 1023 υρνοιδ
467 1004 552 1022 niuem
566 1004 704 1029 suat‘isque
719 1004 836 1020 "enauit
848 1004 985 1028 ταδροιιιςιο
1001 1004 1052 1027 ιιιιι
1067 1004 1203 1028 υτιθιπιο,
1215 1004 1242 1020 τε
1257 1004 1346 1021 autem
1367 1004 1573 1025 lnotestlssttna,
1587 1004 1679 1029 quippe
1693 1004 1751 1029 quin
1770 1004 1817 1022 τα·

184 1031 226 1058 ria
238 1036 262 1058 et
275 1031 432 1066 gravissima
447 1004 587 1058 gacerdoti
602 1030 704 1066 obiecta
720 1029 938 1066 fuissercrimina,
952 1029 991 1056 υιιί
1005 1033 1075 1066 certe
1094 1028 1196 1066 invidos
1209 1029 1525 1066 admodumimposuisse
1540 1029 1665 1066 Ilelladio
1680 1030 1819 1065 signi/ica-

184 1067 238 1093 bal.

255 1063 357 1099 Quibus
371 1075 401 1094 eo
416 1067 503 1092 minus
519 1066 596 1099 ﬁdem
611 1064 753 1099 Gregorius
769 1064 939 1098 adjungebat,
955 1063 1025 1099 quod
1041 1063 1181 1100 Sacerdos,
1197 1065 1242 1098 qui
1257 1070 1313 1100 tum
1329 1064 1432 1095 aderat,
1452 1065 1486 1091 ad
1501 1065 1691 1098 defendendum
1704 1063 1734 1092 se
1751 1063 1819 1100 rpre-

184 1101 349 1136 bandumque
359 1102 448 1128 omnia
460 1109 516 1127 esse
526 1100 598 1134 falsa
611 1105 635 1127 et
649 1100 897 1136 cpitﬁctaparatum
914 1107 941 1126 se
950 1108 1006 1127 esse
1018 1099 1226 1136 contestabatur.
1246 1099 1378 1136 Quocirca
1395 1100 1481 1133 ipsum
1503 1108 1563 1127 cum
1582 1100 1631 1127 hac
1651 1099 1765 1134 epistola
1783 1101 1818 1127 ad

186 1134 339 1164 Ilelladium
363 1137 446 1170 misit,
471 1141 500 1162 ut
515 1143 562 1170 per
582 1143 620 1168 se,
645 1135 668 1161 si
687 1134 750 1170 quid
766 1134 842 1161 illum
866 1136 1060 1167 contristasset,
1077 1139 1183 1161 sanaret
1208 1135 1271 1169 ipse,
1296 1135 1465 1171 eumdemth
1484 1136 1573 1162 omnia
1594 1143 1626 1163 ea:
1646 1137 1685 1163 rei
1709 1136 1819 1163 veritate

183 1171 299 1199 doceret.

221 1246 287 1280 Qua:
300 1245 334 1273 ad
358 1252 400 1273 me
425 1243 574 1279 scripsisti,
591 1242 690 1278 partim
713 1242 861 1270 admodum
883 1243 980 1271 suavia

184 1298 212 1321 et
231 1292 362 1327 benigna,
384 1290 484 1326 partim
498 1289 634 1324 ejusmodi
652 1292 728 1322 sunt,
750 1293 778 1315 ut
798 1289 861 1324 quid
879 1289 913 1317 de
935 1289 979 1317 bis

184 1339 287 1370 dicam,
304 1345 358 1365 non
375 1336 501 1368 habeam,
518 1335 572 1364 nisi
588 1335 662 1370 quod
677 1335 756 1363 nobis
774 1336 889 1363 molesta
904 1335 977 1363 sint:

183 1384 285 1419 etjure
308 1383 418 1415 merito,
434 1387 464 1410 ut
489 1382 556 1409 milii
574 1381 737 1417 persuadeo.
755 1381 822 1409 Nam
844 1383 902 1410 sive
915 1382 979 1417 jure

184 1435 332 1459 accusetur
344 1429 424 1465 183
440 1428 524 1456 frater
539 1432 642 1459 noster.
658 1431 686 1454 et
702 1428 909 1463 compresbyter
924 1427 976 1455 Sa-

183 1477 294 1508 cerdos,
312 1476 385 1512 quod
405 1475 514 1511 quidem
538 1482 594 1502 non
608 1474 739 1506 arbitror,
756 1475 902 1503 molestum
922 1479 974 1503 est.

1062 1242 1112 1272 Ὧν
1133 1245 1293 1279 ἐπέστειλας
1306 1246 1341 1274 τὰ
1358 1246 1409 1282 μὲν
1425 1247 1487 1275 λίαν
1500 1247 1592 1284 ἥμερα
1603 1247 1651 1275 καὶ
1664 1248 1819 1283 φιλάνθρω-

1027 1299 1081 1323 πα,
1095 1290 1129 1317 τὰ
1144 1291 1173 1317 δὲ
1189 1292 1239 1318 οὐκ
1256 1291 1311 1327 ἔχω
1323 1292 1379 1328 (82)
1397 1293 1424 1319 τι
1440 1293 1530 1328 λέγειν
1541 1314 1548 1325 ,
1565 1293 1634 1328 πλὴν
1651 1294 1718 1329 ἡμῖν
1732 1293 1819 1328 λυπη-

1028 1336 1077 1372 ρά·
1090 1337 1137 1363 καὶ
1157 1337 1230 1373 μάλα
1241 1338 1354 1370 εἰκότως
1365 1358 1372 1371 ,
1386 1338 1424 1370 ὡς
1440 1339 1558 1374 ἐμαυτὸν
1573 1340 1668 1367 πείθω,
1687 1340 1751 1366 Εἴτε
1765 1339 1819 1376 γὰρ
1873 1348 1876 1352 ⁵

1026 1381 1138 1415 δικαίως
1152 1383 1308 1418 ἐγκαλεῖται
1328 1385 1342 1411 ό
1358 1384 1472 1419 ἀδελφὸς
1483 1385 1562 1420 ἡμῶν
1575 1385 1622 1412 καὶ
1631 1383 1818 1420 ’συμπρεσδύ-

1028 1437 1108 1464 τερος
1124 1429 1267 1464 Σακερδὼς
1289 1430 1365 1465 (85),
1385 1430 1454 1465 ὅπερ
1477 1431 1526 1457 οὐκ
1549 1430 1659 1467 οἴομαι,
1684 1430 1818 1466 λυπηρόν.

1032 1474 1095 1505 Πῶς
1108 1475 1164 1511 γὰρ
1184 1474 1231 1509 oft;
1247 1475 1380 1512 τοσαύτην
1397 1476 1541 1504 εὐλάϐειαν
1555 1477 1602 1504 καὶ
1613 1476 1758 1508 τοσούτους
1775 1477 1820 1503 πό-

184 1521 238 1555 Qui
252 1521 328 1549 enim
344 1520 373 1547 id
392 1527 447 1547 non
463 1519 555 1547 esset?
575 1522 681 1546 tantam
704 1519 876 1555 religionem.
894 1524 921 1548 et
937 1524 975 1547 tot

1033 1530 1091 1554 νους
1116 1521 1202 1554 οὕτως
1231 1523 1261 1550 ὲν
1286 1522 1383 1558 βραχεῖ
1402 1523 1598 1559 καταλυθῆναις
1623 1523 1686 1550 Εἴτε
1707 1523 1819 1559 διαὸολὴ

185 1575 218 1595 ac
240 1571 330 1594 tantos
348 1566 467 1598 labores,
494 1567 550 1591 tam
577 1571 662 1600 parvo
683 1564 818 1600 temporis
837 1570 977 1594 momento

185 1612 317 1648 periisse?
334 1611 398 1639 Sive
412 1610 550 1638 calumnia
566 1610 624 1637 haec
642 1609 726 1638 fuerit
742 1610 777 1638 ab
790 1610 976 1639 invidentibus

185 1659 237 1694 ipsi
251 1661 427 1693 comparata;
445 1661 472 1685 et
485 1657 538 1684 hoc
556 1656 696 1688 acerbum,
712 1656 813 1687 virum.
831 1656 911 1692 cujus
925 1656 976 1685 tibi

184 1705 334 1740 conjuncta
357 1704 419 1731 vita:
442 1702 512 1731 ratio
538 1707 565 1730 et
589 1702 748 1737 disciplina,
766 1702 851 1735 hunc,
877 1703 977 1738 quibus

186 1751 324 1786 appetltur
339 1749 461 1785 injuriis,
484 1748 645 1777 abalienari.
664 1747 745 1781 Quod
764 1747 847 1783 igitur
861 1748 889 1776 in
905 1756 976 1784 pra:-

185 1796 257 1824 senti
278 1803 370 1823 rerum
400 1799 475 1824 statu
497 1795 631 1830 optimum
657 1799 684 1821 et
710 1794 889 1822 utilissimum
913 1795 977 1822 novi

186 1842 345 1873 consilium,
361 1843 413 1869 hoc
426 1841 520 1876 accipe
537 1851 543 1869 :
561 1841 652 1876 ipsum
669 1840 703 1868 ad
724 1843 750 1868 te
772 1840 834 1868 misi
852 1840 975 1873 fratrem,

187 1888 228 1914 vel
243 1887 334 1922 potius
351 1886 505 1921 profectum
525 1886 638 1917 deduxi,
653 1885 700 1920 qui
720 1885 780 1921 ipse
796 1894 844 1921 per
858 1894 888 1915 se
903 1886 977 1922 quod

187 1932 414 1963 molesle'habet,
436 1935 586 1959 sanaturus
602 1931 649 1964 sit,
666 1935 694 1959 et
711 1931 804 1959 omnia
818 1939 852 1959 ex
872 1931 912 1959 rei
931 1940 978 1959 ve-

188 1977 270 2004 ritate
283 1977 442 2005 edocturus.
462 1976 500 2005 De
512 1977 575 2005 aliis
595 1976 668 2004 enim
684 1976 717 2005 ad
731 1976 920 2005 defensionem
933 1977 977 2004 of-

187 2023 327 2051 ferendam
345 2026 472 2059 paratum
493 2030 523 2051 se
534 2023 612 2056 dicit,
635 2027 663 2051 et
678 2023 712 2051 ad
730 2023 901 2059 probandum
922 2023 976 2051 alia

187 2073 218 2096 ut
233 2069 301 2097 falsa
314 2069 379 2096 dolo
391 2068 478 2097 fuisse
489 2069 653 2104 composita.
669 2068 727 2097 Hoc
738 2068 812 2097 enim
826 2069 908 2097 etiam
924 2076 976 2097 no-

187 2114 230 2142 bis
245 2113 393 2149 persuasit,
413 2114 516 2150 quippe
542 2115 589 2150 qui
607 2113 656 2142 Dei
676 2118 751 2143 metu
770 2122 914 2143 sermones
934 2114 978 2143 in-

187 2160 287 2188 stituit.

185 2279 246 2297 τῂν.

296 2306 355 2340 Πρὸ
375 2305 496 2342 arantur
519 2306 577 2333 τῶν
593 2305 706 2342 iam“.
722 2306 839 2342 Montac.
856 2306 909 2342 πρὸ
921 2306 975 2334 τῶν

186 2337 286 2372 ἄλλων,
302 2337 362 2369 ante
376 2341 441 2369 alia.
459 2340 519 2368 Non
535 2344 609 2368 recte
626 2340 720 2376 Morel.
736 2337 770 2371 ad
785 2337 917 2376 personas
932 2349 976 2369 re-

187 2376 249 2409 fert,
272 2377 405 2411 vertitque
419 2380 480 2403 ante
496 2376 564 2403 alios
576 2384 675 2403 omnes.
695 2375 755 2403 Mox
768 2396 776 2408 ,
787 2375 863 2403 idem
878 2375 973 2404 Morel.

185 2411 249 2443 ἄνες
264 2411 338 2446 αὐτῷ
356 2410 406 2447 τὴν
421 2411 505 2446 ὀργὴν
520 2411 567 2438 καὶ
580 2410 679 2446 λύπην,
693 2411 760 2438 iram
774 2411 900 2439 adversus
915 2420 975 2438 eum

186 2455 218 2473 ac
236 2446 388 2473 molestiam
398 2454 497 2474 coerce.

221 2481 277 2517 (80)
291 2482 439 2517 Κρύπτειν
449 2481 583 2517 βέλτιονξ.
602 2479 756 2515 Legendum
769 2482 897 2517 proponit
912 2481 973 2509 Bill.

186 2516 453 2552 xpﬁmsoeaiﬁﬁiov,
470 2522 496 2543 et
514 2516 597 2552 paulo
614 2521 690 2551 post,
707 2524 756 2552 pro
772 2516 974 2552 μακροθυμεῖν,

187 2551 427 2586 μάκροθυμοῦντα,
445 2552 493 2578 sed
511 2551 573 2578 huic
593 2551 769 2579 leetioni’non
787 2551 878 2579 favent
893 2551 973 2579 codd.

186 2585 285 2613 nostri.
306 2585 356 2613 nec
371 2585 489 2613 Montac.
507 2593 556 2613 nec
567 2586 690 2613 Combel.

203 2621 277 2660 _(8l)
305 2621 380 2648 Alias
406 2620 532 2649 CCXVII.
560 2620 668 2656 Scripta
693 2621 776 2656 paulo
804 2625 863 2654 post
890 2629 973 2658 supe-

186 2661 296 2683 TIOI'CI'II.

223 2690 278 2726 (82)
294 2689 442 2726 Οὺκγέχω.
458 2691 498 2717 Ita
508 2689 570 2718 cod.
588 2690 665 2726 “03.,
684 2690 780 2720 Morel.
800 2698 833 2719 ac
847 2690 974 2720 Combef.

188 2724 218 2751 In
232 2725 297 2752 edit.
315 2725 374 2752 οὐδὲ
388 2726 452 2760 εχω.

222 2235 281 2271 (78)
300 2236 356 2263 Kal
386 2236 467 2270 τούς.
484 2236 525 2264 lta
538 2236 600 2265 eod.
612 2236 684 2264 2022
712 2242 765 2264 etc.
781 2236 811 2263 In
842 2236 907 2265 edit.
930 2238 977 2264 καὶ
994 2237 1015 2266 D

221 2280 236 2297 ν

1029 1566 1115 1594 ταῦτά
1131 1568 1189 1594 ἐστι
1208 1568 1285 1605 παρὰ
1297 1569 1352 1595 τῶν
1369 1568 1539 1603 φθονούντων
1555 1569 1629 1605 αὐτῷ
1647 1579 1819 1597 κατασκευα-

1030 1612 1123 1639 σθεῖσα
1138 1612 1193 1648 (84)
1204 1633 1211 1646 ,
1231 1613 1277 1640 καὶ
1291 1613 1370 1640 τοῦτο
1384 1614 1510 1650 ᾁνιαρὸν,
1529 1612 1559 1642 οὗ
1575 1616 1591 1650 ἡ
1612 1615 1736 1641 πολιτεία
1759 1624 1820 1642 συν-

1028 1659 1113 1694 ῆπταί
1130 1667 1189 1692 σοι,
1216 1659 1310 1686 τοῦτον
1333 1659 1539 1696 mmmam.
1563 1662 1624 1693 ταῖς
1659 1662 1817 1697 ὲτι-ηρείαις.

1032 1707 1084 1733 Ἦν
1105 1704 1151 1733 οὖν
1174 1707 1202 1733 ὲν
1218 1708 1275 1738 τοῖς
1291 1707 1408 1743 παροῦσι
1423 1707 1539 1743 ἀρίστην
1557 1708 1670 1743 γνώμην
1685 1708 1734 1735 καὶ
1748 1708 1820 1734 Ius:-

1029 1751 1192 1788 τελεστάτην
1206 1752 1291 1787 ἔγνων
1303 1773 1310 1787 ,
1330 1753 1432 1789 ταύτην
1448 1754 1592 1788 ἀπόδεξαι·
1609 1754 1691 1781 αὐτὸν
1708 1754 1820 1789 ἔπεμψά

1030 1807 1071 1826 σοι
1093 1798 1138 1826 τὸν
1161 1799 1294 1834 ἀδελφὸν,
1322 1799 1422 1835 μᾶλλον
1446 1800 1474 1826 δὲ
1500 1799 1664 1836 ὡρμημένον
1679 1800 1819 1836 προέπεμ-

1029 1846 1068 1880 ψα
1079 1845 1135 1882 (85)
1147 1866 1154 1878 ,
1171 1846 1206 1872 δι’
1222 1846 1305 1873 αὑτοῦ
1318 1847 1365 1874 καὶ
1380 1847 1410 1874 τὸ
1420 1847 1522 1874 λυποῦν
1539 1847 1754 1883 θεραπεύσαντα,
1772 1848 1819 1874 καὶ

1030 1891 1118 1918 πάντα
1137 1891 1205 1927 μετὰ
1222 1884 1349 1927 ἀληθείας
1375 1893 1566 1926 ἀναδιδάξοντα
1581 1893 1647 1929 (86).
1676 1893 1744 1929 Περὶ
1769 1894 1819 1929 μὲν

1029 1937 1084 1973 γὰρ
1098 1937 1152 1964 τῶν
1171 1938 1392 1974 ἀπολογήσασθαί
1412 1947 1495 1974 φησιν
1513 1938 1622 1974 ἕτοιμος
1636 1936 1707 1966 εἶναι
1719 1959 1727 1971 ,
1743 1939 1778 1966 τὰ
1791 1940 1819 1966 δὲ

1029 1983 1068 2016 ὡς
1093 1983 1179 2020 ψεύδη
1201 1984 1430 2018 κατεσκευᾶσοαι,
1456 1984 1551 2018 δεῖξαι.
1581 1985 1666 2012 Τοῦτο
1691 1985 1746 2021 γὰρ
1771 1986 1819 2012 καὶ

1029 2030 1105 2065 ἡμᾶς
1129 2029 1258 2064 ἔπεισεν,
1281 2030 1319 2063 ὡς
1347 2029 1422 2066 φόϐῳ
1451 2029 1508 2067 (87)
1533 2029 1600 2058 Θεοῦ
1627 2031 1690 2063 τοὺς
1721 2030 1818 2066 λόγους

1030 2074 1189 2110 ποιούμενος
1194 2094 1202 2102 .

1065 2237 1120 2271 (83)
1136 2237 1401 2272 Σινμπρεσσύτερος
1416 2235 1578 2271 Σακερδώς.
1602 2236 1696 2265 Morel.
1711 2237 1817 2273 presby-

1029 2277 1068 2299 ter
1084 2274 1192 2307 collega.

1066 2309 1121 2343 (Si)
1139 2306 1223 2340 Ᾱὺτῷ
1252 2306 1532 2343 κατασκευασθεῖσα
1566 2306 1606 2334 Ita
1629 2307 1760 2335 .Combel'.
1789 2307 1817 2334 in

1028 2343 1093 2369 edit.
1111 2342 1183 2377 αύτῴ
1199 2344 1283 2369 desst.
1300 2343 1371 2375 Mox,
1391 2343 1436 2369 καὶ
1455 2342 1533 2369 τοῦτο
1549 2343 1670 2378 ἀνιαρόν,
1684 2347 1739 2370 etc.
1754 2342 1817 2369 red-

1028 2379 1067 2404 dit
1082 2378 1175 2404 Morul.
1195 2388 1200 2404 τ
1220 2378 1250 2403 Id
1268 2378 1349 2405 etiam
1366 2378 1491 2411 infestant
1508 2382 1558 2409 est,
1577 2378 1661 2404 virum
1676 2385 1816 2404 conversa-

1030 2414 1099 2439 tione
1116 2412 1162 2439 tibi
1174 2413 1422 2448 conjunctiuimum
1437 2413 1549 2439 alienari
1569 2412 1731 2447 injuriaruin
1747 2413 1819 2439 inso-

1029 2449 1121 2475 lentia.
1138 2447 1275 2475 Comliel'.:
1290 2449 1358 2475 hunc
1377 2447 1564 2476 malevolorum
1590 2448 1727 2475 calumnia
1742 2453 1819 2483 atque

1028 2483 1168 2518 fraudibus
1180 2484 1303 2510 alienari.

1064 2518 1120 2553 (85)
1134 2519 1324 2552 Προέπεμψιι.
1339 2518 1460 2545 Montac.
1475 2521 1502 2545 et
1514 2516 1820 2553 Morel.'r:pocé1tau§ad

1028 2553 1127 2580 Reddit
1142 2554 1263 2580 Collibel'.
1286 2553 1457 2589 ὡρμημένον
1473 2552 1651 2589 προέπεμψαί
1674 2561 1818 2587 properau-

1029 2594 1079 2616 teln
1095 2593 1118 2615 et
1135 2597 1151 2615 a
1166 2596 1193 2615 se
1206 2589 1344 2615 incitatum
1360 2588 1468 2615 deduxi.

1028 2623 1121 2685 6486)
1141 2622 1381 2655 Ἀναδιδάξοντα,
1402 2623 1441 2650 lta
1457 2622 1580 2651 Combcl'.
1596 2621 1625 2650 ln
1639 2622 1705 2650 edit.
1726 2622 1817 2650 ἀναδι·

1044 2667 1155 2685 αισιντα.

1044 2667 1155 2691 αςαντα.

1062 2693 1120 2722 187)
1145 2693 1192 2726 Ὧς
1211 2693 1301 2728 φόϐῳ.
1317 2693 1436 2722 Montac.
1451 2698 1476 2721 ct
1491 2693 1583 2722 Morel.
1600 2693 1638 2725 ib;
1651 2693 1681 2720 ἐν
1694 2692 1783 2729 φόϐῳ.
