3822 6192
140 262 227 320 50]
1454 259 1793 321 EPISTOLA
1834 263 2090 322 CCXXII.

521 395 698 450 Σκειο.
753 393 1148 464 υΜοψΡοΝιο
1190 392 1322 464 (88).

3297 289 3407 344 362

2221 399 2448 464 CCXXI.
2493 405 3013 469 IIOMOPIIRONIO.

205 536 319 591 Has
353 537 564 613 Litteras
589 554 651 613 eo
687 545 916 613 tempore
943 536 1123 613 datas,
1156 553 1259 613 quo
1293 536 1554 593 Sacerdos
1583 539 1894 613 vexabatur,
1931 541 2012 594 Itis
2038 541 2279 613 epistola:
2307 542 2473 613 verbis
2499 555 2678 613 patet:
2711 547 2892 602 Snade
2927 549 3253 606 charissimo
3293 551 3408 611 ﬁlio

140 617 322 689 nostro
352 606 650 689 Sacerdoti.
685 607 1132 689 nendespondeat
1161 608 1427 689 animum,
1457 618 1566 689 etc:
1603 609 1819 689 Scripta
1854 619 2040 689 autent
2061 606 2740 689 epistola_Ho_moptzronio,
2782 622 2869 686 qui
2904 618 3038 689 forte
3067 635 3200 672 unus
3231 637 3258 673 e
3285 606 3406 689 pri;

139 677 363 752 moribus
387 679 784 748 ptochotrophii
813 677 962 730 illius
987 677 1322 732 administris
1355 688 1494 743 erat,
1521 677 1938 750 Gregoriumque
1970 680 2040 735 ad
2071 677 2196 752 festi
2227 677 2511 752 cujusdam
2531 686 2586 739 in
2606 704 2665 741 eo
2692 677 2807 740 loco
2834 677 3130 744 celebrandi
3159 677 3405 747 lwtiiiam

137 749 410 803 inritaret.

213 864 335 918 Ἐπὶ
376 862 478 935 τὴν
520 863 739 918 σύνοδον
769 864 920 935 ἡμᾶς
955 862 1174 927 καλεῖς’
1221 860 1333 930 ἐγὼ
1369 859 1426 914 δὲ
1468 859 1704 930 ηὐχόμηι

1890 855 1975 909 Ad
2019 854 2292 927 synodum
2349 872 2452 913 nos
2496 873 2705 914 vocas:
2736 861 2991 931 equidem
3047 874 3292 938 Optarent
3327 873 3401 927 ita

134 955 301 1020 οὕτως
331 956 478 1026 ἔχειν
512 955 607 1008 τοῦ
659 955 932 1025 σώματος,
983 953 1123 1007 ὥστε
1159 955 1414 1024 παρεῖναι
1450 951 1580 1023 ὑμῖν
1620 952 1717 1005 καὶ

136 1047 461 1117 αὐτόκλητος
497 1045 630 1116 (89),
670 1045 757 1100 ἵνα
800 1045 893 1098 ῐδω
923 1045 1014 1098 τὸν
1057 1043 1202 1115 ἱερὸν
1240 1038 1387 1096 οἷκον
1425 1043 1580 1114 ὑμῶν
1603 1081 1618 1105 ,
1653 1041 1716 1094 τὸ

136 1138 367 1211 Χριστοῦ
426 1135 793 1204 καταγώγιον,
855 1135 954 1205 τὴν
999 1133 1106 1187 τῶν
1143 1134 1315 1202 ἁγίων
1374 1133 1586 1187 κλάδων
1633 1131 1715 1204 ῥί-

135 1229 226 1292 ζαν
264 1227 405 1298 (90),
444 1228 544 1297 τὴν
583 1226 661 1289 ὡς
689 1225 903 1296 ἀληθῶς
931 1225 1147 1296 μητέρα
1175 1224 1381 1277 τέκνων
1426 1224 1713 1294 εὐφραινο-

137 1316 298 1386 μένην
335 1331 396 1367 τε
438 1315 534 1366 καὶ
592 1313 1052 1386 εὐφραινομένων.
1114 1308 1245 1366 οἶδα
1299 1310 1460 1366 τοῦτο
1497 1311 1591 1366 κα)¹
1614 1312 1712 1366 πέο

140 1423 364 1475 πεισμαι
423 1407 480 1459 ὲν
539 1404 746 1474 Κυρίῳ,
797 1404 892 1457 καὶ
935 1402 1024 1457 διὰ
1060 1402 1220 1456 τοῦτο
1276 1402 1418 1472 λέγω
1470 1402 1710 1475 θαρρῶν,

135 1498 223 1550 καὶ
246 1496 298 1549 εἴ
322 1515 374 1550 τι
406 1497 518 1566 (91)
543 1495 784 1566 λυπηρὸν
817 1495 911 1549 νῦν
963 1496 1094 1567 ἡμῖν
1147 1495 1482 1565 ἀπήντηκεν,
1522 1494 1584 1547 οὐ
1636 1493 1710 1566 μὴ

134 1589 438 1659 ἀποσϐεσθῇ
473 1591 500 1642 ὁ
552 1588 743 1658 λύχνος
773 1588 869 1641 τοῦ
913 1588 1150 1660 Ἰσραὴλ,
1190 1587 1295 1642 κᾶν
1336 1590 1456 1651 ταῖς
1513 1586 1712 1660 αὖραις

134 1682 219 1734 τοῦ
245 1680 483 1753 πονηροῦ
534 1680 817 1752 ῥιπίζηται
840 1696 853 1710 ·
887 1681 1008 1733 οὐδὲ
1049 1682 1082 1750 ἡ
1115 1680 1208 1733 τοῦ
1232 1679 1368 1733 Θεοῦ
1403 1680 1712 1752 χρηστότης

135 1773 222 1826 ἐπὶ
265 1773 447 1825 πλεῖον
503 1771 900 1843 κρυφθήσεται,
954 1771 1021 1841 ἣν
1060 1769 1293 1840 κρύπτει
1351 1772 1462 1833 τοῖς
1521 1769 1712 1840 φοϐου-

138 1864 310 1932 μένοις
379 1861 544 1914 αὐτὸν
605 1860 786 1928 λόγοις
846 1859 1108 1930 ἀρρήτοις
1167 1857 1514 1927 οἰκονομίας,
1591 1853 1712 1908 ἀλλ’

137 1952 580 2024 ἐνδοξασθήσεται
631 1951 831 2022 μᾶλλον
875 1952 970 2004 καὶ
1005 1948 1453 2020 θαυμασθήσεται
1489 1947 1578 2002 διὰ
1610 1947 1712 2018 τῆς

133 2045 399 2115 ὑμετέρας
435 2041 712 2113 ὑπομονῆς
741 2042 835 2095 καὶ
870 2040 972 2111 τῆς
1012 2039 1087 2112 μὴ
1122 2038 1590 2110 καταισχυνοὺσης
1625 2038 1710 2091 ἐλ-

130 2136 296 2199 πίδος.
341 2133 515 2187 Τοῦτο
557 2133 617 2186 δὲ
672 2132 925 2204 παραίνει
968 2132 1063 2184 καὶ
1117 2130 1195 2202 τῷ
1243 2130 1559 2202 τιμιωτάτῳ
1608 2129 1709 2202 υἱῴ

1821 944 2003 1000 valere
2031 961 2266 1017 corpore
2293 956 2351 1001 ut
2378 948 2536 1005 vobis
2573 949 2897 1006 interessem
2933 954 3098 1010 etiam
3132 959 3276 1012 ultro
3307 977 3402 1016 ae-

1817 1037 2038 1102 cedens,
2071 1045 2132 1092 ut
2173 1053 2392 1093 sacram
2420 1039 2592 1094 aedem
2628 1048 2867 1096 vestram
2902 1044 3164 1112 viderem,
3194 1049 3402 1105 Christi

1816 1129 2176 1194 domicilium.
2231 1137 2551 1186 sanctorum
2609 1147 2888 1188 ramorum
2936 1135 3203 1206 radicem,
3256 1140 3401 1194 illam

1816 1237 2007 1280 revera
2045 1231 2279 1278 matrem
2331 1222 2568 1278 ﬁliorum
2608 1225 2880 1282 laetantem
2923 1228 2945 1259 ⁸
2986 1238 3041 1286 et
3076 1230 3399 1286 laetantium.

1815 1311 1932 1370 Hoc
1979 1314 2130 1382 novi,
2188 1329 2253 1368 ac
2304 1330 2631 1385 persuasum
2695 1317 2872 1375 habeo
2923 1320 2980 1376 in
3042 1321 3294 1389 Domino,
3347 1332 3402 1379 et

1816 1410 2106 1474 pr0pterea
2143 1403 2270 1460 dico
2294 1405 2602 1472 conﬁdens,
2631 1407 2759 1464 licet
2787 1411 2920 1481 quid
2952 1413 3116 1468 triste
3158 1429 3307 1468 nunc
3335 1429 3401 1468 ac

1816 1495 2107 1551 molestum
2146 1497 2308 1552 nobis
2352 1501 2679 1564 occurrerit,
2725 1501 3150 1574 haudquaquam
3181 1506 3396 1562 exstin-

1812 1595 2010 1656 guetur
2051 1587 2274 1642 lucerna
2302 1587 2544 1656 lsraelis,
2580 1591 2799 1647 etiamsi
2837 1594 2964 1647 mali
2999 1595 3177 1650 ventis
3211 1594 3399 1650 ﬂabel-

1814 1676 1960 1732 letur
1998 1697 2011 1733 :
2055 1693 2234 1748 neque
2280 1677 2375 1733 Dei
2439 1678 2658 1734 bonitas
2698 1682 2938 1751 amplius
3002 1685 3395 1748 occultabitur,

1813 1783 1976 1838 quam
2017 1770 2339 1826 timentibus
2367 1785 2428 1825 se
2458 1771 2750 1827 abscondit
2780 1775 2800 1805 ⁹
2837 1775 3144 1830 rationibus
3173 1777 3397 1847 dispen-

1813 1859 2048 1916 sationis
2074 1861 2315 1928 arcanis,
2349 1862 2445 1918 sed
2471 1864 2647 1934 magis
2676 1863 3076 1935 gloriﬁcabitur
3125 1875 3182 1924 et
3223 1868 3399 1925 admi-

1813 1951 2013 2007 rationi
2053 1953 2161 2007 erit
2204 1968 2302 2023 per
2337 1954 2657 2024 patientiam
2692 1965 2931 2013 vestram
2965 1967 3019 2014 et
3069 1974 3241 2030 spem,
3275 1975 3399 2030 quae

1813 2060 1921 2100 non
1956 2042 2245 2100 confundit
2277 2044 2342 2099 ¹⁰.
2377 2044 2492 2102 Hoc
2529 2048 2696 2102 etiam
2729 2049 2900 2105 suade
2929 2049 3260 2105 charissimo
3284 2051 3396 2104 ﬁlio

1814 2147 2004 2194 nostro
2058 2136 2369 2204 Sacerdoti,
2411 2153 2482 2194 ne
2526 2141 2867 2211 despondeat
2917 2143 3185 2207 animum,
3219 2157 3396 2213 neque

130 2228 280 2298 ἡμῶν
336 2225 652 2298 Σακερδῶτι
672 2267 686 2292 ,
742 2224 906 2296 μηδὲν
974 2223 1206 2294 ἀθυμεῖν
1231 2262 1247 2288 ,
1299 2223 1436 2294 μηδὲ
1493 2223 1704 2290 ἀνάξιον

1821 2229 2099 2300 indignum
2149 2243 2210 2284 se
2246 2228 2550 2300 quidquam
2589 2231 2878 2302 patiatur;
2924 2233 3021 2288 sed
3057 2233 3133 2287 ita
3175 2242 3394 2304 tempus

130 2318 315 2371 ἑαυτοῦ
349 2335 405 2370 τι
442 2317 672 2387 πάσχειν
712 2315 845 2386 (92),
883 2314 999 2368 ἀλλ’
1038 2313 1180 2368 οὕτω
1223 2314 1315 2367 τὸν
1350 2313 1543 2384 καιρὸν
1584 2314 1698 2367 δια-

129 2410 331 2474 θέσθαι,
364 2410 445 2471 ὡς
483 2408 796 2478 φιλοσοφίας
825 2406 956 2478 ῦλην
993 2407 1062 2460 τά
1092 2404 1314 2477 λυπηρά
1341 2405 1549 2460 λαϐεῖν.
1583 2408 1704 2460 Ἔτι

128 2500 517 2573 baptizandi-no
545 2499 636 2552 τὸν
671 2499 1000 2569 τιμιώτατον
1053 2497 1211 2570 ἡμῶν
1255 2496 1586 2552 ἐπίσκοπον·
1625 2498 1706 2551 ἔτι

130 2592 378 2665 ῥωννύτω
413 2593 540 2655 τοὺς
568 2591 850 2660 ἀδελφοὺς,
891 2591 977 2644 ἵνα
1011 2590 1248 2662 μάλιστα
1281 2589 1383 2662 μὲν
1419 2590 1498 2662 μὴ
1536 2607 1705 2644 κατα-

125 2683 254 2754 λυθῇ
277 2683 336 2735 τὺ
364 2682 528 2754 ἔργον
556 2681 712 2752 ἡμῶν
738 2681 766 2734 ὃ
800 2681 1146 2752 προεθέμεθα
1181 2683 1239 2734 ὲν
1263 2681 1476 2754 Κυρίῳ,
1511 2681 1702 2735 τοσοῦ-

126 2775 209 2826 τῦν
235 2793 293 2827 τε
323 2775 404 2837 ὃν,
440 2775 536 2828 καὶ
577 2773 718 2827 οὕτω
765 2772 1106 2844 περιϐόητον.
1144 2774 1206 2826 Εἰ
1250 2773 1308 2826 δὲ
1361 2774 1457 2845 μὴ,
1489 2774 1548 2827 τὸ
1574 2773 1704 2842 γοῦν

124 2867 358 2930 ἐπιεικὲς
402 2852 673 2937 δείξομεν,
724 2865 818 2918 κα.)⁵
867 2865 959 2919 τὸν
994 2864 1188 2933 φθόνον
1228 2867 1522 2936 νικήσομεν
1555 2866 1702 2936 (95),

121 2960 193 3023 ὡς
221 2959 494 3030 μηδεμίαν
519 2957 810 3020 δεδωκότες
831 2957 952 3010 καθ’
978 2957 1184 3010 ἑαυτῶν
1203 2957 1374 3028 λαϐὴν
1403 2961 1515 3020 τοῖς
1538 2975 1704 3028 πονη-

125 3053 233 3120 ροῖς
268 3051 514 3123 ματαίως
548 3049 661 3121 (94)
688 3051 822 3121 ἡμῖν
844 3047 1241 3122 ἐχθραίνουσιν.

577 3208 748 3262 sim.
807 3207 1042 3278 ΘΕΚΛῌ
1101 3205 1234 3278 (95).

1811 2317 2092 2388 disponat,
2126 2325 2188 2371 ut
2223 2317 2404 2373 tristia
2433 2333 2532 2388 pro
2561 2319 2922 2390 ριιὶιοεοιιιιίω
2957 2319 3208 2390 subjecto
3244 2321 3392 2374 acci-

1811 2405 1943 2475 piat.
1980 2405 2062 2460 Ad
2109 2406 2226 2461 haec
2273 2406 2592 2478 episcopum
2641 2415 2895 2463 nostrum
2950 2409 3190 2465 maxime
3223 2409 3394 2464 bono-

1815 2497 2046 2552 randum
2077 2505 2266 2564 curet;
2301 2499 2435 2570 quin
2457 2499 2627 2554 etiam
2664 2497 2866 2555 fratres
2895 2501 3242 2568 corroboret,
3273 2502 3396 2556 ideo

1813 2590 2053 2646 maxime
2081 2607 2150 2646 ne
2189 2607 2329 2661 opus
2359 2597 2612 2648 nostrum
2643 2592 2795 2662 quod
2827 2593 2880 2647 in
2928 2591 3161 2648 Domino
3193 2609 3397 2665 propo-

1811 2682 2027 2739 suimus
2077 2683 2400 2753 dissipetur,
2442 2699 2568 2738 cum
2609 2684 2750 2738 tanti
2796 2685 3061 2740 momenti
3098 2685 3190 2751 sit,
3226 2693 3280 2740 et
3318 2685 3394 2739 ita

1812 2782 2189 2846 pervagatum.
2221 2773 2326 2829 Sin
2359 2776 2564 2840 minus,
2594 2775 2870 2847 aequitatis
2913 2775 3076 2848 184
3115 2777 3392 2846 specimen

1811 2864 2086 2930 dabimus,
2115 2873 2169 2920 et
2226 2865 2453 2921 livorem
2491 2866 2812 2932 vincemus;
2850 2867 3052 2937 quippe
3089 2881 3214 2920 cum
3271 2867 3396 2921 nul-

1810 2955 1920 3009 lam
1954 2955 2222 3012 adversus
2267 2970 2370 3013 nos
2401 2970 2594 3011 ansam
2631 2953 2951 3011 dederimus
2987 2954 3251 3028 improbis
3301 2964 3386 3016 in-

1812 3062 2031 3104 cassum
2063 3063 2166 3104 nos
2199 3047 2328 3104 odio
2353 3047 2840 3120 prosequentibus.

2283 3205 2543 3261 CCXXII.
2580 3203 2901 3264 THECLE.

189 3340 361 3394 Irrita
387 3340 532 3410 {uere
565 3341 745 3394 omnia
783 3356 900 3409 qua:
926 3339 1087 3409 gessit
1121 3339 1436 3409 scripsitque
1478 3338 1788 3408 Gregorius,
1821 3349 1878 3393 ut
1918 3339 2260 3395 Sacerdotem
2288 3357 2408 3395 cum
2444 3339 2698 3396 Helladio
2725 3341 2792 3410 in
2824 3339 3056 3409 gratiam
3085 3339 3399 3404 reduceret;

122 3414 233 3479 pius
267 3409 408 3464 enim
436 3411 525 3464 ille
553 3410 825 3481 presbyter
847 3411 985 3481 inter
1015 3411 1316 3464 vexationes
1342 3419 1393 3464 et
1427 3411 1727 3464 calumnias
1765 3411 1986 3464 interiit.
2028 3410 2276 3466 Theclam
2302 3411 2417 3481 ejus
2450 3426 2685 3466 sororem
2712 3409 2810 3464 hac
2833 3410 3055 3478 cpistola
3086 3410 3397 3463 consolatur

121 3493 166 3534 et
189 3483 464 3552 utriusque
492 3480 677 3535 laudes
702 3480 1059 3550 prosequitur.

189 3596 452 3666 ’Ὧρμησα
488 3595 587 3665 μὲν
614 3596 706 3647 καὶ
740 3593 904 3658 αὐτὸς
928 3595 1066 3666 πρὸς
1106 3595 1206 3665 τὴν
1249 3591 1348 3664 σὴν
1393 3591 1702 3656 εὐλάϐειαν,

1877 3590 2142 3662 Equidem
2197 3591 2315 3661 ipse
2361 3607 2584 3665 quoque
2634 3593 2704 3649 ad
2746 3594 3006 3665 pietatem
3041 3601 3191 3648 tuam
3227 3593 3394 3664 proﬁ-

125 3685 320 3753 καίπερ
343 3683 693 3747 ἀσθενοῦντος
719 3685 852 3755 ἡμῖν
878 3684 972 3738 τοῦ
1013 3683 1284 3754 σώματος,
1326 3681 1699 3753 ἐπισκεψόμε-

122 3774 205 3837 νύς
228 3791 286 3827 τε
330 3774 491 3844 ὁμοῦ,
527 3773 622 3826 καὶ
661 3773 761 3844 τῆς
813 3773 1108 3845 καρτερίας
1152 3772 1593 3842 ἐπαινεσόμενος,
1632 3772 1699 3842 ἢν

124 3864 211 3918 ἐπὶ
240 3864 320 3934 τῷ
352 3866 467 3936 (96)
515 3866 920 3935 μακαριωτάτῳ
959 3865 1174 3936 ἀδελφῷ
1215 3882 1309 3918 σου
1353 3864 1698 3933 φιλοσοφείςο

124 3955 274 4008 τοῦτο
304 3957 411 4026 γὰρ
439 3956 539 4008 οὐκ
574 3955 894 4027 ἀμφίϐολον.
931 3955 1148 4026 Ἐπειδὴ
1181 3956 1237 4009 δὲ
1270 3955 1374 4008 ὑπό
1416 3971 1561 4019 τινος
1605 3971 1702 4008 πε-

128 4049 422 4116 ριστάσεως
461 4047 760 4118 ἐκωλύθην,
791 4049 1104 4117 ἀναγκαίως
1129 4043 1293 4118 ἦλθον
1315 4049 1409 4100 ἐπὶ
1433 4047 1502 4100 τὰ
1528 4046 1703 4118 γράμ-

127 4156 286 4206 ματα,
327 4140 424 4192 καὶ
461 4140 922 4209 συμφιλοσοφήσω
971 4157 1052 4192 σοι
1092 4138 1181 4192 διὰ
1214 4139 1461 4210 βραχέων
1491 4139 1560 4193 τὰ
1611 4139 1700 4195 σά.

125 4230 288 4283 Πόθεν
316 4233 344 4283 ὁ
370 4229 534 4292 καλὸς
578 4230 864 4300 Σακερδὼς
912 4232 1062 4302 ἡμῖν,
1096 4233 1126 4284 ὁ
1163 4231 1386 4300 γνήσιος
1435 4230 1530 4284 τοῦ
1564 4229 1702 4284 Θεοῦ

123 4321 478 4390 παραστάτης
509 4320 602 4374 καὶ
634 4320 729 4375 νῦν
763 4321 858 4374 καὶ
889 4321 1154 4392 πρότερον
1179 4338 1192 4384 ;
1230 4321 1295 4375 ὲκ
1321 4320 1478 4374 Θεοῦ.
1507 4321 1618 4374 Ποῦ
1643 4321 1702 4374 δὲ

122 4411 404 4482 Σακερδὼς
429 4410 558 4476 νῦν;
593 4412 726 4482 πρὸς
751 4411 916 4464 Θεόν’
959 4411 1059 4464 οὐκ
1103 4410 1284 4482 ἀηδῶς
1317 4413 1697 4483 ὑποχωρήσας,

123 4498 175 4555 εὖ
204 4499 343 4567 οἶδα,
384 4502 464 4573 τῷ
519 4502 697 4574 φθόνῳ
776 4505 869 4557 καὶ
911 4505 1024 4567 τοῖς
1071 4501 1164 4556 τοῦ
1211 4503 1450 4576 πονηροῦ
1500 4503 1699 4558 παλαί-

124 4608 308 4662 σμασι.
341 4590 514 4644 Πόθεν
550 4591 608 4644 δὲ
648 4593 842 4662 ἡμεῖς;
889 4593 988 4645 οὐκ
1018 4593 1256 4658 ἐκεῖθεν;
1293 4591 1397 4646 ποῦ
1443 4593 1500 4645 δὲ
1539 4594 1700 4664 ἡμεῖς

123 4684 494 4753 ἀναλύσομενς
525 4683 584 4736 οὐ
613 4684 748 4756 πρὸς
779 4685 870 4738 τὸν
901 4685 1063 4740 αὑτὸν
1091 4686 1405 4756 Δεσπότην;
1445 4686 1538 4739 κα).
1587 4685 1697 4739 ετθε

125 4778 234 4845 μετ’
270 4777 395 4846 ἴσης
423 4777 522 4846 τῆς
565 4775 908 4847 παῤῥησὶαςῑ
953 4762 1059 4829 Τοῦ
1106 4775 1274 4830 αὐτοῦ
1319 4778 1698 4847 προσκυνηταὶ

185 4935 206 4964 ⁸
242 4934 392 4990 Psal.
421 4949 556 4999 cxtt,
587 4933 640 4990 9.
743 4931 765 4964 ³
801 4931 944 4988 I’sal.
971 4947 1100 4996 xxx,
1126 4931 1217 4986 90.
1296 4931 1339 4962 ¹⁰
1369 4927 1528 4985 Rom.
1559 4947 1612 4996 v,
1647 4930 1702 4985 5.

1807 3682 1941 3738 cisci
2003 3683 2264 3751 parabam
2291 3722 2308 3748 ,
2356 3683 2578 3740 etiamsi
2623 3685 2827 3756 alioqui
2872 3684 3091 3738 inﬁrma
3145 3685 3394 3754 corporis

1806 3772 2141 3836 valetudine,
2165 3780 2282 3827 tum
2320 3781 2379 3828 ut
2407 3781 2461 3830 te
2490 3775 2808 3841 inviserem,
2851 3782 2968 3830 tum
2999 3784 3060 3830 ut
3089 3776 3396 3831 tolerantiae

1810 3865 1965 3920 illius
2000 3867 2226 3920 nomine
2255 3865 2513 3921 laudibus
2538 3867 2812 3931 eﬁ‘errem,
2846 3881 3012 3936 quam
3034 3866 3105 3922 ob
3139 3867 3392 3922 beatissi—

1810 3969 1959 4009 mum
1994 3955 2221 4012 fratrem
2270 3965 2428 4012 tuum
2465 3957 2698 4013 adhibes
2746 3975 2759 4009 :
2797 3973 2979 4028 neque
3012 3959 3158 4012 enim
3200 3957 3256 4012 id
3292 3959 3395 4010 du-

1808 4046 1961 4101 bium
1984 4056 2093 4104 est.
2116 4047 2385 4113 Quoniam
2419 4055 2606 4104 autem
2640 4064 2775 4103 casu
2809 4050 3049 4118 quodam
3087 4050 3189 4103 hoc
3211 4065 3393 4103 meum

1806 4138 1914 4194 iter
1943 4139 2268 4209 impeditum
2313 4147 2418 4207 est,
2448 4141 2516 4195 ad
2549 4141 2763 4197 litteras
2798 4141 2988 4196 venire
3037 4154 3268 4196 necesse
3295 4140 3394 4193 ha-

1805 4231 1926 4294 bui,
1962 4239 2024 4285 ut
2077 4231 2146 4286 de
2178 4233 2288 4286 tuis
2333 4231 2498 4286 rebus
2546 4240 2725 4286 tecum
2774 4230 2967 4301 paucis
3015 4230 3391 4301 philosopher.

1809 4321 1984 4390 Unde,
2008 4337 2219 4393 quaeso,
2245 4323 2548 4394 praeclarus
2580 4331 2770 4380 noster
2799 4322 3092 4386 Sacerdos,
3118 4323 3391 4388 sincerus,

1802 4414 2053 4484 inquam,
2076 4415 2168 4468 ille
2194 4422 2248 4470 et
2279 4429 2426 4469 nunc
2451 4425 2502 4470 et
2528 4414 2684 4485 prius
2715 4414 2808 4469 Dei
2839 4421 2989 4469 astes
3018 4427 3084 4468 ac
3117 4415 3392 4477 minister,

1807 4516 1987 4561 ortum
2021 4506 2225 4561 traxit?
2252 4505 2330 4560 Ex
2367 4506 2500 4562 Deo.
2542 4504 2650 4561 Ubi
2695 4516 2876 4562 autem
2917 4519 3067 4560 nunc
3091 4502 3398 4560 Sacerdos?

1807 4597 1966 4667 Apud
2023 4597 2191 4654 Deum
2233 4615 2245 4651 :
2292 4607 2586 4670 postquam
2635 4599 2849 4655 scilicet
2906 4597 3052 4653 haud
3117 4598 3395 4653 illibenter

1810 4687 1937 4757 (hoc
1966 4690 2135 4758 probe
2167 4691 2306 4761 scio)
2364 4692 2524 4747 livori
2583 4707 2707 4748 sese
2750 4705 2814 4745 ac
2836 4689 3037 4744 diaboli
3076 4688 3237 4744 luetis
3263 4689 3394 4744 sub-

1807 4778 1982 4833 duxit.
2035 4777 2192 4836 Unde
2252 4781 2380 4837 item
2430 4796 2530 4837 nos
2575 4788 2758 4838 ortum
2829 4779 3126 4835 duximus?
3195 4778 3414 4833 Annon'

188 5090 306 5162 (88)
340 5088 491 5162 Alias
525 5084 879 5162 CCXXXVII.
923 5084 1140 5162 Scripta
1199 5081 1392 5162 eodem
1433 5090 1698 5162 tempore.

1821 5153 1846 5162 __
1871 5081 1992 5162 (95)
2025 5080 2486 5162 Διείέξοιμςνηρςιιὶ⁵
2520 5079 2622 5162 ςρν
2655 5081 2886 5162 φθόνον
2929 5083 3280 5162 ξίκήαοςομεν.
3315 5083 3391 5162 Ita

185 5153 720 5231 (senemsenem.
750 5156 830 5231 l_ta_
875 5155 1001 5210 cod.
1034 5153 1168 5226 Reg.
1202 5167 1267 5209 ac
1299 5153 1488 5208 Morel.
1523 5153 1578 5206 in
1604 5169 1702 5207 tto-

123 5227 208 5284 tis.
239 5229 387 5282 Edit.
418 5229 622 5281 habent
651 5227 999 5296 αὐτόκλητον.

189 5299 303 5368 (90)
341 5297 465 5368 Τῶν
495 5297 677 5365 ἁγίων
715 5289 957 5368 κῃάῇων
981 5291 1187 5368 ῥίζαν.⁸
1207 5289 1269 5368 In
1307 5291 1440 5368 illud
1468 5289 1704 5368 intendit

125 5361 367 5422 Pattli'ad
401 5361 560 5420 Rom.
593 5382 670 5432 ιι,
704 5365 790 5430 16,
825 5367 888 5418 Ει
921 5367 955 5435 ἡ
983 5361 1116 5435 ’ῥίζα
1163 5363 1316 5435 ἀγία,
1357 5362 1451 5414 καὶ
1477 5361 1526 5414 οἱ
1563 5361 1700 5414 κλά-

127 5435 218 5499 δοι.
254 5439 301 5492 si
325 5437 489 5490 radix
521 5446 707 5490 sancta
738 5443 837 5502 est,
869 5433 1027 5488 etiam
1061 5433 1222 5486 rami.

191 5507 302 5577 (9|)
330 5506 440 5562 Καὶ
467 5506 525 5560 ετ
555 5524 633 5577 τι.
670 5499 915 5577 ltacod.
957 5501 1090 5574 Reg.
1117 5517 1182 5556 ac
1217 5500 1408 5556 Morel.
1435 5500 1492 5555 in
1529 5499 1694 5555 notis.

131 5573 262 5632 Edit.
283 5573 500 5631 habent
521 5575 574 5627 εἴ
597 5593 651 5628 τι
679 5574 795 5631 καί.

195 5648 300 5720 (92)
339 5651 398 5703 Tt
439 5644 722 5714 πάσχειν.
754 5645 830 5700 Ita
860 5645 984 5701 cod.
1019 5651 1073 5698 et
1097 5642 1162 5697 Β.
1204 5640 1265 5698 In
1295 5639 1427 5698 edit.
1451 5656 1501 5692 τι
1522 5639 1700 5696 deest.

388 5741 668 5804 Ρηιιοι.
704 5739 820 5800 Gtt.
849 5739 1175 5801 XXXVII.

1812 5149 1983 5207 iidem
2013 5151 2173 5206 codd.
2193 5149 2264 5204 ’In
2295 5149 2427 5204 edit.
2459 5149 2741 5221 δείξωμεν,
2773 5153 2868 5207 καὶ
2901 5153 2994 5207 τὸν
3019 5149 3212 5223 φθόνον
3237 5155 3393 5224 νική-

1813 5240 2020 5276 σωμεν.

1882 5240 2020 5294 ipsi).

1882 5291 1994 5361 (94)
2026 5289 2320 5358 ΠογηρΟἵς
2339 5289 2622 5358 ματαίως.
2655 5289 2729 5344 Ita
2747 5291 2868 5347 cod.
2900 5291 2958 5345 ln
2977 5292 3109 5348 edit.
3136 5295 3394 5362 πονηροῖς

1809 5363 1902 5415 καὶ
1927 5362 2190 5432 ματαίως.

1883 5427 1996 5499 (95)
2032 5430 2192 5500 Alias
2221 5427 2376 5500 CCII.
2404 5427 2620 5500 Scripta
2649 5429 2838 5500 eodem
2879 5431 3098 5486 circiter
3122 5439 3387 5500 tempore.

1877 5501 1992 5572 (96)
2018 5503 2141 5572 ίἮν
2170 5498 2269 5572 ting
2309 5498 2406 5562 τῷ.
2456 5498 2546 5552 Ιιίί
2573 5499 2696 5572 cod.
2761 5499 2892 5572 Reg.
2950 5502 3108 5572 “05.
3151 5498 3254 5555 Alii
3282 5516 3388 5572 7co-

1809 5568 1962 5710 gictis
2011 5571 2102 5652 tia
2157 5568 2264 5623 τῶν
2323 5571 2756 5641 μακαριωτάτων
2816 5568 3080 5643 ἀδελφῶν.
3129 5574 3185 5626 In
3231 5571 3394 5629 editis

1851 5657 1878 5693 ν
1942 5658 1970 5694 ν
1999 5657 2098 5710 τῳ.
2899 5669 2902 5673 -
3021 5671 3023 5673 ι
3303 5664 3308 5668 ·

1851 5657 2098 5710 νεντῳ.
2899 5669 2902 5673 -
3021 5671 3023 5673 ι
3303 5664 3308 5668 ·

3042 5737 3114 5798 12
