3822 6168
188 311 297 372 573

1527 313 1865 370 EPISTOLA
1901 313 2179 370 CCXXXI.

3308 315 3414 375 ὅτι

192 425 327 497 Πρὸς
364 423 417 476 τί
454 423 641 493 βλέπει
681 440 770 493 μοι
819 422 880 477 τὸ
925 423 1306 496 παράδειγμα;
1332 417 1440 477 Ἦν
1470 424 1601 494 ἡμῖν
1630 422 1765 494 πρὸς
1795 476 1797 484 ι

1906 422 2178 477 bsolvunt.
2224 420 2500 488 Quorsum
2543 422 2676 479 mihi
2709 429 2923 494 spectat
2960 421 3066 478 hoc
3095 424 3446 494 e’ie'm'plum?

193 514 450 584 ἀλλήλους
484 512 635 583 φιλία
677 511 895 583 καθαρά
933 529 992 566 τε
1030 513 1122 566 καὶ
1153 513 1336 576 άδολος
1372 512 1624 584 (πρᾶγμα
1659 511 1767 565 τῶν

194 604 431 658 σπανίων
454 603 551 657 νῦν
573 602 828 674 μάλιστα,
852 604 945 657 καὶ
963 605 1093 675 παρ’
1111 604 1314 673 ὀλίγοις
1334 602 1765 674 εὑρισκόμενον),

199 696 284 750 καὶ
327 693 532 765 ταύτην
579 695 711 764 ⁴ἡμῖν
762 693 934 746 ἐποίει
984 692 1107 747 οὔτε
1153 693 1441 764 συγγένεια
1494 691 1766 758 τοσοῦτον,

195 785 314 839 οὔτε
344 784 598 838 κοινωνία
619 783 901 855 πατρίδος,
919 780 1062 846 οὔτε,
1085 784 1113 837 ὅ
1138 799 1302 853 φησιν
1325 784 1592 854 Ὅμηρος,
1625 784 1770 851 ὁμη-

200 875 357 942 λικίη
385 871 680 943 ἐρατεινὴ,
710 873 834 926 ὅσον
862 873 1164 945 ὁμοτροπία
1181 913 1196 935 ,
1224 871 1319 927 καὶ
1356 874 1417 927 τὸ
1450 875 1561 936 τοῖς
1589 872 1773 936 αὐτοῖς

201 964 428 1037 χαίρειν*
459 964 489 1017 ὃ
524 963 756 1035 μάλιστα
787 964 1022 1035 πήγνυσι
1050 965 1148 1028 τὰς
1185 962 1386 1034 φιλίας,
1425 964 1519 1017 καὶ
1556 962 1773 1034 βεϐαιο-

201 1055 362 1126 τέρας
398 1052 711 1124 ἐργάζεται.
742 1052 857 1107 Νῦν
885 1055 981 1107 καὶ
1011 1055 1081 1107 τὰ
1118 1054 1249 1126 γένη
1292 1053 1620 1107 συνάπτεται
1656 1051 1775 1123 (σὺν

202 1145 315 1215 Θεῷ
341 1145 399 1199 δὲ
419 1146 448 1198 ὁ
471 1144 671 1213 λόγος),
702 1145 788 1198 ἵνα
820 1146 885 1215 τῇ
918 1143 1069 1215 φιλίᾳ¹
1098 1142 1384 1215 προσθήκη
1414 1143 1659 1216 γένηται,
1685 1142 1778 1197 καὶ

206 1235 401 1305 μᾶλλον
433 1228 584 1306 ὦμεν
614 1233 723 1304 (59)
757 1232 1016 1305 ἀλλήλων.
1061 1234 1174 1288 Καὶ
1206 1233 1365 1288 τοῦτο
1399 1233 1778 1306 πραγματεύε-

203 1342 290 1380 ται
322 1325 436 1394 (60)
472 1324 679 1395 φίλτρῳ
696 1323 891 1394 δικαίῳ
924 1322 1131 1395 βοηθῶν
1162 1325 1190 1377 ὁ
1220 1323 1370 1387 Θεός.
1401 1324 1530 1399 Ἔχε
1561 1319 1655 1381 οὖν
1684 1323 1779 1377 καὶ

206 1417 348 1487 ἡμᾶς
378 1414 469 1468 διὰ
503 1412 598 1466 τοῦ
631 1412 969 1482 γλυκυτάτου
999 1411 1116 1465 υίοῢ
1153 1412 1311 1484 ήμῶν
1348 1412 1654 1484 Εὐφημίου·
1685 1413 1779 1467 καὶ

207 1506 398 1576 ἔχομεν
432 1503 577 1573 ὑμᾶς
594 1496 683 1555 διά
713 1504 812 1573 τῆς
841 1499 1186 1571 γλυκυτάτης
1216 1501 1485 1574 θυγατρὸς
1513 1502 1686 1574 ὑμῶν.
1708 1499 1781 1556 Τδ

205 1597 260 1651 δὲ
279 1596 428 1666 ἑξῆς,
454 1595 557 1647 ούκ
577 1589 694 1647 οἴδα
718 1592 859 1664 ὑπὲρ
881 1591 1023 1655 τίνος
1056 1592 1277 1664 μᾶλλον,
1302 1593 1335 1664 ἢ
1365 1593 1472 1647 τίνι
1493 1592 1778 1663 διαλεχθῶ,

1869 511 1999 566 Erat
2042 511 2201 582 190
2236 512 2350 581 jam
2383 512 2526 568 inter
2569 528 2674 569 nos
2716 528 2853 583 pura
2896 512 3230 584 minimeque
3262 512 3445 570 fucata

1871 601 2110 656 amicitia
2169 601 2279 672 (res
2314 616 2448 658 sane
2490 618 2639 657 nunc
2682 602 2985 673 praesertim
3020 617 3170 670 rara,
3213 618 3445 674 quaeque

1872 691 1930 746 in
1965 692 2160 762 paucis
2198 692 2558 764 inveniatur),
2607 700 2770 763 atque
2800 693 2941 747 hanc
2978 693 3158 758 nobis,
3191 708 3301 749 non
3332 702 3441 749 tam

1872 782 2151 852 c0gnatio,
2180 789 2235 837 et
2264 782 2575 839 communis
2606 782 2806 853 patria,
2838 788 2895 837 et
2922 791 2979 836 ut
3012 780 3233 836 Homeri
3261 782 3446 839 verbis

1873 878 2018 936 utar,
2064 871 2311 926 amabilis
2364 877 2582 927 wtatum
2632 870 2912 942 wqualitas
2948 870 3233 936 elﬁciebat,
3280 885 3445 941 quam

1873 978 2086 1018 morum
2130 962 2456 1029 similitudo,
2502 963 2761 1035 quodque
2801 962 2995 1018 iisdem
3038 961 3204 1017 rebus
3243 961 3445 1032 gaude-

1875 1052 2283 1124 remus;'quod
2317 1053 2537 1123 quidem
2569 1053 2843 1109 amicitias
2873 1050 3109 1106 maxime
3158 1065 3448 1121 coagmen-

1877 1152 1978 1208 tat,
2021 1145 2400 1214 lirmioresque
2429 1144 2633 1199 reddit.
2672 1142 2829 1198 Nunc
2866 1156 3085 1213 quoque
3124 1155 3322 1211 genera
3355 1155 3450 1195 co-

1875 1235 2134 1305 pulantur
2180 1235 2409 1305 (faveat
2462 1235 2624 1290 velim
2675 1234 2805 1288 huic
2851 1234 3086 1290 sermoni
3141 1230 3328 1303 Deus),
3391 1239 3451 1285 ut

1879 1341 2035 1380 amor
2071 1310 2264 1382 noster
2307 1327 2708 1381 incrementum
2748 1324 2949 1395 capiat,
2992 1323 3278 1393 magisque
3315 1323 3454 1378 alter

1881 1415 2109 1471 alterius
2150 1416 2344 1472 simus.
2400 1416 2581 1486 Atque
2630 1414 2686 1468 id
2735 1414 2846 1486 agit
2896 1428 2963 1469 ac
3008 1413 3232 1468 molitur
3286 1410 3452 1480 Deus,

1878 1506 2027 1577 justo
2073 1509 2245 1562 amori
2290 1521 2449 1578 opem
2485 1506 2691 1563 ferens.
2728 1506 3121 1574 Quamobrem,
3160 1513 3217 1560 et
3262 1513 3321 1560 tu
3352 1520 3455 1559 nos

1883 1608 1981 1665 psr
2007 1595 2394 1651 suavissimum
2422 1596 2592 1650 (ilium
2617 1603 2864 1651 nostrum
2894 1592 3255 1665 Euphemiam
3285 1593 3452 1648 habe:

208 1686 344 1757 ὑπὲρ
371 1683 467 1738 τοῦ
495 1682 617 1736 νέου
645 1684 710 1754 τῇ
745 1681 985 1753 ὑμετέρᾳ
1018 1682 1293 1754 τιμιότητι
1326 1683 1461 1753 (6|),
1489 1683 1523 1754 ἢ
1560 1683 1639 1755 τῷ
1673 1684 1778 1756 νέῳ

1906 1691 1937 1738 :t
1978 1700 2078 1740 nos
2125 1685 2255 1741 item
2289 1701 2384 1757 per
2429 1684 2817 1743 suavissimam
2865 1684 3029 1739 ﬁliam
3077 1692 3315 1739 vestram
3360 1698 3458 1738 vos

209 1753 334 1846 τιςρὶ
380 1771 558 1842 ὑμῶν.
600 1768 794 1824 Εὕνοια
838 1769 947 1841 γὰρ
992 1770 1196 1841 πατρὸς
1239 1770 1448 1835 τέκνοις
1495 1753 1775 1843 ὁμότιμος.

1906 1774 2165 1831 habemus.
2194 1753 2351 1841 Quod
2373 1782 2555 1831 autem
2576 1775 2846 1845 sequitur,
2867 1774 3043 1829 utrius
3066 1774 3249 1844 potius
3265 1787 3455 1838 causa,

211 1862 352 1933 Πλὴν
390 1858 697 1930 ἐπεύχομαι
733 1858 861 1930 ὑμῖν
898 1858 992 1913 ἐπὶ
1025 1859 1190 1912 παντὶ
1237 1857 1497 1930 βελτίστῳ
1533 1859 1789 1928 γενέσθαι.

1906 1873 1987 1919 tut
2023 1865 2090 1920 ad
2126 1881 2287 1936 quem
2332 1865 2548 1937 loquar,
2597 1882 2707 1922 non
2753 1865 2904 1929 novi,
2947 1879 3144 1935 nempe
3170 1864 3460 1934 juvenisne

211 1954 302 2024 τὴν
333 1949 624 2019 συζυγίαν,
655 1948 751 2005 καὶ
771 1947 889 2006 οταν
916 1946 1089 2012 εἰκὸς,
1116 1947 1251 2001 Θεοῦ
1283 1948 1732 2020 συναρμόζοντος.

1906 1969 2059 2009 :ausa
2093 1955 2160 2010 ad
2192 1962 2432 2012 vestram
2461 1956 2862 2027 praestantiam,
2887 1971 2955 2009 an
2982 1963 3163 2010 vestra
3194 1968 3361 2009 causa
3392 1953 3461 2007 ad

210 2045 501 2114 juvenem?
540 2042 718 2098 Patris
763 2041 909 2097 enim
972 2043 1353 2099 benevolentia
1388 2058 1488 2114 par
1550 2060 1677 2117 erga
1709 2046 1932 2105 liberos.
1980 2050 2250 2106 Caeterum
2317 2050 2374 2106 id
2408 2052 2560 2109 vobis
2607 2028 2868 2123 opto,'ut
2910 2051 3013 2106 hoc
3056 2049 3459 2106 matrimonium

212 2153 365 2208 quam
382 2137 594 2208 optime
620 2135 803 2200 cedat,
826 2140 990 2217 atque
1019 2146 1095 2192 ita
1125 2143 1185 2193 ut
1218 2152 1318 2208 par
1343 2147 1455 2206 est,
1480 2154 1605 2195 cum
1635 2139 1789 2207 Deus
1816 2142 1871 2197 id
1898 2144 2139 2215 copulat.

582 2290 748 2347 ΣΛΑι.
783 2290 1069 2361 Erzseta
1091 2291 1249 2362 ΦΙΛῼ
1278 2290 1414 2364 (62).

2239 2296 2520 2353 CCXXXI.
2562 2296 2859 2355 EUSEBIO
2894 2296 3128 2353 AMICO.

215 2445 429 2503 Fsstiva
459 2414 748 2503 admodum
777 2456 854 2501 est
883 2442 993 2502 hau:
1036 2447 1261 2526 epistola
1287 2448 1525 2526 quamvis
1555 2466 1587 2502 a
1617 2450 1729 2504 uiro
1761 2450 1948 2526 _morb_o
1989 2451 2265 2526 laborante
2294 2454 2516 2526 seripla,
2544 2453 2773 2509 Eusebio
2817 2453 2881 2509 de
2910 2454 3071 2526 hujus
3099 2454 3204 2524 ﬁlii
3232 2451 3466 2522 nuptiis;

1197 2516 1551 2573 benedictione
1578 2528 1629 2573 et
1666 2520 1801 2575 votis
1834 2520 2156 2577 solemnibus
2195 2516 2485 2578 clauditur.

280 2670 531 2725 Εὐῶπιον
547 2671 589 2741 ἡ,
603 2669 832 2741 φιλτάτη
848 2669 958 2740 (65)
976 2710 991 2736 ,
1015 2672 1111 2725 καὶ
1128 2670 1309 2742 γάμου
1325 2671 1539 2743 καιρὸς,
1566 2673 1658 2727 καὶ
1674 2672 1797 2743 βίου

218 2763 455 2831 κρηπὶς,
500 2761 594 2812 καὶ
638 2758 885 2830 πατέρων
924 2759 1081 2830 εὐχαὶ
1127 2760 1536 2833 πληρούμεναι.
1601 2762 1794 2833 Ἡμεῖς

218 2850 276 2903 δὲ
304 2849 571 2918 άπεσμεν,
624 2846 719 2911 οὓς
753 2848 985 2919 μάλιστα
1019 2852 1270 2921 παρεῖναι
1305 2850 1399 2903 καὶ
1439 2849 1792 2920 συνεύχεσθαι

217 2939 426 2993 δίκαιον
460 2936 549 3009 ἦν.
586 2940 694 2993 Καί
726 2957 808 2992 τοι
842 2941 935 2995 καὶ
971 2940 1312 3013 ὑπεσχόμην,
1333 2941 1396 2995 τὸ
1422 2941 1531 3014 γάρ
1557 2939 1796 3006 ἐλπίζειν

220 3031 364 3101 ὑπῆν
390 3030 466 3100 τῷ
496 3030 698 3087 ποθεῐνσ
734 3030 913 3086 ἱκανὸν
943 3031 1049 3102 γὰρ
1082 3031 1161 3094 εἰς
1192 3032 1407 3102 ἀπάτην
1441 3032 1552 3104 (64)
1580 3032 1642 3087 τὸ
1672 3031 1799 3102 βού-

221 3121 429 3175 λεσθαι.
461 3122 568 3175 Καὶ
597 3122 853 3187 πολλάκις
880 3123 985 3192 μὲν
1005 3122 1278 3192 ὁρμήσας,
1292 3122 1554 3187 πολλάκις
1576 3122 1632 3175 δὲ
1663 3139 1796 3175 κατ-

221 3213 478 3284 οκνήσας,
509 3213 663 3276 τέλος
705 3214 941 3285 ἡττήθην
973 3213 1067 3285 τῆς
1123 3213 1431 3285 ἀρρωστίας
1459 3213 1592 3285 (65).
1617 3213 1801 3268 Ἀλλοι

226 3304 325 3374 μὲν
358 3299 453 3357 οὖν
486 3303 822 3358 καλείτωσαν
866 3304 1073 3375 ἔρωτας
1110 3304 1319 3376 (ἐπειδὴ
1354 3305 1590 3375 γαμικὸν
1620 3304 1714 3361 καὶ
1741 3303 1805 3357 τὸ

224 3396 465 3467 παίζειν)
490 3435 505 3454 .
556 3397 651 3449 καὶ
696 3395 962 3467 παρθένου
1015 3396 1213 3463 κάλλος
1256 3397 1663 3468 γραφέτωσαν,
1711 3397 1805 3455 καὶ

226 3484 461 3556 νυμφίου
504 3484 662 3556 χάριν
698 3485 1175 3555 ἀντεγειρέτωσαν,
1211 3485 1309 3543 καὶ
1336 3484 1679 3556 βαλλέτωσαν
1715 3486 1804 3540 λό-

227 3591 347 3643 γοις
377 3574 515 3644 μετὰ
554 3573 663 3627 τῶν
707 3573 882 3628 ἀνθῶν
928 3575 1039 3647 (66)
1073 3575 1171 3640 τὰς
1216 3575 1515 3639 παστάδας.
1566 3575 1707 3645 Ἐγὼ
1749 3576 1807 3629 δὲ

229 3665 361 3734 ύμῖν
385 3664 644 3735 προσείσω
662 3664 773 3733 (ὺῖ)
795 3664 886 3717 τὸν
907 3666 1037 3737 ἐμὸν
1057 3665 1432 3737 ἐπιθαλάμιον.
1456 3667 1809 3737 resumam

230 3752 389 3820 ὑμᾶς
414 3755 624 3822 Κύριος
648 3754 716 3808 ἐκ
746 3754 915 3820 Σιὼν,
946 3757 1039 3811 καὶ
1072 3756 1228 3821 αὐτὸς
1263 3757 1500 3827 ἁρμόσαι
1526 3756 1625 3828 τὴν
1652 3756 1812 3821 συζυ-

234 3844 380 3913 γίαν,
416 3844 516 3897 καὶ
564 3843 715 3909 ίόοις
750 3845 918 3911 υἱοὺς
955 3844 1074 3900 τῶν
1116 3846 1264 3901 υἱῶν
1310 3862 1450 3911 σου,
1492 3847 1552 3900 οὐ
1596 3847 1729 3901 πολὺ
1765 3848 1810 3902 δ’

234 3937 431 3998 εἰπεῖν,
453 3934 537 3987 ὅτι
560 3934 654 3988 καὶ
680 3935 1015 4006 κρείσσονας.
1042 3935 1215 3990 Τοῦτο
1239 3937 1334 3991 καὶ
1355 3936 1545 4009 παρὼν
1572 3937 1812 4007 ἐπηυξά-

240 4043 349 4096 μην
403 4025 468 4079 ἂν
518 4026 669 4095 ὑμῖν,
690 4027 783 4079 καὶ
830 4025 923 4080 νῦν
975 4027 1301 4100 ἐπεύχομαι.
1348 4027 1528 4083 Τᾶλλα
1580 4028 1637 4081 δὲ
1684 4028 1815 4098 ὑμῖν

1968 2674 2171 2746 Evopia
2202 2677 2601 2744 amantissima,
2631 2684 2687 2733 et
2713 2675 2956 2733 nubendi
2995 2683 3232 2746 tempus,
3259 2681 3315 2731 et
3348 2675 3472 2731 vita:

1900 2764 2341 2832 fundamentum,
2386 2774 2441 2822 et
2473 2776 2765 2837 parentum
2806 2774 2933 2823 vota
2968 2767 3201 2837 expleta.
3232 2764 3344 2822 Nos
3372 2781 3469 2821 au-

1899 2859 2009 2909 tem
2033 2853 2318 2919 absumus,
2356 2870 2497 2924 quos
2538 2855 2778 2911 maxime
2818 2854 3013 2911 adesse
3050 2868 3114 2908 ac
3151 2854 3313 2908 simul
3343 2859 3471 2907 vota

1904 2942 2087 2999 facere
2139 2946 2449 3014 oportebat.
2506 2944 2653 3011 Quin
2704 2945 2759 3000 id
2814 2960 3033 3015 quoque
3094 2943 3472 3014 promiseram,

1905 3032 2173 3102 siquidem
2219 3034 2506 3104 cupiditati
2545 3050 2672 3105 spes
2717 3035 2943 3091 suberat
2981 3053 2996 3089 :
3036 3049 3289 3105 magnam
3327 3033 3473 3089 enim

1903 3122 1972 3177 ad
2017 3121 2315 3178 fallendum
2364 3124 2473 3177 vim
2513 3124 2678 3180 habet
2706 3125 2910 3195 aliquid
2954 3124 3109 3179 velle.
3147 3125 3323 3194 Atque
3359 3123 3478 3195 ipse

1902 3214 2148 3285 quidem,
2195 3230 2321 3269 cum
2373 3229 2516 3284 saepe
2560 3215 2835 3286 proﬁcisci
2884 3230 3188 3285 parassem,
3226 3229 3290 3269 ac
3336 3229 3481 3284 saepe

1904 3320 2124 3360 rursum
2151 3312 2446 3360 cunctatus
2477 3320 2679 3372 essem,
2709 3305 2928 3360 tandem
2977 3320 3008 3359 a
3031 3305 3223 3359 morbo
3253 3319 3480 3373 supera-

1908 3402 1997 3452 tus
2030 3410 2173 3451 sum.
2204 3395 2310 3452 Alii
2341 3395 2508 3465 igitur
2527 3409 2744 3449 amores
2774 3400 2972 3448 vocent
3017 3392 3481 3463 (quandoquidem

1907 3485 2113 3555 nuptiis
2151 3492 2560 3541 consentaneus
2607 3490 2692 3539 est
2748 3483 2946 3554 lusus),
3001 3497 3067 3537 ac
3096 3482 3326 3553 virginis
3359 3482 3483 3552 pul-

1908 3576 2272 3632 chritudinem
2306 3577 2553 3646 pingant,
2602 3573 2903 3643 sponsique
2934 3580 3273 3629 venustatem
3325 3571 3485 3627 vicis-

1910 3668 2014 3723 sim
2046 3667 2323 3733 attollant,
2347 3666 2761 3737 thalamumque
2791 3671 2850 3720 ut
2888 3662 3141 3728 ﬂoribus,
3170 3664 3244 3718 ita
3281 3675 3485 3718 sermo-

1909 3759 2076 3815 nibus
2117 3765 2503 3829 conspergant.
2552 3756 2665 3829 Ego
2700 3770 2830 3811 vero
2860 3755 3106 3828 nuptiale
3151 3770 3330 3810 meum
3358 3766 3486 3807 car-

1912 3864 2036 3906 men
2092 3849 2251 3905 vobis
2303 3851 2547 3905 accinam
2585 3864 2599 3901 :
2646 3848 2936 3903 Benedicat
2985 3863 3074 3901 ros
3114 3844 3373 3899 Dominus
3422 3858 3488 3896 ea:

1915 3939 2130 4006 Sion";
2158 3947 2323 4010 atque
2356 3939 2472 4009 ipse
2493 3939 2902 3994 matrimonium
2936 3937 3230 3992 concinnet
3262 3949 3275 3986 :
3310 3932 3380 3986 Et
3405 3932 3486 3986 vi-

1914 4029 2041 4086 deas
2078 4030 2477 4099 ﬁlios-ﬁliorum
2507 4038 2717 4082 tuorum
2752 4029 2817 4094 “;
2844 4042 2981 4097 pene
3027 4024 3238 4088 addidi,
3272 4031 3327 4077 te
3349 4036 3488 4094 quos

242 4116 474 4189 μελέτω,
517 4117 611 4171 καὶ
656 4117 999 4186 στεφανούτω
1038 4119 1243 4189 πατὴρ,
1275 4118 1350 4182 ὡς
1389 4117 1612 4190 ηύξατο.
1647 4116 1797 4171 Τοῦτι

1917 4137 2024 4192 que
2054 4120 2312 4176 meliores
2363 4134 2430 4175 ac
2462 4120 2893 4193 praestantiorem
2945 4116 3063 4172 Hoc
3106 4124 3175 4170 et-
3208 4114 3384 4177 vobis,
3441 4111 3491 4167 si

239 4209 351 4277 γὰρ
381 4209 478 4261 καὶ
496 4209 549 4262 εί
566 4224 669 4262 που
698 4208 897 4278 γάμοις
925 4210 1399 4281 παραγεγόναμενς
1435 4207 1814 4278 ἐτυπὼσαμεψ

241 4300 466 4353 ἐκείνων
488 4299 587 4369 μὲν
605 4295 891 4364 εἶναιτοὺς
919 4302 1232 4370 στεφάνους,
1259 4303 1293 4372 ή
1302 4300 1416 4372 μῶν
1436 4300 1494 4353 δὲ
1514 4300 1611 4365 τὰς
1633 4299 1817 4370 εὐχὰς,

241 4391 310 4455 ἃς
342 4386 461 4444 οῖδα
490 4388 562 4461 μὴ
592 4390 775 4455 τόποις
807 4391 1154 4463 ὁριζομὲνας.

1919 4213 2190 4278 adessem,
2234 4227 2515 4279 orassem;
2564 4219 2619 4265 et
2662 4225 2812 4265 nunc
2864 4216 3016 4280 opto.
3066 4206 3276 4262 Caetera
3307 4210 3491 4259 autem

1919 4302 2079 4357 vobis
2127 4316 2277 4355 cura:
2307 4302 2438 4364 sint,
2467 4315 2531 4354 ac
2556 4307 2712 4371 pater
2737 4299 2903 4353 tiliam
2936 4297 3090 4353 vittis
3122 4295 3395 4355 redimiat,
3433 4299 3495 4344 ut

1847 4384 1894 4442 D
1928 4391 2157 4461 optavit.
2192 4391 2307 4446 lloc
2345 4392 2514 4456 enim,
2563 4398 2619 4446 et
2665 4391 2826 4447 sicuti
2877 4388 3087 4459 nuptiis
3122 4384 3493 4448 interfuimus,

244 4482 711 4552 praeseripsimus;
780 4499 975 4555 nempe
1045 4486 1289 4556 ipsorum
1355 4498 1590 4541 coronas
1617 4498 1759 4551 esse,
1803 4492 2054 4541 nostrum
2118 4494 2303 4542 autem
2342 4501 2467 4544 esse
2509 4501 2721 4559 preces,
2771 4497 2910 4561 quas
2954 4485 3070 4541 scio
3109 4482 3246 4538 locis
3275 4476 3496 4535 minimc

247 4578 502 4634 delinitas
522 4594 585 4633 ac
613 4578 1082 4651 circumscriptus.

353 4754 397 4787 ³³
448 4754 592 4812 Psal.
625 4771 834 4820 cxxvu,
866 4758 919 4814 5.
999 4758 1041 4790 “
1079 4757 1211 4813 ibid.
1243 4758 1303 4812 6.

322 4929 441 5012 (59).
473 4929 723 4985 Μᾶλλον
770 4926 943 5012 ὦμεν.
996 4930 1104 4988 Pro
1156 4925 1316 5012 ﬁxum
1377 4930 1495 4987 Bill.
1566 4927 1819 5000 proponit

249 5002 467 5070 ἐρῶμεν
495 5038 511 5063 ,
579 5016 773 5071 nosque
818 5011 1000 5056 nruluo
1059 5002 1252 5072 majori
1308 5018 1486 5057 amore
1540 5015 1826 5069 prosequa-

251 5085 392 5123 οων.

324 5138 436 5208 (δθ)
460 5139 949 5213 Πρατμᾳτεύετμι.
981 5139 1116 5213 Cod.
1148 5138 1623 5213 πραγματεύηται,
1671 5145 1826 5204 atque

250 5208 308 5261 id
331 5207 456 5275 agat
489 5224 551 5261 ac
572 5207 825 5263 moliatur
856 5211 1012 5265 Deus.
1070 5212 1079 5219 ’

325 5272 436 5347 (61)
479 5277 788 5347 Τιμιότητι.
818 5279 1073 5334 Nonnulli
1094 5278 1257 5335 codd.
1288 5293 1351 5333 ac
1377 5273 1622 5347 Combef.
1647 5272 1825 5347 λογιό-

251 5342 399 5419 ςητι,
420 5342 501 5399 ad
532 5342 784 5419 ἱειειζιίιρηΔ
805 5350 1132 5419 facundiam.
1180 5347 1325 5413 Mox,
1363 5363 1459 5419 pro
1492 5344 1620 5414 περὶ
1651 5342 1825 5412 ὑμῶν,

252 5412 669 5487 linteorum“
695 5412 1018 5487 §E§b159m

327 5459 667 5551 iﬁlli?
701 5459 987 5543 ΕΗΓ
1001 5459 1220 5558 ἑτι-ἱραί
1275 5487 1463 5544 eodem
1512 5480 1652 5537 forte
1693 5489 1832 5534 tem-

258 5569 408 5623 pore.

1834 4670 1901 4690 δ.

1995 4923 2405 5045 (ΞΒῘΈύὠπιον
2429 4920 2468 4987 ἠ
2500 4916 2775 4990 φιλτάτη.
2801 4912 2923 4967 Bill.
2956 4909 3156 4981 Evopia
3186 4911 3263 4964 lui
3293 4924 3496 4963 autores

2049 5011 2076 5045 e
2099 5009 2236 5045 tctw.

1924 4995 2238 5134 “italu;
2272 5056 2531 5127 ἀπάτην.
2581 5054 2723 5110 eod.
2751 5051 2914 5116 2022,
2945 5047 3085 5106 ε...

1923 5129 2329 5186 αάάηὶαηιίιιηι.
3362 5183 3373 5195 ,

1994 5200 2107 5267 (65)
2168 5196 2463 5267 Ἠττήθην
2504 5193 2613 5263 τῆς
2667 5188 3020 5259 ἁῤῥωστίας.
3086 5182 3498 5241 Combctisms:

1921 5266 2107 5324 Morbo
2136 5266 2401 5322 succubui.

2138 5319 2327 5419 dista-
2345 5329 2718 5419 zézrnaudér.
2756 5330 2833 5383 lta
2868 5324 2992 5381 cod.
3041 5331 3096 5380 et
3151 5319 3400 5379 Combef.
3443 5320 3502 5374 In

1926 5401 2059 5463 edit.
2088 5401 2230 5469 μετὰ
2261 5402 2367 5457 τῶν
2398 5401 2623 5455 ἀνθέων.
2670 5467 2680 5469 ᾼ
2745 5468 2757 5469 7
3016 5462 3048 5469 Δ
3147 5461 3159 5469 _
3218 5459 3240 5469 _
3283 5456 3301 5469 _
3421 5458 3453 5469 η

1998 5422 2059 5460 ιι.
2161 5422 2230 5458 τα
2261 5422 2367 5457 των
2398 5422 2623 5455 ανυεων.

1998 5422 2455 5615 (ϐτῖηροσᾲσω.
2481 5471 2557 5524 Ita
2585 5467 2706 5524 cod.
2739 5464 2895 5532 M05,
2925 5480 2989 5520 ac
3008 5459 3255 5518 Combel‘.
3282 5456 3344 5514 in
3372 5458 3500 5514 edit.

1998 5561 2079 5597 >οσ
2120 5558 2246 5596 σων.

1939 5558 2246 5616 προσασων.
