3822 6206
271 218 368 277 39!

1528 215 1588 272 S.
1630 212 1961 272 GREGOBH
2011 213 2354 271 THEOLOGI

3405 220 3508 281 39!

338 329 544 385 Servos
583 342 944 399 quoscunque
983 326 1067 384 vel
1098 339 1219 383 mea
1252 327 1556 390 voluntate.
1594 328 1677 384 vel
1706 328 1823 383 bea<

2002 329 2141 393 Τοὺς
2159 325 2251 384 οὗν
2270 326 2506 393 οἰκέτας,
2524 328 2618 391 οὓς
2634 327 2744 399 (3i)
2769 328 3139 411 ἠλευθέρωσα,
3159 329 3268 386 εἴτε
3290 331 3349 399 ἐξ
3366 336 3507 405 ἐμῆς

270 422 609 477 tissimorum
664 428 952 491 parentum
1021 434 1269 475 meorum
1325 419 1582 475 mandato
1641 433 1830 473 manu-

270 512 395 567 misi
427 531 441 566 :
471 512 572 567 hos
600 526 794 567 omnes
832 524 984 566 nunc
1009 509 1175 566 etiam
1206 509 1408 565 liberos
1439 523 1660 565 manere
1687 509 1832 575 volo,

265 612 321 656 et
342 601 552 671 peculia
584 616 682 656 sua
725 600 862 670 ipsis
891 601 1100 670 absque
1132 599 1242 653 ullo
1269 598 1658 669 impedimento
1678 597 1835 650 (irma

266 706 604 764 permanere.
657 689 789 747 Volo
829 700 1092 761 praeterea
1138 691 1407 745 haeredem
1454 703 1660 752 meum,
1699 686 1835 742 Gre-

266 783 479 854 gorium
524 782 838 846 diaconum,
883 796 991 836 una
1027 796 1152 836 cum
1204 780 1490 836 Eustathio
1539 777 1831 844 monacho,

266 874 457 929 ambos
477 873 609 927 olim
637 889 667 927 e
691 871 852 927 domo
875 886 1017 935 mea,
1039 871 1321 940 possidere
1342 869 1606 939 praedium
1636 867 1834 921 Arian-

266 978 485 1026 zenum,
513 962 658 1032 quod
708 977 772 1017 ex
819 960 1051 1033 Rhegini
1093 961 1254 1017 bonis
1306 959 1376 1014 ad
1424 974 1527 1014 nos
1562 957 1828 1029 pervenit.

262 1050 521 1124 Gregales
561 1068 692 1108 vero
738 1067 910 1123 equas
957 1062 1011 1109 et
1054 1067 1206 1118 oves,
1251 1057 1518 1122 quotquot
1548 1050 1660 1119 jam
1697 1048 1832 1120 ipsis

265 1155 505 1211 praesens
544 1140 661 1195 dari
699 1140 864 1210 jussi,
895 1155 1237 1211 quarumque
1277 1137 1666 1209 proprietatem
1698 1137 1830 1207 ipsis

263 1245 330 1285 ac
385 1230 687 1285 dominium
731 1229 967 1296 tradidi,
1008 1231 1107 1285 has
1156 1229 1291 1300 ipsis
1342 1228 1558 1300 quietas
1610 1242 1832 1284 manere

261 1323 409 1386 volo,
434 1322 559 1392 jure
587 1320 838 1378 dominii.
870 1321 974 1377 Per
1010 1320 1432 1393 praeceptionem
1471 1320 1600 1376 item
1622 1317 1830 1391 Grego-

261 1415 403 1469 rium
434 1414 746 1476 diaconum,
778 1418 834 1467 et
865 1411 1138 1467 haeredem
1173 1426 1376 1477 meum,
1409 1410 1502 1481 qui
1538 1410 1671 1466 mihi
1701 1408 1832 1466 lide-

261 1506 384 1562 liter
420 1504 768 1568 ministravit,
803 1503 1019 1574 privato
1049 1503 1174 1573 jure
1207 1502 1439 1557 dominii
1469 1500 1672 1557 habere
1703 1500 1831 1556 volo

259 1608 456 1649 aureos
485 1605 711 1647 numero
732 1578 1155 1662 quinquaginta.
1191 1590 1477 1645 Russiante
1514 1589 1713 1660 virgini
1736 1605 1830 1645 ve-

260 1682 535 1750 nerandae,
567 1682 885 1752 propinquae
916 1696 1068 1747 mete,
1100 1692 1249 1736 certa
1274 1680 1521 1751 qua-dam
1560 1681 1613 1734 in
1652 1694 1828 1735 annos
1861 1673 1902 1732 Β

259 1774 505 1846 singulos
526 1772 823 1842 darijussi,
862 1772 1008 1828 unde
1033 1772 1332 1827 liberaliter
1357 1773 1529 1839 vivat;
1557 1786 1679 1842 quae
1707 1772 1830 1842 qui-

258 1866 382 1921 dem
411 1866 596 1921 omnia
622 1866 820 1930 eidem,
848 1862 1305 1937 quemadmodum
1331 1864 1666 1934 prescripsi,
1706 1865 1831 1919 volo

257 1971 324 2010 ac
352 1955 521 2025 jubco
558 1955 851 2026 quotannis
891 1954 1011 2012 sine
1043 1969 1196 2008 mora
1235 1955 1505 2024 praestari.
1544 1952 1620 2011 De
1666 1954 1828 2010 habia

259 2047 468 2103 tatione
500 2055 680 2101 autem
726 2053 840 2100 tum
872 2044 1093 2116 quidem
1129 2044 1267 2099 nihil
1303 2051 1594 2115 propterea
1634 2045 1825 2112 statui,

216 2139 401 2213 'quod
446 2136 715 2193 nescirem
761 2136 985 2192 ubinam
1033 2134 1154 2207 ipsa
1179 2134 1377 2205 degere
1421 2134 1626 2190 mallet.
1671 2132 1829 2189 Nunc

257 2245 407 2295 vero,
453 2238 508 2285 et
540 2229 645 2285 hoc
685 2230 828 2295 volo,
877 2244 1210 2300 quocunque
1266 2228 1384 2298 ipsa
1419 2228 1539 2283 loco
1578 2228 1825 2298 elegerit,

257 2322 441 2393 parari
480 2321 529 2378 ei
550 2322 771 2377 domum
808 2323 1056 2392 ingenuae
1092 2328 1508 2391 congruentem,
1554 2319 1621 2374 ad
1659 2319 1829 2375 hone-

254 2422 394 2469 stam
434 2413 661 2485 virginis
704 2413 1098 2468 babitationem
1135 2430 1150 2466 :
1183 2427 1343 2481 quam
1387 2413 1572 2481 utique
1601 2409 1824 2465 domum

255 2505 376 2560 sine
415 2503 857 2573 interpellatione
891 2502 1113 2557 habebit
1145 2502 1263 2572 ipsa
1306 2502 1361 2555 in
1394 2500 1823 2563 usumfructum,

253 2593 438 2666 quoad
492 2595 689 2649 vixerit
737 2612 752 2649 :
797 2601 984 2664 postea
1047 2607 1176 2647 vero
1236 2591 1486 2647 restituet
1543 2589 1824 2646 Ecclesiae.

255 2687 392 2742 Addi
420 2693 680 2758 praeterea
720 2686 894 2741 eidem
929 2685 1051 2740 volo
1093 2685 1305 2755 puellas
1333 2685 1494 2748 duas,
1531 2700 1671 2756 quas
1705 2685 1823 2756 ipsa

253 2779 510 2850 delegerit
538 2797 551 2833 :
584 2778 688 2832 hoc
717 2777 988 2850 .uimirum
1019 2785 1201 2848 pacto,
1234 2784 1294 2830 ut
1336 2790 1460 2830 cum
1501 2791 1564 2832 ea
1606 2791 1824 2832 moren-

255 2880 346 2927 tur
380 2872 571 2941 puella:
598 2885 772 2942 usque
803 2871 933 2925 dum
976 2871 1161 2926 vivet:
1193 2877 1249 2926 et
1281 2871 1328 2926 si
1354 2870 1573 2941 quidem
1607 2870 1716 2926 illis
1749 2871 1822 2924 ita

253 2964 431 3020 visum
465 2962 650 3029 fuerit,
697 2963 858 3019 liceat
887 2961 992 3033 ipsi
1039 2962 1289 3018 libertate
1319 2977 1414 3018 eas
1461 2963 1690 3025 donare,
1734 2962 1821 3016 sin
1849 2997 1892 3054 ϐ

253 3057 458 3120 minus,
511 3062 569 3112 et
600 3055 707 3110 illa!
761 3068 980 3126 quoque
1028 3054 1095 3109 ad
1142 3053 1440 3111 Ecclesiam
1493 3055 1822 3126 pertineant.

256 3145 617 3218 Theophilum
656 3159 912 3217 puerum,
942 3144 1035 3215 qui
1077 3160 1291 3199 mecum
1322 3151 1527 3211 manet,
1555 3144 1668 3214 jam
1711 3157 1826 3197 ma-

251 3236 480 3292 nmnisi.
513 3234 650 3290 Volo
679 3242 862 3290 autem
904 3235 957 3291 ei
995 3249 1142 3290 nunc
1170 3235 1335 3291 etiam
1372 3234 1491 3290 dari
1534 3234 1696 3305 legati
1725 3248 1826 3288 no-

254 3331 400 3385 mine
431 3342 685 3385 nummos
714 3328 977 3399 quinque.
1027 3327 1359 3400 Eupraxium
1396 3344 1527 3384 vero
1551 3330 1672 3398 ejus
1709 3328 1825 3383 fra-

251 3430 391 3477 trem
433 3421 667 3475 liberum
706 3433 831 3476 esse
875 3419 1020 3485 volo,
1053 3420 1213 3490 eique
1247 3419 1406 3489 legati
1454 3419 1676 3474 nomine
1703 3419 1822 3474 dari

252 3524 505 3566 nummos
553 3523 753 3566 aureos
796 3509 1061 3580 quinque.
1095 3506 1232 3564 Volo
1265 3517 1531 3579 praeterea
1571 3508 1820 3564 Theodo-

250 3599 393 3653 sium
437 3597 713 3654 notarium
760 3613 940 3653 meum
982 3597 1407 3662 liberum-esse,
1452 3599 1615 3668 eique
1659 3598 1821 3669 legati

247 3689 473 3745 nomine
505 3689 626 3744 dari
665 3702 864 3744 aureos
909 3704 1165 3745 nummos
1190 3689 1455 3761 quinque.
1496 3690 1820 3762 Alypianam

247 3779 414 3836 tiliam
472 3793 650 3834 meam
703 3779 1083 3836 dulcissimam
1129 3783 1475 3843 (eaeterarum
1522 3784 1668 3836 enim
1714 3782 1824 3836 Eu-

247 3872 420 3943 genis:
448 3871 684 3942 203et
717 3868 946 3936 Nonnae,
986 3872 1182 3943 exigua
1238 3873 1379 3927 ratio
1420 3872 1669 3929 ducenda
1711 3883 1820 3938 est,

247 3972 308 4020 ut
335 3978 567 4035 quarum
604 3963 715 4017 vita
763 3963 1190 4035 reprehensione
1216 3980 1329 4020 non
1369 3965 1549 4035 vacat)
1606 3964 1818 4019 veniam

247 4055 380 4109 mihi
421 4052 552 4109 dare
581 4053 727 4118 volo,
755 4054 905 4125 quod
943 4054 1080 4109 nihil
1110 4055 1320 4125 possim
1351 4055 1459 4125 ipsi
1485 4054 1817 4127 relinquere,

246 4146 448 4216 quippe
498 4145 594 4227 qui
639 4144 825 4200 omnia
869 4144 985 4214 jam
1016 4145 1356 4216 pauperibus
1388 4147 1683 4215 destinavi,
1724 4156 1819 4202 aut

246 4237 432 4308 potius
485 4235 823 4291 beatissimis
885 4237 1248 4306 parentibus,
1296 4238 1391 4308 qui
1456 4237 1531 4292 ita
1587 4239 1815 4309 polliciti

1943 419 2331 494 προαιρέσεως,
2351 418 2460 472 εἴτε
2491 419 2550 483 ἐξ
2575 420 2801 473 ἐντολῶν
2817 421 2924 474 τῶν
2950 423 3378 492 μακαριωτάτων
3390 426 3506 497 (52)

1939 512 2140 581 γονέων
2182 528 2305 582 μου,
2349 510 2567 574 τούτους
2609 512 2815 577 πάντας
2860 511 3119 583 βούλομαι
3166 514 3262 567 καὶ
3297 514 3392 569 νῦν
3420 516 3509 568 ἐπ’

1937 600 2249 672 ἐλευθερίας
2304 600 2508 671 μένειν,
2548 603 2641 655 καὶ
2693 601 2762 655 τά
2811 602 3073 656 πεκούλια
3103 605 3285 662 αὐτοῖς
3325 602 3510 660 πάντα

1941 689 2126 760 μένειν
2156 688 2387 759 βεϐαίως
2404 691 2497 743 καὶ
2529 691 2876 762 άνενόχλητα.
2908 693 3028 746 Ἔτι
3057 694 3317 765 βούλομαι
3339 710 3509 749 κατα-

1941 780 2088 849 σχεῖν
2114 778 2205 832 τὸν
2250 778 2579 851 κληρονόμον
2610 798 2713 852 μου
2766 783 3064 855 Γρηγόριον
3110 783 3202 838 τὸν
3239 784 3506 851 διάκονον,

1939 870 2059 940 ἅμα
2111 869 2191 940 τῷ
2245 869 2525 941 μονάζοντι
2584 873 2891 944 Εὐσταθίῳ,
2938 876 3064 938 τοὺς
3095 876 3417 945 γενομένους
3442 877 3506 930 ἐκ

1935 958 2037 1029 τῆς
2066 959 2244 1022 οίκίας
2278 965 2383 1030 μού
2433 978 2585 1027 ποτε,
2622 962 2806 1032 κτῆμα
2857 965 2913 1015 ἐν
2954 961 3257 1034 Ἀριανζοῖς
3283 964 3416 1035 (53),
3447 964 3508 1017 τὸ

1937 1051 2002 1101 ἐκ
2028 1048 2136 1101 τῶν
2171 1049 2418 1120 Ῥηγίνου
2448 1049 2709 1105 κατελθὸν
2737 1052 2815 1114 είς
2847 1053 3013 1122 ἡμᾶς.
3048 1052 3128 1105 Τὰ
3165 1053 3221 1106 δὲ
3251 1053 3504 1125 φοράδια,

1936 1139 2031 1192 καὶ
2051 1139 2120 1192 τὰ
2141 1139 2405 1210 πρόϐατα,
2431 1142 2532 1195 ὅσα
2558 1141 2659 1212 ήδη
2701 1142 2882 1206 αὐτοῖς
2909 1143 3097 1216 παρὼν
3135 1144 3395 1198 ἐκέλευσα
3422 1145 3508 1199 δοο

1937 1230 2115 1303 θῆναι,
2153 1226 2229 1286 ὧν
2263 1233 2359 1287 καὶ
2396 1234 2495 1304 τὴν
2526 1236 2695 1306 νομὴν
2738 1235 2920 1300 αὐτοῖς
2949 1237 3041 1290 καὶ
3064 1238 3161 1309 τὴν
3188 1239 3503 1294 δεσποτείαν

1935 1321 2250 1393 παρέδωκα,
2278 1321 2449 1376 ταῦτα
2477 1322 2657 1394 μένειν
2678 1324 2860 1387 αὐτοῖς
2891 1325 3221 1399 άνενόχλητα
3242 1326 3501 1398 βούλομαι

1934 1410 2249 1476 δεσποτείας
2274 1412 2485 1485 δικαίῳ.
2528 1415 2648 1467 Ἔτι
2679 1413 2734 1467 δὲ
2759 1414 3050 1487 ἐξαιρέτως
3088 1418 3384 1489 Γρηγόριον
3410 1419 3502 1473 τὸν

1933 1503 2177 1557 διάκονον
2193 1504 2286 1558 καί⁸
2317 1503 2648 1576 κληρονόμον
2676 1523 2799 1576 μου,
2823 1506 3060 1578 γνησίως
3086 1508 3502 1582 ὑπηρετήσαντα

1938 1611 2050 1665 μοι,
2111 1594 2369 1668 βούλομαι
2437 1599 2729 1667 κατασχεῖν
2786 1598 2902 1668 ίδίῳ
2951 1597 3268 1663 δεσποτείας
3308 1600 3502 1672 δικαίῳ

1930 1687 2213 1758 χρυσίνους
2245 1688 2335 1741 τὸν
2354 1688 2586 1761 ἀριθμὸν
2607 1693 2962 1763 πεντήκοντα.
2997 1691 3075 1762 Τῇ
3098 1692 3500 1765 αίδεσιμωτάτῃ

1931 1777 2185 1848 παρθένῳ
2231 1778 2576 1850 Ῥουσσιανῇ,
2613 1783 2679 1853 τῇ
2722 1780 2991 1850 συγγενίδι
3034 1798 3156 1852 μου,
3198 1781 3339 1853 ῥητά
3381 1784 3503 1837 ἐκέ-

1931 1869 2095 1923 λευσα
2152 1871 2275 1924 καθ’
2332 1871 2561 1926 ἕκαστον
2606 1871 2724 1935 ἔτος
2765 1871 3001 1925 δίδοσθαι
3040 1871 3255 1943 πρδςτὺ
3281 1872 3499 1926 ἐλευθε-

1931 1961 2062 2033 ρίως
2103 1962 2215 2033 (54)
2238 1961 2408 2034 αὐτὴν
2427 1962 2634 2031 διάγειν
2653 1979 2667 1993 ·
2704 1962 2849 2033 ἅπερ
2889 1962 3148 2034 βούλομαι
3173 1964 3267 2017 καὶ
3295 1962 3501 2017 κελεύω

1931 2049 2108 2103 πάντα
2139 2050 2279 2104 κατὰ
2320 2052 2411 2105 τὸν
2445 2041 2638 2115 τύπον,
2665 2051 2723 2105 ὃν
2754 2052 3082 2124 προσέταξα,
3120 2052 3503 2124 άνυπερθέπυς

1928 2139 2066 2210 αὐτῇ
2105 2138 2340 2195 δίδοσθαι
2391 2139 2512 2194 καθ’
2545 2141 2772 2195 ἕκαστον
2817 2140 2956 2205 ἔτος.
2981 2142 3115 2214 Περὶ
3141 2141 3198 2194 δὲ
3233 2143 3499 2212 οἰκήσεως

1927 2230 2117 2301 αὐτῆς,
2147 2231 2267 2284 τότε
2318 2231 2420 2301 μὲν
2465 2230 2617 2285 οὐδὲν
2672 2230 3022 2303 διεταξάμην,
3055 2230 3131 2302 μὴ
3182 2230 3337 2295 εἰδὼς
3393 2230 3498 2284 ποῦ

1931 2321 2131 2392 μᾶλλον
2159 2321 2387 2393 άρεπόν
2411 2323 2559 2375 ἐστιν
2588 2322 2724 2390 αὐτῇ
2746 2321 2951 2390 διάγειν
2969 2338 2984 2351 ·
3019 2320 3114 2375 νῦν
3138 2321 3195 2375 δὲ
3222 2322 3317 2375 καί⁸
3345 2320 3502 2374 τοῦτο

1928 2411 2208 2482 βούλομαι,
2253 2412 2414 2475 ὥστε,
2455 2414 2511 2465 ἐν
2539 2414 2636 2482 οἵῳ
2661 2412 2727 2465 ἂν
2775 2412 2887 2482 (55)
2930 2412 3241 2482 ἐπιλέξηται
3277 2412 3498 2485 χωρίῳ,

1926 2503 2432 2574 κατασκευασθῆναι
2479 2503 2614 2574 αὐτῇ
2657 2502 2830 2557 οἰκίαν
2863 2502 3120 2576 ἐλευθέρᾳ
3158 2505 3496 2577 πρέπουσαν,

1925 2593 2222 2664 εὐσχήμονι
2248 2593 2488 2666 διαγωγῇ
2523 2593 2817 2666 παρθένου·
2848 2595 3026 2667 ἥνπερ
3061 2595 3236 2650 οίκίαν
3266 2596 3377 2663 ἕξει
3403 2597 3499 2668 δη·

1924 2683 2055 2756 λαδὴ
2110 2685 2482 2756 ἀνενοχ).ήτως
2525 2687 2607 2749 είς
2647 2686 2842 2759 χρῆσιν
2894 2686 2988 2740 καὶ
3037 2688 3281 2759 καρπίαν
3335 2691 3497 2762 μέχρι

1927 2774 2041 2845 βίου
2067 2773 2230 2846 ζωῆς,
2265 2776 2403 2846 μετὰ
2421 2775 2476 2829 δὲ
2509 2775 2684 2830 ταῦτα
2705 2778 3144 2850 ἀποκαταστήσει
3162 2783 3228 2850 τῇ
3267 2781 3498 2853 Ἐκκλη-

1926 2866 2035 2936 σία.
2073 2867 2438 2938 Προστεθῆναι
2467 2867 2523 2920 δὲ
2552 2868 2687 2939 αὐτῇ
2706 2868 2964 2939 βούλομαι
2980 2870 3074 2923 καὶ
3099 2870 3194 2924 δύο
3222 2872 3407 2943 κόρας,
3431 2873 3498 2936 ἃς

1925 2957 2063 3028 αὑτὴ
2093 2959 2429 3029 ἐπιλέξηται,
2454 2959 2594 3015 οὕτω
2613 2962 2818 3031 μέντοι,
2839 2962 2978 3017 ὥστε
2998 2965 3135 3035 αὐτῇ
3163 2968 3497 3037 παραμεῖναι

1926 3049 2025 3111 τὰς
2060 3048 2226 3122 κόρας
2262 3050 2421 3122 μέχρι
2442 3051 2534 3104 τοῦ
2572 3053 2672 3124 τῆς
2698 3052 2841 3124 ζωῆς
2866 3056 3034 3124 αὐτῆς
3052 3055 3266 3126 χρόνου.
3301 3057 3410 3109 Καὶ
3446 3059 3498 3111 εί

1930 3139 2029 3211 μὲν
2067 3141 2259 3205 αὐταῖς
2312 3143 2772 3215 εὐχαριστήσειεν,
2805 3145 3003 3210 ἐξεῖναι
3046 3147 3182 3216 αὐτῇ
3216 3146 3497 3218 ἐλευθερίᾳ

1925 3230 2094 3295 αὐτάς
2147 3232 2401 3305 τιμῆσαι·
2431 3235 2479 3286 εί
2529 3232 2588 3286 δὲ
2622 3234 2721 3305 μὴ,
2765 3235 2861 3288 καὶ
2897 3235 3068 3299 αὐτάς
3103 3236 3396 3305 διενεγκεῖν
3428 3242 3494 3308 τῇ

1924 3322 2061 3393 αὐτῇ
2119 3322 2437 3395 Ἐκκλησία.
2498 3324 2756 3394 Θεόφιλον
2798 3326 2888 3379 τὸν
2925 3327 3089 3380 παῖδα
3125 3327 3213 3381 τὸν
3243 3329 3497 3400 παραμέ-

1923 3412 2084 3467 νοντά
2113 3430 2223 3485 μοι,
2249 3414 2347 3487 ήδη
2386 3415 2755 3488 ἠλευθέρωσα.
2797 3416 3065 3488 Βούλομαι
3097 3414 3189 3473 οὖν
3225 3419 3373 3489 αὑτῷ
3402 3421 3498 3473 καὶ

1922 3502 2019 3557 νῦν
2047 3503 2265 3573 δοθῆναι
2293 3504 2520 3573 λεγάτου
2544 3504 2725 3577 χάριν,
2763 3505 3071 3575 νομίσματα
3101 3512 3162 3559 ε’.
3189 3505 3498 3577 Εὐπράξιον

1922 3594 1980 3648 δὲ
2009 3595 2101 3649 τὸν
2128 3595 2357 3665 ἀδελφὸν
2401 3594 2565 3649 αὑτοῦ
2600 3595 2859 3666 βούλομαι
2897 3596 3179 3667 ἐλεύθερον
3209 3593 3368 3662 εἶναι,
3404 3598 3498 3652 καὶ

1920 3685 2140 3757 δοθῆναι
2181 3687 2329 3759 αύτῷ
2384 3686 2610 3757 λεγάτου
2661 3686 2805 3757 λόγῳ
2861 3688 3038 3757 χρυσᾶ
3080 3687 3389 3759 νομίσματα
3429 3694 3494 3744 ε’.

1926 3777 2048 3830 Ἔτι
2082 3776 2341 3849 βούλομαι
2367 3778 2644 3831 Θεοδόσιον
2684 3777 2775 3830 τὸν
2808 3776 3051 3848 νοτάριόν
3084 3795 3184 3847 μου
3213 3776 3495 3848 ἐλεύθερον

1920 3865 2079 3935 εἶναι,
2095 3868 2314 3937 δοθῆναι
2344 3867 2403 3921 δέ
2444 3867 2594 3937 αὐτῷ
2627 3869 2720 3922 mi.
2746 3868 2974 3936 λεγάτου
3004 3868 3146 3939 λόγῳ
3176 3867 3376 3940 χρυσοῦ
3416 3884 3495 3919 νο-

1923 3959 2171 4029 μίσματα
2199 3963 2259 4010 ε’.
2289 3958 2400 4029 Τὴν
2421 3957 2760 4027 γλυκυτάτην
2780 3974 2882 4028 μου
2923 3957 3195 4030 θυγατέρα
3243 3957 3495 4016 Ἀλυπια.

1919 4048 2015 4119 νήν
2032 4047 2144 4118 (56)
2168 4047 2297 4113 (τῶν
2326 4047 2434 4119 γάρ
2460 4046 2655 4113 ἄλλων,
2686 4048 2978 4115 Εὐγενείας
3006 4049 3117 4119 (57)
3148 4068 3205 4104 τε
3231 4052 3324 4105 καὶ
3352 4050 3494 4109 Νόν-

1918 4156 2038 4209 νης,
2084 4138 2263 4208 ὀλίγος
2310 4139 2488 4208 λόγος,
2521 4132 2596 4194 ὧν
2635 4140 2730 4192 καὶ
2766 4143 2795 4193 ὁ
2825 4139 2939 4210 βίος
2983 4141 3310 4213 ἐπιλήψιμός
3352 4144 3491 4211 ἐστι)

1922 4230 2183 4302 βούλομαι
2213 4230 2542 4302 συγγνώμην
2573 4229 2717 4301 ἔχειν
2743 4248 2856 4302 μοι,
2888 4233 2937 4285 εί
2961 4230 3132 4302 μηδὲν
3162 4233 3297 4304 αὐτῇ
3326 4250 3491 4287 κατα-

244 4333 427 4391 erant,
472 4326 771 4381 obsecutus
821 4340 980 4394 sum;
1029 4342 1266 4398 quorum
1299 4329 1637 4383 voluntatem
1684 4329 1814 4384 irri-

1925 4322 2095 4377 λιπεῖν
2122 4323 2310 4394 κύριος
2360 4322 2647 4393 ἐγενόμην,
2693 4322 2872 4377 πάντα
2916 4324 3490 4395 προεπαγγειλάμενος

244 4426 359 4472 tam
384 4417 615 4472 reddere
644 4431 747 4471 nec
766 4424 1022 4471 sanctum
1048 4432 1151 4472 nec
1176 4423 1356 4487 tutum
1377 4417 1638 4472 arbitror.
1658 4417 1817 4484 Quae-

244 4522 465 4578 cunque
503 4514 687 4562 tamen
732 4521 801 4562 ex
828 4505 971 4561 beati
1006 4506 1196 4563 fratris
1239 4498 1347 4562 mei
1394 4507 1621 4563 Caesarii
1651 4509 1816 4565 rebus

245 4601 302 4654 in
340 4605 491 4654 veste
519 4598 720 4662 serica,
751 4605 846 4652 aut
876 4597 1048 4665 linea,
1073 4605 1169 4653 aut
1197 4598 1376 4663 lanea,
1422 4605 1518 4653 aut
1558 4598 1816 4653 buricha-

246 4689 338 4745 liis
362 4696 678 4759 supersunt,
701 4687 816 4743 haec
836 4686 905 4742 ad
931 4688 1107 4759 ipsius
1132 4688 1337 4767 liberos
1360 4689 1635 4759 pertinere
1654 4689 1813 4757 volo;

242 4789 299 4837 et
330 4781 481 4836 nulla
534 4781 590 4835 in
630 4796 691 4837 re
733 4780 913 4851 ipsam
957 4780 1044 4837 vel
1087 4794 1310 4836 sorores
1335 4780 1511 4852 ipsius
1554 4779 1815 4835 molestas

315 4951 427 5023 (τι)
447 4950 747 5016 Οὔς.ι)οθει
762 4951 816 5023 iu
845 4952 966 5007 cod.
980 4951 1158 5023 _Chig.

337 5020 427 5094 ἐξ)
453 5020 936 5094 Μακαρεωῖάτίέηθε
966 5020 1280 5094 Cal-“bis-
1308 5020 1611 5094 μακςιρίων·

335 5088 427 5163 ἐξ)
469 5088 797 5163 Elimia"?-
826 5089 961 5163 δορο
988 5089 1155 5163 Cilix:
1187 5088 1482 5163 ’Kelhv_€¢i’5_
1714 5121 1717 5125 ·

312 5157 426 5249 ἓξὲξ
469 5157 1220 5249 Ἐςθξθῗέῗίῗρέῗῗςςέῗάιηὲί¹ίεί
1242 5157 1572 5249 ἐλευθερρίες·
1602 5198 1607 5201 ‘

312 5225 428 5300 (ξιξ)
463 5228 578 5300 :Efr
598 5227 702 5290 οἵῳ
727 5225 823 5300 ἄν.
851 5226 983 5300 Cod.
1014 5225 1257 5300 Chigfsv
1283 5225 1454 5300 oi'tpS’
1483 5231 1569 5300 άν.

313 5294 426 5368 ίῦϐ)
456 5295 576 5360 Τήν
596 5295 1035 5368 μορρρνγατέρα
1077 5294 1458 5365 Ἀῖιυπιανῖήν,
1487 5297 1810 5368 Alypianam

238 5363 414 5438 ﬁliam
436 5363 624 5438 meam.
648 5363 796 5438 Nihil
829 5363 1006 5438 magis
1037 5375 1340 5438 certumac
1367 5363 1707 5438 exploratum
1740 5384 1804 5424 ex

239 5433 500 5514 mamilius
512 5432 763 5514 _Gregorii
790 5431 956 5490 rebus
980 5436 1150 5514 gestis
1176 5435 1345 5491 videri
1376 5431 1574 5506 potest,
1604 5446 1663 5514 ut
1681 5453 1805 5514 cum

242 5499 480 5579 Baronio
502 5499 938 5579 Διοιιιιξιεεηιμιειιι
956 5570 968 5579 ⁸
982 5499 1164 5579 ipsum
1213 5499 1549 5579 perpetuam
1561 5499 1807 5564 coluisse

243 5569 625 5637 virginitatem.
668 5569 860 5626 Filiam
897 5569 1064 5641 igitur
1093 5569 1451 5629 non'habuit.
1495 5573 1588 5630 Sic
1622 5585 1804 5632 tamen

1916 4414 2028 4476 τοῖς
2055 4414 2313 4482 πτωχοῖς,
2342 4410 2540 4481 μᾶλλον
2569 4410 2626 4463 δὲ
2653 4412 2766 4474 τοῖς
2789 4414 3224 4482 μακαριωτάτοις
3246 4410 3489 4481 γονεῦσιν

1917 4501 2303 4572 ὑποσχομένοις
2334 4499 2722 4570 ἀκολουθήσας,
2755 4495 2830 4552 ὧν
2850 4499 3237 4573 ἀθετῆσαιιτὴν
3262 4500 3488 4574 γνώμην

1914 4593 2028 4648 οὗθ’
2052 4594 2217 4656 ὅσιον,
2235 4592 2346 4646 οὔτ’
2367 4591 2607 4661 ἀσφαλὲς
2627 4591 2890 4662 ἠγοῦμαι.
2910 4593 3050 4647 Ὅσα
3086 4593 3265 4673 μέντοι
3292 4595 3355 4647 ἐκ
3374 4595 3487 4648 τῶν

1914 4688 2008 4743 τοῦ
2051 4688 2323 4760 μακαρίου
2374 4704 2474 4758 μου
2508 4686 2738 4756 ἀδελφοῦ
2786 4685 3088 4757 Καισαρίου
3125 4688 3482 4759 πραγμάτων,

1913 4778 1972 4832 ἐν
1997 4778 2183 4850 ἐσθῆτι
2210 4780 2409 4849 σηρικῇ
2434 4777 2467 4848 ἢ
2496 4777 2638 4849 λινῇ,
2654 4777 2689 4848 ἢ
2713 4777 2917 4849 ἐρεᾷ,ἧ
2944 4778 3305 4850 βουρικαλίοις
3331 4796 3485 4850 περι-

1912 4959 2072 5078 ἔεὲιι
2098 4952 2444 5024 Alypianam,
2475 4968 2599 5025 quae
2639 4954 2750 5011 lilia
2787 4964 2905 5012 erat
2948 4953 3236 5025 Gorgoniae
3273 4955 3484 5012 sororis

1834 5140 1842 5149 .
1865 5094 1868 5101 ’
1910 5092 2105 5165 __(37)A
2128 5089 2251 5165 7‘th
2278 5093 2387 5162 γὰρ
2417 5093 2641 5165 ἄλλων,
2685 5094 3022 5165 Εργενείας,
3051 5102 3157 5165 etc.
3184 5092 3295 5149 Cod
3322 5093 3480 5165 Chig.

1909 5160 2194 5233 Εὐγενίας.
2208 5160 2531 5233 cretei-arum
2546 5164 2708 5233 enim,
2727 5160 3028 5232 Eugenimct
3045 5161 3095 5214 Ν
3102 5179 3272 5233 onata,
3288 5160 3481 5233 exigua

1911 5233 2053 5302 ratio
2064 5230 2302 5302 ducenda
2315 5231 2617 5302 est.Mi-rum
2634 5232 2772 5287 forte
2789 5230 2956 5287 videri
2977 5234 3150 5301 possit
3160 5230 3479 5302 Gregorium

1913 5299 2305 5371 turpitudinem
2338 5301 2741 5371 sempiternam
2761 5299 2994 5371 publicis
3032 5303 3234 5371 tabulis
3257 5299 3479 5359 inurere

1909 5368 2178 5452 amnibus.
2204 5369 2341 5424 suis.
2364 5368 2681 5452 .Sic;pos_tea
2706 5368 3003 5452 Gregorius
3034 5370 3258 5452 Magnus
3288 5386 3477 5452 coram

1913 5438 2181 5509 frequenti
2216 5439 2418 5508 populo
2450 5438 2739 5510 Gordianus
2769 5438 2995 5510 virginis
3039 5438 3220 5510 amitte
3259 5454 3373 5510 suae
3397 5441 3480 5493 la-

1911 5506 2073 5582 psum
2116 5506 2580 5582 narrareveritus
2606 5523 2740 5582 _non
2774 5506 2898 5582 luit.
2942 5506 3059 5564 Viri
3088 5509 3272 5582 _sancti
3318 5522 3475 5575 suos,

1909 5576 1956 5633 si
1984 5576 2204 5648 quando
2231 5576 2382 5648 impii
2410 5584 2561 5646 sunt,
2589 5576 2919 5650 despiciunt.
