3822 6180
298 307 406 372 593

1668 300 2208 364 TESTAMENTUM.

3465 319 3570 378 394

300 427 594 490 λέλειπται,
657 419 826 478 ταῦτα
883 418 1158 494 διαφέρειν
1188 421 1300 485 τοϊς
1327 420 1537 486 τέκνοις
1569 421 1738 496 αὐτῆς
1766 423 1888 494 βού-

2004 439 2135 487 :sse,
2167 423 2249 478 vel
2277 422 2478 478 bmredi
2505 439 2652 490 meo,
2685 424 2770 482 vel
2805 422 3086 484 Ecclesiae.
3119 427 3368 488 Meletius
3403 449 3572 505 gener

301 520 482 592 λομαι,
511 520 606 572 καὶ
626 519 687 571 ἐν
707 516 1072 589 μηδενὶιμήτ⁹
1092 517 1326 588 ἐκείνην,
1355 518 1492 590 μήτε
1518 517 1614 582 τὰς
1650 519 1884 589 ἀδελφὰς

302 609 469 681 αὐτῆς
505 607 765 679 ἐνοχλεῖν,
809 607 948 678 μήτε
998 606 1076 678 τῷ
1109 606 1432 679 κληρονόμῳ
1468 626 1594 679 μου,
1634 611 1768 680 μήτε
1815 613 1882 681 τῇ

315 699 631 770 Ἐκκλησία.
685 697 946 762 Μελέτιος
966 700 1001 751 ὁ
1027 698 1278 770 γαμϐρός
1311 699 1422 770 (58)
1452 717 1550 770 μου
1574 742 1589 766 ,
1615 697 1677 753 τὺ
1700 700 1885 772 κτῆμα

302 793 360 844 τδ
394 792 450 843 ἐν
489 788 832 860 Ἀπηνζινσῷ
861 788 922 841 τὸ
953 791 1017 842 ἐκ
1061 789 1169 843 τῶν
1199 789 1502 861 Εὐφημίου,
1542 791 1673 844 ἵστω
1697 792 1886 856 κακῶς

304 882 572 952 κατέχων.
627 881 739 935 Καὶ
769 880 909 952 ὑπὲρ
945 879 1137 934 τούτου
1175 883 1267 935 καὶ
1307 880 1571 954 πρότερον
1602 883 1888 936 ἐπέστειλα

305 977 564 1040 πολλάκις
612 977 691 1049 τῷ
742 976 1031 1048 Εὐφημίῳ,
1092 977 1384 1046 ἀνανδρίαν
1444 978 1611 1033 αὐτοῦ
1658 995 1886 1047 καταγι-

304 1067 548 1135 νώσκων,
577 1069 624 1120 εί
657 1068 730 1138 μὴ
755 1068 816 1120 τὸ
844 1066 1039 1121 ἑαυτοῦ
1063 1067 1451 1139 ἀναρῤύσαιτο.
1479 1070 1591 1122 Καὶ
1621 1068 1717 1123 νῦν
1745 1086 1887 1141 μαρ-

304 1157 536 1230 τύρομαι
581 1157 788 1221 πάντας
833 1156 925 1210 καὶ
955 1157 1222 1230 ἄρχοντας
1261 1159 1355 1212 κα¹ι
1404 1158 1764 1231 ἀρχομένους,
1807 1158 1888 1213 ὅτι

306 1250 572 1303 ἀδικεῖται
606 1251 636 1302 ὁ
684 1249 997 1320 Εὐφήμιος·
1034 1249 1142 1320 χρὴ
1177 1249 1285 1322 γὰρ
1316 1250 1584 1322 Εύφημίῳ
1609 1251 1888 1304 ἁποκατα-
1930 1328 1933 1329 ν

309 1340 496 1412 στῆναι
527 1339 590 1393 τὺ
623 1340 824 1410 κτῆμα.
859 1338 970 1411 Τήν
1013 1339 1157 1411 ὠνὴν
1197 1339 1291 1392 τοῦ
1329 1340 1528 1412 χωρίου
1561 1339 1889 1393 Κανοτάλων

307 1431 382 1502 τῷ
440 1431 852 1502 αίδεσιμωτάτῳ
911 1429 1010 1502 υἱῷ
1063 1429 1141 1502 τῷ
1193 1431 1477 1503 ἐπισκόπει)
1544 1433 1888 1504 Ἀμφιλοχίῳ

308 1521 752 1592 ἀποκαταστῆναι
790 1522 1068 1594 βούλομαι.
1109 1523 1392 1596 Ἔστιγὰρ
1427 1526 1484 1577 ἐν
1519 1527 1630 1589 τοῖς
1647 1526 1890 1596 χαρτίοις

308 1613 485 1683 ἡμῶν,
549 1613 644 1667 καὶ
689 1613 892 1677 πάντες
919 1615 1130 1678 ἴσασιν,
1161 1615 1244 1668 ὅτι
1285 1616 1380 1670 καὶ
1420 1615 1481 1669 τὸ
1537 1617 1889 1688 συνάλλαγμα

311 1701 494 1775 ἐλύθη,
523 1704 619 1758 καὶ
669 1704 766 1776 τὴν
807 1706 970 1777 τιμὴν
1021 1704 1315 1773 ἀπέλαϐον,
1344 1709 1439 1762 καὶ
1462 1708 1563 1779 τὴν
1596 1711 1766 1780 νομὴν
1795 1711 1890 1764 καὶ

307 1793 620 1848 δεσποτείαν
650 1795 746 1848 τού
779 1797 1053 1867 κτήματος
1091 1797 1260 1851 πάλαι
1284 1799 1600 1870 παρέδωκα.

377 1887 633 1959 Εὐαγρίῳ
680 1887 757 1959 τῷ
807 1888 1039 1960 διακόνῳ
1094 1891 1267 1944 ⁷πολλόι
1295 1909 1385 1962 μοι
1429 1893 1763 1964 συγκαμόντι
1797 1894 1890 1947 καὶ

312 1979 840 2051 συνεκφροντίσαντι,
866 1979 952 2033 ibi
964 1980 1224 2035 πλειόνων
1253 2001 1312 2036 τε
1340 1982 1438 2054 τὴν
1470 1983 1681 2038 εὔνοιαν
1716 2003 1892 2056 παρα-

311 2072 586 2140 στήσαντι,
671 2073 829 2142 χάριν
877 2071 1124 2142 ὁμολογῶ
1182 2075 1276 2127 καὶ
1315 2076 1407 2128 ἐπὶ
1455 2073 1591 2128 Θεοῦ
1649 2076 1744 2129 καὶ
1799 2077 1891 2129 ἐπὶ

309 2161 630 2234 ἀνθρώπων.
662 2164 772 2216 Καὶ
801 2166 911 2226 τοῖς
935 2164 1146 2234 μείζοσι
1180 2167 1279 2236 μὲν
1317 2167 1480 2220 αὑτὸν
1517 2171 1544 2220 ὁ
1578 2164 1710 2232 Θεὸς
1734 2169 1892 2239 ἀμεί-

307 2257 504 2326 ψεται·
565 2258 648 2311 ἵνα
706 2257 762 2312 δὲ
811 2258 944 2330 μηδὲ
984 2257 1052 2312 τὰ
1081 2263 1254 2332 μιχρά
1283 2261 1380 2330 τῆς
1428 2261 1612 2331 φιλίας
1649 2261 1893 2333 σύμϐολα

313 2350 441 2424 παρ’
471 2350 630 2421 ἡμῶν
654 2350 895 2422 ἐλλείπῃ,
947 2350 1205 2423 βούλομαι
1242 2353 1390 2424 αύτῷ
1431 2353 1649 2425 δοθῆναι
1703 2355 1888 2426 κάμα-

314 2459 403 2495 σον
432 2443 542 2512 (39)
577 2443 666 2507 ἓν,
705 2439 980 2515 στιχάριον
1027 2443 1084 2497 ἒν
1109 2484 1123 2507 ,
1168 2445 1371 2499 πάλλια
1410 2446 1474 2516 β’,
1517 2449 1694 2519 χρυσᾶ
1737 2447 1890 2519 νομί-

313 2551 493 2604 σματα
541 2533 605 2588 λ’.
652 2535 887 2606 Ὁμοίως
942 2535 1038 2588 καὶ
1092 2535 1170 2608 τῷ
1202 2536 1526 2608 γλυκυτάτω
1559 2537 1892 2608 συνδιακόνῳ

310 2625 467 2698 ἡμῶν
522 2625 796 2697 Θεοδούλῳ
829 2626 906 2696 τῷ
934 2626 1088 2698 ἡμῶν
1121 2627 1335 2700 ἀδελφῷ
1381 2629 1602 2700 δοθῆναι
1629 2627 1890 2700 βούλομαι

314 2717 557 2787 κάμασον
589 2717 667 2781 ἓν,
705 2719 958 2789 στιχάρια
979 2717 1045 2788 β’,
1088 2718 1198 2772 τῶν
1243 2721 1301 2772 ἐν
1337 2721 1402 2790 τῇ
1437 2721 1676 2791 πατρίδι,
1713 2721 1892 2792 χρυσᾶ

313 2809 622 2880 νομίσματα
671 2817 719 2864 κ’
749 2811 812 2864 ἐκ
859 2809 954 2863 τοῦ
995 2812 1053 2864 ἐν
1085 2813 1152 2882 τῇ
1180 2811 1403 2883 πατρίδι
1428 2811 1607 2882 λόγου.
1654 2811 1890 2884 Ἐλαφίῳ

311 2899 392 2971 τῷ
442 2903 672 2973 νοταρίῳ
714 2904 961 2975 εὑτρόπῳ
1009 2905 1122 2958 ὄντι
1174 2904 1310 2977 (40),
1361 2905 1456 2958 καὶ
1509 2901 1691 2970 καλῶς
1737 2907 1891 2978 ἡμᾶς

313 2993 687 3048 ἀναπαύσαντι
707 2994 765 3047 ὃν
795 2995 1177 3068 ὑπηρετήσατο
1203 2997 1415 3067 χρόνον,
1455 2994 1712 3067 βούλομαι
1737 2997 1890 3067 δοθῆ-

314 3099 402 3137 ναι
459 3085 705 3155 κὰμασον
761 3085 839 3148 ἓν,
906 3087 1161 3159 στιχάρια
1217 3084 1283 3157 β’,
1325 3085 1526 3140 πάλλια
1591 3094 1662 3156 γ’,
1717 3087 1889 3157 σιγιλ-
1916 3118 1959 3179 C

312 3172 480 3229 λιῶνα
512 3175 646 3246 (ﬂ),
677 3179 735 3230 ἐν
760 3179 825 3248 τῇ
856 3179 1073 3247 πατρίδι
1104 3179 1284 3251 χρυσᾶ
1311 3178 1626 3250 νομίσματα
1653 3185 1721 3234 κ’.

383 3269 598 3340 Ταύτην
644 3288 746 3342 μου
791 3272 888 3344 τὴν
941 3273 1208 3345 διαθήκην
1265 3273 1461 3343 κυρίαν
1514 3274 1609 3326 καὶ
1667 3271 1891 3343 βεϐαίαν

314 3356 453 3418 εἶναι
515 3363 774 3436 βούλομαι
821 3366 910 3420 ἐπὶ
955 3367 1158 3430 παντὸς
1188 3365 1543 3436 δικαστηρίου
1575 3365 1670 3418 καὶ
1706 3365 1887 3436 πάσης

314 3454 581 3520 ἐξουσίας.
643 3454 708 3510 Ei
739 3455 794 3510 δέ
846 3456 940 3510 καὶ
971 3456 1047 3520 ὼς
1088 3456 1321 3528 διαθήκη
1365 3455 1440 3527 μὴ
1489 3455 1779 3526 ίσχύσειεν,
1808 3457 1888 3520 είς

318 3545 587 3618 βούλησιν,
628 3545 725 3602 εἴτ’
765 3543 859 3602 οὖν
904 3547 1016 3619 (ﬂ)
1069 3545 1414 3612 κωδίκελλον,
1468 3546 1639 3618 αὐτὴν
1686 3547 1890 3617 ἰσχύειν

316 3637 596 3710 βούλομαι.
641 3639 698 3692 '0
734 3639 778 3693 δ’
809 3639 1102 3711 ἐπιχειρῶν
1141 3638 1308 3710 αὐτὴν
1344 3639 1697 3710 ἀνατρέπειν,
1723 3638 1885 3693 δώσει

313 3732 466 3801 λόγον
487 3735 542 3786 ἐν
561 3731 748 3803 ἡμέρα
781 3732 1035 3802 κρίσεως,
1069 3732 1164 3785 καὶ
1195 3732 1306 3798 ἐξει
1335 3732 1426 3784 τὸν
1451 3730 1630 3803 λόγον.

383 3823 528 3893 Πρὸς
563 3822 802 3894 τοῦνομα
839 3823 932 3877 τοῦ
977 3823 1210 3897 Πατρδς,
1234 3824 1328 3878 καὶ
1356 3823 1449 3877 τοῦ
1477 3822 1630 3888 Υίοῦ,
1670 3823 1766 3877 καὶ
1794 3825 1890 3878 τοῦ

316 3913 468 3984 ἀγίου
493 3915 828 3987 Πνεύματος.

385 4008 684 4080 Γρηγόριος
727 4008 1023 4072 ἐπίσκοπος
1079 4007 1178 4077 τῆς
1222 4007 1519 4078 καθολικῆς
1561 4006 1892 4080 Ἐκκλησίας

315 4099 412 4171 τῆς
439 4101 495 4152 ἐν
517 4098 925 4153 Κωνσταντίνου
952 4099 1126 4162 πόλει,
1160 4098 1427 4166 ἀναγνοὺς
1454 4099 1553 4168 τὴν
1601 4099 1887 4171 διαθήκην,

318 4192 410 4245 καὶ
460 4190 714 4263 ἀρεσθεὶς
769 4191 902 4244 πᾶσι
947 4193 1060 4254 τοῖς
1116 4189 1552 4262 γεγραμμένοις,
1593 4190 1889 4261 ὑπέγραψα

317 4282 458 4353 χειρὶ
495 4284 622 4352 ἐμῇ,
659 4283 753 4336 καὶ
793 4281 996 4352 ἰσχύειν
1038 4281 1204 4354 αὐτὴν
1237 4281 1445 4335 κελεύω
1475 4281 1568 4335 καὶ
1605 4281 1885 4352 βούλομαι.

397 4372 739 4443 Ἀμφιλόχιος
766 4373 1061 4436 ἐπίσκοπος
1091 4374 1192 4443 τῆς
1231 4373 1523 4442 καθολικῆς
1565 4373 1888 4437 Ἐκκλησίας

1989 528 2143 569 meus
2179 515 2319 569 sciat
2353 529 2412 570 se
2443 515 2706 585 praedium
2754 516 3220 588 Apenzinsenum,
3265 525 3415 595 quod
3460 525 3573 583 Eu-

1988 603 2189 673 phemii
2241 603 2442 673 fuerat,
2503 607 2644 660 mala
2693 608 2795 662 fide
2837 611 3157 681 possidere:
3191 615 3259 671 de
3302 631 3412 687 quo
3453 621 3574 690 qui:

1988 696 2110 753 dem
2152 705 2207 754 et
2229 698 2341 768 jam
2373 711 2532 755 antea
2573 701 2769 771 scripsi
2802 703 3003 773 saepius
3051 703 3378 776 Euphemio,
3408 712 3570 782 igua-

1989 788 2088 842 viae
2137 805 2263 844 eum
2316 790 2715 858 condemnans,
2767 793 2876 849 nisi
2927 811 3025 850 sua
3081 811 3451 868 recuperaret.
3506 803 3572 858 Et

1990 894 2137 933 nunc
2182 886 2356 935 testor
2383 895 2575 936 omnes
2617 883 2995 953 magistratus,
3038 896 3092 940 et
3127 889 3220 958 qui
3257 890 3360 944 sub
3400 893 3566 963 magi-

1990 977 2164 1026 stratu
2194 979 2344 1038 sunt,
2377 972 2636 1042 injuriam
2665 976 2784 1030 fieri
2808 975 3112 1048 Euphemio
3137 998 3152 1035 :
3179 989 3394 1050 oportet
3423 985 3569 1039 enim

1991 1061 2254 1131 praedium
2289 1061 2592 1135 Eupllemio
2626 1067 2868 1121 restitui;
2904 1067 3252 1140 Emptionem
3289 1073 3442 1128 fundi
3473 1076 3574 1130 Ca-

1992 1153 2304 1209 notalorum
2352 1157 2812 1212 reverendissimo
2843 1158 2954 1215 lilio
2985 1161 3244 1234 episcopo
3289 1163 3575 1236 Amphilo-

1991 1244 2117 1298 cbio
2167 1244 2530 1317 redintegrari
2573 1249 2719 1304 volo.
2769 1249 3001 1306 Constat
3041 1253 3188 1308 enim
3242 1269 3306 1310 ex
3362 1255 3573 1312 chartis

1993 1333 2222 1400 nostris,
2252 1333 2418 1406 idque
2448 1334 2633 1391 sciunt
2665 1353 2880 1402 omnes,
2928 1340 3074 1410 quod
3113 1353 3165 1398 et
3205 1345 3422 1401 solutus
3449 1345 3573 1401 fue—

1992 1425 2065 1478 rit
2116 1433 2460 1492 contractus,
2504 1437 2557 1482 et
2607 1431 2842 1501 pretium
2889 1431 3216 1506 receperint,
3267 1437 3576 1508 proprieta-

1990 1523 2211 1587 temque
2243 1533 2306 1573 ac
2347 1517 2654 1574 dominium
2685 1525 3058 1592 possessionis
3097 1526 3426 1599 jampridem
3468 1540 3578 1587 tra-

1991 1607 2244 1666 diderim.

2066 1871 2298 1943 Evagrio
2323 1874 2577 1943 diacono,
2619 1880 2708 1950 qui
2743 1883 3041 1940 multorum
3076 1903 3288 1947 meeum
3324 1892 3574 1952 laborum

1991 1971 2042 2018 et
2078 1979 2338 2020 curarum
2366 1969 2667 2041 particeps,
2697 1973 2755 2028 in
2790 1975 2982 2033 multis
3027 1995 3183 2036 suam
3230 1985 3364 2040 mihi
3407 1987 3576 2045 bene-

1994 2057 2287 2112 volentiam
2328 2063 2754 2133 eommendavit,
2786 2069 3016 2138 gratiam
3046 2071 3221 2130 habeo
3246 2093 3429 2134 coram
3463 2079 3576 2137 Deo

1993 2157 2047 2204 et
2077 2164 2264 2206 coram
2295 2152 2631 2212 hominibus.
2677 2156 2754 2213 Ac
2793 2161 3004 2230 majora
3034 2165 3257 2235 quidem
3291 2170 3398 2241 ipsi
3427 2171 3574 2230 Deus

1993 2243 2282 2300 retribuet.
2333 2244 2412 2301 Ne
2459 2263 2592 2304 vero
2639 2265 2807 2319 parva
2857 2256 3023 2310 etiam
3071 2260 3279 2318 amoris
3323 2265 3574 2335 symbola

1993 2331 2498 2402 praetermittamus,
2539 2336 2665 2390 volo
2705 2339 2755 2394 ei
2785 2340 2904 2394 dari
2947 2358 3228 2403 camasum
3259 2331 3450 2420 unum,
3487 2365 3576 2409 tn-

1994 2420 2171 2476 nicam
2206 2438 2395 2488 unam,
2425 2426 2588 2496 pallia
2620 2428 2750 2496 duo,
2796 2446 2994 2490 aureos
3036 2452 3292 2498 nummos
3326 2443 3571 2514 triginta.

1997 2512 2261 2571 Similiter
2309 2516 2634 2575 dulcissimo
2686 2523 3032 2582 condiacono
3080 2538 3277 2587 nostro
3325 2541 3381 2591 et
3406 2512 3574 2594 fratri

1981 2603 2278 2672 .Theodulo
2310 2607 2429 2662 dari
2462 2610 2584 2665 volo
2633 2623 2916 2669 camasum
2947 2632 3141 2684 unum,
3189 2623 3406 2681 tunicas
3434 2626 3576 2682 duas

1994 2709 2060 2751 ex
2089 2697 2157 2752 iis
2187 2713 2309 2768 quae
2342 2707 2470 2756 sunt
2501 2701 2556 2756 in
2591 2705 2790 2774 patria,
2825 2721 3025 2766 aureos
3052 2711 3246 2783 viginti
3281 2731 3347 2772 ex
3383 2720 3576 2788 patriae

1992 2786 2124 2844 item
2162 2792 2493 2848 rationibus.
2531 2793 2764 2866 Elaphio
2790 2802 3032 2868 notario,
3065 2805 3158 2876 qui
3192 2817 3246 2862 et
3286 2786 3426 2865 bene
3455 2827 3575 2865 mo-

1992 2887 2148 2938 ratus
2189 2891 2296 2948 est,
2347 2893 2420 2952 et,
2454 2902 2566 2958 quo
2605 2895 2851 2960 tempore
2876 2892 2978 2946 fuit
3007 2894 3064 2950 in
3111 2896 3399 2969 obsequio,
3436 2901 3578 2960 bello

1994 2987 2098 3028 nos
2125 2973 2474 3042 refocillavit,
2505 2978 2624 3035 dari
2652 2982 2775 3036 volo
2814 2997 3099 3042 camasum
3139 3003 3329 3058 unum,
3362 2991 3577 3049 tunicas

1993 3065 2154 3132 duos,
2198 3069 2363 3138 pallia
2409 3069 2536 3136 tria,
2587 3071 2940 3142 sigillionem,
2988 3076 3043 3132 in
3090 3079 3268 3150 patria
3320 3098 3575 3140 nummos

1991 3173 2194 3216 aureos
2225 3160 2439 3231 viginti.

2068 3249 2184 3306 Hoc
2216 3266 2399 3306 meum
2446 3260 2838 3311 testamentum
2872 3265 3052 3314 ratum
3096 3275 3159 3315 ac
3189 3261 3405 3318 firmum
3452 3281 3578 3323 csso

1997 3344 2120 3398 volo
2175 3345 2230 3398 in
2295 3345 2445 3399 omni
2497 3344 2706 3417 judicio
2761 3356 2817 3404 et
2855 3349 3018 3422 204
3048 3339 3618 3428 (ιιιοιῐιοιίοειιηψιιι.’Δ

1995 3431 2152 3498 Quod
2198 3435 2244 3487 si
2279 3444 2538 3505 tanquam
2569 3443 2958 3493 testamentum
2987 3441 3095 3494 vim
3139 3458 3249 3498 non
3292 3444 3572 3512 habuerit.

1993 3533 2256 3597 tanquam
2303 3530 2637 3584 voluntatem
2693 3531 2896 3600 ipsum,
2951 3547 3048 3587 seu
3105 3535 3440 3605 codicillum,
3487 3555 3575 3594 va-

1996 3620 2106 3674 lere
2147 3619 2290 3674 volo.
2320 3619 2423 3686 Qui
2453 3635 2584 3676 vero
2627 3621 2805 3692 ipsum
2835 3631 3084 3680 evertere
3134 3631 3451 3696 tentaverit,
3484 3648 3574 3686 ra-

1993 3712 2196 3766 tionem
2231 3713 2422 3768 reddet
2447 3714 2503 3768 in
2543 3713 2632 3769 die
2655 3714 2873 3784 judieii,
2917 3723 2973 3772 et
3014 3733 3229 3788 pmnam
3255 3723 3572 3780 sustinebit.

2067 3804 2122 3858 In
2149 3806 2368 3861 nomine
2395 3805 2599 3873 Patris,
2639 3815 2693 3862 et
2727 3805 2876 3876 Filii,
2906 3816 2961 3865 et
2992 3809 3234 3882 Spiritus
3264 3815 3463 3869 sancti.

2064 4030 2360 4100 Gregorius
2390 4031 2684 4100 episcopus
2736 4031 3021 4088 catholicae
3061 4034 3576 4110 Constantinopolis

1993 4119 2252 4175 Ecclesiae
2297 4121 2464 4189 relegi
2519 4128 2936 4192 testamentum,
2985 4133 3032 4179 et
3111 4130 3290 4181 omnia
3330 4131 3572 4200 probans

1993 4209 2299 4279 subscripsi
2339 4224 2505 4264 manu
2554 4225 2713 4273 mea,
2762 4219 2816 4266 et
2875 4215 2982 4268 vim
3043 4215 3294 4273 obtinere
3339 4220 3460 4274 volo
3508 4237 3574 4278 ac

1987 4301 2174 4372 jubeo.

2061 4393 2479 4465 Amphilochius
2513 4393 2821 4466 episcopus
2870 4397 3150 4454 catholicae
3185 4398 3351 4456 lconii
3384 4399 3573 4458 Eccle-

315 4464 415 4535 τῆς
438 4465 494 4516 ἐν
519 4465 743 4534 Ἰκονίῳ,
765 4463 960 4547 ¹παρὼν
993 4467 1060 4536 τῇ
1089 4464 1322 4538 διαθήκῃ
1339 4463 1433 4518 τοῦ
1461 4465 1889 4536 αίδεσιμωτάτου

2004 4486 2090 4542 size
2142 4486 2368 4542 interfui
2419 4495 2755 4543 testamento
2823 4489 3272 4547 reverendissimi
3324 4495 3571 4567 episc0pi

318 4557 613 4610 ἐπισκόπου
670 4557 993 4629 Γρηγορίου,
1051 4558 1146 4612 καὶ
1205 4556 1580 4629 παρακληθεὶς
1629 4559 1761 4629 παρ’
1798 4557 1893 4610 αὐ-

317 4645 410 4700 τοῦ
448 4644 582 4717 (45),
619 4645 1066 4719 ύπέγραψαχειρὶ
1089 4649 1217 4718 ἐμῇ.
1895 4719 1898 4721 Α

391 4738 658 4809 Ὅπτιμος
713 4739 1008 4802 ἐπίσκοπος
1045 4739 1144 4810 τῆς
1179 4738 1321 4794 κατὰ
1353 4739 1684 4810 Ἀντιόχειαν
1728 4739 1890 4793 καθο-

317 4829 470 4902 λικῆς
513 4830 858 4902 Ἑκκλησίας,
888 4829 1080 4902 παρὼν
1111 4830 1468 4901 διατιθεμένῳ
1499 4831 1608 4901 (44)
1638 4830 1715 4901 τῷ
1749 4833 1892 4884 αἰδε-

385 5049 500 5122 (38)
539 5049 835 5122 Γαμϐρᾷς.
864 5044 984 5102 Vox
1008 5047 1099 5122 illa
1130 5061 1196 5122 ex
1228 5044 1416 5122 Graeco
1436 5041 1632 5122 Latine
1655 5040 1888 5112 reddita,

348 5114 716 5186 erier'estfef
747 5119 836 5172 hic
864 5125 952 5174 est
976 5117 1128 5173 vocis
1156 5116 1322 5184 hujus
1365 5114 1702 5186 frequentior
1733 5131 1887 5186 usus.

363 5204 517 5244 erum
548 5184 746 5259 lingua:
779 5187 978 5243 Graecae
1023 5186 1362 5259 peritissimi,
1388 5193 1446 5239 ut
1472 5184 1739 5259 Henricus
1771 5184 1892 5240 Ste-

315 5259 555 5328 phanus,
591 5254 846 5328 Budaeus,
881 5254 1379 5328 aeq-profitentur
1417 5254 1668 5328 γαμϐρός
1718 5255 1890 5310 inter-

314 5326 444 5382 dum
492 5327 794 5398 querulibet
851 5326 1066 5382 allineni
1115 5326 1450 5398 significare.
1482 5326 1610 5398 Almo
1654 5334 1894 5398 vero_et

314 5399 458 5467 apud
488 5393 716 5454 [Latinos
743 5398 933 5454 eadem
961 5405 1046 5454 est
1073 5397 1159 5452 vis
1174 5393 1347 5467 hujus
1376 5395 1527 5450 vocis
1559 5411 1737 5465 gener.
1795 5393 1886 5449 Ju.

315 5469 514 5533 ttinus,
546 5467 689 5523 Hist.
721 5467 819 5523 lib.
859 5482 1016 5530 xvul,
1053 5469 1230 5522 virum
1253 5467 1460 5522 sororis
1493 5480 1752 5535 generum
1797 5480 1892 5534 ap-

314 5538 498 5607 pellat.
533 5537 722 5608 Itaque
758 5555 866 5592 non
911 5538 1130 5608 proprie
1175 5551 1456 5608 generum,
1497 5533 1592 5590 sed
1641 5533 1890 5604 Gregorii

314 5606 553 5672 alliuem,
582 5610 674 5677 qui
707 5608 846 5663 forte
872 5607 1169 5677 Eugeniam
1207 5607 1292 5662 vel
1322 5601 1892 5677 Nonnam‘Gorgonia:

311 5649 680 5735 ﬁlii-{3’s};
707 5649 890 5732 'ttli'a'm
940 5649 1167 5731 tixnrem
1219 5678 1475 5741 duxerat,
1515 5672 1682 5731 fuisse
1717 5649 1889 5728 lStete—

311 5750 449 5804 tium
481 5748 796 5804 existimare
829 5747 1092 5803 debemus
1227 5767 1231 5770 ·

632 5841 905 5904 Parnm.
932 5842 1049 5901 Gn.
1088 5839 1415 5902 XXXVII.

1995 4577 2266 4650 Gregorii,
2297 4589 2351 4635 et
2383 4594 2449 4635 eo
2483 4590 2711 4650 rogante
2742 4581 3047 4653 subscripsi
3079 4598 3244 4638 manu
3277 4599 3419 4640 mea.

2067 4755 2318 4826 Optimus
2355 4757 2647 4828 episcopus
2689 4758 2977 4813 catholica:
3003 4759 3356 4813 Antiochenze
3385 4757 3574 4813 Eccle-

1995 4847 2089 4902 siae
2114 4848 2365 4913 interfui,
2407 4865 2531 4905 cum
2571 4849 3066 4905 reverendissimus
3105 4849 3399 4919 episcopus
3437 4847 3574 4904 Gre-

2063 5048 2179 5120 (39)
2210 5048 2516 5119 Κάμιισον.
2535 5047 2690 5120 Δ(Ζοιί.
2714 5049 2897 5120 phig,
2919 5049 3180 5120 καμοσον.

2065 5114 2177 5188 (40)
2213 5114 2497 5188 Εὐὶρόπῳ
2524 5114 2668 5188 ὄντι.
2700 5114 2858 5173 Cod:
2871 5114 3028 5188 Chig.
3061 5116 3309 5188 ab“:de
3327 5134 3407 5188 τε.

2066 5185 2178 5258 (41)
2207 5187 2691 5259 Σιγιλλιῷιοαηυθ
2730 5185 3190 5259 Sigillioneapud
3237 5185 3565 5241 Trebellium

1992 5256 2294 5313 Pollionem
2335 5259 2389 5312 in
2413 5258 2642 5312 Claudio
2682 5262 2738 5314 lit
2767 5256 2990 5314 mentio.
3019 5256 3097 5311 Ιη“
3117 5272 3183 5312 eo
3236 5264 3564 5312 testamento

1991 5344 2155 5386 voces
2214 5336 2364 5392 sunt,
2412 5327 2614 5396 quibus
2666 5328 2987 5384 vestimenta
3040 5323 3448 5396 signiﬁcantur,
3505 5334 3567 5381 ut

1992 5399 2308 5459 Camosum,
2344 5398 2428 5452 vel
2466 5397 2782 5463 Comasum,
2811 5413 2932 5467 quae
2960 5399 3032 5454 ob
3061 5395 3285 5451 nimiam
3320 5395 3564 5465 antiqui-

1994 5478 2157 5524 tatem
2190 5469 2332 5522 iuter
2355 5469 2599 5523 exoticas
2627 5469 2896 5524 abierunt.

2057 5538 2314 5610 (42).Εῑτ’
2514 5536 2661 5610 (ξοάἓ
2675 5537 2838 5610 Cbig.
2866 5537 3054 5610 ᾕγουν.

1998 5615 1999 5618 “
2065 5604 2178 5679 (ιδ)
2211 5606 2352 5676 Hap'
2383 5609 2590 5679 αὑτοῦ.
2622 5606 2760 5679 de.
2783 5604 2937 5679 Cbi'g.
2976 5606 3070 5679 ὑπ’
3096 5604 3286 5679 αὐτοῦ.

2065 5674 2178 5749 (44)
2213 5674 2614 5746 Διάτιθεμένῳ.
2647 5677 2782 5732 Cod.
2813 5674 2970 5748 Chig.
3003 5674 3324 5746 διαθεμένῳι

1966 5847 2030 5878 "e4
3213 5827 3288 5888 13
