  <div class='ocr_page' id='page_1' title='image "/cluster/home/n/w/nwhite01/storage/ocr_20150623/37:no.3/coo.31924054869346/320.png"; bbox 0 0 3806 6176; ppageno 0'>
   <div class='ocr_carea' id='block_1_1' title="bbox 201 286 303 342">
    <p class='ocr_par' dir='ltr' id='par_1_1' title="bbox 201 286 303 342">
     <span class='ocr_line' id='line_1_1' title="bbox 201 286 303 342; baseline 0.01 -1"><span class='ocrx_word' id='word_1_1' title='bbox 201 286 303 342; x_wconf 77' lang='lat'><strong>625</strong></span> 
     </span>
    </p>
   </div>
   <div class='ocr_carea' id='block_1_2' title="bbox 204 398 1707 473">
    <p class='ocr_par' dir='ltr' id='par_1_2' title="bbox 204 398 1707 473">
     <span class='ocr_line' id='line_1_2' title="bbox 204 398 1707 473; baseline -0.001 -17"><span class='ocrx_word' id='word_1_2' title='bbox 204 401 305 456; x_wconf 78' lang='lat'><strong>590</strong></span> <span class='ocrx_word' id='word_1_3' title='bbox 333 400 551 473; x_wconf 76' lang='grc' dir='ltr'>Κιρνάς,</span> <span class='ocrx_word' id='word_1_4' title='bbox 579 400 654 463; x_wconf 87' lang='grc' dir='ltr'>ὼς</span> <span class='ocrx_word' id='word_1_5' title='bbox 683 399 874 462; x_wconf 76' lang='grc' dir='ltr'>ἐθέλει,</span> <span class='ocrx_word' id='word_1_6' title='bbox 911 398 1112 467; x_wconf 78' lang='grc' dir='ltr'><strong>κόσμον</strong></span> <span class='ocrx_word' id='word_1_7' title='bbox 1138 398 1257 451; x_wconf 84' lang='grc' dir='ltr'><strong>ὅλον</strong></span> <span class='ocrx_word' id='word_1_8' title='bbox 1288 399 1417 453; x_wconf 78' lang='grc' dir='ltr'>ἔνθα</span> <span class='ocrx_word' id='word_1_9' title='bbox 1441 402 1532 454; x_wconf 70' lang='grc' dir='ltr'><strong>καὶ</strong></span> <span class='ocrx_word' id='word_1_10' title='bbox 1561 400 1707 454; x_wconf 79' lang='grc' dir='ltr'>ἔνθα.</span> 
     </span>
    </p>
   </div>
   <div class='ocr_carea' id='block_1_3' title="bbox 204 482 1777 565">
    <p class='ocr_par' dir='ltr' id='par_1_3' title="bbox 204 482 1777 565">
     <span class='ocr_line' id='line_1_3' title="bbox 204 482 1777 565; baseline -0.003 -18"><span class='ocrx_word' id='word_1_11' title='bbox 204 492 396 565; x_wconf 82' lang='grc' dir='ltr'><strong>Παῦρα</strong></span> <span class='ocrx_word' id='word_1_12' title='bbox 426 492 469 545; x_wconf 82' lang='grc' dir='ltr'>δ’</span> <span class='ocrx_word' id='word_1_13' title='bbox 497 492 605 545; x_wconf 82' lang='grc' dir='ltr'><strong>ἀπὸ</strong></span> <span class='ocrx_word' id='word_1_14' title='bbox 636 491 875 543; x_wconf 77' lang='grc' dir='ltr'>πλεόνων</span> <span class='ocrx_word' id='word_1_15' title='bbox 911 489 1244 560; x_wconf 80' lang='grc' dir='ltr'><strong>μυθήσομαι,</strong></span> <span class='ocrx_word' id='word_1_16' title='bbox 1277 482 1351 543; x_wconf 83' lang='grc' dir='ltr'>ὧν</span> <span class='ocrx_word' id='word_1_17' title='bbox 1384 491 1451 543; x_wconf 81' lang='grc' dir='ltr'>τὰ</span> <span class='ocrx_word' id='word_1_18' title='bbox 1478 496 1597 561; x_wconf 82' lang='grc' dir='ltr'>μὲν,</span> <span class='ocrx_word' id='word_1_19' title='bbox 1616 492 1777 554; x_wconf 76' lang='grc' dir='ltr'>αὐτὸς</span> 
     </span>
    </p>
   </div>
   <div class='ocr_carea' id='block_1_4' title="bbox 208 571 1731 650">
    <p class='ocr_par' dir='ltr' id='par_1_4' title="bbox 208 571 1731 650">
     <span class='ocr_line' id='line_1_4' title="bbox 208 571 1731 650; baseline 0.001 -17"><span class='ocrx_word' id='word_1_20' title='bbox 208 580 487 650; x_wconf 80' lang='grc' dir='ltr'>Ἐδρακον,</span> <span class='ocrx_word' id='word_1_21' title='bbox 528 572 602 632; x_wconf 85' lang='grc' dir='ltr'>ὧν</span> <span class='ocrx_word' id='word_1_22' title='bbox 622 578 679 632; x_wconf 84' lang='grc' dir='ltr'>δὲ</span> <span class='ocrx_word' id='word_1_23' title='bbox 712 577 903 648; x_wconf 76' lang='grc' dir='ltr'>βίΰλοι,</span> <span class='ocrx_word' id='word_1_24' title='bbox 935 571 1010 631; x_wconf 81' lang='grc' dir='ltr'><strong>ὧν</strong></span> <span class='ocrx_word' id='word_1_25' title='bbox 1029 581 1073 629; x_wconf 80' lang='grc' dir='ltr'>δ’</span> <span class='ocrx_word' id='word_1_26' title='bbox 1104 577 1271 631; x_wconf 78' lang='grc' dir='ltr'>οὔατα</span> <span class='ocrx_word' id='word_1_27' title='bbox 1306 580 1486 633; x_wconf 80' lang='grc' dir='ltr'>πίστιν</span> <span class='ocrx_word' id='word_1_28' title='bbox 1507 580 1731 635; x_wconf 81' lang='grc' dir='ltr'>ἔδωκαν.</span> 
     </span>
    </p>
   </div>
   <div class='ocr_carea' id='block_1_5' title="bbox 205 665 1633 741">
    <p class='ocr_par' dir='ltr' id='par_1_5' title="bbox 205 665 1633 741">
     <span class='ocr_line' id='line_1_5' title="bbox 205 665 1633 741; baseline -0.001 -16"><span class='ocrx_word' id='word_1_29' title='bbox 205 674 314 741; x_wconf 72' lang='grc' dir='ltr'><strong>οὐχ</strong></span> <span class='ocrx_word' id='word_1_30' title='bbox 346 665 426 734; x_wconf 78' lang='grc' dir='ltr'><strong>εἷς</strong></span> <span class='ocrx_word' id='word_1_31' title='bbox 459 670 559 740; x_wconf 85' lang='grc' dir='ltr'>μὲν</span> <span class='ocrx_word' id='word_1_32' title='bbox 593 672 882 739; x_wconf 77' lang='grc' dir='ltr'>ποταμοῖσι</span> <span class='ocrx_word' id='word_1_33' title='bbox 902 670 1050 723; x_wconf 85' lang='grc' dir='ltr'>κάτω</span> <span class='ocrx_word' id='word_1_34' title='bbox 1079 670 1200 740; x_wconf 80' lang='grc' dir='ltr'>ῥόος</span> <span class='ocrx_word' id='word_1_35' title='bbox 1221 671 1367 722; x_wconf 69' lang='grc' dir='ltr'>ἐστὶν</span> <span class='ocrx_word' id='word_1_36' title='bbox 1394 670 1593 723; x_wconf 79' lang='grc' dir='ltr'>ἅπασιν</span> <span class='ocrx_word' id='word_1_37' title='bbox 1619 689 1633 737; x_wconf 89' lang='grc'><strong>;</strong></span> 
     </span>
    </p>
   </div>
   <div class='ocr_carea' id='block_1_6' title="bbox 206 758 1627 831">
    <p class='ocr_par' dir='ltr' id='par_1_6' title="bbox 206 758 1627 831">
     <span class='ocr_line' id='line_1_6' title="bbox 206 758 1627 831; baseline -0.001 -16"><span class='ocrx_word' id='word_1_38' title='bbox 206 758 299 826; x_wconf 76' lang='grc' dir='ltr'><strong>Εἷς</strong></span> <span class='ocrx_word' id='word_1_39' title='bbox 321 762 379 814; x_wconf 84' lang='grc' dir='ltr'><strong>δὲ</strong></span> <span class='ocrx_word' id='word_1_40' title='bbox 407 761 569 831; x_wconf 90' lang='grc' dir='ltr'>νόμος</span> <span class='ocrx_word' id='word_1_41' title='bbox 607 760 936 829; x_wconf 81' lang='grc' dir='ltr'>πελάγεσσιν</span> <span class='ocrx_word' id='word_1_42' title='bbox 966 762 1052 814; x_wconf 77' lang='grc' dir='ltr'><strong>ἐπ’</strong></span> <span class='ocrx_word' id='word_1_43' title='bbox 1084 762 1322 830; x_wconf 75' lang='grc' dir='ltr'>ἠϊόνεσσι</span> <span class='ocrx_word' id='word_1_44' title='bbox 1346 760 1627 825; x_wconf 76' lang='grc' dir='ltr'>δεδέσθαις</span> 
     </span>
    </p>
   </div>
   <div class='ocr_carea' id='block_1_7' title="bbox 208 847 1784 923">
    <p class='ocr_par' dir='ltr' id='par_1_7' title="bbox 208 847 1784 923">
     <span class='ocr_line' id='line_1_7' title="bbox 208 847 1784 923; baseline -0.003 -14"><span class='ocrx_word' id='word_1_45' title='bbox 208 854 309 909; x_wconf 77' lang='lat'><strong>595</strong></span> <span class='ocrx_word' id='word_1_46' title='bbox 362 847 454 916; x_wconf 74' lang='grc' dir='ltr'>Εἷς</span> <span class='ocrx_word' id='word_1_47' title='bbox 510 851 569 903; x_wconf 87' lang='grc' dir='ltr'>δὲ</span> <span class='ocrx_word' id='word_1_48' title='bbox 633 851 803 923; x_wconf 80' lang='grc' dir='ltr'>πυρὸς</span> <span class='ocrx_word' id='word_1_49' title='bbox 827 850 1147 920; x_wconf 71' lang='grc' dir='ltr'>φλογόεντος</span> <span class='ocrx_word' id='word_1_50' title='bbox 1199 851 1311 905; x_wconf 85' lang='grc' dir='ltr'>ἄνω</span> <span class='ocrx_word' id='word_1_51' title='bbox 1342 850 1539 922; x_wconf 83' lang='grc' dir='ltr'><strong>δρόμος</strong></span> <span class='ocrx_word' id='word_1_52' title='bbox 1579 851 1784 920; x_wconf 80' lang='grc' dir='ltr'>ἆλμασι</span> 
     </span>
    </p>
   </div>
   <div class='ocr_carea' id='block_1_8' title="bbox 1425 941 1710 1011">
    <p class='ocr_par' dir='ltr' id='par_1_8' title="bbox 1425 941 1710 1011">
     <span class='ocr_line' id='line_1_8' title="bbox 1425 941 1710 1011; baseline 0.004 -19"><span class='ocrx_word' id='word_1_53' title='bbox 1425 941 1674 1011; x_wconf 73' lang='grc' dir='ltr'>[πυκνοῖς</span> <span class='ocrx_word' id='word_1_54' title='bbox 1698 960 1710 1004; x_wconf 86' lang='grc'><strong>;</strong></span> 
     </span>
    </p>
   </div>
   <div class='ocr_carea' id='block_1_9' title="bbox 219 1031 1632 1106">
    <p class='ocr_par' dir='ltr' id='par_1_9' title="bbox 219 1031 1632 1106">
     <span class='ocr_line' id='line_1_9' title="bbox 219 1031 1632 1106; baseline -0.006 -15"><span class='ocrx_word' id='word_1_55' title='bbox 219 1037 354 1091; x_wconf 79' lang='grc' dir='ltr'><strong>Ἀλλ’</strong></span> <span class='ocrx_word' id='word_1_56' title='bbox 380 1037 560 1106; x_wconf 76' lang='grc' dir='ltr'>ἔμπης</span> <span class='ocrx_word' id='word_1_57' title='bbox 590 1033 832 1103; x_wconf 74' lang='grc' dir='ltr'>ποταμὸς</span> <span class='ocrx_word' id='word_1_58' title='bbox 864 1032 1063 1102; x_wconf 75' lang='grc' dir='ltr'>πικρὴν</span> <span class='ocrx_word' id='word_1_59' title='bbox 1092 1031 1404 1102; x_wconf 84' lang='grc' dir='ltr'>διανήχεται</span> <span class='ocrx_word' id='word_1_60' title='bbox 1432 1032 1632 1103; x_wconf 82' lang='grc' dir='ltr'>ἆλμην,</span> 
     </span>
    </p>
   </div>
   <div class='ocr_carea' id='block_1_10' title="bbox 208 1122 1684 1195">
    <p class='ocr_par' dir='ltr' id='par_1_10' title="bbox 208 1122 1684 1195">
     <span class='ocr_line' id='line_1_10' title="bbox 208 1122 1684 1195; baseline -0.002 -15"><span class='ocrx_word' id='word_1_61' title='bbox 208 1128 314 1180; x_wconf 80' lang='grc' dir='ltr'>Καὶ</span> <span class='ocrx_word' id='word_1_62' title='bbox 341 1126 584 1195; x_wconf 85' lang='grc' dir='ltr'>ποταμός</span> <span class='ocrx_word' id='word_1_63' title='bbox 611 1141 715 1194; x_wconf 88' lang='grc' dir='ltr'><strong>περ</strong></span> <span class='ocrx_word' id='word_1_64' title='bbox 746 1123 872 1187; x_wconf 79' lang='grc' dir='ltr'>ἐὼν,</span> <span class='ocrx_word' id='word_1_65' title='bbox 897 1124 1006 1176; x_wconf 80' lang='grc' dir='ltr'>οὐδ’</span> <span class='ocrx_word' id='word_1_66' title='bbox 1051 1124 1203 1176; x_wconf 79' lang='grc' dir='ltr'>ὕδατι</span> <span class='ocrx_word' id='word_1_67' title='bbox 1233 1124 1490 1194; x_wconf 82' lang='grc' dir='ltr'>μίσγεται</span> <span class='ocrx_word' id='word_1_68' title='bbox 1518 1122 1684 1194; x_wconf 78' lang='grc' dir='ltr'>ὕδωρ.</span> 
     </span>
    </p>
   </div>
   <div class='ocr_carea' id='block_1_11' title="bbox 208 1210 1727 1285">
    <p class='ocr_par' dir='ltr' id='par_1_11' title="bbox 208 1210 1727 1285">
     <span class='ocr_line' id='line_1_11' title="bbox 208 1210 1727 1285; baseline -0.003 -16"><span class='ocrx_word' id='word_1_69' title='bbox 208 1214 415 1268; x_wconf 82' lang='grc' dir='ltr'>Ναῦται</span> <span class='ocrx_word' id='word_1_70' title='bbox 441 1213 483 1265; x_wconf 86' lang='grc' dir='ltr'>δ’</span> <span class='ocrx_word' id='word_1_71' title='bbox 519 1214 583 1265; x_wconf 84' lang='grc' dir='ltr'>ὲκ</span> <span class='ocrx_word' id='word_1_72' title='bbox 609 1210 878 1279; x_wconf 81' lang='grc' dir='ltr'><strong>πελάγους</strong></span> <span class='ocrx_word' id='word_1_73' title='bbox 905 1211 1167 1285; x_wconf 80' lang='grc' dir='ltr'>γλυκερὸν</span> <span class='ocrx_word' id='word_1_74' title='bbox 1202 1210 1362 1263; x_wconf 77' lang='grc' dir='ltr'>ποτὸν</span> <span class='ocrx_word' id='word_1_75' title='bbox 1397 1210 1727 1282; x_wconf 79' lang='grc' dir='ltr'>ὑδρεύονται,</span> 
     </span>
    </p>
   </div>
   <div class='ocr_carea' id='block_1_12' title="bbox 209 1302 1524 1376">
    <p class='ocr_par' dir='ltr' id='par_1_12' title="bbox 209 1302 1524 1376">
     <span class='ocr_line' id='line_1_12' title="bbox 209 1302 1524 1376; baseline -0.002 -17"><span class='ocrx_word' id='word_1_76' title='bbox 209 1306 328 1376; x_wconf 81' lang='grc' dir='ltr'><strong>Νῆα</strong></span> <span class='ocrx_word' id='word_1_77' title='bbox 358 1305 466 1376; x_wconf 78' lang='grc' dir='ltr'><strong>ῥόῳ</strong></span> <span class='ocrx_word' id='word_1_78' title='bbox 495 1302 786 1365; x_wconf 82' lang='grc' dir='ltr'>πελάοντες</span> <span class='ocrx_word' id='word_1_79' title='bbox 806 1303 1147 1373; x_wconf 78' lang='grc' dir='ltr'>ἐπειγομένῳ</span> <span class='ocrx_word' id='word_1_80' title='bbox 1177 1302 1302 1355; x_wconf 79' lang='grc' dir='ltr'>ποτὶ</span> <span class='ocrx_word' id='word_1_81' title='bbox 1339 1305 1524 1371; x_wconf 88' lang='grc' dir='ltr'>γαῖαν.</span> 
     </span>
    </p>
   </div>
   <div class='ocr_carea' id='block_1_13' title="bbox 208 1391 1787 1465">
    <p class='ocr_par' dir='ltr' id='par_1_13' title="bbox 208 1391 1787 1465">
     <span class='ocr_line' id='line_1_13' title="bbox 208 1391 1787 1465; baseline -0.004 -13"><span class='ocrx_word' id='word_1_82' title='bbox 208 1397 309 1452; x_wconf 79' lang='grc'><strong>600</strong></span> <span class='ocrx_word' id='word_1_83' title='bbox 360 1393 593 1464; x_wconf 74' lang='grc' dir='ltr'>Εὒῆοίης</span> <span class='ocrx_word' id='word_1_84' title='bbox 645 1392 689 1444; x_wconf 93' lang='grc' dir='ltr'>δ’</span> <span class='ocrx_word' id='word_1_85' title='bbox 730 1391 818 1463; x_wconf 83' lang='grc' dir='ltr'><strong>ἄρ’</strong></span> <span class='ocrx_word' id='word_1_86' title='bbox 857 1392 1056 1446; x_wconf 79' lang='grc' dir='ltr'>ὄπωπα</span> <span class='ocrx_word' id='word_1_87' title='bbox 1084 1391 1289 1464; x_wconf 79' lang='grc' dir='ltr'>θρασὺν</span> <span class='ocrx_word' id='word_1_88' title='bbox 1320 1393 1506 1465; x_wconf 82' lang='grc' dir='ltr'>πόρον,</span> <span class='ocrx_word' id='word_1_89' title='bbox 1536 1393 1644 1446; x_wconf 84' lang='grc' dir='ltr'>οὐδ’</span> <span class='ocrx_word' id='word_1_90' title='bbox 1668 1394 1787 1446; x_wconf 80' lang='grc' dir='ltr'>ἐπί-</span> 
     </span>
    </p>
   </div>
   <div class='ocr_carea' id='block_1_14' title="bbox 1449 1483 1714 1557">
    <p class='ocr_par' dir='ltr' id='par_1_14' title="bbox 1449 1483 1714 1557">
     <span class='ocr_line' id='line_1_14' title="bbox 1449 1483 1714 1557; baseline -0.004 -17"><span class='ocrx_word' id='word_1_91' title='bbox 1449 1483 1714 1557; x_wconf 80' lang='grc' dir='ltr'>[φραστον</span> 
     </span>
    </p>
   </div>
   <div class='ocr_carea' id='block_1_15' title="bbox 209 1574 1540 1651">
    <p class='ocr_par' dir='ltr' id='par_1_15' title="bbox 209 1574 1540 1651">
     <span class='ocr_line' id='line_1_15' title="bbox 209 1574 1540 1651; baseline -0.001 -20"><span class='ocrx_word' id='word_1_92' title='bbox 209 1577 478 1651; x_wconf 82' lang='grc' dir='ltr'>Πορθμὸν,</span> <span class='ocrx_word' id='word_1_93' title='bbox 505 1578 630 1645; x_wconf 83' lang='grc' dir='ltr'>ἁλὸς</span> <span class='ocrx_word' id='word_1_94' title='bbox 651 1577 863 1650; x_wconf 81' lang='grc' dir='ltr'>κληῖδα,</span> <span class='ocrx_word' id='word_1_95' title='bbox 885 1574 1260 1631; x_wconf 88' lang='grc' dir='ltr'>παλισσύτοισι</span> <span class='ocrx_word' id='word_1_96' title='bbox 1296 1576 1540 1647; x_wconf 78' lang='grc' dir='ltr'>ῥεέθροις</span> 
     </span>
    </p>
   </div>
   <div class='ocr_carea' id='block_1_16' title="bbox 1294 281 2336 339">
    <p class='ocr_par' dir='ltr' id='par_1_16' title="bbox 1294 281 2336 339">
     <span class='ocr_line' id='line_1_16' title="bbox 1294 281 2336 339; baseline 0.002 -2"><span class='ocrx_word' id='word_1_97' title='bbox 1294 281 1536 339; x_wconf 78' lang='lat' dir='ltr'><strong>SECTIO</strong></span> <span class='ocrx_word' id='word_1_98' title='bbox 1567 283 1606 337; x_wconf 86' lang='lat' dir='ltr'><strong>ll</strong></span> <span class='ocrx_word' id='word_1_99' title='bbox 1645 281 1967 336; x_wconf 62' lang='grc' dir='ltr'><strong>ΡΟΕΜᾹΤΛ</strong></span> <span class='ocrx_word' id='word_1_100' title='bbox 2012 283 2336 339; x_wconf 65' lang='lat' dir='ltr'><strong>MORALEA.</strong></span> 
     </span>
    </p>
   </div>
   <div class='ocr_carea' id='block_1_17' title="bbox 3332 280 3466 335">
    <p class='ocr_par' dir='ltr' id='par_1_17' title="bbox 3332 280 3466 335">
     <span class='ocr_line' id='line_1_17' title="bbox 3332 280 3466 335; baseline -0.007 0"><span class='ocrx_word' id='word_1_101' title='bbox 3332 280 3466 335; x_wconf 68' lang='grc' dir='ltr'><strong>’(1Ξο</strong></span> 
     </span>
    </p>
   </div>
   <div class='ocr_carea' id='block_1_18' title="bbox 1811 399 3343 472">
    <p class='ocr_par' dir='ltr' id='par_1_18' title="bbox 1811 399 3343 472">
     <span class='ocr_line' id='line_1_18' title="bbox 1811 399 3343 472; baseline -0.001 -19"><span class='ocrx_word' id='word_1_102' title='bbox 1811 404 1857 453; x_wconf 82' lang='grc' dir='ltr'><strong>Λ</strong></span> <span class='ocrx_word' id='word_1_103' title='bbox 1884 400 2244 470; x_wconf 82' lang='grc' dir='ltr'>Μαινὸμενον.</span> <span class='ocrx_word' id='word_1_104' title='bbox 2282 400 2481 464; x_wconf 80' lang='grc' dir='ltr'>Πόντος</span> <span class='ocrx_word' id='word_1_105' title='bbox 2510 401 2567 453; x_wconf 79' lang='grc' dir='ltr'><strong>δὲ</strong></span> <span class='ocrx_word' id='word_1_106' title='bbox 2595 402 2728 472; x_wconf 74' lang='grc' dir='ltr'>ῥέει,</span> <span class='ocrx_word' id='word_1_107' title='bbox 2759 401 2850 453; x_wconf 75' lang='grc' dir='ltr'><strong>καὶ</strong></span> <span class='ocrx_word' id='word_1_108' title='bbox 2873 399 3086 471; x_wconf 76' lang='grc' dir='ltr'>ῥεῖθρον</span> <span class='ocrx_word' id='word_1_109' title='bbox 3120 400 3343 453; x_wconf 78' lang='grc' dir='ltr'>ἄνεισιν.</span> 
     </span>
    </p>
   </div>
   <div class='ocr_carea' id='block_1_19' title="bbox 1896 485 3383 560">
    <p class='ocr_par' dir='ltr' id='par_1_19' title="bbox 1896 485 3383 560">
     <span class='ocr_line' id='line_1_19' title="bbox 1896 485 3383 560; baseline -0.001 -19"><span class='ocrx_word' id='word_1_110' title='bbox 1896 490 2145 553; x_wconf 74' lang='grc' dir='ltr'>Ὠκεανὸς</span> <span class='ocrx_word' id='word_1_111' title='bbox 2172 490 2213 541; x_wconf 86' lang='grc' dir='ltr'>δ’</span> <span class='ocrx_word' id='word_1_112' title='bbox 2245 491 2342 558; x_wconf 81' lang='grc' dir='ltr'><strong>οὺχ</strong></span> <span class='ocrx_word' id='word_1_113' title='bbox 2366 490 2541 542; x_wconf 72' lang='grc' dir='ltr'>ἕλκετ’</span> <span class='ocrx_word' id='word_1_114' title='bbox 2560 490 2668 542; x_wconf 79' lang='grc' dir='ltr'>ἀπὸ</span> <span class='ocrx_word' id='word_1_115' title='bbox 2699 489 2905 560; x_wconf 83' lang='grc' dir='ltr'>χθονὸς,</span> <span class='ocrx_word' id='word_1_116' title='bbox 2942 485 3041 541; x_wconf 75' lang='grc' dir='ltr'>εἶτ’</span> <span class='ocrx_word' id='word_1_117' title='bbox 3075 489 3167 542; x_wconf 74' lang='grc' dir='ltr'><strong>ἐπὶ</strong></span> <span class='ocrx_word' id='word_1_118' title='bbox 3190 489 3383 559; x_wconf 78' lang='grc' dir='ltr'>χέρσον</span> 
     </span>
    </p>
   </div>
   <div class='ocr_carea' id='block_1_20' title="bbox 1889 580 3170 651">
    <p class='ocr_par' dir='ltr' id='par_1_20' title="bbox 1889 580 3170 651">
     <span class='ocr_line' id='line_1_20' title="bbox 1889 580 3170 651; baseline -0.002 -18"><span class='ocrx_word' id='word_1_119' title='bbox 1889 581 2105 650; x_wconf 84' lang='grc' dir='ltr'>Ἔρχετ’</span> <span class='ocrx_word' id='word_1_120' title='bbox 2139 580 2540 649; x_wconf 74' lang='grc' dir='ltr'>ἐπειγομένοισι</span> <span class='ocrx_word' id='word_1_121' title='bbox 2573 581 2879 650; x_wconf 82' lang='grc' dir='ltr'>μεταΐσσων</span> <span class='ocrx_word' id='word_1_122' title='bbox 2913 580 3170 651; x_wconf 73' lang='grc' dir='ltr'>ροθίοισις</span> 
     </span>
    </p>
   </div>
   <div class='ocr_carea' id='block_1_21' title="bbox 1887 669 3409 743">
    <p class='ocr_par' dir='ltr' id='par_1_21' title="bbox 1887 669 3409 743">
     <span class='ocr_line' id='line_1_21' title="bbox 1887 669 3409 743; baseline -0.003 -18"><span class='ocrx_word' id='word_1_123' title='bbox 1887 670 1994 725; x_wconf 77' lang='grc'><strong>605</strong></span> <span class='ocrx_word' id='word_1_124' title='bbox 2028 671 2137 724; x_wconf 75' lang='grc' dir='ltr'>Καὶ</span> <span class='ocrx_word' id='word_1_125' title='bbox 2154 669 2331 722; x_wconf 79' lang='grc' dir='ltr'>πεδίον</span> <span class='ocrx_word' id='word_1_126' title='bbox 2356 671 2448 721; x_wconf 71' lang='grc' dir='ltr'>καὶ</span> <span class='ocrx_word' id='word_1_127' title='bbox 2475 671 2667 733; x_wconf 70' lang='grc' dir='ltr'>πόντος</span> <span class='ocrx_word' id='word_1_128' title='bbox 2693 672 2778 722; x_wconf 74' lang='grc' dir='ltr'><strong>ἐπ’</strong></span> <span class='ocrx_word' id='word_1_129' title='bbox 2807 671 2950 740; x_wconf 77' lang='grc' dir='ltr'>ὴῖόσι</span> <span class='ocrx_word' id='word_1_130' title='bbox 2969 673 3355 743; x_wconf 83' lang='grc' dir='ltr'>Κιμμερίοισιν</span> <span class='ocrx_word' id='word_1_131' title='bbox 3396 694 3409 720; x_wconf 73' lang='grc' dir='ltr'><strong>ι</strong></span> 
     </span>
    </p>
   </div>
   <div class='ocr_carea' id='block_1_22' title="bbox 1886 756 3342 832">
    <p class='ocr_par' dir='ltr' id='par_1_22' title="bbox 1886 756 3342 832">
     <span class='ocr_line' id='line_1_22' title="bbox 1886 756 3342 832; baseline 0.001 -18"><span class='ocrx_word' id='word_1_132' title='bbox 1886 761 2077 824; x_wconf 80' lang='grc' dir='ltr'>Ἀλλος</span> <span class='ocrx_word' id='word_1_133' title='bbox 2103 761 2148 814; x_wconf 84' lang='grc' dir='ltr'>δ’</span> <span class='ocrx_word' id='word_1_134' title='bbox 2181 757 2247 812; x_wconf 83' lang='grc' dir='ltr'>αὖ</span> <span class='ocrx_word' id='word_1_135' title='bbox 2279 759 2399 829; x_wconf 79' lang='grc' dir='ltr'><strong>ῥόος</strong></span> <span class='ocrx_word' id='word_1_136' title='bbox 2421 756 2527 812; x_wconf 86' lang='grc' dir='ltr'>εἶσι</span> <span class='ocrx_word' id='word_1_137' title='bbox 2557 761 2727 832; x_wconf 82' lang='grc' dir='ltr'>πυρὸς</span> <span class='ocrx_word' id='word_1_138' title='bbox 2760 761 2975 829; x_wconf 76' lang='grc' dir='ltr'>φλογὸς,</span> <span class='ocrx_word' id='word_1_139' title='bbox 3004 763 3049 813; x_wconf 79' lang='grc' dir='ltr'><strong>εί</strong></span> <span class='ocrx_word' id='word_1_140' title='bbox 3078 762 3224 815; x_wconf 73' lang='grc' dir='ltr'>ἐτεόν</span> <span class='ocrx_word' id='word_1_141' title='bbox 3257 779 3342 831; x_wconf 76' lang='grc' dir='ltr'><strong>γε,</strong></span> 
     </span>
    </p>
   </div>
   <div class='ocr_carea' id='block_1_23' title="bbox 1880 848 3313 919">
    <p class='ocr_par' dir='ltr' id='par_1_23' title="bbox 1880 848 3313 919">
     <span class='ocr_line' id='line_1_23' title="bbox 1880 848 3313 919; baseline 0 -15"><span class='ocrx_word' id='word_1_142' title='bbox 1880 851 2149 904; x_wconf 74' lang='grc' dir='ltr'>Αἰτναίων</span> <span class='ocrx_word' id='word_1_143' title='bbox 2174 848 2453 902; x_wconf 78' lang='grc' dir='ltr'>σκοπέλων</span> <span class='ocrx_word' id='word_1_144' title='bbox 2479 851 2583 903; x_wconf 84' lang='grc' dir='ltr'><strong>ἀπε</strong></span> <span class='ocrx_word' id='word_1_145' title='bbox 2594 850 2843 919; x_wconf 81' lang='grc' dir='ltr'>ρεύγεται</span> <span class='ocrx_word' id='word_1_146' title='bbox 2871 850 3027 913; x_wconf 77' lang='grc' dir='ltr'>ὁλκὸς</span> <span class='ocrx_word' id='word_1_147' title='bbox 3065 851 3313 916; x_wconf 80' lang='grc' dir='ltr'>ἄπιστος,</span> 
     </span>
    </p>
   </div>
   <div class='ocr_carea' id='block_1_24' title="bbox 1884 940 3464 1012">
    <p class='ocr_par' dir='ltr' id='par_1_24' title="bbox 1884 940 3464 1012">
     <span class='ocr_line' id='line_1_24' title="bbox 1884 940 3464 1012; baseline 0.001 -18"><span class='ocrx_word' id='word_1_148' title='bbox 1884 941 2002 1012; x_wconf 81' lang='grc' dir='ltr'><strong>Πῦρ</strong></span> <span class='ocrx_word' id='word_1_149' title='bbox 2034 941 2296 1010; x_wconf 86' lang='grc' dir='ltr'>ποταμός.</span> <span class='ocrx_word' id='word_1_150' title='bbox 2330 942 2412 995; x_wconf 86' lang='grc' dir='ltr'><strong>Τά</strong></span> <span class='ocrx_word' id='word_1_151' title='bbox 2430 941 2475 992; x_wconf 87' lang='grc' dir='ltr'>δ’</span> <span class='ocrx_word' id='word_1_152' title='bbox 2497 940 2704 1011; x_wconf 78' lang='grc' dir='ltr'>ἄμικτα</span> <span class='ocrx_word' id='word_1_153' title='bbox 2728 941 2883 1011; x_wconf 88' lang='grc' dir='ltr'>μίγη,</span> <span class='ocrx_word' id='word_1_154' title='bbox 2912 942 3164 1010; x_wconf 82' lang='grc' dir='ltr'>Χριστοῖο</span> <span class='ocrx_word' id='word_1_155' title='bbox 3201 940 3464 1006; x_wconf 84' lang='grc' dir='ltr'>θέλοντος.</span> 
     </span>
    </p>
   </div>
   <div class='ocr_carea' id='block_1_25' title="bbox 1885 1028 3197 1101">
    <p class='ocr_par' dir='ltr' id='par_1_25' title="bbox 1885 1028 3197 1101">
     <span class='ocr_line' id='line_1_25' title="bbox 1885 1028 3197 1101; baseline -0.001 -16"><span class='ocrx_word' id='word_1_156' title='bbox 1885 1028 2013 1085; x_wconf 76' lang='grc' dir='ltr'>Οἶδα</span> <span class='ocrx_word' id='word_1_157' title='bbox 2047 1031 2140 1084; x_wconf 70' lang='grc' dir='ltr'><strong>καὶ</strong></span> <span class='ocrx_word' id='word_1_158' title='bbox 2173 1031 2229 1082; x_wconf 78' lang='grc' dir='ltr'><strong>ἐν</strong></span> <span class='ocrx_word' id='word_1_159' title='bbox 2261 1031 2489 1100; x_wconf 86' lang='grc' dir='ltr'>βαιοῖσιν</span> <span class='ocrx_word' id='word_1_160' title='bbox 2522 1031 2702 1101; x_wconf 86' lang='grc' dir='ltr'>ὀμοίῖα</span> <span class='ocrx_word' id='word_1_161' title='bbox 2737 1030 2969 1101; x_wconf 81' lang='grc' dir='ltr'>θαύματ’</span> <span class='ocrx_word' id='word_1_162' title='bbox 2999 1032 3197 1084; x_wconf 79' lang='grc' dir='ltr'>ἀεῖσαι.</span> 
     </span>
    </p>
   </div>
   <div class='ocr_carea' id='block_1_26' title="bbox 1879 1123 3467 1194">
    <p class='ocr_par' dir='ltr' id='par_1_26' title="bbox 1879 1123 3467 1194">
     <span class='ocr_line' id='line_1_26' title="bbox 1879 1123 3467 1194; baseline 0.001 -17"><span class='ocrx_word' id='word_1_163' title='bbox 1879 1124 1981 1178; x_wconf 85' lang='grc'><strong>610</strong></span> <span class='ocrx_word' id='word_1_164' title='bbox 2018 1123 2171 1174; x_wconf 87' lang='grc' dir='ltr'>Ἔστι</span> <span class='ocrx_word' id='word_1_165' title='bbox 2222 1140 2306 1185; x_wconf 84' lang='grc' dir='ltr'><strong>τις</strong></span> <span class='ocrx_word' id='word_1_166' title='bbox 2340 1124 2396 1176; x_wconf 80' lang='grc' dir='ltr'><strong>ἐν</strong></span> <span class='ocrx_word' id='word_1_167' title='bbox 2452 1125 2708 1194; x_wconf 86' lang='grc' dir='ltr'>καρποῖσι</span> <span class='ocrx_word' id='word_1_168' title='bbox 2770 1123 3128 1194; x_wconf 80' lang='grc' dir='ltr'>κερασϐόλος,</span> <span class='ocrx_word' id='word_1_169' title='bbox 3155 1123 3467 1184; x_wconf 78' lang='grc' dir='ltr'><strong>ὼςὲνέπου-</strong></span> 
     </span>
    </p>
   </div>
   <div class='ocr_carea' id='block_1_27' title="bbox 3263 1213 3395 1285">
    <p class='ocr_par' dir='ltr' id='par_1_27' title="bbox 3263 1213 3395 1285">
     <span class='ocr_line' id='line_1_27' title="bbox 3263 1213 3395 1285; baseline 0.008 -19"><span class='ocrx_word' id='word_1_170' title='bbox 3263 1213 3395 1285; x_wconf 88' lang='grc' dir='ltr'>[σιν,</span> 
     </span>
    </p>
   </div>
   <div class='ocr_carea' id='block_1_28' title="bbox 1889 1304 3233 1377">
    <p class='ocr_par' dir='ltr' id='par_1_28' title="bbox 1889 1304 3233 1377">
     <span class='ocr_line' id='line_1_28' title="bbox 1889 1304 3233 1377; baseline -0.002 -19"><span class='ocrx_word' id='word_1_171' title='bbox 1889 1308 1985 1368; x_wconf 84' lang='grc' dir='ltr'>Ὃς</span> <span class='ocrx_word' id='word_1_172' title='bbox 2015 1304 2229 1376; x_wconf 72' lang='grc' dir='ltr'>μοῦνος,</span> <span class='ocrx_word' id='word_1_173' title='bbox 2257 1305 2365 1357; x_wconf 82' lang='grc' dir='ltr'><strong>τῶν</strong></span> <span class='ocrx_word' id='word_1_174' title='bbox 2396 1307 2533 1358; x_wconf 83' lang='grc' dir='ltr'>ὅσσα</span> <span class='ocrx_word' id='word_1_175' title='bbox 2562 1306 2684 1374; x_wconf 77' lang='grc' dir='ltr'>φύει</span> <span class='ocrx_word' id='word_1_176' title='bbox 2718 1306 2972 1377; x_wconf 78' lang='grc' dir='ltr'>ζείδωρος</span> <span class='ocrx_word' id='word_1_177' title='bbox 3003 1304 3233 1375; x_wconf 80' lang='grc' dir='ltr'>ἄρουρα,</span> 
     </span>
    </p>
   </div>
   <div class='ocr_carea' id='block_1_29' title="bbox 1896 1394 3412 1466">
    <p class='ocr_par' dir='ltr' id='par_1_29' title="bbox 1896 1394 3412 1466">
     <span class='ocr_line' id='line_1_29' title="bbox 1896 1394 3412 1466; baseline -0.002 -17"><span class='ocrx_word' id='word_1_178' title='bbox 1896 1395 2194 1466; x_wconf 76' lang='grc' dir='ltr'>Ἐσκληκδς</span> <span class='ocrx_word' id='word_1_179' title='bbox 2223 1397 2314 1449; x_wconf 72' lang='grc' dir='ltr'>καὶ</span> <span class='ocrx_word' id='word_1_180' title='bbox 2345 1396 2607 1464; x_wconf 83' lang='grc' dir='ltr'>ἄτεγκτον</span> <span class='ocrx_word' id='word_1_181' title='bbox 2637 1395 2775 1466; x_wconf 79' lang='grc' dir='ltr'>ἔχων</span> <span class='ocrx_word' id='word_1_182' title='bbox 2802 1397 2992 1465; x_wconf 79' lang='grc' dir='ltr'>δέμας,</span> <span class='ocrx_word' id='word_1_183' title='bbox 3023 1394 3134 1446; x_wconf 69' lang='grc' dir='ltr'>οὔτ’</span> <span class='ocrx_word' id='word_1_184' title='bbox 3172 1394 3253 1447; x_wconf 67' lang='grc' dir='ltr'>ἐνὶ</span> <span class='ocrx_word' id='word_1_185' title='bbox 3282 1395 3412 1466; x_wconf 81' lang='grc' dir='ltr'>γαίῃ</span> 
     </span>
    </p>
   </div>
   <div class='ocr_carea' id='block_1_30' title="bbox 1884 1486 3286 1559">
    <p class='ocr_par' dir='ltr' id='par_1_30' title="bbox 1884 1486 3286 1559">
     <span class='ocr_line' id='line_1_30' title="bbox 1884 1486 3286 1559; baseline 0 -18"><span class='ocrx_word' id='word_1_186' title='bbox 1884 1486 2102 1551; x_wconf 87' lang='grc' dir='ltr'>Λύεται,</span> <span class='ocrx_word' id='word_1_187' title='bbox 2128 1486 2240 1541; x_wconf 77' lang='grc' dir='ltr'>οὔτ’</span> <span class='ocrx_word' id='word_1_188' title='bbox 2268 1488 2522 1559; x_wconf 77' lang='grc' dir='ltr'>δμϐροισι</span> <span class='ocrx_word' id='word_1_189' title='bbox 2545 1487 2835 1548; x_wconf 77' lang='grc' dir='ltr'>πιαίνεται,</span> <span class='ocrx_word' id='word_1_190' title='bbox 2872 1487 3007 1540; x_wconf 81' lang='grc' dir='ltr'><strong>ἀλλὰ</strong></span> <span class='ocrx_word' id='word_1_191' title='bbox 3042 1487 3286 1557; x_wconf 80' lang='grc' dir='ltr'>πέπηγεν</span> 
     </span>
    </p>
   </div>
   <div class='ocr_carea' id='block_1_31' title="bbox 1882 1578 3229 1650">
    <p class='ocr_par' dir='ltr' id='par_1_31' title="bbox 1882 1578 3229 1650">
     <span class='ocr_line' id='line_1_31' title="bbox 1882 1578 3229 1650; baseline 0 -20"><span class='ocrx_word' id='word_1_192' title='bbox 1882 1578 2136 1644; x_wconf 80' lang='grc' dir='ltr'>Αὺαλὲος,</span> <span class='ocrx_word' id='word_1_193' title='bbox 2167 1579 2381 1649; x_wconf 78' lang='grc' dir='ltr'>κεράων</span> <span class='ocrx_word' id='word_1_194' title='bbox 2418 1578 2779 1650; x_wconf 82' lang='grc' dir='ltr'>στερεώτερος</span> <span class='ocrx_word' id='word_1_195' title='bbox 2808 1579 2994 1648; x_wconf 74' lang='grc' dir='ltr'>ἤματα</span> <span class='ocrx_word' id='word_1_196' title='bbox 3029 1578 3229 1632; x_wconf 77' lang='grc' dir='ltr'>πάντα.</span> 
     </span>
    </p>
   </div>
   <div class='ocr_carea' id='block_1_32' title="bbox 705 1756 2910 1826">
    <p class='ocr_par' dir='ltr' id='par_1_32' title="bbox 705 1756 2910 1826">
     <span class='ocr_line' id='line_1_32' title="bbox 705 1756 2910 1826; baseline -0.001 -13"><span class='ocrx_word' id='word_1_197' title='bbox 705 1759 810 1814; x_wconf 82' lang='lat'><strong>590</strong></span> <span class='ocrx_word' id='word_1_198' title='bbox 847 1756 1100 1814; x_wconf 76' lang='lat' dir='ltr'><strong>Vestiens</strong></span> <span class='ocrx_word' id='word_1_199' title='bbox 1128 1756 1461 1813; x_wconf 90' lang='lat' dir='ltr'><strong>commistim</strong></span> <span class='ocrx_word' id='word_1_200' title='bbox 1492 1757 1621 1811; x_wconf 90' lang='lat' dir='ltr'><strong>hinc</strong></span> <span class='ocrx_word' id='word_1_201' title='bbox 1650 1768 1704 1812; x_wconf 92' lang='lat' dir='ltr'><strong>et</strong></span> <span class='ocrx_word' id='word_1_202' title='bbox 1733 1757 1858 1812; x_wconf 92' lang='lat' dir='ltr'><strong>inde</strong></span> <span class='ocrx_word' id='word_1_203' title='bbox 1892 1766 2089 1825; x_wconf 89' lang='lat' dir='ltr'><strong>totmn,</strong></span> <span class='ocrx_word' id='word_1_204' title='bbox 2123 1770 2182 1813; x_wconf 92' lang='lat' dir='ltr'><strong>ut</strong></span> <span class='ocrx_word' id='word_1_205' title='bbox 2212 1758 2261 1812; x_wconf 91' lang='lat' dir='ltr'><strong>ei</strong></span> <span class='ocrx_word' id='word_1_206' title='bbox 2295 1757 2584 1826; x_wconf 99' lang='lat' dir='ltr'><strong>placuerit,</strong></span> <span class='ocrx_word' id='word_1_207' title='bbox 2624 1758 2910 1813; x_wconf 82' lang='lat' dir='ltr'><strong>numdum.</strong></span> 
     </span>
    </p>
   </div>
   <div class='ocr_carea' id='block_1_33' title="bbox 706 1828 2373 1897">
    <p class='ocr_par' dir='ltr' id='par_1_33' title="bbox 706 1828 2373 1897">
     <span class='ocr_line' id='line_1_33' title="bbox 706 1828 2373 1897; baseline 0.001 -17"><span class='ocrx_word' id='word_1_208' title='bbox 706 1829 885 1882; x_wconf 86' lang='lat' dir='ltr'><strong>Pauca</strong></span> <span class='ocrx_word' id='word_1_209' title='bbox 916 1835 1097 1882; x_wconf 85' lang='lat' dir='ltr'><strong>tamen</strong></span> <span class='ocrx_word' id='word_1_210' title='bbox 1130 1844 1161 1882; x_wconf 90' lang='lat' dir='ltr'><strong>e</strong></span> <span class='ocrx_word' id='word_1_211' title='bbox 1192 1828 1380 1882; x_wconf 91' lang='lat' dir='ltr'><strong>multis</strong></span> <span class='ocrx_word' id='word_1_212' title='bbox 1415 1828 1673 1891; x_wconf 78' lang='lat' dir='ltr'><strong>referam,</strong></span> <span class='ocrx_word' id='word_1_213' title='bbox 1703 1842 1940 1897; x_wconf 90' lang='lat' dir='ltr'><strong>quorum</strong></span> <span class='ocrx_word' id='word_1_214' title='bbox 1978 1829 2084 1882; x_wconf 88' lang='lat' dir='ltr'><strong>alia</strong></span> <span class='ocrx_word' id='word_1_215' title='bbox 2116 1843 2218 1897; x_wconf 84' lang='lat' dir='ltr'><strong>ego</strong></span> <span class='ocrx_word' id='word_1_216' title='bbox 2256 1828 2373 1897; x_wconf 83' lang='lat' dir='ltr'><strong>ipse</strong></span> 
     </span>
    </p>
   </div>
   <div class='ocr_carea' id='block_1_34' title="bbox 707 1897 2654 1964">
    <p class='ocr_par' dir='ltr' id='par_1_34' title="bbox 707 1897 2654 1964">
     <span class='ocr_line' id='line_1_34' title="bbox 707 1897 2654 1964; baseline 0 -13"><span class='ocrx_word' id='word_1_217' title='bbox 707 1897 865 1964; x_wconf 79' lang='lat' dir='ltr'><strong>Vidi;</strong></span> <span class='ocrx_word' id='word_1_218' title='bbox 895 1898 1127 1951; x_wconf 89' lang='lat' dir='ltr'><strong>aliorum</strong></span> <span class='ocrx_word' id='word_1_219' title='bbox 1155 1906 1338 1951; x_wconf 90' lang='lat' dir='ltr'><strong>autem</strong></span> <span class='ocrx_word' id='word_1_220' title='bbox 1367 1897 1513 1960; x_wconf 83' lang='lat' dir='ltr'><strong>libri,</strong></span> <span class='ocrx_word' id='word_1_221' title='bbox 1547 1897 1785 1951; x_wconf 88' lang='lat' dir='ltr'><strong>aliorum</strong></span> <span class='ocrx_word' id='word_1_222' title='bbox 1814 1912 1979 1953; x_wconf 82' lang='lat' dir='ltr'><strong>aures</strong></span> <span class='ocrx_word' id='word_1_223' title='bbox 2001 1898 2133 1952; x_wconf 88' lang='lat' dir='ltr'><strong>mihi</strong></span> <span class='ocrx_word' id='word_1_224' title='bbox 2170 1898 2329 1952; x_wconf 84' lang='lat' dir='ltr'><strong>Iidem</strong></span> <span class='ocrx_word' id='word_1_225' title='bbox 2362 1897 2654 1952; x_wconf 89' lang='lat' dir='ltr'><strong>dederunt.</strong></span> 
     </span>
    </p>
   </div>
   <div class='ocr_carea' id='block_1_35' title="bbox 707 1965 2130 2031">
    <p class='ocr_par' dir='ltr' id='par_1_35' title="bbox 707 1965 2130 2031">
     <span class='ocr_line' id='line_1_35' title="bbox 707 1965 2130 2031; baseline 0.001 -11"><span class='ocrx_word' id='word_1_226' title='bbox 707 1969 907 2022; x_wconf 81' lang='lat' dir='ltr'><strong>Nonne</strong></span> <span class='ocrx_word' id='word_1_227' title='bbox 934 1983 1077 2031; x_wconf 70' lang='lat' dir='ltr'><strong>uirus</strong></span> <span class='ocrx_word' id='word_1_228' title='bbox 1104 1966 1287 2021; x_wconf 90' lang='lat' dir='ltr'><strong>ﬂuviis</strong></span> <span class='ocrx_word' id='word_1_229' title='bbox 1326 1966 1584 2021; x_wconf 87' lang='lat' dir='ltr'><strong>omnibus</strong></span> <span class='ocrx_word' id='word_1_230' title='bbox 1622 1965 1852 2021; x_wconf 83' lang='lat' dir='ltr'><strong>declivis</strong></span> <span class='ocrx_word' id='word_1_231' title='bbox 1888 1968 2130 2023; x_wconf 84' lang='lat' dir='ltr'><strong>cursus?</strong></span> 
     </span>
    </p>
   </div>
   <div class='ocr_carea' id='block_1_36' title="bbox 688 2036 2374 2106">
    <p class='ocr_par' dir='ltr' id='par_1_36' title="bbox 688 2036 2374 2106">
     <span class='ocr_line' id='line_1_36' title="bbox 688 2036 2374 2106; baseline 0 -18"><span class='ocrx_word' id='word_1_232' title='bbox 688 2036 907 2106; x_wconf 82' lang='lat' dir='ltr'><strong>‘Nonne</strong></span> <span class='ocrx_word' id='word_1_233' title='bbox 940 2051 1102 2089; x_wconf 89' lang='lat' dir='ltr'><strong>unam</strong></span> <span class='ocrx_word' id='word_1_234' title='bbox 1133 2038 1305 2106; x_wconf 79' lang='lat' dir='ltr'><strong>legem</strong></span> <span class='ocrx_word' id='word_1_235' title='bbox 1334 2037 1536 2091; x_wconf 80' lang='lat' dir='ltr'><strong>habent</strong></span> <span class='ocrx_word' id='word_1_236' title='bbox 1566 2050 1791 2106; x_wconf 75' lang='lat' dir='ltr'><strong>aequora</strong></span> <span class='ocrx_word' id='word_1_237' title='bbox 1825 2037 2104 2092; x_wconf 90' lang='lat' dir='ltr'><strong>littoribus</strong></span> <span class='ocrx_word' id='word_1_238' title='bbox 2134 2037 2374 2091; x_wconf 75' lang='lat' dir='ltr'><strong>vinciri?</strong></span> 
     </span>
    </p>
   </div>
   <div class='ocr_carea' id='block_1_37' title="bbox 706 2104 2476 2175">
    <p class='ocr_par' dir='ltr' id='par_1_37' title="bbox 706 2104 2476 2175">
     <span class='ocr_line' id='line_1_37' title="bbox 706 2104 2476 2175; baseline 0.002 -17"><span class='ocrx_word' id='word_1_239' title='bbox 706 2106 811 2160; x_wconf 79' lang='lat'><strong>595</strong></span> <span class='ocrx_word' id='word_1_240' title='bbox 842 2104 1036 2160; x_wconf 80' lang='lat' dir='ltr'><strong>Nonne</strong></span> <span class='ocrx_word' id='word_1_241' title='bbox 1070 2104 1213 2175; x_wconf 79' lang='lat' dir='ltr'><strong>ignis</strong></span> <span class='ocrx_word' id='word_1_242' title='bbox 1239 2104 1458 2160; x_wconf 88' lang='lat' dir='ltr'><strong>ﬂamma</strong></span> <span class='ocrx_word' id='word_1_243' title='bbox 1488 2104 1708 2160; x_wconf 83' lang='lat' dir='ltr'><strong>sursum</strong></span> <span class='ocrx_word' id='word_1_244' title='bbox 1741 2104 1915 2161; x_wconf 79' lang='lat' dir='ltr'><strong>fertur</strong></span> <span class='ocrx_word' id='word_1_245' title='bbox 1952 2107 2169 2162; x_wconf 85' lang='lat' dir='ltr'><strong>crebris</strong></span> <span class='ocrx_word' id='word_1_246' title='bbox 2200 2107 2476 2164; x_wconf 80' lang='lat' dir='ltr'><strong>saltibus?</strong></span> 
     </span>
    </p>
   </div>
   <div class='ocr_carea' id='block_1_38' title="bbox 708 2173 2076 2246">
    <p class='ocr_par' dir='ltr' id='par_1_38' title="bbox 708 2173 2076 2246">
     <span class='ocr_line' id='line_1_38' title="bbox 708 2173 2076 2246; baseline 0.003 -19"><span class='ocrx_word' id='word_1_247' title='bbox 708 2173 1113 2246; x_wconf 74' lang='lat' dir='ltr'><strong>Verumtamen</strong></span> <span class='ocrx_word' id='word_1_248' title='bbox 1127 2173 1329 2246; x_wconf 82' lang='lat' dir='ltr'><strong>ﬂuvius</strong></span> <span class='ocrx_word' id='word_1_249' title='bbox 1362 2189 1581 2230; x_wconf 90' lang='lat' dir='ltr'><strong>amaras</strong></span> <span class='ocrx_word' id='word_1_250' title='bbox 1611 2184 1858 2245; x_wconf 82' lang='lat' dir='ltr'><strong>permeat</strong></span> <span class='ocrx_word' id='word_1_251' title='bbox 1882 2192 2076 2246; x_wconf 87' lang='lat' dir='ltr'><strong>aquas,</strong></span> 
     </span>
    </p>
   </div>
   <div class='ocr_carea' id='block_1_39' title="bbox 705 2243 2140 2315">
    <p class='ocr_par' dir='ltr' id='par_1_39' title="bbox 705 2243 2140 2315">
     <span class='ocr_line' id='line_1_39' title="bbox 705 2243 2140 2315; baseline 0.001 -17"><span class='ocrx_word' id='word_1_252' title='bbox 705 2246 968 2310; x_wconf 85' lang='lat' dir='ltr'><strong>Quamvis</strong></span> <span class='ocrx_word' id='word_1_253' title='bbox 999 2243 1196 2299; x_wconf 89' lang='lat' dir='ltr'><strong>ﬂuvius</strong></span> <span class='ocrx_word' id='word_1_254' title='bbox 1231 2245 1336 2311; x_wconf 88' lang='lat' dir='ltr'><strong>sit;</strong></span> <span class='ocrx_word' id='word_1_255' title='bbox 1373 2258 1475 2315; x_wconf 87' lang='lat' dir='ltr'><strong>nec</strong></span> <span class='ocrx_word' id='word_1_256' title='bbox 1498 2243 1641 2315; x_wconf 77' lang='lat' dir='ltr'><strong>aqua</strong></span> <span class='ocrx_word' id='word_1_257' title='bbox 1671 2258 1827 2314; x_wconf 68' lang='lat' dir='ltr'><strong>aquae</strong></span> <span class='ocrx_word' id='word_1_258' title='bbox 1856 2243 2140 2301; x_wconf 80' lang='lat' dir='ltr'><strong>miscetur.</strong></span> 
     </span>
    </p>
   </div>
   <div class='ocr_carea' id='block_1_40' title="bbox 708 2314 2140 2384">
    <p class='ocr_par' dir='ltr' id='par_1_40' title="bbox 708 2314 2140 2384">
     <span class='ocr_line' id='line_1_40' title="bbox 708 2314 2140 2384; baseline 0.001 -16"><span class='ocrx_word' id='word_1_259' title='bbox 708 2315 897 2384; x_wconf 56' lang='lat' dir='ltr'><strong>Nautaa</strong></span> <span class='ocrx_word' id='word_1_260' title='bbox 919 2322 1104 2369; x_wconf 91' lang='lat' dir='ltr'><strong>autem</strong></span> <span class='ocrx_word' id='word_1_261' title='bbox 1130 2330 1162 2369; x_wconf 91' lang='lat' dir='ltr'><strong>e</strong></span> <span class='ocrx_word' id='word_1_262' title='bbox 1191 2324 1360 2383; x_wconf 87' lang='lat' dir='ltr'><strong>ponto</strong></span> <span class='ocrx_word' id='word_1_263' title='bbox 1387 2314 1819 2384; x_wconf 85' lang='lat' dir='ltr'><strong>dulcempotum</strong></span> <span class='ocrx_word' id='word_1_264' title='bbox 1847 2315 2140 2381; x_wconf 89' lang='lat' dir='ltr'><strong>hauriunt,</strong></span> 
     </span>
    </p>
   </div>
   <div class='ocr_carea' id='block_1_41' title="bbox 706 2382 2319 2448">
    <p class='ocr_par' dir='ltr' id='par_1_41' title="bbox 706 2382 2319 2448">
     <span class='ocr_line' id='line_1_41' title="bbox 706 2382 2319 2448; baseline 0.001 -13"><span class='ocrx_word' id='word_1_265' title='bbox 706 2382 906 2438; x_wconf 85' lang='lat' dir='ltr'><strong>Navem</strong></span> <span class='ocrx_word' id='word_1_266' title='bbox 930 2383 1134 2438; x_wconf 90' lang='lat' dir='ltr'><strong>ﬂuento</strong></span> <span class='ocrx_word' id='word_1_267' title='bbox 1163 2382 1516 2438; x_wconf 83' lang='lat' dir='ltr'><strong>admoventes</strong></span> <span class='ocrx_word' id='word_1_268' title='bbox 1544 2382 1798 2438; x_wconf 88' lang='lat' dir='ltr'><strong>reﬂuenti</strong></span> <span class='ocrx_word' id='word_1_269' title='bbox 1826 2384 1894 2439; x_wconf 90' lang='lat' dir='ltr'><strong>ad</strong></span> <span class='ocrx_word' id='word_1_270' title='bbox 1928 2393 2156 2440; x_wconf 88' lang='lat' dir='ltr'><strong>terram.</strong></span> <span class='ocrx_word' id='word_1_271' title='bbox 2309 2440 2319 2448; x_wconf 68' lang='grc'><strong>,</strong></span> 
     </span>
    </p>
   </div>
   <div class='ocr_carea' id='block_1_42' title="bbox 713 2450 2465 2523">
    <p class='ocr_par' dir='ltr' id='par_1_42' title="bbox 713 2450 2465 2523">
     <span class='ocr_line' id='line_1_42' title="bbox 713 2450 2465 2523; baseline 0 -14"><span class='ocrx_word' id='word_1_272' title='bbox 713 2453 821 2523; x_wconf 61' lang='grc'><strong>000</strong></span> <span class='ocrx_word' id='word_1_273' title='bbox 858 2450 976 2508; x_wconf 81' lang='lat' dir='ltr'><strong>Jam</strong></span> <span class='ocrx_word' id='word_1_274' title='bbox 1007 2468 1136 2508; x_wconf 90' lang='lat' dir='ltr'><strong>vero</strong></span> <span class='ocrx_word' id='word_1_275' title='bbox 1164 2453 1353 2523; x_wconf 83' lang='lat' dir='ltr'><strong>Euripi</strong></span> <span class='ocrx_word' id='word_1_276' title='bbox 1389 2453 1651 2508; x_wconf 87' lang='lat' dir='ltr'><strong>audacem</strong></span> <span class='ocrx_word' id='word_1_277' title='bbox 1682 2454 1790 2509; x_wconf 91' lang='lat' dir='ltr'><strong>vidi</strong></span> <span class='ocrx_word' id='word_1_278' title='bbox 1820 2464 2080 2520; x_wconf 87' lang='lat' dir='ltr'><strong>meatum,</strong></span> <span class='ocrx_word' id='word_1_279' title='bbox 2103 2462 2158 2510; x_wconf 90' lang='lat' dir='ltr'><strong>et</strong></span> <span class='ocrx_word' id='word_1_280' title='bbox 2190 2453 2465 2510; x_wconf 83' lang='lat' dir='ltr'><strong>ineﬂabile</strong></span> 
     </span>
    </p>
   </div>
   <div class='ocr_carea' id='block_1_43' title="bbox 708 2521 2016 2586">
    <p class='ocr_par' dir='ltr' id='par_1_43' title="bbox 708 2521 2016 2586">
     <span class='ocr_line' id='line_1_43' title="bbox 708 2521 2016 2586; baseline 0.002 -11"><span class='ocrx_word' id='word_1_281' title='bbox 708 2521 953 2586; x_wconf 86' lang='lat' dir='ltr'><strong>Fretum,</strong></span> <span class='ocrx_word' id='word_1_282' title='bbox 990 2523 1159 2579; x_wconf 89' lang='lat' dir='ltr'><strong>maris</strong></span> <span class='ocrx_word' id='word_1_283' title='bbox 1186 2521 1416 2584; x_wconf 78' lang='lat' dir='ltr'><strong>clavem,</strong></span> <span class='ocrx_word' id='word_1_284' title='bbox 1443 2524 1606 2577; x_wconf 89' lang='lat' dir='ltr'><strong>undis</strong></span> <span class='ocrx_word' id='word_1_285' title='bbox 1634 2524 2016 2579; x_wconf 89' lang='lat' dir='ltr'><strong>resilientibus</strong></span> 
     </span>
    </p>
   </div>
   <div class='ocr_carea' id='block_1_44' title="bbox 706 2590 2083 2658">
    <p class='ocr_par' dir='ltr' id='par_1_44' title="bbox 706 2590 2083 2658">
     <span class='ocr_line' id='line_1_44' title="bbox 706 2590 2083 2658; baseline 0.002 -14"><span class='ocrx_word' id='word_1_286' title='bbox 706 2590 938 2647; x_wconf 87' lang='lat' dir='ltr'><strong>Furens.</strong></span> <span class='ocrx_word' id='word_1_287' title='bbox 968 2590 1178 2648; x_wconf 88' lang='lat' dir='ltr'><strong>Pontus</strong></span> <span class='ocrx_word' id='word_1_288' title='bbox 1201 2608 1329 2649; x_wconf 84' lang='lat' dir='ltr'><strong>vero</strong></span> <span class='ocrx_word' id='word_1_289' title='bbox 1359 2591 1499 2658; x_wconf 89' lang='lat' dir='ltr'><strong>ﬂuit,</strong></span> <span class='ocrx_word' id='word_1_290' title='bbox 1535 2601 1590 2648; x_wconf 92' lang='lat' dir='ltr'><strong>et</strong></span> <span class='ocrx_word' id='word_1_291' title='bbox 1620 2592 1886 2648; x_wconf 91' lang='lat' dir='ltr'><strong>ﬂuentum</strong></span> <span class='ocrx_word' id='word_1_292' title='bbox 1917 2593 2083 2648; x_wconf 86' lang='lat' dir='ltr'><strong>redit.</strong></span> 
     </span>
    </p>
   </div>
   <div class='ocr_carea' id='block_1_45' title="bbox 706 2660 2230 2725">
    <p class='ocr_par' dir='ltr' id='par_1_45' title="bbox 706 2660 2230 2725">
     <span class='ocr_line' id='line_1_45' title="bbox 706 2660 2230 2725; baseline 0.001 -10"><span class='ocrx_word' id='word_1_293' title='bbox 706 2661 904 2717; x_wconf 85' lang='lat' dir='ltr'><strong>Nonne</strong></span> <span class='ocrx_word' id='word_1_294' title='bbox 932 2660 1183 2718; x_wconf 87' lang='lat' dir='ltr'><strong>Oceanus</strong></span> <span class='ocrx_word' id='word_1_295' title='bbox 1214 2663 1422 2718; x_wconf 87' lang='lat' dir='ltr'><strong>recedit</strong></span> <span class='ocrx_word' id='word_1_296' title='bbox 1444 2678 1476 2717; x_wconf 91' lang='lat' dir='ltr'><strong>a</strong></span> <span class='ocrx_word' id='word_1_297' title='bbox 1508 2669 1676 2725; x_wconf 89' lang='lat' dir='ltr'><strong>terra,</strong></span> <span class='ocrx_word' id='word_1_298' title='bbox 1703 2663 1905 2719; x_wconf 85' lang='lat' dir='ltr'><strong>deinde</strong></span> <span class='ocrx_word' id='word_1_299' title='bbox 1928 2664 1996 2717; x_wconf 88' lang='lat' dir='ltr'><strong>ad</strong></span> <span class='ocrx_word' id='word_1_300' title='bbox 2025 2673 2230 2719; x_wconf 87' lang='lat' dir='ltr'><strong>terram</strong></span> 
     </span>
    </p>
   </div>
   <div class='ocr_carea' id='block_1_46' title="bbox 708 2731 3006 2802">
    <p class='ocr_par' dir='ltr' id='par_1_46' title="bbox 708 2731 3006 2802">
     <span class='ocr_line' id='line_1_46' title="bbox 708 2731 3006 2802; baseline 0.002 -17"><span class='ocrx_word' id='word_1_301' title='bbox 708 2731 1029 2802; x_wconf 66' lang='lat' dir='ltr'><strong>Revertitur</strong></span> <span class='ocrx_word' id='word_1_302' title='bbox 1055 2732 1467 2802; x_wconf 87' lang='lat' dir='ltr'><strong>impellentibus</strong></span> <span class='ocrx_word' id='word_1_303' title='bbox 1495 2733 1717 2787; x_wconf 86' lang='lat' dir='ltr'><strong>irruens</strong></span> <span class='ocrx_word' id='word_1_304' title='bbox 1742 2732 2003 2788; x_wconf 90' lang='lat' dir='ltr'><strong>ﬂuctibus</strong></span> <span class='ocrx_word' id='word_1_305' title='bbox 2023 2735 2048 2787; x_wconf 82' lang='lat'><strong>?</strong></span> <span class='ocrx_word' id='word_1_306' title='bbox 2569 2801 2575 2802; x_wconf 16' lang='grc' dir='ltr'>ί</span> <span class='ocrx_word' id='word_1_307' title='bbox 3000 2784 3006 2789; x_wconf 85' lang='grc'><strong>.</strong></span> 
     </span>
    </p>
   </div>
   <div class='ocr_carea' id='block_1_47' title="bbox 708 2800 2910 2873">
    <p class='ocr_par' dir='ltr' id='par_1_47' title="bbox 708 2800 2910 2873">
     <span class='ocr_line' id='line_1_47' title="bbox 708 2800 2910 2873; baseline 0.001 -19"><span class='ocrx_word' id='word_1_308' title='bbox 708 2800 821 2873; x_wconf 78' lang='grc' dir='ltr'><strong>6οξ</strong></span> <span class='ocrx_word' id='word_1_309' title='bbox 847 2800 914 2854; x_wconf 86' lang='grc' dir='ltr'>Ει</span> <span class='ocrx_word' id='word_1_310' title='bbox 943 2800 1232 2873; x_wconf 77' lang='lat' dir='ltr'><strong>(vicissim)</strong></span> <span class='ocrx_word' id='word_1_311' title='bbox 1263 2808 1414 2873; x_wconf 76' lang='lat' dir='ltr'><strong>terra</strong></span> <span class='ocrx_word' id='word_1_312' title='bbox 1442 2810 1497 2857; x_wconf 91' lang='lat' dir='ltr'><strong>et</strong></span> <span class='ocrx_word' id='word_1_313' title='bbox 1527 2809 1733 2873; x_wconf 14' lang='lat' dir='ltr'><strong>pontus,</strong></span> <span class='ocrx_word' id='word_1_314' title='bbox 1761 2805 2107 2872; x_wconf 89' lang='lat' dir='ltr'><strong>(cernuntur)</strong></span> <span class='ocrx_word' id='word_1_315' title='bbox 2148 2804 2202 2856; x_wconf 91' lang='lat' dir='ltr'><strong>in</strong></span> <span class='ocrx_word' id='word_1_316' title='bbox 2236 2802 2527 2873; x_wconf 86' lang='lat' dir='ltr'><strong>littoribus</strong></span> <span class='ocrx_word' id='word_1_317' title='bbox 2550 2801 2910 2857; x_wconf 73' lang='lat' dir='ltr'><strong>Cimmeriis?</strong></span> 
     </span>
    </p>
   </div>
   <div class='ocr_carea' id='block_1_48' title="bbox 780 2870 2730 2943">
    <p class='ocr_par' dir='ltr' id='par_1_48' title="bbox 780 2870 2730 2943">
     <span class='ocr_line' id='line_1_48' title="bbox 780 2870 2730 2943; baseline 0.001 -20"><span class='ocrx_word' id='word_1_318' title='bbox 780 2870 880 2927; x_wconf 91' lang='lat' dir='ltr'><strong>Est</strong></span> <span class='ocrx_word' id='word_1_319' title='bbox 910 2870 1051 2925; x_wconf 88' lang='lat' dir='ltr'><strong>alius</strong></span> <span class='ocrx_word' id='word_1_320' title='bbox 1084 2870 1282 2943; x_wconf 73' lang='lat' dir='ltr'><strong>iterum</strong></span> <span class='ocrx_word' id='word_1_321' title='bbox 1314 2870 1686 2941; x_wconf 44' lang='lat' dir='ltr'><strong>ﬂuvius—ignis</strong></span> <span class='ocrx_word' id='word_1_322' title='bbox 1715 2870 1968 2943; x_wconf 61' lang='lat' dir='ltr'><strong>ﬂamma},</strong></span> <span class='ocrx_word' id='word_1_323' title='bbox 2003 2874 2049 2929; x_wconf 90' lang='lat' dir='ltr'><strong>si</strong></span> <span class='ocrx_word' id='word_1_324' title='bbox 2085 2873 2307 2943; x_wconf 86' lang='lat' dir='ltr'><strong>quidem</strong></span> <span class='ocrx_word' id='word_1_325' title='bbox 2339 2887 2468 2926; x_wconf 88' lang='lat' dir='ltr'><strong>vera</strong></span> <span class='ocrx_word' id='word_1_326' title='bbox 2507 2872 2688 2927; x_wconf 81' lang='lat' dir='ltr'><strong>ferunt</strong></span> <span class='ocrx_word' id='word_1_327' title='bbox 2716 2890 2730 2939; x_wconf 95' lang='lat'><strong>;</strong></span> 
     </span>
    </p>
   </div>
   <div class='ocr_carea' id='block_1_49' title="bbox 712 2939 2747 3010">
    <p class='ocr_par' dir='ltr' id='par_1_49' title="bbox 712 2939 2747 3010">
     <span class='ocr_line' id='line_1_49' title="bbox 712 2939 2747 3010; baseline 0.002 -17"><span class='ocrx_word' id='word_1_328' title='bbox 712 2939 896 3010; x_wconf 58' lang='lat' dir='ltr'><strong>jEtnaa</strong></span> <span class='ocrx_word' id='word_1_329' title='bbox 916 2940 1161 3010; x_wconf 81' lang='lat' dir='ltr'><strong>scepulis</strong></span> <span class='ocrx_word' id='word_1_330' title='bbox 1197 2950 1386 2995; x_wconf 90' lang='lat' dir='ltr'><strong>manat</strong></span> <span class='ocrx_word' id='word_1_331' title='bbox 1415 2939 1623 2996; x_wconf 79' lang='lat' dir='ltr'><strong>tractus</strong></span> <span class='ocrx_word' id='word_1_332' title='bbox 1646 2942 2006 3005; x_wconf 88' lang='lat' dir='ltr'><strong>incredibilis,</strong></span> <span class='ocrx_word' id='word_1_333' title='bbox 2101 2939 2117 2943; x_wconf 76' lang='grc'><strong><em>“</em></strong></span> <span class='ocrx_word' id='word_1_334' title='bbox 2746 2964 2747 2967; x_wconf 46' lang='grc' dir='ltr'><strong>η</strong></span> 
     </span>
    </p>
   </div>
   <div class='ocr_carea' id='block_1_50' title="bbox 707 3008 2443 3073">
    <p class='ocr_par' dir='ltr' id='par_1_50' title="bbox 707 3008 2443 3073">
     <span class='ocr_line' id='line_1_50' title="bbox 707 3008 2443 3073; baseline 0.001 -11"><span class='ocrx_word' id='word_1_335' title='bbox 707 3008 908 3073; x_wconf 78' lang='lat' dir='ltr'><strong>lgneus</strong></span> <span class='ocrx_word' id='word_1_336' title='bbox 939 3008 1158 3065; x_wconf 77' lang='lat' dir='ltr'><strong>ﬂuvius.</strong></span> <span class='ocrx_word' id='word_1_337' title='bbox 1189 3010 1537 3067; x_wconf 82' lang='lat' dir='ltr'><strong>lnsociabilia</strong></span> <span class='ocrx_word' id='word_1_338' title='bbox 1570 3013 1731 3067; x_wconf 88' lang='lat' dir='ltr'><strong>mista</strong></span> <span class='ocrx_word' id='word_1_339' title='bbox 1767 3021 1915 3073; x_wconf 88' lang='lat' dir='ltr'><strong>sunt,</strong></span> <span class='ocrx_word' id='word_1_340' title='bbox 1952 3012 2175 3068; x_wconf 81' lang='lat' dir='ltr'><strong>Christo</strong></span> <span class='ocrx_word' id='word_1_341' title='bbox 2200 3012 2443 3067; x_wconf 86' lang='lat' dir='ltr'><strong>volente.</strong></span> 
     </span>
    </p>
   </div>
   <div class='ocr_carea' id='block_1_51' title="bbox 756 3081 2031 3152">
    <p class='ocr_par' dir='ltr' id='par_1_51' title="bbox 756 3081 2031 3152">
     <span class='ocr_line' id='line_1_51' title="bbox 756 3081 2031 3152; baseline 0.004 -19"><span class='ocrx_word' id='word_1_342' title='bbox 756 3081 927 3152; x_wconf 76' lang='lat' dir='ltr'><strong>ovi_et</strong></span> <span class='ocrx_word' id='word_1_343' title='bbox 952 3082 1005 3133; x_wconf 92' lang='lat' dir='ltr'><strong>in</strong></span> <span class='ocrx_word' id='word_1_344' title='bbox 1036 3084 1216 3152; x_wconf 77' lang='lat' dir='ltr'><strong>parvis</strong></span> <span class='ocrx_word' id='word_1_345' title='bbox 1246 3081 1448 3136; x_wconf 90' lang='lat' dir='ltr'><strong>similia</strong></span> <span class='ocrx_word' id='word_1_346' title='bbox 1470 3082 1734 3136; x_wconf 90' lang='lat' dir='ltr'><strong>miracula</strong></span> <span class='ocrx_word' id='word_1_347' title='bbox 1768 3081 2031 3152; x_wconf 81' lang='lat' dir='ltr'><strong>proferre.</strong></span> 
     </span>
    </p>
   </div>
   <div class='ocr_carea' id='block_1_52' title="bbox 708 3148 2414 3218">
    <p class='ocr_par' dir='ltr' id='par_1_52' title="bbox 708 3148 2414 3218">
     <span class='ocr_line' id='line_1_52' title="bbox 708 3148 2414 3218; baseline -0.001 -15"><span class='ocrx_word' id='word_1_348' title='bbox 708 3148 815 3203; x_wconf 88' lang='grc'><strong>610</strong></span> <span class='ocrx_word' id='word_1_349' title='bbox 850 3148 946 3218; x_wconf 80' lang='lat' dir='ltr'><strong>Est</strong></span> <span class='ocrx_word' id='word_1_350' title='bbox 971 3148 1242 3218; x_wconf 79' lang='lat' dir='ltr'><strong>quoddam</strong></span> <span class='ocrx_word' id='word_1_351' title='bbox 1277 3152 1334 3204; x_wconf 89' lang='lat' dir='ltr'><strong>in</strong></span> <span class='ocrx_word' id='word_1_352' title='bbox 1357 3152 1663 3206; x_wconf 88' lang='lat' dir='ltr'><strong>seminibus</strong></span> <span class='ocrx_word' id='word_1_353' title='bbox 1697 3148 1868 3206; x_wconf 76' lang='lat' dir='ltr'><strong>cornu</strong></span> <span class='ocrx_word' id='word_1_354' title='bbox 1897 3159 2126 3216; x_wconf 92' lang='lat' dir='ltr'><strong>tactum,</strong></span> <span class='ocrx_word' id='word_1_355' title='bbox 2154 3158 2213 3204; x_wconf 91' lang='lat' dir='ltr'><strong>ut</strong></span> <span class='ocrx_word' id='word_1_356' title='bbox 2238 3150 2414 3209; x_wconf 86' lang='lat' dir='ltr'><strong>aiunt,</strong></span> 
     </span>
    </p>
   </div>
   <div class='ocr_carea' id='block_1_53' title="bbox 710 3217 2638 3291">
    <p class='ocr_par' dir='ltr' id='par_1_53' title="bbox 710 3217 2638 3291">
     <span class='ocr_line' id='line_1_53' title="bbox 710 3217 2638 3291; baseline -0.001 -17"><span class='ocrx_word' id='word_1_357' title='bbox 710 3217 870 3291; x_wconf 70' lang='lat' dir='ltr'><strong>Quod</strong></span> <span class='ocrx_word' id='word_1_358' title='bbox 899 3217 1078 3275; x_wconf 83' lang='lat' dir='ltr'><strong>solum</strong></span> <span class='ocrx_word' id='word_1_359' title='bbox 1103 3235 1167 3273; x_wconf 83' lang='lat' dir='ltr'><strong>ex</strong></span> <span class='ocrx_word' id='word_1_360' title='bbox 1192 3220 1474 3291; x_wconf 85' lang='lat' dir='ltr'><strong>omnibus,</strong></span> <span class='ocrx_word' id='word_1_361' title='bbox 1509 3230 1778 3291; x_wconf 86' lang='lat' dir='ltr'><strong>quotquot</strong></span> <span class='ocrx_word' id='word_1_362' title='bbox 1803 3230 2055 3291; x_wconf 83' lang='lat' dir='ltr'><strong>procreat</strong></span> <span class='ocrx_word' id='word_1_363' title='bbox 2081 3224 2206 3277; x_wconf 65' lang='lat' dir='ltr'><strong>vitae</strong></span> <span class='ocrx_word' id='word_1_364' title='bbox 2243 3221 2424 3274; x_wconf 80' lang='lat' dir='ltr'><strong>datrix</strong></span> <span class='ocrx_word' id='word_1_365' title='bbox 2469 3227 2638 3285; x_wconf 84' lang='lat' dir='ltr'><strong>terra,</strong></span> 
     </span>
    </p>
   </div>
   <div class='ocr_carea' id='block_1_54' title="bbox 711 3286 2231 3360">
    <p class='ocr_par' dir='ltr' id='par_1_54' title="bbox 711 3286 2231 3360">
     <span class='ocr_line' id='line_1_54' title="bbox 711 3286 2231 3360; baseline 0.003 -20"><span class='ocrx_word' id='word_1_366' title='bbox 711 3286 970 3360; x_wconf 56' lang='lat' dir='ltr'><strong>[tigillum</strong></span> <span class='ocrx_word' id='word_1_367' title='bbox 1000 3298 1055 3344; x_wconf 85' lang='lat' dir='ltr'><strong>et</strong></span> <span class='ocrx_word' id='word_1_368' title='bbox 1080 3290 1269 3344; x_wconf 89' lang='lat' dir='ltr'><strong>sterile</strong></span> <span class='ocrx_word' id='word_1_369' title='bbox 1297 3290 1506 3345; x_wconf 86' lang='lat' dir='ltr'><strong>habens</strong></span> <span class='ocrx_word' id='word_1_370' title='bbox 1528 3286 1760 3360; x_wconf 72' lang='lat' dir='ltr'><strong>corpus,</strong></span> <span class='ocrx_word' id='word_1_371' title='bbox 1796 3286 1969 3360; x_wconf 74' lang='lat' dir='ltr'><strong>neque</strong></span> <span class='ocrx_word' id='word_1_372' title='bbox 2000 3293 2055 3345; x_wconf 91' lang='lat' dir='ltr'><strong>in</strong></span> <span class='ocrx_word' id='word_1_373' title='bbox 2085 3302 2231 3346; x_wconf 88' lang='lat' dir='ltr'><strong>terra</strong></span> 
     </span>
    </p>
   </div>
   <div class='ocr_carea' id='block_1_55' title="bbox 715 3356 2286 3431">
    <p class='ocr_par' dir='ltr' id='par_1_55' title="bbox 715 3356 2286 3431">
     <span class='ocr_line' id='line_1_55' title="bbox 715 3356 2286 3431; baseline 0.001 -21"><span class='ocrx_word' id='word_1_374' title='bbox 715 3356 982 3431; x_wconf 76' lang='lat' dir='ltr'><strong>Solvitur,</strong></span> <span class='ocrx_word' id='word_1_375' title='bbox 1023 3374 1201 3431; x_wconf 84' lang='lat' dir='ltr'><strong>neque</strong></span> <span class='ocrx_word' id='word_1_376' title='bbox 1240 3360 1513 3431; x_wconf 85' lang='lat' dir='ltr'><strong>imbribus</strong></span> <span class='ocrx_word' id='word_1_377' title='bbox 1542 3356 2005 3431; x_wconf 50' lang='lat' dir='ltr'><strong>pin&#39;guescit,_sed</strong></span> <span class='ocrx_word' id='word_1_378' title='bbox 2039 3361 2286 3431; x_wconf 78' lang='lat' dir='ltr'><strong>rigescit,</strong></span> 
     </span>
    </p>
   </div>
   <div class='ocr_carea' id='block_1_56' title="bbox 706 3428 1996 3495">
    <p class='ocr_par' dir='ltr' id='par_1_56' title="bbox 706 3428 1996 3495">
     <span class='ocr_line' id='line_1_56' title="bbox 706 3428 1996 3495; baseline 0.004 -15"><span class='ocrx_word' id='word_1_379' title='bbox 706 3428 956 3492; x_wconf 86' lang='lat' dir='ltr'><strong>Aridum,</strong></span> <span class='ocrx_word' id='word_1_380' title='bbox 982 3428 1243 3484; x_wconf 86' lang='lat' dir='ltr'><strong>cornibus</strong></span> <span class='ocrx_word' id='word_1_381' title='bbox 1266 3430 1518 3495; x_wconf 88' lang='lat' dir='ltr'><strong>solidius,</strong></span> <span class='ocrx_word' id='word_1_382' title='bbox 1543 3428 1615 3484; x_wconf 46' lang='lat' dir='ltr'><strong>‘in</strong></span> <span class='ocrx_word' id='word_1_383' title='bbox 1641 3428 1831 3486; x_wconf 77' lang='lat' dir='ltr'><strong>clunes</strong></span> <span class='ocrx_word' id='word_1_384' title='bbox 1855 3431 1996 3494; x_wconf 91' lang='lat' dir='ltr'><strong>dies,</strong></span> 
     </span>
    </p>
   </div>
   <div class='ocr_carea' id='block_1_57' title="bbox 214 3576 1787 3715">
    <p class='ocr_par' dir='ltr' id='par_1_57' title="bbox 214 3576 1787 3715">
     <span class='ocr_line' id='line_1_57' title="bbox 280 3576 1787 3654; baseline 0.004 -24"><span class='ocrx_word' id='word_1_385' title='bbox 280 3576 382 3631; x_wconf 74' lang='grc'><strong>590</strong></span> <span class='ocrx_word' id='word_1_386' title='bbox 405 3578 644 3645; x_wconf 76' lang='grc' dir='ltr'>Κιρνάς.</span> <span class='ocrx_word' id='word_1_387' title='bbox 669 3577 826 3652; x_wconf 75' lang='lat' dir='ltr'><strong>Chig.</strong></span> <span class='ocrx_word' id='word_1_388' title='bbox 850 3582 1064 3651; x_wconf 85' lang='grc' dir='ltr'>κρινάς.</span> <span class='ocrx_word' id='word_1_389' title='bbox 1092 3581 1216 3637; x_wconf 81' lang='lat' dir='ltr'><strong>Mox</strong></span> <span class='ocrx_word' id='word_1_390' title='bbox 1242 3581 1373 3654; x_wconf 75' lang='lat' dir='ltr'><strong>Reg.</strong></span> <span class='ocrx_word' id='word_1_391' title='bbox 1403 3583 1510 3638; x_wconf 80' lang='lat'><strong>993</strong></span> <span class='ocrx_word' id='word_1_392' title='bbox 1537 3593 1590 3638; x_wconf 92' lang='lat' dir='ltr'><strong>et</strong></span> <span class='ocrx_word' id='word_1_393' title='bbox 1619 3578 1787 3639; x_wconf 84' lang='lat' dir='ltr'><strong>Coisl.</strong></span> 
     </span>
     <span class='ocr_line' id='line_1_58' title="bbox 214 3646 597 3715; baseline 0.01 -18"><span class='ocrx_word' id='word_1_394' title='bbox 214 3646 299 3698; x_wconf 74' lang='grc' dir='ltr'><strong>ἐόν</strong></span> <span class='ocrx_word' id='word_1_395' title='bbox 331 3663 432 3715; x_wconf 89' lang='lat' dir='ltr'><strong>pro</strong></span> <span class='ocrx_word' id='word_1_396' title='bbox 457 3647 597 3701; x_wconf 85' lang='grc' dir='ltr'>ὅλον.</span> 
     </span>
    </p>
   </div>
   <div class='ocr_carea' id='block_1_58' title="bbox 280 3716 1679 3792">
    <p class='ocr_par' dir='ltr' id='par_1_58' title="bbox 280 3716 1679 3792">
     <span class='ocr_line' id='line_1_59' title="bbox 280 3716 1679 3792; baseline 0.005 -24"><span class='ocrx_word' id='word_1_397' title='bbox 420 3716 1073 3792; x_wconf 42' lang='grc' dir='ltr'><strong>ίεδέσρᾳιηΒοεΒῙ-ῑεθε</strong></span> <span class='ocrx_word' id='word_1_398' title='bbox 1108 3731 1163 3792; x_wconf 74' lang='lat' dir='ltr'><strong>et</strong></span> <span class='ocrx_word' id='word_1_399' title='bbox 1198 3720 1357 3792; x_wconf 78' lang='lat' dir='ltr'><strong>Chig.</strong></span> <span class='ocrx_word' id='word_1_400' title='bbox 1381 3721 1679 3792; x_wconf 80' lang='grc' dir='ltr'>φέρεσθαι.</span> 
     </span>
    </p>
   </div>
   <div class='ocr_carea' id='block_1_59' title="bbox 281 3786 1538 3862">
    <p class='ocr_par' dir='ltr' id='par_1_59' title="bbox 281 3786 1538 3862">
     <span class='ocr_line' id='line_1_60' title="bbox 281 3786 1538 3862; baseline 0.003 -22"><span class='ocrx_word' id='word_1_401' title='bbox 420 3787 699 3862; x_wconf 60' lang='grc' dir='ltr'><strong>ρυκνοῒς.</strong></span> <span class='ocrx_word' id='word_1_402' title='bbox 735 3786 1005 3862; x_wconf 49' lang='grc' dir='ltr'><strong>1ξεςῖξ99ς5</strong></span> <span class='ocrx_word' id='word_1_403' title='bbox 1032 3798 1082 3844; x_wconf 83' lang='lat' dir='ltr'><strong>et</strong></span> <span class='ocrx_word' id='word_1_404' title='bbox 1109 3790 1267 3862; x_wconf 71' lang='lat' dir='ltr'><strong>Chig.</strong></span> <span class='ocrx_word' id='word_1_405' title='bbox 1297 3786 1538 3862; x_wconf 64' lang='grc' dir='ltr'>κούῴοἱς.</span> 
     </span>
    </p>
   </div>
   <div class='ocr_carea' id='block_1_60' title="bbox 216 3855 1790 3994">
    <p class='ocr_par' dir='ltr' id='par_1_60' title="bbox 216 3855 1790 3994">
     <span class='ocr_line' id='line_1_61' title="bbox 280 3855 1790 3931; baseline 0.004 -22"><span class='ocrx_word' id='word_1_406' title='bbox 280 3855 385 3910; x_wconf 77' lang='lat'><strong>596</strong></span> <span class='ocrx_word' id='word_1_407' title='bbox 422 3858 711 3925; x_wconf 84' lang='grc' dir='ltr'>Ποταμός.</span> <span class='ocrx_word' id='word_1_408' title='bbox 750 3855 1049 3915; x_wconf 71' lang='grc' dir='ltr'><strong>ΙεΊιυνὶυε</strong></span> <span class='ocrx_word' id='word_1_409' title='bbox 1105 3869 1190 3917; x_wconf 91' lang='lat' dir='ltr'><strong>est</strong></span> <span class='ocrx_word' id='word_1_410' title='bbox 1217 3855 1524 3931; x_wconf 59' lang='lat' dir='ltr'><strong>&#39;Alphaeus,</strong></span> <span class='ocrx_word' id='word_1_411' title='bbox 1580 3861 1647 3916; x_wconf 88' lang='lat' dir='ltr'><strong>de</strong></span> <span class='ocrx_word' id='word_1_412' title='bbox 1680 3876 1790 3931; x_wconf 90' lang='lat' dir='ltr'><strong>quo</strong></span> 
     </span>
     <span class='ocr_line' id='line_1_62' title="bbox 216 3924 741 3994; baseline 0.011 -18"><span class='ocrx_word' id='word_1_413' title='bbox 216 3931 344 3994; x_wconf 86' lang='lat' dir='ltr'><strong>tom.</strong></span> <span class='ocrx_word' id='word_1_414' title='bbox 383 3924 429 3990; x_wconf 92' lang='lat' dir='ltr'><strong>l,</strong></span> <span class='ocrx_word' id='word_1_415' title='bbox 460 3940 581 3994; x_wconf 71' lang='lat' dir='ltr'><strong>pag.</strong></span> <span class='ocrx_word' id='word_1_416' title='bbox 620 3926 741 3982; x_wconf 87' lang='lat'><strong>787.</strong></span> 
     </span>
    </p>
   </div>
   <div class='ocr_carea' id='block_1_61' title="bbox 216 3993 1784 4117">
    <p class='ocr_par' dir='ltr' id='par_1_61' title="bbox 216 3993 1784 4117">
     <span class='ocr_line' id='line_1_63' title="bbox 216 3993 1784 4117; baseline 0.003 -70"><span class='ocrx_word' id='word_1_417' title='bbox 216 3993 624 4117; x_wconf 50' lang='lat'><strong>£31.</strong></span> <span class='ocrx_word' id='word_1_418' title='bbox 644 3995 720 4051; x_wconf 87' lang='lat' dir='ltr'><strong>Ita</strong></span> <span class='ocrx_word' id='word_1_419' title='bbox 738 3997 941 4053; x_wconf 81' lang='lat' dir='ltr'><strong>habent</strong></span> <span class='ocrx_word' id='word_1_420' title='bbox 959 4007 1072 4055; x_wconf 84' lang='lat' dir='ltr'><strong>tres</strong></span> <span class='ocrx_word' id='word_1_421' title='bbox 1098 3996 1265 4069; x_wconf 77' lang='lat' dir='ltr'><strong>Regg.</strong></span> <span class='ocrx_word' id='word_1_422' title='bbox 1297 4006 1353 4054; x_wconf 84' lang='lat' dir='ltr'><strong>et</strong></span> <span class='ocrx_word' id='word_1_423' title='bbox 1396 4000 1784 4055; x_wconf 89' lang='lat' dir='ltr'><strong>Coislinianus.</strong></span> 
     </span>
    </p>
   </div>
   <div class='ocr_carea' id='block_1_62' title="bbox 281 4132 1785 4207">
    <p class='ocr_par' dir='ltr' id='par_1_62' title="bbox 281 4132 1785 4207">
     <span class='ocr_line' id='line_1_64' title="bbox 281 4132 1785 4207; baseline 0.003 -22"><span class='ocrx_word' id='word_1_424' title='bbox 281 4132 383 4186; x_wconf 88' lang='lat' dir='ltr'><strong>6l0</strong></span> <span class='ocrx_word' id='word_1_425' title='bbox 414 4136 810 4207; x_wconf 72' lang='grc' dir='ltr'>Κερασόόλος.</span> <span class='ocrx_word' id='word_1_426' title='bbox 861 4135 1059 4192; x_wconf 88' lang='lat' dir='ltr'><strong>Semen</strong></span> <span class='ocrx_word' id='word_1_427' title='bbox 1108 4143 1192 4191; x_wconf 89' lang='lat' dir='ltr'><strong>est</strong></span> <span class='ocrx_word' id='word_1_428' title='bbox 1227 4136 1428 4207; x_wconf 88' lang='lat' dir='ltr'><strong>durum</strong></span> <span class='ocrx_word' id='word_1_429' title='bbox 1479 4138 1626 4207; x_wconf 89' lang='lat' dir='ltr'><strong>quod</strong></span> <span class='ocrx_word' id='word_1_430' title='bbox 1661 4152 1785 4191; x_wconf 87' lang='lat' dir='ltr'><strong>cum</strong></span> 
     </span>
    </p>
   </div>
   <div class='ocr_carea' id='block_1_63' title="bbox 216 4201 1788 4276">
    <p class='ocr_par' dir='ltr' id='par_1_63' title="bbox 216 4201 1788 4276">
     <span class='ocr_line' id='line_1_65' title="bbox 216 4201 1788 4276; baseline 0.003 -23"><span class='ocrx_word' id='word_1_431' title='bbox 216 4201 489 4257; x_wconf 81' lang='lat' dir='ltr'><strong>frumento</strong></span> <span class='ocrx_word' id='word_1_432' title='bbox 533 4212 587 4258; x_wconf 92' lang='lat' dir='ltr'><strong>et</strong></span> <span class='ocrx_word' id='word_1_433' title='bbox 612 4201 982 4276; x_wconf 82' lang='lat' dir='ltr'><strong>leguminibus</strong></span> <span class='ocrx_word' id='word_1_434' title='bbox 1034 4220 1148 4276; x_wconf 86' lang='lat' dir='ltr'><strong>una</strong></span> <span class='ocrx_word' id='word_1_435' title='bbox 1176 4206 1442 4272; x_wconf 89' lang='lat' dir='ltr'><strong>nascitur,</strong></span> <span class='ocrx_word' id='word_1_436' title='bbox 1476 4201 1661 4261; x_wconf 78' lang='lat' dir='ltr'><strong>colore</strong></span> <span class='ocrx_word' id='word_1_437' title='bbox 1705 4207 1788 4259; x_wconf 89' lang='lat' dir='ltr'><strong>ni-</strong></span> 
     </span>
    </p>
   </div>
   <div class='ocr_carea' id='block_1_64' title="bbox 216 4274 1785 4345">
    <p class='ocr_par' dir='ltr' id='par_1_64' title="bbox 216 4274 1785 4345">
     <span class='ocr_line' id='line_1_66' title="bbox 216 4274 1785 4345; baseline 0.003 -22"><span class='ocrx_word' id='word_1_438' title='bbox 216 4287 394 4345; x_wconf 75' lang='lat' dir='ltr'><strong>grum,</strong></span> <span class='ocrx_word' id='word_1_439' title='bbox 427 4274 720 4345; x_wconf 83' lang='lat' dir='ltr'><strong>rotundum</strong></span> <span class='ocrx_word' id='word_1_440' title='bbox 769 4285 824 4331; x_wconf 91' lang='lat' dir='ltr'><strong>et</strong></span> <span class='ocrx_word' id='word_1_441' title='bbox 869 4275 1244 4345; x_wconf 80' lang='lat' dir='ltr'><strong>magnitudine</strong></span> <span class='ocrx_word' id='word_1_442' title='bbox 1280 4290 1452 4345; x_wconf 77' lang='lat' dir='ltr'><strong>grano</strong></span> <span class='ocrx_word' id='word_1_443' title='bbox 1484 4276 1620 4329; x_wconf 91' lang='lat' dir='ltr'><strong>milii</strong></span> <span class='ocrx_word' id='word_1_444' title='bbox 1667 4291 1785 4345; x_wconf 85' lang='lat' dir='ltr'><strong>par,</strong></span> 
     </span>
    </p>
   </div>
   <div class='ocr_carea' id='block_1_65' title="bbox 216 4341 1787 4465">
    <p class='ocr_par' dir='ltr' id='par_1_65' title="bbox 216 4341 1787 4465">
     <span class='ocr_line' id='line_1_67' title="bbox 216 4341 1785 4463; baseline 0.003 -71"><span class='ocrx_word' id='word_1_445' title='bbox 216 4341 359 4463; x_wconf 60' lang='lat' dir='ltr'><strong>Huod</strong></span> <span class='ocrx_word' id='word_1_446' title='bbox 392 4357 519 4395; x_wconf 89' lang='lat' dir='ltr'><strong>cum</strong></span> <span class='ocrx_word' id='word_1_447' title='bbox 555 4344 678 4398; x_wconf 87' lang='lat' dir='ltr'><strong>aliis</strong></span> <span class='ocrx_word' id='word_1_448' title='bbox 709 4341 1080 4415; x_wconf 49' lang='lat' dir='ltr'><strong>legumini—bus</strong></span> <span class='ocrx_word' id='word_1_449' title='bbox 1116 4341 1332 4399; x_wconf 78' lang='lat' dir='ltr'><strong>coctum</strong></span> <span class='ocrx_word' id='word_1_450' title='bbox 1373 4345 1628 4399; x_wconf 89' lang='lat' dir='ltr'><strong>duritiem</strong></span> <span class='ocrx_word' id='word_1_451' title='bbox 1667 4341 1785 4398; x_wconf 74' lang='lat' dir='ltr'><strong>non</strong></span> 
     </span>
     <span class='ocr_line' id='line_1_68' title="bbox 253 4410 1787 4465; baseline 0 0"><span class='ocrx_word' id='word_1_452' title='bbox 253 4411 456 4465; x_wconf 83' lang='lat' dir='ltr'><strong>enonit.</strong></span> <span class='ocrx_word' id='word_1_453' title='bbox 495 4410 710 4465; x_wconf 84' lang='lat' dir='ltr'><strong>Dictum</strong></span> <span class='ocrx_word' id='word_1_454' title='bbox 758 4430 890 4465; x_wconf 87' lang='lat' dir='ltr'><strong>vero</strong></span> <span class='ocrx_word' id='word_1_455' title='bbox 922 4415 1049 4465; x_wconf 81' lang='lat' dir='ltr'><strong>inde</strong></span> <span class='ocrx_word' id='word_1_456' title='bbox 1085 4423 1191 4465; x_wconf 80' lang='lat' dir='ltr'><strong>est.</strong></span> <span class='ocrx_word' id='word_1_457' title='bbox 1234 4415 1378 4465; x_wconf 77' lang='lat' dir='ltr'><strong>quod</strong></span> <span class='ocrx_word' id='word_1_458' title='bbox 1429 4415 1573 4465; x_wconf 87' lang='lat' dir='ltr'><strong>inter</strong></span> <span class='ocrx_word' id='word_1_459' title='bbox 1622 4415 1787 4465; x_wconf 84' lang='lat' dir='ltr'><strong>semi-</strong></span> 
     </span>
    </p>
   </div>
   <div class='ocr_carea' id='block_1_66' title="bbox 282 4415 1757 4484">
    <p class='ocr_par' dir='ltr' id='par_1_66' title="bbox 282 4415 1757 4484">
     <span class='ocr_line' id='line_1_69' title="bbox 282 4415 1757 4484; baseline -0.001 -17"><span class='ocrx_word' id='word_1_460' title='bbox 282 4415 456 4481; x_wconf 88' lang='lat' dir='ltr'><strong>ponit.</strong></span> <span class='ocrx_word' id='word_1_461' title='bbox 495 4415 710 4469; x_wconf 89' lang='lat' dir='ltr'><strong>Dictum</strong></span> <span class='ocrx_word' id='word_1_462' title='bbox 758 4430 890 4471; x_wconf 84' lang='lat' dir='ltr'><strong>vero</strong></span> <span class='ocrx_word' id='word_1_463' title='bbox 922 4415 1049 4471; x_wconf 89' lang='lat' dir='ltr'><strong>inde</strong></span> <span class='ocrx_word' id='word_1_464' title='bbox 1085 4423 1191 4481; x_wconf 89' lang='lat' dir='ltr'><strong>est,</strong></span> <span class='ocrx_word' id='word_1_465' title='bbox 1234 4415 1378 4484; x_wconf 92' lang='lat' dir='ltr'><strong>quod</strong></span> <span class='ocrx_word' id='word_1_466' title='bbox 1429 4415 1573 4470; x_wconf 85' lang='lat' dir='ltr'><strong>inter</strong></span> <span class='ocrx_word' id='word_1_467' title='bbox 1622 4415 1757 4471; x_wconf 91' lang='lat' dir='ltr'><strong>semi</strong></span> 
     </span>
    </p>
   </div>
   <div class='ocr_carea' id='block_1_67' title="bbox 1890 3581 3473 3651">
    <p class='ocr_par' dir='ltr' id='par_1_67' title="bbox 1890 3581 3473 3651">
     <span class='ocr_line' id='line_1_70' title="bbox 1890 3581 3473 3651; baseline -0.001 -14"><span class='ocrx_word' id='word_1_468' title='bbox 1890 3583 2131 3637; x_wconf 89' lang='lat' dir='ltr'><strong>nandum</strong></span> <span class='ocrx_word' id='word_1_469' title='bbox 2164 3591 2219 3635; x_wconf 90' lang='lat' dir='ltr'><strong>et</strong></span> <span class='ocrx_word' id='word_1_470' title='bbox 2248 3583 2514 3636; x_wconf 84' lang='lat' dir='ltr'><strong>arandum</strong></span> <span class='ocrx_word' id='word_1_471' title='bbox 2547 3596 2752 3635; x_wconf 85' lang='lat' dir='ltr'><strong>cornua</strong></span> <span class='ocrx_word' id='word_1_472' title='bbox 2791 3581 2952 3651; x_wconf 81' lang='lat' dir='ltr'><strong>boum</strong></span> <span class='ocrx_word' id='word_1_473' title='bbox 3005 3588 3209 3651; x_wconf 75' lang='lat' dir='ltr'><strong>tangat,</strong></span> <span class='ocrx_word' id='word_1_474' title='bbox 3235 3588 3289 3637; x_wconf 90' lang='lat' dir='ltr'><strong>et</strong></span> <span class='ocrx_word' id='word_1_475' title='bbox 3316 3584 3371 3637; x_wconf 87' lang='lat' dir='ltr'><strong>in</strong></span> <span class='ocrx_word' id='word_1_476' title='bbox 3411 3598 3473 3637; x_wconf 89' lang='lat' dir='ltr'><strong>ea</strong></span> 
     </span>
    </p>
   </div>
   <div class='ocr_carea' id='block_1_68' title="bbox 1890 3650 3472 3724">
    <p class='ocr_par' dir='ltr' id='par_1_68' title="bbox 1890 3650 3472 3724">
     <span class='ocr_line' id='line_1_71' title="bbox 1890 3650 3472 3724; baseline -0.002 -18"><span class='ocrx_word' id='word_1_477' title='bbox 1890 3652 2297 3724; x_wconf 10' lang='lat' dir='ltr'><strong>inicidat.rllinc</strong></span> <span class='ocrx_word' id='word_1_478' title='bbox 2344 3652 2515 3724; x_wconf 81' lang='lat' dir='ltr'><strong>Plato,</strong></span> <span class='ocrx_word' id='word_1_479' title='bbox 2554 3651 2712 3724; x_wconf 83' lang='lat' dir='ltr'><strong>initio</strong></span> <span class='ocrx_word' id='word_1_480' title='bbox 2758 3652 2850 3705; x_wconf 90' lang='lat' dir='ltr'><strong>lib.</strong></span> <span class='ocrx_word' id='word_1_481' title='bbox 2903 3650 2981 3706; x_wconf 86' lang='lat' dir='ltr'><strong>De</strong></span> <span class='ocrx_word' id='word_1_482' title='bbox 3026 3650 3250 3721; x_wconf 74' lang='lat' dir='ltr'><strong>legibus,</strong></span> <span class='ocrx_word' id='word_1_483' title='bbox 3308 3669 3472 3724; x_wconf 81' lang='grc' dir='ltr'>κερα-</span> 
     </span>
    </p>
   </div>
   <div class='ocr_carea' id='block_1_69' title="bbox 1890 3721 3476 3788">
    <p class='ocr_par' dir='ltr' id='par_1_69' title="bbox 1890 3721 3476 3788">
     <span class='ocr_line' id='line_1_72' title="bbox 1890 3721 3476 3788; baseline 0 -12"><span class='ocrx_word' id='word_1_484' title='bbox 1890 3723 2078 3776; x_wconf 79' lang='grc' dir='ltr'>σϐόλον</span> <span class='ocrx_word' id='word_1_485' title='bbox 2118 3723 2248 3775; x_wconf 88' lang='lat' dir='ltr'><strong>dicit</strong></span> <span class='ocrx_word' id='word_1_486' title='bbox 2277 3721 2555 3777; x_wconf 85' lang='lat' dir='ltr'><strong>hominem</strong></span> <span class='ocrx_word' id='word_1_487' title='bbox 2604 3721 2903 3786; x_wconf 85' lang='lat' dir='ltr'><strong>indoctum,</strong></span> <span class='ocrx_word' id='word_1_488' title='bbox 2953 3721 3476 3788; x_wconf 54' lang='lat' dir='ltr'><strong>contumacem,&#39;le—</strong></span> 
     </span>
    </p>
   </div>
   <div class='ocr_carea' id='block_1_70' title="bbox 1887 3790 3476 3863">
    <p class='ocr_par' dir='ltr' id='par_1_70' title="bbox 1887 3790 3476 3863">
     <span class='ocr_line' id='line_1_73' title="bbox 1887 3790 3476 3863; baseline -0.001 -18"><span class='ocrx_word' id='word_1_489' title='bbox 1887 3794 2045 3863; x_wconf 83' lang='lat' dir='ltr'><strong>gibus</strong></span> <span class='ocrx_word' id='word_1_490' title='bbox 2069 3808 2187 3863; x_wconf 83' lang='lat' dir='ltr'><strong>non</strong></span> <span class='ocrx_word' id='word_1_491' title='bbox 2245 3792 2870 3863; x_wconf 30' lang='lat' dir='ltr'><strong>obtenijieratiteinrlllq</strong></span> <span class='ocrx_word' id='word_1_492' title='bbox 2901 3809 2983 3863; x_wconf 74' lang='grc' dir='ltr'><strong>τοι</strong></span> <span class='ocrx_word' id='word_1_493' title='bbox 3038 3792 3320 3861; x_wconf 73' lang='grc' dir='ltr'>ἐγγίνηται</span> <span class='ocrx_word' id='word_1_494' title='bbox 3365 3790 3476 3843; x_wconf 83' lang='grc' dir='ltr'><strong>τῶν</strong></span> 
     </span>
    </p>
   </div>
   <div class='ocr_carea' id='block_1_71' title="bbox 1887 3860 3474 3932">
    <p class='ocr_par' dir='ltr' id='par_1_71' title="bbox 1887 3860 3474 3932">
     <span class='ocr_line' id='line_1_74' title="bbox 1887 3860 3474 3932; baseline -0.001 -17"><span class='ocrx_word' id='word_1_495' title='bbox 1887 3860 2119 3915; x_wconf 79' lang='grc' dir='ltr'>πολιτῶν</span> <span class='ocrx_word' id='word_1_496' title='bbox 2170 3862 2345 3932; x_wconf 84' lang='grc' dir='ltr'>ἡμῶν,</span> <span class='ocrx_word' id='word_1_497' title='bbox 2389 3860 2502 3914; x_wconf 75' lang='grc' dir='ltr'>οἷον</span> <span class='ocrx_word' id='word_1_498' title='bbox 2538 3860 2887 3932; x_wconf 77' lang='grc' dir='ltr'>κερασϐόλος.</span> <span class='ocrx_word' id='word_1_499' title='bbox 2924 3860 3006 3914; x_wconf 85' lang='lat' dir='ltr'><strong>Ne</strong></span> <span class='ocrx_word' id='word_1_500' title='bbox 3047 3864 3163 3931; x_wconf 73' lang='lat' dir='ltr'><strong>quis</strong></span> <span class='ocrx_word' id='word_1_501' title='bbox 3211 3860 3346 3932; x_wconf 77' lang='lat' dir='ltr'><strong>inter</strong></span> <span class='ocrx_word' id='word_1_502' title='bbox 3379 3877 3474 3915; x_wconf 83' lang='lat' dir='ltr'><strong>nos</strong></span> 
     </span>
    </p>
   </div>
   <div class='ocr_carea' id='block_1_72' title="bbox 1885 3931 3476 4000">
    <p class='ocr_par' dir='ltr' id='par_1_72' title="bbox 1885 3931 3476 4000">
     <span class='ocr_line' id='line_1_75' title="bbox 1885 3931 3476 4000; baseline -0.001 -15"><span class='ocrx_word' id='word_1_503' title='bbox 1885 3933 2109 3986; x_wconf 77' lang='lat' dir='ltr'><strong>exsistat</strong></span> <span class='ocrx_word' id='word_1_504' title='bbox 2139 3931 2264 3985; x_wconf 70' lang='lat' dir='ltr'><strong>ciris</strong></span> <span class='ocrx_word' id='word_1_505' title='bbox 2296 3932 2491 4000; x_wconf 81' lang='lat' dir='ltr'><strong>aliquis</strong></span> <span class='ocrx_word' id='word_1_506' title='bbox 2532 3931 2747 3983; x_wconf 79' lang='lat' dir='ltr'><strong>seminis</strong></span> <span class='ocrx_word' id='word_1_507' title='bbox 2777 3932 2914 3999; x_wconf 85' lang='lat' dir='ltr'><strong>quod</strong></span> <span class='ocrx_word' id='word_1_508' title='bbox 2945 3946 3110 3983; x_wconf 82' lang='lat' dir='ltr'><strong>cornu</strong></span> <span class='ocrx_word' id='word_1_509' title='bbox 3146 3931 3337 3998; x_wconf 77' lang='lat' dir='ltr'><strong>tetigit,</strong></span> <span class='ocrx_word' id='word_1_510' title='bbox 3375 3947 3476 3984; x_wconf 85' lang='lat' dir='ltr'><strong>na—</strong></span> 
     </span>
    </p>
   </div>
   <div class='ocr_carea' id='block_1_73' title="bbox 1889 4000 3477 4069">
    <p class='ocr_par' dir='ltr' id='par_1_73' title="bbox 1889 4000 3477 4069">
     <span class='ocr_line' id='line_1_76' title="bbox 1889 4000 3477 4069; baseline -0.002 -16"><span class='ocrx_word' id='word_1_511' title='bbox 1889 4011 2066 4054; x_wconf 86' lang='lat' dir='ltr'><strong>turam</strong></span> <span class='ocrx_word' id='word_1_512' title='bbox 2095 4002 2336 4062; x_wconf 81' lang='lat' dir='ltr'><strong>imitans,</strong></span> <span class='ocrx_word' id='word_1_513' title='bbox 2377 4000 2471 4069; x_wconf 88' lang='lat' dir='ltr'><strong>qui</strong></span> <span class='ocrx_word' id='word_1_514' title='bbox 2523 4001 2659 4053; x_wconf 91' lang='lat' dir='ltr'><strong>adeo</strong></span> <span class='ocrx_word' id='word_1_515' title='bbox 2693 4000 2869 4053; x_wconf 87' lang='lat' dir='ltr'><strong>durus</strong></span> <span class='ocrx_word' id='word_1_516' title='bbox 2897 4010 2951 4053; x_wconf 91' lang='lat' dir='ltr'><strong>et</strong></span> <span class='ocrx_word' id='word_1_517' title='bbox 2994 4002 3477 4069; x_wconf 65' lang='lat' dir='ltr'><strong>praal&#39;ractuseva-</strong></span> 
     </span>
    </p>
   </div>
   <div class='ocr_carea' id='block_1_74' title="bbox 1886 4068 3470 4137">
    <p class='ocr_par' dir='ltr' id='par_1_74' title="bbox 1886 4068 3470 4137">
     <span class='ocr_line' id='line_1_77' title="bbox 1886 4068 3470 4137; baseline -0.002 -14"><span class='ocrx_word' id='word_1_518' title='bbox 1886 4071 2002 4133; x_wconf 90' lang='lat' dir='ltr'><strong>dat,</strong></span> <span class='ocrx_word' id='word_1_519' title='bbox 2035 4076 2092 4122; x_wconf 93' lang='lat' dir='ltr'><strong>ut</strong></span> <span class='ocrx_word' id='word_1_520' title='bbox 2124 4070 2358 4122; x_wconf 86' lang='lat' dir='ltr'><strong>emolliri</strong></span> <span class='ocrx_word' id='word_1_521' title='bbox 2392 4068 2646 4134; x_wconf 81' lang='lat' dir='ltr'><strong>nequeat,</strong></span> <span class='ocrx_word' id='word_1_522' title='bbox 2673 4069 2813 4122; x_wconf 90' lang='lat' dir='ltr'><strong>sicut</strong></span> <span class='ocrx_word' id='word_1_523' title='bbox 2843 4084 2942 4121; x_wconf 92' lang='lat' dir='ltr'><strong>nec</strong></span> <span class='ocrx_word' id='word_1_524' title='bbox 2966 4070 3177 4122; x_wconf 88' lang='lat' dir='ltr'><strong>semina</strong></span> <span class='ocrx_word' id='word_1_525' title='bbox 3204 4068 3294 4121; x_wconf 90' lang='lat' dir='ltr'><strong>illa</strong></span> <span class='ocrx_word' id='word_1_526' title='bbox 3329 4068 3470 4137; x_wconf 81' lang='lat' dir='ltr'><strong>igne.</strong></span> 
     </span>
    </p>
   </div>
   <div class='ocr_carea' id='block_1_75' title="bbox 1955 4136 2990 4206">
    <p class='ocr_par' dir='ltr' id='par_1_75' title="bbox 1955 4136 2990 4206">
     <span class='ocr_line' id='line_1_78' title="bbox 1955 4136 2990 4206; baseline -0.005 -13"><span class='ocrx_word' id='word_1_527' title='bbox 1955 4140 2053 4193; x_wconf 80' lang='lat' dir='ltr'><strong>6H</strong></span> <span class='ocrx_word' id='word_1_528' title='bbox 2091 4137 2398 4205; x_wconf 79' lang='grc' dir='ltr'>Ζείδωρος.</span> <span class='ocrx_word' id='word_1_529' title='bbox 2434 4137 2565 4205; x_wconf 77' lang='lat' dir='ltr'><strong>Reg.</strong></span> <span class='ocrx_word' id='word_1_530' title='bbox 2607 4138 2709 4190; x_wconf 79' lang='lat'><strong>995</strong></span> <span class='ocrx_word' id='word_1_531' title='bbox 2739 4136 2990 4206; x_wconf 79' lang='grc' dir='ltr'>ζείδωρα.</span> 
     </span>
    </p>
   </div>
   <div class='ocr_carea' id='block_1_76' title="bbox 1956 4205 3472 4274">
    <p class='ocr_par' dir='ltr' id='par_1_76' title="bbox 1956 4205 3472 4274">
     <span class='ocr_line' id='line_1_79' title="bbox 1956 4205 3472 4274; baseline -0.001 -13"><span class='ocrx_word' id='word_1_532' title='bbox 1956 4207 2062 4261; x_wconf 72' lang='lat'><strong>619.</strong></span> <span class='ocrx_word' id='word_1_533' title='bbox 2112 4207 2454 4273; x_wconf 78' lang='grc' dir='ltr'>Ἐσκληκὸς</span> <span class='ocrx_word' id='word_1_534' title='bbox 2492 4206 2589 4258; x_wconf 81' lang='grc' dir='ltr'>καὶ</span> <span class='ocrx_word' id='word_1_535' title='bbox 2636 4205 2943 4274; x_wconf 64' lang='grc' dir='ltr'>ἄτεγκτον.</span> <span class='ocrx_word' id='word_1_536' title='bbox 2983 4205 3152 4261; x_wconf 87' lang='lat' dir='ltr'><strong>Coisl.</strong></span> <span class='ocrx_word' id='word_1_537' title='bbox 3206 4222 3329 4274; x_wconf 90' lang='lat' dir='ltr'><strong>sup.</strong></span> <span class='ocrx_word' id='word_1_538' title='bbox 3373 4206 3472 4260; x_wconf 89' lang='lat' dir='ltr'><strong>lin.</strong></span> 
     </span>
    </p>
   </div>
   <div class='ocr_carea' id='block_1_77' title="bbox 1886 4276 2828 4347">
    <p class='ocr_par' dir='ltr' id='par_1_77' title="bbox 1886 4276 2828 4347">
     <span class='ocr_line' id='line_1_80' title="bbox 1886 4276 2828 4347; baseline 0.002 -19"><span class='ocrx_word' id='word_1_539' title='bbox 1886 4276 2172 4347; x_wconf 73' lang='grc' dir='ltr'>ἁδέψητος.</span> <span class='ocrx_word' id='word_1_540' title='bbox 2208 4276 2323 4347; x_wconf 81' lang='lat' dir='ltr'><strong>Duo</strong></span> <span class='ocrx_word' id='word_1_541' title='bbox 2354 4278 2520 4347; x_wconf 66' lang='lat' dir='ltr'><strong>llrgg.</strong></span> <span class='ocrx_word' id='word_1_542' title='bbox 2561 4276 2828 4347; x_wconf 71' lang='grc' dir='ltr'>ᾄτηκτον.</span> 
     </span>
    </p>
   </div>
   <div class='ocr_carea' id='block_1_78' title="bbox 1886 4292 3475 4466">
    <p class='ocr_par' dir='ltr' id='par_1_78' title="bbox 1886 4292 3475 4466">
     <span class='ocr_line' id='line_1_81' title="bbox 1886 4292 2828 4347; baseline 0.002 -19"><span class='ocrx_word' id='word_1_543' title='bbox 1886 4292 2172 4347; x_wconf 76' lang='grc' dir='ltr'>αοεψητος.</span> <span class='ocrx_word' id='word_1_544' title='bbox 2208 4292 2323 4330; x_wconf 85' lang='lat' dir='ltr'><strong>uuo</strong></span> <span class='ocrx_word' id='word_1_545' title='bbox 2354 4292 2427 4329; x_wconf 71' lang='lat' dir='ltr'><strong>ne</strong></span> <span class='ocrx_word' id='word_1_546' title='bbox 2469 4292 2520 4345; x_wconf 84' lang='lat' dir='ltr'><strong>g.</strong></span> <span class='ocrx_word' id='word_1_547' title='bbox 2561 4292 2828 4347; x_wconf 87' lang='grc' dir='ltr'>ατηκτον.</span> 
     </span>
     <span class='ocr_line' id='line_1_82' title="bbox 1886 4292 3475 4466; baseline 0 -67"><span class='ocrx_word' id='word_1_548' title='bbox 1886 4349 2061 4466; x_wconf 56' lang='grc' dir='ltr'><em>ἄεξεῑέ</em></span> <span class='ocrx_word' id='word_1_549' title='bbox 2084 4345 2398 4400; x_wconf 80' lang='grc' dir='ltr'>Πιαίνεται.</span> <span class='ocrx_word' id='word_1_550' title='bbox 2434 4292 2553 4399; x_wconf 61' lang='lat' dir='ltr'><strong>Eme</strong></span> <span class='ocrx_word' id='word_1_551' title='bbox 2578 4343 2747 4418; x_wconf 72' lang='lat' dir='ltr'><strong>Regg.</strong></span> <span class='ocrx_word' id='word_1_552' title='bbox 2776 4354 2831 4402; x_wconf 86' lang='lat' dir='ltr'><strong>et</strong></span> <span class='ocrx_word' id='word_1_553' title='bbox 2860 4345 3028 4401; x_wconf 88' lang='lat' dir='ltr'><strong>Coisl.</strong></span> <span class='ocrx_word' id='word_1_554' title='bbox 3053 4344 3334 4411; x_wconf 87' lang='grc' dir='ltr'>διαίνεται,</span> <span class='ocrx_word' id='word_1_555' title='bbox 3363 4361 3475 4399; x_wconf 86' lang='lat' dir='ltr'><strong>ma-</strong></span> 
     </span>
    </p>
   </div>
   <div class='ocr_carea' id='block_1_79' title="bbox 1924 4426 2071 4470">
    <p class='ocr_par' dir='ltr' id='par_1_79' title="bbox 1924 4426 2071 4470">
     <span class='ocr_line' id='line_1_83' title="bbox 1924 4426 2071 4470; baseline 0.014 -2"><span class='ocrx_word' id='word_1_556' title='bbox 1924 4426 2071 4470; x_wconf 74' lang='grc' dir='ltr'>εεσιι.</span> 
     </span>
    </p>
   </div>
   <div class='ocr_carea' id='block_1_80' title="bbox 1516 4558 2177 4656">
    <p class='ocr_par' dir='ltr' id='par_1_80' title="bbox 1516 4558 2177 4656">
     <span class='ocr_line' id='line_1_84' title="bbox 1516 4558 2177 4656; baseline 0.002 -3"><span class='ocrx_word' id='word_1_557' title='bbox 1516 4594 1852 4654; x_wconf 86' lang='lat' dir='ltr'><strong>METRICA</strong></span> <span class='ocrx_word' id='word_1_558' title='bbox 1879 4595 2177 4656; x_wconf 82' lang='lat' dir='ltr'><strong>VERSIO.</strong></span> 
     </span>
    </p>
   </div>
   <div class='ocr_carea' id='block_1_81' title="bbox 219 4756 3344 4830">
    <p class='ocr_par' dir='ltr' id='par_1_81' title="bbox 219 4756 3344 4830">
     <span class='ocr_line' id='line_1_85' title="bbox 219 4756 3344 4830; baseline 0.003 -21"><span class='ocrx_word' id='word_1_559' title='bbox 219 4756 292 4810; x_wconf 77' lang='lat' dir='ltr'><strong>Ex</strong></span> <span class='ocrx_word' id='word_1_560' title='bbox 322 4758 509 4813; x_wconf 89' lang='lat' dir='ltr'><strong>multis</strong></span> <span class='ocrx_word' id='word_1_561' title='bbox 541 4774 688 4830; x_wconf 84' lang='lat' dir='ltr'><strong>nunc</strong></span> <span class='ocrx_word' id='word_1_562' title='bbox 712 4773 887 4829; x_wconf 89' lang='lat' dir='ltr'><strong>pauca</strong></span> <span class='ocrx_word' id='word_1_563' title='bbox 918 4767 1101 4830; x_wconf 89' lang='lat' dir='ltr'><strong>tamen</strong></span> <span class='ocrx_word' id='word_1_564' title='bbox 1127 4760 1479 4816; x_wconf 87' lang='lat' dir='ltr'><strong>memoranda</strong></span> <span class='ocrx_word' id='word_1_565' title='bbox 1505 4759 1779 4826; x_wconf 90' lang='lat' dir='ltr'><strong>videntur,</strong></span> <span class='ocrx_word' id='word_1_566' title='bbox 1816 4771 1856 4826; x_wconf 79' lang='grc' dir='ltr'><strong><em>Β</em></strong></span> <span class='ocrx_word' id='word_1_567' title='bbox 1886 4760 2159 4826; x_wconf 86' lang='lat' dir='ltr'><strong>Oceanus,</strong></span> <span class='ocrx_word' id='word_1_568' title='bbox 2190 4762 2381 4830; x_wconf 88' lang='lat' dir='ltr'><strong>rapido</strong></span> <span class='ocrx_word' id='word_1_569' title='bbox 2404 4777 2552 4815; x_wconf 89' lang='lat' dir='ltr'><strong>nunc</strong></span> <span class='ocrx_word' id='word_1_570' title='bbox 2581 4764 2836 4817; x_wconf 76' lang='lat' dir='ltr'><strong>verberat</strong></span> <span class='ocrx_word' id='word_1_571' title='bbox 2866 4762 3067 4830; x_wconf 88' lang='lat' dir='ltr'><strong>impete</strong></span> <span class='ocrx_word' id='word_1_572' title='bbox 3102 4773 3305 4818; x_wconf 87' lang='lat' dir='ltr'><strong>terram</strong></span> <span class='ocrx_word' id='word_1_573' title='bbox 3334 4785 3344 4818; x_wconf 92' lang='lat'>:</span> 
     </span>
    </p>
   </div>
   <div class='ocr_carea' id='block_1_82' title="bbox 218 4828 1758 4897">
    <p class='ocr_par' dir='ltr' id='par_1_82' title="bbox 218 4828 1758 4897">
     <span class='ocr_line' id='line_1_86' title="bbox 218 4828 1758 4897; baseline 0.004 -20"><span class='ocrx_word' id='word_1_574' title='bbox 218 4830 347 4897; x_wconf 63' lang='lat' dir='ltr'><strong>Quae</strong></span> <span class='ocrx_word' id='word_1_575' title='bbox 376 4830 571 4897; x_wconf 79' lang='lat' dir='ltr'><strong>partim</strong></span> <span class='ocrx_word' id='word_1_576' title='bbox 604 4828 689 4883; x_wconf 89' lang='lat' dir='ltr'><strong>his</strong></span> <span class='ocrx_word' id='word_1_577' title='bbox 715 4828 898 4884; x_wconf 75' lang='lat' dir='ltr'><strong>oculis</strong></span> <span class='ocrx_word' id='word_1_578' title='bbox 917 4829 1050 4891; x_wconf 87' lang='lat' dir='ltr'><strong>vidi,</strong></span> <span class='ocrx_word' id='word_1_579' title='bbox 1088 4830 1284 4895; x_wconf 87' lang='lat' dir='ltr'><strong>partim</strong></span> <span class='ocrx_word' id='word_1_580' title='bbox 1310 4832 1539 4885; x_wconf 86' lang='lat' dir='ltr'><strong>auribus</strong></span> <span class='ocrx_word' id='word_1_581' title='bbox 1568 4830 1758 4897; x_wconf 87' lang='lat' dir='ltr'><strong>hausi;</strong></span> 
     </span>
    </p>
   </div>
   <div class='ocr_carea' id='block_1_83' title="bbox 219 4894 1781 4970">
    <p class='ocr_par' dir='ltr' id='par_1_83' title="bbox 219 4894 1781 4970">
     <span class='ocr_line' id='line_1_87' title="bbox 219 4894 1781 4970; baseline 0.003 -22"><span class='ocrx_word' id='word_1_582' title='bbox 219 4894 604 4970; x_wconf 65' lang='grc' dir='ltr'>1³είτιίῑιιοιὶειῃι</span> <span class='ocrx_word' id='word_1_583' title='bbox 626 4907 981 4970; x_wconf 75' lang='lat' dir='ltr'><strong>monumenta</strong></span> <span class='ocrx_word' id='word_1_584' title='bbox 1014 4894 1172 4970; x_wconf 80' lang='lat' dir='ltr'><strong>ﬁdem</strong></span> <span class='ocrx_word' id='word_1_585' title='bbox 1195 4899 1327 4953; x_wconf 88' lang='lat' dir='ltr'><strong>mihi</strong></span> <span class='ocrx_word' id='word_1_586' title='bbox 1358 4899 1541 4970; x_wconf 89' lang='lat' dir='ltr'><strong>prisca</strong></span> <span class='ocrx_word' id='word_1_587' title='bbox 1561 4894 1781 4957; x_wconf 76' lang='lat' dir='ltr'><strong>dedere.</strong></span> 
     </span>
    </p>
   </div>
   <div class='ocr_carea' id='block_1_84' title="bbox 220 4964 1415 5024">
    <p class='ocr_par' dir='ltr' id='par_1_84' title="bbox 220 4964 1415 5024">
     <span class='ocr_line' id='line_1_88' title="bbox 220 4964 1415 5024; baseline 0.005 -8"><span class='ocrx_word' id='word_1_588' title='bbox 220 4964 411 5021; x_wconf 81' lang='lat' dir='ltr'><strong>Annon</strong></span> <span class='ocrx_word' id='word_1_589' title='bbox 442 4966 637 5021; x_wconf 77' lang='lat' dir='ltr'><strong>declivi</strong></span> <span class='ocrx_word' id='word_1_590' title='bbox 671 4968 930 5023; x_wconf 85' lang='lat' dir='ltr'><strong>labuntur</strong></span> <span class='ocrx_word' id='word_1_591' title='bbox 950 4967 1174 5022; x_wconf 90' lang='lat' dir='ltr'><strong>ﬂumina</strong></span> <span class='ocrx_word' id='word_1_592' title='bbox 1209 4964 1415 5024; x_wconf 79' lang='lat' dir='ltr'><strong>cursu?</strong></span> 
     </span>
    </p>
   </div>
   <div class='ocr_carea' id='block_1_85' title="bbox 219 5034 1629 5108">
    <p class='ocr_par' dir='ltr' id='par_1_85' title="bbox 219 5034 1629 5108">
     <span class='ocr_line' id='line_1_89' title="bbox 219 5034 1629 5108; baseline 0.001 -20"><span class='ocrx_word' id='word_1_593' title='bbox 219 5034 414 5108; x_wconf 60' lang='lat' dir='ltr'><strong>Annon</strong></span> <span class='ocrx_word' id='word_1_594' title='bbox 445 5036 722 5108; x_wconf 73' lang='lat' dir='ltr'><strong>littoribus</strong></span> <span class='ocrx_word' id='word_1_595' title='bbox 748 5053 951 5093; x_wconf 60' lang='lat' dir='ltr'><strong>samum</strong></span> <span class='ocrx_word' id='word_1_596' title='bbox 983 5037 1382 5108; x_wconf 79' lang='lat' dir='ltr'><strong>constringitur</strong></span> <span class='ocrx_word' id='word_1_597' title='bbox 1401 5039 1629 5108; x_wconf 58' lang='lat' dir='ltr'><strong>atquin?</strong></span> 
     </span>
    </p>
   </div>
   <div class='ocr_carea' id='block_1_86' title="bbox 220 5102 1557 5162">
    <p class='ocr_par' dir='ltr' id='par_1_86' title="bbox 220 5102 1557 5162">
     <span class='ocr_line' id='line_1_90' title="bbox 220 5102 1557 5162; baseline 0.004 -7"><span class='ocrx_word' id='word_1_598' title='bbox 220 5102 413 5159; x_wconf 83' lang='lat' dir='ltr'><strong>Annon</strong></span> <span class='ocrx_word' id='word_1_599' title='bbox 435 5104 653 5159; x_wconf 89' lang='lat' dir='ltr'><strong>ﬂamma</strong></span> <span class='ocrx_word' id='word_1_600' title='bbox 680 5108 813 5162; x_wconf 89' lang='lat' dir='ltr'><strong>levis</strong></span> <span class='ocrx_word' id='word_1_601' title='bbox 837 5114 1033 5161; x_wconf 88' lang='lat' dir='ltr'><strong>natura</strong></span> <span class='ocrx_word' id='word_1_602' title='bbox 1062 5102 1312 5161; x_wconf 60' lang='lat' dir='ltr'><strong>fertur&#39;in</strong></span> <span class='ocrx_word' id='word_1_603' title='bbox 1341 5102 1511 5162; x_wconf 80' lang='lat' dir='ltr'><strong>altum</strong></span> <span class='ocrx_word' id='word_1_604' title='bbox 1530 5108 1557 5161; x_wconf 76' lang='lat' dir='ltr'><strong>‘l‘</strong></span> 
     </span>
    </p>
   </div>
   <div class='ocr_carea' id='block_1_87' title="bbox 223 5169 1682 5247">
    <p class='ocr_par' dir='ltr' id='par_1_87' title="bbox 223 5169 1682 5247">
     <span class='ocr_line' id='line_1_91' title="bbox 223 5169 1682 5247; baseline 0.003 -21"><span class='ocrx_word' id='word_1_605' title='bbox 223 5169 287 5247; x_wconf 68' lang='lat' dir='ltr'><strong>Et</strong></span> <span class='ocrx_word' id='word_1_606' title='bbox 314 5183 495 5247; x_wconf 86' lang='lat' dir='ltr'><strong>tamen</strong></span> <span class='ocrx_word' id='word_1_607' title='bbox 522 5183 609 5231; x_wconf 90' lang='lat' dir='ltr'><strong>est</strong></span> <span class='ocrx_word' id='word_1_608' title='bbox 637 5175 860 5247; x_wconf 88' lang='lat' dir='ltr'><strong>ﬂuvius,</strong></span> <span class='ocrx_word' id='word_1_609' title='bbox 888 5178 982 5247; x_wconf 91' lang='lat' dir='ltr'><strong>qui</strong></span> <span class='ocrx_word' id='word_1_610' title='bbox 1013 5176 1188 5232; x_wconf 78' lang='lat' dir='ltr'><strong>salsas</strong></span> <span class='ocrx_word' id='word_1_611' title='bbox 1210 5187 1454 5246; x_wconf 85' lang='lat' dir='ltr'><strong>permeat</strong></span> <span class='ocrx_word' id='word_1_612' title='bbox 1483 5176 1682 5242; x_wconf 89' lang='lat' dir='ltr'><strong>undas,</strong></span> 
     </span>
    </p>
   </div>
   <div class='ocr_carea' id='block_1_88' title="bbox 222 5239 1784 5316">
    <p class='ocr_par' dir='ltr' id='par_1_88' title="bbox 222 5239 1784 5316">
     <span class='ocr_line' id='line_1_92' title="bbox 222 5239 1784 5316; baseline 0.003 -21"><span class='ocrx_word' id='word_1_613' title='bbox 222 5239 647 5316; x_wconf 21' lang='lat' dir='ltr'><strong>Sechuidquam</strong></span> <span class='ocrx_word' id='word_1_614' title='bbox 684 5239 946 5301; x_wconf 72' lang='lat' dir='ltr'><strong>miscetur</strong></span> <span class='ocrx_word' id='word_1_615' title='bbox 980 5247 1141 5316; x_wconf 88' lang='lat' dir='ltr'><strong>aquis</strong></span> <span class='ocrx_word' id='word_1_616' title='bbox 1179 5239 1323 5316; x_wconf 76' lang='lat' dir='ltr'><strong>aqua</strong></span> <span class='ocrx_word' id='word_1_617' title='bbox 1348 5247 1529 5302; x_wconf 88' lang='lat' dir='ltr'><strong>dulcis</strong></span> <span class='ocrx_word' id='word_1_618' title='bbox 1559 5239 1784 5302; x_wconf 84' lang='lat' dir='ltr'><strong>amaris.</strong></span> 
     </span>
    </p>
   </div>
   <div class='ocr_carea' id='block_1_89' title="bbox 221 5310 1396 5385">
    <p class='ocr_par' dir='ltr' id='par_1_89' title="bbox 221 5310 1396 5385">
     <span class='ocr_line' id='line_1_93' title="bbox 221 5310 1396 5385; baseline 0.005 -22"><span class='ocrx_word' id='word_1_619' title='bbox 221 5310 292 5385; x_wconf 52' lang='lat' dir='ltr'><strong>ét</strong></span> <span class='ocrx_word' id='word_1_620' title='bbox 309 5310 440 5385; x_wconf 74' lang='lat' dir='ltr'><strong>licet</strong></span> <span class='ocrx_word' id='word_1_621' title='bbox 461 5310 710 5385; x_wconf 27' lang='lat' dir='ltr'><strong>efpclago</strong></span> <span class='ocrx_word' id='word_1_622' title='bbox 735 5317 917 5371; x_wconf 89' lang='lat' dir='ltr'><strong>nautis</strong></span> <span class='ocrx_word' id='word_1_623' title='bbox 943 5310 1164 5370; x_wconf 79' lang='lat' dir='ltr'><strong>haurire</strong></span> <span class='ocrx_word' id='word_1_624' title='bbox 1192 5310 1396 5371; x_wconf 81' lang='lat' dir='ltr'><strong>ﬂuenta</strong></span> 
     </span>
    </p>
   </div>
   <div class='ocr_carea' id='block_1_90' title="bbox 227 5378 1678 5447">
    <p class='ocr_par' dir='ltr' id='par_1_90' title="bbox 227 5378 1678 5447">
     <span class='ocr_line' id='line_1_94' title="bbox 227 5378 1678 5447; baseline 0.003 -12"><span class='ocrx_word' id='word_1_625' title='bbox 227 5378 432 5447; x_wconf 81' lang='lat' dir='ltr'><strong>Dulcia,</strong></span> <span class='ocrx_word' id='word_1_626' title='bbox 458 5383 505 5437; x_wconf 91' lang='lat' dir='ltr'><strong>si</strong></span> <span class='ocrx_word' id='word_1_627' title='bbox 521 5378 770 5439; x_wconf 61' lang='lat' dir='ltr'><strong>&#39;reﬂuum</strong></span> <span class='ocrx_word' id='word_1_628' title='bbox 801 5386 938 5441; x_wconf 89' lang='lat' dir='ltr'><strong>ratis</strong></span> <span class='ocrx_word' id='word_1_629' title='bbox 962 5386 1320 5439; x_wconf 84' lang='lat' dir='ltr'><strong>admoveatur</strong></span> <span class='ocrx_word' id='word_1_630' title='bbox 1348 5385 1417 5439; x_wconf 87' lang='lat' dir='ltr'><strong>ad</strong></span> <span class='ocrx_word' id='word_1_631' title='bbox 1441 5400 1678 5439; x_wconf 88' lang='lat' dir='ltr'><strong>amnem.</strong></span> 
     </span>
    </p>
   </div>
   <div class='ocr_carea' id='block_1_91' title="bbox 224 5446 1716 5524">
    <p class='ocr_par' dir='ltr' id='par_1_91' title="bbox 224 5446 1716 5524">
     <span class='ocr_line' id='line_1_95' title="bbox 224 5446 1716 5524; baseline 0.005 -22"><span class='ocrx_word' id='word_1_632' title='bbox 224 5446 339 5524; x_wconf 50' lang='lat' dir='ltr'><strong>iam</strong></span> <span class='ocrx_word' id='word_1_633' title='bbox 362 5446 505 5524; x_wconf 77' lang='lat' dir='ltr'><strong>_vero</strong></span> <span class='ocrx_word' id='word_1_634' title='bbox 530 5452 830 5524; x_wconf 86' lang='lat' dir='ltr'><strong>Euboicum</strong></span> <span class='ocrx_word' id='word_1_635' title='bbox 862 5456 973 5509; x_wconf 91' lang='lat' dir='ltr'><strong>vidi</strong></span> <span class='ocrx_word' id='word_1_636' title='bbox 1008 5462 1354 5524; x_wconf 88' lang='lat' dir='ltr'><strong>tractumque</strong></span> <span class='ocrx_word' id='word_1_637' title='bbox 1389 5455 1716 5524; x_wconf 83' lang='lat' dir='ltr'><strong>fretumque,</strong></span> 
     </span>
    </p>
   </div>
   <div class='ocr_carea' id='block_1_92' title="bbox 226 5518 1607 5581">
    <p class='ocr_par' dir='ltr' id='par_1_92' title="bbox 226 5518 1607 5581">
     <span class='ocr_line' id='line_1_96' title="bbox 226 5518 1607 5581; baseline 0.005 -10"><span class='ocrx_word' id='word_1_638' title='bbox 226 5518 381 5581; x_wconf 80' lang='lat' dir='ltr'><strong>Quod</strong></span> <span class='ocrx_word' id='word_1_639' title='bbox 406 5521 537 5576; x_wconf 81' lang='lat' dir='ltr'><strong>furit</strong></span> <span class='ocrx_word' id='word_1_640' title='bbox 558 5523 768 5579; x_wconf 89' lang='lat' dir='ltr'><strong>insanis</strong></span> <span class='ocrx_word' id='word_1_641' title='bbox 793 5525 987 5579; x_wconf 90' lang='lat' dir='ltr'><strong>crebro</strong></span> <span class='ocrx_word' id='word_1_642' title='bbox 1018 5518 1375 5579; x_wconf 85' lang='lat' dir='ltr'><strong>redeuntibus</strong></span> <span class='ocrx_word' id='word_1_643' title='bbox 1405 5524 1607 5578; x_wconf 89' lang='lat' dir='ltr'><strong>undis:</strong></span> 
     </span>
    </p>
   </div>
   <div class='ocr_carea' id='block_1_93' title="bbox 233 5588 1680 5662">
    <p class='ocr_par' dir='ltr' id='par_1_93' title="bbox 233 5588 1680 5662">
     <span class='ocr_line' id='line_1_97' title="bbox 233 5588 1680 5662; baseline 0.003 -21"><span class='ocrx_word' id='word_1_644' title='bbox 233 5588 383 5662; x_wconf 58' lang='lat' dir='ltr'><strong>inda</strong></span> <span class='ocrx_word' id='word_1_645' title='bbox 414 5591 534 5662; x_wconf 89' lang='lat' dir='ltr'><strong>ﬂuit</strong></span> <span class='ocrx_word' id='word_1_646' title='bbox 564 5591 870 5662; x_wconf 89' lang='lat' dir='ltr'><strong>reﬂuitque,</strong></span> <span class='ocrx_word' id='word_1_647' title='bbox 899 5601 954 5648; x_wconf 89' lang='lat' dir='ltr'><strong>et</strong></span> <span class='ocrx_word' id='word_1_648' title='bbox 985 5607 1206 5649; x_wconf 89' lang='lat' dir='ltr'><strong>rursum</strong></span> <span class='ocrx_word' id='word_1_649' title='bbox 1235 5608 1392 5648; x_wconf 89' lang='lat' dir='ltr'><strong>versa</strong></span> <span class='ocrx_word' id='word_1_650' title='bbox 1419 5593 1680 5658; x_wconf 88' lang='lat' dir='ltr'><strong>recurrit,</strong></span> 
     </span>
    </p>
   </div>
   <div class='ocr_carea' id='block_1_94' title="bbox 228 5658 1540 5735">
    <p class='ocr_par' dir='ltr' id='par_1_94' title="bbox 228 5658 1540 5735">
     <span class='ocr_line' id='line_1_98' title="bbox 228 5658 1540 5735; baseline 0.003 -23"><span class='ocrx_word' id='word_1_651' title='bbox 228 5658 304 5714; x_wconf 78' lang='lat' dir='ltr'><strong>Ac</strong></span> <span class='ocrx_word' id='word_1_652' title='bbox 325 5662 487 5717; x_wconf 87' lang='lat' dir='ltr'><strong>modo</strong></span> <span class='ocrx_word' id='word_1_653' title='bbox 508 5661 722 5718; x_wconf 86' lang='lat' dir='ltr'><strong>deserta</strong></span> <span class='ocrx_word' id='word_1_654' title='bbox 751 5658 943 5734; x_wconf 75' lang='lat' dir='ltr'><strong>repetit</strong></span> <span class='ocrx_word' id='word_1_655' title='bbox 971 5665 1116 5720; x_wconf 83' lang='lat' dir='ltr'><strong>citus</strong></span> <span class='ocrx_word' id='word_1_656' title='bbox 1143 5677 1363 5735; x_wconf 64' lang='lat' dir='ltr'><strong>sequora</strong></span> <span class='ocrx_word' id='word_1_657' title='bbox 1394 5670 1540 5719; x_wconf 88' lang='lat' dir='ltr'><strong>terra</strong></span> 
     </span>
    </p>
   </div>
   <div class='ocr_carea' id='block_1_95' title="bbox 1883 4830 3366 4901">
    <p class='ocr_par' dir='ltr' id='par_1_95' title="bbox 1883 4830 3366 4901">
     <span class='ocr_line' id='line_1_99' title="bbox 1883 4830 3366 4901; baseline 0.002 -17"><span class='ocrx_word' id='word_1_658' title='bbox 1883 4831 2289 4901; x_wconf 82' lang='lat' dir='ltr'><strong>Cimmeriaque</strong></span> <span class='ocrx_word' id='word_1_659' title='bbox 2312 4831 2500 4885; x_wconf 84' lang='lat' dir='ltr'><strong>itidem</strong></span> <span class='ocrx_word' id='word_1_660' title='bbox 2530 4830 2584 4884; x_wconf 92' lang='lat' dir='ltr'><strong>in</strong></span> <span class='ocrx_word' id='word_1_661' title='bbox 2619 4831 2737 4901; x_wconf 87' lang='lat' dir='ltr'><strong>ripa</strong></span> <span class='ocrx_word' id='word_1_662' title='bbox 2767 4847 2915 4889; x_wconf 73' lang='lat' dir='ltr'><strong>nunc</strong></span> <span class='ocrx_word' id='word_1_663' title='bbox 2946 4830 3172 4886; x_wconf 86' lang='lat' dir='ltr'><strong>humida</strong></span> <span class='ocrx_word' id='word_1_664' title='bbox 3204 4833 3366 4901; x_wconf 84' lang='lat' dir='ltr'><strong>tellus</strong></span> 
     </span>
    </p>
   </div>
   <div class='ocr_carea' id='block_1_96' title="bbox 1883 4899 3397 4969">
    <p class='ocr_par' dir='ltr' id='par_1_96' title="bbox 1883 4899 3397 4969">
     <span class='ocr_line' id='line_1_100' title="bbox 1883 4899 3397 4969; baseline 0 -14"><span class='ocrx_word' id='word_1_665' title='bbox 1883 4900 2162 4963; x_wconf 82' lang='lat' dir='ltr'><strong>Cernitur,</strong></span> <span class='ocrx_word' id='word_1_666' title='bbox 2188 4899 2457 4969; x_wconf 65' lang='lat' dir='ltr'><strong>aequoreis</strong></span> <span class='ocrx_word' id='word_1_667' title='bbox 2483 4915 2630 4969; x_wconf 89' lang='lat' dir='ltr'><strong>nunc</strong></span> <span class='ocrx_word' id='word_1_668' title='bbox 2658 4899 2850 4953; x_wconf 80' lang='lat' dir='ltr'><strong>contra</strong></span> <span class='ocrx_word' id='word_1_669' title='bbox 2884 4901 3181 4955; x_wconf 86' lang='lat' dir='ltr'><strong>obducitur</strong></span> <span class='ocrx_word' id='word_1_670' title='bbox 3215 4899 3397 4956; x_wconf 89' lang='lat' dir='ltr'><strong>undis.</strong></span> 
     </span>
    </p>
   </div>
   <div class='ocr_carea' id='block_1_97' title="bbox 1955 4968 3305 5031">
    <p class='ocr_par' dir='ltr' id='par_1_97' title="bbox 1955 4968 3305 5031">
     <span class='ocr_line' id='line_1_101' title="bbox 1955 4968 3305 5031; baseline 0.001 -9"><span class='ocrx_word' id='word_1_671' title='bbox 1955 4970 2051 5025; x_wconf 85' lang='lat' dir='ltr'><strong>Est</strong></span> <span class='ocrx_word' id='word_1_672' title='bbox 2089 4972 2231 5024; x_wconf 90' lang='lat' dir='ltr'><strong>alius</strong></span> <span class='ocrx_word' id='word_1_673' title='bbox 2256 4968 2452 5024; x_wconf 77' lang='lat' dir='ltr'><strong>rursus</strong></span> <span class='ocrx_word' id='word_1_674' title='bbox 2486 4968 2718 5022; x_wconf 87' lang='lat' dir='ltr'><strong>ﬂammis</strong></span> <span class='ocrx_word' id='word_1_675' title='bbox 2747 4969 3067 5025; x_wconf 83' lang='lat' dir='ltr'><strong>ardentibus</strong></span> <span class='ocrx_word' id='word_1_676' title='bbox 3103 4971 3305 5031; x_wconf 86' lang='lat' dir='ltr'><strong>amnis,</strong></span> 
     </span>
    </p>
   </div>
   <div class='ocr_carea' id='block_1_98' title="bbox 1886 5035 3308 5099">
    <p class='ocr_par' dir='ltr' id='par_1_98' title="bbox 1886 5035 3308 5099">
     <span class='ocr_line' id='line_1_102' title="bbox 1886 5035 3308 5099; baseline 0 -6"><span class='ocrx_word' id='word_1_677' title='bbox 1886 5037 1944 5093; x_wconf 87' lang='lat' dir='ltr'><strong>Si</strong></span> <span class='ocrx_word' id='word_1_678' title='bbox 1979 5039 2139 5095; x_wconf 91' lang='lat' dir='ltr'><strong>modo</strong></span> <span class='ocrx_word' id='word_1_679' title='bbox 2170 5054 2298 5093; x_wconf 88' lang='lat' dir='ltr'><strong>vera</strong></span> <span class='ocrx_word' id='word_1_680' title='bbox 2335 5039 2537 5099; x_wconf 82' lang='lat' dir='ltr'><strong>ferunt,</strong></span> <span class='ocrx_word' id='word_1_681' title='bbox 2573 5035 2787 5092; x_wconf 63' lang='lat' dir='ltr'><strong>IEtnaao</strong></span> <span class='ocrx_word' id='word_1_682' title='bbox 2818 5040 3025 5093; x_wconf 78' lang='lat' dir='ltr'><strong>vertice</strong></span> <span class='ocrx_word' id='word_1_683' title='bbox 3055 5053 3308 5093; x_wconf 89' lang='lat' dir='ltr'><strong>manans.</strong></span> 
     </span>
    </p>
   </div>
   <div class='ocr_carea' id='block_1_99' title="bbox 1887 5107 3154 5179">
    <p class='ocr_par' dir='ltr' id='par_1_99' title="bbox 1887 5107 3154 5179">
     <span class='ocr_line' id='line_1_103' title="bbox 1887 5107 3154 5179; baseline 0 -17"><span class='ocrx_word' id='word_1_684' title='bbox 1887 5107 2084 5179; x_wconf 75' lang='lat' dir='ltr'><strong>Mirum</strong></span> <span class='ocrx_word' id='word_1_685' title='bbox 2127 5107 2489 5179; x_wconf 85' lang='lat' dir='ltr'><strong>proﬂuvium!</strong></span> <span class='ocrx_word' id='word_1_686' title='bbox 2524 5122 2667 5179; x_wconf 78' lang='lat' dir='ltr'><strong>nexu</strong></span> <span class='ocrx_word' id='word_1_687' title='bbox 2696 5107 2941 5179; x_wconf 82' lang='lat' dir='ltr'><strong>sociatur</strong></span> <span class='ocrx_word' id='word_1_688' title='bbox 2976 5109 3154 5179; x_wconf 84' lang='lat' dir='ltr'><strong>amico</strong></span> 
     </span>
    </p>
   </div>
   <div class='ocr_carea' id='block_1_100' title="bbox 1887 5176 3255 5247">
    <p class='ocr_par' dir='ltr' id='par_1_100' title="bbox 1887 5176 3255 5247">
     <span class='ocr_line' id='line_1_104' title="bbox 1887 5176 3255 5247; baseline 0.001 -18"><span class='ocrx_word' id='word_1_689' title='bbox 1887 5177 2033 5247; x_wconf 79' lang='lat' dir='ltr'><strong>Ignis</strong></span> <span class='ocrx_word' id='word_1_690' title='bbox 2073 5176 2248 5247; x_wconf 57' lang='lat' dir='ltr'><strong>aquai,</strong></span> <span class='ocrx_word' id='word_1_691' title='bbox 2286 5183 2492 5247; x_wconf 88' lang='lat' dir='ltr'><strong>coeunt</strong></span> <span class='ocrx_word' id='word_1_692' title='bbox 2524 5176 2734 5247; x_wconf 77' lang='lat' dir='ltr'><strong>Christi</strong></span> <span class='ocrx_word' id='word_1_693' title='bbox 2765 5179 3044 5231; x_wconf 86' lang='lat' dir='ltr'><strong>contraria</strong></span> <span class='ocrx_word' id='word_1_694' title='bbox 3073 5178 3255 5243; x_wconf 72' lang='lat' dir='ltr'><strong>jussu.</strong></span> 
     </span>
    </p>
   </div>
   <div class='ocr_carea' id='block_1_101' title="bbox 1890 5244 3255 5315">
    <p class='ocr_par' dir='ltr' id='par_1_101' title="bbox 1890 5244 3255 5315">
     <span class='ocr_line' id='line_1_105' title="bbox 1890 5244 3255 5315; baseline -0.001 -15"><span class='ocrx_word' id='word_1_695' title='bbox 1890 5244 2032 5314; x_wconf 76' lang='lat' dir='ltr'><strong>Quin</strong></span> <span class='ocrx_word' id='word_1_696' title='bbox 2056 5244 2219 5301; x_wconf 40' lang='lat' dir='ltr'><strong>eti—am</strong></span> <span class='ocrx_word' id='word_1_697' title='bbox 2245 5247 2299 5299; x_wconf 92' lang='lat' dir='ltr'><strong>in</strong></span> <span class='ocrx_word' id='word_1_698' title='bbox 2329 5246 2517 5315; x_wconf 86' lang='lat' dir='ltr'><strong>parvis</strong></span> <span class='ocrx_word' id='word_1_699' title='bbox 2542 5244 2730 5299; x_wconf 86' lang='lat' dir='ltr'><strong>eadem</strong></span> <span class='ocrx_word' id='word_1_700' title='bbox 2757 5248 3019 5301; x_wconf 83' lang='lat' dir='ltr'><strong>miracula</strong></span> <span class='ocrx_word' id='word_1_701' title='bbox 3049 5248 3255 5300; x_wconf 79' lang='lat' dir='ltr'><strong>lucent.</strong></span> 
     </span>
    </p>
   </div>
   <div class='ocr_carea' id='block_1_102' title="bbox 1890 5316 3371 5384">
    <p class='ocr_par' dir='ltr' id='par_1_102' title="bbox 1890 5316 3371 5384">
     <span class='ocr_line' id='line_1_106' title="bbox 1890 5316 3371 5384; baseline -0.001 -14"><span class='ocrx_word' id='word_1_702' title='bbox 1890 5316 2025 5372; x_wconf 84' lang='lat' dir='ltr'><strong>Esse</strong></span> <span class='ocrx_word' id='word_1_703' title='bbox 2054 5316 2238 5370; x_wconf 79' lang='lat' dir='ltr'><strong>ferunt</strong></span> <span class='ocrx_word' id='word_1_704' title='bbox 2263 5332 2473 5379; x_wconf 88' lang='lat' dir='ltr'><strong>semen,</strong></span> <span class='ocrx_word' id='word_1_705' title='bbox 2497 5316 2642 5384; x_wconf 89' lang='lat' dir='ltr'><strong>quod</strong></span> <span class='ocrx_word' id='word_1_706' title='bbox 2672 5316 2848 5368; x_wconf 90' lang='lat' dir='ltr'><strong>solum</strong></span> <span class='ocrx_word' id='word_1_707' title='bbox 2872 5333 2936 5371; x_wconf 74' lang='lat' dir='ltr'><strong>ex</strong></span> <span class='ocrx_word' id='word_1_708' title='bbox 2969 5316 3224 5370; x_wconf 88' lang='lat' dir='ltr'><strong>omnibus</strong></span> <span class='ocrx_word' id='word_1_709' title='bbox 3262 5316 3371 5369; x_wconf 90' lang='lat' dir='ltr'><strong>illis</strong></span> 
     </span>
    </p>
   </div>
   <div class='ocr_carea' id='block_1_103' title="bbox 1894 5385 3217 5455">
    <p class='ocr_par' dir='ltr' id='par_1_103' title="bbox 1894 5385 3217 5455">
     <span class='ocr_line' id='line_1_107' title="bbox 1894 5385 3217 5455; baseline -0.002 -14"><span class='ocrx_word' id='word_1_710' title='bbox 1894 5385 2069 5441; x_wconf 89' lang='lat' dir='ltr'><strong>Ubere</strong></span> <span class='ocrx_word' id='word_1_711' title='bbox 2098 5401 2219 5455; x_wconf 70' lang='lat' dir='ltr'><strong>quae</strong></span> <span class='ocrx_word' id='word_1_712' title='bbox 2242 5385 2645 5455; x_wconf 75' lang='lat' dir='ltr'><strong>gremiotellus</strong></span> <span class='ocrx_word' id='word_1_713' title='bbox 2674 5385 2982 5455; x_wconf 82' lang='lat' dir='ltr'><strong>largissima</strong></span> <span class='ocrx_word' id='word_1_714' title='bbox 3018 5386 3217 5439; x_wconf 78' lang='lat' dir='ltr'><strong>l‘umlit.</strong></span> 
     </span>
    </p>
   </div>
   <div class='ocr_carea' id='block_1_104' title="bbox 1888 5453 3464 5525">
    <p class='ocr_par' dir='ltr' id='par_1_104' title="bbox 1888 5453 3464 5525">
     <span class='ocr_line' id='line_1_108' title="bbox 1888 5453 3464 5525; baseline -0.004 -15"><span class='ocrx_word' id='word_1_715' title='bbox 1888 5453 2312 5525; x_wconf 13' lang='lat' dir='ltr'><strong>Corpusihabet</strong></span> <span class='ocrx_word' id='word_1_716' title='bbox 2338 5453 2597 5525; x_wconf 85' lang='lat' dir='ltr'><strong>rigidum,</strong></span> <span class='ocrx_word' id='word_1_717' title='bbox 2632 5470 2730 5508; x_wconf 89' lang='lat' dir='ltr'><strong>nec</strong></span> <span class='ocrx_word' id='word_1_718' title='bbox 2762 5453 2905 5525; x_wconf 75' lang='lat' dir='ltr'><strong>terra</strong></span> <span class='ocrx_word' id='word_1_719' title='bbox 2937 5455 3167 5509; x_wconf 77' lang='lat' dir='ltr'><strong>solvitur</strong></span> <span class='ocrx_word' id='word_1_720' title='bbox 3198 5468 3464 5523; x_wconf 86' lang='lat' dir='ltr'><strong>unquam,</strong></span> 
     </span>
    </p>
   </div>
   <div class='ocr_carea' id='block_1_105' title="bbox 1888 5523 3430 5592">
    <p class='ocr_par' dir='ltr' id='par_1_105' title="bbox 1888 5523 3430 5592">
     <span class='ocr_line' id='line_1_109' title="bbox 1888 5523 3430 5592; baseline 0 -16"><span class='ocrx_word' id='word_1_721' title='bbox 1888 5523 2068 5579; x_wconf 76' lang='lat' dir='ltr'><strong>Imbre</strong></span> <span class='ocrx_word' id='word_1_722' title='bbox 2095 5540 2197 5579; x_wconf 90' lang='lat' dir='ltr'><strong>nee</strong></span> <span class='ocrx_word' id='word_1_723' title='bbox 2228 5524 2468 5578; x_wconf 69' lang='lat' dir='ltr'><strong>azthereo</strong></span> <span class='ocrx_word' id='word_1_724' title='bbox 2503 5523 2761 5592; x_wconf 84' lang='lat' dir='ltr'><strong>pinguet;</strong></span> <span class='ocrx_word' id='word_1_725' title='bbox 2805 5524 2899 5577; x_wconf 89' lang='lat' dir='ltr'><strong>sed</strong></span> <span class='ocrx_word' id='word_1_726' title='bbox 2935 5532 3147 5592; x_wconf 89' lang='lat' dir='ltr'><strong>tempus</strong></span> <span class='ocrx_word' id='word_1_727' title='bbox 3188 5525 3241 5578; x_wconf 89' lang='lat' dir='ltr'><strong>in</strong></span> <span class='ocrx_word' id='word_1_728' title='bbox 3267 5537 3430 5578; x_wconf 88' lang='lat' dir='ltr'><strong>omne</strong></span> 
     </span>
    </p>
   </div>
   <div class='ocr_carea' id='block_1_106' title="bbox 1894 5592 3292 5661">
    <p class='ocr_par' dir='ltr' id='par_1_106' title="bbox 1894 5592 3292 5661">
     <span class='ocr_line' id='line_1_110' title="bbox 1894 5592 3292 5661; baseline 0.001 -14"><span class='ocrx_word' id='word_1_729' title='bbox 1894 5594 2137 5648; x_wconf 80' lang='lat' dir='ltr'><strong>Delixum</strong></span> <span class='ocrx_word' id='word_1_730' title='bbox 2166 5594 2486 5661; x_wconf 88' lang='lat' dir='ltr'><strong>siccumque</strong></span> <span class='ocrx_word' id='word_1_731' title='bbox 2509 5600 2711 5657; x_wconf 80' lang='lat' dir='ltr'><strong>ntanet,</strong></span> <span class='ocrx_word' id='word_1_732' title='bbox 2748 5608 2846 5646; x_wconf 88' lang='lat' dir='ltr'><strong>nec</strong></span> <span class='ocrx_word' id='word_1_733' title='bbox 2871 5592 3131 5646; x_wconf 82' lang='lat' dir='ltr'><strong>cornibus</strong></span> <span class='ocrx_word' id='word_1_734' title='bbox 3166 5594 3292 5648; x_wconf 92' lang='lat' dir='ltr'><strong>ullis</strong></span> 
     </span>
    </p>
   </div>
   <div class='ocr_carea' id='block_1_107' title="bbox 1891 5662 3361 5734">
    <p class='ocr_par' dir='ltr' id='par_1_107' title="bbox 1891 5662 3361 5734">
     <span class='ocr_line' id='line_1_111' title="bbox 1891 5662 3361 5734; baseline -0.002 -16"><span class='ocrx_word' id='word_1_735' title='bbox 1891 5664 2105 5721; x_wconf 83' lang='lat' dir='ltr'><strong>Duritie</strong></span> <span class='ocrx_word' id='word_1_736' title='bbox 2134 5662 2435 5734; x_wconf 83' lang='lat' dir='ltr'><strong>quidquam</strong></span> <span class='ocrx_word' id='word_1_737' title='bbox 2468 5662 2631 5726; x_wconf 82' lang='lat' dir='ltr'><strong>cedit,</strong></span> <span class='ocrx_word' id='word_1_738' title='bbox 2666 5664 2808 5733; x_wconf 73' lang='lat' dir='ltr'><strong>qtnod</strong></span> <span class='ocrx_word' id='word_1_739' title='bbox 2840 5663 3044 5721; x_wconf 77' lang='lat' dir='ltr'><strong>scilicet</strong></span> <span class='ocrx_word' id='word_1_740' title='bbox 3077 5664 3244 5719; x_wconf 73' lang='lat' dir='ltr'><strong>ictum</strong></span> <span class='ocrx_word' id='word_1_741' title='bbox 3277 5670 3361 5718; x_wconf 87' lang='lat' dir='ltr'><strong>cst</strong></span> 
     </span>
    </p>
   </div>
  </div>
