3818 6180
367 301 471 356 783

369 414 610 478 ⁹()λ6ιος,
639 413 697 477 ὃς
735 413 994 484 καθαροῖο
1030 413 1152 468 νόου
1184 412 1484 485 μεγάλῃσιν
1519 413 1739 482 ὲρωαῖς,

437 505 718 576 Οὐρανίων
745 505 927 574 φαέων
951 504 1201 575 δέρκεται
1240 504 1494 575 ἀγλαΐην.

373 595 605 658 Ὄλϐιος,
633 594 690 658 ὃς
712 595 954 668 χείρεσσι
985 595 1414 666 πολυκμήτοισιν
1444 596 1688 648 Ἄνακτα

435 688 507 742 20
541 687 678 752 Τίει,
711 689 806 742 καὶ
837 688 1050 752 πολλοῖς
1079 689 1194 742 ἐστι
1225 687 1386 758 νόμος
1413 687 1610 756 βιότου.

367 780 552 836 Πάντα
579 782 691 836 τάδ’
719 781 987 853 οὐρανίων
1014 780 1356 852 πληρώματα
1386 781 1577 834 ἔπλετο
1610 779 1806 849 ληνῶν,

434 873 502 926 Αἱ
538 873 752 944 καρποῦ
781 873 969 944 ψυχῶν
997 872 1243 944 δέκτριαι
1265 872 1552 946 ἡμετέρων
1578 915 1592 938 ,

369 964 571 1036 ’Ἄλλην
591 965 810 1037 ἀλλοίης
843 966 1045 1035 ἀρετῆς
1075 965 1167 1020 ὲπὶ
1192 965 1375 1038 χώραν
1404 965 1665 1035 ἀγούσης.

439 1056 640 1110 Πολλαὶ
670 1056 779 1127 γὰρ
806 1055 1017 1109 πολλῶν
1054 1059 1158 1109 εἰσι
1187 1058 1345 1128 μοναὶ
1379 1056 1591 1126 βιότων.

363 1147 435 1201 25
460 1146 693 1210 Ὄλϐιος,
720 1146 779 1200 ὃν
801 1147 1015 1217 πτωχὸν
1032 1147 1248 1201 παθέων
1277 1147 1418 1218 μέγα
1432 1145 1636 1216 Πνεῦμ’
1652 1145 1944 1212 ἀνέδειξεν·

437 1241 626 1302 Ὅστις
647 1239 759 1310 ἔχει
787 1238 932 1310 ζωὴν
966 1238 1153 1292 ἐνθάδε
1185 1239 1488 1311 πενοαλέην
1515 1256 1528 1270 ο

369 1331 554 1395 Ὅστις
579 1330 910 1402 ὲπουρανίης
941 1329 1058 1384 αἰὲν
1079 1330 1375 1402 ἀκόρεστος
1407 1331 1626 1400 ἐδωδῆς,

439 1425 627 1486 Ὅστις
657 1423 842 1496 ὲνηείῃ
875 1423 1208 1494 κληρονόμος
1238 1424 1488 1495 μεγάλων
1507 1439 1522 1454 ⁸

370 1517 466 1580 ὐς
497 1513 884 1584 σπλάγχνοισιν
913 1515 1048 1568 ἑοῖσι
1073 1513 1208 1568 Θεοῦ
1239 1515 1412 1584 μέγαν
1436 1511 1615 1568 οἶκτον
1641 1515 1863 1582 ὲφὲλκει
1892 1553 1906 1578 ,

432 1608 504 1664 30
525 1606 762 1677 Εἰρήνης
795 1622 852 1658 τε
877 1605 1049 1675 φίλος,
1081 1607 1175 1660 καὶ
1209 1606 1449 1678 καθαρὸς
1472 1607 1728 1678 κραδίην·

1003 301 1057 356 S.
1102 298 1428 357 GRECORII
1465 297 1716 354 TIIEOL.
1757 297 2125 356 CARMINUM
2170 299 2368 356 LIBER
2412 301 2449 357 I.
2493 300 2957 358 TIIEOLOGICA.

3534 307 3627 363 784

1978 415 2022 470 Α
2057 413 2152 476 Ὃς
2177 413 2346 467 πολλὰ
2376 414 2634 482 Χριστοῖο
2667 414 2971 484 μεγακλέος
3005 414 3170 469 εἵνεκ’
3196 416 3396 488 ἀνέτλη

2123 504 2348 572 Ἀλγεα,
2388 506 2482 559 καὶ
2512 506 2750 576 μεγάλου
2778 507 2969 569 κύδεος
2992 508 3260 562 ἀντιάσει.

2050 595 2286 660 Τούτων,
2314 598 2381 667 ἢν
2402 596 2624 661 ἐθέλεις,
2658 599 2830 668 τάμνε
2854 599 3059 670 τρίῦον.
3089 599 3153 652 ΕΞ
3191 601 3290 669 μὲν
3327 600 3564 666 ἁπάσας.

2120 691 2324 744 Λώῖον⁶
2365 693 2412 745 εί
2441 692 2487 745 δ’
2523 691 2731 760 ὀλίγας,
2763 693 3045 765 δεύτερον·
3081 697 3130 747 εἰ
3160 695 3215 748 δὲ
3255 697 3428 767 μόνην

2049 783 2117 836 53
2145 783 2365 854 Ἕξοχα,
2401 785 2495 837 καὶ
2523 785 2582 837 τὸ
2610 785 2784 854 φίλον.
2811 786 3037 856 Σταθμά
3052 804 3115 855 γε
3141 789 3240 857 μὲν
3258 788 3386 854 ἄξια
3407 790 3560 848 πᾶσι,

2123 877 2274 929 Τοῖσι
2306 877 2683 948 τελειοτέροιςκ
2721 879 2862 931 τοῖσί
2895 895 2952 931 τε
2990 881 3313 950 μειοτέροις.

2049 965 2161 1020 Καὶ
2201 963 2369 1019 Ῥαὰϐ
2393 966 2492 1018 οὐκ
2527 965 2796 1036 εὔκοσμον
2827 967 2946 1038 ἔχεν
2971 969 3103 1038 βίον,
3135 971 3251 1023 ἀλλ’
3277 972 3389 1042 ἄρα
3421 972 3513 1024 καὶ
3539 972 3627 1042 τὴν

2119 1055 2352 1128 κλεινὴν
2379 1059 2655 1130 ἀκροτάτη
2696 1058 2831 1129 θῆκε
2872 1059 3165 1132 φιλοξενίη.

2062 1149 2156 1202 Ἐκ
2179 1149 2236 1202 δὲ
2271 1150 2440 1220 μόνης
2470 1151 2632 1204 πλέον
2659 1151 2782 1221 ἔσχε
2807 1153 3153 1223 Φαρισσαίοιο
3183 1154 3428 1228 τελώνης

2120 1241 2187 1295 40
2221 1239 2334 1310 Τῆς
2366 1241 2911 1313 χθαμαλοφροσύνης,
2945 1244 3037 1297 τοῦ
3067 1245 3188 1314 μέγ’
3220 1247 3565 1318 ἀειρομένου.

2050 1331 2309 1404 Βέλτερον
2340 1334 2560 1406 άζυγίη,
2586 1336 2673 1388 ναὶ
2700 1334 2978 1408 βέλτερον·
3010 1337 3126 1391 ἀλλ’
3166 1339 3462 1409 ἐπίμικτος
3661 1343 3668 1348 ”

2122 1427 2350 1497 Κόσμῳ,
2386 1428 2481 1480 καὶ
2506 1427 2713 1500 χθονίη,
2745 1430 3031 1502 χειροτέρη
3059 1431 3248 1494 δυάδος

2050 1517 2352 1589 Σώφρονος.
2394 1520 2696 1575 Ἀκτεάνων
2722 1523 2888 1586 αἰπὺς
2919 1523 3033 1593 βίος
3063 1525 3455 1594 οὐρεσιφοίτων
3474 1543 3490 1558 ο

2134 1611 2293 1664 Ἀλλὰ
2313 1612 2481 1681 τύφος
2513 1614 2606 1667 καὶ
2631 1617 2756 1678 τοὺς
2791 1615 3019 1670 πολλάκι
3057 1616 3193 1687 οῆκε
3221 1618 3395 1672 κάτω.

864 1787 1082 1860 Beatus,
1104 1790 1196 1858 qui
1225 1805 1373 1859 pnrze
1403 1791 1601 1844 mentis
1631 1790 1862 1860 egregiis
1893 1789 2134 1844 motibus

931 1858 1248 1914 leestium
1280 1860 1545 1913 luminum
1579 1858 1927 1929 splendorem
1961 1863 2228 1916 intuetur.

860 1927 1081 2000 Beatus,
1112 1930 1204 2000 qui
1237 1929 1526 1985 laboriosis
1553 1927 1809 1985 manibus
1838 1928 2038 1998 Regem

927 1998 998 2055 20
1030 1998 1190 2061 Colit,
1220 2015 1284 2054 ac
1327 2000 1512 2054 multis
1557 2001 1680 2054 vitae
1713 2015 1902 2055 norma
1938 2009 2042 2056 est.

859 2067 1001 2123 Sunt
1031 2070 1146 2140 haec
1175 2071 1359 2124 omnia
1397 2070 1677 2140 plenitudo
1707 2071 2015 2126 cwlestium
2049 2071 2432 2137 torcularium,

928 2140 1060 2208 Quae
1103 2139 1338 2196 fructum
1378 2139 1685 2212 animarum
1721 2151 2032 2196 nostrarum
2060 2145 2352 2212 recipiunt,

859 2210 978 2264 Alia
1031 2211 1085 2265 in
1133 2212 1303 2266 alium
1351 2211 1528 2264 locum
1556 2211 1792 2266 ducente
1825 2212 2023 2265 virtute
2059 2231 2072 2266 :

929 2280 1106 2352 Varia!
1137 2283 1282 2337 enim
1312 2282 1637 2352 suntrvariis
1677 2283 1800 2335 vitae
1831 2282 2128 2352 generibus
2159 2286 2498 2352 mansiones.

855 2351 1189 2425 25_Beat_us,
1230 2351 1670 2425 queni_vit_iorlun
1701 2347 1995 2420 pauperem
2030 2347 2269 2424 Spiritus
2307 2371 2538 2425 magnus
2568 2355 2769 2420 cll‘ocit,

928 2422 1032 2489 Qui
1065 2423 1232 2476 vitam
1266 2421 1353 2474 hic
1382 2420 1532 2475 ducit
1565 2423 1893 2485 luctuosam,

857 2491 962 2559 Qui
993 2492 1237 2547 caelestis
1271 2492 1377 2545 cibi
1410 2507 1625 2560 semper
1661 2492 1991 2546 insatiabilis
2017 2497 2135 2545 est:

930 2562 1034 2629 Qui
1075 2562 1298 2617 lenitate
1323 2576 1421 2616 sua
1452 2577 1773 2631 magnorum
1811 2563 1986 2616 haeres
2015 2569 2100 2614 est
2128 2561 2398 2614 bonorum
2426 2580 2438 2615 :

859 2634 962 2700 Qui
994 2631 1371 2687 misericordia
1401 2645 1498 2684 sua
1535 2648 1786 2701 magnam
1821 2631 1911 2687 Dei
1953 2632 2386 2685 misericordiam
2428 2633 2672 2695 attrahit,

931 2705 1002 2758 ’50
1041 2702 1142 2769 Qui
1177 2718 1364 2771 pacem
1400 2712 1566 2763 amat,
1595 2704 1686 2772 qui
1717 2718 1853 2772 puro
1885 2702 2054 2756 corde
2081 2710 2185 2755 est.

859 2775 962 2842 Qui
1013 2774 1214 2827 multas
1241 2774 1312 2827 ob
1339 2772 1640 2834 Christum,
1684 2773 1844 2841 cujus
1885 2787 2079 2842 magna
2108 2779 2191 2826 est
2223 2772 2415 2841 gloria,
2449 2775 2671 2842 pertulit

933 2843 1230 2909 Molestias,
1269 2857 1631 2912 magnamque
1670 2845 1898 2913 gloriam
1931 2853 2320 2913 consequetur.

862 2915 1090 2978 llornm,
1121 2929 1286 2983 quam
1315 2914 1573 2977 volueris,
1610 2912 1752 2967 viam
1791 2925 1921 2967 tere.
1955 2912 2109 2978 Quod
2143 2914 2186 2968 si
2227 2929 2436 2974 (ιιιιιιρς,

935 2986 987 3038 ld
1023 2986 1259 3050 melius;
1290 2984 1335 3038 si
1373 2999 1597 3054 paucas,
1633 2984 1874 3039 secundo
1908 2984 1960 3054 id
2005 2986 2122 3038 loco
2157 2985 2295 3048 erit;
2331 2985 2374 3036 si
2406 2983 2622 3037 unicam

851 3055 1219 3127 55_Egregie,_
1239 3056 1344 3127 erit
1377 3053 1600 3127 quoque
1629 3063 1869 3127 gratum.
1912 3053 2117 3127 Merccs
2149 3055 2408 3108 omnibus
2437 3055 2620 3125 digna,

924 3125 1062 3179 Tum

1100 3125 1533 3195 perfectioribus,
1571 3134 1684 3178 tum
1716 3125 2092 3180 inferioribus.

854 3195 1050 3250 Bahab
1084 3194 1264 3249 minus
1298 3197 1580 3249 honestam
1611 3195 1846 3248 ducebat
1884 3195 2050 3248 vitam
2077 3212 2090 3248 :
2119 3194 2212 3249 sed
2249 3205 2299 3250 et
2332 3195 2479 3248 illam

929 3265 1196 3336 Illustrem
1249 3266 1375 3319 fecit
1407 3280 1654 3319 >UIIIIIIUS
1689 3265 1975 3336 hospitalis
2005 3279 2183 3318 amor.

858 3337 976 3391 l‘na
1021 3351 1081 3390 re
1119 3334 1454 3390 Pharisaeum
1489 3334 1802 3403 superabat
1829 3335 2176 3401 publicanus,

927 3406 996 3459 40
1046 3405 1388 3471 Humilitate,
1434 3406 1706 3459 hominem
1749 3405 1906 3459 valde
1936 3420 1997 3459 se
2027 3405 2366 3462 eli‘ercntem.

857 3476 1047 3531 Melior
1074 3477 1184 3530 vita
1220 3476 1447 3538 caelebs,
1486 3477 1685 3546 melior
1707 3483 1891 3530 certe:
1925 3474 2019 3530 sed
2055 3479 2320 3546 permista

931 3547 1151 3618 Mundo,
1170 3548 1574 3618 ictitcrrestris,
1608 3545 1834 3618 inferior
1861 3553 1951 3618 est
1965 3545 2233 3618 iconjugio

851 3615 1204 3689 5.90-5.91
1233 3617 1418 3670 Casto.
1454 3615 1868 3689 lilonticolaruni
1899 3616 2036 3689 nihil
2067 3615 2466 3687 possidentium
2499 3619 2607 3675 vita
2633 3620 2918 3676 sublimis:

930 3688 1038 3742 Sed
1069 3687 1122 3742 et
1154 3688 1255 3741 bos
1284 3702 1426 3756 saepe
1457 3689 1712 3758 superbia
1739 3687 1958 3756 dejecit.

355 3880 483 3922 cum
515 3878 754 3936 persaepe
783 3871 1259 3936 pastores,ipr_avo
1282 3863 1558 3936 exemplo,
1594 3857 1937 3936 et_'_moribus

357 3937 455 3990 Dei
495 3933 635 4006 opus
678 3933 991 4006 destruunt.
1040 3934 1406 4006 Nihilominus
1437 3950 1560 4006 cum
1592 3933 1771 4006 editis
1801 3935 1937 4006 legi-_

356 4021 481 4061 mus
512 4002 638 4062 ὲὶῦν.
676 4005 902 4062 Videtur
941 4006 1087 4060 enim
1123 4002 1418 4074 Gregorius
1459 4003 1604 4073 loqui
1646 4003 1713 4061 de
1743 4005 1810 4060 iis
1843 4002 1937 4075 Qui

356 4085 486 4134 sunt
529 4079 582 4131 in
617 4077 879 4141 Ecclesia,
913 4078 1170 4146 nullaque
1197 4075 1858 4146 potiunturauctoritate.

309 4193 314 4198 .
358 4215 375 4217 _
427 4148 502 4217 es
525 4148 756 4214 Ἀλλην
787 4147 1043 4217 ἀνῖλοζης
1070 4143 1622 4217 ἀρετῆςέστίχὼραν
1649 4147 1938 4217 ἀγούσης.

357 4215 435 4270 Ita
461 4216 583 4288 Vat.
607 4218 762 4288 Chig.
788 4226 908 4288 tres
933 4216 1100 4286 Regg.
1127 4224 1179 4271 et
1199 4216 1370 4288 Coisl.
1400 4215 1536 4288 Male
1558 4215 1938 4287 θιιὶιζάρετήν.

428 4288 498 4340 25
523 4287 653 4342 Ὃν.
681 4285 755 4340 1ιῇ
785 4286 953 4357 Regg.
986 4289 1249 4357 plureset
1277 4285 1446 4340 Coisl.
1491 4285 1657 4351 Quem
1691 4285 1939 4340 vitiorum

361 4373 658 4427 pauperem,
695 4357 748 4410 id
779 4365 882 4423 est,
915 4356 1256 4427 paucioribus
1303 4357 1635 4424 minimisque
1687 4357 1940 4411 laboran-

363 4425 486 4492 tem,
529 4441 638 4481 non
683 4435 862 4480 tamen
899 4427 964 4479 ab
998 4425 1238 4480 omnibus
1271 4441 1489 4494 prorsus
1539 4429 1845 4491 immunem,
1884 4435 1943 4481 ut

2049 3863 2239 3938 Billius
2272 3865 2517 3938 exponit.
2554 3864 2695 3919 Edit.
2727 3866 2806 3930 ὃς.
2838 3864 3013 3938 Quam
3047 3865 3336 3922 lectionem
3383 3866 3618 3938 sequitur

2052 3933 2114 3988 Ι).
2148 3933 2404 4007 Gaulyer,
2439 3938 2735 4007 vertitque,
2758 3937 2846 4005 qui
2877 3952 3122 4006 niognum
3149 3947 3197 3990 et
3226 3933 3619 3994 excelsuniaui-

2047 4021 2212 4070 mum,
2248 4005 2704 4074 perturbationum
2734 4007 2934 4074 inopem
2968 4005 3222 4073 ostendit,
3258 4019 3366 4065 etc.

2115 4077 2186 4150 ss
2226 4077 2508 4150 Ἔθέλεις.
2547 4075 2679 4146 Reg.
2719 4077 2822 4150 990
2858 4076 3067 4150 ξβέλῃς.

2041 4213 2074 4270 d
2112 4147 2181 4203 57
2224 4151 2345 4235 Ορκ
2380 4147 2704 4216 εὔκοσμον.
2754 4146 2831 4202 Ita
2868 4146 3080 4202 Vatfet
3128 4148 3298 4205 Coisl.
3350 4149 3410 4205 In
3467 4146 3616 4207 editis

2079 4228 2194 4270 eest
2224 4235 2343 4270 ουκ.

2079 4228 2194 4273 eest
2224 4218 2343 4272 οὐκ.

2038 4356 2079 4410 C
2109 4289 2181 4343 45
2247 4288 2599 4344 ’Λκτεὰνωνρ
2669 4286 2743 4345 De
2809 4289 3095 4346 monachis
3174 4302 3320 4349 recte
3379 4288 3614 4360 intelligit

2087 4375 2244 4410 Vl‘llS.

2085 4375 2244 4430 yrus.

1657 4571 1994 4631 METRICA
2018 4561 2320 4630 VERSIO.

361 4675 534 4740 Felix,
565 4675 657 4747 qui
699 4691 848 4747 pura:
873 4675 1169 4730 subvectus
1196 4675 1449 4730 acumine
1484 4677 1704 4742 mentis,

427 4747 706 4819 Prospicit
730 4747 981 4802 :ethereae
1013 4747 1216 4819 lumina
1251 4755 1439 4802 saneta
1473 4747 1691 4819 domus.

358 4817 533 4890 Felix,
558 4816 651 4890 qui
677 4817 956 4873 Christum
981 4817 1236 4890 manibus
1269 4833 1377 4871 non
1414 4816 1597 4888 segnis
1623 4818 1875 4883 honorat,

433 4889 725 4960 Multisque
750 4895 832 4944 est
856 4889 979 4942 vita:
1009 4889 1194 4960 regula
1229 4889 1421 4960 lexque
1456 4889 1578 4958 piae.

363 4959 566 5016 Horrea
598 4958 797 5014 siderei
828 4958 1104 5029 complent
1128 4959 1242 5014 haec
1273 4959 1457 5014 omnia
1486 4958 1611 5013 (ξωιί
1646 4976 1659 5012 :

433 5029 618 5098 Queis,
650 5030 857 5100 peperit
886 5045 1032 5100 quas
1066 5045 1240 5095 mens,
1282 5031 1636 5098 excipiuntur
1675 5045 1826 5100 opes.

361 5101 604 5156 Diversis
638 5099 854 5155 diversa
885 5099 1058 5154 bonos
1087 5115 1210 5153 nam
1243 5100 1467 5154 sedibus
1493 5100 1658 5154 infert

435 5170 625 5226 Virtus
650 5213 664 5225 .
691 5186 755 5224 ac
795 5172 918 5224 vitae
952 5172 1164 5222 mansio
1201 5171 1400 5239 cuique
1434 5186 1532 5224 sua
1563 5177 1666 5225 est.

362 5241 516 5312 Felix
546 5242 708 5312 cujus
738 5241 900 5310 inops
937 5255 1093 5293 mens
1126 5241 1378 5295 criminis
1408 5241 1588 5295 omnis
1610 5247 1677 5312 et
1702 5253 1898 5309 expers
1926 5257 1938 5292 :

433 5311 535 5378 Qui
567 5311 687 5366 vitae
723 5313 776 5366 in
811 5314 960 5364 luctu
993 5319 1238 5378 tempora
1278 5319 1478 5364 cuncta
1520 5311 1667 5365 terit.

361 5383 627 5438 C(eIestes
658 5383 863 5452 quique
885 5395 981 5434 ore
1010 5381 1171 5452 avido
1197 5382 1442 5450 suspirat
1468 5382 1534 5452 ad
1562 5395 1722 5434 escas
1749 5399 1760 5433 :

437 5452 564 5507 Mite
591 5451 689 5507 cor
714 5451 1038 5506 innumeras
1069 5451 1270 5520 cuique
1309 5451 1558 5520 recondit
1592 5465 1746 5519 opes.

363 5519 577 5591 Quique
609 5523 732 5577 aliis
766 5521 964 5584 facilis,
1003 5517 1290 5575 Domitium
1323 5521 1424 5575 sibi
1460 5517 1642 5574 ﬂectit
1671 5517 1905 5590 Olympi.

436 5590 609 5655 Quem
649 5608 778 5661 pax,
808 5605 969 5661 quem
1003 5590 1188 5645 cordis
1217 5591 1622 5661 munditiesque
1656 5591 1832 5660 juvat.

367 5657 609 5728 Denique
635 5657 734 5728 pro
760 5657 982 5715 Christo
1006 5661 1213 5728 patitur
1241 5662 1332 5730 qui
1361 5657 1788 5714 multa—libenter
1819 5679 1832 5713 :

1973 4687 2014 4741 Β
2045 4727 2085 4759 ,Λ
2117 4676 2412 4759 Eternum
2445 4677 2669 4759 in_coelo
2696 4686 2887 4759 carpet
2909 4679 2980 4734 ob
3008 4677 3172 4759 idque
3201 4678 3395 4759 decus.

2046 4747 2222 4820 Quam
2257 4748 2483 4820 malles,
2502 4749 2607 4820 hac
2642 4747 2812 4820 perge
2840 4751 2963 4817 via;
2988 4749 3032 4804 si
3062 4747 3284 4806 triveris
3309 4769 3522 4817 omnes,

2122 4818 2177 4872 Id
2212 4819 2426 4872 melius.
2467 4818 2706 4875 Multas?
2735 4818 2909 4874 laudis
2939 4821 2989 4873 id
3012 4821 3246 4875 eximite.

2046 4888 2262 4945 Unam?
2289 4889 2418 4942 dum
2453 4906 2688 4957 summe,
2717 4899 2931 4962 gratum
2967 4891 3017 4946 id
3047 4906 3267 4962 quoque
3293 4910 3308 4947 :
3339 4893 3555 4962 praemia

3352 4979 3557 5019 magnis

2122 5028 2262 5102 Sgunﬁt
2295 5040 2499 5102 tamen,
2533 5036 2587 5102 et
2621 5030 2804 5099 parvis
2833 5030 2995 5102 digna
3031 5041 3218 5100 parata
3256 4962 3474 5087 vii-liis].ag

2048 5099 2360 5174 Et_Rabab.
2403 5101 2546 5174 haud
2579 5103 2751 5174 castis
2783 5099 3305 5174 pollebat’moribns
3335 5123 3350 5159 :
3388 5105 3494 5174 ipsi

2121 5171 2262 5226 Laus
2291 5181 2468 5224 tamen
2499 5171 2721 5239 hospitii
2756 5174 2960 5242 sparsit
2995 5174 3049 5226 in
3079 5175 3213 5228 orbe
3248 5171 3438 5229 decus.

2049 5240 2116 5294 Et
2137 5242 2266 5310 quia
2293 5257 2400 5294 non
2427 5242 2672 5295 tumidus
2697 5240 2957 5298 Pharismi
2987 5258 3139 5296 more
3169 5245 3380 5299 telones

2120 5311 2363 5372 Exstilit,
2391 5311 2494 5384 hoc
2523 5327 2632 5365 uno
2659 5317 2880 5368 nomine
2912 5315 3068 5384 plura
3097 5315 3239 5367 tulit.

2050 5381 2350 5452 Virginitas
2376 5382 2620 5436 thalamo
2653 5385 2845 5437 melior
2876 5381 3018 5439 z'sed
3049 5384 3233 5438 dedita
3265 5387 3470 5440 mundo

2122 5452 2180 5506 Si
2218 5453 2401 5525 fuerit,
2437 5452 2601 5506 ﬂuxis
2623 5453 2946 5525 junctaque,
2974 5458 3127 5524 pejor
3155 5455 3279 5510 erit.

2055 5521 2359 5578 Monticola:
2407 5533 2573 5593 atque
2630 5521 3122 5594 inopis-monachi
3170 5526 3476 5580 celsissima
3520 5527 3609 5582 vita

3443 5605 3530 5654 est

3477 5614 3486 5639 ι

2127 5663 2331 5718 Stravit
2363 5672 2418 5718 at
2448 5663 2596 5719 hunc
2624 5662 2798 5720 fastus
2833 5681 2975 5737 saepe
3011 5667 3282 5738 superbus
3312 5597 3486 5723 auidi:
