3818 6244
298 304 401 359 787

297 422 332 477 5
363 422 466 475 "Hv
495 420 528 491 ἡ
554 416 703 490 βιαία
734 415 1009 487 συστροφὴ
1028 414 1146 468 τῶν
1180 415 1510 487 πνευμάτων

296 511 440 582 Πρὸς
467 510 601 580 ὕψος
622 509 913 580 ὲξαίρουσα
941 506 1217 560 συστέλλει
1250 508 1421 561 κάτω.

298 604 453 659 Οὕτω
473 603 583 673 γὰρ
606 600 762 672 ἡμῶν
794 599 885 653 τὸν
913 597 1285 670 πολύστροφον
1310 598 1423 669 βίον

297 698 361 748 Αἱ
395 693 500 748 τῶν
526 691 778 762 πονηρῶν
804 690 1131 760 πνευμάτων
1155 688 1466 757 καταιγίδες

297 787 442 859 Πρὸς
476 785 609 856 ὕψος
632 784 907 854 ἐξαίρουσι
937 783 1033 835 καὶ
1063 780 1223 847 δόξαν
1253 780 1407 834 νόθον
1426 798 1442 813 υ

300 881 366 934 1θ
398 875 561 942 Αὖθις
582 878 639 931 δὲ
670 875 800 947 χοῦς
828 874 1044 928 κάτεισι
1071 873 1164 927 καὶ
1193 871 1345 943 μένει
1371 871 1545 935 κάτω,

301 973 444 1036 Ἕως
468 973 498 1026 ό
527 969 621 1025 τοῦ
645 969 927 1031 κτίσαντος
960 965 1180 1037 ἁρμόσῃ
1208 963 1366 1033 λόγος

296 1064 420 1117 Τῶν
455 1061 813 1116 συνδεθέντων
841 1059 940 1130 τὴν
962 1056 1269 1127 ἀναγκαίαν
1298 1054 1472 1112 λύσιν.

298 1154 415 1208 Νῦν
447 1153 505 1206 δὲ
536 1150 841 1223 προκύψας,
875 1148 1065 1220 ὥσπερ
1100 1147 1163 1200 ἐκ
1188 1166 1334 1213 τινος
1362 1149 1561 1219 βάθους
1588 1189 1605 1215 ,

310 1246 370 1299 ὐ
400 1244 530 1316 χοῦς
559 1246 589 1298 ό
616 1243 738 1315 θείᾳ
777 1240 1188 1314 πνευματωθεὶς
1217 1241 1384 1295 εἰκόνι
1411 1282 1427 1305 ,

302 1335 369 1390 15
394 1335 505 1389 Καὶ
530 1335 630 1399 τὰς
658 1334 880 1403 γεώδεις
902 1334 1069 1405 ὲκὸοᾷ
1089 1333 1395 1406 τραγῳδίας
1413 1372 1430 1395 ,

300 1431 413 1484 Καὶ
438 1429 531 1483 τὸν
555 1427 722 1499 γελᾷν
742 1426 1006 1480 δοκοῦντα
1021 1424 1247 1497 δακρύει
1271 1425 1405 1495 βίον.

759 1559 858 1613 ΙΘ’.
887 1559 1022 1628 Περὶ
1054 1557 1165 1627 τῆς
1201 1555 1413 1625 αὐτῆς.

371 1695 575 1767 Τροχὸς
604 1695 685 1759 τίς
724 1696 872 1747 ἐστιν
902 1690 1151 1754 ἀστάτως
1178 1689 1531 1762 πεπηγμένος
1556 1732 1571 1754 ,

806 1851 842 1906 5
880 1850 1052 1916 Quem
1085 1848 1380 1906 vehemens
1408 1846 1645 1917 impetus
1677 1854 1907 1903 ventoru

939 298 994 353 S.
1039 296 1362 353 GREGORII
1401 290 1649 355 T'HEOL.
1684 297 2052 356 CARMINUM
2090 287 2296 354 LIBER
2338 298 2377 353 I.
2419 296 2879 357 TBEOLOGICA.

1906 424 1950 480 Α
1990 416 2051 470 '0
2077 415 2272 488 μικρὸς
2295 407 2452 480 οὗτος
2482 416 2578 471 καὶ
2604 414 2943 488 πολύτροπος
2968 413 3102 485 βίος.

1980 510 2126 562 Ἀνω
2150 511 2399 574 κινεῖται,
2436 508 2532 562 καὶ
2565 510 2901 581 περισπῶωι
2936 508 3118 561 κάτωο

1976 602 2089 673 Οὐχ
2122 603 2339 657 ἵσταται
2376 600 2509 673 γὰρ,
2537 601 2643 655 κᾶν
2671 602 2803 672 δοκῇ
2827 599 3154 670 πεπηγέναι.

1976 695 2010 750 5
2033 694 2255 761 ⁶Ιέιῖγων
2275 696 2581 765 κρατεῖται,
2617 694 2714 747 καὶ
2738 693 2914 764 μένων
2943 690 3261 761 ἀποτρέχει.

1976 786 2184 858 Σκιρτᾷ
2212 785 2269 839 δὲ
2298 785 2493 850 πολλὰ,
2527 786 2625 840 καὶ
2654 784 2715 838 τὺ
2745 783 2965 854 φεύγειν
2986 784 3089 836 οὐκ
3113 782 3251 853 ἕλει.

1979 875 2188 943 Ἕλκει,
2220 875 2477 929 καθέλκει
2511 879 2577 948 τῇ
2604 878 2811 948 κινήσει
2850 873 2948 946 τὴν
2975 873 3182 929 στάσιν.

1989 967 2078 1032 Ὠς
2099 968 2249 1022 οὐδὲν
2272 964 2413 1022 εἶναι
2437 967 2529 1021 τὸν
2559 968 2674 1039 βίον
2700 967 3018 1039 διαγράφων
3044 1007 3061 1031 ,

1981 1058 2052 1112 Ἢ
2084 1058 2310 1124 καπνὸν,
2338 1058 2372 1130 ἢ
2402 1058 2633 1130 ὖνειρον,
2657 1057 2692 1130 ἢ
2730 1057 2892 1121 ἄνθος
2917 1057 3102 1129 χλόης.

2522 1193 2607 1247 K'.
2638 1192 2779 1261 Περὶ
2803 1192 3014 1246 πόθου.

2050 1326 2231 1379 Δεινδν
2258 1326 2422 1391 πόθος
2451 1328 2582 1391 πᾶς.
2614 1328 2717 1381 Ἂν
2738 1327 2797 1381 δὲ
2826 1328 2921 1381 καὶ⁸
2950 1327 3282 1398 φιλουμένου
3300 1365 3324 1393 ,

1982 1416 2214 1470 Διπλοῠν
2246 1415 2308 1469 τὸ
2335 1416 2531 1473 δεινόν.
2559 1417 2622 1470 Ei
2647 1417 2704 1470 δὲ
2729 1418 2824 1470 καὶ
2854 1416 3020 1489 κόρας
3052 1417 3179 1482 νέας
3198 1459 3217 1485 ,

1983 1508 2256 1582 Τριπλοῦν
2283 1508 2345 1561 τὸ
2376 1509 2621 1581 κέντρον.
2657 1510 2721 1563 Εἰ
2750 1510 2808 1563 δὲ
2836 1509 2930 1563 καί
2958 1509 3189 1572 κάλλους
3213 1508 3451 1581 γέμων,

1984 1601 2173 1654 Πλεῖον
2196 1600 2259 1653 τὸ
2290 1599 2482 1654 κακόν.
2514 1601 2574 1654 Et
2607 1600 2665 1654 δὲ
2696 1601 2833 1672 πρὸς
2861 1602 3037 1671 γάμον
3070 1600 3258 1670 φέρει,

1985 1688 2163 1763 δ’Πῦρ
2188 1691 2336 1746 ἔνδον
2363 1692 2531 1764 αὐτὴν
2570 1692 2827 1764 βόσκεται
2855 1692 2954 1765 τὴν
2982 1691 3232 1765 καρδίαν.

1915 1862 1967 1900 m

808 1920 866 1975 In
890 1921 1061 1975 altum
1089 1934 1213 1975 cum
1255 1917 1500 1981 sustulit,
1533 1917 1703 1972 mittit
1731 1918 2010 1973 deorsum.

811 1990 904 2045 Sic
928 1992 1074 2046 enim
1105 1996 1353 2044 nostram
1386 1988 1699 2042 instabilem
1732 1991 1899 2043 vitam

811 2061 1076 2115 Malorum
1107 2059 1401 2130 spirituum
1435 2058 1688 2130 procella:

810 2131 870 2185 In
901 2128 1408 2196 sublime'eﬂ'erunt,
1439 2134 1495 2182 et
1533 2128 1600 2182 ad
1633 2129 1904 2186 adulterin

1909 2146 1997 2186 am
2028 2134 2268 2204 evehunt
2295 2134 2525 2204 gloriam
2546 2155 2561 2191 :

812 2203 881 2258 It)
917 2200 1155 2257 Posthac
1182 2207 1387 2261 autem,
1419 2206 1490 2270 ut»
1509 2198 1688 2270 pulvis
1728 2200 1930 2257 labitur
1951 2212 2008 2258 et
2035 2203 2185 2260 humi
2220 2198 2424 2270 inflict,

812 2273 998 2327 Donec
1016 2270 1297 2327 Creatoris
1325 2284 1433 2324 vox
1462 2268 1762 2324 dissociata

809 2342 1025 2397 Rursus
1058 2342 1222 2397 simul
1250 2339 1735 2410 coagmentaverit,
1769 2350 2112 2410 mortemque
2143 2342 2388 2398 solverit.

808 2411 1165 2485 $92-$93
1198 2410 1355 2485 N_u_nc
1393 2417 1576 2485 autem
1608 2411 1975 2485 prospiciens,
2006 2413 2155 2485 velut
2177 2429 2212 2485 e
2249 2412 2486 2483 quadam
2521 2426 2713 2484 specu,

811 2479 1151 2548 Pu'lv—isfcui—
1164 2480 1393 2552 spiritus
1423 2479 1666 2552 divinam
1695 2479 1905 2550 inspira

812 2553 884 2624 15
920 2550 1645 2624 Terrenasclamorejactat
1661 2553 1904 2624 tragoedi

1913 2484 1990 2538 vit
2020 2483 2344 2554 imaginem,
2530 2488 2554 2515 ο

1911 2568 1994 2619 as,

816 2621 882 2677 Et
909 2622 1244 2679 dillluentem
1268 2621 1408 2677 falso
1431 2622 1547 2677 risu
1584 2620 1744 2678 deﬂet
1767 2620 1963 2678 vitam.

1507 2731 1648 2787 XIX.
1697 2733 1769 2788 De
1800 2734 1979 2789 eodem
2008 2739 2357 2806 argumento'.

884 2853 1025 2909 Rota
1060 2862 1145 2910 est
1171 2852 1506 2908 iustahiliter
1538 2853 1643 2908 ﬁxa

815 2925 1004 2979 Brevis
1031 2925 1147 2980 hmo
1171 2936 1223 2980 et
1260 2925 1544 2994 multiplex
1570 2925 1701 2979 vita.

820 2996 1054 3051 Sursum
1082 3002 1352 3060 movetur,
1377 3004 1431 3050 et
1451 2995 1690 3049 trahitur
1718 2995 1998 3051 deorsum.

818 3066 936 3136 Non
962 3073 1071 3122 stat
1094 3065 1265 3133 enim,
1296 3068 1547 3136 quiamvis
1579 3065 1986 3136 videaturuﬁxa.

818 3138 855 3192 5
895 3134 1130 3207 Fugiens
1162 3134 1407 3201 tenetur,
1444 3145 1499 3190 et
1530 3150 1758 3191 manens
1790 3134 1998 3207 eﬂ‘ugit.

825 3206 1003 3280 ξοηβῂ
1028 3206 1370 3280 plerumque,
1407 3222 1509 3261 nec
1541 3214 1724 3261 tamen
1755 3206 1992 3280 eli'ugere
2026 3216 2225 3280 potest.

825 3276 1018 3331 Trahit
1045 3292 1111 3331 ac
1131 3277 1362 3331 retrahit
1387 3285 1537 3332 motu
1562 3291 1665 3332 suo
1687 3278 2003 3342 stationem,

827 3348 978 3402 Adeo
1005 3356 1067 3403 ut
1089 3346 1226 3401 nihil
1256 3348 1329 3401 sit
1358 3348 1490 3410 vita,
1528 3348 1575 3403 si
1606 3347 1743 3402 velis
1771 3346 1905 3402 desc

1910 3347 2110 3408 ribere.

828 3417 1005 3484 Quam
1043 3418 1251 3484 fumus,
1282 3426 1379 3472 aut
1397 3418 1695 3483 somnium,
1723 3427 1818 3472 aut
1842 3416 1943 3473 llos
1974 3418 2179 3474 herbae.

1689 3535 1807 3592 XX.
1839 3537 1917 3593 De
1939 3537 2265 3596 desiderio".

906 3657 1083 3735 Grave
1102 3665 1188 3713 est
1209 3672 1382 3735 omne
1406 3656 1867 3735 desiilerium.__Si
1898 3669 2078 3714 autem
2108 3659 2442 3717 desiderium
2472 3661 2546 3718 sit
2574 3662 2729 3719 chari
2760 3665 2977 3735 capitis,

835 3728 1046 3799 Duplex
1075 3738 1161 3783 est
1191 3727 1371 3799 dolor.
1404 3726 1461 3799 Si
1493 3743 1622 3784 vero
1653 3730 1867 3799 puella,

838 3798 1064 3868 Triplex
1090 3797 1369 3868 stimulus.
1403 3798 1461 3852 Si
1493 3797 1776 3868 praestanti
1800 3800 1998 3863 forma,

840 3866 1016 3937 Major
1044 3869 1224 3923 adhuc
1251 3867 1429 3922 dolor.
1457 3866 1515 3922 Si
1555 3866 1798 3923 animum
1832 3868 1901 3924 ad

840 3940 876 3994 5
914 3938 1058 4010 Ignis
1083 3939 1233 3994 intus
1253 3937 1500 4008 depascit
1530 3938 1795 3992 animum.

399 4088 422 4107 ‘
457 4082 608 4140 Alias
640 4083 763 4139 Bill.
798 4084 889 4149 67,
924 4100 1051 4156 pag.
1085 4084 1209 4141 I55.

400 4204 471 4276 11
501 4205 654 4269 Ἕως
682 4208 715 4260 ό
746 4204 852 4260 τοῦ
891 4206 1236 4273 κτίσαντος,
1266 4216 1373 4262 etc.
1409 4205 1729 4276 Imperfecta
1757 4205 1911 4261 vide-

332 4282 424 4331 tur
452 4274 930 4348 Benedictiporum
946 4277 1172 4348 _versio,ﬁ
1207 4280 1301 4348 qui
1350 4274 1546 4348 melius
1580 4277 1647 4330 ad
1679 4276 1907 4348 verbum

334 4345 631 4399 vertissent
662 4366 675 4400 :
717 4345 891 4400 Donec
931 4345 1200 4400 Creatoris
1224 4345 1334 4402 ὐοπ
1366 4345 1435 4399 ad
1468 4345 1802 4400 harmoniam
1837 4362 1912 4399 re-

1932 3873 2154 3941 nuptias
2183 3876 2490 3946 appulerat,

1287 4087 1329 4106 "
1367 4083 1516 4141 Alias
1546 4083 1668 4139 Bill.
1711 4082 1849 4148 115,
1887 4099 2008 4156 pag.
2047 4085 2167 4141 181.

2017 4208 2230 4262 tionem.
2262 4208 2523 4265 ΟΑιιιΑυ.

2088 4278 2230 4354 XIX.
2259 4283 2293 4335 8
2327 4281 2693 4353 Διαηοάφων.
2728 4282 2861 4354 Reg.
2912 4279 3048 4338 I277
3090 4277 3401 4350 διαγράφω.
3450 4276 3595 4332 Alius

2016 4348 2329 4422 διαγράφει.

333 4417 597 4471 vocaverit
627 4431 812 4470 rursus
842 4417 1264 4470 consociatorum
1298 4417 1651 4471 necessariam
1679 4415 1915 4470 dissolu-

1613 4528 1952 4590 METRICA
1987 4531 2287 4593 VERSIO.

340 4636 516 4702 Quem
543 4633 630 4687 vis
659 4633 714 4686 in
741 4631 910 4685 altum
946 4631 1173 4687 sustulit
1200 4646 1325 4685 cum
1366 4630 1605 4702 turbinis

343 4701 596 4775 Saevique
626 4702 798 4768 venti,
833 4702 1281 4775 deprimitmox:
1311 4703 1365 4775 in
1399 4701 1620 4757 modum

343 4778 437 4830 Sic
468 4772 704 4844 namque
735 4780 978 4828 nostram
1015 4772 1271 4844 mobilem
1303 4773 1471 4826 vitam
1501 4787 1687 4842 parem

341 4847 466 4901 Mali
503 4842 753 4916 procellae
786 4844 1014 4916 spiritus
1043 4844 1153 4897 alio
1175 4842 1433 4916 elTerunt,

342 4914 833 4985 Ailulterinamque
861 4914 1101 4970 evehunt
1128 4914 1195 4968 ad
1231 4916 1460 4986 gloriam
1485 4932 1498 4969 :

342 4990 423 5042 Ac
453 4988 632 5058 pulvis
654 4988 798 5041 infra
824 4986 1026 5039 labitur
1054 4998 1300 5058 rursum,
1342 4992 1606 5058 et_manet

346 5054 532 5119 limiti,
560 5058 803 5112 creantis
831 5070 935 5110 vox
964 5064 1161 5126 potens
1194 5056 1371 5110 donec
1405 5054 1499 5109 Dei

348 5130 538 5183 Soluta
570 5138 743 5182 morte
764 5127 1001 5181 vinxerit
1027 5142 1221 5182 rursus
1250 5126 1438 5180 simul.

347 5203 418 5253 At
446 5214 591 5253 nunc
620 5207 681 5252 ut
709 5198 817 5251 alta
848 5197 915 5250 de
941 5211 1106 5266 specu
1149 5211 1271 5251 sese
1299 5211 1530 5251 exerens

351 5268 537 5324 I‘ulvis
567 5268 682 5339 (Dei
715 5269 804 5323 cui
846 5265 1102 5339 spiritum
1134 5265 1563 5339 formaindidit)

351 5339 536 5394 Terra:
557 5336 821 5395 molestas
850 5336 1096 5390 clamitat
1124 5337 1445 5407 tragoedias,

350 5407 624 5481 Falsoque
652 5411 768 5463 risu
798 5406 1051 5463 diiiluens
1077 5406 1253 5461 aevum
1289 5408 1479 5476 gemit.

742 5517 856 5556 XIX.
885 5515 952 5555 DE
978 5514 1156 5555 EODEI
1194 5514 1540 5554 ARGUIENTO.

865 5592 1054 5659 (Bittio
1090 5590 1418 5662 interprete.)

437 5680 561 5734 llmc
590 5697 776 5749 parva,
821 5682 972 5735 varia
994 5689 1070 5746 et,
1104 5683 1214 5734 vita
1247 5697 1345 5750 par
1373 5688 1459 5737 est
1493 5679 1723 5744 turbini,

362 5746 539 5803 Simul
576 5746 844 5814 movetur,
878 5752 1018 5804 ﬁxus
1043 5758 1129 5804 est
1157 5758 1211 5805 et
1242 5746 1337 5820 qui
1361 5751 1545 5805 simul.

1957 4640 1997 4697 Β
2029 4635 2262 4691 Sursum
2295 4642 2568 4698 movetur,
2595 4649 2660 4689 ac
2688 4632 2944 4689 deorsum
2975 4630 3231 4686 volvitur.

2031 4704 2226 4761 Fixum
2251 4721 2377 4760 esse
2400 4705 2653 4775 quamvis
2676 4719 2802 4758 nam
2838 4710 3019 4773 putes,
3053 4705 3296 4775 non_stat
3326 4705 3537 4751 tamen.

2033 4775 2273 4847 I‘ugieus
2301 4769 2539 4842 tene-tur,
2562 4785 2619 4830 et
2646 4769 2879 4847 manens
2906 4786 3126 4847 rursum
3153 4769 3325 4838 fugit:

2030 4840 2370 4917 Multumque
2395 4840 2578 4909 saltat,
2609 4845 2704 4899 sed
2728 4843 2922 4917 lugere
2951 4840 3143 4911 nequit
3169 4847 3392 4893 tamen:

2031 4916 2334 4987 fl‘rahithe
2362 4925 2536 4979 motu,
2569 4916 2804 4987 retrahit
2829 4922 2883 4987 et
2913 4922 3117 4987 statum
3151 4924 3333 4963 suum.

2030 4986 2115 5063 Iliil
2139 4982 2271 5063 ergo
2310 4988 2420 5042 vita
2454 4994 2560 5063 est,
2584 4986 2647 5063 _si
2690 4986 2825 5063 velis
2854 4982 3188 5063 describere,
3299 5047 3311 5058 .

2031 5054 2446 5125 Quam'l‘umus,
2482 5056 2665 5112 herba:
2690 5054 2790 5111 llos
2817 5054 2923 5121 vel,
2951 5059 3045 5106 aut
3077 5054 3435 5105 insomnium.

2562 5226 2654 5267 XX.
2685 5226 2754 5266 DE
2782 5221 3089 5264 θεειυειιιο.

2555 5322 2742 5393 (Bittio
2766 5322 3094 5388 interprete.)

2116 5463 2305 5520 Omnis
2343 5460 2541 5531 Cupido
2563 5465 2783 5528 torquet
2801 5473 2824 5532 :_
2846 5463 2904 5509 at
2923 5452 3136 5532 duplex.
3163 5447 3390 5532 malum,

2051 5534 2398 5589 Desideratur
2416 5520 2548 5585 'cum
2578 5520 2744 5598 caput
2760 5520 3038 5598 charum;
3070 5520 3291 5591 triplex,

2050 5604 2231 5659 Puella
2264 5603 2309 5675 si
2339 5601 2450 5667 sit;
2481 5596 2661 5675 (πο-εἴ
2682 5596 3074 5675 pulcherrimo,
3112 5660 3148 5675 Δ.

2051 5675 2253 5747 Malum
2281 5670 2644 5747 ingravescit;
2677 5667 2896 5747 ambias
2919 5667 2974 5747 si
2995 5667 3238 5747 nuptias,

2053 5745 2174 5800 Urit
2215 5737 2482 5798 medullas
2510 5751 2623 5794 tum
2658 5737 2815 5793 dolor
2848 5737 3205 5791 saevissimus.
