3818 6186
410 292 515 349 875

409 411 577 466 Δώσω
607 425 658 460 τι
687 404 880 476 μικρὸν
902 401 995 454 καὶ
1024 399 1200 469 σκότῳ
1230 396 1325 450 τοῦ
1363 395 1633 466 σώματος.

409 502 483 555 Τὸ
512 496 789 559 παντελῶς
812 496 1107 549 ἄπταιστον
1130 492 1186 544 ὲν
1220 488 1338 560 Θεῷ
1374 487 1520 559 μόνῳ

409 593 481 645 Τὸ
508 591 551 644 δ’
582 596 647 643 ἐκ
674 586 951 659 προνοίας,
974 583 1067 637 καὶ
1091 580 1390 653 φρονοῦντα
1418 576 1496 647 τῷ
1522 576 1699 646 κακῷ,

405 683 515 738 255
546 680 656 735 Καὶ
691 677 952 740 πολλάκις
983 691 1041 728 τε
1067 672 1162 727 καὶ
1189 670 1375 726 κακῶν
1407 670 1479 726 τὰ
1508 668 1731 739 μείζονα

407 773 651 836 Πταίειν,
694 764 1156 839 ἁναισχυντοῦντα
1180 762 1275 816 καὶ
1301 760 1633 830 γελώμενον,

408 869 521 921 Καὶ
555 867 691 939 μηδὲ
714 854 1408 933 πληγαῖς’σωφρονίζεσθαι
1439 852 1635 917 θέλειν,

412 957 509 1024 Ai;
543 959 638 1012 mi.
663 956 730 1010 τὰ
757 955 933 1009 πάντα
961 951 1101 1006 ἄθλι’
1131 945 1531 1008 ὲκπαιδεύεται,

411 1053 598 1122 Γυμνῇ
638 1048 695 1101 δὲ
722 1046 921 1118 χωρεῖν
948 1044 1013 1113 τῇ
1046 1040 1254 1109 κεφαλῇ
1282 1038 1416 1108 πρὸς
1448 1035 1747 1099 κινδύνους,

412 1143 518 1197 260
552 1138 711 1193 Τοῦτ’
746 1136 895 1189 ἐστιν
925 1136 959 1205 ἡ
988 1132 1134 1202 δεινή
1166 1148 1226 1183 τε
1254 1130 1349 1183 καὶ
1376 1128 1522 1198 κακὴ
1542 1127 1715 1191 νόσος.

414 1236 497 1289 Τὰ
525 1235 592 1288 σὰ
626 1231 820 1286 σκόπει
851 1228 939 1291 σὺ,
968 1225 1062 1279 καὶ
1089 1224 1156 1277 τὰ
1185 1220 1660 1295 προστεταγμένα,

415 1327 481 1380 Τί
517 1322 789 1397 πρακτέον
819 1335 923 1381 σοι,
954 1316 1048 1370 καὶ
1076 1314 1128 1368 τί
1159 1330 1240 1365 σοι
1275 1311 1347 1382 μὴ
1387 1309 1683 1381 πρακτέον.

488 1410 695 1483 Καιροῦ
719 1411 762 1463 δ’
788 1410 972 1462 ἐκεῖνα
998 1403 1096 1458 καὶ
1119 1403 1290 1456 τόπου
1320 1399 1511 1453 σκόπει
1538 1397 1714 1466 τίνος;

429 1506 492 1558 'H
529 1504 710 1565 πίστις
736 1497 921 1571 ἠρχεθ’
944 1513 956 1526 ·
993 1494 1182 1566 ὥσπερ
1214 1487 1306 1545 οὖν
1330 1493 1443 1555 τοῖς
1471 1488 1689 1561 νηπίοις

416 1596 524 1651 265
560 1595 708 1650 Ἔδει
740 1589 1006 1663 ποδηγίας
1036 1604 1095 1640 τε
1121 1585 1214 1639 καὶ
1239 1583 1444 1654 λεπτῆς
1468 1580 1676 1654 τροφῆς
1697 1596 1710 1610 ο

1086 280 1138 333 ς.
1180 276 1507 334 GllEGORIl
1544 274 1792 328 TIIEOL.
1832 268 2199 328 (IARMINUM
2237 268 2437 325 LIBER
2481 269 2521 324 Ι.
2561 264 3026 323 THEOLOGICA.

2021 396 2068 453 Α
2110 388 2269 442 Τοῦτ’
2299 385 2367 460 ἦν
2397 388 2425 441 δ
2453 388 2546 442 καὶ
2579 386 2831 440 πταίουσι
2868 382 3196 456 συγγνώμης
3226 379 3395 455 μετῆν

2110 479 2200 532 Σοὶ
2223 478 2268 531 δ’
2294 479 2394 532 οὐκ
2420 476 2493 531 ἔτ’
2520 477 2655 542 ἔστι,
2681 476 2773 530 τοῦ
2803 476 2962 545 λόγου
2989 475 3404 547 πεπλησμένου,

2110 571 2223 627 Καὶ
2248 570 2417 624 πολλὰ
2443 568 2680 643 Χριστοῦ
2711 573 2825 633 σοῖς
2848 572 3040 633 κακοῖς
3063 567 3396 631 πεπονθότος

2124 663 2266 717 Ἀλλ’
2290 665 2323 735 ἡ
2352 664 2494 727 τίσις
2530 665 2683 734 μενεῖ
2709 679 2767 715 σε
2794 662 2903 716 τῶν
2928 661 3309 733 ὲπταισμένων
3326 677 3340 691 ·

2109 754 2218 810 270
2258 755 2669 826 Ἐπταισμένων
2696 755 2751 809 τί
2783 773 2961 826 φημι;
2991 753 3099 809 τῶν
3124 753 3219 806 νῦν
3245 750 3557 824 δρωμένων

2117 848 2269 917 Ἔχει
2293 847 2349 899 δὲ
2382 846 2581 911 πολλὰς
2619 846 2840 900 κάνθάδ’
2875 849 2908 918 ὴ
2942 846 3066 917 δίκη
3096 844 3268 908 λαϐάς

2114 940 2317 1012 (Οὔπω
2358 940 2503 1009 λέγω
2538 957 2621 994 σοι
2653 940 2751 1004 τὰς
2787 939 2997 993 ἐκεῖθεν
3023 938 3314 1007 ἐλπίδας)ο

2115 1028 2296 1099 Οἶκος,
2329 1033 2465 1103 γυνὴ
2500 1049 2604 1097 σοι,
2642 1032 2852 1097 παῖδες,
2879 1031 2934 1084 εἴ
2961 1049 3012 1084 τι
3041 1031 3346 1101 φίλτατον,.

2114 1126 2289 1197 Εἴπερ
2315 1127 2495 1196 μενεῖς
2527 1124 2591 1178 σύ
2619 1128 2670 1194 γ’
2705 1124 2841 1178 ἀλλὰ
2875 1123 3084 1189 τούτοις
3111 1122 3311 1189 δεξιὸς,

2114 1218 2222 1272 275
2260 1219 2327 1272 Ἣ
2357 1220 2550 1289 κτῆσις
2575 1220 2736 1291 αὕτη,
2763 1220 2824 1273 τὸ
2852 1221 3063 1291 τρυφᾷν
3087 1220 3396 1293 παρρησίᾳ,

2118 1310 2191 1362 Τὸ
2222 1310 2383 1382 σῶμα
2418 1312 2635 1367 πάντων
2671 1312 2917 1383 ἔσχατον.
2945 1311 3111 1366 Ταῦτ’
3141 1310 3235 1367 οὖν
3261 1314 3369 1386 ἔχω

2116 1402 2274 1472 Ζωῆς
2310 1403 2564 1459 τοσοῦτον
2596 1404 2817 1477 φόρτον,
2844 1405 3100 1475 ἀσφαλῶς
3136 1406 3292 1463 πλέε.

2188 1496 2254 1549 Τί
2283 1495 2358 1563 δ’;
2384 1496 2506 1568 οὐχὶ
2540 1497 2634 1551 καί
2671 1514 2756 1552 σοι
2786 1498 2882 1552 καὶ
2909 1499 3053 1554 νόσοι
3081 1501 3179 1555 καὶ
3212 1501 3532 1576 συμφοραίς

2066 1645 2077 1656 κ
2117 1583 2297 1657 Πένης
2325 1602 2385 1639 τε
2425 1586 2522 1640 καὶ
2550 1587 2737 1654 ἄοικός
2765 1588 2883 1644 ἐστί
2915 1607 2999 1645 σοι
3028 1590 3144 1663 βίος

925 1742 1081 1814 Dabo
1112 1742 1273 1814 etiam
1303 1737 1579 1814 quidpiam
1612 1752 1842 1814 parvum
1876 1738 2096 1814 caligini
2125 1743 2395 1814 corporis.

925 1812 1163 1869 Omnino
1187 1811 1330 1865 enim
1358 1825 1469 1865 non
1500 1810 1801 1879 impingere
1832 1818 1916 1867 est
1950 1810 2043 1865 Dei
2077 1810 2271 1869 solius.

931 1883 1132 1937 Verum
1163 1881 1415 1952 consulto
1438 1921 1452 1946 ,
1476 1886 1529 1934 et
1562 1882 1883 1952 gloriantem
1913 1882 2076 1936 etiam
2118 1883 2187 1940 de
2216 1884 2384 1952 malo,

925 1954 1033 2007 255
1072 1952 1137 2005 Et
1169 1951 1400 2021 smpius,
1434 1957 1485 2021 et
1514 1951 1607 2021 vel
1627 1952 1865 2006 maxima
1896 1960 2121 2021 peccata

927 2020 1257 2092 Perpetrare
1281 2061 1295 2085 ,
1343 2028 1397 2075 et
1428 2020 1801 2092 impudentem
1832 2020 1956 2077 esse
1976 2063 1990 2088 ,
2024 2024 2149 2079 licet
2181 2024 2427 2090 irrisum,

929 2092 1291 2173 558-559
1325 2091 1389 2173 Et
1414 2091 1704 2173 nequidem
1735 2092 1910 2173 plagis
1943 2094 2007 2173 ad

2041 2092 2250 2166 frugem
2282 2095 2528 2153 revocari
2557 2096 2712 2166 velle,

929 2162 1141 2231 Quibus
1170 2162 1478 2217 miserrime
1508 2162 1711 2231 quique
1738 2162 2068 2218 erudiuntur
2093 2203 2109 2230 ,

929 2234 1089 2303 Nudo
1120 2234 1284 2287 etiam
1315 2233 1505 2303 capite,
1522 2235 1649 2287 ferri
1686 2233 1742 2287 in
1779 2235 2056 2303 pericula,

908 2306 1040 2360 .260
1069 2302 1218 2358 lstud
1248 2312 1332 2358 est
1360 2302 1544 2373 gravis
1573 2311 1626 2358 et
1653 2302 1853 2358 noxius
1884 2304 2128 2359 morbus.

931 2375 1049 2429 Tua
1074 2382 1130 2428 tu
1161 2374 1579 2444 considera,get
1609 2388 1729 2443 quae
1762 2382 2035 2444 praecepta
2072 2375 2206 2438 sint,

931 2444 1072 2514 Quid
1103 2443 1375 2514 agendum
1413 2442 1538 2514 tibi,
1580 2442 1794 2514 etquid
1830 2442 2236 2514 tibi‘agendnm
2269 2460 2377 2500 non
2408 2445 2501 2501 sit.

1005 2512 1176 2589 Cujus
1197 2521 1389 2589 autem
1418 2512 1512 2589 illa
1544 2512 1807 2589 temporis
1831 2512 2078 2589 perspice
2098 2556 2113 2580 ,
2140 2525 2195 2571 et
2235 2516 2399 2587 cujus
2428 2515 2631 2571 fuerint
2669 2516 2802 2589 lypi.

934 2580 1100 2655 Fides
1127 2585 1427 2639 oriebatur.
1459 2580 2097 2655 Itaque'velut'parvulis

934 2657 1042 2710 265
1073 2654 1224 2725 Opus
1250 2663 1367 2709 erat
1393 2653 1821 2708 manuductione
1854 2653 1911 2709 et
1935 2656 2086 2710 tenui
2114 2657 2271 2712 cibo:

936 2725 1065 2781 Hmc
1101 2737 1221 2781 erat
1249 2737 1449 2788 causa,
1481 2738 1582 2779 cur
1610 2726 1937 2780 cadentibus
1967 2727 2123 2780 venia
2157 2729 2408 2785 dabatur.

938 2796 1061 2852 Tibi
1086 2803 1267 2851 autem
1300 2810 1408 2849 non
1439 2794 1663 2868 perinde
1688 2803 1803 2868 est,
1849 2811 1972 2868 cum
2003 2797 2161 2867 plena
2187 2800 2298 2868 jam
2323 2802 2396 2855 sit
2432 2799 2585 2866 ﬁdes,

938 2868 1005 2947 ξι
1031 2868 1263 2947 plurima
1289 2880 1387 2947 pro
1414 2866 1655 2947 peccatis
1693 2867 1804 2922 tuis
1840 2866 2093 2923 Christus
2120 2866 2404 2947 pertulerit

944 2884 1263 2992 “(plurima
1289 2884 1387 2935 pro
1414 2884 1655 2947 peccatis
1693 2884 1804 2922 tuis
1840 2884 2093 2923 unrtsws
2120 2884 2360 2939 pertuter

944 2937 1014 2992 Se
1084 2946 1135 3009 te
1162 2944 1347 2991 manet
1374 2936 1620 3009 Vindicta
1647 2952 1835 3009 eorum
1869 2954 1989 3008 qua:
2019 2945 2365 3009 perpetrasti.

938 3009 1044 3084 379
1069 3008 1200 3075 Qua:
1228 3007 1599 3084 perpetrasti?
1630 3006 1955 3084 quiddico?
1983 3006 2094 3063 into
2120 3006 2311 3066 eorum
2350 3028 2472 3084 quae
2503 3027 2649 3067 nunc
2677 3019 2980 3084 perpetras.

937 3076 1113 3134 Habet
1135 3076 1317 3133 autem
1330 3076 1606 3147 plurimas
1634 3076 1724 3133 hic
1758 3077 1975 3148 justitia
2000 3084 2323 3138 occasiones

939 3148 1217 3272 trNeedum
1255 3149 1379 3204 dico
1421 3162 1543 3219 quae
1576 3156 1629 3203 te
1658 3157 1917 3204 maneant
1947 3150 2073 3204 hinc
2098 3151 2404 3223 digressum
2438 3153 2597 3226 spes)
2634 3173 2647 3209 :

988 3220 1062 3272 ibi
1093 3219 1289 3272 domus
1310 3259 1326 3272 .
1373 3235 1544 3272 uxor.
1572 3218 1666 3272 lilii
1688 3260 1703 3272 .
1746 3229 1800 3272 et
1828 3220 2092 3272 auidouid
2123 3226 2506 3272 chm'issimnm
2543 3236 2647 3272 ρςι-

988 3220 1062 3290 ibi
1093 3219 1289 3275 domus
1310 3259 1326 3284 ,
1373 3235 1544 3290 uxor,
1572 3218 1666 3272 lilii
1688 3260 1703 3284 ,
1746 3229 1800 3273 et
1828 3220 2093 3290 quidquid
2123 3218 2506 3280 charissimum
2543 3218 2648 3290 est,

939 3288 1101 3361 Modo
1131 3298 1316 3345 tamen
1343 3290 1478 3361 ipsis
1510 3288 1679 3361 fueris
1700 3288 2043 3353 commodus,

938 3359 1046 3431 275
1080 3360 1211 3430 Ipsae
1242 3359 1408 3431 opes,
1439 3369 1493 3416 et
1524 3359 1845 3431 deliciarum
1891 3362 2059 3416 libera
2099 3359 2332 3419 facultas
2352 3402 2365 3427 ,

938 3430 1152 3502 gorpus
1187 3430 1365 3502 ipsum
1396 3432 1651 3501 denique.
1688 3430 1813 3485 llaec
1840 3430 2007 3502 igitur

2043 3432 2253 3490 habens

938 3499 1080 3574 Vitae
1108 3499 1323 3574 tantum
1358 3499 1796 3574 pondus,_caute
1831 3499 2044 3574 naviga.

1014 3570 1157 3639 Quid
1188 3569 1402 3627 autem?
1434 3572 1693 3643 (inquis)
1725 3587 1907 3626 nonne
1936 3569 2035 3629 tibi
2066 3582 2120 3631 et
2150 3571 2327 3627 morbi
2361 3579 2417 3626 et
2447 3569 2788 3627 calamitates
2818 3570 3124 3626 accidunt?

944 3640 1215 3714 lnopsque
1255 3653 1309 3699 et
1339 3640 1479 3699 tecto
1513 3640 1708 3699 carens
1744 3643 1892 3697 vita?

502 3798 612 3855 265
643 3799 841 3854 Τύπου
875 3799 1095 3854 σκόπει
1124 3800 1308 3865 τίνος.
1352 3797 1518 3867 Cujus
1557 3799 1692 3851 ritus
1715 3815 1776 3852 ac
1810 3798 2016 3866 formtr.

506 3869 613 3925 264
642 3871 890 3941 Ἥρχεθ⁸⁹
918 3869 1076 3925 Fides
1118 3870 1414 3935 incipiebat,
1464 3869 1886 3941 exspectabatur.
1920 3869 2021 3923 Hic

438 3937 1009 4013 Gregorius'occurrit
1051 3941 1453 4013 objectionibus
1501 3954 1569 3994 ex
1612 3937 1791 3997 Veteri
1826 3939 2019 3997 Testa-

437 4012 626 4067 mento
660 4013 842 4083 petitis
865 4026 1069 4083 easque
1095 4012 1368 4083 dissolvit.

507 4083 613 4137 267
642 4080 745 4138 Σοὶ
774 4082 828 4136 δ’
853 4080 995 4139 οὐκί
1015 4082 1089 4137 Ita
1111 4083 1280 4139 Coisl.
1312 4080 1452 4142 Edit.
1477 4085 1543 4140 σὺ
1582 4082 1628 4138 δ’
1662 4082 1783 4136 οὐκ.

506 4153 614 4208 268
649 4153 806 4222 Σοῒς.
832 4154 911 4208 Ita
931 4153 1100 4211 Coisl.
1127 4153 1269 4209 Edit.
1302 4157 1432 4219 τοῖς.

507 4223 1078 4306 2741Ετπεργμενεῒφ
1105 4225 1187 4280 σύ
1234 4225 1309 4306 ί)ςέ
1356 4225 1431 4306 Ita
1467 4225 1638 4306 Coisl.
1685 4222 1879 4278 Billius
1935 4222 2017 4279 sic

440 4293 714 4357 emendat,
759 4293 865 4350 aut
886 4294 1179 4351 emendare
1205 4293 1312 4351 sibi
1343 4297 1557 4354 videtur
1589 4298 1794 4358 locum,
1846 4308 2012 4364 quem

440 4365 796 4443 depravatum
822 4364 1122 4443 arbitratur
1154 4384 1166 4419 :
1194 4367 1510 4443 ὑπερμένῃς
1539 4366 1702 4443 σῦχ’,
1736 4362 1879 4443 ἀλλα
1896 4362 2015 4417 τού-

439 4432 555 4495 τοις
584 4432 777 4523 δεξιός,
805 4448 925 4506 quse
954 4436 1174 4505 quidem
1213 4432 1786 4509 me'non'intelligere
1817 4435 2015 4503 fateor,

2135 3810 2189 3854 et
2226 3800 2307 3855 sic
2334 3799 2496 3854 vertit
2525 3817 2536 3852 :
2573 3768 2823 3866 superbas
2854 3812 2907 3851 es
2931 3793 3159 3866 quidem,
3190 3792 3273 3847 his
3302 3801 3356 3846 at
3382 3790 3689 3866 commodus.

2135 3869 2296 3924 Certe
2330 3871 2462 3923 nihil
2500 3865 2725 3924 neceSse
2755 3876 2839 3921 est
2869 3865 3071 3922 lcitum
3122 3867 3429 3925 immutare,
3462 3865 3560 3933 qui
3590 3876 3689 3916 rec-

2134 3949 2251 3994 tum
2279 3942 2414 3995 satis
2434 3940 2655 3995 exhibet
2691 3954 2934 3993 sensum.
2968 3936 3029 3992 Si
3053 3949 3225 3988 tamen
3247 3934 3328 3987 his
3351 3935 3459 4003 ipse
3484 3948 3691 3987 commo-

2133 4010 2232 4066 dus
2272 4011 2537 4065 exstiteris
2563 4026 2581 4063 :
2612 4010 2659 4062 si
2686 4012 2809 4063 bene
2850 4009 2959 4063 illis
3005 4024 3131 4061 usus
3158 4006 3347 4076 fueris,
3373 4007 3422 4060 si
3469 4021 3591 4076 qua:
3615 4013 3689 4057 tua

2133 4082 2189 4135 in
2217 4100 2304 4137 eos
2343 4082 2668 4135 humanitas.

2204 4154 2311 4207 278
2353 4154 2412 4207 Τί
2445 4153 2495 4206 δ’
2520 4169 2540 4216 ;
2562 4152 2722 4221 οὐχί,
2739 4156 2845 4206 etc.
2870 4146 3052 4204 Verba
3076 4147 3191 4203 hzec
3213 4153 3344 4203 sunt
3369 4145 3560 4202 divitis
3579 4156 3691 4200 mor-

2134 4224 2236 4280 bos
2264 4234 2318 4279 et
2347 4240 2435 4296 res
2463 4223 2722 4296 adversas
2747 4221 3087 4296 objic_ientis._
3113 4290 3143 4296 __
3258 4287 3287 4296 _
3611 4286 3622 4296 _

2205 4296 2312 4350 279
2346 4293 2540 4361 Πένης
2566 4310 2648 4347 τε.
2687 4287 2854 4347 Leuv.
2887 4293 2961 4344 ita
2996 4289 3213 4346 reddit;
3247 4287 3359 4346 Cur
3391 4303 3496 4344 non
3533 4298 3586 4343 et
3607 4287 3689 4355 iis:

2134 4369 2296 4422 vitam
2326 4366 2529 4435 inopem
2558 4374 2608 4419 et
2629 4372 2892 4419 extorrem
2923 4362 3079 4433 agis?

1751 4590 2088 4655 METRICA
2109 4587 2417 4653 VERSIO.

444 4753 520 4829 [lt
552 4752 746 4829 demus
773 4755 980 4829 aliquid
1008 4756 1267 4829 corporis
1289 4755 1544 4829 ealigini:

442 4825 581 4882 Nam
617 4827 769 4883 solus
798 4825 979 4884 omnis
1006 4825 1144 4884 liber
1164 4835 1249 4884 est
1279 4825 1453 4899 culpa:
1475 4828 1640 4885 Deus.

442 4900 514 4970 {\t
542 4900 813 4970 destinata
851 4908 1031 4954 mente
1056 4915 1179 4953 cum
1214 4914 1409 4970 peccas
1430 4940 1442 4962 ,
1470 4901 1614 4953 malo

442 4967 510 5022 lit
536 4969 823 5039 gloriaris,
863 4979 918 5025 et
944 4967 1237 5040 frequens,
1274 4980 1330 5025 et
1367 4972 1607 5025 maxima

447 5040 789 5111 tinnunittis,
815 5040 1121 5111 irrisusque
1154 5040 1388 5096 frontem
1430 5040 1720 5111 perfricas,

441 5107 628 5178 Plagis
664 5127 764 5166 nec
788 5112 914 5166 ullis
950 5107 1083 5166 eﬁici
1122 5112 1312 5167 melior
1342 5107 1529 5181 cupis,

446 5181 613 5251 Queis
642 5182 893 5236 eruditur
923 5183 1157 5251 quisque
1182 5182 1263 5236 vel
1293 5182 1657 5248 miserrimus,

444 5249 714 5321 Nudoque
742 5252 923 5321 capite
942 5249 1109 5307 Terris
1141 5252 1197 5305 in
1227 5251 1503 5321 pericula;

445 5320 561 5393 lloc
595 5314 727 5378 vero
750 5314 974 5377 morbus
1014 5332 1098 5378 est
1134 5314 1307 5377 malus
1328 5363 1344 5389 ,
1378 5314 1637 5393 perquam
1671 5324 1725 5377 et
1746 5314 1949 5391 gravis.

448 5392 582 5446 Tete
611 5392 729 5463 ipse
755 5403 971 5463 specta,
1015 5393 1258 5463 quidque
1285 5393 1371 5447 lex
1402 5408 1431 5446 a
1467 5392 1517 5447 te
1557 5392 1758 5463 exigat,

447 5462 590 5533 Quid
617 5462 833 5528 facere,
876 5464 1004 5533 quid
1033 5462 1145 5517 non
1172 5502 1185 5527 ,
1215 5462 1433 5533 debeas.
1467 5462 1917 5533 Spectaquoque

451 5532 576 5604 §int
605 5534 766 5601 cujus
807 5532 907 5604 illa
929 5534 1188 5603 temporis
1215 5572 1230 5597 ,
1277 5532 1438 5603 cujus
1477 5532 1613 5604 typi.

451 5598 643 5673 Qrtum
664 5598 917 5656 trahebat
937 5598 1074 5673 tunc
1107 5604 1241 5657 ﬁdes
1265 5621 1277 5656 :
1306 5598 1363 5656 ui
1393 5598 1635 5673 parvulis

452 5665 603 5787 Ogus
639 5684 768 5738 ergo
799 5671 947 5723 tenui
975 5674 1120 5725 victu
1146 5680 1293 5735 erat,
1327 5665 1489 5725 du'rtu
1518 5681 1572 5727 et
1606 5687 1840 5736 manus;

453 5731 501 5787 0
562 5734 725 5787 idque
748 5739 905 5787 venia
931 5741 1105 5787 damlzt
1137 5751 1266 5787 lllllt‘.
1302 5741 1467 5787 lansis
1498 5751 1634 5787 ωιτη-

450 5731 540 5805 0b
562 5731 731 5804 idque
748 5739 905 5791 venia
931 5741 1106 5794 danda
1137 5731 1467 5811 tnnc'lapsis
1498 5751 1634 5796 erat.

2069 4760 2114 4817 B
2142 4752 2263 4808 Tibi
2288 4768 2397 4808 non
2431 4749 2659 4823 perinde
2684 4788 2700 4815 ,
2727 4747 2892 4823 plena
2917 4748 3029 4823 jam
3061 4760 3183 4802 cum
3212 4746 3285 4802 sit
3319 4745 3475 4813 ﬁdes,

2141 4820 2507 4893 Christusque
2535 4822 2707 4876 multa
2737 4821 2924 4875 tulerit
2949 4820 3025 4893 ob
3049 4833 3223 4893 noxas
3256 4826 3398 4872 tuas.

2134 4893 2339 4950 Verum
2372 4890 2443 4951 ob
2473 4901 2687 4963 patrata
2711 4898 2961 4963 poenale
2979 4890 3175 4944 vindex
3213 4897 3432 4943 manet:

2133 4965 2278 5033 Quid
2308 4966 2380 5020 ob
2418 4961 2634 5037 patrata
2659 4961 2827 5037 dico?
2848 4961 2920 5016 ob
2949 4961 3246 5037 haee,__qua:
3276 4974 3423 5013 nunc
3454 4965 3647 5028 patres.

2134 5032 2201 5090 Et
2227 5032 2507 5106 captiones
2539 5034 2639 5106 bic_
2659 5033 2824 5086 habet
2853 5033 3053 5086 multas
3095 5032 3237 5085 Deus

2135 5100 2445 5182 (Necdum,
2499 5106 2557 5159 in
2616 5104 2863 5158 futurum
2922 5117 3044 5175 quae
3106 5109 3366 5166 manent,
3426 5100 3667 5242 ιῧιῑρῖοο

3488 5185 3582 5225 ero
3629 5184 3640 5233 ;

3488 5175 3602 5240 ero)
3629 5184 3640 5233 ;

2136 5248 2259 5305 Tibi
2290 5246 2488 5303 domus
2511 5287 2525 5312 ,
2552 5262 2727 5312 uxor,
2772 5245 2904 5307 ﬁlii,
2959 5245 3002 5299 si
3035 5243 3164 5313 quid
3204 5243 3304 5296 tibi

2132 5320 2373 5374 Charum
2396 5327 2479 5373 est
2507 5304 2524 5378 ί
2530 5304 2803 5387 superbus
2821 5304 3137 5387 esquide'm,
3161 5314 3245 5368 his
3269 5321 3323 5367 at
3342 5304 3685 5378 commodus),

2130 5390 2275 5461 Opes
2304 5398 2360 5444 et
2397 5389 2549 5459 ξρετε,
2590 5386 2786 5461 luxus,
2817 5394 2872 5441 et
2909 5386 3129 5461 ﬁ:l_ucia_,

2130 5456 2198 5515 Εἰ
2221 5456 2628 5529 corpus—ipsum
2660 5460 2914 5527 denique.
2947 5456 3070 5509 Haec
3105 5456 3311 5529 habens
3335 5495 3350 5517 ,
3385 5467 3527 5510 onus

2130 5527 2483 5599 Tantumque
2506 5531 2651 5589 vitae,
2688 5542 2889 5582 moneo
2919 5535 3079 5582 caute
3110 5527 3354 5595 naviges.

2201 5593 2663 5672 Quid?'(inquis)
2695 5614 2878 5653 annon
2926 5599 3024 5652 tibi
3066 5593 3284 5667 quoque
3316 5604 3370 5651 et
3408 5593 3625 5737 ὧιοέξέ
3649 5593 3688 5647 et

3471 5682 3495 5719 ι.

3430 5678 3625 5739 graves

2034 5792 2039 5801 α
2130 5739 2345 5806 Casus,
2374 5739 2646 5809 inopsque
2679 5735 2831 5791 vita?
2874 5752 2982 5793 non
3026 5742 3171 5792 tecto
3216 5735 3413 5793 cares?
