4102 6102
1276 393 1284 396 -
1327 392 1362 395 __
1451 391 1512 394 Μ
1537 391 1567 395 -
1605 392 1608 394 ν
1657 392 1688 395 ..
1723 391 1834 396 ..__
1891 389 2296 398 ...___.___.
2537 390 2900 396 -___--,-___V
2927 390 3134 396 -.νυ-μ.-

386 606 559 760 Α.
664 608 840 761 Β.
968 600 1794 764 CAlLLAU
1902 607 2006 755 P

1356 600 1794 762 .LAU
1902 600 2976 762 ΡΒΑΞΕΑΤΙΟ.

168 994 298 1057 htsr
316 989 710 1068 insurgentes
736 986 888 1049 hinc
913 992 981 1049 et
1000 984 1151 1049 inde
1174 983 1392 1048 multis
1416 984 1552 1065 jam
1578 983 1661 1046 ab
1690 983 1876 1049 annis
1901 980 2303 1066 publicarum
2344 982 2805 1048 discordiam
2845 982 3173 1059 tumultus,
3207 982 3336 1051 hoc

116 1092 469 1169 gravissimam
509 1102 852 1167 emergere
877 1084 1355 1149 incommodum
1385 1081 1765 1147 crediderim
1809 1082 1999 1147 simul
2030 1086 2094 1147 et
2132 1081 2423 1159 dixerim,
2452 1081 2764 1146 funestam
2796 1082 3091 1147 videlicet
3124 1084 3335 1159 istam,

114 1208 215 1270 qua
237 1192 434 1255 doctos
473 1194 537 1253 et
580 1190 766 1271 pacis
808 1191 1087 1251 amantes
1128 1185 1478 1250 litterarum
1521 1184 1774 1249 labores
1817 1186 2212 1269 interruptos
2253 1186 2539 1268 pendere
2582 1185 2820 1267 coegit,
2864 1187 3330 1252 necessitatem.

112 1292 223 1367 Quid
245 1292 394 1353 enim
434 1288 766 1353 scribendi
791 1287 1001 1351 studio
1027 1303 1171 1350 eum
1197 1285 1433 1351 ardore
1474 1284 1802 1350 bellandi?
1824 1286 1980 1369 quid
2007 1285 2492 1350 meditationum
2523 1287 2723 1368 quieti
2774 1305 2920 1352 cum
2944 1288 3334 1353 seditionum

114 1391 362 1457 motibus?
399 1391 518 1456 Ubi
552 1388 824 1455 infausti
848 1387 1120 1452 civilium
1148 1385 1573 1468 procellarum
1601 1386 1865 1468 spiritus
1892 1386 2123 1450 acriter
2144 1385 2463 1451 sibilando
2486 1386 2894 1466 invehuntur,
2924 1388 3162 1454 ibidem
3192 1389 3336 1454 lan-

114 1502 345 1571 guescant
367 1493 554 1555 ﬂores
860 1491 1251 1572 marcidique
1277 1491 1578 1556 decidant
1604 1507 1869 1555 necesse
1902 1497 2021 1556 est.

166 1600 282 1672 Quis
304 1606 391 1661 est
412 1596 740 1660 studiosos
768 1597 938 1661 inter
960 1614 1155 1662 sacrm
1184 1596 1573 1678 antiquitatis
1590 1595 1906 1672 alumne,
1930 1595 2046 1679 qui
2069 1595 2345 1679 primum
2368 1604 2495 1661 tam
2524 1594 2740 1659 nitidae
2760 1601 2824 1660 et
2840 1601 2967 1660 tam
2988 1596 3337 1661 emendatas

112 1699 151 1758 ε.
171 1698 409 1777 Gregorii
428 1698 813 1761 Nazianzeni
834 1696 1128 1762 editionis
1150 1695 1450 1761 volumen
1478 1714 1612 1760 non
1633 1694 1825 1761 merit
1841 1697 2187 1761 admiratus
2211 1692 2499 1780 (a)?0uis
2520 1696 2677 1760 illud
2702 1698 2941 1761 meritis
2963 1713 3094 1761 non
3116 1696 3336 1764 extulit

114 1802 355 1875 audibis,
379 1799 1077 1883 Benedictinorumque
1103 1800 1314 1864 Sancti
1349 1801 1573 1877 Mauri,
1603 1808 1690 1865 ita
1719 1799 1977 1864 aliunde
2012 1800 2080 1864 in
2112 1800 2246 1865 suis
2283 1802 2589 1882 operibus
2624 1800 3082 1882 perfectorum,
3118 1800 3336 1883 perfe~

109 1900 382 1962 animum
408 1917 572 1980 opus
600 1916 737 1962 non
759 1898 1166 1979 praedicavit?
1191 1900 1340 1975 Quis
1356 1901 1533 1982 justo
1562 1917 1695 1967 non
1727 1909 2102 1983 prosecutus
2121 1908 2222 1964 est
2248 1900 2566 1964 desiderio
2592 1900 2920 1978 amissum,
2946 1907 3018 1965 ut
3045 1902 3340 1971 nonnulli

112 2009 295 2075 putant,
322 2010 423 2062 aut
438 1999 693 2072 saltem,
727 2006 803 2061 ut
821 2015 1038 2079 velum
1066 2006 1185 2075 est,
1215 2017 1597 2082 suspensum
1622 1999 1994 2064 excellentis
2024 1999 2517 2065 elucubrationis
2544 2002 3130 2085 complementum?
3156 2005 3337 2082 Quod

114 2100 360 2177 perditum
390 2100 629 2163 deﬂent
648 2098 785 2172 alii,
813 2095 989 2178 quod
1013 2094 1121 2159 alii
1148 2096 1575 2178 interruptum
1608 2096 1853 2172 dolent,
1883 2096 2007 2160 hoc
2036 2097 2293 2161 tandem
2324 2114 2361 2161 e
2383 2098 2666 2163 tenebris
2693 2108 2944 2166 erutum
2970 2102 3085 2166 tibi
3114 2103 3335 2185 profe-

114 2202 274 2273 rimus,
296 2203 524 2281 optime
578 2198 813 2271 lector,
842 2196 1018 2277 quod
1046 2212 1178 2260 non
1202 2196 1519 2273 tesolum,
1553 2198 1667 2261 sed
1706 2204 1771 2261 et
1815 2214 2077 2260 omnem
2105 2197 2501 2263 eruditorum
2547 2199 2852 2265 familiam
2896 2210 3077 2282 grato
3118 2204 3337 2269 animo

112 2312 437 2385 multum
456 2302 868 2367 conﬁdimus.

169 2408 313 2470 Plura
341 2415 545 2471 autem
577 2415 643 2472 et
672 2412 846 2472 certe
872 2405 1236 2485 gravissima
1257 2406 1326 2474 in
1350 2408 1687 2489 procinctu
1710 2411 2036 2472 tractanda
2062 2413 2426 2481 occurrunt,
2466 2406 2523 2470 ι’
2561 2406 2801 2472 scilicet
2828 2423 2960 2488 quo
2990 2406 3161 2472 felici
3185 2425 3339 2473 casu

114 2508 441 2575 lubentiam
469 2512 908 2575 laminarum
928 2512 1394 2595 manuscriptus
1418 2513 1624 2579 codex
1652 2520 1901 2579 nostras
1922 2514 1990 2577 in
2016 2531 2242 2578 manus
2260 2514 2559 2578 inciderit
2583 2532 2601 2590 ;
2628 2512 2688 2575 2°
2714 2529 2859 2595 qum
2882 2519 2945 2576 et
2970 2514 3189 2595 quanti
3214 2514 3341 2578 sint

114 2616 352 2676 muti
381 2633 599 2695 opera,
631 2633 779 2697 quin
807 2615 1094 2679 nondum
1115 2615 1196 2679 ad
1225 2616 1659 2681 omnimodam
1677 2616 2101 2698 integritatem
2122 2618 2637 2699 severioremque
2657 2616 3133 2696 castigationem
3162 2635 3343 2684 revoa

116 2720 228 2817 tela.
256 2716 584 2781 emittenda
631 2727 1052 2799 supererant;
1099 2720 1159 2783 3°
1200 2738 1331 2803 qua
1376 2714 1680 2785 methodo
1725 2720 2079 2785 doctissimi
2106 2722 2386 2786 editores
2414 2721 2483 2784 in
2517 2719 2848 2802 operando
2877 2721 3337 2817 processerint;

118 2814 153 2870 l‘
181 2816 303 2894 quid
328 2817 558 2886 laboris
584 2822 846 2886 tandem
879 2823 1086 2899 nobis,
1116 2828 1261 2905 post
1289 2830 1501 2887 tantos
1524 2839 1842 2887 messores
1866 2823 2323 2903 prmtermissas
2350 2822 2454 2885 vix
2482 2820 2725 2902 aliquas
2747 2819 2899 2885 hinc
2928 2826 2992 2884 et
3019 2820 3170 2885 inde
3203 2814 3340 2904 spi-l

116 2933 187 2973 cas
208 2917 552 2995 legentibus,
586 2920 780 2985 fuerit
808 2923 1218 2988 derelictum:
1249 2940 1394 3005 quin
1431 2923 1690 3006 quidem
1716 2921 1829 2985 ubi
1855 2920 2092 2987 fuerint
2121 2921 2399 2986 dilucide
2426 2924 2782 2990 examinata
2825 2931 2888 2990 et
2915 2943 3220 3009 expensa,
3249 2929 3338 2994 nil

114 3016 201 3089 lim
220 3015 361 3083 ultra
385 3020 559 3102 quod
587 3023 983 3106 expostulari
1004 3022 1208 3106 possit
1230 3021 1331 3087 vel
1358 3022 1651 3104 exaptari
1676 3037 2008 3085 remanere
2037 3019 2380 3085 credimus.

1424 3168 1857 3232 ARTICULUS
1899 3168 1951 3229 Ι.

1123 3312 1211 3375 Ds
1251 3312 1505 3375 incauto
1533 3309 1984 3373 Maurin
2022 3307 2257 3371 codice.

173 3458 335 3523 Sicano
356 3462 559 3527 nescit
586 3462 1006 3527 recentiorem
1045 3460 1109 3523 S.
1136 3456 1424 3539 Gregorii
1471 3454 1850 3520 Nazianzeni
1877 3452 2224 3517 editionem
2250 3453 2528 3535 primum
2556 3472 2595 3518 a
2623 3454 2694 3517 D.
2722 3455 2961 3521 Iacobo
2997 3457 3078 3523 de
3116 3460 3337 3527 Friche

118 3571 434 3642 ιιι-μερίδα),
459 3563 694 3627 deinde
723 3578 873 3626 vero
899 3578 938 3624 a
964 3561 1037 3623 D.
1065 3558 1400 3623 Francisco
1420 3554 1707 3621 Louvard
1728 3552 2115 3629 inchoatam,
2150 3558 2377 3635 postea
2404 3571 2441 3617 a
2467 3555 2540 3618 D.
2568 3555 2915 3622 Prudentia
2934 3560 3145 3624 Maran
3176 3581 3339 3644 pral-

118 3672 357 3737 pamam,
380 3666 511 3729 imo
532 3672 599 3728 et
613 3663 867 3746 publice
894 3678 1063 3728 anno
1095 3659 1245 3724 1708
1270 3657 1730 3732 annuntiatam,
1755 3671 1926 3719 anno
1946 3654 2229 3737 denique
2256 3653 2435 3731 1778,
2467 3657 2680 3737 quoad
2710 3658 2987 3739 primum
3010 3664 3336 3741 volumen,

119 3758 263 3826 tam
283 3767 566 3829 emissam'
595 3763 849 3828 Parisiis
876 3780 914 3826 a
940 3763 1014 3825 D.
1038 3761 1421 3834 Clemencet,
1450 3772 1732 3840 quocum
1768 3754 2037 3835 insuper
2062 3770 2247 3817 curas
2282 3756 2911 3822 communicaverunt
2946 3762 3067 3824 DD.
3105 3766 3337 3841 Patert,

120 3863 337 3927 Andreas
354 3867 542 3929 Brion
571 3870 637 3927 et
663 3860 1000 3942 Dionysius
1027 3857 1284 3932 d'Olive,
1312 3855 1425 3937 qui
1462 3853 1699 3918 menda
1716 3852 2078 3933 corrigendi
2095 3851 2411 3932 ingratum
2432 3852 2883 3940 difﬁcilemque
2908 3860 3186 3927 laborem
3212 3884 3341 3928 non

120 3960 440 4028 detrectavit.
455 3962 1091 4034 DomnoClemencet,
1106 3958 1239 4039 qui,
1261 3954 1548 4019 doctrina
1575 3951 1891 4018 celebrior
1902 3969 2093 4033 quam
2115 3950 2460 4033 ﬂde,plura
2484 3954 2737 4037 scripsit
2758 3960 2843 4023 ad
2867 3961 3343 4030 confit-mendos

120 4070 481 4133 mam
492 4074 866 4133 aovatorum
878 4080 1148 4137 errores,
1162 4076 1434 4142 quorum
1445 4057 1655 4123 acrior
1664 4055 1900 4121 exstitit
1914 4062 2374 4137 propugnator,
2389 4056 2639 4139 adiutor
2649 4060 2715 4123 in
2726 4064 2992 4128 secundi
3005 4065 3344 4132 voluminis

121 4164 283 4229 labore
306 4166 480 4231 datus
504 4172 605 4230 est
634 4166 704 4227 D.
732 4164 813 4227 de
832 4160 1116 4235 Cosniac,
1147 4156 1259 4240 qui
1281 4155 1492 4221 lenior
1521 4154 1762 4229 animo,
1808 4159 1872 4216 at
1917 4152 2082 4216 forte
2117 4154 2379 4233 ingenio
2408 4155 2641 4233 minor,
2674 4158 2755 4222 ad
2782 4163 3039 4228 eosdem
3096 4182 3343 4235 errores

125 4266 677 4334 Mindium.
687 4266 848 4331 Hinc
858 4267 1006 4330 licet
1024 4269 1207 4329 caute
1217 4261 1495 4342 legendi,
1508 4258 1768 4345 quando
1779 4258 1861 4323 de
1878 4258 2053 4323 falsis
2066 4275 2289 4323 eorum
2300 4261 2505 4340 agitur
2517 4262 2845 4343 doctrinis,
2860 4267 3114 4349 legendi
3127 4280 3345 4341 tamen

124 4379 290 4431 locus
301 4386 434 4432 qm
454 4364 989 4448 agiturdelingum
1003 4366 1237 4427 Graeca
1250 4361 1500 4445 peritia,
1513 4357 1899 4423 decodicum
1909 4364 2240 4435 vetustate,
2268 4363 2643 4428 auctoritate
2654 4368 3163 4449 et-varietatibus,
3184 4376 3265 4438 de
3284 4379 3345 4441 vi

126 4474 329 4531 am
350 4471 708 4541 verborum,
721 4467 801 4531 de
811 4463 1117 4529 versionis
1130 4459 1541 4545 proprietate,
1562 4457 1939 4537 ceterisque
1948 4456 2287 4537 ejusmodi,
2300 4459 2535 4539 quibus
2553 4462 2864 4528 conﬂatur
2882 4468 3091 4531 omnis
3110 4480 3345 4537 nostra:

126 4560 265 4645 hisiis
595 4570 791 4633 labor.
815 4564 1070 4630 Laboris
1094 4568 1307 4626 autem
1320 4560 1503 4623 ardui
1519 4556 1853 4640 multiplex
1871 4557 2257 4635 sollicitudo,
2277 4562 2630 4641 praesertim
2651 4565 2951 4634 defuncto
2962 4570 3093 4651 jam
3115 4574 3184 4635 D.
3208 4575 3346 4639 Cle-

129 4677 340 4743 mulcet,
363 4671 576 4753 plures
597 4670 952 4752 requirebat
969 4682 1219 4743 manus,
1237 4671 1296 4728 et
1325 4663 1586 4746 quidem
1614 4678 1748 4725 non
1770 4660 2093 4735 indoctas;
2124 4662 2295 4727 unde
2305 4660 2541 4727 factum
2565 4674 2740 4731 estut
2758 4669 2826 4733 in
2858 4674 3073 4753 Operis
3101 4684 3346 4755 partem

131 4769 385 4834 mntem.
396 4773 476 4837 de
487 4771 808 4848 Verneuil,
821 4770 931 4854 qui
941 4768 1223 4850 ejusdem
1234 4764 1478 4830 ordinis
1498 4781 1632 4828 non
1651 4772 1887 4829 vestem
1902 4762 2135 4838 solum,
2149 4763 2262 4826 sed
2290 4771 2353 4827 et
2370 4764 2699 4830 scientiam
2709 4771 3106 4851 prmferebat.
3120 4778 3348 4843 Tribus

130 4868 184 4928 th
200 4868 277 4933 his
290 4875 446 4950 viris,
461 4875 730 4956 aliisque
746 4873 959 4937 forsan
974 4886 1250 4954 quorum
1263 4868 1569 4968 memoria
1584 4884 1717 4932 non
1750 4866 2208 4949 superest,jam
2229 4868 2589 4934 confectum
2615 4889 2804 4955 opus,
2836 4877 2924 4941 nil
2955 4878 3121 4943 aliud
3152 4900 3344 4962 quam

132 4982 610 5064 typographum
639 4997 895 5046 manum
916 4983 1283 5061 exspectare
1302 4974 1650 5050 videbatur,
1671 4973 1931 5055 quando
1958 4974 2140 5037 irruit
2159 4974 2369 5041 subito
2387 4977 2580 5042 tristis
2605 4976 3009 5059 violentaque
3037 4982 3341 5062 procella,

134 5094 252 5156 φη.
612 5086 938 5166 religionis
979 5084 1185 5166 ipsius
1204 5101 1275 5147 in
1302 5080 1498 5145 Gallia
1525 5080 1981 5167 fundamentis,
2007 5098 2224 5147 sacros
2257 5082 2721 5149 monachorum
2755 5082 3013 5149 ordines
3054 5086 3347 5167 spoliavit

142 5176 584 5267 inturbaﬁtque.
614 5182 907 5249 ltaurinis
933 5188 1168 5256 autem,
1200 5196 1347 5243 cum
1378 5178 1461 5241 ab
1491 5177 1671 5241 avitis
1700 5178 1991 5243 claustris
2017 5181 2173 5245 nudi
2205 5187 2269 5245 et
2293 5188 2554 5263 egentes
2579 5189 3027 5269 abjicerentur,
3060 5192 3149 5255 nil
3176 5194 3341 5256 anti—

284 5282 391 5347 fuit
419 5304 614 5369 quam
638 5290 882 5353 ceteris
898 5289 1195 5353 omnibus
1220 5286 1687 5371 pretiosiorem,
1709 5294 1935 5371 utpote
1952 5290 2141 5354 tantis
2167 5290 2395 5371 vigiliis
2419 5288 2886 5373 sudoribusque
2906 5300 3343 5374 comparatum

266 5407 612 5499 Emend“?!
635 5421 783 5499 certe
807 5412 1215 5499 summamad
1237 5412 1420 5485 quoad
1450 5419 1638 5499 textus
1656 5414 2113 5499 emendationem
2138 5429 2247 5499 non
2270 5412 2835 5499 adeo‘ext-ollendun}.
2866 5412 3344 5499 Speoimipis'loco

140 5480 359 5569 ξε
391 5485 455 5565 1..
477 5484 572 5569 ubi
595 5484 792 5569 legitur
812 5485 898 5541 bis
1348 5484 1760 5569 productae“:

1723 5502 1840 5569 ιῳς,
1860 5480 2041 5569 {uiroc
2062 5500 2164 5557 pro
2186 5480 2491 5569 optegetc.
2520 5484 2642 5569 Sed
2658 5485 2805 5569 quod
2832 5480 3157 5569 nili-eris,_in
3181 5486 3343 5569 titulo

140 5554 556 5638 tifjoinntinil
743 5555 858 5627 jam
894 5562 1256 5638 peccaverant
1298 5555 1460 5638 primi
1484 5555 1829 5638 typograpbi:
1867 5555 1922 5610 id
1959 5554 2077 5638 non
2099 5554 2968 5638 modo-retinueruntjiovlssim
2991 5554 3236 5638 editores
3285 5558 3343 5638 in

140 5618 449 5679 eode-titulo
482 5638 501 5680 ι
541 5618 629 5695 pia
658 5618 854 5679 tua...
886 5618 1165 5690 mandato,
1194 5618 1371 5695 σὺρὶσ
1414 5618 1600 5695 όμὲίια
1616 5618 1731 5696 'pro'

141 5683 283 5747 alia
308 5695 368 5749 sd
399 5640 654 5749 Βῦιῖἱοιή.
691 5694 862 5749 Grec.
893 5692 1150 5749 Fabricii.
1178 5703 1310 5749 tom.
1340 5644 1475 5749 ﬁll.
1507 5710 1561 5749 n.
1598 5694 1752 5749 ωδ).

1724 5618 1731 5671 ῐ
1764 5618 2135 5699 εὑρισκόμενα
2159 5626 2470 5689 scribentes
2501 5626 2670 5695 (quod
2701 5636 2887 5681 tamen
2909 5624 3027 5695 jam
3057 5634 3344 5682 notaverat

1724 5714 1752 5749 l.
1807 5696 1903 5749 scd
1942 5697 2091 5749 aliud
2118 5697 2341 5749 insuner
2370 5696 2629 5749 mendum
2662 5696 2996 5749 addiderunt
3017 5697 3343 5749 I'oemolou

141 5683 283 5747 “ille:
308 5695 368 5749 sd
399 5683 654 5752 Bibli'oth.
691 5694 862 5750 Grec.
893 5683 1310 5757 Ριιὶτίςὶἰξιοιῖι.
1340 5683 1475 5762 Vill,
1507 5710 1561 5768 p.
1598 5683 1752 5767 ωδ).
1807 5683 1903 5753 ὠά
1942 5683 2091 5753 aliud
2118 5686 2349 5768 insuper
2370 5683 2629 5753 mendum
2662 5683 2996 5752 addiderunt
3017 5697 3343 5768 I‘peroplov

142 5758 396 5823 “ﬂues
423 5781 526 5837 pro
564 5765 886 5837 Γρητιριου.
910 5764 1066 5821 εωτ.
1097 5763 1269 5821 Pan.

142 5758 396 5823 “ﬂues
423 5781 526 5837 pro
564 5765 886 5837 Γρητιριου.
910 5764 1066 5821 εωτ.
1097 5763 1269 5821 Pan.

396 5861 666 5923 Ριτιοι..
697 5852 821 5922 (in.
867 5861 1198 5926 XXXVII.
