4102 6488
735 443 793 495 Η
1882 437 1947 491 Α.
1991 437 2048 492 Β.
2091 436 2355 492 CAILLAl

2433 435 2825 493 ΡΠΑΞἙἊΤΙΟ.
3947 444 3970 497 1
3994 441 4037 496 2

729 553 1117 626 thesaurum,
1151 550 1449 627 fugiendo
1476 547 1743 623 auferre,
1774 554 1856 621 et,
1894 550 2042 610 dum
2080 549 2372 610 transiret
2400 555 2764 629 tempestas,
2794 547 3132 609 occultam.
3168 550 3383 610 Utrum
3417 550 3627 630 plures
3657 549 3831 611 factae
3862 551 4036 611 fue—

731 655 856 716 rint
887 659 1030 714 ante
1066 652 1187 713 hoc
1234 655 1536 732 temporis
1572 654 2116 733 transcriptiones.
2148 672 2276 716 non
2326 657 2473 716 satis
2512 659 2799 726 constat;
2846 662 3086 714 certum
3119 661 3213 715 est
3261 663 3467 718 autem
3515 656 3831 736 duplicem
3867 658 4028 735 jam

732 749 1016 812 codicem
1046 750 1207 809 inter
1239 748 1716 810 eminentissimi
1739 750 2067 812 cardinalis
2094 751 2213 811 DD.
2250 751 2447 814 Fesch
2477 769 2701 812 manus
2734 751 3014 812 habitum
3058 751 3274 826 fuisse,
3308 772 3576 833 quorum
3619 774 3759 816 cum
3805 756 4030 836 prior,

735 851 926 911 mu‘ta
958 849 1227 928 pecunia
1254 857 1672 928 comparatus,
1707 853 1886 930 quasi
1907 870 1940 912 a
1963 854 2220 933 propria
2249 856 2804 916 Benedictinorum
2827 871 3012 915 manu
3049 855 3415 935 descriptus,
3451 876 3702 919 manum
3736 858 4030 920 alienam

737 954 1057 1015 evidenter
1083 958 1394 1029 argueret,
1428 955 1842 1032 posteriorem
1873 957 2099 1018 iterum
2132 960 2400 1038 pecunia
2432 959 2652 1036 majori
2688 958 2953 1018 redemit
2988 957 3513 1017 eminentissimus
3547 957 3716 1017 idem
3751 959 4028 1036 Purpu-

735 1061 941 1126 ratus;
984 1061 1194 1114 utrum
1225 1053 1528 1114 veriorem
1557 1054 2118 1134 sincerioremque,
2145 1063 2377 1118 asserat
2405 1057 2514 1134 qui
2541 1055 2690 1117 vidit
2717 1071 2731 1128 ;
2758 1054 2908 1114 mihi
2945 1055 3112 1114 enim
3133 1053 3306 1114 illum
3338 1053 3548 1114 videre
3580 1071 3709 1114 non
3746 1070 4037 1114 conces-

733 1172 895 1214 sum.
939 1155 1204 1213 Romam
1241 1151 1408 1211 enim
1447 1150 1813 1226 deveniens,
1848 1161 1909 1214 et
1947 1154 2025 1214 ad
2051 1153 2544 1215 Eminentissimi
2596 1152 2790 1231 pedes
2830 1151 3217 1231 provolutus,
3258 1168 3334 1211 eo
3381 1153 3656 1213 audaciae
3702 1151 4032 1212 devenire

735 1270 873 1314 sum
898 1268 1106 1325 ausus,
1137 1255 1205 1311 ut
1234 1257 1358 1310 tam
1389 1249 1736 1327 pretiosum
1764 1258 2268 1324 monumentum,
2304 1250 2482 1329 prelo
2513 1250 2719 1310 subito
2771 1249 3221 1322 mandandum,
3246 1249 3640 1310 describendi
3685 1249 4024 1311 licentiam

734 1356 1228 1435 expostularem;
1280 1370 1467 1433 quam
1509 1354 1765 1432 quidem
1812 1362 2072 1434 propter
2108 1357 2501 1433 gravissimas
2538 1371 2712 1426 sane,
2747 1372 2903 1433 quas
2948 1371 3076 1415 non
3123 1353 3433 1415 discutere
3479 1372 3688 1416 meum
3731 1362 3848 1427 est,
3885 1356 4020 1416 sed

735 1459 1029 1533 revereri,
1061 1458 1335 1519 rationes
1363 1456 1648 1518 obtinere
1685 1473 1813 1518 non
1860 1458 2141 1535 contigit.
2184 1459 2418 1520 Durum
2448 1464 2658 1517 tamen
2699 1464 2759 1517 et
2804 1474 3082 1518 amarum
3131 1457 3338 1517 animo
3378 1473 3570 1518 sacrae
3616 1458 4024 1536 antiquitatis

735 1557 986 1629 amanti,
1050 1553 1415 1635 prtesumpti
1478 1552 1884 1632 pulcherrimi
1954 1553 2186 1616 laboris
2239 1571 2492 1616 omnem
2553 1555 2806 1633 penitus
2859 1571 3036 1634 spem
3114 1555 3404 1632 abjicere.
3487 1555 3684 1629 Mihi,
3769 1555 4021 1631 fateor,

735 1673 986 1735 semper
1004 1661 1146 1717 ante
1167 1653 1386 1716 oculos
1407 1651 1850 1713 obversabatur
1868 1651 2213 1712 secundum
2235 1651 2388 1712 illud
2412 1650 2607 1712 sancti
2629 1651 2908 1726 Gregorii
2932 1649 3402 1711 Benedictinum
3424 1652 4026 1730 volumen.Ergone

735 1776 987 1836 semper
1014 1758 1078 1817 in
1121 1756 1308 1817 unius
1329 1753 1730 1816 bibliotheca)
1773 1753 2051 1814 tenebris
2083 1753 2399 1832 sepultum
2433 1753 2824 1815 remanebit?
2852 1754 3188 1830 Nunquam
3221 1769 3370 1829 ergo
3402 1754 3505 1814 fiet
3536 1756 3770 1834 publici
3795 1736 4029 1834 juris?

735 1857 1011 1918 Ecclesia
1040 1862 1212 1917 tanto
1241 1853 1479 1915 lumine
1509 1868 1834 1930 nunquam
1872 1851 2166 1913 irradiata
2192 1849 2534 1931 gaudebit?
2563 1853 2710 1912 Huic
2745 1869 2844 1913 me
2875 1851 3211 1929 cogitante,
3252 1852 3458 1914 subito
3493 1853 3657 1915 fama
3701 1856 3779 1916 ad
3815 1873 4026 1916 aures

739 1955 1015 2027 affertur,
1048 1970 1262 2015 verum
1293 1958 1355 2012 et
1376 1951 1719 2027 genuinum
1745 1951 2158 2012 Maurinensis
2190 1951 2680 2013 elucubrationis
2705 1951 3026 2031 exemplar
3053 1951 3302 2012 Parisiis
3330 1951 3584 2027 haberi;
3620 1955 3688 2014 D.
3729 1954 3807 2016 de
3836 1955 4025 2016 Ver-

740 2054 933 2128 neuil,
964 2053 1257 2115 omnibus
1289 2050 1449 2123 aliis,
1479 2051 1588 2128 qui
1623 2049 1771 2110 huic
1810 2048 2008 2110 labori
2047 2051 2696 2121 communicaverant,
2740 2051 3135 2129 superstitem
3182 2049 3451 2111 ﬁdeliter
3488 2051 3639 2113 illud
3680 2044 3971 2115 servasse
3999 2072 4019 2126 ;

736 2158 865 2217 imo
895 2155 1125 2234 saepius
1162 2152 1327 2232 apud
1366 2153 1576 2230 ipsum
1607 2148 1985 2210 cardinalem
2016 2149 2210 2211 Fesch
2249 2151 2484 2228 egisse,
2521 2157 2591 2212 ut
2627 2150 2805 2230 prelo
2840 2150 3268 2228 subjiceretur,
3329 2170 3471 2213 cum
3518 2155 3752 2231 vigeret
3796 2155 4025 2219 adhuc

738 2255 1155 2337 potentissimi
1210 2252 1460 2332 nepotis
1522 2251 1858 2312 auctoritas
1896 2298 1912 2324 ,
1976 2252 2402 2331 eumdemque
2470 2261 2672 2314 morte
2732 2252 2981 2313 tandem
3052 2259 3432 2331 praeventum
3466 2301 3480 2326 ,
3544 2252 3692 2314 dum
3754 2265 4026 2332 regeret

738 2358 947 2420 Sancti
974 2353 1253 2434 Dionysii
1303 2368 1506 2431 prope
1563 2350 1836 2412 Parisios
1892 2351 2282 2429 parochiam,
2322 2352 2477 2414 illud
2540 2353 2844 2432 proximis
2903 2353 3256 2432 reliquisse,
3314 2355 3421 2433 qui
3465 2355 3598 2433 ejus
3656 2357 4019 2419 etiamnum

736 2456 1137 2538 possessione
1172 2453 1559 2514 fruebantur.
1593 2451 1722 2511 Nec
1751 2467 1926 2512 mora
1954 2469 1966 2510 :
1997 2452 2408 2529 inquiruntur
2427 2454 2496 2512 D.
2523 2452 2601 2513 de
2623 2452 2912 2513 Verneuil
2948 2452 3258 2525 haeredes,
3295 2470 3411 2514 nec
3436 2453 3632 2515 multo
3651 2461 3794 2534 post
3819 2455 4024 2517 inve;

737 2558 996 2618 niuntur
1013 2571 1027 2627 ;
1044 2552 1361 2614 invenitur
1379 2567 1521 2612 cum
1543 2548 1664 2608 illis
1683 2548 2000 2626 pretiosus
2022 2548 2225 2609 codex
2250 2566 2266 2622 ;
2291 2565 2510 2610 severo
2530 2547 2854 2627 subjicitur
2876 2548 3179 2619 examini;
3224 2550 3516 2627 giganteo
3544 2551 3758 2614 labore
3787 2556 4027 2632 prodi-

736 2662 840 2717 tur
873 2654 1298 2715 Maurinorum
1333 2649 1698 2727 ingenium;
1737 2647 2059 2724 castigatio
2102 2654 2333 2722 textus,
2371 2647 2850 2708 adnotationum
2889 2647 3272 2725 proprietas,
3317 2651 3623 2712 versionis
3667 2651 4022 2730 perfectio,

738 2755 1108 2818 variantium
1135 2754 1478 2817 lectionum
1522 2750 1803 2813 delectus
1826 2757 1888 2810 et
1915 2749 2275 2823 multitudo,
2309 2749 2636 2826 scripturas
2680 2748 2880 2827 ipsius
2911 2756 3201 2823 vetustas,
3235 2747 3388 2811 nihil
3432 2757 3524 2811 est
3551 2753 3721 2830 quod
3753 2770 3884 2815 non
3929 2756 4021 2816 ad

738 2855 1257 2916 manifestandam
1283 2853 1605 2914 veritatem
1637 2861 1989 2914 concurrat.
2025 2850 2159 2908 Imo
2189 2854 2250 2908 et
2282 2847 2592 2908 editorum
2615 2846 2894 2920 nomina,
2927 2853 2987 2908 et
3013 2848 3379 2909 eorumdem
3404 2848 3909 2925 deliberationes,
3952 2861 4028 2913 et

738 2953 947 3015 danda
976 2951 1390 3033 typographis
1425 2947 1708 3020 consilia,
1740 2953 1801 3007 et
1836 2946 2159 3024 sequenda
2192 2945 2257 3005 in
2289 2945 2533 3005 cunctis
2573 2943 2909 3004 methodus
2950 2961 3082 3005 rem
3128 2946 3212 3006 ita
3259 2946 3423 3008 clare
3453 2948 3789 3023 elucidant,
3823 2959 3896 3011 ut
3941 2951 4017 3012 in

739 3054 1002 3118 dubium
1037 3050 1319 3114 revocari
1349 3064 1476 3120 non
1508 3045 1731 3125 possit.
1760 3044 1967 3106 Unum
1989 3053 2049 3108 et
2075 3047 2332 3125 quidem
2355 3045 2670 3108 difﬁcilius
2697 3047 2858 3108 forte
2887 3049 3336 3111 inveniendum
3360 3053 3743 3128 remanebat,
3769 3072 4019 3137 nempe

739 3156 966 3218 fortem
994 3153 1422 3231 audacemque
1442 3149 1666 3219 virum,
1692 3147 1800 3226 qui
1831 3153 1892 3208 et
1919 3147 2203 3210 codicem
2230 3149 2471 3226 argenti
2498 3148 2781 3227 pondere
2817 3167 3204 3230 comparare,
3236 3160 3297 3214 et
3325 3158 3753 3231 comparatum
3785 3153 4023 3232 ingen.

739 3255 907 3316 tibus
936 3252 1281 3332 dispendiis
1317 3250 1485 3331 typis
1523 3253 1820 3314 mandare
1852 3267 1982 3312 non
2012 3251 2469 3313 reformidaret.
2503 3253 3001 3315 Detrectantibus
3047 3256 3183 3317 aliis
3211 3258 3583 3335 quibusdam
3614 3258 4020 3336 periculum-

741 3371 865 3433 que
915 3353 1125 3414 subire
1157 3352 1610 3426 recusantibus,
1649 3350 1902 3413 obvium
1946 3367 2013 3412 se
2057 3350 2202 3411 fecit
2247 3351 2411 3412 ultro
2459 3352 2530 3410 D.
2561 3352 3172 3428 Parent-Desbarres,
3206 3355 3313 3433 qui
3339 3356 3466 3433 jam
3516 3355 3594 3416 de
3641 3356 3902 3418 scientia
3950 3366 4022 3421 et

742 3453 1046 3532 religione
1077 3452 1284 3514 multis
1316 3452 1696 3515 editionibus
1718 3454 1778 3509 et
1808 3447 2155 3526 prtesertim
2185 3447 2556 3512 Collectionc
2587 3449 2702 3508 SS.
2734 3451 2994 3509 Patrum
3024 3449 3186 3510 bene
3215 3451 3494 3524 meritus,
3527 3451 3821 3513 meritum
3845 3451 4018 3515 illud

743 3551 1502 3630 novum'prmcedentibus
1533 3547 1956 3628 superaddere
1993 3547 2208 3608 voluit.

2112 3667 2538 3727 ARTICULUS
2567 3669 2643 3726 II.

1233 3797 1322 3856 De
1350 3795 1627 3856 nondum
1655 3796 1841 3856 editis
1864 3815 1901 3854 α
1926 3795 2328 3856 Maurinenai
2365 3795 2844 3874 congregatione
2882 3795 3177 3874 Gregorii
3197 3795 3508 3886 opgribus.
3540 3822 3556 3842 ο

821 3914 1039 3976 Omnia
1061 3915 1226 3977 beati
1251 3916 1536 3978 Doctoris
1561 3933 1753 3996 opera
1774 3923 1900 3976 tres
1920 3913 1998 3976 ad
2026 3914 2256 3976 classes
2277 3914 2634 3975 necessario
2663 3920 3057 3988 revocantur,
3088 3930 3355 3992 quarum
3377 3913 3599 3993 prima,
3628 3916 3970 3977 Sermones
3995 3919 4016 3976 ἱ

745 4014 1044 4089 secunda,
1077 4015 1427 4093 Epistolas;
1469 4015 1671 4087 tertia,
1707 4017 2002 4076 Poemata
2044 4012 2503 4092 complectitur.
2542 4004 2878 4089 Gregorius
2913 4014 3080 4074 enim
3118 4018 3187 4073 ut
3223 4012 3288 4074 in
3327 4013 3681 4093 perorando
3718 4013 4017 4077 sublimis

746 4121 808 4174 et
841 4113 1170 4188 facundus,
1202 4114 1284 4176 ita
1311 4123 1371 4176 et
1400 4115 1463 4175 in
1493 4114 1826 4177 scribendo
1851 4113 2086 4176 nitidus
2117 4119 2305 4191 atque
2325 4111 2549 4186 facilis,
2577 4118 2638 4172 et
2665 4111 2731 4172 in
2760 4111 3069 4174 cantando
3094 4112 3341 4188 grandis
3363 4119 3423 4174 et
3441 4129 3724 4174 amoenus
3745 4113 4013 4173 exstitit.

823 4219 1158 4280 Sermones
1187 4219 1443 4297 quidem
1475 4237 1695 4281 omnes
1715 4220 1844 4299 jam
1867 4237 1901 4280 a
1919 4217 2343 4280 Benedictinis
2373 4217 2621 4277 meliori
2651 4217 2872 4278 ordine
2899 4215 3070 4289 editi,
3094 4222 3153 4276 et
3183 4211 3388 4293 quoad
3409 4217 3644 4273 textum
3666 4210 4013 4283 emendati,

745 4317 809 4377 in
835 4318 1040 4396 primo
1066 4317 1378 4380 volumine
1407 4318 1739 4394 habentur,
1770 4328 2010 4382 servata
2035 4317 2228 4379 veteri
2257 4317 2517 4378 Billiana
2549 4316 2858 4390 versione,
2887 4315 2999 4376 sed
3040 4315 3108 4376 in
3137 4313 3348 4375 multis
3381 4311 3792 4388 maximisque
3827 4310 3981 4371 casti
3992 4338 4013 4348 -

748 4426 910 4496 gata,
942 4420 1378 4499 decerptisque
1425 4427 1692 4498 quatuor
1721 4421 2132 4493 orationibus,
2158 4433 2389 4495 nempe
2419 4435 2562 4486 XLV,
2596 4433 2770 4490 XLVI,
2799 4433 2858 4476 ιι
2887 4421 2948 4476 et
2983 4431 3088 4488 ιιι,
3117 4432 3258 4494 quae
3300 4430 3429 4474 non
3457 4412 3619 4472 inter
3653 4424 4009 4498 sermones,

748 4521 857 4582 sed
897 4521 1062 4582 inter
1088 4523 1384 4600 epistolas
1420 4521 1740 4584 evidenter
1777 4520 2184 4593 collocandae,
2222 4520 2550 4599 preprium
2595 4517 2662 4578 in
2699 4516 2934 4588 locum,
2967 4523 3036 4576 ut
3065 4533 3179 4594 par
3209 4519 3360 4587 erat,
3391 4513 3643 4574 fuerunt
3673 4508 4008 4571 revocatael

748 4620 1006 4680 Restant
1037 4619 1224 4696 igitur
1247 4619 1530 4699 epistolas
1552 4625 1612 4679 et
1634 4626 1947 4697 poemata,
1978 4633 2118 4696 quas
2133 4617 2265 4695 jam
2288 4616 2354 4676 in
2378 4614 2695 4695 publicum
2725 4613 3012 4674 emittere
3041 4611 3390 4672 statuimus.

827 4719 1143 4797 Epistolas,
1171 4736 1313 4798 qua;
1337 4719 1589 4779 nonnisi
1627 4718 1740 4778 232
1771 4719 1836 4778 in
1869 4718 2207 4779 novissima
2239 4717 2512 4777 editione
2543 4712 2802 4773 Billiana
2838 4710 3154 4788 leguntur,
3194 4707 3596 4789 superaddite
3623 4713 3831 4768 autem
3865 4708 4009 4767 Mo-

749 4820 1010 4883 relliano
1053 4821 1490 4902 supplemento
1525 4820 1804 4893 242,'sed
1837 4838 1978 4899 qum
2010 4837 2246 4892 revera,
2278 4816 2626 4880 amandatis
2669 4831 2811 4893 quae
2840 4815 2939 4875 vel
2977 4813 3053 4874 ad
3086 4811 3378 4872 Basiliam
3415 4810 3750 4890 pertinent,
3780 4805 3875 4867 vel
3909 4807 4010 4866 bis

749 4928 1300 4999 repraesentantur,
1331 4921 1750 5001 superadditis
1780 4929 1986 4982 autem
2009 4938 2151 5001 quae
2179 4919 2274 4980 vel
2305 4936 2382 4979 ex
2403 4916 2792 4979 orationibus
2823 4915 3260 4986 desumuntur,
3311 4911 3406 4972 vel
3448 4909 3704 4972 aliunde
3749 4909 4010 4968 fuerunt

752 5025 1062 5093 extractae,
1092 5021 1169 5082 ad
1199 5020 1312 5081 243
1341 5038 1674 5082 numerum
1703 5028 2059 5098 assurgunt,
2082 5020 2165 5080 ita
2199 5022 2714 5095 argumentorum
2737 5013 3090 5075 diversitate
3118 5009 3489 5072 et'varietate
3510 5005 3822 5068 scribendi
3848 5011 4008 5065 tem-

751 5123 1069 5193 perantur,
1101 5116 1290 5178 modo
1325 5117 1403 5177 de
1431 5115 1800 5194 theologicis
1830 5114 1951 5176 alte
1981 5114 2163 5174 simul
2189 5121 2251 5174 et
2281 5111 2550 5174 dilucide
2575 5110 2974 5183 disserentes,
3007 5108 3197 5170 modo
3231 5107 3311 5168 de
3353 5103 3807 5185 philOSOphicis
3837 5103 4006 5164 clare

753 5223 1084 5280 tractantes
1116 5226 1178 5280 et
1208 5218 1577 5293 sublimiter,
1611 5237 1780 5280 nunc
1819 5236 2071 5280 reorum
2101 5236 2138 5279 a
2167 5217 2556 5298 principibus
2584 5215 2830 5277 veniam
2860 5223 3154 5295 potenter
3180 5213 3609 5294 implorantes,
3645 5229 3810 5274 nunc
3841 5228 4003 5272 con-

751 5319 885 5381 silia
909 5320 1113 5398 parvis
1153 5326 1214 5381 et
1249 5321 1491 5399 magnis
1521 5320 1963 5398 dispertientes
1989 5317 2326 5397 sapienter,
2350 5317 2686 5396 aliquando
2726 5318 2911 5379 etiam
2951 5318 3029 5379 de
3070 5315 3344 5378 minimis
3388 5332 3530 5376 cum
3571 5314 4002 5389 familiaribus,

751 5421 861 5482 sed
885 5437 1012 5480 non
1036 5420 1295 5481 minimo
1323 5419 1472 5493 sale,
1496 5420 1804 5498 jocantes,
1836 5425 1904 5478 ut
1927 5416 2177 5478 difﬁcile
2211 5418 2288 5477 sit
2309 5416 2648 5477 admodum
2677 5422 2966 5487 statuere,
3001 5415 3228 5494 quibus
3257 5413 3557 5490 gratiores
3592 5413 4002 5495 utilioresque

755 5520 994 5598 possint
1018 5518 1302 5591 evadere,
1334 5526 1544 5579 utrum
1576 5515 1859 5577 videlicet
1893 5515 2197 5591 religiosa!
2229 5513 2555 5586 doctrinae,
2587 5531 2667 5573 an
2697 5512 3010 5574 saacularis
3039 5511 3344 5575 facundim
3376 5511 3666 5574 curiosis.

829 5625 1122 5683 Poemata
1152 5639 1324 5696 vero,
1358 5638 1498 5700 qua:
1533 5638 1659 5681 non
1691 5618 1894 5680 solum
1924 5633 2210 5691 numero,
2240 5615 2350 5677 sed
2378 5615 2538 5677 forte
2561 5615 2814 5691 ingenio
2844 5614 3138 5693 epistolas
3167 5620 3484 5693 superant,
3514 5629 3641 5673 non
3672 5615 3994 5692 captandas

758 5720 1070 5800 popularis
1101 5737 1288 5792 aura),
1322 5736 1535 5781 verum
1575 5716 2018 5797 promovenda;
2049 5715 2294 5795 pietatis
2319 5713 2526 5775 studio
2559 5713 2930 5791 conscripta,
2964 5711 3109 5774 ideo
3155 5730 3189 5773 a
3229 5711 3412 5773 beato
3440 5712 3703 5774 Doctore
3742 5710 3994 5774 fuerunt

753 5816 1124 5896 composita,
1158 5817 1284 5877 sive
1337 5823 1403 5877 nt
1439 5815 1834 5894 Apollinaris,
1865 5815 2152 5875 haeresim
2183 5810 2424 5873 emissis
2447 5811 2510 5871 in
2542 5810 2858 5890 publicum
2891 5811 3168 5873 cantibus
3191 5811 3584 5885 insinuantis,
3617 5807 3992 5873 carminibus
