4102 6358
116 340 157 397 ti
1339 354 1402 411 Α.
1442 354 1501 411 s.
1544 352 1734 409 can:

1846 352 1852 406 ι
1897 348 2289 407 ramulo.
2924 324 2935 333 ’
3398 339 3466 401 ts

143 506 161 537 ε
187 496 392 549 anno
404 483 661 553 labore
692 489 1044 558 lectores
1076 512 1464 575 gravaremus
1516 497 1729 558 Pauca
1762 499 2001 557 tantum
2027 492 2132 555 hic
2155 492 2439 557 dicemus
2470 491 2551 556 de
2584 489 2778 555 modo
2802 484 3165 552 memoratis
3190 482 3461 567 scripto-

166 618 181 643 -
207 588 594 668 ribusﬂias,
628 592 1006 659 Cretensis
1038 595 1451 678 metrOpolita,
1488 602 1715 663 octavo
1746 594 1980 658 saeculo
2012 593 2262 676 scripsit
2301 590 2828 657 commentarium
2881 592 2945 654 in
2996 587 3283 668 Gregorii
3328 604 3466 653 θησ-

74 678 89 775 l
192 698 403 762 itiones
456 696 972 763 novemdecim.
1018 696 1289 767 Nicetes,
1336 699 1767 773 cognomento
1814 690 2268 772 Philosophus,
2316 690 2596 774 primum
2650 690 2994 775 episeopus
3038 687 3359 765 Serranis,
3387 705 3465 754 ac

76 768 81 845 ξ
192 830 213 857 ι
241 804 441 868 deinde
475 802 1030 885 archiepiscopus
1059 796 1399 874 Heracleae,
1420 768 1777 861 undecimo
1807 796 2044 861 steculo
2070 768 2343 878 scripsit
2354 768 2972 859 commentarium—in
2996 794 3285 875 Gregorii
3314 810 3461 857 ora-

200 933 221 957 -
251 906 436 968 tiones
464 904 819 979 sexdecim,
853 911 918 967 et
951 902 1211 966 brevem
1232 900 1301 964 in
1324 905 1618 982 quaedam
1644 917 1789 979 eJus
1817 906 2109 980 poemata
2138 898 2628 965 enarrationem.
2660 897 2926 975 Psellus,
2967 904 3031 963 et
3061 899 3201 981 ipse
3226 914 3466 979 cogno—

194 1035 215 1065 ι
246 1015 444 1069 uento
471 1002 927 1085 Philosophus,
955 999 1295 1065 undecimo
1325 998 1515 1061 etiam
1541 997 1780 1062 smquo
1808 996 2060 1080 scripsit
2072 994 2362 1060 libellum
2379 994 2459 1061 de
2860 997 3147 1079 Gregorii
3172 999 3461 1063 locorum

192 1142 215 1172 ι
246 1112 578 1179 intellectu.
610 1108 796 1185 Quod
821 1108 1041 1172 attinet
1060 1106 1140 1170 ad
1169 1102 1464 1168 Basilium
1490 1101 1672 1168 illum
1694 1102 1803 1184 qui
1844 1118 2018 1183 saepe
2039 1101 2105 1164 in
2135 1100 2305 1165 notis
2329 1099 2483 1165 tomi
2502 1100 2691 1184 primi
2712 1098 2902 1183 hujus
2920 1097 3218 1173 editionis
3236 1098 3464 1167 citatus

182 1243 209 1273 ι
241 1226 353 1289 est,
381 1216 461 1287 is,
490 1211 799 1276 Ecclesia
829 1206 1223 1273 Caesariensis
1264 1206 1548 1279 antistes,
1588 1202 1837 1267 decimo
1887 1201 2124 1265 saeculo
2172 1200 2428 1285 scripsit
2463 1199 2707 1266 scholia
2732 1200 2799 1264 in
2826 1200 3115 1281 Gregorii
3142 1198 3463 1269 orationes

178 1344 207 1376 σ
238 1316 659 1400 qmdraginta
682 1314 883 1388 duas;
934 1327 1074 1393 qua!
1100 1307 1359 1391 quidem
1398 1303 1643 1370 scholia
1662 1305 2091 1385 manuscripts
2129 1308 2376 1367 exstant
2394 1302 2646 1367 Parisiis
2671 1302 2739 1366 in
2767 1300 3149 1367 bibliotheca
3172 1300 3393 1381 Regia.
3428 1323 3459 1358 ι

247 1419 574 1482 Posterior
592 1421 804 1478 autem
828 1412 927 1476 his
958 1412 1163 1475 verbis
1190 1408 1577 1492 concipitur:
1611 1430 1640 1462 α
1676 1406 1861 1469 Feret
1893 1404 1998 1468 hic
2024 1405 2207 1471 locus
2226 1404 2618 1489 exsequendi
2642 1403 2871 1468 factam
2889 1404 2957 1467 in
2984 1400 3462 1482 Prolegomenis

167 1548 197 1579 ο
232 1524 387 1586 torni
426 1522 629 1604 primi
656 1520 843 1601 hujus
889 1516 1179 1581 editionis
1235 1514 1380 1597 (col.
1416 1512 1541 1599 38),
1600 1516 2118 1599 promissionem,
2169 1521 2228 1580 et
2279 1532 2385 1583 eas
2431 1530 2656 1579 omnes
2700 1512 3065 1593 diligentius
3104 1510 3461 1593 fortiusque

165 1650 193 1682 ι
232 1622 600 1706 repdbendi
648 1617 1141 1689 criminationes,
1175 1614 1408 1696 quibus
1442 1615 1829 1695 Gregorium
1866 1614 2157 1679 doctrina
2201 1612 2553 1677 identidem
2597 1612 2719 1677 fuit
2758 1627 2797 1675 a
2823 1610 3011 1675 variis
3047 1609 3461 1692 scriptoribus

164 1752 191 1781 ι
592 1723 849 1793 Verum.
890 1734 957 1781 re
1003 1716 1304 1780 maturius
1340 1715 1761 1792 considerata,
1789 1728 2297 1798 supervacaneas
2316 1712 2628 1794 ejusmodi
2673 1711 3178 1777 concertationes
3206 1730 3243 1775 a
3272 1710 3460 1775 nobis

160 1855 187 1885 ι
222 1844 367 1891 esse
398 1823 748 1907 Mgiendas
774 1817 1300 1895 existimavimus;
1330 1817 1849 1900 quandoquidem
1868 1817 2319 1899 Grcgorianam
2344 1814 2697 1881 doctrinam
2720 1816 2818 1911 ita
2857 1814 3140 1880 defendit
3165 1821 3460 1911 constans

158 1957 189 1987 α
230 1928 538 1992 Scelch
567 1922 898 1990 catholica)
926 1920 1319 2001 approbabo,
1348 1924 1419 1981 ut
1448 1917 1889 1982 nulla‘ratione
1921 1918 2108 1981 nobis
2137 1916 2582 1981 defensoribus
2605 1909 2907 1997 indigeat.
2948 1939 2980 1974 ι
3331 1970 3333 1972 .

238 2030 403 2092 Hinc
454 2026 648 2091 ﬁnale
685 2022 983 2101 intelligit
1045 2021 1257 2095 lector,
1290 2017 1778 2103 prmtermissam
1814 2036 1854 2083 a
1896 2018 2101 2085 doctis
2130 2016 2482 2083 editoribus
2509 2016 3040 2096 dissertationem,
3068 2032 3107 2084 a
3132 2019 3320 2087 nobis
3344 2021 3459 2087 mi-

160 2131 330 2195 nime
360 2126 832 2207 attingendam.

1555 2273 1983 2337 ARTICULUS
2028 2274 2103 2335 IV
2116 2320 2129 2333 .

1094 2422 1179 2485 Dc
1209 2421 1443 2486 nostri:
1483 2422 1551 2484 in
1578 2420 1817 2485 edendo
1851 2420 1965 2483 hoc
1998 2421 2313 2483 volumina
2339 2398 2535 2483 curis.

240 2571 496 2636 t‘nrande
526 2571 609 2637 ad
638 2571 761 2635 hoc
792 2586 959 2652 Opus
984 2585 1128 2632 cum
1156 2584 1379 2630 manus
1412 2565 1689 2648 primum
1722 2566 2191 2639 admoveretur,
2223 2563 2511 2647 quinque
2537 2569 2603 2628 et
2632 2565 2891 2647 quidem
2921 2564 3247 2647 praecipua
3274 2566 3462 2632 nobis

172 2674 559 2752 [nudanda
581 2688 944 2745 ocatrrere,
978 2686 1205 2751 nempe
1241 2670 1295 2731 1'
1328 2685 1553 2733 omnes
1581 2668 1917 2732 doctorum
1938 2667 2495 2731 Benedictinorum
2525 2666 2959 2748 chartasjuxta
2976 2666 3349 2731 methodum
3381 2669 3461 2733 ab

177 2780 246 2839 iis
260 2777 649 2855 assignatam
682 2777 1000 2856 ritumque
1020 2772 1086 2835 in
1115 2773 1318 2853 primo
1348 2772 1670 2835 volumine
1700 2771 2070 2847 admissum,
2100 2771 2437 2847 ordinare;
2471 2770 2531 2834 2'
2550 2771 2800 2835 mendis
2825 2771 3466 2855 typograpbicisdili-

176 2879 419 2955 potius
446 2878 842 2956 corrigendis
866 2876 1089 2940 sedulo
1117 2874 1481 2955 invigilare;
1514 2873 1573 2935 3·
1604 2880 1850 2938 veteres
1874 2874 2156 2955 poeticas
2186 2872 2511 2939 versione‘s
2546 2874 2613 2939 in
2641 2873 2855 2940 multis
2883 2892 2921 2937 a
2948 2875 3236 2959 priorum
3256 2876 3462 2941 edito—

178 2998 307 3042 ω
340 2981 587 3043 incuria
614 2980 997 3043 deformatas
1026 2978 1102 3042 ad
1130 2978 1309 3041 metri
1354 2977 1745 3058 rationisque
1777 2994 2067 3040 normam
2104 2992 2428 3050 revocare,
2456 2983 2565 3041 aut
2598 2977 2819 3042 saltem
2847 2978 3103 3043 illorum
3129 2977 3467 3059 indigitare

178 3076 491 3154 defectus;
527 3078 584 3139 4⁸
616 3096 840 3141 novam
873 3078 1181 3160 poeticam
1213 3077 1568 3139 versionem
1600 3076 1904 3151 condere,
1936 3092 2060 3157 qua
2097 3075 2330 3139 Latinis
2359 3075 2741 3140 carminibus
2787 3078 3294 3161 exprimerentur
3323 3094 3461 3143 car-

180 3178 341 3240 luna
396 3186 545 3259 post
590 3178 840 3241 Billium
870 3196 906 3241 a
933 3176 1134 3240 Tollio
1167 3185 1225 3239 et
1254 3175 1592 3239 Muratorio
1636 3174 1705 3239 in
1755 3175 1962 3240 lucem
2009 3174 2268 3251 emissa;
2312 3174 2372 3236 5°
2400 3175 2648 3242 indices
2678 3177 2989 3243 adornare
3036 3178 3463 3262 locupletissi-

182 3296 335 3351 mos.
368 3280 547 3362 juxta
578 3279 928 3361 perfectum
956 3278 1141 3360 primi
1170 3276 1505 3340 voluminis
1536 3274 1884 3357 exempiar.

254 3403 299 3465 ι
331 3403 569 3465 Omnes
598 3400 1150 3464 Benedictinomm
1187 3398 1442 3473 charta,
1470 3416 1612 3481 qua:
1630 3399 1711 3463 ab
1732 3399 2032 3463 omnibus
2051 3398 2251 3463 videri
2273 3404 2542 3481 possunt
2562 3400 2733 3481 apud
2754 3400 2825 3463 D.
2846 3401 3465 3475 Parent-Desbarres,

181 3506 253 3567 ad
279 3505 401 3566 tria
428 3503 633 3583 capita
667 3508 933 3582 possunt
960 3500 1271 3575 revocari;
1303 3516 1579 3580 quorum
1607 3500 1670 3562 in
1702 3499 1911 3581 primo
1940 3500 2345 3581 reperiuntur
2371 3498 2494 3563 illa
2519 3517 2663 3582 quae
2702 3501 3063 3583 sequendas
3086 3503 3153 3565 in
3185 3502 3468 3565 editione

184 3605 431 3684 regulas
464 3604 782 3679 indicant;
822 3603 885 3665 in
922 3603 1201 3668 secundo
1228 3608 1440 3666 autem
1476 3607 1653 3667 vetus
1700 3602 1962 3665 Billiana
1990 3604 2206 3678 editio,
2237 3603 2414 3685 cujus
2456 3602 2525 3666 in
2566 3604 2851 3684 margine
2896 3604 3112 3685 plures
3140 3606 3471 3686 signantur

184 3710 493 3773 variantes
520 3723 665 3769 cum
696 3705 879 3768 variis
904 3705 1414 3770 adnotationibus
1432 3706 1782 3780 lectiones;
1834 3705 1903 3769 in
1950 3706 2136 3769 tertio
2186 3706 2444 3770 domum
2481 3707 2621 3789 ipsa
2663 3707 3219 3773 Benedictinorum
3259 3712 3467 3775 versie

185 3809 418 3875 latina.
451 3824 597 3869 cum
635 3806 797 3867 notis
843 3805 1274 3878 exactissimis,
1314 3805 1381 3870 in
1413 3806 1649 3887 quibus
1682 3806 1851 3870 inter
1881 3807 2004 3869 alia
2044 3813 2461 3870 recensentur
2496 3808 2710 3872 omnia
2736 3808 2968 3873 menda
2994 3826 3138 3891 quae
3176 3809 3241 3872 in
3282 3810 3469 3875 editis

184 3905 694 3989 praecedentibus
722 3912 1081 3981 occurrunt,
1110 3912 1173 3968 et
1198 3906 1387 3969 simul
1416 3906 1607 3971 verba
1636 3922 1805 3989 qua,
1844 3925 1922 3970 ex
1970 3907 2425 3989 probatissimis
2450 3908 2778 3977 codicibus
2804 3916 3100 3985 extracta,
3132 3908 3198 3973 in
3246 3927 3465 3975 eorum

184 4004 397 4069 leam
430 4003 886 4068 introducenda
905 4002 1216 4081 videntur,
1235 4010 1307 4068 ut
1332 4022 1529 4087 purus
1564 4012 1844 4085 emergat
1869 4013 2079 4069 textus
2101 4013 2164 4069 et
2190 4006 2461 4087 integer.
2488 4007 2652 4070 Solae
2685 4006 2973 4089 epistolae
2994 4008 3060 4072 in
3084 4027 3215 4073 uno
3245 4011 3468 4075 codice

182 4110 475 4169 Grcam!
502 4110 738 4168 textum
764 4104 993 4168 habent
1020 4120 1210 4169 manu
1236 4108 1700 4189 conscriptum;
1729 4108 1843 4172 sed
1869 4107 1971 4172 hic
2000 4124 2203 4171 novus
2223 4108 2571 4173 exsurrexit
2594 4108 2795 4186 labor,
2824 4128 2971 4174 cum
2994 4110 3117 4174 hoc
3144 4113 3470 4194 exemplar

183 4224 383 4269 mnu
408 4207 621 4268 mium
648 4204 830 4270 docta
876 4212 1219 4282 exaratum,
1252 4205 1468 4270 multis
1494 4208 1663 4271 circa
1689 4215 1990 4272 accentus
2018 4208 2269 4272 mendis
2300 4211 2615 4274 scaturiat.
2643 4210 2805 4275 Hinc
2837 4216 3005 4274 certa
3032 4230 3175 4274 cum
3205 4214 3463 4277 rectitu-

182 4314 361 4384 dine,
385 4312 498 4375 sed
522 4327 651 4373 non
676 4310 809 4372 sine
835 4316 1123 4374 accurata
1150 4312 1494 4392 diligentia,
1512 4312 1656 4375 data
1680 4312 1865 4376 nobis
1885 4314 2149 4379 facultas
2178 4315 2525 4395 genuinum
2546 4316 3042 4397 repraasentandi
3068 4318 3462 4396 Gregorium.

185 4415 386 4477 ﬂebis
412 4415 608 4487 enim,
641 4422 772 4476 tum
793 4420 1030 4477 veteres
1052 4414 1362 4479 editiones
1392 4433 1537 4480 cum
1572 4417 1942 4481 recentioris
1962 4418 2474 4481 adnotationibus
2501 4418 2896 4497 conferendi,
2928 4426 3062 4483 tum
3093 4430 3467 4489 accentuum

186 4522 369 4595 signa
399 4514 792 4597 perficiendi,
820 4520 954 4578 tum
985 4515 1280 4595 epistolas
1310 4522 1371 4579 et
1389 4518 1667 4581 carmina
1695 4516 1776 4580 ad
1806 4535 2043 4581 novum
2074 4519 2361 4582 ordinem
2390 4519 2759 4595 reducendi,
2788 4520 3130 4584 necessitas
3155 4521 3464 4583 incubuit.

186 4622 485 4693 Quaxmis
512 4630 719 4682 autem
748 4620 964 4681 dectos
990 4618 1265 4683 editores
1294 4621 1518 4683 merita
1547 4622 1981 4698 veneratione,
2001 4630 2071 4685 ut
2098 4622 2305 4697 decet,
2336 4636 2590 4705 semper
2618 4628 2680 4684 et
2708 4622 2948 4705 ubique
2978 4640 3466 4704 prosequamur,

187 4742 323 4787 non
352 4724 675 4806 potuimus
693 4730 897 4786 tamen
927 4722 1264 4800 abstinere,
1289 4724 1444 4805 quin
1469 4741 1717 4789 errores
1741 4725 2047 4807 quosdam
2067 4726 2133 4788 in
2152 4724 2629 4807 interpretando
2647 4742 2779 4788 non
2803 4726 2951 4789 satis
2972 4725 3466 4802 animadversos,

189 4826 289 4889 vel
313 4827 643 4897 adnotare,
667 4825 761 4888 vel
785 4826 965 4888 etiam
986 4825 1304 4906 corrigere
1327 4824 1730 4900 auderemus,
1761 4842 1879 4907 pro
1924 4833 2101 4890 certo
2148 4825 2456 4889 habentes
2512 4827 2795 4889 futurum
2844 4826 3063 4903 fuisse,
3099 4832 3167 4889 ut
3186 4826 3323 4889 illas
3345 4827 3463 4908 ipsi

189 4930 671 4992 «nudationes
720 4930 1136 5004 admisissent,
1190 4947 1338 4993 cum
1386 4930 1850 5010 diligentiorem
1887 4930 2323 4996 adhibuissent
2352 4932 2655 4995 animum.
2705 4934 2778 4995 In
2819 4932 3161 5013 deligendo
3204 4933 3470 5013 insuper

194 5032 397 5093 varias
439 5030 763 5093 lectiones.
800 5046 926 5091 non
955 5029 1103 5092 satis
1128 5028 1529 5092 attendemnt
1558 5030 1635 5093 ad
1669 5031 1880 5112 poesis
1908 5037 2205 5106 metrum,
2235 5032 2408 5094 unde
2436 5031 2595 5094 illud
2624 5032 2860 5113 smpius
2884 5031 3106 5097 laesum
3135 5033 3465 5095 restituere

198 5150 615 5198 necessarium
646 5151 775 5197 non
805 5133 1115 5196 immerito
1140 5133 1340 5196 visum
1370 5139 1497 5197 est:
1530 5150 1894 5216 quanquam
1924 5134 2077 5197 etin
2107 5135 2486 5215 quibusdam
2523 5135 2867 5216 aliquando
2893 5134 3129 5199 nullam
3160 5136 3466 5198 emenda-

202 5236 431 5299 tionem
502 5238 828 5319 potuimus
888 5233 1212 5309 adhibere,
1267 5254 1380 5300 seu
1440 5238 1587 5318 quia
1623 5239 1763 5318 ipse
1807 5244 1999 5319 poeta
2042 5237 2162 5300 sibi
2201 5237 2493 5300 nonnihil
2546 5236 2831 5312 indulsit,
2887 5254 3002 5301 seu
3036 5238 3184 5319 quia
3237 5255 3465 5302 manu-

204 5340 408 5420 scripti
434 5341 688 5405 wdices
718 5338 967 5402 mendis
984 5338 1313 5403 deformati
1343 5340 1499 5403 nihil
1520 5341 1821 5405 exhibent
1845 5358 1973 5423 quo
2018 5340 2320 5405 mendum
2348 5348 2540 5422 queat
2562 5338 2871 5404 resarciri.
2900 5338 3129 5404 Siloam
3157 5339 3467 5403 adhibitae

210 5456 239 5497 ι
278 5442 443 5505 nobis
471 5460 681 5515 curas,
724 5440 861 5503 sive
885 5438 965 5501 ad
1004 5438 1347 5517 eligendos,
1377 5438 1445 5503 in
1484 5450 1790 5521 quantum
1822 5442 1955 5505 ﬁeri
1995 5448 2265 5523 poterat,
2299 5458 2485 5522 pares
2525 5439 2840 5503 veteribus
2881 5440 3298 5513 characteres,
3336 5439 3465 5500 sive

206 5544 273 5607 ad
306 5546 718 5630 querendum
764 5557 905 5604 non
944 5540 1297 5605 inferiorem
1345 5540 1654 5619 chartam,
1688 5544 1817 5607 sive
1856 5546 2113 5607 demum
2160 5543 2238 5606 ad
2284 5543 2663 5606 servandum
2711 5548 3183 5605 antecessomm
3222 5555 3466 5602 morem

190 5646 384 5717 heres
408 5654 473 5717 in
506 5644 834 5726 margine
859 5642 1197 5707 sententias
1226 5645 1636 5722 rescribendi,
1670 5646 1842 5727 quod
1870 5644 2059 5709 hodie
2083 5644 2335 5709 nonnisi
2356 5644 2720 5709 difﬁcillime
2750 5661 2784 5706 a
2822 5640 3235 5723 typographis
3261 5644 3468 5722 potest

38 5764 57 5813 δ
