4102 6474
754 425 819 480 19
1900 429 1966 482 Α.
2008 426 2070 483 Β.
2102 426 2402 484 οΑιιιΑυ
2443 425 2817 484 ΡΒΛΕΡΔἸῚΟ
3968 422 4052 477 20

830 545 903 604 [Ι.
940 544 1068 605 Nec
1096 559 1345 623 parvus,
1378 560 1497 605 nec
1534 541 1734 605 facilis
1766 542 1947 605 labor
1975 561 2197 606 eorum
2237 543 2464 606 menda
2510 544 2867 620 corrigere;
2911 542 3079 603 unde
3120 540 3474 604 mirandum
3505 540 3876 604 nullatenus
3912 540 4052 601 erit

748 643 1161 719 doctioribus,
1192 646 1245 706 si
1267 644 1573 707 nonnulla
1601 652 1879 707 nostram
1910 645 2099 708 etiam
2129 663 2299 707 nunc
2326 645 2709 723 vigilantiam
2736 643 3098 718 fefellerint,
3130 661 3273 723 quas
3297 650 3511 706 tamen
3539 643 3617 705 ad
3640 643 3897 706 calcem
3926 658 4051 703 re-

752 750 1015 806 tractare
1036 744 1245 807 conati
1272 761 1510 811 sumus.
1542 744 1872 807 utilitatem
1897 751 2254 825 querentes
2285 746 2495 823 potius
2522 760 2710 823 quam
2742 742 2972 806 erroris
3014 741 3322 821 pudorem
3353 740 3865 804 reformidantes.
3903 739 4051 799 Sed,

750 847 819 902 ut
848 844 1117 906 rariores
1134 842 1344 907 forent
1367 844 1470 907 isti
1488 843 1795 918 defectus,
1827 860 1962 906 non
1988 846 2219 907 nostris
2241 843 2445 906 solum
2477 860 2553 905 ex
2583 844 2818 905 viribus
2847 841 3385 923 prwsumpsimus,
3413 841 3635 903 doctos
3662 848 3887 903 autem
3907 839 4045 900 ad-

748 941 1105 1006 vocavimus
1132 942 1469 1022 adjutores,
1497 943 1669 1005 inter
1686 960 1849 1023 quos
1863 943 2035 1023 justa
2061 962 2206 1006 cum
2233 944 2417 1007 laude
2446 943 2711 1005 referam
2753 943 3009 1005 nomina
3050 944 3117 1004 D.
3144 942 3359 1014 Cirier,
3390 942 3522 1021 jam
3564 948 3745 1003 antea
3793 942 4051 1018 Regia:

750 1038 1189 1121 typographiae
1235 1036 1491 1113 addicti,
1531 1055 1786 1102 necnon
1832 1046 1897 1103 et
1930 1039 2001 1099 D.
2042 1039 2288 1119 Doquin
2338 1039 2416 1101 de
2455 1040 2880 1114 Saint—Preux,
2927 1041 2995 1101 in
3042 1038 3421 1102 bibliotheca
3463 1038 3657 1115 Regia
3703 1037 4043 1100 librorum

750 1138 1050 1211 custodis,
1095 1143 1158 1199 et
1200 1138 1270 1197 D.
1302 1137 1650 1211 Valatours,
1683 1137 1752 1198 in
1778 1137 2049 1215 collegio
2078 1137 2434 1199 Borbonico
2460 1136 2769 1198 notissimi
2796 1136 3198 1217 professoris,
3231 1138 3343 1217 qui
3368 1136 3498 1199 sive
3526 1136 3593 1197 in
3622 1142 3759 1198 toto
3787 1154 4039 1216 opere,

752 1243 879 1305 sive
908 1242 974 1304 in
1003 1241 1212 1321 aliqua
1233 1241 1366 1320 ejus
1394 1248 1569 1320 parte
1599 1259 1744 1303 suas
1773 1242 2104 1305 nobiscum
2135 1259 2317 1304 curas
2333 1239 2955 1302 communicaverunt

832 1362 940 1422 III.
968 1359 1153 1434 Billii,
1187 1360 1579 1423 Leuvenclaii
1608 1367 1671 1422 et
1704 1361 1985 1423 Federici
2013 1361 2252 1423 Morelli
2278 1359 2580 1440 poeticas,
2605 1366 2711 1421 aut
2731 1360 2941 1439 potius
2964 1359 3252 1423 metricas
3271 1359 3591 1421 vcrsiones
3616 1358 3693 1419 ad
3718 1359 4043 1420 intimum

755 1465 1125 1543 paginarum
1154 1464 1498 1540 marginem
1528 1462 1903 1539 dimisimus,
1934 1481 2205 1543 quorum
2242 1462 2484 1541 primus
2512 1462 2779 1523 feliciter
2806 1480 2998 1541 saepe,
3028 1462 3155 1523 duo
3185 1468 3391 1524 autem
3422 1462 3812 1541 posteriores
3840 1478 4037 1538 saepe

752 1562 1066 1625 infelicius
1096 1563 1410 1640 egregiam
1443 1563 1725 1640 Gregorii
1787 1562 2031 1641 poesim
2084 1563 2151 1623 in
2206 1564 2485 1625 Latinam
2532 1580 2775 1624 musam
2805 1561 3200 1624 transtulere.
3227 1564 3316 1622 Ita
3344 1566 3553 1621 autem
3580 1567 3885 1640 corrupta
3920 1579 4037 1621 su-

755 1672 1017 1745 persunt
1038 1666 1297 1727 istarum
1326 1664 1685 1727 versionum
1732 1664 2136 1744 exemplaria,
2180 1672 2245 1727 ut
2279 1682 2446 1744 saape
2488 1664 2737 1727 deﬁciat
2774 1672 3067 1738 metrum,
3100 1670 3163 1724 et
3190 1662 3401 1723 nullus
3445 1662 3633 1723 etiam
3663 1661 4037 1740 aliquando

754 1783 977 1827 sensus
1011 1766 1209 1844 possit
1234 1762 1647 1843 deprehendi.
1678 1763 1934 1836 Quoties
1962 1763 2293 1825 deﬁciebat
2341 1782 2586 1837 sensus,
2619 1763 2796 1823 illum
2844 1779 3133 1842 reparare
3170 1761 3547 1834 studuimus,
3579 1776 3708 1821 non
3757 1778 4039 1840 semper

750 1872 957 1929 autem
1009 1872 1355 1928 restaurare
1392 1872 1683 1939 metrum,
1720 1867 1969 1944 quoties
2005 1866 2277 1928 deiicere
2306 1867 2660 1939 videbatur;
2713 1866 2823 1927 sed
2871 1865 3209 1945 aliquando
3252 1864 3534 1925 defectus
3573 1864 3847 1940 signare,
3899 1864 4032 1924 ali-

750 1964 1005 2044 quando
1034 1963 1349 2040 corrigere
1383 1981 1594 2043 operze
1630 1964 1902 2042 pretium
1933 1964 2247 2025 duximus.
2286 1966 2590 2027 Neutrum
2627 1972 2837 2027 autem
2873 1965 3161 2035 fecimus,
3196 1964 3316 2024 nisi
3355 1962 3588 2024 variato
3622 1961 4033 2035 charactere,

751 2072 813 2125 et
860 2067 1203 2128 mutatione
1254 2067 1320 2127 in
1373 2066 1539 2127 notis
1584 2067 1874 2128 indicata.
1922 2068 2079 2128 Sunt
2100 2069 2283 2129 etiam
2317 2084 2530 2130 versus
2584 2068 2694 2147 qui
2738 2075 2846 2130 aut
2900 2068 3266 2140 emissione,
3312 2071 3417 2127 aut
3468 2064 4033 2145 typographorum

749 2168 1016 2242 incuria,
1067 2170 1236 2249 apud
1295 2166 1544 2231 Billium
1598 2168 2148 2244 desiderabantur;
2205 2169 2349 2231 illos
2395 2170 2717 2250 supplere,
2763 2168 3227 2232 characteribus
3281 2168 3510 2229 iterum
3566 2168 3840 2240 variatis,
3900 2184 4032 2227 cu-

752 2280 1044 2326 ravrmus.

831 2387 931 2447 ιν.
986 2389 1145 2461 Quin
1174 2388 1253 2449 ad
1283 2397 1553 2468 quatuor
1606 2389 1798 2452 millia
1845 2396 1907 2451 et
1957 2391 2227 2471 amplius
2266 2392 2529 2470 assurgit
2575 2410 2876 2454 numerus
2921 2410 3212 2453 versuum
3274 2402 3417 2472 post
3465 2391 3714 2452 Billium
3755 2396 3821 2452 et
3854 2389 4031 2451 alios

752 2488 1087 2563 editorum,
1120 2507 1305 2569 quos,
1334 2492 1399 2551 in
1419 2497 1671 2569 poetam
1695 2492 2090 2553 subitaneum
2115 2510 2322 2553 rerum
2350 2494 2722 2555 necessitate
2741 2494 3154 2566 transmutati,
3180 2491 3512 2553 decantare
3533 2490 3727 2554 coacti
3748 2490 4024 2557 fuinms,

751 2604 1038 2665 quosque
1069 2588 1378 2649 lectorum
1406 2589 1921 2651 commendamus
1949 2590 2386 2668 indulgentia);
2422 2608 2783 2671 quanquam
2815 2592 2878 2651 in
2911 2590 3202 2653 omnibus
3246 2590 3519 2654 auctoris
3564 2588 3759 2650 menti
3790 2588 4023 2649 adhae-

754 2693 985 2761 rentes,
1015 2686 1145 2749 imo
1192 2695 1255 2749 et
1290 2689 1515 2764 verbis,
1552 2690 1873 2771 poeticum
1925 2696 2130 2751 tamen
2193 2691 2430 2771 aliquid
2489 2692 2555 2754 in
2615 2691 2999 2766 elocutione,
3048 2693 3375 2771 justasque
3408 2692 3475 2752 in
3512 2703 3713 2752 metro
3760 2688 4026 2767 regulas

751 2805 997 2851 servare
1022 2790 1417 2852 tentavimus.
1930 2800 1933 2801 ί

830 2911 902 2971 ν.
932 2914 1266 2991 Supererat
1289 2914 1569 2992 ingratus
1595 2914 1918 2989 scribenti,
1950 2915 2061 2976 sed
2094 2925 2302 2993 gratus
2330 2916 2510 2979 valde
2549 2915 2783 2994 legenti
2814 2917 3091 2979 indicum
3117 2917 3317 2991 labor,
3349 2917 3459 2996 qui
3491 2926 3794 2996 quantum
3839 2934 4023 2977 curm

751 3009 1180 3088 temporisque
1209 3011 1513 3085 absumat,
1549 3028 1736 3073 nemo
1768 3019 1862 3075 est
1891 3029 2043 3073 sane
2072 3015 2183 3092 qui
2216 3016 2411 3094 possit
2433 3016 2498 3076 in
2527 3016 2787 3077 dubium
2822 3032 3139 3077 revocare.
3172 3016 3414 3078 Fideles
3454 3017 4019 3079 Benedictinorum

753 3120 1114 3173 nostrorum
1161 3113 1439 3189 asseclae,
1470 3114 1901 3193 epistolarum,
1935 3115 2063 3177 sive
2096 3118 2303 3195 quoad
2342 3118 2627 3180 ordinem
2676 3135 2933 3192 novum,
2968 3118 3099 3179 sive
3127 3117 3336 3198 quoad
3384 3118 3670 3179 ordinem
3707 3125 4019 3194 veterem,

756 3207 884 3270 sive
913 3212 1122 3289 quoad
1152 3212 1438 3273 ordinem
1467 3212 1930 3295 alphabeticum
1956 3214 2227 3277 indicem
2272 3218 2619 3292 texuimus;
2672 3236 2863 3292 quem
2908 3220 3191 3298 proxime
3230 3218 3513 3299 sequitur
3555 3218 3743 3279 index
3790 3220 4023 3280 carmi-

760 3331 909 3377 num
938 3311 1045 3375 ubi
1085 3313 1319 3391 pariter
1344 3319 1519 3374 vetus
1546 3313 1702 3374 ordo
1732 3331 1871 3374 cum
1901 3332 2089 3383 novo,
2126 3333 2453 3397 novusque
2482 3336 2627 3380 cum
2666 3320 2860 3380 veteri
2898 3328 3314 3397 comparatur.
3355 3318 3488 3378 Duo
3540 3318 3857 3378 breviores
3901 3315 4020 3379 alii

752 3414 992 3476 indices
1068 3412 1320 3473 Similia
1396 3418 1459 3473 et
1536 3412 1882 3474 Proverbia
1933 3431 2010 3475 ex
2075 3416 2379 3493 Gregorio
2467 3424 2763 3498 excerpta
2845 3423 3322 3497 repraesentant.
3392 3418 3548 3479 Tum
3633 3416 4019 3479 evolvuntur

750 3517 991 3580 indices
1050 3516 1342 3596 majores,
1398 3514 1509 3578 ubi
1570 3533 1670 3578 res
1723 3523 1787 3578 et
1841 3518 2026 3579 verba
2077 3519 2341 3599 alicujus
2398 3520 2732 3594 momenti,
2765 3538 2907 3600 quae
2955 3520 3055 3581 vel
3098 3519 3163 3581 in
3205 3519 3418 3598 Operis
3461 3519 3754 3592 decursu,
3801 3517 3895 3578 vel
3936 3518 4017 3581 in

750 3616 1101 3697 appendice
1120 3615 1436 3693 leguntur,
1461 3632 1577 3695 per
1596 3614 1883 3677 ordinem
1906 3615 2246 3679 litterarum
2268 3620 2551 3692 collecta,
2574 3620 2837 3681 curiosaa
2860 3620 3199 3681 offeruntur
3230 3617 3618 3696 inquisitioni
3646 3634 3662 3690 ;
3694 3634 3811 3677 nec
3830 3616 4015 3680 deest

750 3717 941 3778 index
970 3715 1075 3778 ille
1106 3733 1303 3788 sacer,
1336 3733 1465 3795 quo
1497 3722 1726 3778 sanctm
1748 3718 2083 3797 Scriptura)
2111 3720 2514 3799 reperiuntur
2541 3721 2902 3795 sententia),
2934 3738 3091 3799 quas
3120 3721 3185 3781 in
3224 3718 3558 3781 scribendo
3588 3718 3730 3798 pius
3774 3718 4017 3781 Doctor

752 3818 1055 3880 adhibuit.
1088 3820 1236 3891 Quae
1259 3827 1467 3881 autem
1489 3826 1596 3881 aut
1623 3819 1820 3894 utilia,
1850 3828 1959 3882 aut
1982 3822 2230 3884 curiosa
2274 3824 2568 3902 perlectis
2596 3824 2828 3903 smpius
2863 3823 3059 3885 sancti
3096 3820 3379 3899 Gregorii
3415 3819 3712 3899 operibus
3748 3818 4011 3879 desum-

754 3922 1015 4002 psimus,
1044 3920 1270 3982 horum
1297 3920 1381 3983 ita
1410 3921 1819 3997 rescribendi,
1842 3929 1916 3984 ut
1933 3924 2010 3985 ad
2032 3924 2318 3986 ordinem
2344 3925 2807 4005 alphabeticum
2830 3924 3283 4001 redigerentur,
3314 3922 3719 3995 fastidiosam,
3743 3921 3848 3982 sed
3870 3937 4009 3983 non

753 4020 1008 4082 inanem
1040 4037 1249 4081 curam
1280 4021 1551 4101 suscepit
1576 4023 1648 4082 D.
1681 4023 1880 4088 Ballin
1900 4023 1981 4086 de
2010 4025 2393 4100 Saint-Paul,
2419 4027 2514 4089 vir
2541 4044 2576 4088 a
2605 4024 2967 4087 liberalibus
3006 4023 3353 4104 disciplinis
3400 4039 3529 4084 non
3578 4022 3847 4095 alienus,
3893 4024 4005 4083 cui

750 4138 861 4184 sua
889 4120 1023 4182 laus
1052 4128 1437 4198 permaneat.

830 4222 978 4281 Htec
1003 4236 1144 4298 quae
1173 4236 1289 4282 nec
1320 4221 1522 4301 plura,
1555 4241 1674 4286 nec
1704 4225 2000 4305 pauciora
2044 4224 2329 4299 fecimus,
2379 4224 2656 4286 attendat
2715 4223 2930 4301 lector,
2971 4230 3034 4285 et
3089 4229 3300 4283 utrum
3330 4220 3411 4283 de
3440 4218 3780 4283 Christiana
3816 4234 4008 4298 repu-

752 4320 915 4384 blica
949 4318 1235 4385 nonnihil
1265 4321 1429 4385 bene
1457 4325 1651 4387 simus
1679 4326 1903 4401 meriti,
1936 4326 2361 4405 indulgentior
2392 4326 2710 4405 dijudicet.
