4116 6502
741 335 844 390 199

1974 342 2032 397 S.
2070 340 2401 397 CREGORI]
2443 340 2787 397 THEOLOGI

3910 349 4014 404 200

737 451 922 505 dinem
959 450 1242 507 hominum
1287 452 1630 510 Salvatorem
1658 459 1870 512 factum
1905 474 2061 524 esse,
2120 469 2176 514 et
2230 469 2309 514 ha-

2433 459 2632 528 μένου,
2690 459 2992 528 φαντασίας
3046 461 3105 515 δέ
3153 480 3300 526 τινος
3355 464 3642 535 άπατηλῆς
3703 468 3798 520 καὶ
3852 464 4014 531 δοκή-

734 541 852 596 bltu
891 542 1172 597 inventum
1215 553 1273 599 ut
1314 545 1626 601 hominem:
1681 548 1839 618 quasi
1877 549 1965 607 his
1999 554 2182 607 verbis
2214 570 2321 607 non

738 633 979 689 humana
1039 636 1214 691 forma
1282 638 1662 709 signiﬁcetur,
1703 643 1797 696 sed
1859 642 2022 698 fallax
2074 646 2324 715 quaedam

736 727 951 795 Species
979 737 1033 782 et
1066 729 1276 799 Opinio.

807 817 1078 886 Quoniam
1110 822 1278 891 igitur
1321 838 1399 877 ea:
1428 839 1625 887 voces,
1662 825 1708 879 si
1744 835 1893 880 recte
1920 826 2318 898 intelligantur,

733 925 862 964 cum
904 911 1107 981 pietate
1158 913 1468 982 conjuncta:
1521 924 1684 983 sunt;
1742 918 1787 971 si
1839 933 2122 986 perperam
2157 935 2323 987 expo-

734 1011 958 1067 nantur,
999 1002 1280 1072 impietate
1320 1021 1428 1058 non
1456 1016 1667 1071 carent,
1705 1008 1836 1077 quid
1882 1011 2103 1071 mirum,
2145 1011 2190 1064 si
2231 1009 2323 1063 Vi-

734 1094 850 1146 talii
878 1109 1098 1163 quoque
1128 1100 1289 1149 verba
1322 1112 1424 1149 nos
1452 1096 1696 1166 quidem,
1727 1097 1800 1151 ita
1836 1101 2104 1154 suadente
2129 1101 2322 1154 volun-

732 1191 874 1248 tate,
908 1185 965 1238 in
1022 1186 1171 1253 pium
1234 1202 1459 1240 sensum
1517 1188 1864 1257 accepimus,
1909 1189 1999 1242 alii
2037 1199 2217 1244 autem
2254 1190 2320 1243 ad

730 1291 946 1339 eorum,
978 1292 1099 1346 qua:
1139 1277 1342 1346 scripta
1377 1287 1528 1336 sunt.
1562 1288 1799 1334 mentem
1841 1291 2243 1349 exasperantur
2267 1290 2320 1336 et

731 1363 1191 1420 inﬂammantur?
1219 1365 1375 1432 Quod
1421 1369 1585 1421 etiam
1644 1368 1698 1420 in
1750 1385 1918 1423 causa
1966 1369 2135 1423 fuisse
2174 1386 2316 1434 reor,

728 1472 830 1510 cur
864 1457 980 1527 ipse
1002 1474 1220 1528 quoque
1253 1458 1519 1514 Damasus
1543 1504 1555 1521 .
1583 1476 1707 1513 eum
1745 1469 1930 1529 postea
1959 1463 2161 1515 rectius
2189 1461 2319 1515 edo-

727 1557 852 1604 ctus
882 1549 1100 1614 fuisset,
1147 1551 1420 1620 simrulque
1453 1552 1506 1604 in
1540 1553 1788 1621 pristinis
1822 1568 1916 1606 eos
1963 1553 2319 1622 expositioni-

727 1636 830 1694 bus
860 1650 1107 1711 perstare
1133 1641 1419 1704 audiisset,
1461 1659 1558 1697 eos
1598 1645 1666 1696 ab
1704 1641 1960 1698 Ecclesize
1989 1654 2132 1698 coetu
2166 1645 2320 1698 abdi-

725 1733 903 1798 carit,
956 1731 1190 1803 ﬁdeique
1236 1735 1475 1789 libellum
1526 1751 1651 1788 cum
1685 1737 2140 1790 anathemalismo
2167 1735 2316 1789 dele—

2433 566 2594 615 σεως.

2516 817 2730 886 Ἐπειδὴ
2779 819 2959 871 τοίνυν
2995 835 3049 870 αι
3096 820 3269 883 φωναὶ
3309 816 3466 875 αὗται
3505 822 3646 891 (18),
3689 822 3867 886 καλῶς
3916 828 4015 892 μὲν

2431 909 2738 978 νοούμεναι,
2783 910 2918 979 μετὰ
2974 911 3072 979 τῆς
3126 911 3406 977 εὐσεδείας
3442 915 3570 975 εἰσὶ,
3613 917 3796 978 κακῶς
3832 916 3887 967 δὲ
3931 915 4015 978 ἐξ-

2431 1001 2753 1070 ηγούμεναι,
2783 1003 2840 1053 τὸ
2871 1002 3128 1065 δυσσεϐὲς
3156 1003 3358 1073 ἔχουσι,
3393 1006 3443 1056 τί
3475 1005 3808 1075 Θαυμαστὸν,
3838 1009 3886 1059 εί
3917 1008 4014 1058 καὶ

2428 1095 2555 1155 τοὺς
2604 1093 2886 1146 Οὑῐταλίου
2937 1094 3158 1162 λόγους,
3196 1098 3356 1166 ἡμεῖς
3395 1098 3493 1166 μὲν
3545 1099 3638 1149 ἐπὶ
3691 1099 3753 1150 τὸ
3796 1098 4018 1152 εὐσεϐέ-

2431 1201 2620 1256 στερον
2649 1187 2970 1256 ἐδεξάμεθα.
3006 1187 3148 1240 οὕτω
3178 1187 3271 1240 τοῦ
3313 1187 3489 1242 Θέλειν
3528 1189 3823 1252 πείθοντος,
3862 1191 4016 1244 ἄλλοι

2427 1279 2484 1332 δὲ
2522 1276 2659 1348 πρὸς
2707 1279 2800 1332 τὸν
2843 1280 2951 1333 τῶν
2993 1280 3395 1351 γεγραμμένων
3433 1282 3557 1334 νοῦν
3599 1284 4012 1352 ἀγριαίνουσιν;

2427 1371 2455 1423 ὅ
2483 1388 2571 1440 μοι
2603 1370 2769 1432 δοκεῖ,
2808 1371 2900 1424 καὶ
2942 1371 3194 1439 Δάμασος
3223 1373 3385 1435 αὐτὸς
3437 1372 3861 1442 μεταδιδαχθεὶς,
3921 1375 4016 1425 καὶ

2427 1457 2544 1527 ἅμα
2573 1459 2875 1526 πυθόμενος
2894 1461 2989 1511 ἐπὶ
3017 1459 3124 1511 τῶν
3154 1460 3436 1531 προτέρων
3466 1462 3649 1531 μένειν
3680 1462 3788 1529 (19)
3815 1464 4016 1524 αὐτοὺς

2427 1547 2759 1619 ἐξηγήσεων.
2797 1550 3218 1619 άποκηρύκτους
3263 1553 3458 1614 αὐτοὺς
3505 1553 3870 1625 πεποιῆσθαι.
3921 1556 4016 1606 καὶ

2425 1641 2486 1693 τὸ
2519 1644 2899 1710 γραμματεῖον
2925 1642 3353 1710 άνατετραφὲναι
3378 1643 3492 1712 (£0)
3524 1643 3622 1713 τῆς
3647 1644 3882 1705 πίστεως
3916 1647 4014 1697 σὺν

2426 1732 2884 1802 ἁναθεματισμῷ·
2925 1736 3017 1785 καὶ
3053 1734 3187 1803 πρὸς
3233 1735 3403 1802 αὐτὴν
3443 1734 3540 1803 τὴν
3586 1736 3800 1803 ἀπάτην
3831 1734 4017 1788 αὐτῶν

723 1826 897 1879 verit:
933 1835 1049 1878 tum
1082 1827 1243 1879 etiam
1283 1827 1429 1895 quod
1483 1825 1726 1880 fraudem
1757 1844 1876 1881 eam
1903 1869 1917 1889 ,
1954 1830 2006 1880 in
2037 1844 2198 1897 quam
2228 1844 2309 1897 per

2426 1824 2781 1893 δυσχεράνας,
2815 1825 2884 1894 ἢν
2909 1825 3111 1877 ἔπαθεν
3132 1825 3192 1889 ἑξ
3225 1826 3545 1895 ἁπλότητος.

723 1913 1131 1982 simplicitatem
1158 1917 1422 1969 inciderat
1443 1956 1457 1978 ,
1486 1919 1811 1986 permoleste
1843 1918 2028 1972 ferret.

795 2002 999 2057 Harum
1063 2006 1246 2073 itaque
1296 2023 1480 2060 rerqu
1547 2023 1672 2060 cum
1732 2009 2018 2063 manifeste
2075 2010 2312 2064 convicti

722 2104 886 2156 sunt,
933 2111 1040 2149 non
1071 2093 1442 2166 indignatione
1469 2097 1794 2159 afﬁciantur.
1831 2099 1923 2151 sed
1963 2102 2166 2169 pudore
2196 2103 2313 2155 suf-

725 2187 1060 2251 fundantur;
1094 2204 1203 2243 non
1232 2186 1530 2244 mendaciis
1561 2206 1662 2244 nos
1711 2191 1989 2244 inccssant
2013 2231 2028 2254 ,
2063 2193 2157 2246 sed
2194 2193 2313 2245 ani-

721 2295 841 2334 mos
879 2280 1230 2348 deprimant,
1281 2295 1345 2335 ac
1383 2296 1639 2352 magnum
1672 2281 1801 2335 illud
1841 2292 1894 2336 et
1928 2281 2308 2336 admirandum

718 2369 1061 2424 orthodoxia:
1082 2370 1319 2440 elogiqu
1349 2378 1403 2424 et
1429 2371 1760 2439 prarconium
1799 2387 1865 2426 ex
1906 2373 2102 2426 :edium
2143 2373 2309 2426 vesti-

720 2464 864 2517 bulis
904 2473 1221 2533 expungant
1247 2504 1263 2526 ,
1309 2479 1419 2533 quo
1460 2463 1790 2533 ingressuris
1829 2467 2013 2519 statim
2049 2482 2171 2520 cum
2206 2467 2310 2518 hu—

717 2550 956 2622 iusmodi
985 2553 1290 2622 quastione
1325 2568 1390 2608 ac
1422 2553 1773 2608 distinctione
1811 2563 2130 2614 occurrunt,
2166 2553 2310 2608 Ado-

719 2645 949 2698 randum
992 2645 1245 2699 videlicet
1294 2661 1456 2708 esse,
1513 2660 1620 2698 non
1675 2645 1946 2700 hominem
2007 2645 2308 2712 Deiferum,

718 2737 816 2791 sed
855 2735 1022 2790 Deum
1059 2734 1410 2790 carniferum.
1449 2735 1568 2802 Quo
1597 2736 1726 2807 quid
1755 2738 1978 2793 stultius
2015 2739 2140 2809 ﬁngi
2177 2753 2308 2807 pos-

717 2830 828 2892 sit,
860 2843 1188 2899 magnopere
1217 2828 1342 2883 licet
1367 2829 1470 2882 hoc
1502 2829 1720 2884 nomine
1743 2831 2046 2899 glorientur
2076 2831 2198 2885 novi
2231 2831 2307 2884 illi

717 2920 968 2974 veritatis
1003 2921 1324 2990 prmcones?
1359 2919 1622 2985 Quamvis
1662 2920 1806 2975 enim
1829 2962 1844 2983 ,
1877 2922 1948 2975 ob
1977 2921 2308 2977 inversionis

717 3009 1056 3065 celeritatem
1083 3050 1099 3074 ,
1131 3009 1486 3080 snphisticam
1525 3011 1761 3078 aliquam
1811 3013 2040 3082 gratiam
2089 3014 2305 3075 habeat,

2493 2002 2660 2055 Ταῦτ’
2695 2001 2787 2056 οὖν
2835 2004 3184 2074 ἐληλεγμένοι
3231 2006 3440 2073 σαφῶς,
3487 2007 3561 2076 μὴ
3609 2005 4018 2075 χαλεπαινέτω-

2426 2111 2546 2157 σαν,
2589 2095 2704 2149 ἀλλ’
2751 2096 3234 2168 ὲντρεπέσθωσαν,
3271 2097 3406 2166 μηδὲ
3460 2097 4012 2164 καταψευδέσοωσαν,

2417 2190 2554 2243 ἀλλὰ
2591 2190 3063 2242 συστελλέσοωσαν
3088 2230 3102 2252 ,
3140 2191 3235 2243 καὶ
3282 2191 3389 2241 τῶν
3438 2189 3695 2242 πυλώνων
3728 2189 4015 2260 ἐξαλειφέ-

2416 2297 2597 2332 τωσαν
2650 2280 2712 2333 τὸ
2766 2281 2908 2350 μέγα
2949 2283 3042 2333 καὶ
3095 2281 3410 2351 Θαυμαστὸν
3456 2282 3633 2333 αὐτῶν
3682 2285 3857 2334 έκεῖνο
3895 2283 4017 2352 (21)

2419 2373 2766 2444 πρόγραμμά
2811 2389 2868 2425 τε
2904 2374 2997 2425 καὶ
3039 2373 3297 2442 κήρυγμα
3338 2373 3437 2440 τῆς
3476 2372 3815 2441 όρΘοδοξίας,
3867 2372 4017 2441 μετὰ

2417 2464 2731 2534 ζητήματος
2759 2463 2921 2526 εὐθὺς
2962 2463 3314 2525 ἁπαντῶντες
3343 2465 3454 2525 τοῖς
3485 2464 3713 2515 εἰσιοῦσι
3757 2462 3851 2515 καὶ
3894 2463 4018 2517 δια-

2418 2557 2688 2627 κρίσεως,
2739 2556 2800 2608 τὸ
2846 2555 2958 2607 δεῖν
2992 2559 3318 2626 προσκυνεῖν
3363 2557 3436 2627 μὴ
3485 2557 3770 2627 ᾶνὺρωπον
3818 2557 4018 2625 Θεοφό-

2417 2664 2545 2719 ρον,
2583 2645 2718 2698 ἀλλὰ
2760 2645 2892 2698 Θεὸν
2938 2647 3296 2717 σαρκοφόρον.
3346 2641 3420 2699 Οὖ
3461 2646 3512 2698 τί
3545 2646 3656 2714 (‘22)
3703 2646 3899 2713 γένοιτ’
3944 2647 4016 2700 ἂν

2415 2738 2778 2809 ἀλογώτερον,
2818 2739 2921 2791 κᾶν
2955 2737 3032 2807 τῷ
3068 2739 3274 2808 ῥήματι
3324 2737 3499 2808 τούτῳ
3537 2738 3678 2807 μέγα
3709 2737 3818 2806 (25)
3869 2756 4014 2809 φρο-

2416 2829 2581 2884 νῶσιν
2607 2831 2656 2880 οἱ
2696 2829 2806 2881 νέοι
2830 2827 2930 2896 τῆς
2974 2827 3227 2897 ἀληθείας
3263 2829 3541 2898 κήρυκες;
3576 2828 3735 2897 χάριν
3765 2828 3863 2896 μὲν
3899 2829 4018 2901 γάρ

2414 2922 2528 2993 ἔχει
2555 2920 2679 2974 τινὰ
2710 2919 3028 2990 σοφιστικὴν
3061 2918 3139 2989 τῷ
3165 2920 3322 2988 τάχει
3357 2919 3459 2988 τῆς
3490 2919 3873 2990 ἀπιεῖ-τροφῆς,
3917 2921 4018 2974 καὶ

2414 3013 2794 3084 ψηφολογικὴν
2836 3012 3155 3084 τερατείαν,
3195 3012 3323 3073 τοὺς
3369 3010 3724 3074 ἀπαιδεύτους
3773 3011 4019 3082 τέρπου-

716 3111 772 3158 et
803 3103 951 3156 velut
989 3104 1044 3156 in
1085 3103 1422 3156 calculorum
1452 3103 1838 3167 subductione,
1879 3104 2306 3160 ludiﬁcationem

2417 3125 2516 3160 σαν
2542 3125 2553 3136 ·
2588 3105 2781 3158 ἔστιδὲ
2801 3104 2910 3158 τῶν
2941 3105 3165 3172 γελοίων
3193 3102 3553 3176 γελοιότερον,
3584 3104 3678 3156 καὶ
3703 3103 3809 3155 τῶν
3836 3104 4013 3157 ἀσυν-

715 3198 1030 3270 quamdam,
1074 3198 1450 3267 imperitorum
1483 3198 1697 3252 animos
1727 3199 2092 3252 obiectantem
2121 3216 2135 3253 :
2171 3199 2306 3253 nihil

2415 3198 2549 3251 έτων
2603 3196 3026 3267 ἁσυνετὼτερον.
3080 3196 3142 3249 Et
3192 3194 3302 3266 γάρ
3358 3212 3441 3258 τις
3491 3193 3815 3265 μεταϐαλὼν
3865 3195 4011 3266 τὴν,

715 3304 898 3346 tamen
937 3308 1090 3361 teque
1122 3292 1449 3355 ridiculum,
1493 3291 1632 3344 nihil
1671 3305 1824 3359 aeque
1853 3291 2079 3344 stultum
2110 3298 2164 3346 et
2199 3300 2312 3346 διο-

717 3386 887 3438 lidum
910 3384 1206 3455 excogitari
1236 3393 1435 3453 potest.
1479 3380 1614 3435 Nam
1654 3382 1700 3436 si
1734 3385 1860 3451 quis
1891 3384 2178 3437 immutate
2208 3384 2310 3437 hoc

716 3477 1022 3538 vocabulo,
1077 3475 1256 3539 homo,
1288 3484 1453 3544 atque
1507 3476 1634 3529 item
1670 3475 1773 3529 hac
1826 3489 1996 3538 voce,
2047 3492 2202 3539 caro,
2257 3477 2310 3529 in

720 3568 888 3622 Deum
939 3569 1211 3636 (quorum
1270 3566 1478 3624 scilicet
1534 3565 1767 3620 alterum
1816 3565 2019 3629 nobis,
2079 3566 2309 3621 alterum

719 3658 855 3728 ipsis
885 3659 1116 3726 placetl,
1152 3667 1341 3728 postea
1375 3658 1573 3711 eximia
1611 3659 1715 3712 ista
1742 3667 1795 3712 et
1822 3658 2088 3711 divinitus
2121 3659 2310 3727 cogni-

716 3759 772 3803 ta
805 3750 1115 3804 inversione
1152 3757 1362 3813 utatur,
1396 3751 1526 3820 quid
1553 3750 1918 3804 conﬁcietur?
1945 3766 2136 3818 nempe
2176 3751 2309 3803 ado-

718 3843 828 3895 rari
863 3840 1062 3895 debere
1087 3883 1102 3907 ,
1149 3856 1258 3893 non
1299 3857 1521 3895 carnem
1554 3840 1817 3895 deiferam
1845 3883 1860 3905 ,
1890 3839 1984 3895 sed
2011 3840 2178 3894 Deum
2207 3843 2308 3895 ho-

714 3932 1054 3988 minifernm.
1084 3932 1129 3988 Ο
1157 3934 1433 4004 ingentem
1461 3934 1892 3991 absurditatem!
1927 3933 2305 3988 absconditam

716 4030 834 4093 post
849 4021 958 4093 97
971 4021 1248 4091 Christum
1262 4024 1584 4092 sapientiam
1602 4023 1763 4079 hodie
1776 4023 1933 4078 nobis
1947 4023 2304 4078 annuntiant:

717 4115 769 4166 icl
796 4116 939 4184 quod
972 4129 1105 4170 sane
1140 4115 1398 4186 lacryinis
1439 4116 1663 4186 dignum
1695 4125 1799 4170 est.
1837 4113 1970 4168 Nam
1996 4117 2040 4170 si
2083 4117 2305 4186 triginta

713 4206 982 4260 duntaxat
1023 4207 1222 4261 abhinc
1254 4208 1413 4261 annis
1444 4207 1580 4263 ﬁdes
1612 4206 1828 4260 initium
1869 4208 2135 4278 sumpsit,
2181 4223 2305 4261 eum

714 4297 1098 4367 quadringenti
1123 4299 1235 4367 jam
1263 4298 1374 4353 fere
1402 4301 1528 4352 anni
1569 4299 1825 4355 fluxerint
1849 4317 1879 4354 a
1911 4315 2019 4370 quo
2049 4300 2306 4355 Christus

714 4388 1100 4445 manifestam:
1127 4401 1254 4455 est,
1291 4390 1454 4445 inane
1486 4393 1674 4461 utique
1707 4399 1859 4446 tanto
1907 4402 2152 4461 tempore
2203 4391 2305 4444 fuit

2412 3293 2745 3360 ἄνθρωπος,
2776 3290 2982 3361 φωνὴν,
3015 3290 3108 3343 καὶ
3143 3289 3264 3358 τὴν,
3297 3287 3476 3356 σὰρξ,
3503 3291 3582 3350 είς
3624 3286 3757 3339 Θεὸν
3793 3277 3910 3354 (ὧν
3949 3288 4016 3340 τὸ

2417 3386 2516 3455 μὲν
2563 3385 2693 3453 ἡμῖν
2730 3383 2976 3452 ἀρέσκει,
3011 3381 3072 3433 τὸ
3119 3381 3174 3432 δὲ
3213 3381 3464 3450 αὐτοῖς),
3507 3379 3701 3432 ἔπειτα
3749 3383 3814 3450 τῇ
3853 3382 4015 3434 ἀντι-

2415 3477 2624 3545 στροφῇ
2661 3473 2773 3545 (24)
2809 3475 3078 3545 χρήσαιτο
3114 3474 3180 3541 τῇ
3211 3471 3492 3541 Θαυμασίᾳ
3536 3472 3710 3544 ταύτῃ
3756 3472 3850 3525 καὶ
3885 3472 4016 3526 θεο-

2411 3566 2638 3634 γνώστῳ
2671 3564 2807 3634 (25),
2838 3565 2889 3616 τί
2937 3564 3368 3634 συναχθήσεται;
3421 3564 3483 3616 τὸ
3519 3564 3628 3616 δεῖν
3674 3569 4013 3634 προσκυνεῖν

2414 3657 2491 3727 μὴ
2537 3658 2714 3724 σάρκα
2759 3655 3049 3728 θεοφόρον,
3105 3655 3242 3708 ἀλλὰ
3274 3657 3407 3708 Θεὸν
3455 3655 3900 3727 ἀνθρωποφόρσν.
3941 3660 4012 3714 Ὃ

2410 3749 2510 3817 τῆς
2552 3749 2813 3807 άτοπίαςί
2866 3747 2966 3818 τὴν
3021 3747 3523 3818 ἀποκεκρυμμένην
3579 3748 3718 3818 μετὰ
3764 3749 4010 3818 Χριστὸν

2412 3840 2604 3907 σοφίαν
2651 3822 2892 3910 σήμερον
2939 3841 3071 3909 ἡμῖν
3123 3838 3584 3907 καταγγέλλουσιν
3621 3838 3764 3908 ('26),
3813 3839 3898 3907 ἐφ’
3956 3836 4008 3910 ᾧ

2409 3932 2502 3983 καὶ
2529 3931 2790 4000 δακρύειν
2833 3931 3003 3996 ἄξιον.
3046 3930 3107 3982 Et
3141 3930 3248 4000 γάρ
3302 3930 3407 4000 πρὸ
3451 3929 3747 3999 τριάκοντα
3791 3930 4010 3987 τούτων

2409 4022 2547 4076 ἑτῶν
2605 4026 2638 4091 ἠ
2692 4023 2874 4085 πίστις
2919 4022 3152 4092 ἤρξατο,
3196 4023 3566 4092 τετρακοσίων
3619 4022 3806 4091 σχεδὸν
3857 4023 4006 4078 ἑτῶν

2408 4117 2708 4182 γεγονότων
2753 4113 2846 4183 ἀφ’
2898 4107 2959 4166 οὗ
2995 4113 3228 4184 Χριστὸς
3274 4114 3685 4184 πεφανέρωται,
3733 4113 3886 4167 κενὸν
3938 4118 4003 4168 ἐν

2405 4205 2646 4274 τοσούτῳ
2691 4205 2869 4276 χρόνῳ
2913 4204 2975 4256 τὸ
3024 4205 3357 4272 Εὐαγγέλιον
3391 4203 3584 4274 ἡμῶν,
3621 4204 3750 4274 κενὴ
3798 4203 3854 4256 δὲ
3901 4206 4002 4258 καὶ

2405 4300 2438 4368 ἡ
2484 4298 2668 4359 πίστις
2703 4296 2894 4365 ἡμῶν,
2945 4297 3040 4348 καί
3087 4296 3264 4365 μάτην
3301 4297 3350 4348 οι
3404 4296 3502 4365 μὲν
3546 4296 4004 4367 μαρτυρήσαντες

2407 4388 2828 4458 ἐμαρτύρησαν,
2875 4389 3052 4459 μάτην
3081 4388 3135 4440 δὲ
3188 4387 3281 4440 τοῦ
3317 4387 3448 4441 λαοῦ
3484 4388 3596 4459 (27)
3648 4389 3999 4460 προέστησαν

718 4478 1068 4550 Evangelium
1095 4524 1108 4545 ,
1136 4481 1317 4536 inanis
1345 4484 1510 4535 etiam
1553 4482 1686 4537 ﬁdes
1724 4491 1913 4538 nostra
1941 4523 1956 4546 ,
1989 4481 2302 4551 frustraque

2415 4479 2457 4530 οί
2485 4477 2714 4530 τοιοῦτοι
2748 4477 2842 4529 καὶ
2893 4477 3202 4547 τηλικοῦτοι
3243 4478 3569 4548 προστάται.
3614 4479 3707 4530 καὶ
3738 4477 3846 4529 τῶν
3892 4477 3999 4545 μέ-

716 4579 986 4640 martyres
1040 4570 1306 4640 martyrio
1354 4571 1628 4640 perfuncti
1687 4579 1854 4637 sunt,
1908 4571 2109 4627 frustra
2162 4573 2300 4627 tales

715 4661 964 4731 tantique
993 4661 1270 4716 antistites
1314 4662 1456 4732 plebi
1497 4664 1861 4736 praefuerunt,
1906 4679 2296 4736 versuumque,

715 4767 825 4807 non
856 4759 1037 4806 autem
1075 4751 1200 4808 ﬁdei
1224 4792 1240 4817 ,
1281 4761 1366 4809 est
1393 4754 1589 4823 gratia.

791 4929 903 4998 (l8)
942 4932 1155 4984 Τοίνυν
1181 4933 1240 4984 αἱ
1266 4931 1455 4999 φωναί
1475 4928 1670 4988 αὗται.
1699 4931 1773 4986 Ita
1798 4933 1953 4987 Colb.
1987 4934 2041 4998 ὅ,
2063 4933 2116 4993 6,
2155 4933 2208 4995 9,
2242 4948 2294 4996 a,

716 4998 955 5121 Mentire.
983 5041 995 5064 ,
1032 5001 1216 5056 Morel.
1250 4998 1304 5055 et
1344 5001 1588 5058 Combef.
1635 5002 1690 5056 In
1728 5003 1862 5058 edit.
1909 5004 2091 5057 τοίνυν
2134 5004 2297 5058 αὑταὶ

718 5087 869 5121 ωωνα

934 5141 1239 5214 Προτέρων
1265 5139 1489 5214 μένειν.
1533 5142 1686 5196 Colb.
1720 5145 1753 5199 5
1794 5154 1848 5198 et
1885 5143 2132 5198 Combef.
2168 5161 2296 5214 προ-

715 5209 892 5280 τέρων
918 5212 1098 5284 μένειν
1139 5209 1373 5274 σκοπόν,
1415 5213 1467 5265 in
1512 5214 1860 5268 Dristinarum
1901 5231 1986 5268 eos
2017 5209 2296 5284 expositio-

717 5295 841 5332 num
861 5281 1132 5349 proposito
1156 5289 1414 5349 perstare.

791 5348 903 5417 (20)
943 5348 1442 5418 Ἁνατετραφέναι.
1489 5351 1643 5406 Colb.
1679 5352 1733 5415 3,
1777 5365 1830 5408 et
1871 5353 2116 5409 Combef.
2164 5354 2298 5407 ἁνα-

716 5417 1087 5541 ιᾶεέραὲρέναι,
1136 5417 1260 5474 cum
1314 5422 1756 5477 anathemalismo
1806 5425 2140 5477 monimentis
2185 5434 2287 5476 tra-

759 5505 772 5540 ι
812 5505 890 5541 ιη
923 5527 937 5541 .

759 5505 937 5541 iacnt.

791 5557 1132 5630 (2_1)Ai)tér
1164 5558 1382 5616 ἐκεῖνο.
1417 5561 1496 5615 Ita
1524 5560 1681 5616 Colh.
1712 5561 1766 5628 5,
1800 5563 1853 5630 6,
1881 5565 1937 5628 9,
1987 5579 2039 5618 a.
2066 5564 2125 5618 in
2159 5563 2292 5621 edit.

721 5627 901 5681 αὐτῶν
937 5628 1038 5681 οὐκ
1072 5630 1269 5683 έκεῖνο.

790 5697 904 5825 ἓ)
1037 5700 1112 5752 τί.
1149 5699 1452 5787 Cod.'Reg.
1484 5701 1526 5754 Β
1565 5711 1620 5755 et
1652 5702 1807 5788 Colb:
1844 5720 1894 5766 a,
1927 5706 2119 5757 τούτου
2147 5704 2221 5756 τί.

883 5768 902 5825 )
955 5768 1181 5823 Prima
1215 5787 1402 5825 τοι-τω
1430 5772 1598 5825 μένα.
1642 5771 1716 5825 Ita
1767 5775 1922 5825 (.olh.
1973 5775 2026 5825 5.
2063 5775 2115 5825 6.
2153 5775 2207 5825 9.

883 5768 902 5825 i
939 5768 1181 5823 Ῥήιιατι
1215 5768 1598 5844 τούτῳηιέγα.
1642 5771 1716 5825 Ita
1767 5775 1922 5828 (.‘olh.
1973 5775 2026 5838 3,
2063 5775 2115 5835 6,
2153 5775 2207 5840 9,
2240 5782 2293 5829 et

2402 4586 2546 4641 τρων
2573 4570 2605 4637 ἡ
2635 4569 2815 4639 χάρις,
2847 4567 2962 4620 ἀλλ’
2994 4568 3054 4620 οὐ
3081 4567 3181 4637 τῆς
3208 4568 3462 4632 πίστεως.

2402 4943 2534 5012 Reg.
2566 4942 2626 5006 Β,
2653 4942 2912 5009 Hontac.,
2938 4943 3126 5000 Morel.
3153 4953 3206 5001 et
3244 4945 3492 5002 Combef.
3522 4947 3577 5002 ln
3611 4948 3740 5004 edit.
3777 4952 3993 5021 ῥήματι

2403 5014 2546 5064 μέγα
2576 5013 2755 5064 τοῦτο.

2512 5030 2546 5065 α
2576 5031 2755 5068 τουτο.

2403 5031 2546 5083 μεγα
2576 5031 2755 5068 τουτο.

2403 5070 2706 5222 τῆξξὲῧῖῇ
2741 5085 3136 5154 ἀναστροφῇ.
3165 5085 3241 5140 Ita
3271 5087 3426 5142 Colb.
3450 5089 3506 5154 δ,
3532 5088 3585 5152 6,
3607 5090 3661 5153 9,
3682 5105 3732 5143 a.
3760 5091 3818 5143 ιη
3843 5091 3986 5148 edit.

2397 5166 2465 5207 τη
2495 5166 2669 5207 deest.

2471 5223 2582 5291 (ΞΒ)
2639 5222 3014 5293 Θεογνώστῳ.
3050 5223 3286 5281 Montar.
3342 5236 3396 5282 et
3448 5226 3634 5282 Morel.
3682 5228 3868 5293 legunt
3928 5243 3990 5286 et

2399 5291 2719 5365 Θεογνώστῳ
2770 5301 2823 5347 et
2853 5292 3220 5365 θεοπνεύστῳ.

2471 5361 2581 5439 (Sp)
2611 5362 2880 5439 ξήμερρν
2899 5365 3043 5439 ἡμῖν·
3067 5361 3605 5439 καταγγέλλουσιν.
3639 5367 3774 5423 Male
3797 5369 3880 5422 vel
3908 5376 3994 5439 ty-

2399 5433 2483 5500 pis
2518 5433 3040 5494 festinantibusvel
3073 5433 3306 5496 calan‘io,
3364 5440 3416 5492 in
3467 5438 3597 5493 edit.
3630 5440 3832 5493 omissa
3877 5433 3989 5494 vox

2397 5501 2556 5581 hodie
2586 5503 2792 5558 :simili
2823 5507 3239 5581 praescriptione
3269 5508 3539 5581 halare-sum
3579 5514 3847 5564 novitates
3873 5525 3984 5565 sat-

2396 5576 2522 5641 pius
2548 5583 2998 5641 con'ipresseruut
3019 5576 3307 5632 Catholici.

2464 5641 2583 5721 (27)
2617 5640 2827 5721 ριᾶζην
2851 5644 3051 5721 ὄὲιτοῦ
3297 5647 3531 5721 Melitae.
3567 5659 3620 5721 et
3654 5647 3844 5706 Morel.
3881 5645 3977 5702 καὶ

2396 5711 2489 5764 τοῦ
2522 5711 2675 5779 λαοῦ,
2711 5714 2897 5784 sicque
2930 5715 3135 5786 legerat
3167 5717 3285 5773 Bill.
3316 5729 3368 5774 et
3394 5719 3729 5776 reddiderat.
