4146 6466
106 426 245 488 845
1257 429 1500 487 SECTIO
1534 431 1598 487 11.
1631 428 1960 485 ΡΟΕΜΑΤΑ
1997 428 2331 486 MORALIA.

100 548 318 613 Χόλος
342 548 638 620 φυλάσσειν
659 548 844 603 πίστιν
867 549 968 603 οὐκ
992 548 1283 603 ἐπίσταται
1301 558 1314 572 '

105 639 237 703 Ὀς
276 640 390 710 γὰρ
413 640 693 694 καθίστατ’
716 641 830 695 οὐδ’
860 640 1059 711 ἀληθὲς
1094 640 1379 703 πολλάκις,

105 729 251 783 460
278 729 407 793 Πῶς
434 730 500 783 ἂν
538 732 803 801 κατάσχοι
836 749 926 802 μοι
958 732 1117 801 χόλος
1152 732 1483 802 μυστήριον;

105 819 369 873 Ἔπειτ⁹
392 821 569 874 ἐκεῖνο
604 824 979 893 σωφρονήσεις
1006 823 1227 887 ἐννοῶν,

116 912 238 975 ὀς
278 914 327 965 εἰ
368 914 467 983 μὲν
503 913 659 968 οὐδέν
684 915 836 967 ἐστιν
867 917 901 987 ὴ
932 915 1080 979 cem;
1110 916 1304 981 κακὸν,

104 1001 270 1053 οὐδ’
302 1002 559 1069 ἐγκαλεῖν
582 1003 821 1056 δίκαιονθ
857 1006 903 1056 εξ
932 1004 978 1057 δ’
1005 1003 1121 1057 ἐστι
1158 1005 1351 1068 κακὸν,

119 1094 239 1159 Ὠς
269 1094 408 1155 ἔστι,
444 1096 539 1149 καί
576 1113 660 1149 σοι
709 1103 981 1165 φαίνεται,
1014 1098 1088 1169 μὴ
1122 1098 1349 1168 αἰσχρὸν

107 1186 249 1239 465
282 1186 545 1256 Πάσχειν,
576 1187 611 1240 ἃ
639 1186 736 1240 τοῦ
757 1187 1059 1258 πάσχοντος
1087 1184 1140 1241 εἴ
1165 1190 1475 1261 κατήγορος
1500 1232 1516 1253 ,

1766 554 1809 609 Α
1856 547 1993 600 Ἀλλ’
2022 547 2252 619 ἠδίκησέ
2276 548 2325 602 σ⁹
2348 567 2362 614 ;
2395 548 2557 602 αὐτὸν
2579 550 2638 602 ού
2661 549 2882 620 δράσεις
2910 548 3118 612 κακῶς.

1858 640 2016 692 Ἀλλὰ
2050 641 2336 711 σχεθήσετ’
2364 658 2378 707 ;
2416 641 2482 694 ἂν
2511 641 2567 693 δὲ
2594 641 2776 695 πλεῖον
2802 642 3036 712 ὲκμανῇ.

1852 730 1961 785 475
1998 732 2159 785 Ἀλλὰ
2183 733 2484 805 προήρξατ’
2511 751 2525 799 ;
2558 734 2695 787 ἀλλὰ
2714 734 3004 805 κλασθήτω
3031 733 3193 803 τάχος

1843 822 1934 893 Τῷ
1970 824 2048 893 σῷ
2077 824 2221 894 λόγῳ
2244 841 2302 877 τε
2339 827 2435 877 καὶ
2463 826 2653 896 τρόπῳ
2678 826 3059 896 περιτραπεὶς,

1845 915 2061 985 Ὥσπερ
2082 932 2134 967 τι
2166 914 2319 986 κῦμα
2342 916 2503 968 λυθὲν
2530 916 2590 969 ἐν
2622 915 2807 987 χέρσῳ
2826 917 3013 987 τάχος,

1846 1008 1912 1057 Ἦ
1945 1008 2037 1059 καὶ
2066 1004 2202 1076 ζάλη
2236 1023 2321 1069 τις
2343 1008 2443 1059 οὐκ
2459 1007 2641 1077 ἑχουσ’
2666 1007 3003 1060 ἀντίστασιν.

1846 1098 2043 1169 ’Ὑϐρις
2075 1097 2189 1151 τάδ’
2220 1098 2405 1164 ὲστίν;
2435 1098 2616 1169 ὕϐρις,
2645 1100 2715 1171 ἢν
2744 1100 3109 1167 συνεκπέσῃς.

1842 1187 1948 1241 480
1983 1190 2051 1241 ’Ἡ
2077 1190 2172 1242 καὶ
2198 1190 2451 1243 νοσοῦσιν
2477 1191 3028 1262 ἀντιλοιδορήσομεν;

112 1277 258 1331 Καὶ
292 1278 369 1349 μὴ
400 1279 490 1331 τὸν
518 1278 715 1349 ἐχθρὸν
741 1279 1040 1349 λαμϐάνειν
1074 1279 1453 1350 παραινέτην;

116 1366 267 1423 Εἶτ’
301 1372 351 1423 εἰ
377 1371 474 1441 μὲν
510 1370 623 1442 ἔστι
665 1371 903 1441 πρόσθεν
933 1371 1033 1423 οὐκ
1060 1371 1380 1442 αἰνούμενος

110 1454 339 1524 Οὗτος,
375 1440 526 1514 όνῢν
562 1440 786 1523 ζέωνίτε
822 1462 918 1514 καὶ
950 1462 1131 1515 πνέων
1173 1440 1396 1533 θράσος,

112 1554 257 1606 Καὶ
287 1552 386 1605 νῦν
409 1554 689 1624 προδήλως
712 1552 832 1605 ἀντὶ
868 1552 963 1606 σοῦ
1002 1552 1409 1625 μεμφθήσεται.

111 1644 249 1696 470
276 1645 339 1696 El
365 1643 407 1696 δ’
430 1642 499 1697 ἂν
524 1642 706 1697 καλῶν
738 1661 843 1706 τις,
877 1643 937 1696 ού
965 1644 1030 1696 σὺ
1056 1642 1228 1707 δόξεις
1270 1648 1588 1715 σωφρονεῖν.

115 1736 290 1807 Πρὸς
314 1734 427 1805 γὰρ
458 1734 520 1786 τὸ
553 1737 806 1805 κρεῖσσον
838 1736 871 1803 ἡ
904 1733 1045 1805 ῥοπὴ
1073 1733 1185 1786 τῶν
1213 1734 1497 1787 πλειόνων.

218 1826 369 1879 Ἀλλ’
394 1822 455 1880 εὖ
486 1826 758 1891 πέπονθες
791 1825 974 1877 πλεῖον
998 1824 1419 1896 ὲγκληθήσεται.

1842 1279 1963 1332 Τῶν
1994 1280 2378 1350 δαιμονώντων
2410 1282 2472 1334 οὐ
2500 1282 2689 1351 φέρεις
2715 1281 2814 1351 τὴν
2843 1282 3132 1348 ἔνστασινς

1845 1370 2068 1423 Τούτων
2096 1372 2242 1440 λέγω
2265 1372 2333 1443 δὴ
2363 1372 2473 1425 τῶν
2504 1372 2883 1425 ὑλακτούντων
2920 1372 3030 1443 βίᾳ.

1842 1463 1981 1527 Τοὺς
2012 1463 2284 1534 ἔκφρονας
2314 1464 2371 1516 δὲ
2410 1464 2507 1517 καὶ
2539 1464 2729 1527 δεινῶς
2764 1465 3116 1535 μεμηνόταςς

1848 1556 1944 1607 “Av
1969 1552 2027 1608 εὖ
2064 1559 2270 1627 φρονῇς
2300 1573 2363 1624 γε
2381 1572 2396 1587 ο
2428 1556 2555 1619 τοὺς
2589 1555 2952 1626 μεθύπλῆγας
2973 1557 3019 1609 δ’
3047 1556 3150 1620 ἔτι,

1842 1635 1947 1701 485
1975 1640 2075 1699 Ὧν
2100 1647 2199 1719 τὴν
2228 1648 2491 1719 φρόνησιν
2512 1650 2545 1718 ή
2576 1647 2716 1717 μέθη
2746 1648 3071 1701 κατέκλυσε.

1842 1738 1907 1789 Τί
1936 1738 1979 1791 δ’
2004 1740 2052 1791 εἰ
2081 1739 2227 1791 κύων
2265 1756 2347 1791 σοι
2377 1739 2719 1810 προσδράμοι
2748 1738 2953 1807 λύσσης
2989 1738 3214 1810 γέμων;

1843 1830 1908 1881 Τί
1930 1829 1975 1882 δ’
2010 1829 2075 1882 ἂν
2113 1830 2363 1901 κάμηλος
2390 1834 2629 1902 φυσικῆς
2667 1829 2729 1894 ἐξ
2760 1829 2974 1902 ὕϐρεως

648 2005 937 2060 Iracundia
972 2004 1134 2059 ﬁdem
1167 2017 1391 2061 servare
1422 2017 1634 2061 nescit:

646 2075 779 2139 Qure
812 2076 960 2130 enim
995 2074 1189 2144 objicit
1216 2090 1363 2145 saepe
1389 2077 1539 2145 quod
1573 2092 1765 2131 verum
1798 2093 1908 2133 non
1934 2088 2040 2143 est,

652 2145 753 2199 460
796 2145 900 2210 Qui
925 2145 1019 2199 fiat
1042 2153 1101 2199 ut
1131 2154 1316 2200 servet
1345 2146 1479 2200 mihi
1512 2146 1799 2200 iracundia
1837 2152 2154 2204 secretum?

649 2213 863 2287 Deinde
882 2216 1220 2287 moderatior
1253 2216 1369 2278 fies,
1407 2216 1522 2270 haec
1553 2225 1736 2271 tecum
1774 2219 2087 2287 recogitans
2116 2237 2132 2285 ;

649 2282 705 2353 Si
734 2284 955 2353 quidem
984 2285 1065 2338 ira
1099 2300 1208 2338 non
1242 2296 1325 2340 est
1352 2287 1582 2346 malum,

645 2351 833 2425 Ecqua
857 2356 1055 2408 iratum
1093 2354 1498 2423 reprehendero
1526 2369 1745 2425 aequum
1777 2362 1905 2421 est;
1938 2356 1989 2411 si
2024 2366 2207 2413 autem
2230 2366 2318 2415 est
2351 2360 2581 2425 malum,

650 2421 719 2495 Ut
740 2421 825 2495 esu
848 2440 907 2495 re
937 2426 1079 2494 ipsa,
1116 2421 1181 2495 ac
1204 2426 1302 2495 tibi
1328 2425 1570 2489 videtur,
1593 2421 1792 2495 ’nonne
1820 2432 1981 2495 turpe
2006 2436 2092 2482 est

646 2493 751 2567 £65
781 2492 988 2567 Eodem
1020 2494 1163 2567 _vit_io
1196 2494 1469 2567 laborare,
1502 2510 1613 2567 quo
1652 2492 1993 2567 laborantem
2028 2498 2199 2553 alium
2225 2499 2609 2567 reprehendis,

646 2562 756 2617 Nec
781 2563 993 2619 hostem
1019 2563 1223 2619 habere
1252 2564 1429 2620 instar
1451 2562 1745 2619 monitoris
1769 2565 1793 2617 τ

644 2631 939 2695 Praeterea,
972 2634 1017 2689 si
1044 2642 1205 2689 antea
1238 2650 1349 2689 non
1378 2642 1498 2690 erat
1529 2634 1828 2689 laudabilis

646 2700 733 2773 is,
752 2704 857 2773 qui
876 2718 1024 2773 nunc
1044 2704 1133 2773 ira
1170 2702 1364 2769 fervet,
1397 2714 1450 2760 et
1478 2705 1656 2773 spirat
1681 2702 1997 2762 audaciam,

646 2771 1003 2852 Asx-.537
1036 2772 1211 2852 Etiam
1240 2789 1391 2852 nunc
1422 2771 1717 2829 manifeste
1749 2771 2176 2852 vituperabitur,
2209 2779 2267 2852 tn
2302 2786 2431 2826 vero
2459 2772 2707 2827 minime.

644 2840 753 2912 βῖυ
773 2840 881 2897 Sin
907 2840 1100 2898 autem
1133 2841 1219 2896 vir
1252 2844 1431 2899 bonus
1464 2852 1571 2908 est,
1591 2852 1650 2897 tu
1686 2857 1796 2897 non
1833 2840 2111 2896 videberis
2139 2844 2363 2912 sapiens
2402 2861 2412 2894 :

646 2908 1028 2984 lri_meliorem
1056 2912 1203 2984 enim
1236 2925 1446 2984 partem
1469 2913 1780 2983 propendet
1795 2912 2151 2984 pars‘major.

718 2979 927 3037 Verum
956 2982 1095 3037 bene
1131 2981 1200 3036 de
1226 2979 1321 3038 illo
1349 2979 1591 3038 meritus
1616 2998 1763 3046 sum,
1789 2979 2010 3051 inquies
2042 2999 2059 3051 ς
2099 2981 2435 3051 hincmagis
2468 2979 2805 3049 culpabitur.

646 3051 715 3121 At
749 3052 951 3121 injuria
982 3062 1035 3107 te
1065 3051 1249 3107 affecit
1284 3068 1460 3108 :cave
1497 3069 1567 3107 ne
1603 3061 1663 3110 tu
1703 3049 1948 3106 vicissim
1985 3049 2189 3121 adicias
2234 3050 2499 3119 improbe.

646 3120 715 3191 At
742 3120 1089 3177 coercebitur
1121 3137 1133 3172 :
1172 3120 1314 3177 forte
1344 3122 1541 3191 majori
1584 3122 1773 3176 furore
1802 3120 2158 3187 corripietur.

646 3190 754 3259 475
780 3192 849 3244 At
885 3192 975 3245 ille
1014 3190 1181 3259 empit
1218 3212 1230 3244 :
1270 3191 1353 3245 fac
1377 3190 1443 3244 ut
1470 3193 1581 3245 cito
1617 3191 1904 3259 frangatur

648 3258 844 3315 Verbis
872 3263 978 3316 tuis
1003 3270 1056 3313 et
1098 3258 1344 3316 moribus
1383 3261 1601 3318 blandis
1635 3258 1981 3316 immutatus.

646 3330 1121 3394 Quemadmodum
1150 3329 1348 3385 ﬂuetus
1376 3331 1442 3384 ad
1464 3339 1667 3385 terram
1704 3329 1980 3399 frangitur
2014 3326 2183 3379 illico.

643 3403 753 3453 Aut
786 3402 1042 3469 procella,
1069 3401 1215 3469 quod
1255 3418 1364 3454 non
1403 3401 1563 3455 habet
1601 3398 1751 3469 quod
1788 3398 1894 3469 ipsi
1928 3399 2217 3469 renitatur.

642 3470 713 3539 At
748 3466 947 3538 probra
979 3466 1101 3525 haec
1117 3481 1247 3524 sunt
1278 3491 1289 3524 :
1320 3473 1522 3539 probra
1555 3466 1713 3532 sane,
1744 3466 1999 3539 si'simul
2040 3466 2228 3521 cadas.

642 3538 750 3610 Q80
781 3541 860 3592 An
890 3541 1113 3610 aegrotis
1144 3538 1331 3594 mutua
1361 3542 1675 3610 inger-emus
1706 3538 1954 3594 convicia
1980 3538 2003 3589 ?

640 3606 831 3663 Nonne
859 3606 1189 3664 agitatorum
1216 3626 1246 3663 a
1272 3606 1522 3663 daemone
1548 3612 1755 3664 toleras
1783 3606 2069 3663 furorem?

639 3678 849 3749 ﬂorum
884 3678 1030 3744 dico,
1065 3680 1160 3749 qui
1195 3680 1245 3732 vi
1284 3681 1461 3734 coacti
1496 3681 1722 3749 latrant.

639 3745 755 3821 Eon
793 3749 903 3803 fers
929 3745 1185 3821 insanos,
1201 3757 1255 3803 et
1282 3752 1524 3821 graviter
1555 3748 1845 3821 furentes?

641 3815 773 3888 Fers
789 3829 963 3888 certe.
993 3822 1036 3874 si
1072 3820 1258 3888 sapis;
1285 3815 1629 3874 Ieinulcntos
1659 3820 1826 3873 etiam

639 3886 747 3941 485
770 3887 1016 3954 Quorum
1048 3886 1315 3944 rationem
1344 3890 1583 3944 ebrietas
1614 3889 1822 3943 obruit.

640 3954 782 4023 Quid
820 3961 866 4012 si
896 3960 1049 4013 canis
1086 3968 1342 4013 accurrat
1376 3959 1661 4013 furiosus?

641 4027 781 4092 Quid
813 4032 857 4083 si
888 4030 1133 4083 eainclus
1168 4029 1404 4081 naturali
1444 4027 1752 4097 petulantia

200 4212 312 4266 .559
357 4209 619 4281 Ἀληθές,
648 4209 724 4263 ita
751 4210 1062 4281 legendum.
1100 4208 1242 4265 Edit.
1280 4210 1507 4281 ἀληθής.

200 4280 315 4335 460
344 4280 553 4345 Χόλος.
584 4280 752 4333 Coisl.
778 4280 953 4349 χόλον.

340 4349 565 4422 Δόξεις.
598 4349 676 4422 ita
703 4349 871 4404 Coisl.
901 4350 1043 4422 Edit.
1081 4350 1261 4422 δόξῃς.

201 4419 311 4474 473
357 4419 633 4486 Ἠδίκησέ
677 4422 769 4481 0";
806 4421 995 4473 αὐτὸν
1026 4423 1099 4475 οὺ
1131 4419 1378 4489 δράσεις
1406 4419 1625 4484 κακῶς.
1654 4420 1730 4471 lta

126 4490 309 4543 Coisl.
346 4490 487 4543 Edit.
530 4490 799 4559 ὴδίκηκε;
835 4490 1019 4553 αὑτός.

1908 4421 2001 4476 481
2041 4406 2401 4474 Ἐἷσέασινκ
2428 4419 2508 4474 Ita
2541 4406 2710 4475 Coisl.
2744 4420 2886 4473 Edit.
2922 4406 3201 4476 ἔκστασῖν.

1452 4671 1784 4730 METRICA
1812 4667 2112 4728 VERSIO.

1759 4858 1803 4915 Β
1836 4861 1901 4908 At
1934 4864 2072 4912 laesit
2101 4862 2188 4908 hic
2215 4870 2337 4909 me:
2370 4864 2427 4910 tu
2457 4870 2589 4910 care
2621 4856 2768 4909 hunc
2797 4856 2962 4913 la‘das
2996 4861 3151 4914 item.

1833 4926 1903 4978 At
1935 4926 2302 4996 reprimetur:
2344 4924 2533 4980 fcrsan
2568 4928 2695 4979 hinc
2719 4936 2933 4980 crescet
2967 4928 3143 4985 furor.

1827 4999 1893 5065 At
1926 4999 2097 5065 erepit
2125 4996 2244 5049 ille:
2286 4998 2541 5063 protinus
2570 4996 2752 5049 verbis
2780 4996 2891 5065 tuis

1828 5064 2160 5135 Frangatur,
2203 5073 2371 5135 atque
2408 5065 2659 5135 moribus
2690 5064 3095 5129 blandissimis.

1828 5134 2054 5191 Solutus
2086 5134 2563 5189 instar’ﬂuetuum
2597 5134 2662 5186 ad
2693 5144 2895 5187 terram
2934 5136 3107 5200 illico,

1825 5209 1934 5257 Ant
1967 5214 2026 5260 ut
2060 5206 2333 5274 procella.
2372 5220 2499 5259 cum
2535 5204 2673 5257 nihil
2711 5206 2992 5259 renititur.

135 4866 371 4922 Servare
399 4858 527 4915 bilis
553 4859 827 4927 impotens
854 4858 1027 4914 nescit
1063 4858 1243 4913 fidem.

137 4936 385 5001 Persa'pe
420 4944 545 4982 nam
578 4926 699 4999 qua:
736 4929 869 5001 falsa
897 4931 1246 5001 proloquitur
1274 4926 1475 5001 libens,

133 4997 363 5059 Occulta
396 4997 635 5068 quonam
662 4997 989 5067 comprimat
1020 4997 1241 5052 tandem
1272 4997 1473 5049 modo?

134 5075 253 5128 Hoc
281 5078 476 5141 praeter
514 5070 618 5141 ista
648 5070 919 5141 cogitans,
958 5069 1297 5123 moderatior

135 5138 425 5199 Redd'eris.
450 5139 535 5191 ira
572 5138 617 5191 si
644 5140 845 5192 malum
881 5154 990 5192 non
1022 5151 1126 5199 est,
1159 5153 1219 5191 ea

134 5216 367 5282 tiaptum
410 5207 857 5282 improbarenon
889 5210 1067 5282 decet.
1107 5208 1201 5282 Sin
1236 5218 1321 5261 est
1350 5208 1579 5269 malum,

139 5278 348 5343 lit'est,
384 5286 437 5332 et
478 5284 602 5332 esSe
625 5278 861 5346 judicas,
900 5279 1027 5347 quid
1054 5280 1294 5347 turpius.

136 5353 335 5419 Quam,
362 5356 604 5419 quemitu
629 5345 695 5402 Vin
730 5349 837 5401 alio
867 5345 1071 5418 carpis,
1113 5345 1217 5403 hoc
1246 5349 1439 5419 morbo
1467 5345 1627 5405 aflici,

136 5418 247 5478 Nec
278 5422 396 5490 ipso
426 5418 493 5471 ab
526 5418 683 5473 hoste
713 5434 907 5487 capere
938 5420 1230 5490 consilium
1268 5427 1359 5471 tuo
1381 5418 1402 5451 "

139 5492 256 5547 Huc
290 5488 449 5549 addc,
478 5493 626 5557 quod
658 5490 703 5544 si
738 5504 845 5558 non
874 5491 1028 5558 prius
1055 5488 1345 5543 laudabilis

139 5561 268 5616 Erat
289 5561 402 5621 hic,
429 5556 593 5613 modo
620 5560 715 5628 qui
752 5556 945 5618 fervet.
983 5567 1038 5615 et
1066 5560 1238 5629 spirat
1276 5558 1450 5622 ferox,

138 5632 290 5686 Nune
320 5633 484 5684 etiam
517 5640 705 5698 aperte
733 5630 994 5694 dedecus,
1026 5647 1133 5683 non
1161 5638 1240 5692 tu,
1291 5632 1443 5683 l‘cret.

142 5702 237 5757 Sin
270 5709 448 5755 autem
482 5701 769 5761 honestus.
806 5702 1091 5770 improbus
1112 5699 1415 5754 videberis.

144 5770 514 5828 Praestantiori
544 5785 669 5839 pars
698 5772 843 5824 enim
874 5771 1047 5839 major
1076 5771 1242 5825 favet.

209 5840 461 5914 ingratus
486 5842 542 5894 in
572 5856 658 5897 me
693 5852 803 5897 est:
836 5842 1060 5910 gravius
1092 5842 1218 5894 hinc
1247 5840 1545 5893 notabitur.

1826 5344 2105 5415 Egrosne
2140 5345 2361 5414 probris
2400 5344 2610 5415 mutuis
2642 5346 2761 5412 ipse
2797 5345 3070 5415 impetes?

1824 5414 2021 5469 Annon
2056 5415 2302 5469 furentes
2340 5414 2547 5484 pateris
2585 5416 2709 5476 hos,
2740 5414 2833 5483 qui
2864 5414 3115 5469 diemone

1826 5487 2141 5557 Agitantnr,
2179 5502 2243 5539 ae
2278 5486 2329 5537 vi
2366 5484 2558 5552 perciti
2593 5484 2932 5557 horrendum
2969 5486 3216 5541 latrant?

1826 5555 2015 5621 Quid?
2050 5565 2235 5611 mente
2267 5568 2460 5623 captos
2494 5569 2601 5607 non
2639 5555 2824 5625 feres?
2863 5564 3013 5610 certe
3042 5557 3211 5625 feres,

1830 5628 1887 5682 Si
1916 5628 2117 5681 mentis
2148 5628 2265 5694 ipse
2289 5641 2348 5679 es
2388 5626 2633 5693 integrae.
2675 5623 2817 5690 Quid
2852 5626 3060 5690 ebrios,

1828 5698 2074 5762 Quorum
2105 5696 2248 5766 [θ’ῑεὶ
2283 5696 2450 5766 nimia
2482 5698 2564 5766 vis
2596 5704 2834 5749 mentem
2876 5696 3103 5750 obruit?

1829 5767 1994 5832 Quid.
2030 5764 2263 5821 rabidus
2291 5765 2356 5819 ad
2396 5773 2447 5820 te
2477 5764 2618 5821 forte
2646 5767 2691 5821 si
2718 5776 2904 5819 currat
2932 5768 3125 5823 canis?

1830 5839 2015 5903 Quid?
2044 5839 2088 5892 si
2117 5837 2360 5891 eamelus
2396 5837 2673 5908 quispiam
2708 5836 2862 5892 ferox
2900 5843 3055 5893 tonet

1825 5280 1892 5345 At
1929 5276 2133 5345 probra
2166 5283 2297 5329 sunt
2330 5276 2477 5328 haec:
2515 5277 2737 5345 probra,
2773 5276 2819 5327 si
2843 5276 3012 5330 cadas
3052 5276 3241 5335 simul.

1903 4208 2008 4265 476
2051 4209 2133 4275 Τῷ
2165 4208 2255 4274 σῷ
2286 4211 2445 4279 λόγῳ
2477 4228 2559 4263 τε.
2593 4208 2670 4263 Ita
2699 4209 2867 4263 Coisl.
2900 4218 2953 4263 ct
2992 4209 3113 4263 Vat.
3140 4210 3339 4268 Deerat
3373 4211 3429 4268 in

1833 4280 1995 4351 editis
2016 4281 2094 4350 τῷ
2126 4280 2225 4351 σῷ,
2256 4290 2321 4351 et
2344 4295 2454 4351 uno
2485 4279 2623 4350 pede
2658 4280 3007 4333 claudicabat
3036 4296 3248 4336 versus.

1907 4350 2009 4403 477
2045 4348 2252 4418 Τὰχὸς.
2287 4348 2459 4403 Coisl.
2486 4348 2704 4419 ’πρᾴιυς-
2749 4351 2867 4401 Vat.
2901 4352 2953 4403 in
2997 4368 3167 4419 marg.
3216 4352 3430 4409 leniter.
