4146 6474
256 549 338 604 π
1008 520 1010 522 ’
1110 595 1113 597 .
1362 534 1606 599 sacrm
1637 542 1698 598 u;
1742 543 2066 600 POEMATA
2105 542 2436 600 MORALIA.

203 661 337 717 280
368 658 538 720 Πάλιν
565 657 739 728 πλέκῃ
777 650 840 709 σὺ
874 657 985 719 τοῖς
1018 653 1320 725 ἀλλοτρίοις
1359 655 1578 716 κακοῖς-

209 753 289 805 Τί
323 769 404 804 σοι
425 751 529 803 τόδ’
553 750 669 803 ἐστὶ
692 749 841 819 τάμὰ
869 749 1107 819 δυστσχή
1117 766 1282 823 ματα,

222 845 327 904 Ὠς
350 842 416 895 ἂν
451 841 708 904 καλέσαις
731 840 931 904 αύτός;
958 841 1028 892 Ἢ
1057 841 1119 893 σὺ
1155 842 1248 893 καὶ
1287 842 1484 906 πονῶν,

215 933 457 1000 Ἦλγεις
487 931 551 984 ἂν
585 928 769 1003 ἦττον,
806 931 1216 1001 συγκάμνοντος
1247 932 1341 986 τοῦ
1378 934 1547 998 πέλας

211 1024 444 1076 Ἐπειτ’
478 1021 733 1084 ἄκουσον,
766 1021 840 1083 ὡς
868 1021 929 1071 ’.τὸ
955 1020 1183 1090 πάσχειν
1209 1022 1308 1073 οὑκ
1333 1023 1445 1074 ἴσον
1463 1039 1474 1051 ·

201 1113 330 1166 285
367 1113 586 1164 Τούτων
615 1111 683 1162 τὰ
722 1111 817 1180 μὲν
847 1109 1101 1181 δέδρακα,
1127 1111 1186 1163 οὑ
1230 1112 1443 1168 πένονθ’
1467 1112 1598 1182 ὲγώ⁶

205 1204 293 1256 'l"o
329 1203 440 1272 γὰρ
475 1202 734 1255 πένεσθαι
768 1201 863 1255 καὶ
889 1201 1152 1255 πλανᾶσθ’
1185 1203 1448 1267 ἑκουσίως

202 1295 407 1362 Ποθῶ,
436 1293 498 1346 τὸ
531 1292 747 1363 δεσμῶν
771 1292 1062 1363 τυγχάνειν
1097 1294 1401 1367 ἐλεύθερος,

203 1387 363 1456 Μηδ’
393 1385 566 1438 ἐνθάδ’
594 1381 732 1437 εἶναι
773 1383 870 1455 τὴν
903 1384 1041 1456 ἐμὴν
1073 1387 1374 1440 κατοικίαν.

202 1478 313 1530 Σοὶ
336 1477 508 1529 ταῦτα
530 1475 762 1544 φίλτατ’,
792 1475 906 1528 ἀλλ’
929 1477 1054 1546 ἐμοὶ
1075 1478 1354 1531 τάναντία.

202 1569 327 1624 290
356 1569 570 1633 Παῦσαι
595 1568 769 1622 λέοντι
804 1571 977 1641 μέτρα
1006 1570 1294 1640 κέρκωπος
1325 1570 1527 1641 φέρων.

203 1659 392 1714 Ταῦτ’
422 1655 515 1714 οὖν
546 1660 789 1730 νομίζεις
817 1660 1132 1732 συμφοράς;
1165 1655 1209 1712 ὧ
1238 1661 1558 1731 συμφορὰςι

204 1754 348 1817 Τοῖς
375 1753 420 1806 δ’
452 1753 692 1825 ἄχθομαι
719 1753 817 1824 μέν
850 1755 975 1822 (καὶ
1002 1754 1109 1824 γὰρ
1137 1755 1238 1807 οὐκ
1262 1755 1592 1824 ἀρνήσομαι,

206 1845 375 1916 Ἔχω
399 1863 453 1900 τι
481 1844 637 1915 κάγὼ
671 1846 766 1899 τοῦ
797 1846 919 1916 χοὸς
944 1846 1038 1899 καὶ
1068 1845 1161 1898 τοῦ
1197 1845 1378 1912 ξύλου,

3404 539 3516 600 873

1846 662 1892 718 Α
1925 657 2036 710 Καὶ
2061 656 2160 726 τῆς
2192 655 2402 708 ἐκεῖθεν
2429 621 2642 724 ἡδονῆς,
2670 651 2958 724 ἅνθρωπος
2981 652 3054 704 ὥν
3073 670 3090 723 )
3111 668 3126 686 ο

1921 751 2027 806 295
2066 750 2203 804 Ἀλλ’
2229 746 2322 801 οὖν
2349 748 2500 819 φέρω
2523 764 2583 800 τε
2627 748 2722 799 καὶ
2755 747 2929 814 στέγω
2956 747 3192 816 πάσχων
3213 744 3355 802 τόδε.

1939 841 2103 913 Ἐμοῦ
2127 842 2188 893 τὸ
2223 841 2454 910 πάσχειν
2490 841 2741 910 κρεῖσσον
2771 839 2802 909 ἢ
2839 837 2932 890 σοῦ
2964 838 3024 890 τὸ
3050 838 3279 893 σθένειν.

1999 934 2230 987 Ἔπειτα
2262 934 2421 985 τοῦτο
2451 931 2995 1002 συνδιασκεψώμεθα.

1926 1029 2128 1098 ’Ἄμφω
2160 1026 2490 1096 κακούμεθ”
2525 1026 2660 1079 ἀλλὰ
2687 1027 2769 1078 σοί
2807 1025 2905 1094 μὲν
2931 1014 3025 1078 τοῦ
3059 1027 3265 1093 τρόπου

1922 1119 2057 1188 Δίκη
2087 1119 2148 1171 τὸ
2181 1118 2413 1188 πάσχειν
2435 1135 2447 1148 ·
2483 1119 2510 1170 ὀ
2542 1117 2742 1189 τρόπος
2777 1120 3084 1188 κατήγορος
3105 1157 3120 1178 ,

1921 1210 2026 1265 500
2055 1212 2127 1264 Τὸ
2156 1212 2353 1282 πικρὸν
2380 1210 2528 1264 ἔνδον
2555 1211 2649 1264 καὶ
2680 1212 2847 1279 σαφὲς
2881 1213 3187 1282 κριτήριον.

1935 1305 2089 1370 Ἐμοὶ
2119 1303 2174 1356 δέ
2208 1321 2290 1366 τις
2326 1303 2594 1374 κάθαρσις
2623 1305 2656 1374 ἡ
2697 1304 2992 1374 μοχθηρὲα,

1922 1395 2033 1447 Καὶ
2060 1394 2160 1462 τῆς
2190 1395 2463 1465 τυχούσης
2492 1395 2723 1465 αἰθάλης
2742 1413 2754 1424 ·
2791 1396 2943 1448 οὔπω
2974 1396 3116 1464 λέγω

1918 1486 2125 1556 Πεῖράν
2151 1487 2252 1538 τιν’
2288 1482 2426 1538 εἶναι
2460 1488 2554 1540 καὶ
2586 1489 2763 1558 πάλην
2796 1489 2857 1540 τὸ
2881 1488 3162 1560 δυσχερὲς.
3262 1511 3264 1513 ’

1933 1574 2021 1636 Ὠς
2052 1574 2117 1626 ἂν
2152 1576 2432 1646 κρατήσας
2466 1577 2558 1628 καὶ
2590 1577 2810 1647 τύχοιμι
2844 1579 2939 1632 τοῦ
2977 1579 3229 1647 στέφους.

1921 1665 2026 1720 505
2054 1666 2118 1718 Τί
2152 1666 2356 1732 ταῦτα;
2392 1669 2477 1732 τίς
2512 1687 2593 1721 σοι
2623 1669 2779 1723 τῶνδ’
2805 1671 2992 1741 ὄνησις
3020 1670 3130 1724 τῶν
3161 1668 3374 1738 λόγωνς

1933 1758 2140 1829 ’ἰατρὸν
2175 1759 2352 1822 οὐδεὶς
2377 1755 2435 1813 εὖ
2465 1761 2680 1831 φρονῶν
2714 1762 2994 1832 σοφίζεται
3015 1779 3030 1793 °

1925 1850 1995 1900 "H
2022 1849 2205 1919 λήσεθ’
2234 1849 2376 1905 οὕτω
2412 1853 2480 1922 τῇ
2515 1852 2656 1918 νόσῳ
2689 1853 3030 1927 διαφθαρείς.

732 2002 839 2058 280
865 2000 1080 2072 Rursus
1107 2000 1404 2057 artificiose
1436 2001 1684 2072 exagitas
1706 2000 1885 2057 aliena
1920 2004 2086 2058 mala.

733 2073 871 2140 Quid
895 2071 962 2124 ad
998 2079 1051 2125 te
1090 2086 1222 2125 mea:
1251 2071 1612 2134 calamitates,

731 2140 1203 2214 Quemadmodum
1239 2140 1355 2214 ipse
1389 2141 1679 2214 appellas?
1699 2142 1946 2214 nunquid
1979 2151 2034 2196 tu
2073 2144 2265 2198 morbo
2299 2151 2593 2214 correptus

732 2213 956 2283 Doleres
987 2212 1210 2283 minus.
1245 2212 1288 2263 si
1322 2210 1512 2283 eodem
1545 2213 1739 2283 morbo
1770 2210 2042 2267 laboraret
2075 2214 2404 2283 proximus?

729 2282 999 2353 Praeterea
1030 2279 1198 2353 audi,
1234 2281 1379 2353 quod
1413 2282 1590 2353 ipsum
1627 2282 1737 2350 pati
1771 2279 2119 2352 nequaquam
2158 2298 2258 2353 par
2289 2285 2384 2340 sit.

728 2352 835 2424 285
860 2350 1066 2424 Horum
1097 2350 1202 2402 alia
1227 2351 1446 2418 quidem
1477 2350 1579 2424 feci
1599 2391 1613 2415 ,
1648 2365 1757 2403 non
1793 2350 1994 2421 passus
2029 2350 2310 2424 sum—ego.

729 2420 864 2474 Nam
905 2422 1062 2488 inops
1095 2435 1218 2473 esse
1248 2427 1303 2473 et
1331 2421 1514 2488 vagari
1555 2429 1750 2489 sponte
1772 2420 1890 2476 mea

728 2489 946 2560 Qupio',
983 2499 1036 2542 et
1071 2489 1311 2560 vinculis
1355 2505 1480 2543 esse
1513 2489 1770 2553 liberum,

727 2558 841 2616 Nec
870 2560 922 2612 in
958 2560 1061 2612 bac
1102 2558 1212 2612 Vita
1241 2559 1398 2613 fixam
1425 2574 1548 2614 esse
1575 2575 1754 2614 meam
1791 2563 2211 2623 habitationem.

731 2629 851 2684 Tibi
886 2630 999 2682 haec
1041 2629 1208 2683 chara
1242 2637 1400 2692 sunt,
1437 2629 1570 2681 mihi
1619 2645 1750 2684 vero
1784 2638 2089 2691 contraria.

727 2700 834 2755 290
867 2698 986 2752 Noli
1022 2699 1236 2754 leonem
1272 2699 1451 2752 metiri
1491 2715 1557 2753 ex
1590 2699 1769 2753 simia.

729 2767 856 2838 Haec
893 2784 1023 2838 ergo
1063 2768 1351 2822 arbitraris
1381 2782 1503 2822 esse
1536 2768 1877 2822 calamitates
1900 2767 1923 2820 ?
1945 2783 1978 2821 ο
2008 2767 2390 2823 calamitates!

730 2837 1071 2908 Quibusdam
1105 2839 1360 2904 equidem
1393 2852 1564 2906 angor
1597 2839 1674 2906 (id
1704 2840 1853 2891 enim
1888 2853 1996 2891 non
2033 2840 2279 2908 negabo:

729 2907 1081 2992 §_60-561
1135 2908 1323 2992 Habeo
1357 2908 1561 2992 quippe
1598 2908 1807 2992 aliquid
1858 2915 2019 2992 teri-ae
2047 2907 2302 2992 Iet’ligni,

728 2976 1022 3048 Et'noaiaf.
1061 2993 1184 3047 quae
1213 2976 1338 3030 inde
1381 2985 1511 3048 nata
1545 2983 1650 3041 est,
1691 2976 2008 3047 Voluptatis,
2045 2976 2211 3034 homo
2253 2992 2381 3033 cum
2416 2977 2586 3048 sim);

727 3047 834 3119 295
875 3046 1264 3119 Verumtamen
1301 3047 1539 3115 perfero,
1568 3054 1641 3119 Aet
1673 3046 1846 3119 tolero
1877 3064 1998 3117 quae
2028 3051 2228 3119 patior.

729 3117 1024 3172 Cruciatus
1054 3131 1210 3171 meus
1247 3119 1471 3185 praestat
1502 3116 1688 3169 robori
1719 3125 1835 3172 tuo.

801 3186 947 3252 Quin
974 3187 1137 3240 etiam
1171 3187 1273 3239 hoc
1305 3201 1412 3238 una
1457 3187 1622 3239 simul
1653 3186 2067 3242 consideremus
2104 3208 2117 3242 :

730 3257 908 3311 Ambo
939 3256 1260 3324 afﬂigimur;
1305 3270 1495 3324 rerum
1527 3255 1626 3307 tibi
1658 3257 1916 3309 vitiorum

729 3324 897 3380 Prena
925 3333 1030 3386 est,
1057 3323 1125 3378 id
1169 3323 1315 3393 quod
1355 3324 1595 3392 pateris;
1642 3324 1748 3394 ipsi
1781 3341 1963 3381 mores
2006 3333 2058 3379 te
2092 3329 2380 3388 accusant,

728 3396 833 3450 500
863 3389 1245 3464 Acerbumque
1278 3405 1330 3449 et
1355 3389 1701 3464 accuratum,
1738 3397 1886 3464 quod
1933 3397 2078 3450 intra
2110 3404 2162 3449 te
2192 3401 2300 3458 est,
2344 3389 2607 3446 tribunal.

730 3465 873 3546 {dilui
900 3480 1049 3546 vero.
1070 3462 1329 3546 mru'nma.
1346 3473 1430 3518 est
1461 3462 1996 3546 qualadamjurgatio

727 3533 826 3590 Vel
859 3536 1084 3590 levioris
1123 3533 1403 3603 fuliginis;
1439 3533 1671 3588 necdum
1703 3533 1828 3590 dico

730 3604 1172 3674 Explorationem
1205 3597 1496 3673 q'uamdam
1538 3615 1659 3657 esse
1689 3615 1742 3658 et
1773 3606 2002 3669 luctam,
2038 3603 2182 3656 hanc
2211 3597 2626 3659 adversitatem.

731 3673 1099 3729 Ut’vincendo
1130 3687 1396 3742 assequar
1427 3685 1708 3742 coronam.

729 3745 836 3799 305
885 3743 1026 3812 Quid
1055 3745 1201 3800 ista?
1227 3735 1475 3813 quasnam
1512 3741 1610 3795 tibi
1635 3755 1700 3813 es
1733 3743 1820 3813 his
1848 3742 2032 3797 verbis
2061 3740 2204 3795 redit
2236 3735 2487 3792 utilitas?

728 3810 941 3869 Medico
979 3829 1140 3869 nemo
1178 3810 1376 3868 mentis
1409 3825 1636 3880 compos
1665 3810 1879 3880 illudit;

731 3881 830 3940 Vel
860 3885 941 3939 sic
973 3884 1182 3958 inscius
1212 3883 1403 3937 morbo
1432 3883 1654 3952 periret.

284 4037 395 4096 280
428 4039 621 4094 Πάλιν
641 4039 858 4108 πλέκῃ.
885 4037 1012 4094 Haec
1046 4046 1131 4093 est
1160 4037 1449 4108 responsio
1484 4033 1759 4108 Gregorii.

287 4108 400 4164 282
423 4109 745 4175 Καλέσαις.
789 4107 863 4163 Ita
911 4110 1076 4163 Coisl.
1115 4118 1167 4164 et
1197 4107 1316 4161 Vat.
1345 4107 1489 4160 Edit.
1519 4107 1807 4175 καλέσσαι.
1853 4149 1856 4152 .

287 4178 398 4234 385
445 4181 675 4234 Τούτων
703 4174 795 4233 τὰ
834 4180 970 4248 μέν.
1026 4177 1131 4232 lies
1184 4179 1443 4231 adversas
1500 4177 1572 4228 ita
1596 4174 1812 4248 Adividit

216 4246 522 4319 Gregorius
575 4260 634 4303 ut
687 4243 955 4317 quasdam
1015 4249 1119 4319 hoc
1159 4248 1396 4319 nomine
1447 4243 1810 4313 appellandas

213 4317 354 4373 esse
377 4328 556 4386 neget,
592 4333 713 4374 cum
751 4317 1078 4372 voluntaria:
1124 4318 1257 4381 sint,
1301 4326 1359 4369 ut
1403 4321 1805 4386 paupertatem,

215 4395 272 4440 et
310 4404 378 4442 ex
416 4383 540 4442 aliis
569 4389 702 4441 locis
748 4389 802 4442 in
839 4389 941 4441 alia
977 4389 1092 4441 loca
1121 4383 1529 4440 oberrationem
1555 4401 1569 4447 ;
1600 4384 1652 4436 in
1684 4383 1808 4435 aliis

214 4465 426 4519 autem,
464 4467 522 4511 ut
553 4461 803 4526 corporis
834 4458 1141 4512 doloribus.
1174 4455 1497 4526 patientiam
1525 4453 1806 4526 adhibeat.
1852 4452 1855 4455 ’

286 4521 814 4608 287.Ποθῷ..ι]οἰδξ.
869 4526 1059 4588 πείθω.
1097 4521 1241 4588 Μόχ,
1289 4540 1411 4593 sup.
1466 4525 1564 4576 lin.
1603 4522 1682 4592 τῷ
1715 4521 1807 4573 δεο

219 4598 398 4666 σμῶν,
422 4598 601 4665 ριό,τδ
625 4598 861 4668 δεσμῶν.
1575 4613 1578 4616 ·

287 4665 397 4746 290
425 4667 683 4747 ῌαῦσαι,
705 4677 813 4722 etc.
842 4665 954 4720 Hoc
973 4665 1350 4747 prorerbium,
1383 4662 1563 4744 inquit
1587 4660 1805 4747 Billius,

215 4747 330 4790 non
353 4737 696 4805 ineleganter
732 4735 988 4805 usurpari
1022 4736 1163 4790 solet
1199 4735 1266 4788 de
1293 4735 1378 4805 iis
1400 4735 1492 4802 qui
1518 4739 1809 4805 propterea

220 4804 367 4876 quod
400 4801 592 4876 ipsi'in
635 4801 1014 4877 voluptatibus
1050 4807 1110 4860 et
1143 4804 1357 4860 deliciis
1395 4801 1674 4858 summum
1711 4801 1782 4853 bo

1916 4044 2048 4084 num
2087 4033 2320 4101 ponunt,
2366 3999 2609 4101 optimos
2638 4019 2813 4101 yiros,
2845 4017 2916 4101 ob
2945 4019 3404 4101 priesentisnvitas
3425 4019 3509 4078 la.

1916 4089 2164 4156 bores'et
2191 4089 2561 4156 calamitates,
2596 4092 2829 4145 miseros
2859 4097 2912 4144 et
2944 4089 3191 4146 infelices
3219 4090 3431 4146 dicunt.

1989 4169 2088 4222 29l
2133 4168 2194 4220 Ὠ
2221 4161 2560 4231 συμφοράς.
2609 4160 2687 4215 Ita
2738 4160 2931 4216 Bi‘llius
2973 4161 3305 4219 emendavit.
3356 4160 3504 4220 l‘ldit.

1915 4242 1991 4304 ὡς
2023 4237 2328 4307 συμφοράς.

1984 4299 2317 4374 295Ἔτέγω
2365 4303 2623 4371 πάσχων
2647 4300 2821 4374 τόδε.
2869 4299 3038 4374 Coisl.
3089 4299 3232 4374 aé6_¢_o
3279 4301 3506 4372 πάσχων

1913 4380 2062 4462 τᾷδε.
2104 4378 2190 4430 A1.
2243 4371 2479 4444 στέργω,
2507 4371 2823 4441 amplector,
2859 4371 3137 4439 acquiesco
3167 4371 3506 4443 iis‘quaz'pa.

1919 4461 2091 4573 “02,59
2126 4516 2179 4569 '0
2211 4511 2429 4582 τρόπος
2451 4509 2802 4580 κατήγορος.
2829 4509 2945 4579 Ipsi
2967 4527 3138 4565 more:
3163 4511 3240 4564 tui
3264 4523 3388 4568 sunt
3415 4529 3507 4568 σε·

1914 4598 2208 4644 cusatores.
2358 4646 2361 4650 ,
3490 4621 3494 4625 .

1983 4658 2091 4711 505
2127 4655 2193 4709 Τί
2220 4653 2424 4707 ταῦτα.
2457 4651 2534 4706 Ita
2563 4649 2732 4705 Colsl.
2760 4649 2909 4705 Edit.
2935 4650 3040 4714 τίς.

1987 4726 2092 4782 506
2137 4723 2386 4791 Ἰατρόν.
2426 4721 2505 4776 lla
2539 4721 2709 4777 Coisl.
2741 4718 2886 4775 Edit.
2924 4719 3145 4791 ἰατρῶν.

1522 4915 1860 4980 METRICA
1881 4910 2182 4973 VERSIO.

216 5040 409 5109 Aliena
434 5055 652 5096 rursum
697 5055 875 5104 saevus
897 5040 1140 5109 exagitas
1171 5039 1332 5092 mala.

215 5108 432 5165 Nostrae
453 5111 582 5180 quid
609 5120 662 5164 te
697 5110 967 5180 miseriae?
988 5108 1066 5163 sic
1091 5124 1216 5163 nam
1249 5124 1414 5180 vocas

218 5180 353 5246 Qua:
372 5178 507 5234 dura
534 5181 730 5249 patior.
762 5179 917 5234 Tune
949 5187 1240 5248 correptus
1285 5178 1454 5238 febri.

219 5247 684 5312 Leviusdoleres,
723 5250 956 5305 alterum
990 5247 1252 5317 aegrotum
1281 5247 1511 5303 videns?

220 5321 360 5388 Audi
390 5319 619 5374 deinde:
651 5322 840 5388 dispar
872 5331 957 5374 cst
998 5320 1176 5387 ipsum
1204 5319 1342 5384 pati.

222 5387 576 5459 iiurumiipse
605 5385 853 5459 qumdam
885 5385 1080 5459 passus
1112 5389 1254 5459 haud
1289 5403 1409 5442 sum
1439 5427 1454 5452 ,
1483 5385 1579 5440 sed
1607 5385 1804 5439 lubens

221 5456 367 5514 Feci.
407 5456 762 5527 Vagari'nam
797 5456 964 5523 libet,
995 5473 1162 5512 censu
1196 5458 1329 5510 libet

220 5528 446 5584 Carere:
481 5526 618 5584 liber
647 5530 885 5585 vinculis
918 5545 1042 5582 nam
1077 5544 1197 5582 sum
1229 5526 1520 5590 omnibus,

221 5596 328 5668 Ijec
363 5600 471 5652 ulla
501 5601 658 5655 sedes
692 5601 904 5668 uspiam
935 5601 1024 5653 hic
1054 5599 1157 5651 lixa
1193 5607 1276 5650 est
1304 5598 1458 5651 mihi.
1515 5645 1518 5649 .

221 5665 342 5724 Tibi
373 5671 542 5722 chara
575 5678 702 5723 sunt
735 5665 888 5724 haec?
917 5680 971 5723 at
1003 5669 1137 5721 mihi
1171 5669 1475 5722 contraria.

223 5735 298 5791 Ne
341 5748 397 5793 tu
432 5741 642 5794 leonem
670 5743 901 5795 metiare
931 5756 992 5793 ex
1025 5740 1212 5792 simia.
1354 5754 1356 5757 '

226 5810 575 5882 (_lalamitates
605 5811 718 5864 lucc
751 5811 950 5882 putas?
981 5810 1196 5882 sortem
1231 5806 1491 5877 gravemi

227 5875 411 5950 Angor
440 5875 768 5948 quibusdam
799 5896 995 5935 rursus
1028 5878 1196 5950 (haud
1227 5875 1523 5947 negavero,

234 5945 356 6004 lilii
397 5945 594 6021 quippe
623 5953 761 6017 limi,
795 5966 918 6006 cum
949 5945 1052 6005 sim
1081 5949 1270 6016 homo,
1305 5945 1435 6020 pars
1455 5954 1538 6004 est
1563 5959 1806 6018 quoque,

1834 5038 1880 5096 B
1907 5031 2202 5101 Lignique,
2235 5035 2291 5101 et
2327 5027 2484 5080 illinc
2514 5022 2700 5093 gaudii
2735 5023 2843 5101 orti
2876 5021 3082 5101 noxii),

1912 5093 2237 5155 Toleranter
2274 5098 2382 5150 ista
2408 5105 2631 5163 pectore
2659 5103 2713 5147 at
2744 5093 2860 5148 fero
2887 5100 3095 5146 tamen.

1910 5172 2208 5227 Cruciatus
2242 5168 2348 5222 iste
2383 5166 2570 5218 robori
2603 5171 2828 5232 praestat
2853 5171 2973 5217 tuo.

1981 5239 2194 5294 Mecum
2220 5235 2370 5290 istud
2403 5235 2568 5289 etiam
2603 5229 2659 5286 iu
2683 5276 2697 5298 ,
2728 5234 2925 5294 velim.
2958 5229 3304 5286 consideres.

1911 5311 2190 5373 Vexamur
2215 5307 2380 5360 ambo
2409 5323 2421 5358 :
2461 5304 2758 5358 criminum
2791 5304 2886 5356 sed
2918 5311 2977 5356 tu
3012 5302 3120 5356 luis

1909 5379 2109 5435 Poenas
2136 5398 2149 5433 :
2185 5391 2371 5445 aperte
2398 5375 2501 5429 hoc
2526 5382 2768 5443 arguunt
2801 5388 2984 5445 mores
3014 5375 3120 5445 tui,

1913 5449 2130 5504 vaum
2156 5438 2642 5501 tribunal-mentis
2670 5485 2682 5502 .
2726 5453 2780 5498 et
2813 5443 3027 5497 clarum
3053 5438 3375 5498 admodum.

1910 5521 2184 5575 Erumna
2217 5526 2415 5572 contra
2445 5514 2700 5568 nonnihil
2739 5529 2859 5566 mea
2887 5513 3149 5581 crimina,

1916 5591 2333 5662 Fuliginemque
2362 5587 2444 5640 vel
2479 5586 2650 5662 levem
2686 5592 2956 5662 expurgat
2985 5598 3186 5662 meam.

1915 5652 2067 5729 Quir?
2085 5662 2227 5715 forte
2244 5652 2414 5712 lucta:
2444 5652 2894 5729 est_i_i_istar’li_:ec
2920 5652 3196 5720 molestia,
3263 5660 3265 5663 '

1916 5727 1987 5787 Ut
2007 5772 2022 5793 ,
2061 5733 2220 5786 hoste
2248 5731 2392 5783 victo
2414 5768 2428 5790 ,
2467 5727 2705 5780 nobilem
2731 5727 2964 5794 palmam
2992 5734 3280 5794 assequar.

1915 5802 2057 5868 Quid
2084 5802 2227 5856 ista?
2256 5801 2514 5868 quisnam
2549 5793 2764 5868 fructus
2786 5811 2848 5850 ex
2891 5795 3076 5868 verbis
3107 5793 3250 5850 tibi?

1913 5865 2088 5927 Nemo
2119 5865 2358 5925 medenti
2385 5908 2400 5932 ,
2430 5867 2704 5937 praeditus
2737 5873 2918 5920 mente
2950 5865 3190 5936 integra,

1915 5943 2100 5999 llludit
2128 5961 2140 5996 :
2171 5950 2267 5996 aut
2291 5943 2371 5996 sic
2401 5947 2574 5996 semet
2605 5937 2927 6008 imprudens
2957 5947 3140 5995 necat.
