4146 6498
291 398 401 458 025

300 511 371 567 Ἦ
396 512 503 584 γὰρ
519 514 767 586 παροῦσα
795 512 1047 583 ψεύδεται
1072 513 1412 583 καοημέραν.

364 604 467 661 115
503 605 693 671 Οὐδεὶς
727 607 847 677 μετ’
873 607 1043 678 ὀργῆς
1059 605 1319 673 ἀσφαλῶς
1348 606 1660 675 βουλεύεται
1681 624 1694 639 ο

286 695 377 751 Τὰ
399 697 507 769 γὰρ
538 701 653 769 μετ’
677 698 846 769 ὀργῆς
888 697 1100 751 οὐδέπω
1136 697 1330 769 βουλὴν
1360 696 1493 767 ἔχει.

362 788 543 840 Δεινόν
571 788 881 859 δράκοντες,
906 788 1002 841 καὶ
1031 786 1338 859 κακοῦργον
1369 788 1592 850 ἀσπίδες
1613 805 1625 817 ·

282 876 462 944 Διπλῆ
488 878 744 945 γυναικὸς
773 876 1017 948 δεινότης
1048 879 1104 929 ἐν
1139 876 1367 948 Θηρίοις.

360 966 611 1019 Πείθουσι
646 968 828 1037 γυμνὰ
849 970 973 1031 τοὺς
992 966 1234 1038 ὁρῶντας
1264 967 1447 1030 ὀστέα,

289 1054 395 1109 120
444 1054 532 1119 Ὦς
559 1056 712 1109 οὐδὲν
737 1058 869 1127 ἡμῖν
914 1056 1192 1127 προσφυὲς
1218 1055 1328 1110 τῶν
1373 1056 1578 1110 ἐνθάδε.

361 1146 421 1197 El
453 1145 582 1209 λοξὰ
616 1147 690 1216 μὴ
720 1146 960 1215 βαίνουσι
1000 1142 1279 1217 καρκίνων
1308 1147 1472 1213 γόνοι,

286 1238 493 1306 Πεῖραν
518 1238 724 1291 λάϐωσι
756 1237 1037 1309 μητρικῶν
1070 1238 1441 1307 βαδισμάτων.

356 1328 560 1391 Δώσεις
588 1328 871 1399 προδήλως
912 1328 1185 1390 ἐκϐιάζων
1216 1328 1314 1396 τὴν
1339 1326 1521 1396 φύσιν,

284 1418 501 1482 Καλοὺς
530 1419 775 1490 μαθητὰς
799 1420 863 1471 ὲκ
887 1419 1072 1471 κακῶν
1101 1418 1458 1472 διδασκάλων.

358 1511 462 1565 125
502 1512 711 1581 Κόσμει
742 1510 968 1563 σεαυτὸν
988 1512 1101 1573 τοῖς
1130 1511 1315 1573 καλοῖς
1350 1512 1691 1582 τεκμηρίοις.

282 1600 393 1656 Καὶ
418 1601 492 1674 μὴ
518 1603 749 1673 πένητος
782 1599 1017 1671 ὀρφανοῦ
1050 1601 1405 1669 καταφρόνει.

789 1842 1205 1916 Νεωηβτιεεεηε
1238 1846 1377 1900 fallit
1404 1845 1670 1916 quotidie.

862 1909 976 1969 115
990 1914 1160 1969 Nemo
1188 1916 1360 1969 iratus
1388 1909 1582 1971 secure
1611 1909 1916 1977 deliberat;

1296 400 1540 457 SECTIO
1578 400 1640 456 ll‘.
1680 399 2007 456 POEMATA
2048 399 2377 457 MORALLL

1902 519 1949 574 Α
2051 512 2185 566 Θεοῦ
2215 513 2468 580 διδόντος,
2506 514 2657 568 οὐδὲν
2688 517 2860 586 ἰσχύει
2889 516 3104 585 φθόνος,

3244 36 3267 39 -ν
3284 34 3563 43 mum-
3578 32 3841 41 mn.--

3461 404 3569 461 920

1988 603 2096 655 Καὶ
2127 604 2200 673 μὴ
2232 604 2486 670 διδόντος,
2516 605 2666 658 οὐδὲν
2697 605 2871 676 ἰσχύει
2906 616 3095 667 κόπος.

2058 694 2295 762 Τίκτεις,
2341 694 2559 764 ἔχιδνα]
2596 696 2671 766 μὴ
2707 697 2873 765 φοϐοῦ
2896 694 2993 759 τὰς
3014 696 3211 757 ὠδῖνας
3232 710 3246 725 ⁸

1994 788 2092 840 150
2134 788 2319 855 Ἔχεις
2348 786 2587 840 λαϐοῦσα
2613 787 2880 858 μήτρικοῦ
2911 789 3107 856 πεῖραν
3136 787 3319 841 τόκου.

2061 877 2247 939 Οὐδεὶς
2270 878 2523 949 ἀριστεὺς
2556 879 2621 931 ἐκ
2648 877 2917 949 προδήλου
2950 876 3153 938 δειλίας
3172 892 3186 907 ·

1993 966 2155 1019 Νίκαι
2182 966 2291 1038 γὰρ
2315 968 2699 1038 εἰσπράττουσι
2720 967 2820 1031 τὰς
2846 966 3141 1037 εὐφημίας.

2072 1060 2233 1131 Ἀνὴρ
2264 1059 2541 1129 ὑπνώδης,
2573 1060 2800 1132 εὐρέττις
2833 1059 3126 1129 ὀνειράτων
3147 1077 3160 1091 ο

1992 1148 2215 1217 Ηύστης
2243 1148 2351 1219 γὰρ
2387 1149 2551 1212 ῦπνος
2580 1151 2880 1220 φασμάτων
2901 1190 2915 1213 ,
2949 1150 3007 1202 οὐ
3042 1154 3401 1217 πραγμάτων.

2064 1240 2164 1293 155
2191 1241 2357 1292 Εῖωθε
2385 1240 2589 1293 πείθειν
2628 1242 2702 1311 μὴ
2736 1240 2987 1303 Θέλοντας
3026 1242 3058 1309 ή
3097 1240 3209 1309 βία,

1994 1332 2182 1399 ’Ὰγχει
2213 1330 2321 1401 γὰρ
2355 1330 2491 1402 αῦτη
2531 1333 2626 1385 καὶ
2650 1332 2914 1400 γίγαντας
2948 1330 3228 1393 πολλάκις.

2054 1424 2234 1490 Δήμου
2269 1421 2562 1489 σφαλέντος
2584 1463 2597 1486 ,
2640 1424 2745 1485 πᾶς
2779 1421 3022 1493 ἀγύρτης
3051 1423 3279 1491 ἄρχεται
3304 1438 3319 1451 ⁸

1984 1510 2165 1580 Δῆμος
2197 1511 2252 1563 δὲ
2286 1514 2461 1582 πάντη
2504 1512 2611 1565 τῶν
2650 1512 2830 1566 καλῶν
2865 1512 3079 1576 ἀταξία.

2060 1602 2258 1671 Ἔργον
2297 1602 2571 1674 πάρεργον
2596 1603 2848 1675 οὐδαμῶς
2882 1602 3042 1673 ἔργον
3074 1602 3219 1670 λέγω
3243 1619 3257 1634 ·

784 1982 915 2057 Qua:
947 1985 1242 2057 enim__cum
1279 1986 1357 2038 ira
1391 1989 1657 2057 geruntur
1677 2022 1702 2057 ,_
1722 1981 1956 2057 consilio
1979 1994 2185 2057 carent.

854 2052 1120 2109 Horrendi
1148 2052 1447 2117 dracones.
1474 2062 1527 2109 et
1566 2052 1811 2108 subdola:
1842 2052 2092 2120 aspides:

781 2120 1291 2206 Duplicemmulier
1329 2124 1491 2206 habet
1524 2122 1785 2206 malitiam
1823 2122 2110 2186 utriusque
2152 2123 2300 2181 ferat.

854 2192 1098 2262 _Suadeut
1126 2193 1268 2257 nuda
1300 2200 1614 2262 spectantes
1638 2204 1785 2262 ossa,

784 2260 884 2332 l20
910 2260 1053 2315 Nihil
1088 2263 1246 2317 nobis
1270 2259 1548 2332 proprium
1579 2276 1701 2316 esse
1732 2260 1786 2313 in
1817 2259 1920 2313 hac
1955 2260 2084 2332 vita.

851 2331 930 2385 An
963 2332 1181 2401 oblique
1214 2330 1324 2385 non
1352 2330 1673 2402 gradiantur
1699 2343 2033 2402 cancrorum
2064 2330 2204 2386 fetus
2225 2370 2239 2393 .

781 2398 1221 2521 ExBerimentum
1247 2398 1443 2470 capere
1472 2402 1598 2454 licet
1628 2398 1895 2452 maternis
1925 2414 1993 2452 ex
2023 2400 2351 2459 incessibus.

897 2471 1013 2521 abis
1046 2472 1235 2521 procul
1275 2470 1472 2521 dubio.
1507 2470 1553 2521 si
1584 2470 1694 2521 vim
1732 2467 1981 2521 attuleris
2010 2478 2237 2521 naturae.

897 2471 1013 2524 abis
1046 2472 1235 2539 procul
1275 2467 1472 2533 dubio,
1507 2470 1553 2524 si
1584 2470 1694 2523 vim
1732 2467 1981 2539 attuleris
2010 2478 2237 2539 natura,

779 2535 959 2617 Bonos
984 2535 1370 2617 discipuloscx
1410 2540 1568 2594 malis
1601 2536 1900 2617 magistris.

853 2607 955 2661 125
988 2606 1203 2663 Εχοιῖηο
1234 2610 1469 2678 teipsum
1506 2606 1783 2679 pmclai'is
1812 2606 2051 2670 dotibus,

778 2676 889 2748 Nec
917 2693 1206 2748 pauperem
1240 2676 1544 2747 orplianum
1581 2684 1891 2733 contemne.

857 2747 962 2801 Deo
996 2747 1192 2813 dante,
1235 2749 1368 2803 nihil
1407 2756 1584 2816 potest
1614 2749 1751 2801 livor
1778 2764 1792 2811 ;

779 2814 935 2887 Eteo
974 2833 1082 2873 non
1125 2819 1290 2873 dante
1313 2858 1327 2883 ,
1358 2814 1492 2871 nihil
1531 2821 1709 2887 potest
1742 2815 1915 2887 labor.

854 2886 1005 2957 Paris
1025 2926 1039 2950 ,
1066 2889 1282 2957 vipera;
1316 2903 1424 2941 non
1452 2884 1579 2940 tiuie
1615 2893 1803 2957 partus
1838 2884 2052 2957 labores

782 2955 884 3009 l30
911 2954 1196 3081 Sumgtum
1232 2958 1400 3011 habes
1445 2954 1677 3011 materni
1701 2954 2134 3035 experimentum
2166 2960 2377 3022 partus.

851 3024 1020 3080 Nemo
1086 3027 1239 3081 ellica
1282 3026 1440 3080 laude
1477 3026 1671 3081 ﬂoret.
1699 3040 1791 3081 qut
1825 3030 2010 3081 aperte
2031 3023 2259 3081 ignavus
2284 3030 2367 3077 est

851 3024 1020 3080 Nemo

782 3090 1039 3165 Victoriae
1062 3096 1207 3150 enim
1231 3096 1455 3165 erigunt
1484 3090 1847 3165 laudationes.

1086 3027 1239 3082 ellica
1282 3026 1440 3080 laude
1477 3026 1633 3080 ﬂoret
1656 3064 1671 3087 ,
1699 3023 1791 3093 qui
1825 3030 2010 3093 aperte
2031 3023 2259 3094 ignavus
2284 3030 2367 3077 est

848 3164 1199 3235 596-597
1237 3153 1736 3235 YiFsomnolentus
1762 3161 2014 3235 inventor
2040 3163 2124 3210 est
2153 3153 2495 3235 somniorum
2522 3170 2537 3207 :

780 3223 1017 3289 Somnu's
1043 3223 1189 3288 ἷιῆιῆ
1219 3234 1511 3289 simulacra
1543 3248 1724 3286 rerum
1760 3230 1999 3289 exhibet,
2030 3240 2139 3278 non
2168 3238 2255 3277 res
2284 3223 2451 3292 ipsas.

850 3303 954 3356 155
992 3302 1139 3358 Solet
1167 3304 1494 3371 persuadere
1526 3302 1691 3371 etiam
1728 3300 1974 3353 nolentes
2001 3294 2258 3350 violentia
2286 3309 2301 3344 :

776 3372 934 3494 Cogit
958 3369 1193 3495 namque
1226 3375 1343 3441 ipsa
1368 3372 1567 3452 smpius
1602 3369 1873 3440 gigantes.

901 3442 1063 3495 ooulo
1129 3449 1338 3495 ecento.
1371 3454 1551 3495 oums
1575 3438 1871 3493 circulator

901 3460 932 3495 υ

1129 3434 1338 3511 ccepto,
1371 3434 1551 3511 quivis
1575 3434 1871 3511 circulator
1897 3434 2243 3511 dominatur:

785 3503 1026 3633 Pogulus
1055 3503 1244 3565 autcm'
1267 3503 1490 3564 omnino
1511 3519 1596 3564 est
1620 3509 1885 3563 bonorum
1915 3503 2185 3559 confusio.

904 3595 1002 3633 ous
1033 3586 1446 3633 nmoosterum.
1474 3579 1782 3633 nullatenus
1811 3589 1950 3633 onus
1978 3588 2115 3628 voco
2144 3591 2158 3627 :

902 3595 1002 3649 pus
1033 3586 1446 3650 pmposterum,
1474 3579 1782 3634 nullatenus
1811 3589 1950 3646 Opus
1978 3588 2115 3628 voco
2144 3591 2158 3627 :

347 3782 438 3835 121
477 3779 574 3848 Μὴ
599 3778 908 3843 βαίνουσι,
936 3786 1043 3834 etc.
1076 3777 1153 3832 lta
1176 3778 1306 3848 Reg.
1343 3778 1441 3834 cod
1489 3776 1654 3841 Edit.,
1681 3790 1853 3848 προσ.

276 3850 537 3905 ϐαίνουσι.
565 3847 681 3904 νίχ
716 3848 830 3903 fieri
864 3857 1061 3918 potest.
1116 3847 1292 3917 inquit
1320 3848 1532 3911 Billius,
1564 3856 1623 3918 ut
1660 3847 1693 3918 ii
1727 3847 1851 3914 qui-

281 3922 383 3976 bus
414 3921 540 3974 mali
583 3922 706 3975 vitae
746 3916 989 3988 magistri
1026 3916 1536 3988 contigerunt,non
1582 3916 1685 3988 ipsi
1715 3931 1852 3988 quo:

275 4006 383 4060 que
413 3990 537 4043 inali
586 4000 639 4046 et
688 3985 945 4058 ﬂagitiosi
978 3990 1281 4044 exsistant:
1318 3987 1458 4042 unde
1492 3985 1622 4040 illud
1653 4004 1666 4040 :
1728 3985 1857 4039 mali

276 4060 435 4120 corvi,
472 4062 671 4113 malum
712 4075 884 4113 ovum.

350 4129 450 4183 129
485 4128 731 4195 Τίκτεις.
768 4138 875 4183 etc.
928 4128 1115 4183 Schol.
1152 4147 1164 4183 :
1197 4126 1383 4180 Τίκτει
1412 4123 1593 4194 ἔχιδνα
1637 4122 1712 4194 μὴ
1763 4139 1861 4195 φο·-

278 4198 451 4252 6οῦσα
480 4198 576 4262 τὰς
598 4193 811 4262 ὠδῖνας.
846 4196 1007 4253 Juxta
1042 4198 1259 4253 Billiurn
1287 4196 1372 4251 bis
1405 4193 1588 4250 vet‘bis
1617 4193 1861 4249 Ostendit

277 4267 571 4337 Gregorius
617 4284 725 4323 non
770 4283 894 4323 esse
941 4268 1085 4337 quod
1133 4267 1428 4338 quisquam
1480 4271 1764 4338 queratur,
1812 4262 1858 4317 si

276 4334 469 4393 eodem
512 4339 672 4393 modo
713 4338 802 4392 alii
848 4334 971 4391 cuni
1022 4334 1366 4407 ipso'agant.
1405 4350 1513 4404 quo
1557 4334 1678 4407 ipse
1732 4347 1859 4387 cum

276 4408 399 4480 aliis
440 4407 591 4480 prius
632 4409 873 4480 egit_:gut
912 4408 957 4461 si
1002 4404 1125 4477 quis
1171 4404 1381 4480 eodem
1411 4404 1703 4473 supplicio,
1748 4415 1860 4471 quo

276 4479 413 4531 alios
441 4475 653 4532 allicere
672 4475 916 4547 solebat,
943 4475 1529 4547 postea_excruci_e_tur.

348 4548 445 4601 157
482 4547 680 4616 Δήμου
720 4543 1082 4615 σφαλέιλτος.
1126 4544 1259 4617 Reg.
1300 4544 1458 4610 1277,
1492 4543 1681 4613 δήμων
1718 4556 1858 4611 σφα-

1967 3775 2187 3827 λέντων.
2220 3770 2413 3827 Billius
2439 3772 2600 3826 vertit
2630 3768 3108 3840 apxsrai,_incipit,
3143 3777 3343 3840 etcum
3370 3769 3557 3840 nullus

1967 3846 2038 3899 sit
2072 3858 2291 3907 sensus,
2338 3850 2491 3911 putat
2538 3837 3391 3911 Ιεεθῂιιυηι-[οηιιεεεἔρχεται.
3446 3838 3556 3894 Sed

1968 3914 2102 3968 nihil
2139 3908 2463 3966 mutandum
2504 3930 2518 3966 :
2551 3908 2777 3981 ἄρχεται
2809 3908 2948 3981 idem
2982 3908 3253 3981 significat
3294 3923 3359 3961 ac
3398 3911 3555 3978 ήγεζο

1965 4002 2077 4047 ται,
2105 3983 2249 4051 quod
2275 3976 2762 4051 Homericuiiilest,
2798 3978 2978 4051 inquit
2994 3976 3264 4051 Cbmliell,
3298 3976 3552 4051 sensum-

1965 4068 2070 4122 que
2099 4048 2366 4122 optimum
2393 4049 2552 4122 eﬂicﬁit
2581 4068 2592 4122 ς
2620 4048 2849 4103 Seducta
2876 4048 3040 4122 plebe,
3064 4048 3236 4117 quivis
3261 4049 3558 4122 circulator

1965 4117 2391 4192 prwest,iquivis
2431 4120 2633 4174 nebulo
2675 4120 3351 4192 auctoritateiu_usurpat.
3388 4117 3553 4192 Nulla

1967 4188 2133 4247 etiam
2169 4188 2462 4246 diﬂicultas
2503 4193 2559 4245 in
2591 4190 2774 4244 verbis
2820 4188 3199 4255 sequentibus.
3236 4189 3553 4257 quamiu-

1964 4270 2080 4316 tum
2106 4271 2312 4316 torsere
2345 4259 2581 4314 Billium.
2614 4260 2793 4329 Δῆμος
2831 4258 3009 4311 καλῶν
3043 4256 3261 4324 ἀταξία,
3283 4256 3428 4329 plebs
3458 4256 3550 4310 bo-

1968 4348 2158 4386 norum
2201 4331 2463 4398 confusio,
2504 4327 2948 4390 eorum‘scilicet,
2989 4329 3179 4398 quibus
3220 4327 3425 4381 credita
3468 4336 3549 4380 est

1966 4397 2433 4468 respublica.Nec
2462 4415 2686 4455 necesse
2717 4409 2931 4455 mutare
2957 4397 3158 4464 καλῶν,
3187 4398 3414 4468 legendo
3446 4413 3551 4450 κα-

1968 4472 2102 4537 κῶν,
2139 4478 2200 4526 ιιι
2229 4470 2386 4526 Billio
2414 4470 2612 4540 placet.

1603 4760 1937 4823 METRICA
1970 4758 2267 4820 VERSIO.

271 4961 390 5020 Hoc
419 4974 652 5029 namque
684 4971 923 5028 pratsens
961 4956 1207 5025 quolibet
1240 4952 1378 5007 fallit
1413 4953 1527 5029 die.

344 5023 585 5087 Consilia
620 5023 779 5081 neino
811 5036 958 5080 recta
980 5023 1293 5078 commotus
1321 5023 1502 5089 capit:

271 5101 535 5158 Cousulta
569 5113 667 5153 nec
690 5107 849 5158 sunt,
882 5097 960 5148 ira
987 5095 1142 5163 queis
1173 5093 1507 5163 adiungitur.

345 5171 481 5225 Santi
510 5168 777 5221 dracones
801 5183 815 5229 ;
847 5161 1056 5217 callida:
1081 5170 1209 5217 sunt
1236 5161 1455 5231 aspides
1479 5181 1492 5215 :

273 5242 369 5297 Est
398 5240 722 5294 feminarum
756 5237 835 5289 vis
866 5234 1064 5302 duplex
1096 5234 1237 5286 inter
1268 5232 1433 5302 feras.

346 5310 481 5363 Dum
514 5307 899 5376 conspicaiuur
936 5300 1063 5358 ossa
1093 5302 1237 5355 nuda
1268 5300 1556 5376 carnibus,

272 5379 374 5435 llic
397 5393 518 5433 esse
550 5369 709 5430 nobis
737 5374 1000 5427 discimus
1031 5382 1241 5426 certum
1274 5369 1431 5423 nihil.

343 5452 595 5503 incessus
620 5461 689 5498 an
722 5445 794 5498 sit
831 5458 1032 5496 curvus
1057 5440 1201 5494 haud
1232 5454 1434 5493 cancro
1464 5439 1623 5501 satis,

272 5516 497 5574 Discant
531 5515 773 5585 parentis
812 5513 956 5585 istud
987 5527 1054 5565 ex
1089 5510 1417 5565 incessibus.

342 5579 547 5642 Natura
572 5587 617 5640 si
647 5587 754 5638 vim
789 5584 990 5637 sentiat
1015 5590 1163 5634 tuam
1186 5620 1200 5641 ,
1234 5595 1299 5633 ex
1334 5579 1495 5632 malis

276 5658 453 5713 Bonos
484 5655 763 5723 magistris
786 5653 1085 5721 discipulos
1114 5657 1260 5723 certe
1293 5649 1450 5723 dabis

345 5728 492 5783 Orna
519 5720 737 5795 quidem
762 5732 814 5778 te
840 5720 1007 5778 rebus
1030 5720 1422 5795 excellentibus
1444 5760 1456 5772 .

275 5794 455 5855 Orbos
488 5787 709 5867 egentes
738 5809 847 5849 non
887 5800 1069 5847 tamen
1099 5805 1297 5861 sperne
1335 5787 1596 5845 insolens.

1885 4958 1927 5012 Β
2032 4948 2277 4999 Donante
2311 4942 2534 4997 Christo
2560 4981 2574 5004 ,
2612 4940 2691 4994 nil
2718 4940 2908 5012 malus
2945 4939 3083 4992 livor
3112 4944 3329 5006 potest:

1959 5015 2077 5069 Non
2108 5015 2272 5069 dante
2302 5013 2521 5066 Christo
2543 5052 2556 5075 ,
2609 5013 2682 5063 nil
2718 5010 2869 5062 labor
2902 5015 3090 5062 noster
3128 5014 3327 5075 potest.

2032 5084 2230 5139 Partus
2262 5083 2480 5136 dolores
2516 5098 2585 5133 ne
2624 5087 2876 5149 pavescat
2915 5079 3136 5147 vipera:

1957 5153 2181 5208 Partum
2213 5152 2462 5223 parentis
2486 5151 2767 5219 experitur
2797 5149 2877 5202 sic
2919 5164 3050 5201 suae.

2028 5223 2157 5277 Fert
2191 5216 2350 5276 iiemo
2380 5216 2649 5291 palmam,
2687 5232 2851 5291 quem
2880 5224 3026 5291 tenet
3056 5216 3233 5280 turpis
3260 5227 3437 5273 melus

1956 5294 2093 5346 Nam
2126 5293 2241 5347 sola
2276 5287 2463 5344 laudes
2490 5289 2659 5357 exigit
2709 5287 2960 5339 victoria.

2032 5362 2125 5415 Vir
2153 5362 2531 5415 soninolentus
2560 5356 2674 5412 sola
2718 5356 2923 5425 reperit
2960 5366 3205 5412 Somnia:

1955 5432 2089 5489 Nam
2120 5444 2348 5485 somnus
2373 5429 2515 5483 haud
2547 5443 2633 5481 res
2656 5468 2671 5492 ,
2719 5428 2835 5480 visa
2866 5426 2959 5479 sed
2998 5434 3179 5481 tamen
3207 5428 3385 5481 docet.

2030 5501 2124 5557 Vis
2163 5513 2486 5571 permovere
2526 5498 2663 5551 dura
2695 5497 2943 5571 nolentes
2970 5498 3145 5571 _s_olet.

1960 5570 2097 5643 lpsjs
2127 5566 2183 5625 et
2220 5568 2752 5643 aﬂ'ertnam‘manus
2777 5566 3115 5643 gigantibus.

2030 5642 2259 5695 Errante
2288 5640 2474 5709 plebe,
2507 5637 2803 5691 circulator
2840 5649 2965 5689 mox
2999 5636 3179 5709 _subit:

1958 5711 2120 5766 Plebs
2143 5721 2195 5763 at
2219 5705 2488 5765 honorum
2520 5721 2749 5776 prorsus
2776 5712 2861 5776 est
2883 5705 3154 5761 confusio.

2030 5780 2210 5852 Opus,
2236 5780 2381 5850 quod
2410 5779 2475 5833 ad
2508 5774 2621 5833 rem
2652 5778 2728 5835 nil
2753 5774 2886 5831 facit
2907 5818 2921 5845 ,
2950 5792 3059 5833 non
3092 5787 3175 5833 est
3214 5793 3352 5855 opus
3380 5792 3397 5834 :
