4146 6492
220 475 341 529 949
1245 465 1495 522 SECTIO
1530 465 1595 520 L'.
1633 463 1960 521 POEMATA
1998 459 2302 515 MORALIA

222 590 304 644 65
335 591 598 659 Μνήμων,
632 587 802 658 λοχῶν
829 602 908 650 τε,
945 584 1280 656 μνησικακία
1308 584 1584 654 τυγχάνει.

222 682 406 751 ιιέψιν
429 681 484 734 δὲ
510 680 683 752 λύπης
709 676 824 733 οῖδα
849 677 1226 750 μακροθυμίαν
1245 693 1258 707 ’

223 769 312 822 Τὸ
343 769 400 823 δὲ
420 771 554 841 πρὸς
578 769 734 842 ὓϐριν
767 770 990 840 ἤρεμον,
1019 766 1338 838 ἀοργησίαν,

228 862 348 915 ’Ἦν
377 861 439 922 δὴ
467 862 745 932 πραότητα
774 865 886 925 τοῖς
923 860 1088 914 πάλαι
1120 857 1304 912 καλεῖν
1334 855 1476 920 ἔθος.

230 953 395 1018 ’Ἑξιν
420 952 475 1004 δὲ
507 952 706 1015 καλῶν,
730 952 828 1023 τὴν
858 952 1059 1023 ἀρετὴν
1088 948 1276 1020 νόμιζέ
1308 966 1420 1020 μοι,

228 1044 309 1098 50
342 1044 460 1096 Τῶν
498 1043 542 1095 δ’
577 1039 642 1096 αὖ
677 1043 964 1107 κακίστων,
994 1042 1090 1114 τὴν
1119 1041 1366 1094 ἐναντίαν
1395 1039 1574 1092 νόσονο

227 1134 350 1205 Τὴν
382 1134 480 1200 μὲν
512 1133 646 1186 Θεοῦ
679 1133 927 1205 δώρημα,
959 1132 1055 1205 τὴν
1083 1133 1128 1186 δ’
1157 1131 1462 1203 ὲφεύρεσιν.

229 1222 450 1284 Κάλλος
478 1221 534 1274 δὲ
560 1222 758 1285 παντός
784 1224 929 1275 ἐστιν
956 1221 1311 1293 εὐαρμοστία,

229 1311 435 1385 Αἷσχος
462 1315 538 1378 δὲ,
566 1315 792 1378 κάλλους
818 1314 992 1386 ὕϐρις,
1021 1315 1097 1378 ὡς
1121 1313 1253 1384 ἐμὸς
1274 1312 1449 1380 λόγος.

243 1405 494 1476 Ἀνδρεία
523 1406 567 1458 δ’
599 1405 714 1459 ἐστι
748 1406 878 1477 πρὸς
909 1404 977 1459 τὰ
1009 1404 1156 1458 δεινὰ
1185 1403 1478 1476 στερῤότης

231 1500 310 1552 55
331 1499 540 1570 Θράσος
571 1498 650 1560 δὲ,
686 1497 884 1568 Θάρσος
912 1496 1050 1567 πρὸς
1077 1495 1146 1548 τὰ
1181 1493 1256 1566 μὴ
1284 1492 1578 1565 τολμητέα.

232 1587 420 1640 Δειλία
445 1587 521 1651 δὲ,
553 1585 780 1656 συστολή
806 1603 890 1648 τις
912 1585 990 1648 είς
1010 1584 1299 1655 τολμητὲα.

245 1679 318 1730 Ἦ
351 1676 668 1747 σωφροσύνη
705 1675 750 1729 δ’
779 1673 1140 1746 ἐπικράτησις
1173 1672 1375 1744 ἡδονῶν
1395 1689 1408 1702 ·

231 1764 448 1822 *Ητταν
479 1767 534 1821 δὲ
558 1767 784 1833 τούτων,
823 1766 920 1838 τὴν
949 1765 1239 1833 ἀσέλγειαν
1266 1764 1427 1832 λέγω.

1843 595 1890 643 Α
1920 577 2242 645 Δικαιοσύνη
2264 575 2339 640 δὲ,
2375 575 2448 645 μὴ
2473 573 2631 625 πλέον
2664 572 2844 642 ζητεῖν
2878 570 3054 638 ἔχειν·

1920 670 1987 722 60
2021 668 2131 737 Τῆς
2168 666 2211 718 δ’
2250 665 2396 736 ίσύτη
2410 682 2491 726 τος
2521 663 2761 725 ἔκϐασις,
2791 660 2933 714 τοῦτ’
2965 657 3165 712 ἀδικία.

1920 758 2185 830 Φρόνησίς
2217 759 2332 810 ἐστι
2362 755 2700 827 πραγμάτων
2725 753 3006 824 ἐμπειρία.

1924 851 2092 919 Σοφία
2128 847 2431 918 νομιζέσθω
2465 847 2522 901 δὲ
2559 847 2665 900 τῶν
2693 846 2860 898 ὄντων
2888 843 3003 896 θέα.

1934 944 1998 995 'H
2026 943 2070 995 δ’
2101 941 2337 1010 ἁπλότης
2367 939 2480 1004 ἕξις
2507 956 2590 1001 τις
2619 935 2763 1008 ἀργὴ
2792 937 2926 1007 πρὸς
2959 934 3150 989 κακόν.

1932 1035 1998 1087 Ἡ
2024 1034 2213 1103 διπλόη
2237 1032 2318 1096 δὲ,
2348 1031 2440 1084 τοῦ
2465 1031 2668 1100 τρόπου
2700 1027 3022 1097 κακουργία.

1921 1125 1992 1178 65
2049 1127 2094 1177 Η
2123 1124 2166 1176 δ’
2201 1123 2385 1194 ἡδονὴ,
2414 1122 2593 1192 ψυχῆς
2616 1122 2700 1185 τίς
2727 1123 2842 1173 ἐστι
2867 1119 3108 1185 λειότης⁶

1922 1217 2078 1286 Λύπη
2110 1217 2190 1280 δὲ,
2225 1214 2430 1286 δηγμὸς
2464 1213 2691 1284 καρδίας
2716 1215 2807 1266 καὶ
2842 1212 3118 1280 σύγχυσις.

1920 1305 2146 1375 Φροντὶς
2183 1304 2225 1356 δ’
2257 1304 2499 1373 ὲλιγμὸς,
2524 1291 2564 1373 ἦ
2597 1302 2836 1373 μέριμνα
2875 1301 2936 1352 τὸ
2971 1298 3148 1352 πλέον.

1928 1396 2146 1464 Σκέψις,
2183 1393 2456 1463 λογισμῶν
2495 1391 2766 1452 ἀντίθεσις
2801 1393 2877 1452 είς
2918 1390 3182 1458 πρακτέα.

1928 1485 2122 1556 Κρίσις
2155 1485 2209 1538 δὲ
2243 1485 2404 1554 πῆξις
2433 1483 2539 1535 τῶν
2570 1484 2688 1545 νοὸς
2720 1481 3102 1551 βουλευμάτων
3121 1496 3134 1506 ·

1926 1579 1995 1631 70
2045 1577 2218 1648 Ῥίψιν
2252 1578 2310 1630 δὲ
2335 1575 2541 1629 τούτων
2568 1570 2682 1627 οἶδα
2706 1575 2804 1643 τὴν
2831 1573 3082 1643 ἁκηδίαν.

1925 1669 2121 1733 Φθόνος
2149 1668 2206 1722 δὲ
2230 1667 2382 1737 τῆξις
2410 1667 2742 1738 εὐροούντων
2770 1665 2876 1719 τῶν
2915 1665 3102 1726 πέλας.

1940 1759 2002 1812 'H
2045 1759 2310 1828 βασκανία
2347 1759 2403 1812 δὲ
2429 1759 2522 1813 καὶ
2550 1757 2721 1830 βλάϐη
2748 1757 2835 1811 διὰ
2865 1757 3081 1827 φθόνον.

747 2009 820 2064 45
867 2005 1078 2063 Memor
1121 2006 1214 2071 sit,
1250 2014 1306 2060 et
1346 2004 1574 2061 insidias
1607 2009 1807 2068 struat,
1841 2011 1927 2058 est
1967 2002 2293 2071 iniuriarum
2329 1999 2658 2056 recordatio.

747 2078 1168 2134 Concoctionem
1199 2076 1407 2131 doloris
1438 2077 1555 2130 scio
1581 2089 1702 2129 esse
1724 2073 2214 2134 Ionganimitatem.

751 2149 808 2202 Si
854 2149 979 2220 quis
1011 2146 1360 2220 contumeliis
1400 2145 1628 2220 allectus
1658 2140 1907 2220 placidus
1935 2144 2026 2206 sit,
2062 2143 2268 2220 εει-ἰτὼ
2297 2140 2566 2205 vacuitas,

747 2212 921 2283 Quain
963 2216 1172 2286 antiqui
1212 2212 1687 2270 mansuetudinem
1716 2213 1993 2283 appellare
2028 2212 2299 2286 solebant.

747 2287 1005 2342 Habitum
1036 2283 1219 2341 rerum
1251 2286 1517 2339 bonarum
1548 2299 1672 2339 esse
1715 2287 1972 2339 virtutem
2010 2283 2263 2338 existima
2291 2299 2305 2346 ;

745 2360 816 2414 50
853 2357 1055 2414 Rerum
1091 2364 1272 2408 autem
1304 2355 1652 2418 vitiosarum,
1676 2354 2015 2409 contrarium
2039 2368 2162 2407 esse
2186 2351 2437 2405 morbum
2473 2368 2485 2402 :

747 2427 841 2498 Illa
870 2427 1088 2498 quidem
1122 2425 1214 2479 Dei
1245 2426 1448 2498 donum
1481 2435 1597 2498 est,
1629 2425 1734 2478 iste
1765 2423 1898 2498 quid
1939 2423 2307 2498 inventitium.

746 2497 844 2552 Rei
883 2493 1151 2566 cujusque
1186 2495 1538 2563 pulchritudo
1579 2502 1662 2566 est
1698 2493 2063 2566 concinnitas,

746 2558 1077 2644 Qeforniitas'
1109 2558 1326 2644 antein,_
1349 2564 1778 2644 pulchritudinis
1809 2564 2150 2644 depravatio.
2181 2560 2308 2644 llaec
2343 2574 2461 2614 mea
2498 2558 2798 2615 sententia.

746 2636 1034 2692 Fortitudo
1064 2643 1149 2690 est
1171 2636 1225 2688 in
1251 2633 1417 2690 rebus
1447 2636 1775 2704 periculosis
1805 2633 1973 2687 animi
1998 2633 2332 2704 constantia.

749 2707 817 2780 ἥδ
836 2707 1076 2780 Audacia
1103 2713 1282 2759 autem
1315 2713 1400 2780 est
1437 2698 1786 2780 conﬁdentia,
1815 2705 2042 2780 ubi_no_n
2071 2711 2166 2780 est
2199 2698 2536 2780 audendum.

748 2776 1038 2830 Tiiniditas
1067 2783 1152 2831 est
1183 2776 1432 2843 quaedam
1464 2777 1632 2829 animi
1662 2775 1970 2829 contractio
2000 2774 2054 2828 in
2090 2773 2256 2828 rebus
2289 2769 2578 2826 audendis.

747 2845 1130 2914 Temperantia
1158 2853 1241 2900 est
1278 2846 1612 2914 expugnatio
1639 2846 1975 2913 voluptatum
2006 2861 2018 2896 ι

750 2915 942 2985 Iisdem
972 2915 1243 2985 superari,
1276 2915 1749 2984 intemperantiam
1783 2914 2017 2984 appello.

746 2984 985 3050 Iustitia,
1017 2982 1126 3038 non
1149 3000 1394 3053 quaerere
1428 2982 1487 3037 ut
1520 2985 1643 3053 plus
1674 2982 1896 3046 habeas,
1930 2998 2094 3051 quam
2131 2982 2228 3036 tibi
2269 2982 2534 3038 debeatur
2571 3000 2584 3035 :

747 3056 816 3109 60
842 3054 1202 3123 IEqualitatis
1239 3057 1412 3110 lineas
1443 3055 1746 3116 transilire,
1791 3054 2060 3122 injustitia
2092 3061 2196 3107 est.

744 3124 1102 3196 615-615
1137 3124 1432 3178 Prudentia
1463 3132 1547 3178 est
1583 3140 1764 3179 rerum
1799 3123 2159 3196 experientia.

749 3192 1040 3264 SapiEniia
1054 3192 1343 3250 censeatur
1370 3209 1572 3257 rerum,
1607 3202 1666 3246 ut
1699 3192 2285 3264 sunt,geontcmplatio.

750 3262 1085 3332 Simplicitas
1115 3265 1335 3318 habitus
1364 3272 1449 3318 est
1473 3265 1621 3320 iners
1661 3263 1729 3318 ad
1764 3262 1988 3316 malum.

746 3334 1021 3413 Xers'utia,
1064 3349 1275 3388 morum
1309 3333 1661 3413 perversitas.

743 3405 814 3459 65
853 3403 1139 3472 Voluptas,
1169 3401 1367 3457 mentis
1397 3403 1644 3472 quaedam
1674 3411 1759 3458 est
1783 3401 2059 3456 mollities.

745 3473 992 3528 Tristitia
1020 3481 1104 3528 est
1137 3488 1354 3527 morsus
1388 3474 1574 3527 cordis
1603 3481 1657 3526 et
1684 3472 1957 3527 conlusio.

744 3545 888 3598 Cura
917 3544 1162 3596 animum
1192 3544 1361 3598 volvit
1381 3552 1435 3597 et
1471 3553 1671 3606 versat,
1717 3543 2030 3598 sollicitudo
2068 3541 2247 3595 adhuc
2271 3543 2446 3610 magis

743 3613 1124 3668 Consideratio
1152 3613 1440 3668 conﬂictus
1481 3621 1566 3668 est
1595 3613 1868 3666 rationum
1901 3611 1969 3666 de
1999 3613 2162 3666 rebus
2189 3613 2417 3682 agendis
2453 3631 2466 3666 :

744 3682 1041 3745 Judicium,
1081 3683 1309 3739 ﬁrmitas
1336 3684 1534 3737 mentis
1569 3682 2047 3738 deliberationum.

748 3753 816 3821 70
857 3752 984 3806 llzee
1033 3752 1292 3821 abjicere,
1331 3752 1448 3808 scio
1486 3767 1611 3808 esse
1642 3754 1910 3807 incuriam
1936 3761 1988 3806 et
2032 3751 2309 3807 inertiam.

746 3820 950 3876 Invidia
984 3820 1138 3878 tabes
1167 3823 1335 3876 animi
1366 3829 1450 3878 est
1481 3823 1548 3878 de
1577 3824 1742 3878 rebus
1766 3821 2026 3878 secundis
2055 3821 2384 3877 vicinorum.

743 3890 1075 3957 Fascinatio,
1112 3892 1502 3948 detrimentum
1536 3893 1684 3963 quod
1714 3893 1949 3949 infertur
1994 3908 2090 3962 per
2125 3892 2411 3946 invidiam.

3397 440 3503 499 950

311 4089 382 4143 ‘5
419 4089 701 4159 Μνήμων.
746 4089 872 4144 Vat.
912 4091 1121 4160 μνήμη.
1163 4088 1284 4143 Mox
1329 4089 1496 4144 Coisl.
1553 4091 1819 4160 μνησίκα-

244 4176 338 4221 xc;
375 4176 470 4228 pro
504 4161 856 4229 μνησικακία.
1928 4176 1999 4229 qu

315 4177 344 4258 ﬁ
375 4176 470 4228 pro
504 4176 856 4229 μνησικακία.
993 4231 1003 4242 .
1493 4229 1503 4240 .
1702 4232 1712 4242 .

315 4232 370 4282 al
424 4230 542 4296 Τὴν
585 4229 719 4298 μέν.
775 4229 884 4284 Illa
914 4231 1143 4299 quidem,
1185 4245 1402 4300 nempe,
1456 4238 1622 4282 virtus
1651 4239 1815 4295 :ute,

249 4299 453 4351 morbus
487 4303 806 4353 contrarius.

318 4369 383 4422 59
423 4367 521 4435 Μὴ
545 4370 758 4435 πλέον,
787 4379 890 4426 etc.
931 4369 1109 4425 Minus
1139 4381 1285 4427 recte
1316 4370 1532 4439 Billius,
1573 4387 1676 4424 non
1704 4371 1824 4438 plus

247 4441 447 4493 cwteris
481 4441 764 4509 requirere.

318 4509 386 4582 ϐξ
428 4507 556 4582 Τῶν
579 4509 768 4563 ὄντων
797 4509 930 4582 θέα.
952 4511 1144 4564 Rerum
1170 4527 1353 4565 earum
1385 4529 1503 4582 qua:
1540 4527 1655 4566 vere
1678 4520 1824 4574 sunt,

248 4591 310 4633 ac
335 4579 631 4634 divinarum
672 4581 1066 4648 contemplatio.

253 4939 406 5015 _Menti
441 4942 684 5015 dolosus,
744 4948 1076 5015 μνησικακία
1112 4947 1327 5000 dicitur.

252 5009 650 5082 longanimitas
679 5009 765 5068 est
805 5009 982 5068 eoi-tio
1019 5019 1297 5070 molestiae.

1999 4089 2069 4145 66
2107 4088 2494 4160 Δητμόςηδίο
2543 4088 2712 4160 Coisl.
2744 4096 2798 4143 ct
2831 4089 2947 4143 Vat.
2993 4092 3083 4143 Sic
3133 4091 3259 4160 legit
3311 4094 3523 4156 llillius,

2007 4165 2181 4231 amvis
2263 4158 2396 4213 editi
2471 4159 2708 4214 habeant
2787 4160 3019 4230 δεσμός,
3085 4158 3230 4231 quod
3307 4165 3526 4231 przrl'ert

1977 4230 2181 4285 Olitbel.

2006 4299 2074 4354 68
2128 4300 2461 4364 Ἀντίθεσις
2493 4301 2582 4365 εἰς
2624 4299 2907 4367 πρακτέα.
2958 4301 3146 4354 Dillius
3180 4302 3231 4353 ili
3269 4301 3414 4355 hunc
3450 4306 3527 4354 lo-

1934 4386 2060 4426 cum
2101 4389 2114 4424 :
2161 4370 2350 4423 Videat
2413 4370 2605 4435 lector,
2650 4372 2701 4422 in

1934 4442 2045 4495 hate
2076 4441 2228 4494 lectio
2267 4442 2454 4508 futura
2491 4442 2583 4502 sit,
2608 4441 2702 4494 σκέ

1558 4759 1892 4819 METRICA
1914 4757 2214 4818 VERSIO.

2707 4387 2744 4509 l

2749 4371 2858 4432 uit,
2905 4389 2972 4423 an
3017 4372 3152 4438 forte
3199 4373 3527 4425 t‘otttmodtm'

2752 4459 2798 4502 ις
2830 4442 3110 4511 λογισμὸς.
3151 4444 3215 4493 ἄν
3247 4460 3298 4493 τι
3328 4444 3529 4511 πρᾶξις

1935 4511 2248 4582 πρακτέων.
2299 4510 2451 4564 Hanc
2504 4511 2618 4566 fere
2667 4510 3327 4582 lectionemsuppeditat
3375 4510 3528 4565 Vati-

1935 4579 2110 4636 canus
2141 4581 2334 4645 codex,
2373 4582 2424 4634 in
2457 4597 2568 4652 quo
2603 4583 2818 4652 legitur,
2851 4579 3172 4651 ἀντίπραξις
3212 4583 3523 4653 πρακτέων.

1864 4943 2180 5008 B-Justitia,
2217 4958 2324 4996 non
2358 4945 2478 5011 plus
2519 4943 2734 4998 caeteris
2769 4943 3050 5012 requirere
3084 4962 3096 4996 :

1935 5016 2019 5068 Ab
2050 5015 2303 5083 aequitate
2330 5012 2563 5083 digredi,
2602 5019 2684 5067 est
2713 5013 2998 5083 iniquitas.

263 5082 564 5204 Ὰοργνμτία,
601 5101 722 5137 eum
753 5093 896 5138 tenet
931 5087 1115 5139 laesum
1151 5088 1328 5156 quies,

263 5151 413 5204 Duain
457 5153 712 5204 enitateln
738 5155 919 5204 dicere
947 5158 1076 5204 olim
1109 5173 1224 5204 mos
1257 5174 1328 5204 er:

253 5151 413 5216 Quam
438 5151 712 5208 lenitatem
738 5155 919 5208 dicere
947 5158 1076 5208 olim
1109 5151 1224 5209 nios
1257 5167 1396 5210 erat.

254 5218 448 5285 Virtus,
486 5223 752 5276 bonorum
786 5227 971 5279 lirmus
1003 5234 1087 5279 cst
1117 5227 1336 5280 habitus
1363 5244 1375 5277 :
1417 5228 1540 5278 mali

254 5291 580 5362 llabitusqnc
608 5309 845 5356 rursum,
887 5297 1110 5349 morbus
1141 5297 1510 5350 adveisarius.

256 5361 337 5414 Dei
378 5363 464 5413 illa
495 5361 697 5416 donum
725 5375 805 5418 est.
848 5385 858 5417 :
897 5373 950 5416 at
991 5368 1128 5417 mala
1183 5367 1269 5418 hic
1313 5368 1572 5421 inventio.

256 5429 433 5504 llecor,
461 5435 534 5504 rei
560 5435 740 5488 omnis
775 5437 993 5504 elegans
1026 5437 1373 5491 concinnitas
1415 5457 1427 5490 :

253 5500 444 5573 Contra
486 5503 698 5558 decoris
740 5517 823 5557 est
861 5500 1119 5573 probrum
1162 5507 1504 5563 deformitas.

255 5569 356 5644 lani
383 5574 662 5637 fortitudo,
709 5569 875 5630 robur
911 5578 960 5628 in
1013 5578 1290 5644 periculis.

256 5643 357 5714 Ast,
394 5645 480 5696 ubi
525 5661 662 5714 opus
698 5646 836 5698 haud
864 5654 965 5709 est,
1001 5643 1184 5712 lidcre,
1214 5657 1298 5701 cst
1338 5649 1584 5702 audacia.

256 5710 500 5786 Audenda
523 5710 1018 5785 qiiisqnisdefugit,
1048 5710 1314 5786 premitur
1344 5729 1511 5773 metu.

259 5777 742 5861 Esttcmpe'rantis,
768 5789 883 5861 lwta
921 5777 1194 5861 quaz'sunt
1216 5791 1456 5852 ,tinccre
1489 5810 1499 5844 :

263 5848 545 5911 Libidinosi
578 5872 788 5919 rursus,
833 5859 915 5913 lllS
939 5848 1323 5915 succumbere.

1937 5084 2136 5137 lterum
2166 5085 2396 5152 peritus,
2437 5084 2640 5137 dicitur
2669 5084 2910 5152 prudens
2949 5099 2962 5134 :
2998 5083 3209 5152 seplius

1937 5157 2002 5206 At
2037 5166 2347 5217 cenSeatur,
2392 5163 2574 5224 mente
2614 5155 2706 5222 qui
2750 5170 2838 5208 res
2873 5155 3163 5224 conspicit.

1936 5225 2178 5294 Simplex
2213 5233 2442 5277 vocatur
2475 5223 2732 5293 quisquis
2766 5224 2831 5276 ad
2860 5227 3063 5276 malum
3091 5233 3178 5279 est
3210 5225 3361 5294 piger
3402 5239 3414 5274 :

1934 5293 2202 5348 Versutus
2235 5301 2438 5364 autem,
2467 5295 2716 5347 moribus
2742 5294 2996 5362 quisquis
3024 5293 3248 5364 duplei.

1933 5366 2139 5418 Laetitia
2164 5363 2466 5433 quidnam?
2498 5366 2698 5419 mentis
2727 5373 2811 5419 est
2839 5364 3096 5429 dillosio;

1935 5434 2202 5499 Tristitia,
2240 5435 2422 5488 cordis
2453 5450 2696 5499 morsus,
2731 5445 2784 5487 et
2815 5435 3078 5488 turbatio.

1938 5508 2005 5557 At
2026 5521 2159 5559 cura
2191 5513 2423 5560 mentem
2455 5506 2640 5567 volvit,
2675 5505 2923 5559 anxietas
2956 5507 3146 5567 magis.

1936 5576 2121 5646 Pugna
2148 5578 2444 5639 rationum,
2479 5547 2671 5644 σκέψίς
2692 5584 2796 5638 est,
2829 5545 3075 5644 nunquiii
3109 5593 3285 5646 geres.

1934 5647 2198 5700 tionsulta
2224 5647 2424 5700 mentis
2462 5646 2641 5698 lirmat
2671 5655 2726 5699 at
2772 5647 3065 5700 sententia.

1937 5717 2060 5770 llaec
2092 5718 2183 5785 qui
2212 5716 2441 5786 repellit,
2477 5716 2604 5769 huic
2639 5717 2776 5769 inest
2828 5718 3059 5770 incuria.

1937 5787 2099 5840 Livor
2135 5789 2392 5841 secundis
2434 5787 2662 5854 proximi
2693 5787 2856 5841 rcbus
2895 5788 3058 5842 dolet.

1937 5859 2218 5912 Βασκχνία
2260 5860 2380 5928 plus
2411 5867 2533 5914 cst:
2576 5874 2701 5912 nam
2752 5867 2911 5913 nocet
2948 5867 3214 5930 quantum
3248 5868 3448 5929 potcst.
