5168 6648
1070 405 1871 538 Ιέἒέἒέςηῡιε
2700 481 2704 486 ,
3995 488 4037 495 ._

1141 739 1313 890 A.
1415 740 1578 923 Β.
1707 734 2529 893 CAlLLAU
2638 627 3176 891 PRAEF

1707 734 2529 893 CAlLLAU
2638 627 3702 895 PRAEFATIO.

868 1126 1036 1185 Inter
1059 1122 1455 1197 insurgentes
1480 1115 1627 1177 hinc
1654 1122 1715 1176 et
1742 1114 1891 1175 inde
1919 1114 2130 1175 multis
2157 1116 2289 1193 jam
2318 1114 2398 1175 ab
2428 1115 2611 1177 annis
2640 1114 3033 1194 publicarum
3076 1116 3529 1177 discordiarum
3571 1118 3893 1191 tumultus,
3930 1118 4054 1183 hoc

793 1222 1221 1299 gravissimum
1268 1231 1589 1294 emergere
1618 1214 2091 1275 incommodum
2126 1212 2501 1275 crediderim
2546 1214 2729 1275 simul
2764 1220 2825 1276 et
2864 1214 3152 1288 dixerim,
3182 1214 3489 1276 funestam
3522 1216 3812 1277 videlicet
3846 1219 4052 1291 istam,

790 1339 934 1399 quae
964 1322 1185 1383 doctos
1229 1326 1290 1379 et
1335 1318 1505 1397 pacis
1547 1322 1826 1377 amantes
1870 1315 2214 1376 litterarum
2260 1315 2508 1377 labores
2555 1316 2942 1397 interruptos
2986 1317 3266 1396 pendere
3312 1319 3543 1395 coegit,
3590 1320 4048 1381 necessitatem.

789 1422 945 1496 Quid
977 1422 1145 1481 enim
1189 1416 1505 1481 scribendi
1532 1417 1739 1477 studio
1767 1432 1909 1476 cum
1939 1415 2169 1476 ardore
2214 1414 2536 1477 bellandi?
2561 1417 2713 1496 quid
2742 1417 3219 1479 meditationum
3253 1419 3447 1496 quieti
3501 1438 3643 1481 cum
3669 1421 4052 1485 seditionum

791 1522 1110 1586 motibus?
1153 1521 1270 1582 Ubi
1306 1517 1559 1580 infausti
1587 1516 1858 1578 civilium
1889 1515 2309 1593 procellarum
2338 1517 2597 1595 spiritus
2627 1518 2853 1578 acriter
2878 1516 3190 1579 sibilando
3217 1518 3616 1595 invehuntur,
3648 1521 3881 1582 ibidem
3914 1522 4053 1584 lan-

792 1629 1092 1701 guescant
1119 1621 1305 1681 ﬂores
1335 1621 1571 1697 ingenii
1601 1620 1987 1698 marcidique
2018 1620 2312 1680 decidant
2342 1638 2602 1681 necesse
2637 1628 2751 1683 est.

871 1728 1019 1800 Quis
1047 1732 1141 1787 est
1165 1725 1480 1785 studiosos
1510 1726 1674 1785 inter
1700 1742 1892 1786 sacrae
1924 1724 2308 1803 antiquitatis
2327 1724 2638 1799 alumnos,
2664 1726 2775 1805 qui
2802 1726 3073 1805 primum
3098 1734 3221 1787 tam
3252 1725 3463 1787 nitida}
3485 1732 3547 1787 et
3564 1732 3687 1792 tam
3710 1728 4053 1791 emendata)

792 1829 853 1887 S.
880 1825 1161 1903 Gregorii
1182 1825 1551 1885 Nazianzeni
1572 1825 1865 1886 editionis
1890 1824 2185 1884 volumen
2218 1842 2346 1885 non
2370 1825 2557 1886 fuerit
2576 1827 2915 1886 admiratus
2943 1823 3025 1905 (α)
3041 1822 3225 1899 ‘lQuis
3249 1826 3401 1886 illud
3427 1828 3662 1887 meritis
3686 1845 3812 1888 non
3836 1828 4053 1906 extulit

796 1929 1100 2001 laudibus,
1130 1927 1813 2006 Benedictinorumque
1842 1928 2050 1988 Sancti
2088 1928 2307 2000 Mauri,
2341 1935 2423 1989 ita
2455 1927 2708 1989 aliunde
2745 1929 2809 1988 in
2844 1928 2975 1989 suis
3013 1929 3314 2008 operibus
3352 1929 3802 2008 perfectorum,
3840 1931 4053 2010 perfe-

792 2028 1132 2088 ctissimum
1162 2044 1322 2106 opus
1350 2043 1476 2086 non
1500 2026 1903 2104 prmdicavit?
1929 2027 2076 2099 Quis
2095 2028 2267 2106 justo
2301 2045 2429 2088 non
2464 2037 2833 2107 prosecutus
2854 2035 2951 2089 est
2979 2028 3292 2089 desiderio
3320 2029 3641 2104 amissum,
3670 2038 3739 2091 ut
3766 2032 4055 2096 nonnulli

795 2135 1035 2206 putant,
1068 2136 1174 2187 aut
1193 2125 1435 2195 saltem,
1470 2131 1539 2185 ut
1563 2142 1773 2185 verum
1805 2132 1921 2198 est,
1954 2144 2331 2205 suspensum
2359 2127 2724 2187 excellentis
2757 2128 3242 2189 elucubrationis
3272 2131 3849 2210 complementum?
3877 2135 4054 2207 Quod

795 2228 1107 2307 perditum
1142 2227 1373 2286 deflent
1395 2223 1522 2297 alii,
1553 2222 1723 2301 quod
1751 2220 1857 2281 alii
1886 2222 2308 2301 interruptum
2345 2223 2585 2296 dolent,
2619 2224 2739 2285 hoc
2768 2224 3021 2285 tandem
3054 2242 3087 2285 e
3112 2226 3390 2288 tenebris
3418 2236 3664 2290 erutum
3694 2230 3805 2291 tibi
3835 2232 4050 2311 profe-

795 2329 1010 2399 rimus,
1038 2326 1273 2404 optime
1327 2323 1548 2394 lector,
1581 2322 1751 2399 quod
1784 2337 1912 2383 non
1940 2329 2001 2382 te
2025 2322 2253 2395 solum,
2290 2324 2399 2385 sed
2441 2331 2503 2384 et
2551 2341 2807 2384 omnem
2838 2324 3225 2386 eruditorum
3274 2326 3572 2390 familiam
3620 2338 3796 2407 grato
3838 2333 4052 2394 animo

791 2437 1186 2510 accepturam
1208 2427 1603 2491 confidimus.

879 2536 1054 2596 Plura
1087 2540 1289 2595 autem
1324 2539 1385 2594 et
1414 2537 1583 2594 certe
1611 2532 1971 2607 gravissima
1995 2533 2062 2594 in
2088 2532 2419 2612 procinctu
2445 2540 2765 2595 tractanda
2794 2539 3153 2604 occurrunt,
3194 2533 3248 2593 1°
3287 2532 3523 2595 scilicet
3551 2550 3680 2612 quo
3712 2533 3879 2597 felici
3905 2553 4054 2598 casu

793 2636 1189 2697 authenticos
1219 2637 1643 2697 Maurinorum
1666 2638 2129 2716 manuscriptus
2156 2638 2357 2700 codex
2388 2646 2632 2700 nostras
2657 2640 2720 2700 in
2749 2656 2971 2701 manus
2992 2640 3284 2701 inciderit
3310 2658 3325 2714 ;
3354 2639 3412 2698 2°
3439 2656 3580 2719 quae
3605 2646 3665 2700 et
3692 2642 3906 2720 quanti
3933 2643 4057 2703 sint

795 2742 1096 2801 momenti
1129 2759 1342 2819 opera,
1375 2758 1516 2819 quae
1548 2740 1829 2802 nondum
1854 2742 1932 2802 ad
1964 2742 2391 2803 omnimodam
2412 2742 2831 2820 integritatem
2855 2744 3360 2822 severioremque
3383 2742 3852 2819 castigationem
3881 2762 4059 2809 revo-l

795 2846 953 2910 cata,
989 2842 1326 2902 emittenda
1376 2851 1788 2921 supererant;
1837 2844 1895 2906 3‘
1939 2863 2065 2925 qua
2112 2846 2413 2907 methodo
2460 2846 2809 2908 doctissimi
2837 2847 3113 2907 editores
3143 2852 3209 2905 in
3244 2845 3571 2924 Operando
3601 2847 4053 2940 processerint;

800 2939 857 3000 4°
894 2942 1040 3019 quid
1073 2942 1302 3003 laboris
1329 2941 1581 3007 tandem
1618 2948 1823 3021 nobis,
1855 2954 1997 3027 post
2028 2954 2235 3008 tantos
2261 2964 2573 3008 messores
2601 2948 3052 3025 prmtermissas
3081 2946 3181 3007 vix
3211 2945 3449 3023 aliquas
3472 2943 3619 3006 hinc
3651 2952 3712 3006 et
3740 2946 3889 3007 inde
3923 2939 4056 3027 spi+

798 3060 903 3101 cas
930 3042 1298 3118 legentibus,
1332 3044 1517 3107 fuerit
1546 3047 1915 3109 derelictum
1943 3065 1954 3105 :
1987 3064 2130 3125 quae
2168 3047 2421 3126 quidem
2452 3046 2561 3106 ubi
2589 3045 2821 3107 fuerint
2853 3045 3125 3107 dilucide
3156 3049 3505 3111 examinata
3550 3055 3608 3111 et
3639 3067 3938 3131 expensa,
3968 3053 4054 3114 nil

794 3142 919 3221 jam
952 3142 1105 3205 ultra
1133 3144 1303 3223 quod
1332 3146 1717 3225 expostulari
1745 3146 1945 3226 possit
1970 3145 2066 3206 vel
2098 3145 2385 3223 exeptari
2413 3160 2740 3207 remanere
2770 3143 3107 3205 credimus.

2061 3259 2071 3268 ’
2161 3291 2590 3351 AltTICULUS
2634 3291 2682 3350 I.

1862 3434 1948 3493 De
1990 3434 2239 3493 invento
2271 3432 2717 3492 Maurinorum
2755 3430 2985 3490 codice.

883 3583 1076 3644 Nemo
1103 3582 1301 3645 nescit
1330 3584 1741 3645 recentiorem
1783 3582 1844 3641 S.
1874 3579 2157 3656 Gregorii
2210 3574 2581 3638 Nazianzeni
2610 3573 2951 3635 editionem
2981 3574 3253 3653 primum
3284 3592 3318 3636 a
3349 3575 3419 3635 D.
3447 3576 3682 3638 Iacobo
3721 3578 3798 3641 de
3838 3580 4052 3642 Friche

801 3692 1179 3764 susceptam,
1206 3684 1432 3745 deinde
1464 3700 1610 3743 vero
1638 3700 1673 3742 a
1702 3682 1773 3740 D.
1803 3680 2134 3740 Francisco
2157 3675 2438 3739 LouVard
2465 3674 2845 3746 inchoatam,
2882 3680 3104 3753 postea
3132 3692 3167 3735 a
3195 3676 3265 3735 D.
3295 3676 3637 3739 Prudentio
3658 3681 3864 3741 Maran
3898 3702 4058 3761 prm-

804 3794 1100 3865 paratam,
1126 3787 1253 3846 imo
1278 3792 1338 3845 et
1356 3784 1605 3863 publice
1634 3799 1799 3845 anno
1835 3780 1980 3842 1708
2008 3778 2463 3849 annuntiatam,
2490 3791 2654 3836 anno
2680 3774 2957 3853 denique
2987 3773 3162 3847 1778,
3195 3776 3404 3853 quoad
3438 3778 3708 3855 primum
3734 3782 4053 3855 volumen,

808 3886 994 3948 fuisse
1022 3887 1307 3947 emissam
1344 3884 1587 3944 Parisiis
1616 3900 1650 3942 a
1680 3884 1750 3942 D.
1777 3881 2156 3950 Clemencet,
2188 3891 2466 3955 quocum
2506 3875 2768 3952 insuper
2796 3889 2976 3934 curas
3012 3874 3633 3938 communicaverunt
3669 3880 3787 3939 DD.
3827 3884 4053 3956 Patcrt,

802 3987 1078 4047 Andreas
1097 3986 1285 4047 Brion
1315 3990 1376 4043 et
1409 3981 1736 4057 Dionysius
1767 3976 2021 4048 d'Olive,
2051 3974 2160 4053 qui
2201 3972 2433 4034 menda
2452 3971 2808 4048 corrigendi
2828 3971 3138 4047 ingratum
3160 3970 3605 4054 difﬁcilemque
3632 3977 3904 4042 laborem
3932 4001 4057 4042 non

803 4087 1185 4149 detrectavit.
1202 4086 1440 4145 Domuo
1453 4082 1827 4150 Clemeucet,
1844 4077 1973 4155 qui,
2000 4073 2283 4135 doctrina
2312 4070 2624 4133 celebrior
2637 4088 2824 4149 quam
2848 4070 2991 4141 lidc,
3008 4067 3187 4147 plura
3212 4071 3460 4151 scripsit
3484 4076 3565 4136 ad
3591 4078 4059 4142 confirmandos

806 4190 1224 4252 recentiorum
1238 4192 1603 4247 aovatorum
1618 4198 1885 4253 errores,
1901 4195 2171 4257 quorum
2183 4176 2388 4238 acrior
2400 4174 2631 4235 exstitit
2650 4180 3102 4252 propugnator,
3118 4173 3365 4253 adjutor
3376 4175 3439 4236 in
3454 4180 3713 4242 secundi
3728 4181 4060 4243 voluminis

806 4290 1019 4350 labore
1046 4285 1224 4347 datus
1250 4291 1343 4345 est
1376 4285 1443 4342 D.
1473 4282 1551 4342 de
1573 4279 1853 4350 Cosniac,
1887 4275 1997 4355 qui
2021 4274 2228 4335 lenior
2258 4273 2495 4345 animo,
2544 4277 2606 4331 at
2651 4271 2813 4330 forte
2850 4270 3107 4347 ingenio
3139 4272 3365 4346 minor,
3400 4275 3478 4335 ad
3507 4279 3760 4339 eosdem
3817 4296 4061 4345 errores

809 4389 1049 4451 videtur
1061 4387 1414 4448 inclinasse.
1428 4385 1587 4446 Hinc
1598 4384 1744 4444 licet
1765 4388 1943 4443 caute
1959 4379 2231 4455 legendi,
2246 4376 2501 4459 quando
2515 4376 2595 4436 de
2613 4375 2784 4436 falsis
2799 4392 3017 4436 eorum
3030 4376 3231 4453 agitur
3246 4378 3568 4455 doctrinis,
3585 4381 3834 4460 legendi
3850 4393 4061 4451 tamen

807 4504 1025 4550 secure
1038 4505 1177 4548 cum
1200 4482 1728 4562 agiturdelinguze
1744 4483 1975 4541 Graecae
1992 4476 2328 4557 peritia,-de
2343 4474 2631 4536 codicum
2644 4480 2971 4547 vetustate,
2999 4478 3367 4538 auctoritate
3381 4486 3443 4539 et
3465 4482 3882 4558 varietatibus,
3904 4488 3982 4548 de
4004 4490 4061 4549 vi

810 4596 1067 4649 etsensu
1091 4588 1445 4657 verborum,
1460 4584 1538 4645 de
1553 4579 1855 4643 versionis
1871 4577 2276 4657 preprietate,
2300 4572 2669 4650 cteterisque
2683 4571 3016 4650 ejusmodi,
3030 4573 3262 4650 quibus
3280 4576 3587 4637 conﬂatur
3606 4580 3812 4640 omnis
3832 4591 4062 4645 nostra)

811 4687 993 4767 hujus
1017 4687 1307 4748 editionis
1335 4686 1530 4747 labor.
1555 4680 1809 4743 Laboris
1835 4684 2043 4740 autem
2060 4675 2239 4736 ardui
2260 4672 2586 4752 multiplex
2607 4672 2986 4746 sollicitudo,
3009 4675 3355 4751 praesertim
3377 4677 3673 4741 defuncto
3685 4681 3814 4759 jam
3836 4684 3903 4742 D.
3928 4686 4062 4745 Cle-

776 4824 782 4831 -
811 4794 1079 4859 mencet,
1104 4786 1315 4866 plures
1338 4785 1692 4864 requirebat
1712 4798 1958 4854 manus,
1977 4785 2033 4840 et
2065 4777 2321 4857 quidem
2351 4792 2482 4837 non
2507 4775 2824 4847 inductas;
2857 4773 3269 4837 undefactum
3292 4784 3464 4839 estut
3485 4780 3550 4841 in
3583 4784 3794 4861 Operis
3824 4793 4063 4861 partem

814 4889 1126 4949 veniretD.
1142 4888 1220 4949 de
1233 4886 1520 4948 Verneuil
1535 4935 1548 4959 ,
1564 4884 1670 4964 qui
1685 4882 1961 4962 ejusdem
1976 4878 2215 4940 ordinis
2238 4896 2367 4938 non
2388 4886 2621 4938 vestem
2638 4874 2865 4947 solum,
2882 4875 2991 4935 sed
3021 4884 3081 4937 et
3101 4876 3424 4938 scientiam
3438 4881 3827 4957 prmferebat.
3842 4886 4065 4947 Tribus

812 4991 889 5050 ab
911 4990 1006 5051 his
1024 4989 1190 5063 viris,
1206 4989 1469 5067 aliisque
1489 4988 1699 5048 forsan
1717 5000 1988 5064 quorum
2004 4981 2306 5043 memoria
2323 4998 2453 5042 non
2487 4984 2795 5058 superest,
2805 4979 2939 5057 jam
2960 4979 3317 5041 confectum
3344 5000 3528 5063 Opus,
3562 4986 3646 5047 nil
3679 4987 3842 5049 aliud
3874 5007 4063 5067 quam

814 5096 1350 5176 typographorum
1380 5111 1634 5157 manum
1660 5099 2021 5171 exspectare
2043 5068 2387 5159 videbatur,
2409 5086 2666 5164 quando
2693 5085 2872 5147 irruit
2892 5086 3099 5149 subito
3118 5088 3308 5148 tristis
3334 5085 3732 5165 violentaque
3761 5089 4060 5166 procella,

816 5217 977 5278 qum,
1006 5202 1327 5262 concussis
1354 5200 1679 5276 religionis
1722 5198 1921 5275 ipsius
1945 5197 2014 5256 in
2041 5193 2234 5255 Gallia
2267 5193 2714 5267 fundamentis,
2742 5209 2955 5255 sacros
2990 5192 3447 5257 monachorum
3481 5190 3736 5253 ordines
3778 5192 4065 5271 spoliavit

821 5295 1324 5377 disturbavitque.
1355 5295 1648 5360 Maurinis
1677 5300 1908 5365 autem,
1941 5308 2085 5353 cum
2119 5290 2199 5350 ab
2231 5290 2408 5350 avitis
2439 5289 2724 5351 claustris
2752 5291 2905 5351 nudi
2938 5298 3001 5352 et
3026 5298 3283 5370 egentes
3308 5296 3751 5374 abjieerentur,
3784 5297 3869 5357 nil
3899 5298 4061 5357 anti-

818 5396 1001 5476 quius
1020 5396 1135 5458 fuit
1167 5416 1354 5477 quam
1380 5401 1622 5462 caeteris
1642 5401 1935 5461 omnibus
1963 5398 2425 5478 pretiosiorem,
2448 5405 2669 5477 utpote
2688 5399 2875 5460 tantis
2901 5398 3127 5476 vigiliis
3152 5396 3613 5476 sudoribusque
3633 5403 4063 5475 comparatum

889 5525 967 5591 (a)
1000 5522 1352 5592 Splendidum
1377 5532 1522 5577 certe
1551 5525 1826 5585 volumen,
1862 5523 1955 5577 sed
1980 5523 2159 5591 quoad
2192 5531 2375 5576 textus
2405 5524 2846 5592 emendationem
2873 5537 2979 5592 non
3003 5519 3139 5575 adeo
3170 5519 3562 5592 extollendum.
3596 5517 4064 5592 Speciminisloco

818 5587 1101 5663 sit‘pagina
1138 5594 1185 5651 t.
1224 5594 1312 5646 ubi
1338 5594 1533 5663 legitur
1557 5595 1639 5649 bis
1670 5587 2064 5658 ἀνασθιὶσεὼς
2089 5605 2187 5660 ι)το
2208 5594 2577 5655 ἀναστάσεως,
2598 5589 2775 5657 οὗτος
2798 5608 2859 5661 pr

2024 5615 2064 5658 ις
2089 5605 2187 5660 pro
2208 5594 2577 5655 ἀναστάσεως,
2598 5589 2775 5657 οὗτος
2798 5607 2896 5661 pro
2920 5587 3093 5663 οὗτος,
3114 5598 3221 5643 etc.
3253 5591 3358 5644 Sed
3390 5590 3533 5663 quod
3562 5588 3800 5663 mireris,
3827 5588 3880 5639 in
3905 5588 4065 5663 titulo

820 5656 1297 5733 primivvoluutiuis
1315 5656 1457 5731 quod
1485 5664 1598 5733 jam
1636 5672 1992 5733 peccaverant
2040 5656 2197 5732 primi
2225 5664 2565 5732 typograplti,
2606 5663 2657 5714 id
2696 5656 3694 5733 nonmodoAretinuemutiiovissilui
3718 5656 3959 5710 editores
4010 5659 4065 5711 in

819 5726 1005 5787 eodem
1033 5726 1370 5854 tituloitz'cpi's
1400 5726 1594 5785 iterum
1629 5726 1905 5794 mandato,
1937 5726 2337 5825 εὐρὶσχιτμέὐα
2357 5726 2469 5801 ’βτό
2503 5733 2867 5803 εὑρισκόμενα
2894 5731 3201 5785 scribentes
3233 5730 3399 5795 (quod
3432 5739 3613 5809 tamen
3637 5726 3751 5793 jam
3784 5734 4067 5779 notaverat

823 5803 1013 5854 llarles
1044 5804 1109 5854 ad
1148 5801 1240 5854 "Ib
1268 5803 1394 5854 ioth.
1434 5802 1602 5854 Gra'c.
1636 5801 1890 5854 Fabricii.
1921 5811 2050 5854 tom.
2085 5802 2214 5854 \lll.
2247 5819 2300 5854 n.
2340 5801 2489 5854 403i.
2546 5802 2639 5854 sed
2678 5802 2823 5854 aliud
2854 5802 3074 5854 insuper
3103 5800 3357 5853 utendum
3392 5798 3722 5851 addiderunt
3744 5797 4065 5854 I‘perept'w

823 5803 1013 5856 llarles
1044 5804 1109 5856 ad
1148 5797 1394 5856 Biblibth.
1434 5802 1602 5855 Gra'c.
1636 5801 1890 5872 Fabricii.
1921 5797 2050 5856 ten}.
2085 5797 2214 5867 Vill,
2247 5819 2300 5872 p.
2340 5797 2489 5870 403),
2546 5797 2639 5857 sed
2678 5797 2823 5854 aliud
2854 5802 3074 5869 insuper
3103 5800 3357 5853 utendum
3392 5798 3722 5851 addiderunt
3744 5797 4065 5863 Γρεγορίου

821 5873 1138 5929 exhibentes
1170 5886 1269 5940 pro
1308 5872 1625 5943 Γρηγορίου.
1652 5872 1806 5926 Enn.
1839 5870 2009 5925 Pun.

1141 5967 1408 6025 Parnm”
1439 5969 1560 6026 tia.
1608 5969 1937 6029 XXXVII.
3789 5961 3818 6019 τ’
