5168 6648
1157 401 1216 455 Η
2309 396 2373 450 Λ.
2416 395 2474 452 Β.
2516 395 2817 453 εΛιιιΑυ
2859 394 3253 452 ΡΠΑΞΡΑΤΙΟ.
4356 403 4434 458 12

1150 511 1540 585 thesaurum,
1574 509 1873 587 fugiendo
1899 507 2168 582 auferre,
2198 513 2282 582 et,
2318 509 2468 568 dum
2504 507 2799 570 transiret
2825 513 3190 587 tempestas,
3219 506 3560 568 occultare.
3595 509 3812 570 Utrum
3845 509 4058 590 plures
4085 509 4262 571 facta:
4293 511 4432 573 fue-

1153 614 1278 675 rint
1308 620 1452 674 ante
1488 611 1609 673 hoc
1656 615 1960 692 temporis
1995 613 2543 694 transcriptiones.
2572 631 2702 677 non
2750 615 2899 676 satis
2937 619 3225 686 constat;
3271 620 3512 675 certum
3547 620 3642 675 est
3688 622 3897 678 autem
3942 616 4260 696 duplicem
4297 618 4430 697 jam

1154 709 1436 773 codicem
1467 709 1630 770 inter
1661 708 2139 770 eminentissimi
2161 710 2492 772 cardinalis
2519 712 2639 771 DD.
2676 712 2872 774 Fesch
2902 729 3127 772 manus
3159 709 3439 773 habitum
3484 711 3702 788 fuisse,
3735 732 4004 794 quorum
4047 734 4188 778 cum
4234 717 4427 796 prior,

1157 811 1348 876 multa
1380 811 1649 890 pecunia
1677 818 2096 891 comparatus,
2130 815 2310 892 quasi
2331 833 2365 874 a
2387 814 2645 893 propria
2673 816 3229 877 Bcnedictinorum
3253 833 3439 876 manu
3472 815 3844 896 descriptus,
3879 837 4131 880 manum
4163 819 4429 882 alienam

1157 916 1479 977 evidenter
1505 920 1817 992 argueret,
1851 917 2265 994 posteriorem
2296 920 2524 980 iterum
2556 921 2826 1000 pecunia
2857 921 3077 1000 majori
3112 919 3379 980 redemit
3409 919 3942 980 eminentissimus
3975 919 4143 980 idem
4180 921 4428 999 Purpu-

1158 1023 1363 1089 ratus;
1407 1023 1616 1076 utrum
1645 1015 1951 1076 veriorem
1979 1016 2543 1096 sincerioremque,
2565 1025 2802 1080 asserat
2829 1019 2938 1097 qui
2966 1018 3117 1078 vidit
3142 1033 3158 1090 ;
3183 1016 3336 1077 mihi
3371 1017 3539 1078 enim
3561 1017 3736 1078 illum
3765 1015 3977 1077 videre
4008 1034 4154 1078 non-
4173 1033 4433 1078 conces-

1155 1134 1316 1176 sum.
1361 1117 1626 1176 Romam
1665 1114 1832 1174 enim
1869 1113 2236 1188 devcniens,
2271 1124 2333 1177 et
2370 1116 2448 1177 ad
2474 1115 2971 1177 Eminentissimi
3021 1114 3217 1194 pedes
3256 1114 3645 1194 provolutus,
3685 1131 3763 1175 eo
3808 1115 4087 1176 audaciae
4129 1114 4429 1176 devenire

1157 1233 1294 1277 sum
1319 1232 1529 1290 ausus,
1561 1219 1628 1275 ut
1657 1221 1782 1274 tam
1813 1212 2159 1291 pretiosum
2188 1221 2693 1287 monumentum,
2727 1213 2908 1292 prelo
2938 1212 3146 1274 subito
3197 1212 3649 1286 mandandum,
3673 1213 4072 1274 describendi
4113 1213 4427 1276 licentiam

1157 1319 1650 1404 expostularem;
1703 1334 1890 1397 quam
1931 1318 2188 1397 quidem
2236 1326 2497 1398 propter
2533 1320 2927 1397 gravissimas
2964 1335 3138 1388 sane,
3173 1337 3329 1398 quas
3375 1336 3502 1380 non
3549 1317 3862 1380 discutere
3904 1336 4118 1380 meum
4159 1327 4277 1392 est,
4311 1320 4424 1381 sed

1157 1423 1452 1498 revereri,
1483 1422 1758 1483 rationes
1785 1420 2072 1482 obtinere
2109 1438 2237 1483 non
2283 1423 2564 1499 contigit.
2609 1424 2843 1484 Durum
2874 1428 3084 1482 tamen
3125 1428 3185 1482 et
3229 1438 3510 1482 amarum
3557 1421 3767 1482 animo
3806 1438 3999 1483 sacraa
4043 1422 4430 1501 antiquitatis

1157 1522 1409 1593 amanti,
1473 1518 1837 1600 pressumpti
1901 1517 2307 1597 pulcherrimi
2377 1518 2611 1581 laboris
2664 1537 2918 1582 omnem
2979 1520 3232 1599 penitus
3285 1537 3463 1599 spem
3541 1521 3833 1598 abjicere.
3914 1521 4063 1582 Mihi
4097 1569 4113 1596 ,
4199 1521 4426 1598 fateor,

1156 1638 1409 1700 semper
1425 1625 1569 1682 ante
1590 1619 1809 1688 oculos
1829 1617 2274 1678 obversabatur
2292 1617 2640 1678 secundum
2661 1617 2813 1679 illud
2837 1617 3033 1679 sancti
3055 1616 3335 1693 Gregorii
3359 1615 3830 1677 Benedictinum
3852 1617 4427 1696 volumen.Ergone

1157 1742 1410 1803 semper
1437 1723 1502 1784 in
1545 1722 1732 1784 unius
1755 1719 2153 1782 bibliotheca}
2197 1719 2477 1781 tenebris
2508 1720 2824 1800 sepultum
2857 1719 3250 1782 remanebit?
3278 1721 3614 1797 Nunquam
3647 1736 3798 1795 ergo
3829 1721 3934 1781 ﬁet
3965 1723 4200 1801 publici
4224 1703 4431 1802 juris?

1156 1822 1434 1884 Ecclesia
1463 1828 1637 1884 tanto
1665 1821 1904 1881 lumine
1933 1837 2258 1906 nunquam
2297 1819 2590 1881 irradiata
2617 1817 2959 1899 gaudebit?
2988 1820 3136 1880 Huic
3171 1836 3271 1879 me
3301 1818 3640 1896 cogitante,
3677 1819 3886 1881 subito
3921 1821 4086 1883 fama
4129 1824 4206 1884 ad
4243 1841 4429 1885 aures

1160 1921 1439 1995 affertur,
1472 1937 1687 1982 verum
1717 1925 1778 1980 et
1800 1917 2142 1995 genuinum
2167 1919 2583 1980 Maurinensis
2614 1919 3106 1982 elucubrationis
3129 1919 3454 1999 exemplar
3480 1919 3730 1981 Parisiis
3756 1918 4014 1996 haberi;
4048 1922 4118 1982 D.
4156 1922 4236 1985 de
4265 1924 4428 1984 Ver-

1161 2022 1356 2095 neuil,
1387 2022 1682 2083 omnibus
1713 2018 1872 2092 aliis,
1903 2017 2011 2096 qui
2048 2016 2196 2077 huic
2234 2015 2433 2078 labori
2472 2005 3123 2091 communicaverant,
3165 2019 3562 2098 superstitem
3609 2018 3879 2081 fideliter
3916 2020 4068 2082 illud
4109 2013 4423 2096 servasse;

1157 2126 1290 2186 imo
1317 2124 1548 2202 saepius
1585 2121 1751 2202 apud
1791 2120 2000 2199 ipsum
2031 2117 2410 2179 cardinalem
2440 2118 2636 2180 Fesch
2685 2120 2912 2198 egisse,
2947 2126 3017 2181 ut
3053 2119 3232 2199 prelo
3265 2120 3697 2198 subjiceretur,
3757 2140 3899 2183 cum
3945 2124 4182 2201 vigeret
4225 2125 4428 2188 adhuc

1161 2224 1578 2306 potentissimi
1635 2222 1884 2302 nepotis
1945 2220 2284 2282 auctoritas
2321 2268 2335 2293 ,
2401 2221 2826 2301 eumdemque
2896 2231 3097 2284 morte
3156 2222 3408 2284 tandem
3479 2230 3861 2302 praeventum
3893 2271 3909 2298 ,
3971 2223 4120 2284 dum
4183 2233 4430 2301 regeret

1158 2328 1369 2390 Sancti
1398 2323 1676 2404 Dionysii
1727 2338 1930 2402 prope
1988 2321 2261 2382 Parisios
2318 2321 2708 2400 parochiam,
2748 2323 2903 2386 illud
2965 2319 3295 2404 proximis
3329 2324 3684 2404 reliquisse,
3741 2326 3850 2405 qui
3892 2328 4028 2406 ejus
4083 2328 4430 2390 etiamnum

1157 2427 1560 2510 possessione
1595 2423 1984 2485 fruebantur.
2018 2423 2147 2483 Nec
2177 2439 2350 2484 mora
2379 2441 2392 2483 :
2422 2423 2832 2502 inquiruntur
2853 2425 2921 2484 D.
2948 2425 3027 2486 de
3048 2424 3339 2486 Verneuil
3374 2424 3685 2498 hmredes,
3722 2443 3841 2487 nec
3864 2425 4063 2489 multo
4079 2434 4224 2507 post
4247 2428 4429 2490 inve-

1160 2530 1420 2591 niuntur
1436 2544 1450 2599 ;
1468 2525 1784 2586 invenitur
1803 2540 1946 2584 cum
1969 2519 2090 2582 illis
2107 2521 2426 2600 pretiosus
2447 2521 2652 2583 codex
2676 2539 2692 2596 ;
2717 2539 2936 2583 severo
2955 2519 3280 2600 subjicitur
3302 2521 3608 2593 examini;
3651 2523 3946 2602 giganteo
3972 2525 4188 2588 labore
4217 2528 4433 2606 prodi-

1160 2635 1263 2689 tur
1296 2627 1722 2688 Maurinorum
1757 2623 2122 2700 ingenium;
2161 2620 2485 2698 castigatio
2528 2628 2760 2696 textus,
2798 2621 3276 2684 adnotationum
3316 2622 3701 2700 proprietas,
3746 2625 4052 2687 versionis
4097 2625 4429 2705 perfectio,

1163 2730 1530 2791 variantium
1559 2728 1902 2791 lectionum
1947 2724 2229 2786 delectus
2251 2731 2312 2784 et
2341 2722 2701 2798 multitudo,
2735 2725 3063 2803 scripturae
3107 2724 3307 2803 ipsius
3338 2733 3630 2798 vetustas,
3664 2724 3817 2788 nihil
3859 2733 3954 2793 est
3979 2729 4151 2806 quod
4182 2745 4312 2790 non
4351 2729 4431 2790 ad

1161 2829 1682 2890 manifestandam
1709 2827 2030 2888 veritatem
2062 2836 2415 2890 concurrat.
2450 2826 2585 2884 Imo
2615 2829 2677 2884 et
2709 2823 3019 2883 editorum
3041 2822 3321 2894 nomina,
3354 2830 3414 2883 ct
3439 2824 3808 2886 eorumdem
3832 2825 4336 2901 deliberationes,
4371 2834 4436 2888 et

1163 2927 1369 2990 danda
1402 2926 1815 3008 typographis
1850 2923 2134 2996 consilia,
2166 2929 2227 2983 et
2262 2921 2585 3000 sequenda
2619 2921 2684 2981 in
2717 2921 2960 2982 cunctis
3001 2919 3336 2982 methodus
3379 2939 3511 2982 rem
3557 2922 3641 2984 ita
3687 2923 3853 2985 clare
3882 2925 4219 3000 elucidant,
4253 2935 4323 2988 ut
4363 2927 4430 2988 in

1163 3029 1427 3093 dubium
1463 3026 1744 3089 revocari
1773 3041 1902 3096 non
1934 3021 2156 3102 possit.
2187 3021 2392 3084 Unum
2415 3031 2475 3085 et
2500 3023 2759 3102 quidem
2783 3024 3096 3085 difficilius
3125 3024 3286 3086 forte
3316 3026 3765 3089 inveniendum
3789 3031 4172 3106 remanebat,
4199 3049 4430 3114 nempe

1163 3132 1389 3192 fortem
1417 3130 1846 3208 audacemque
1868 3126 2092 3198 virum,
2117 3124 2224 3204 qui
2257 3132 2318 3186 et
2345 3126 2628 3188 codicem
2657 3127 2898 3204 argenti
2926 3127 3209 3206 pondere
3244 3145 3632 3208 comparare,
3665 3137 3726 3192 et
3753 3137 4183 3210 comparatum
4216 3132 4434 3210 ingen-

1163 3231 1331 3292 tibus
1360 3230 1706 3309 dispendiis
1743 3229 1910 3314 typis
1949 3231 2246 3292 mandare
2277 3247 2408 3290 non
2438 3231 2897 3293 reformidaret.
2930 3232 3428 3294 Detrectantibus
3475 3235 3612 3296 aliis
3639 3236 4013 3314 quibusdam
4045 3237 4431 3316 periculum-

1165 3348 1289 3410 que
1339 3330 1549 3392 subire
1581 3331 2035 3406 recusantibus,
2073 3331 2328 3392 obvium
2372 3347 2439 3391 se
2483 3330 2630 3391 fecit
2675 3331 2838 3391 ultro
2887 3332 2958 3390 D.
2989 3333 3600 3408 Parent-Desbarres,
3634 3334 3742 3414 qui
3767 3335 3896 3414 jam
3945 3335 4023 3396 de
4070 3335 4330 3397 scientia
4370 3343 4434 3399 et

1165 3430 1469 3509 religione
1500 3431 1708 3492 multis
1740 3431 2122 3493 editionibus
2143 3434 2203 3490 et
2233 3428 2580 3507 pragscrtim
2610 3427 2982 3490 Collectione
3014 3430 3129 3488 SS.
3161 3432 3422 3489 Patrum
3452 3430 3615 3491 bene
3643 3431 3925 3504 meritus,
3957 3431 4250 3492 meritum
4275 3431 4432 3494 illud

1165 3547 1397 3592 novum
1423 3530 1926 3609 prmcedentibus
1956 3528 2382 3608 superaddere
2417 3527 2633 3589 voluit.

2539 3649 2965 3709 ARTICULUS
2995 3650 3069 3708 ll.

1657 3779 1746 3838 Dc
1775 3776 2051 3838 nondum
2079 3779 2266 3840 editis
2289 3797 2326 3836 a
2353 3777 2755 3838 Maurinenst'
2792 3777 3272 3856 congregatione
3310 3777 3606 3856 Gregorii
3625 3777 3938 3855 operibus.

1243 3895 1462 3959 Omnia
1485 3897 1648 3960 beati
1675 3899 1960 3962 Doctoris
1984 3916 2177 3979 Opera
2199 3907 2326 3978 tres
2345 3897 2422 3959 ad
2451 3898 2682 3959 classes
2703 3897 3062 3959 necessario
3093 3903 3485 3970 revocantur,
3515 3913 3784 3975 quarum
3807 3896 4029 3976 prima,
4057 3899 4392 3958 Sermones
4413 3899 4432 3957 ἱ

1167 3997 1467 4072 secunda,
1501 3998 1850 4078 Epistolas;
1892 4000 2096 4072 tertia,
2132 4001 2426 4060 Poemata
2470 3997 2930 4076 complectitur.
2969 3998 3306 4073 Gregorius
3340 3998 3506 4057 enim
3546 4002 3616 4056 ut
3652 3994 3716 4057 in
3756 3997 4112 4076 perorando
4148 3997 4434 4058 sublimis

1169 4104 1230 4156 et
1263 4097 1593 4172 facundus,
1625 4099 1707 4160 ita
1734 4106 1795 4160 et
1824 4101 1887 4160 in
1915 4100 2250 4163 scribendo
2275 4099 2511 4160 nitidus
2542 4104 2729 4175 atque
2752 4095 2975 4170 facilis,
3003 4103 3066 4157 et
3091 4097 3157 4157 in
3187 4095 3498 4158 cantando
3521 4095 3772 4172 grandis
3791 4103 3853 4158 et
3869 4113 4154 4157 amamus
4175 4095 4431 4156 exstitit.

1245 4204 1582 4264 Sermones
1610 4203 1866 4282 quidem
1897 4223 2119 4266 omnes
2139 4205 2267 4284 jam
2291 4223 2326 4265 a
2345 4203 2770 4264 Benedictinis
2799 4202 3046 4263 meliori
3078 4202 3299 4263 ordine
3326 4200 3498 4274 editi,
3522 4206 3581 4260 et
3611 4196 3817 4278 quoad
3839 4203 4074 4256 textum
4095 4193 4434 4267 emendati,

1168 4301 1230 4360 in
1259 4301 1462 4380 primo
1489 4303 1801 4365 volumine
1833 4304 2163 4380 habentur,
2193 4314 2435 4368 servata
2461 4303 2654 4365 veteri
2684 4303 2944 4364 Billiana
2977 4302 3286 4374 versione,
3317 4301 3426 4361 sed
3469 4301 3534 4360 in
3565 4298 3776 4360 multis
3810 4296 4223 4374 maximisque
4257 4293 4436 4356 casti-

1170 4411 1331 4480 gata,
1363 4404 1802 4484 decerptisque
1848 4412 2116 4484 quatuor
2145 4408 2558 4477 orationibus,
2586 4421 2816 4481 nempe
2845 4421 2990 4473 XLV,
3025 4420 3198 4476 XLvr,
3227 4420 3285 4462 LI
3314 4408 3376 4462 et
3410 4418 3516 4474 ιιι,
3545 4419 3686 4479 qum
3729 4415 3857 4459 non
3887 4397 4050 4456 inter
4082 4410 4431 4466 sermones,

1170 4506 1278 4567 sed
1319 4506 1484 4568 inter
1510 4508 1807 4586 epistolas
1843 4507 2164 4570 evidenter
2201 4506 2610 4579 collocandm,
2649 4506 2977 4585 preprium
3021 4504 3089 4564 in
3128 4503 3362 4574 locum,
3396 4511 3464 4563 ut
3494 4519 3609 4580 par
3637 4505 3790 4573 erat,
3820 4498 4074 4558 fuerunt
4104 4502 4429 4557 revocata}.

1169 4605 1428 4666 Restant
1458 4605 1648 4682 igitur
1669 4605 1953 4686 epistola:
1975 4613 2036 4666 et
2059 4613 2371 4684 poemata,
2402 4621 2544 4683 qua)
2559 4604 2690 4682 jam
2716 4603 2780 4662 in
2804 4601 3122 4682 publicum
3153 4600 3440 4660 emittere
3469 4597 3818 4659 statuimus.

1249 4704 1566 4782 Epistolte,
1593 4723 1735 4785 quae
1759 4706 2012 4766 nonnisi
2050 4705 2164 4765 23:9.
2195 4705 2259 4764 in
2295 4705 2632 4765 novissima
2665 4703 2939 4763 editione
2971 4700 3230 4760 Billiana
3266 4698 3582 4777 leguntur,
3621 4694 4027 4776 superaddite
4053 4699 4262 4755 autem
4295 4693 4431 4750 Mo-

1169 4806 1432 4869 relliano
1473 4809 1913 4888 supplemento
1948 4808 2086 4881 242,
2119 4808 2228 4868 sed
2261 4824 2404 4886 qum
2435 4824 2672 4879 revera,
2705 4804 3053 4867 amendatis
3096 4818 3239 4880 quae
3268 4802 3378 4868 vel,
3405 4800 3480 4862 ad
3516 4799 3807 4860 Basiliam
3843 4797 4180 4878 pertinent,
4211 4791 4306 4852 vel
4337 4791 4432 4850 bis

1171 4916 1722 4986 repraesentantur,
1753 4909 2174 4989 superadditis
2203 4916 2412 4970 autem
2435 4925 2577 4987 qua:
2605 4907 2698 4967 vel
2731 4924 2807 4967 ex
2829 4904 3221 4966 orationibus
3250 4903 3689 4974 desumuntur,
3740 4899 3834 4960 vel
3878 4896 4133 4960 aliunde
4178 4895 4433 4954 fuerunt

1171 5013 1483 5079 extractae,
1513 5009 1592 5068 ad
1621 5008 1734 5069 243
1765 5026 2096 5070 numerum
2125 5016 2484 5084 assurgunt,
2509 5009 2591 5067 ita
2625 5012 3141 5082 argumentorum
3165 5002 3518 5062 diversitate
3546 5008 3605 5060 ct
3631 4998 3919 5060 varietate
3939 4991 4253 5056 scribendi
4279 4997 4434 5050 tem-

1171 5111 1491 5182 perantur,
1524 5104 1712 5165 modo
1746 5104 1825 5164 de
1853 5103 2224 5181 theologicis
2254 5102 2376 5164 alte
2405 5102 2590 5163 simul
2615 5110 2677 5162 et
2706 5100 2978 5162 dilucide
3002 5099 3402 5171 disserentes,
3435 5097 3626 5158 modo
3659 5095 3740 5156 de
3783 5090 4238 5173 ιήιίιοδοριιίεὶδ
4267 5089 4432 5152 clare

1172 5211 1506 5268 tractantes
1538 5215 1600 5269 et
1630 5205 2001 5280 sublimiter,
2035 5226 2205 5269 nunc
2245 5224 2496 5268 reorum
2527 5225 2563 5268 a
2593 5207 2984 5286 principibus
3013 5203 3257 5265 veniam
3291 5212 3584 5284 potenter
3610 5201 4041 5281 implorantes,
4075 5217 4242 5261 nunc
4272 5215 4429 5260 con-

1170 5308 1305 5370 silia
1330 5308 1536 5387 parvis
1575 5315 1636 5369 et
1671 5310 1914 5386 magnis
1943 5309 2387 5388 dispertientes
2413 5307 2752 5386 sapienter,
2776 5307 3114 5385 aliquando
3154 5307 3339 5368 etiam
3379 5307 3458 5368 de
3500 5304 3774 5366 minimis
3817 5321 3960 5364 cum
4002 5301 4431 5374 familiaribus,

1171 5410 1280 5470 sed
1305 5426 1432 5469 non
1457 5409 1717 5469 minimo
1744 5407 1896 5482 sale,
1919 5409 2229 5487 jocantcs,
2260 5414 2329 5467 ut
2353 5405 2604 5467 diflicile
2637 5407 2714 5466 sit
2736 5405 3076 5467 admodum
3105 5411 3396 5477 statuere,
3429 5404 3659 5483 quibus
3688 5401 3989 5478 gratiores
4023 5402 4430 5479 utilioresque

1175 5509 1413 5588 possint
1437 5507 1726 5580 evadere,
1757 5515 1968 5568 utrum
1999 5506 2284 5567 videlicet
2318 5505 2624 5580 religiosae
2655 5504 2982 5575 doctrinae,
3014 5520 3093 5563 an
3125 5501 3439 5564 smcularis
3468 5501 3776 5564 facundia)
3806 5501 4097 5562 curiosis.

1250 5615 1541 5674 Poemata
1573 5628 1746 5686 vero,
1779 5628 1922 5690 quae
1956 5628 2083 5671 non
2115 5608 2318 5670 solum
2349 5624 2637 5679 numero,
2666 5605 2775 5666 sed
2805 5606 2965 5666 forte
2990 5605 3243 5681 ingenio
3272 5604 3568 5684 epistolas
3597 5609 3915 5683 superant,
3945 5618 4072 5661 non
4104 5601 4429 5679 captanda:

1176 5712 1491 5792 pOpuIaris
1521 5729 1709 5782 aura),
1743 5729 1957 5772 verum
1999 5707 2444 5788 promovenda:
2475 5705 2722 5785 pietatis
2746 5704 2954 5765 studio
2986 5703 3360 5782 conscripta,
3395 5701 3539 5762 ideo
3585 5720 3620 5763 a
3661 5701 3843 5762 beato
3873 5701 4136 5761 Dortore
4175 5699 4428 5761 fuerunt

1171 5808 1545 5890 composita,
1579 5809 1704 5868 sive
1761 5815 1820 5868 ut
1864 5806 2259 5887 Apollinaris,
2291 5806 2578 5865 haeresim
2610 5802 2852 5864 emissis
2877 5803 2936 5864 in
2971 5802 3286 5881 publicum
3320 5802 3600 5862 cantibus
3625 5799 4018 5872 insinuantis,
4049 5794 4430 5859 carminibus
