4358 6480
637 386 703 447 IS
1792 385 1857 438 Α.
1900 384 1954 439 Β.
1999 383 2293 440 CAILLAU
2334 384 2358 438 ῐ

2174 383 2293 440 ἱιΔυ
2334 383 2726 441 ΡΒᾸΞΡΛΤΙΟ.
3827 397 3895 453 16

959 504 1169 559 Notitia
1208 504 1448 559 codicum
1481 508 1676 577 quibus
1710 507 1763 561 iu
1795 505 2137 562 emendandis
2169 504 2228 559 S.
2266 505 2504 575 Gregorii
2530 505 2859 576 poematibus
2890 508 2973 562 usi
2999 516 3120 561 sunt
3152 506 3297 564 docti
3328 508 3580 563 editores.

637 621 765 692 Reg.
849 618 1003 692 Regii
1035 621 1242 690 plures,
1272 621 1363 687 39,
1388 622 1514 688 990,
1543 623 1671 692 99L
1699 622 1828 686 992,
1852 622 1981 687 993,
2009 623 2170 692 1277.
2195 630 2306 676 etc.

635 690 808 746 Paris.
845 690 1079 746 Codicvs
1108 707 1174 745 ex
1202 692 1531 747 bibliotheca
1572 691 1898 756 Parisiensi,
1927 708 2077 747 nunc
2115 691 2302 759 Regia.

632 762 786 834 t_}olb.
854 760 1092 834 Codices
1112 778 1176 815 ex
1206 762 1241 817 b
1264 762 1537 817 bliotheca
1576 763 1917 828 (Iolbertiua,
1948 762 2319 834 itemipariter
2346 777 2493 818 nunc
2526 761 2719 834 Regia.

636 830 755 885 Vat.
847 832 1029 886 Lodex
1059 828 1244 887 Romae
1269 833 1505 888 collatus
1533 836 1588 887 in
1617 833 1948 889 bibliotheca
1981 828 2268 887 Vaticana.

631 901 806 958 Coisl.
848 902 1028 972 Codex
1064 917 1257 972 ms.7ex
1290 902 1620 958 bibliotheca
1652 903 1712 957 D.
1746 904 1816 958 de
1840 903 2077 968 Coisliu,
2102 902 2304 958 deinde
2331 902 2386 957 in
2413 902 2750 959 bibliotheca
2782 901 2840 957 S.
2866 903 3127 959 Germani
3155 920 3186 958 a
3209 903 3415 968 Pratis,
3447 919 3597 958 nunc
3625 904 3680 957 in
3708 903 3891 972 ltvgia.

917 971 1708 1053 llabetscholiasuperlincas
1731 975 2019 1053 scripta”
2091 1043 2102 1053 _
2171 1042 2182 1053 _
2256 1043 2290 1053 __
2494 1042 2529 1053 __
2613 1042 2645 1053 __
2712 1041 2807 1053 ω,
2852 1043 2866 1053 ,
2950 1035 2953 1037 ,

634 1041 788 1112 ςζιιίε.
847 1040 1030 1112 [totum
1061 1041 1295 1096 collatus
1319 1042 1374 1095 in
1411 1040 1739 1112 bibliotheca
1759 1040 2185 1097 eminentissimi
2217 1043 2350 1097 olim
2378 1042 2680 1097 cardiualis
2708 1041 2890 1112 Chigi.

638 1110 828 1181 Medic.
853 1110 1039 1165 Codex
1062 1126 1181 1181 IIIS.
1212 1128 1275 1167 ex
1308 1111 1635 1167 bibliotheca
1667 1112 1921 1167 Medicam
1952 1112 2267 1167 Florentiae.
2299 1112 2563 1166 Continet
2593 1113 2768 1166 midta
2807 1110 3055 1181 poemata
3089 1127 3120 1166 a
3161 1112 3464 1167 lluratorio
3485 1113 3656 1167 edita.

639 1178 793 1238 Vind.
820 1181 1028 1241 .Codcx
1060 1180 1501 1239 Vindoboncnsis
1529 1183 1896 1248 bibliotheca},
1929 1200 1999 1238 ex
2026 1200 2139 1254 quo
2165 1198 2323 1238 suam
2353 1184 2652 1237 editionem
2677 1178 2918 1237 confecit
2943 1181 3180 1238 Tollius.

2022 1300 2242 1357 Codices
2290 1302 2493 1357 excusi.

699 1396 958 1488 Catalogo
986 1411 1291 1468 editionum
1322 1421 1567 1467 veterum
1600 1428 1724 1480 otiae
1752 1413 1915 1484 primi
1940 1413 2242 1468 voluminis
2270 1412 2452 1478 initio,
2482 1428 2536 1484 p.
2580 1430 2673 1470 xiv
2721 1414 2853 1488 (col.
2901 1414 3016 1485 '50),
3069 1413 3347 1484 leguntur,
3395 1413 3575 1483 quoad
3630 1417 3898 1470 conuiuia,

632 1484 876 1538 addenda
916 1490 1088 1537 sunt:

632 1553 771 1609 'l‘oll.
836 1551 1312 1654 TolliihCarmiua
1343 1568 1549 1625 cygnea
1576 1552 1634 1608 S.
1662 1552 1939 1623 Gregorii,
1972 1552 2028 1606 in
2054 1550 2353 1621 Insignibus

2177 1552 2360 1620 gnibus
2395 1553 2604 1608 itineris
2632 1553 2839 1615 Italici,
2872 1551 3114 1623 Traiecti
3157 1552 3225 1606 ad
3279 1552 3554 1613 llhenum,
3589 1568 3679 1605 an.
3739 1550 3898 1613 1696,

914 1623 925 1634 .
1034 1623 1056 1654 ,
1380 1622 1392 1625 -
1420 1622 1435 1623 κ
1790 1622 1795 1623 ,

633 1693 828 1746 Muret.
848 1622 1128 1748 Mﬁmorii
1157 1692 1416 1746 Analecta
1446 1690 1657 1751 erca.
1681 1694 1939 1753 Pndovaz.
1972 1708 2060 1748 au.
2092 1692 2254 1758 1709,
2292 1693 2461 1748 iit-4“.

627 1764 807 1819 Gaull.
846 1762 1090 1835 Dionysii
1128 1761 1385 1835 Gaullyer
1412 1763 1633 1817 collecta
1664 1763 1772 1817 divi
1802 1760 2044 1833 Gregorii
2072 1762 2372 1825 Poematia,
2406 1761 2635 1818 Parisiis
2659 1779 2751 1817 an.
2790 1762 2950 1826 l7l8,
2984 1760 3169 1816 iii-l2.

705 1883 936 1943 Omnes
968 1880 1194 1942 horum
1225 1879 1538 1955 codicum,
1572 1880 1701 1941 sive
1748 1879 2343 1961 manuscriptorum,
2382 1880 2511 1942 sive
2557 1897 2932 1943 excusorum
2961 1879 3159 1942 varias
3198 1878 3525 1953 lectiones,
3557 1877 3726 1941 docti
3767 1876 3904 1938 edi-

626 1990 795 2047 tores
825 1983 1121 2046 attentius
1147 1981 1528 2058 selegerunt,
1562 1986 1624 2041 et
1653 1978 1872 2041 sedula
1899 1979 2302 2042 distinctione
2333 1980 2715 2043 adnotarunt
2743 1980 2950 2059 primo
2977 1979 3045 2040 in
3063 1977 3345 2055 margine
3366 1978 3590 2039 veteris
3607 1975 3904 2038 editionis

631 2089 929 2165 Billianae,
964 2106 1153 2168 quam
1188 2087 1266 2149 ad
1294 2102 1519 2148 manus
1545 2084 1875 2161 habemus,
1898 2093 1963 2148 et
1991 2085 2222 2147 deinde
2250 2085 2318 2146 in
2348 2085 2537 2159 notis,
2566 2101 2725 2164 quas
2754 2083 2834 2146 ad
2859 2083 3144 2144 inﬁmum
3176 2081 3421 2161 paginas
3449 2080 3660 2142 locum
3687 2079 3896 2157 diges-

625 2195 865 2263 serunt,
899 2187 1155 2249 servatis
1187 2186 1252 2248 in
1282 2193 1457 2251 textu
1489 2189 1697 2251 verbis
1725 2206 1870 2268 quae
1900 2188 1979 2251 ad
2010 2188 2209 2251 sancti
2237 2188 2525 2250 Doctoris
2553 2204 2813 2250 sensum
2841 2187 3109 2267 prepius
3137 2185 3266 2246 visa
3295 2191 3441 2245 sunt
3469 2183 3795 2245 accedere.

700 2293 780 2353 ll.
810 2290 922 2352 His
948 2289 1115 2352 curis
1133 2289 1212 2351 ad
1233 2290 1697 2354 emendandum
1716 2296 1956 2353 textum
1978 2290 2299 2366 adhibitis,
2317 2290 2397 2353 de
2422 2290 2712 2353 versione
2732 2286 3081 2367 agitabatur
3105 2285 3398 2368 quaestio,
3424 2290 3634 2345 utrum
3665 2284 3903 2345 scilicet

626 2410 787 2456 nova
815 2392 1248 2464 adornaretur,
1279 2409 1358 2453 an
1400 2398 1754 2456 servaretur
1781 2394 1975 2472 prior.
2015 2392 2279 2455 Billiana
2318 2392 2727 2473 epistolarum
2762 2388 3220 2471 interpretatio,
3278 2391 3411 2447 tum
3444 2390 3703 2464 prepter
3734 2382 3904 2444 docti

626 2495 738 2558 viri
770 2494 1204 2567 reverentiam,
1236 2499 1370 2555 tum
1401 2498 1665 2572 prepter
1687 2491 2015 2553 sententia)
2052 2490 2495 2553 rectitudinem
2533 2496 2596 2551 et
2640 2489 2938 2551 dictionis
2986 2484 3361 2565 elegantiam
3400 2498 3531 2544 non
3578 2480 3901 2553 mutanda,

626 2593 737 2656 sed
768 2592 832 2653 in
864 2590 1188 2654 nonnullis
1214 2588 1614 2652 solummodo
1645 2587 2032 2669 perﬁcienda
2055 2590 2186 2651 visa
2216 2597 2334 2663 est,
2366 2590 2547 2652 sicuti
2593 2595 2656 2650 et
2702 2590 2769 2650 in
2806 2588 3014 2668 primo
3043 2584 3359 2647 volumine
3390 2583 3555 2644 circa
3586 2582 3904 2643 orationes

628 2696 829 2756 fuerat
849 2694 1216 2756 factitatum.
1252 2695 1392 2755 Non
1424 2692 1645 2755 eadem
1677 2701 1885 2755 autem
1906 2694 2141 2773 placuit
2171 2695 2344 2769 ratio,
2384 2693 2640 2773 quando
2671 2693 2750 2755 de
2782 2691 3164 2755 carminibus
3190 2671 3399 2751 actum
3420 2694 3533 2747 est.
3553 2688 3701 2747 Cum
3734 2686 3902 2748 enim

632 2795 844 2857 llillius
873 2794 1227 2856 versionem
1256 2791 1571 2874 poeticam
1599 2792 2157 2871 fueritaggressus,
2177 2795 2443 2874 itasazpe
2476 2793 2659 2855 metri
2690 2793 3063 2855 necessitate
3092 2790 3207 2852 fuit
3237 2782 3634 2863 conStrictus,
3668 2797 3735 2849 ut
3763 2805 3906 2849 sen-

628 2913 769 2957 sum
795 2895 985 2957 modo
1013 2893 1422 2974 ampliﬁcare,
1451 2893 1642 2955 modo
1673 2900 1989 2969 truncare,
2021 2911 2192 2973 saepe
2223 2894 2411 2955 etiam
2430 2893 2530 2956 vel
2561 2893 2851 2967 obscure,
2876 2890 2971 2953 vel
3003 2908 3224 2972 parum
3251 2894 3540 2951 accurate
3564 2904 3905 2967 repraesen-

627 3006 759 3059 tare
789 3002 1140 3074 cogeretur.
1173 2996 1344 3058 Nova
1373 2993 1585 3072 igitur,
1615 3011 1760 3074 quas
1787 3000 1988 3055 totum
2020 2993 2312 3056 redderet
2338 2994 2736 3072 Gregorium,
2771 2993 2918 3055 licet
2946 2989 3227 3072 pedestri
3255 3007 3575 3063 sermone,
3607 2988 3898 3068 require-

632 3100 810 3160 batur
845 3097 1389 3178 interpretatiozet
1417 3095 1518 3158 hic
1532 3096 2488 3174 fuitmagnusBenedictinorum
2510 3096 2819 3159 sodalium
2838 3096 3037 3168 labor,
3063 3110 3255 3174 quem
3275 3092 3467 3155 hodie
3496 3092 3729 3173 publici
3743 3093 3905 3172 juris

630 3195 912 3259 facimus.
940 3193 1073 3256 Tali
1101 3199 1311 3255 autem
1343 3192 1409 3254 in
1442 3194 1647 3273 pretio
1675 3199 1821 3256 sunt
1848 3193 2013 3256 Billii
2039 3195 2340 3269 carmina,
2362 3201 2603 3256 tantum
2625 3195 2951 3273 ingenium
2981 3202 3044 3257 et
3072 3194 3336 3255 sudores
3362 3200 3570 3255 tantos
3604 3194 3901 3274 produnt,

629 3303 699 3358 ut
726 3297 791 3358 in
823 3313 968 3359 eum
998 3295 1207 3357 minus
1239 3293 1514 3360 humane
1540 3306 1852 3377 ageretur,
1887 3298 1940 3361 si
1967 3299 2047 3361 ab
2078 3298 2194 3360 hac
2221 3316 2385 3361 nova
2413 3300 2900 3361 amandarentur
2927 3300 3225 3361 editione.
3259 3299 3437 3359 Unde
3468 3299 3903 3360 Benedictino-

633 3411 770 3455 rum
801 3392 1152 3474 proposito,
1183 3390 1356 3471 quod
1395 3394 1458 3454 in
1493 3411 1715 3457 eorum
1745 3395 1977 3459 chartis
2014 3396 2401 3476 descriptum
2435 3396 3122 3469 invenimus,.ﬁdeliter
3162 3400 3543 3475 insistentes,
3577 3401 3901 3464 Billianam

631 3497 984 3558 versionem
1013 3495 1336 3556 metricam
1356 3493 1433 3555 ad
1461 3492 1826 3555 inferiorem
1850 3494 2098 3574 pagina:
2129 3495 2477 3573 marginem
2531 3494 2904 3569 dimisimus,
2931 3495 3132 3576 posita
3155 3514 3232 3576 ex
3253 3498 3516 3560 adverso
3536 3500 3901 3577 Gregoriani

633 3605 837 3662 textus
867 3598 1150 3678 prosaica
1181 3589 1462 3677 quidem,
1494 3597 1605 3659 sed
1636 3604 1851 3660 exacta
1884 3597 2082 3675 magis
2102 3597 2648 3677 interpretatione.

709 3704 814 3764 III.
848 3703 935 3763 Ex
965 3702 1087 3763 hoc
1118 3718 1291 3775 vero,
1325 3703 1469 3780 post
1496 3703 1703 3759 textus
1729 3698 2216 3771 correctionem,
2247 3704 2311 3759 et
2352 3697 2712 3758 ﬁdelitatem
2743 3697 3084 3772 vcrsionis,
3141 3699 3385 3761 accedit
3450 3699 3714 3761 editioni
3762 3699 3900 3762 cui-

631 3815 885 3878 cunque
912 3798 1206 3879 pretium,
1241 3795 1413 3876 quod
1444 3794 1647 3856 doctis
1674 3795 2059 3872 argumentis
2092 3801 2154 3856 et
2187 3793 2437 3857 selectis
2464 3796 2807 3856 instruatur
2834 3796 3024 3870 notis,
3053 3804 3184 3858 tum
3225 3796 3302 3858 ad
3342 3796 3715 3860 clucidanda
3760 3816 3898 3878 quae

632 3899 898 3963 obscura
926 3904 1092 3970 sunt,
1124 3903 1257 3958 tum
1288 3895 1367 3958 ad
1398 3893 1852 3975 revocandain
1888 3893 2197 3956 lectorum
2228 3893 2598 3956 memoriam
2632 3911 2777 3973 quas
2821 3893 2899 3955 ad
2943 3894 3233 3956 historias
3259 3912 3465 3958 sacras
3502 3903 3566 3957 et
3608 3894 3904 3975 profanas

633 3994 1011 4066 referuntur,
1042 3998 1178 4053 tum
1204 3990 1283 4053 ad
1308 3990 1699 4067 indigitanda
1726 4008 1870 4070 quae
1893 3991 2081 4053 ﬁdem
2111 3997 2376 4071 possunt
2404 3993 2777 4053 conﬁrmare
2806 3998 2865 4053 et
2894 3992 3220 4057 hmrcticas
3248 3997 3607 4058 subvertere
3636 3994 3905 4072 fabulas,

632 4104 763 4159 tum
791 4097 869 4159 ad
895 4095 1263 4177 explicanda
1293 4107 1692 4173 quaecunque
1720 4090 2163 4168 cognoscenda
2193 4096 2337 4152 sunt
2364 4091 2527 4153 circa
2558 4109 2778 4168 genus,
2808 4092 2996 4154 vitam
3026 4101 3087 4155 et
3110 4095 3308 4157 varias
3344 4094 3668 4184 hominum
3698 4097 3902 4179 dotes,

637 4210 885 4257 necnon
917 4199 979 4254 et
1006 4192 1170 4255 circa
1197 4190 1483 4253 locorum
1521 4194 1583 4249 et
1612 4186 1921 4249 factorum
1947 4188 2297 4250 varietates.
2327 4189 2505 4262 Quod
2533 4190 2790 4269 quidem
2819 4194 3089 4268 pretium
3127 4191 3273 4255 huic
3306 4195 3727 4256 Benedictinaa
3764 4196 3896 4255 edi-

637 4296 792 4357 tioni
842 4294 1102 4356 minime
1156 4292 1378 4354 deesse
1452 4290 1698 4355 facilius
1754 4274 2060 4365 advertet,
2110 4291 2399 4371 quisquis
2453 4300 2634 4354 notas
2690 4298 2752 4355 ct
2804 4304 3176 4372 argumenta
3242 4296 3335 4358 vel
3395 4297 3626 4358 cursim
3689 4296 3907 4377 legere

638 4397 921 4460 voluerit.

713 4499 813 4559 IV.
844 4496 933 4558 Ad
962 4496 1085 4557 hoc
1112 4494 1355 4557 accedit
1383 4492 1701 4572 sapienter
1727 4491 2006 4569 digestus
2030 4489 2431 4552 materiarum
2467 4489 2649 4565 ordo,
2680 4491 2765 4552 ita
2795 4491 3033 4554 scilicet
3062 4500 3130 4555 ut
3156 4493 3437 4575 epistolae
3452 4495 3630 4574 juxta
3659 4496 3907 4559 metho-

637 4602 785 4664 dum
813 4598 1326 4677 chronologisam
1355 4596 1601 4676 positae,
1636 4596 1862 4656 seriem
1892 4594 2170 4656 historias
2187 4594 2366 4674 juxta
2386 4600 2639 4674 tempus
2659 4593 2947 4656 evolvant
2972 4613 2990 4669 ;
3019 4595 3294 4657 carmina
3324 4612 3471 4656 vero
3504 4596 3587 4657 ita
3613 4596 3690 4658 ad
3723 4615 3905 4675 argu-

640 4708 995 4764 mentorum
1026 4705 1399 4761 revocentur
1423 4702 1913 4774 connexionem,
1945 4705 2039 4773 ut,
2062 4716 2207 4761 cum
2235 4698 2316 4761 de
2349 4698 2664 4761 historicis
2687 4698 2911 4777 agitur,
2946 4701 3104 4761 ordo
3137 4697 3623 4777 chronologieus
3649 4700 3904 4774 iterum,

638 4809 939 4886 quantum
959 4803 1025 4863 in
1046 4800 1143 4862 his
1164 4800 1296 4862 ﬁeri
1318 4808 1546 4878 potest,
1574 4801 1845 4863 ﬁdeliter
1869 4805 2244 4873 asservetur,
2265 4798 2342 4861 iis
2368 4799 2684 4874 omnibus,
2708 4817 2979 4880 quorum
3000 4807 3249 4880 tempus
3268 4798 3529 4861 dubium
3553 4808 3899 4879 permanet,

639 4908 717 4970 ad
747 4906 982 4970 calcem
1014 4903 1335 4981 ablegatis.

714 5007 790 5066 ν.
824 5005 940 5067 Hic
979 5002 1415 5082 subjungimus
1454 5000 1609 5062 duas
1655 4997 1911 5060 maximi
1945 4997 2253 5059 momenti
2280 4997 2739 5071 adnotationes,
2780 5016 2937 5077 quas
2976 5016 3052 5060 ex
3091 4999 3318 5063 chartis
3358 5001 3905 5065 Benedictinorum

639 5107 1078 5186 manuscriptis
1126 5105 1483 5167 habuimus.
1533 5102 1715 5164 Prior
1739 5102 1824 5161 ita
1871 5118 1941 5169 se
1970 5100 2195 5161 habet:
2225 5123 2252 5155 «
2286 5099 2377 5160 Ad
2409 5099 2644 5161 calcem
2677 5118 2941 5180 operum
2973 5102 3035 5161 S.
3066 5104 3372 5182 Gregorii,
3403 5111 3574 5167 tomo
3622 5107 3905 5170 secundo

643 5235 670 5266 «
702 5209 1029 5287 utriusque
1051 5206 1342 5267 editionis
1374 5205 1850 5266 Grmcoiatinm
1884 5204 2134 5265 Parisiis
2161 5204 2320 5265 datas
2349 5204 2530 5265 annis
2565 5202 2712 5264 1609
2735 5211 2797 5266 et
2826 5205 2998 5279 1630,
3032 5206 3179 5268 editi
3213 5216 3380 5281 sunt,
3404 5210 3614 5272 Latine
3636 5217 3901 5284 tantum,

646 5336 671 5365 κ
707 5310 860 5372 varii
897 5308 962 5369 in
1003 5306 1257 5387 praefata
1290 5320 1482 5384 Opera
1521 5302 1980 5375 commentarii,
2019 5317 2056 5361 e
2096 5302 2318 5363 Grzcco
2355 5318 2648 5362 sermone.
2687 5302 2751 5361 in
2803 5304 3083 5363 Latinum
3132 5307 3441 5379 conversi,
3483 5307 3720 5370 scilicet
3754 5308 3903 5368 Elim

645 5434 671 5465 ‹‹
706 5407 1039 5478 Cretensis,
1072 5405 1303 5466 Nicette
1329 5408 1391 5463 et
1415 5398 1625 5472 Pselli,
1667 5398 1896 5460 additis
1915 5397 2291 5478 quibusdam
2315 5400 2372 5459 J.
2408 5398 2569 5461 Billii
2599 5399 2874 5461 scholiis.
2901 5403 3048 5461 Cum
3070 5408 3276 5464 autem
3307 5405 3382 5465 ad
3407 5407 3770 5469 scribendas
3800 5408 3902 5469 ad-

646 5531 671 5561 κ
708 5505 1095 5573 notationes,
1129 5501 1360 5580 quibus
1401 5497 1679 5560 abundat
1718 5513 1876 5557 nova
1924 5494 2060 5557 hinc
2105 5496 2321 5567 editio,
2361 5515 2433 5558 ea
2473 5498 3065 5560 commentariorum
3111 5517 3182 5561 ac
3229 5503 3610 5568 sclioliorum
3652 5508 3903 5571 ubertas

645 5636 671 5666 ‹‹
711 5611 938 5691 passim
969 5609 1243 5671 adhibita
1274 5605 1373 5679 sit,
1404 5621 1677 5683 cumque
1705 5620 1780 5662 ex
1817 5603 1893 5662 iis
1921 5601 1984 5663 id
2034 5618 2223 5662 omne
2267 5601 2454 5662 fuerit
2483 5609 2871 5683 excerptum,
2904 5604 3074 5682 quod
3120 5605 3196 5664 ad
3230 5606 3291 5664 S.
3326 5605 3606 5667 Doctoris
3636 5625 3899 5686 Operum

645 5738 671 5769 «
707 5712 1176 5789 intelligentiam
1205 5706 1561 5770 conducere
1590 5708 1856 5780 poterat,
1888 5700 1967 5760 ab
1996 5699 2280 5779 ipsismet
2301 5701 2765 5762 commentariis
2796 5708 2854 5762 et
2884 5701 3138 5763 scholiis
3168 5704 3387 5763 iterum
3416 5704 3677 5765 edendis
3708 5706 3899 5767 absti-

643 5841 673 5873 α
708 5816 985 5879 nendum
1014 5832 1149 5877 esse
1173 5812 1486 5880 duximus,
1522 5820 1601 5867 ne
1638 5811 1842 5867 actum
1870 5819 2058 5881 agere
2088 5802 2467 5875 videremur,
2498 5808 2688 5882 atque
2716 5802 2901 5868 etiam
2934 5803 3144 5865 nimiis
3172 5804 3527 5882 sumptibus
3556 5813 3898 5886 emptores,
