5168 6648
855 459 925 513 17
2005 456 2070 509 Λ.
2113 456 2169 510 Β.
2214 455 2519 510 CAILLAU
2567 453 2896 509 l‘ll/EFAT!1

2113 456 2169 510 Β.
2214 455 2519 510 CAILLAU
2567 453 2954 510 Pll/EFATlO.
4049 450 4122 512 18

853 616 882 647 α
920 599 981 653 et
1011 610 1166 654 vano
1188 590 1402 654 labore
1438 591 1704 655 lectores
1737 611 2132 671 gravaremus
2190 598 2394 655 l‘aueu
2430 602 2667 655 tantum
2697 594 2797 655 hic
2823 594 3103 658 dicemus
3136 595 3213 657 de
3249 594 3438 656 modo
3465 594 3820 655 memoratis
3848 593 4111 672 scriptos

853 720 879 746 α
920 694 1110 753 ribus.
1145 692 1328 766 Elias,
1364 694 1673 754 Cretensis
1701 695 2120 773 metrOpolita,
2160 703 2379 755 octavo
2414 695 2646 756 szeculo
2678 696 2926 775 scripsit
2967 695 3487 757 commentarium
3538 696 3603 755 in
3655 695 3937 772 Gregorii
3984 712 4116 756 ora-

854 823 879 849 α
919 796 1122 857 tiones
1183 795 1641 858 novemdecim.
1686 792 1955 862 Nicetas,
2006 799 2437 868 cognomento
2483 792 2934 871 Philosophus,
2983 795 3255 873 primum
3313 793 3651 874 episcopus
3697 795 4011 868 Serronis,
4042 813 4115 857 ac

853 924 883 955 α
919 901 1146 962 deinde
1182 899 1695 979 archiepiscOpus
1725 894 2069 967 Heracleae,
2099 895 2444 957 undecimo
2476 896 2709 958 szeculo
2736 895 2988 976 scripsit
3018 899 3535 961 commentarium
3564 900 3627 960 in
3657 899 3937 977 Gregorii
3970 917 4110 960 ora-

853 1027 879 1051 σι
923 1001 1127 1061 tiones
1158 1000 1498 1072 sexdecim,
1532 1006 1592 1061 et
1625 1000 1876 1059 brevem
1905 998 1968 1058 in
1995 998 2285 1076 quaidam
2318 1016 2455 1075 ejus
2485 1006 2772 1077 poemata
2805 1000 3288 1063 enarrationem.
3323 1001 3583 1076 Psellus,
3625 1008 3687 1064 et
3719 1003 3855 1082 ipse
3884 1020 4116 1080 cogno-

853 1129 883 1159 α
918 1109 1129 1162 mento
1158 1099 1595 1178 Philosophus,
1628 1096 1964 1158 undecimo
1995 1095 2181 1155 etiam
2211 1096 2445 1157 smculo
2476 1095 3023 1175 scripsitlibellum
3042 1097 3119 1157 de
3149 1096 3489 1162 difficilium
3520 1102 3801 1178 Gregorii
3829 1102 4112 1162 locorum

854 1234 881 1263 α
917 1206 1257 1269 intellectu.
1290 1203 1464 1277 Quod
1493 1203 1712 1264 attinet
1730 1200 1809 1262 ad
1839 1200 2132 1261 Basilium
2162 1199 2338 1260 illum
2363 1200 2479 1279 qui.
2514 1217 2683 1279 saepe
2706 1200 2770 1260 in
2802 1201 2966 1261 notis
2992 1200 3145 1262 tomi
3167 1201 3350 1281 primi
3373 1200 3559 1281 hujus
3579 1200 3871 1270 editionis
3891 1201 4115 1263 citatus

852 1336 881 1365 κ
918 1317 1033 1382 est,
1065 1308 1139 1381 is,
1172 1306 1466 1367 Ecclesiae
1496 1301 1892 1364 Cmsariensis
1935 1302 2215 1372 antistes,
2257 1300 2503 1360 decimo
2555 1299 2788 1361 szcculo
2838 1300 3089 1380 scripsit
3128 1300 3366 1362 scholia
3394 1301 3456 1361 in
3486 1301 3769 1379 Gregorii
3798 1301 4114 1368 orationes

852 1437 880 1465 ι
917 1409 1327 1489 quadraginta
1350 1408 1505 1467 duas
1534 1424 1548 1479 ;
1602 1422 1743 1485 quae
1770 1404 2027 1483 quidem
2068 1400 2307 1463 scholia
2332 1400 2753 1480 manuscripta
2794 1407 3037 1462 exstant
3057 1402 3305 1462 Parisiis
3332 1402 3396 1463 in
3429 1400 3804 1463 bibliotheca
3830 1401 4044 1478 Regia.
4082 1424 4110 1456 ιι

928 1511 1245 1573 Posterior
1262 1514 1471 1569 autem
1495 1506 1592 1567 his
1626 1506 1831 1567 verbis
1861 1504 2243 1583 concipitur:
2279 1526 2307 1555 κ
2344 1503 2527 1562 Foret
2559 1501 2661 1563 hic
2692 1502 2869 1565 locus
2891 1503 3275 1584 exsequendi
3302 1503 3527 1565 factam
3548 1503 3610 1563 in
3643 1501 4114 1579 Prolegomenis

850 1638 881 1669 α
914 1615 1067 1676 tomi
1105 1614 1293 1693 primi
1324 1613 1510 1692 hujus
1556 1610 1847 1672 editionis
1906 1609 2047 1688 (col.
2085 1609 2210 1690 38),
2269 1613 2780 1690 promissionem,
2833 1619 2889 1673 et
2942 1630 3045 1675 eas
3094 1630 3314 1674 omnes
3359 1612 3718 1690 diligentius
3760 1610 4111 1690 fortiusque

848 1741 876 1769 ‹‹
918 1714 1267 1794 repellendi
1314 1711 1808 1782 criminationes,
1845 1708 2075 1787 quibus
2112 1710 2494 1785 Gregoriana
2533 1709 2819 1771 doctrina
2866 1709 3211 1770 identidem
3258 1710 3375 1769 fuit
3417 1726 3453 1769 a
3482 1709 3666 1769 variis
3703 1708 4112 1787 scriptoribus

850 1842 877 1870 α
914 1816 1218 1894 impetita.
1258 1814 1514 1885 Verum,
1556 1826 1623 1871 re
1671 1809 1973 1870 maturius
2010 1809 2425 1884 considerata,
2456 1826 2954 1889 supervacaneas
2982 1808 3285 1886 ejusmodi
3334 1809 3832 1870 concertationes
3861 1827 3893 1870 a
3921 1808 4111 1883 nobis

851 1945 877 1972 α
913 1935 1050 1979 esse
1082 1915 1411 1994 fugiendas
1440 1910 1965 1984 existimavimus;
1999 1911 2513 1991 quandoquidem
2534 1912 2979 1990 Gregorianam
3007 1911 3355 1972 doctrinam
3391 1912 3473 1973 ita
3515 1911 3793 1972 defendit
3820 1920 4111 1975 constans

848 2046 877 2074 «
917 2018 1209 2079 Ecclesia:
1238 2014 1563 2077 catholicm
1593 2011 1987 2090 approbabo,
2018 2016 2088 2070 ut
2118 2009 2288 2071 nulla
2315 2012 2554 2073 ratione
2587 2011 2771 2072 nobis
2802 2011 3239 2071 defensoribus
3268 2011 3563 2088 indigeat.
3607 2036 3635 2066 ι›

928 2118 1087 2179 lIinc
1134 2116 1315 2177 facile
1356 2113 1645 2191 intelligit
1709 2112 1923 2186 lector,
1959 2111 2441 2191 prmtermissam
2481 2128 2518 2173 a
2563 2112 2764 2174 doctis
2794 2111 3141 2175 editoribus
3171 2111 3695 2189 dissertationem,
3725 2132 3760 2177 a
3789 2115 3970 2178 nobis
3999 2117 4109 2179 mi-

849 2219 1019 2279 nime
1045 2216 1498 2294 attingendam.

2223 2369 2265 2424 Α
2276 2366 2646 2425 RTICULUS
2693 2366 2792 2425 IV.

1759 2513 1845 2573 De
1878 2511 2110 2572 nostris
2152 2512 2216 2571 in
2246 2511 2481 2573 edendo
2516 2512 2628 2572 hoc
2666 2512 2974 2572 volumine
3002 2514 3194 2573 ruris.

927 2657 1172 2721 Grande
1201 2660 1278 2722 ad
1309 2659 1428 2721 hoc
1459 2676 1620 2737 opus
1649 2674 1793 2719 cum
1824 2674 2046 2717 manus
2083 2654 2354 2734 primum
2387 2656 2851 2729 admoveretur,
2886 2655 3170 2735 quinque
3198 2662 3261 2718 et
3292 2656 3546 2735 quidem
3578 2657 3898 2736 prmcipua
3927 2658 4112 2721 nobis

850 2760 1228 2836 perficienda
1252 2778 1607 2833 occurrere,
1643 2775 1870 2837 nempe
1910 2759 1962 2817 1°
1996 2775 2218 2818 omnes
2248 2758 2579 2819 doctorum
2600 2756 3155 2819 Benedictinorum
3186 2757 3429 2819 chartas
3435 2758 3613 2835 juxta
3634 2757 4000 2819 methodum
4033 2759 4111 2821 ab

852 2864 925 2923 iis
944 2863 1316 2939 assignatam
1351 2864 1665 2942 ritumque
1686 2861 1751 2921 in
1782 2862 1986 2939 primo
2016 2860 2335 2921 volumine
2366 2860 2732 2933 admissum,
2763 2860 3097 2934 ordinare;
3133 2860 3190 2920 2°
3211 2862 3458 2922 mendis
3484 2862 3952 2942 typographicis
3980 2863 4115 2923 dili-

850 2964 1095 3037 gentius
1122 2965 1508 3041 corrigendis
1534 2963 1753 3025 scdulo
1782 2962 2106 3039 invigilare
2133 2979 2148 3033 ;
2182 2961 2239 3021 3°
2274 2966 2514 3023 veteres
2540 2962 2819 3040 poeticas
2852 2962 3171 3023 versiones
3207 2964 3271 3024 in
3302 2962 3512 3026 multis
3541 2982 3575 3023 a
3607 2966 3887 3044 priorum
3910 2966 4110 3026 edito-

851 3082 986 3125 rum
1019 3065 1256 3127 incuria
1284 3065 1662 3127 deformatas
1691 3064 1766 3126 ad
1797 3064 1975 3124 metri
2025 3063 2411 3142 rationisque
2444 3080 2730 3125 normam
2770 3080 3088 3137 revocare,
3118 3071 3224 3125 aut
3259 3066 3475 3127 saltem
3506 3066 3757 3128 illorum
3785 3065 4116 3143 indigitarc

849 3159 1164 3236 defectus;
1198 3162 1255 3223 4°
1286 3181 1506 3224 novam
1541 3165 1851 3242 poeticam
1881 3162 2235 3222 versionem
2269 3162 2567 3234 condere,
2599 3179 2722 3241 qua
2761 3162 2992 3223 Latinis
3021 3162 3400 3225 carminibus
3445 3166 3947 3245 exprimerentur
3976 3181 4111 3227 car-

746 3273 751 3279 '
852 3261 1019 3322 mina
1069 3268 1212 3339 post
1261 3262 1505 3323 Billium
1536 3280 1572 3324 a
1600 3262 1801 3323 Tollio
1833 3270 1895 3323 et
1922 3261 2259 3322 Muratorio
2302 3261 2369 3321 in
2418 3260 2625 3323 lucem
2673 3260 2929 3335 emissa;
2975 3262 3032 3321 5°
3064 3262 3308 3327 indices
3338 3264 3643 3328 adornare
3693 3264 4113 3345 locupletissi-

854 3379 1012 3435 mos,
1038 3363 1214 3442 juxta
1248 3363 1594 3442 perfectum
1623 3362 1809 3442 primi
1836 3361 2172 3423 voluminis
2204 3359 2548 3439 exemplar.

930 3486 976 3544 Ι.
1009 3486 1237 3545 Omnes
1268 3482 1816 3545 Benedictinorum
1856 3481 2109 3556 chartas,
2137 3500 2277 3562 quae
2297 3483 2377 3543 ab
2399 3483 2696 3545 omnibus
2716 3484 2913 3545 videri
2934 3470 3201 3564 possunt
3223 3484 3391 3563 apud
3413 3485 3482 3545 D.
3504 3485 4116 3555 Parent-Desbarrcs,

851 3587 928 3647 ad
955 3586 1067 3645 tria
1100 3584 1300 3663 capita
1334 3590 1599 3662 possunt
1627 3583 1938 3656 revocari;
1973 3600 2246 3661 quorum
2274 3582 2336 3642 in
2368 3583 2574 3661 primo
2604 3584 3005 3662 reperiuntur
3033 3582 3154 3643 illa:
3179 3600 3321 3663 quas
3360 3585 3716 3662 sequendas
3742 3586 3808 3646 in
3839 3586 4119 3646 editione

855 3686 1100 3765 regulas
1134 3686 1446 3759 indicant;
1486 3685 1550 3745 in
1590 3684 1868 3746 secundo
1898 3690 2106 3745 autem
2144 3690 2319 3745 vetus
2366 3685 2625 3745 Billiana
2654 3686 2868 3757 editio,
2899 3686 3075 3764 cujus
3118 3686 3184 3747 in
3228 3687 3508 3764 margine
3554 3687 3767 3766 plures
3795 3688 4122 3765 signantur

856 3791 1161 3853 variantes
1187 3806 1329 3849 cum
1361 3787 1547 3847 variis
1572 3786 2447 3860 adnotationibusleetioncs;
2498 3787 2567 3848 in
2615 3789 2799 3849 tertio
2849 3788 3104 3849 demum
3144 3789 3279 3868 ipsa
3325 3788 3872 3852 Benedictinorum
3914 3792 4118 3852 versio

858 3890 1088 3960 Latina,
1122 3896 1264 3948 c'um
1301 3886 1463 3947 notis
1510 3886 1942 3958 exactissimis,
1983 3886 2049 3946 in
2082 3886 2313 3966 quibus
2349 3887 2515 3948 inter
2548 3886 2667 3948 alia
2709 3894 3121 3948 recensentur
3158 3888 3367 3949 omnia
3396 3888 3621 3950 menda
3650 3906 3807 3973 qua);
3830 3889 3893 3950 in
3936 3890 4120 3951 editis

857 3987 1359 4069 praecedentibus
1388 3993 1747 4060 occurrunt,
1779 3992 1841 4047 et
1868 3986 2053 4047 simul
2084 3987 2273 4048 verba
2302 4005 2468 4066 quae,
2508 4004 2585 4049 ex
2634 3988 3085 4067 probatissimis
3112 3988 3436 4049 codicibus
3461 3994 3754 4069 extracta,
3788 3988 3851 4049 in
3900 4006 4116 4049 eorum

858 4068 1066 4148 locum
1097 4084 1552 4146 introducenda
1572 4084 1883 4159 videntur,
1904 4090 1974 4145 ut
2001 4103 2195 4164 purus
2230 4092 2509 4163 emergat
2534 4094 2742 4147 textus
2765 4092 2827 4147 et
2854 4087 3120 4162 integer.
3150 4086 3311 4147 Sola)
3345 4086 3628 4165 epistola)
3650 4068 3713 4147 in
3740 4105 3868 4148 uno
3900 4088 4119 4149 codice

856 4188 1140 4247 Graecum
1168 4191 1403 4247 textum
1429 4184 1660 4246 habent
1688 4200 1877 4247 manu
1905 4187 2366 4266 conscriptum;
2396 4187 2507 4248 sed
2535 4187 2634 4249 hic
2666 4204 2865 4248 novus
2887 4187 3231 4249 exsurrexit
3254 4187 3451 4260 labor,
3482 4206 3626 4249 cum
3650 4187 3771 4250 hoc
3799 4189 4121 4268 exemplar

859 4304 1049 4346 manu
1077 4286 1285 4346 minus
1312 4285 1496 4347 docta
1543 4292 1887 4359 exaratum,
1921 4284 2134 4347 multis
2162 4286 2327 4347 circa
2356 4294 2653 4348 accentus
2684 4287 2930 4347 mendis
2964 4288 3275 4349 scaturiat.
3302 4288 3463 4348 Hinc
3495 4292 3661 4348 certa
3688 4306 3831 4349 cum
3860 4288 4115 4349 rectitu-

859 4390 1027 4464 dine,
1051 4391 1163 4452 sed
1187 4406 1314 4451 non
1340 4389 1475 4450 sine
1503 4394 1790 4451 accurata
1818 4388 2160 4467 diligentia,
2179 4389 2321 4451 data
2347 4391 2529 4452 nobis
2550 4392 2812 4453 facultas
2842 4391 3186 4469 genuinum
3208 4392 3698 4470 repraesentandi
3725 4393 4114 4468 Gregorium.

862 4494 1053 4555 Nobis
1080 4493 1271 4565 enim,
1305 4500 1436 4553 tum
1459 4497 1698 4553 veteres
1720 4491 2029 4553 editiones
2060 4510 2205 4553 cum
2239 4494 2607 4556 recentioris
2627 4494 3135 4556 adnotationibus
3162 4493 3553 4569 confercndi,
3586 4501 3718 4555 tum
3748 4503 4118 4556 accentuum

862 4596 1035 4671 signa
1068 4592 1457 4673 perficiendi,
1488 4597 1620 4653 tum
1653 4591 1948 4670 epistolas
1979 4600 2039 4653 et
2057 4594 2332 4655 carmina
2363 4592 2441 4655 ad
2473 4611 2706 4656 novum
2738 4595 3021 4655 ordinem
3051 4593 3418 4667 reducendi,
3448 4594 3784 4654 necessitas
3812 4593 4115 4654 incubuit.

863 4697 1149 4769 Quamvis
1175 4703 1382 4757 autem
1412 4696 1631 4757 dcctos
1659 4694 1933 4757 editores
1963 4697 2185 4757 merita
2215 4697 2643 4771 veneratione,
2667 4705 2734 4759 ut
2762 4697 2966 4769 decet,
2998 4712 3250 4775 semper
3278 4702 3340 4756 et
3369 4696 3605 4775 ubique
3636 4711 4117 4773 prosequamur,

864 4818 991 4861 non
1017 4800 1337 4880 potuimus
1357 4805 1565 4860 tamen
1596 4798 1931 4873 abstinere,
1958 4799 2112 4878 quin
2137 4816 2381 4861 errores
2408 4799 2712 4879 quosdam
2731 4799 2797 4859 in
2816 4798 3289 4878 interpretando
3309 4814 3439 4858 non
3463 4798 3608 4868 satis
3630 4796 4117 4870 animadversos,

865 4902 960 4964 vel
982 4903 1306 4975 adnotare,
1330 4901 1425 4962 vel
1449 4902 1634 4963 etiam
1654 4900 1972 4978 corrigere
1996 4899 2396 4974 auderemus,
2427 4916 2543 4980 pro
2590 4908 2763 4963 certo
2812 4898 3116 4960 habentes
3173 4897 3453 4960 futurum
3502 4896 3719 4970 fuisse,
3756 4902 3822 4957 ut
3842 4896 3977 4957 illas
4000 4896 4114 4976 ipsi

866 5006 1334 5067 emendationes
1386 5005 1805 5077 admisissent,
1861 5022 2005 5066 cum
2054 5004 2516 5083 diligentiorem
2554 5004 2985 5066 adhibuissent
3013 5004 3316 5066 animum.
3365 5006 3436 5065 In
3479 5003 3816 5081 deligendo
3860 5001 4121 5081 insuper

866 5106 1063 5168 varias
1106 5105 1430 5177 lectiones,
1466 5120 1594 5165 non
1624 5104 1772 5165 satis
1798 5103 2197 5164 attendcrunt
2226 5104 2303 5165 ad
2336 5104 2546 5184 poesis
2574 5110 2867 5177 metrum,
2898 5104 3070 5164 unde
3099 5103 3255 5164 illud
3286 5102 3517 5181 saepius
3544 5101 3763 5165 lazsum
3792 5102 4117 5163 restituere

869 5210 1283 5271 necessarium
1313 5226 1443 5269 non
1473 5207 1783 5269 immerito
1810 5208 2010 5268 visum
2038 5212 2166 5268 est:
2200 5226 2559 5287 quanquam
2590 5214 2651 5268 et
2678 5207 2742 5269 in
2771 5207 3148 5285 quibusdam
3186 5205 3525 5284 aliquando
3552 5204 3785 5265 nullam
3816 5203 4117 5264 emenda-

867 5311 1104 5372 tionem
1175 5310 1495 5390 potuimus
1555 5309 1882 5383 adhibere,
1937 5327 2050 5371 seu
2109 5310 2256 5389 quia
2292 5312 2429 5391 ipse
2477 5316 2663 5390 poeta
2707 5309 2826 5370 sibi
2864 5308 3154 5370 nonnihil
3208 5307 3491 5379 indulsit,
3547 5324 3661 5367 seu
3694 5306 3841 5385 quia
3892 5323 4116 5365 manu-

870 5412 1083 5491 scripti
1110 5413 1362 5474 codices
1388 5413 1633 5474 mendis
1652 5412 1982 5474 deformati
2012 5413 2167 5474 nihil
2190 5414 2488 5475 exhibent
2512 5430 2639 5492 quo
2686 5411 2982 5473 mendum
3011 5416 3200 5490 queat
3225 5406 3531 5471 resarciri.
3560 5406 3786 5469 Sileam
3814 5406 4120 5467 adhibitas

872 5530 907 5571 a
947 5512 1130 5573 nobis
1158 5530 1360 5583 curas,
1398 5513 1526 5574 sive
1551 5512 1629 5574 ad
1671 5511 2016 5590 eligendos,
2046 5512 2113 5573 in
2153 5520 2457 5589 quantum
2488 5513 2623 5574 fieri
2663 5516 2928 5591 poterat,
2963 5527 3145 5589 pares
3187 5508 3500 5569 veteribus
3541 5506 3953 5578 characteres,
3990 5503 4118 5564 sive

874 5614 948 5674 ad
992 5613 1396 5693 quaerendam
1440 5630 1567 5675 non
1606 5614 1966 5676 inferiorem
2015 5613 2321 5689 chartam,
2357 5614 2483 5676 sive
2523 5615 2777 5674 demum
2825 5612 2902 5672 ad
2948 5611 3322 5671 servandum
3372 5616 3837 5669 antecessorum
3878 5620 4119 5666 morem

876 5714 1095 5775 breves
1122 5714 1185 5774 in
1216 5715 1495 5793 margine
1524 5715 1864 5779 sententias
1894 5714 2304 5789 rescribendi,
2338 5716 2508 5795 quod
2537 5714 2724 5776 hodie
2749 5711 2997 5774 nonnisi
3020 5711 3379 5773 difficillime
3409 5727 3441 5770 a
3482 5706 3890 5785 typographis
3918 5709 4120 5785 potest

877 5815 1257 5895 extorqueri.
