4358 6480
647 315 713 371 19
1792 321 1858 374 Δ.
1899 318 1962 375 Β.
1995 319 2296 378 οΑιιιΑυ
2336 318 2711 377 ΡΒᾸΞΡΑΤΙΟ
3825 317 3899 376 20

723 435 797 496 ll.
833 435 961 496 Nec
989 451 1237 515 parvus,
1271 451 1390 497 nec
1425 433 1627 499 facilis
1657 435 1839 499 labor
1866 453 2090 499 eorum
2129 435 2357 499 menda
2403 437 2760 514 corrigere;
2804 435 2973 497 unde
3014 434 3367 498 mirandum
3398 435 3751 499 nullatenus
3782 435 3899 497 erit

641 535 1053 612 doctioribus,
1084 538 1136 599 si
1161 537 1465 601 nonnulla
1494 546 1771 601 nostram
1801 539 1990 601 etiam
2021 556 2192 602 nunc
2219 539 2602 618 vigilantiam
2629 537 2991 613 fefellerint,
3023 555 3166 618 quaa
3191 544 3403 601 tamen
3432 538 3511 601 ad
3533 538 3770 602 calcem
3794 555 3897 599 re—

646 643 907 699 tractare
927 638 1136 701 conati
1165 655 1402 706 sumus.
1434 638 1763 701 utilitatem
1789 644 2146 719 quaerentes
2176 639 2388 718 potius
2415 655 2602 718 quam
2634 637 2865 700 erroris
2907 637 3214 717 pudorem
3247 636 3744 700 reformidantes.
3777 636 3897 696 Sed

642 742 711 796 ut
740 738 1009 800 rariores
1029 738 1236 801 forent
1261 738 1361 801 isti
1380 737 1686 813 defectus,
1718 756 1854 805 non
1880 740 2111 802 nostris
2131 738 2338 802 solum
2369 756 2446 800 ex
2475 739 2711 802 viribus
2739 737 3278 820 praesumpsimus,
3307 737 3528 800 doctos
3554 744 3763 799 autem
3781 735 3895 797 ad»

642 824 998 901 vocavimus
1024 838 1361 918 adjutores,
1391 838 1560 901 inter
1579 855 1739 919 quos
1756 839 1925 920 justa
1952 857 2097 902 cum
2126 840 2310 903 laude
2339 840 2605 902 referam
2645 841 2902 902 nomina
2943 841 3011 901 D.
3037 839 3251 910 Cirier,
3283 839 3416 919 jam
3458 845 3638 901 antea
3684 839 3897 916 Regia:

643 933 1082 1016 typographias
1128 933 1383 1010 addicti,
1424 951 1677 997 necnon
1724 942 1787 997 et
1822 935 1892 996 D.
1933 935 2181 1015 Doquin
2228 934 2308 997 de
2348 936 2773 1010 Saint-Preux,
2819 938 2885 998 in
2933 935 3312 999 bibliotheca
3356 936 3551 1013 Regia
3596 935 3896 999 librorum

643 1034 942 1108 custodis,
987 1039 1050 1095 et
1092 1034 1162 1094 D.
1197 1033 1542 1108 Valatours,
1575 1033 1642 1095 in
1670 1033 1942 1112 collegio
1970 1035 2327 1097 Borbonico
2352 1034 2663 1096 notissimi
2692 1034 3091 1115 professoris,
3124 1035 3237 1115 qui
3262 1034 3392 1097 sive
3419 1034 3486 1096 in
3517 1040 3652 1096 toto
3678 1053 3894 1115 Opere,

644 1141 771 1202 sive
801 1139 865 1201 in
895 1139 1104 1218 aliqua
1125 1139 1258 1218 ejus
1286 1145 1460 1217 parte
1491 1156 1637 1202 suas
1665 1140 1995 1203 nobiscum
2027 1156 2207 1202 curas
2225 1138 2847 1201 communicaverunt

725 1260 832 1320 III.
861 1258 1045 1334 Bitlii,
1079 1258 1471 1321 Leuvenclaii
1500 1265 1563 1321 et
1597 1259 1877 1322 Federici
1906 1259 2145 1321 Morelli
2170 1259 2473 1339 poeticas,
2498 1265 2604 1320 aut
2624 1260 2834 1339 potius
2856 1259 3145 1323 metricas
3163 1260 3484 1323 versiones
3509 1259 3587 1320 ad
3613 1259 3897 1321 intimum

648 1364 1016 1441 paginarum
1046 1362 1391 1439 marginem
1421 1362 1793 1438 dimisimus,
1826 1380 2097 1443 quorum
2132 1361 2377 1442 primus
2404 1361 2672 1424 feliciter
2697 1380 2891 1442 saepe,
2920 1362 3047 1425 duo
3076 1369 3286 1425 autem
3317 1362 3701 1443 posteriores
3725 1378 3897 1440 smpo

646 1463 957 1524 infelicius
987 1463 1301 1539 egregiam
1334 1464 1615 1540 Gregorii
1678 1461 1922 1542 poesim
1977 1462 2043 1524 in
2098 1464 2378 1526 Latinam
2425 1480 2669 1526 musam
2697 1462 3094 1526 transtulere.
3120 1465 3209 1524 Ita
3238 1469 3446 1525 autem
3474 1470 3768 1543 corrupta
3798 1481 3897 1523 su-

650 1573 908 1645 persunt
931 1567 1188 1628 istarum
1220 1565 1578 1628 versionum
1623 1566 2028 1646 exemplaria,
2072 1572 2138 1628 ut
2171 1583 2340 1646 saepe
2381 1565 2631 1629 deliciat
2668 1573 2960 1640 metrum,
2994 1571 3056 1627 et
3083 1565 3295 1627 nullus
3339 1565 3527 1626 etiam
3556 1564 3898 1643 aliquando

647 1685 870 1728 sensus
902 1666 1100 1746 possit
1127 1664 1539 1745 deprehendi.
1570 1666 1825 1740 Quoties
1853 1665 2187 1728 deﬁciebat
2232 1683 2481 1739 sensus,
2512 1665 2689 1726 illum
2736 1682 3026 1746 reparare
3062 1664 3440 1739 studuimus,
3472 1681 3603 1725 non
3650 1681 3901 1744 semper

642 1774 849 1831 autem
900 1775 1245 1831 restaurare
1283 1775 1575 1841 metrum,
1611 1770 1862 1848 quoties
1897 1769 2170 1832 deiicere
2198 1770 2555 1844 videbatur;
2607 1769 2718 1831 sed
2764 1769 3102 1849 aliquando
3145 1767 3429 1830 defectus
3466 1769 3734 1844 signare,
3780 1767 3895 1828 ali-

642 1867 896 1947 quando
928 1866 1241 1944 corrigere
1273 1884 1485 1947 operae
1520 1868 1795 1946 pretium
1823 1868 2139 1930 duximus.
2177 1870 2484 1932 Neutrum
2521 1875 2731 1932 autem
2766 1869 3054 1940 fecimus,
3089 1868 3209 1929 nisi
3249 1866 3482 1929 variato
3515 1866 3897 1940 charactere,

643 1977 706 2029 et
751 1972 1095 2033 mutatione
1147 1972 1211 2033 in
1264 1971 1429 2033 notis
1476 1971 1766 2033 indicata.
1813 1973 1970 2033 Sunt
1991 1973 2177 2035 etiam
2208 1990 2424 2035 versus
2477 1973 2587 2053 qui
2631 1980 2739 2035 aut
2792 1972 3160 2046 emissione,
3205 1978 3310 2033 aut
3362 1969 3899 2051 typograpltorum

642 2072 907 2149 incuria,
958 2075 1127 2154 apud
1186 2075 1435 2137 Billium
1489 2074 2040 2150 desiderabantur;
2096 2075 2242 2138 illos
2286 2075 2611 2157 supplere,
2656 2074 3120 2138 characteribus
3175 2074 3404 2136 iterum
3460 2073 3728 2147 variatis,
3784 2090 3898 2134 cu-

646 2187 709 2231 ra
717 2188 913 2233 mnus
920 2218 935 2231 .

727 2295 822 2355 IV.
878 2297 1037 2370 Quin
1065 2296 1143 2358 ad
1174 2304 1445 2377 quatuor
1496 2298 1690 2360 millia
1737 2305 1798 2361 et
1849 2300 2119 2381 amplius
2157 2300 2422 2380 assurgit
2466 2318 2769 2363 numerus
2814 2318 3106 2363 versuum
3167 2309 3311 2381 post
3358 2299 3606 2361 Billium
3649 2306 3711 2361 et
3743 2297 3902 2360 alios

645 2397 979 2472 editorum,
1012 2416 1196 2478 quos.
1224 2400 1288 2461 in
1311 2406 1563 2479 poetam
1586 2401 1982 2463 subitaneum
2006 2420 2213 2464 rerum
2242 2403 2615 2464 necessitate.
2633 2403 3048 2476 transmutati,
3074 2401 3405 2463 decantare
3426 2399 3620 2463 coacti
3643 2398 3895 2466 fuimus,

643 2515 931 2576 quosque
962 2498 1269 2559 lectorum
1296 2499 1812 2562 commendamus
1841 2501 2280 2579 indulgentiae;
2313 2518 2675 2586 quanquam
2707 2501 2771 2563 in
2804 2500 3096 2563 omnibus
3139 2501 3413 2563 auctoris
3458 2500 3653 2561 menti
3683 2498 3896 2560 adlue-

647 2603 878 2671 rentes,
908 2597 1037 2660 imo
1083 2605 1147 2660 et
1182 2600 1408 2675 verbis,
1429 2601 1765 2697 poeticum
1817 2607 2022 2664 tamen
2085 2602 2323 2683 aliquid
2382 2604 2450 2664 in
2508 2603 2893 2678 elocutione,
2941 2604 3270 2685 justasque
3304 2603 3371 2664 in
3408 2608 3607 2664 metro
3654 2599 3901 2679 regulas

643 2717 815 2761 serva
826 2717 889 2761 re
915 2702 1309 2763 tentavimu‘s.

722 2823 795 2884 V.
825 2825 1158 2904 Supererat
1183 2826 1461 2904 ingratus
1487 2826 1810 2901 scribenti,
1842 2828 1954 2889 sed
1985 2838 2195 2906 gratus
2223 2828 2404 2892 valde
2442 2827 2677 2907 legenti
2705 2829 2984 2893 indicum
3013 2829 3213 2904 labor,
3244 2830 3355 2909 qui
3385 2834 3688 2909 quantum
3733 2845 3899 2890 curae

645 2922 1074 3003 temporisque
1101 2924 1406 2998 absumat,
1440 2943 1629 2987 nemo
1661 2934 1754 2989 cst
1784 2943 1935 2987 sane
1964 2929 2075 3007 qui
2108 2929 2305 3008 possit
2326 2929 2394 2991 in
2420 2929 2683 2991 dubium
2715 2946 3034 2992 revocare.
3067 2929 3310 2991 Fideles
3350 2930 3897 2992 Benedictinorum

647 3033 1007 3087 nostrorum
1053 3027 1332 3103 asseclm,
1363 3029 1793 3108 epistolarum,
1827 3030 1956 3091 sive
1988 3032 2198 3111 quoad
2234 3033 2522 3096 ordinem
2571 3050 2828 3107 novum,
2862 3033 2995 3095 sive
3021 3032 3232 3113 quoad
3279 3033 3565 3093 ordinem
3603 3039 3898 3107 veterem,

650 3122 778 3185 sive
807 3126 1015 3204 quoad
1045 3126 1330 3189 ordinem
1360 3127 1822 3208 alphabeticum
1848 3129 2122 3193 indicem
2165 3133 2514 3209 texuimus;
2566 3152 2758 3213 quem
2803 3135 3086 3214 proxime
3124 3133 3409 3214 sequitur
3451 3132 3636 3195 index
3684 3132 3902 3195 carmi-

654 3247 803 3292 num
833 3227 940 3290 ubi
980 3229 1211 3308 pariter
1236 3236 1412 3290 vetus
1438 3229 1595 3291 ordo
1624 3247 1764 3291 cum
1794 3248 1983 3299 novo,
2019 3249 2348 3314 novusque
2376 3251 2522 3296 cum
2561 3235 2754 3297 veteri
2792 3243 3210 3314 comparatur.
3250 3234 3385 3295 Duo
3435 3233 3753 3294 breviores
3795 3230 3899 3293 alii

646 3330 886 3393 indices
960 3328 1212 3391 Similia
1288 3336 1350 3390 et
1428 3329 1775 3391 Proverbia
1826 3349 1903 3392 ex
1969 3333 2275 3411 Gregorio
2361 3340 2657 3415 excerpta
2740 3341 3216 3414 repraasentant.
3287 3337 3445 3396 Tum
3528 3331 3901 3394 evolvuntur

645 3434 885 3498 indices
945 3433 1401 3514 majores,.ubi
1465 3452 1563 3496 res
1616 3441 1680 3496 et
1733 3436 1920 3497 verba
1971 3436 2236 3517 alicujus
2292 3437 2628 3512 momenti,
2660 3455 2803 3518 quae
2850 3437 2949 3499 vel
2994 3437 3058 3498 in
3100 3437 3313 3515 operis
3356 3437 3650 3508 decursu,
3697 3433 3791 3496 vel
3834 3434 3900 3496 in

644 3535 995 3616 appendicc
1014 3533 1330 3612 leguntur,
1354 3551 1470 3614 per
1489 3534 1775 3596 ordinem
1801 3530 2141 3598 litterarum
2161 3537 2448 3611 collecta,
2468 3538 2734 3600 curiosae
2755 3538 3095 3600 oﬂ‘eruntut
3126 3535 3515 3615 inquisitioni
3541 3553 3557 3608 ;
3590 3551 3709 3596 nec
3729 3533 3900 3595 deest

646 3635 834 3697 index
864 3633 969 3696 ille
1000 3651 1197 3709 sacer,
1229 3652 1359 3714 quo
1390 3643 1620 3697 sancta!
1642 3637 1977 3717 Scriptum
2005 3639 2410 3718 reperiuntur
2436 3639 2798 3714 sententiae,
2829 3657 2988 3718 quas
3015 3639 3080 3700 in
3119 3637 3455 3700 scribendo
3486 3636 3626 3716 pius
3671 3636 3901 3698 Doctor

646 3736 950 3800 adhibuit.
982 3739 1130 3811 Quae
1154 3746 1361 3799 autem
1383 3747 1490 3801 aut
1516 3740 1715 3815 utilia,
1745 3748 1852 3802 aut
1875 3741 2123 3803 curiosa
2168 3741 2465 3822 perlectis
2491 3742 2725 3822 saapius
2759 3742 2955 3804 sancti
2992 3739 3275 3819 Gregorii
3311 3738 3609 3819 Operibus
3645 3737 3898 3798 desum-

651 3841 910 3922 psimus,
938 3840 1165 3902 horum
1191 3841 1275 3903 ita
1305 3842 1714 3918 rescribendi,
1735 3844 1806 3905 ut
1825 3844 1904 3906 ad
1926 3844 2213 3907 ordinem
2238 3844 2703 3926 alphabeticum
2726 3844 3181 3922 redigerentur,
3210 3841 3616 3914 fastidiosam,
3640 3841 3748 3902 sed
3772 3857 3897 3903 non

648 3941 902 4003 inanem
934 3958 1144 4002 curam
1174 3943 1449 4022 suscepit
1471 3943 1542 4004 D.
1576 3943 1773 4010 Ballin
1794 3944 1874 4008 de
1904 3945 2289 4021 Saint-Paul,
2315 3948 2411 4009 vir
2436 3964 2473 4009 a
2502 3944 2865 4008 liberalibus
2903 3943 3252 4025 disciplinis
3298 3960 3426 4004 non
3475 3943 3748 4017 alienus,
3795 3940 3895 4002 cui

645 4059 757 4105 sua
786 4041 918 4102 laus
947 4050 1333 4120 permaneat.

727 4144 872 4203 Iliec
898 4158 1040 4221 quae
1069 4159 1185 4205 nec
1216 4143 1418 4223 plura,
1450 4163 1568 4209 nec
1601 4147 1895 4227 pauciora
1938 4146 2225 4222 fecimus,
2274 4146 2555 4208 attendat
2612 4146 2829 4220 lector,
2869 4152 2931 4206 ct
2988 4150 3198 4206 utrum
3229 4141 3310 4205 de
3339 4140 3679 4204 Christiana
3718 4156 3902 4221 repu-

651 4242 810 4307 blica
845 4240 1131 4304 nonnihil
1161 4244 1325 4308 bene
1353 4248 1546 4310 simus
1575 4248 1798 4322 meriti,
1831 4248 2259 4326 indulgentior
2288 4248 2608 4328 dijudicet.
