5168 6648
1081 391 1157 446 23
2301 382 2356 438 S.
2400 381 2730 439 GREGORII
2777 381 3124 436 THEULOGI
4264 385 4337 442 υ

1087 501 1423 569 summisque
1458 498 1688 568 pedibus
1721 499 1998 558 incedens,
2029 505 2084 550 ct
2128 495 2382 566 planities
2415 496 2656 560 calcans,
2686 502 2734 557 Α
2762 497 2827 548 σὺ
2847 532 2863 557 ,
2922 497 3016 547 καὶ
3071 494 3128 546 ἀ)

2304 495 2382 552 ies
2415 496 2656 560 calcans,
2686 502 2734 557 Α
2762 497 2863 557 σὺ,
2922 497 3016 547 καὶ
3071 493 3437 562 ἀκρο6ἀμων,
3479 493 3574 546 καὶ
3619 492 3716 556 τὰς
3755 490 3966 556 πλάκας
4006 497 4345 566 κατακροαί-

1082 609 1147 647 ac
1175 603 1409 663 pennate
1433 599 1488 646 et
1518 592 1774 661 pcndule,
1807 592 2080 659 simulque
2118 604 2243 644 cum
2283 589 2543 644 Abaridis
2572 604 2662 642 sa-

1082 685 1215 754 gitta
1243 683 1446 747 delate,
1479 694 1559 747 ut,
1594 698 1716 736 cum
1739 680 2139 752 Cappadociam
2167 679 2400 750 patriam
2429 679 2657 742 habeas,

1079 774 1440 844 Cappadociae
1489 774 1608 828 loca
1661 774 1856 844 fugias.
1902 773 1984 827 An
2028 787 2159 827 vero
2205 772 2462 842 injuriam
2503 771 2661 827 vobis

1077 867 1332 932 facimus,
1363 866 1508 936 quod
1554 880 1679 919 cum
1725 865 1829 935 ipsi
1867 864 2113 934 palleatis
2161 871 2325 933 atque
2357 869 2656 933 angustum

1079 959 1333 1029 quiddam
1370 958 1613 1028 spiretis,
1643 958 1924 1026 solemque
1957 957 2023 1011 ad
2068 964 2278 1011 certum
2311 955 2531 1008 modum
2562 969 2658 1008 ac-

1079 1050 1333 1119 cipiatis;
1366 1063 1469 1102 nos
1491 1055 1684 1102 contra
1709 1048 1939 1118 pingues
1967 1055 2022 1102 et
2053 1046 2208 1100 nitidi
2236 1059 2449 1104 sumus,
2483 1053 2537 1098 et
2566 1059 2659 1098 sa-

1079 1148 1350 1202 turamur,
1377 1155 1474 1193 nec
1499 1139 1665 1193 ullius
1688 1137 1792 1191 loci
1818 1135 2085 1206 angustiis
2107 1134 2663 1190 circumscribimur?

1081 1229 1189 1285 Sed
1227 1228 1342 1284 haec
1386 1238 1565 1284 vestra
1612 1237 1772 1294 sunt;
1806 1228 2022 1283 deliciis
2059 1227 2204 1282 enim
2240 1226 2556 1293 indulgetis,
2603 1233 2655 1279 et

1078 1319 1276 1393 opibus
1308 1319 1545 1389 polletis,
1596 1325 1650 1372 et
1682 1319 1736 1370 in
1768 1315 1887 1371 foro
1919 1314 2212 1370 versamini
2243 1333 2254 1367 :
2285 1315 2387 1368 hoc
2431 1315 2656 1367 minime

1079 1410 1271 1480 probo.
1296 1411 1563 1475 Quocirca
1589 1409 1671 1462 vel
1702 1409 1874 1462 lutum
1906 1407 2065 1461 nobis
2086 1405 2416 1475 exprobrare
2467 1404 2655 1458 desine

1079 1512 1205 1571 (nec
1237 1503 1380 1556 enim
1414 1510 1471 1556 tu
1504 1502 1692 1556 urbem
1731 1499 2048 1564 condidisti,
2083 1513 2180 1551 nec
2214 1511 2314 1551 nos
2343 1494 2599 1564 hiemem)
2637 1513 2650 1549 :

1077 1595 1162 1648 vel
1192 1609 1296 1648 nos
1326 1593 1420 1648 tibi
1465 1607 1564 1662 pro
1598 1593 1713 1646 luto
1747 1606 2022 1660 caupones
2055 1587 2370 1652 olferemus,
2416 1593 2471 1642 et
2500 1585 2656 1657 quid-

1076 1683 1208 1754 quid
1238 1684 1396 1753 turpe
1420 1689 1484 1737 et
1513 1682 1821 1752 improbum
1852 1682 2016 1734 urbes
2045 1678 2245 1733 ferunt.

1632 1792 1719 1846 ΙΙΙ.
1764 1790 2091 1848 EVAGRIO.

2762 603 2868 639 νων
2915 585 2990 654 (8)
3019 625 3034 646 ,
3076 586 3171 637 καὶ
3228 585 3501 654 ὑπόπτερε
3571 585 3635 637 σὺ
3659 622 3674 648 ,
3723 585 3816 637 καὶ
3877 584 4136 656 μετάρσιε
4167 625 4183 647 ,
4242 589 4338 638 καὶ

2759 675 2838 747 τῷ
2888 675 3165 747 Ἀϐάριδος
3193 674 3358 745 ὀϊστῷ
3392 674 3468 744 (9)
3502 676 3902 746 συμφερόμενε,
3936 677 4023 728 ἵνα
4051 677 4146 728 καὶ
4177 677 4330 729 Καπ·‹

2761 768 3000 837 παδόκης
3031 767 3139 831 ὣν,
3183 767 3358 840 φύγῃς
3393 768 3503 837 (10)
3559 769 3628 822 τὰ
3656 769 4070 831 Καππαδοκίας.
4117 769 4185 821 Ἢ
4227 768 4340 822 ἀδι-

2759 859 2962 930 κοῦμεν
3015 862 3097 913 ὅτι
3149 861 3305 928 ὑμεῖς
3365 860 3464 930 μὲν
3519 860 3757 931 ὠχριᾶτε
3791 860 3902 928 (il)
3931 899 3944 921 ,
4006 861 4101 914 καὶ
4154 860 4338 914 στενὸν

2758 951 3076 1014 ἀναπνεῖτε,
3119 951 3214 1004 καὶ
3267 951 3552 1022 μετρεῖσθε
3602 952 3714 1021 (12)
3748 951 3838 1005 τὸν
3868 952 4045 1022 ἥλιονο
4082 954 4245 1023 ἡμεῖς
4279 953 4338 1005 δὲ

2757 1041 3042 1112 λιπῶμεν,
3098 1043 3192 1095 καὶ
3243 1040 3655 1113 κορεννύμεθα,
3693 1044 3788 1096 καὶ
3840 1045 3902 1094 οὑ
3959 1043 4338 1114 περιγεγραμ-

2761 1130 2901 1201 μεθα
2935 1147 2949 1193 ς
3001 1131 3162 1184 Ἀλλά
3217 1131 3390 1186 ταῦτα
3429 1131 3542 1201 (15)
3581 1130 3735 1201 ὑμῶν
3785 1132 3922 1184 ἐστι.
3961 1132 4213 1202 Τρυφᾶτε
4247 1131 4333 1196 δὲ,

2757 1221 2854 1274 καὶ
2885 1219 3162 1274 πλουτεῖτε
3183 1260 3199 1286 ,
3234 1223 3330 1274 καὶ
3381 1219 3682 1293 ἀγοράζετε
3713 1236 3727 1251 ο
3766 1219 3926 1272 τοῦτο
3962 1221 4063 1273 οὐκ
4105 1220 4333 1274 ἐπαινῶ.

2761 1313 2832 1365 Ἦ
2860 1312 3040 1366 τοίνυν
3067 1310 3272 1366 παῦσαι
3300 1313 3425 1376 τοὺς
3454 1312 3659 1383 πηλοὺς
3691 1311 3964 1374 ὀνειδίζων
3999 1313 4159 1380 ἡμῖν,
4179 1299 4336 1367 ’(οΰτε

2755 1401 2865 1474 γὰρ
2919 1403 2984 1456 σὺ
3032 1404 3134 1472 τὴν
3186 1403 3342 1456 πόλιν
3403 1402 3882 1473 ἐδημιούργησας,
3928 1401 4052 1454 οὕτε
4095 1401 4187 1454 τὸν
4225 1418 4339 1471 χει-ο

2758 1493 2912 1563 μῶνα
2944 1492 3152 1563 ἡμεῖς’)
3207 1493 3243 1564 ἢ
3299 1493 3394 1546 καὶ
3441 1494 3602 1564 ἡμεῖς
3652 1509 3736 1545 σοι
3786 1491 4148 1562 προσοίσομεν
4217 1491 4339 1544 ἀντὶ

2751 1584 2861 1636 τῶν
2925 1582 3110 1654 πηλῶν
3183 1585 3310 1645 τοὺς
3361 1583 3643 1653 καπήλους
3698 1582 3895 1654 (14),
3949 1582 4045 1635 καὶ
4110 1582 4212 1636 ὅσα
4277 1583 4334 1634 αῖ

2755 1673 2938 1738 πόλεις
2974 1672 3223 1746 μοχθηρὰ
3257 1675 3531 1746 φέρουσιν.

3258 1785 3331 1840 ιν.
3363 1787 3657 1859 aurem
3692 1788 3828 1859 (15).

1157 1909 1338 1962 Visum
1365 1919 1442 1962 est
1472 1911 1604 1962 hanc
1630 1907 1934 1974 epistolam,
1969 1921 2086 1972 qua:
2114 1904 2313 1958 nullam
2345 1904 2497 1958 habet
2530 1903 2778 1970 temporis
2792 1911 3005 1974 notam,
3038 1903 3135 1957 hoc
3166 1902 3279 1956 loco
3309 1913 3586 1974 statuere;
3620 1904 3851 1956 maxime
3882 1919 3998 1956 cum
4029 1900 4334 1973 Eragrium,

1071 1979 1139 2033 de
1164 1996 1266 2049 quo
1289 1979 1376 2031 hie
1398 1979 1590 2049 agitur,
1616 1971 1927 2030 rhetoricam
1953 1971 2277 2049 ςοηιηιοιζίιιε
2307 1974 2491 2049 docere
2514 1975 2744 2041 potuerit
2777 1971 3083 2049 Gregorius,
3110 1983 3166 2049 ut
3198 1976 3440 2049 observat
3473 1973 3864 2049 Tiilemontius,
3887 1971 4155 2049 prioribus
4170 1991 4338 2029 seces-

1075 2043 1240 2103 sionis
1271 2065 1380 2102 suw
1407 2043 1460 2101 in
1497 2047 1721 2101 Pontum
1751 2049 1923 2098 annis.
1957 2043 2138 2097 liedua:
2172 2046 2226 2098 in
2253 2046 2488 2112 patriam
2533 2054 2642 2097 tam
2673 2044 2984 2112 prwstantis
3015 2043 3263 2112 magistri
3303 2043 3618 2109 discipulus,
3669 2059 3787 2096 eum
3829 2045 4090 2110 prteclara
4127 2046 4340 2112 optimm

1073 2119 1423 2172 institutionis
1447 2127 1755 2186 argumenta
1784 2114 2032 2175 dedisset,
2058 2114 2370 2186 muneribus
2404 2131 2465 2166 ac
2498 2113 2692 2186 litteris
2742 2113 2855 2181 ejus
2887 2122 3040 2186 pater
3071 2115 3343 2186 magistro
3396 2122 3472 2166 est
3519 2113 3844 2186 gratulatus,
3873 2114 4108 2182 hancque
4152 2116 4333 2186 retulit

1076 2188 1486 2255 responsionem.
1511 2182 1652 2255 'Quis
1679 2201 1794 2238 vero
1817 2186 1888 2236 sit
1917 2186 2018 2238 iste
2050 2182 2337 2255 Euagrius,
2369 2201 2437 2255 an
2478 2184 2570 2237 ille
2591 2185 2849 2236 diaconus
2885 2183 3168 2251 Evagrius,
3211 2185 3276 2235 de
3312 2198 3414 2252 quo
3457 2185 3624 2235 multa
3667 2182 3928 2251 pra'cfara
3966 2193 4013 2236 et
4043 2185 4336 2252 honoriﬁca

1073 2259 1130 2312 in
1157 2252 1253 2312 suo
1282 2267 1592 2312 testamento
1613 2254 1900 2326 Gregorius
1931 2253 2216 2322 prtvfatur,
2250 2270 2320 2307 an
2349 2252 2516 2317 alius,
2551 2262 2792 2308 statuere
2816 2269 2918 2305 non
2942 2268 3246 2321 possumus.

1151 2371 1394 2426 Laudari
1447 2369 1580 2424 mihi
1627 2369 1931 2437 jucundum
1985 2367 2104 2420 fuit.
2156 2364 2289 2418 Nam
2344 2363 2512 2417 tilium
2562 2378 2661 2416 no-
2694 2368 2739 2428 Β

1074 2474 1249 2521 strum
1291 2463 1580 2534 Evagrium
1612 2463 1822 2516 clarum
1867 2476 1932 2514 ac
1973 2459 2241 2513 celebrem
2283 2472 2425 2515 esse.
2468 2462 2652 2510 nostra

1074 2565 1161 2612 est
1214 2555 1538 2619 celebritas;
1595 2554 1832 2607 ﬁliorum
1881 2552 2026 2606 enim
2076 2551 2268 2612 virtus,
2316 2556 2528 2618 patrum
2570 2554 2655 2602 est

1074 2643 1272 2712 gloria.
1307 2641 1415 2697 Nos
1460 2652 1668 2705 autent,
1703 2649 1969 2711 quantum
2002 2641 2066 2693 ad
2100 2640 2405 2693 doctrinam
2437 2637 2650 2702 attinet,

1077 2733 1222 2786 haud
1255 2733 1552 2802 quidquam
1584 2740 1677 2785 aut
1705 2747 1897 2801 parum
1929 2729 2163 2784 fortasse
2187 2715 2299 2782 lilio
2332 2737 2426 2782 tuo
2459 2728 2656 2782 utilita-

1076 2826 1148 2878 tis
1186 2822 1460 2886 attulisse,
1508 2822 1922 2891 nobismetipsis
1951 2821 2159 2876 conscii
2206 2834 2400 2874 sumus
2456 2818 2657 2888 (neque

1073 2915 1219 2970 cnim
1261 2929 1451 2985 magna
1483 2915 1535 2968 in
1587 2915 1746 2968 nobis
1777 2928 1862 2969 est
1897 2911 2172 2983 doctrina)
2202 2931 2214 2966 :
2255 2926 2422 2964 unum
2472 2917 2652 2965 autem

1075 3021 1177 3077 pro
1201 3007 1458 3060 onmibus
1504 3014 1559 3060 et
1599 3005 1821 3075 quidem
1863 3005 2158 3058 maximum
2207 3003 2256 3057 ei
2299 3001 2654 3062 contulimus,

1078 3099 1220 3152 haud
1251 3097 1397 3152 istud
1429 3095 1660 3154 inlicier.
1697 3097 1954 3150 nimirum
1997 3094 2090 3149 Dei
2137 3101 2361 3156 metum,
2401 3092 2656 3162 quodque

1073 3190 1150 3256 ei,
1183 3198 1242 3244 ut
1274 3204 1364 3244 res
1397 3198 1698 3258 praesentes
1731 3187 2071 3257 contemptui
2109 3186 2355 3248 haberet,
2387 3184 2657 3254 persuasi-

1073 3298 1216 3338 mus.
1242 3282 1418 3353 Atque
1453 3281 1554 3350 ipsi
1579 3280 1797 3352 quidem
1818 3281 1872 3350 3
1892 3280 2101 3350 optima
2137 3293 2391 3348 qumque,
2415 3285 2469 3332 et
2498 3284 2656 3346 opta-

1072 3372 1276 3432 vimus,
1309 3379 1362 3425 ct
1403 3378 1700 3440 optamus;
1736 3378 1794 3424 ut
1826 3385 1950 3439 qua;
1979 3383 2011 3422 a
2045 3369 2204 3424 nobis
2237 3367 2389 3421 initia
2418 3367 2652 3435 accepit,

1073 3462 1140 3516 ad
1173 3463 1389 3531 plenam
1424 3462 1632 3531 frugem
1667 3461 1950 3531 provehat,
1985 3475 2049 3514 ac
2085 3475 2187 3516 nos
2224 3459 2391 3514 etiam
2425 3457 2657 3528 diligen-

1073 3558 1166 3610 tia:
1218 3567 1422 3612 nostra:
1470 3557 1708 3612 fructum
1749 3556 1989 3625 aliquem
2046 3555 2304 3611 feramus.
2347 3552 2479 3607 Tua:
2528 3567 2656 3607 vero

1075 3650 1416 3704 excellentia:
1458 3665 1622 3719 quam
1671 3648 1938 3704 maximas
1979 3649 2184 3717 gratias
2234 3661 2358 3718 ago.
2411 3644 2559 3715 quod
2603 3651 2658 3698 et

2840 2365 3051 2435 Ἥσθην
3105 2365 3511 2437 ἐπαινούμενος.
3567 2367 3641 2420 Τὸ
3707 2367 3816 2439 γὰρ
3872 2369 3964 2422 τὸν
4025 2371 4140 2423 υἱὸν
4181 2371 4340 2442 ἡμῶν

2756 2454 3026 2524 Εὐάγριον
3075 2456 3414 2524 εὐδοκιμεῖν,
3464 2457 3612 2526 ἡμᾶς
3655 2457 3806 2510 ἐστιν
3861 2458 4204 2530 εὐδοκιμεῖν·
4247 2460 4338 2512 τέ-

2755 2563 2898 2599 κνων
2947 2546 3057 2618 γὰρ
3113 2549 3316 2621 ἀρετὴ,
3363 2548 3492 2613 δόξα
3543 2549 3816 2619 πατέρων.
3863 2551 4053 2620 Ἡμεῖς
4103 2551 4200 2615 δὲ,
4255 2553 4339 2616 εἰς

2754 2635 2944 2704 λόγους
2985 2639 3118 2708 μὲν,
3175 2639 3329 2692 οὐδὲν
3383 2640 3416 2710 ῆ
3468 2643 3662 2711 μικρὸν
3722 2642 3852 2705 ἴσως
3912 2642 4169 2713 σύνισμεν
4206 2645 4339 2714 ἡμῖν

2753 2729 2938 2791 αὐτοῖς
2975 2729 3292 2800 ὼφελήσασι
3351 2730 3442 2784 τὸν
3495 2731 3587 2784 σὺν
3670 2732 3780 2784 υἱὸν
3849 2732 3989 2800 (οὐδὲ
4037 2732 4145 2804 γὰρ
4196 2737 4337 2804 μέγα

2754 2819 2888 2889 ἡμῖν
2919 2818 2981 2872 τὸ
3025 2819 3132 2873 τῶν
3160 2819 3354 2890 λόγων)
3377 2836 3390 2848 ·
3435 2819 3493 2873 ἓν
3534 2821 3590 2873 δὲ
3643 2821 3766 2874 ἀντὶ
3809 2823 4026 2875 πάντων
4067 2823 4214 2892 αὐτῷ
4246 2824 4340 2876 καὶ

2757 2913 3015 2983 μέγιστον
3047 2911 3548 2981 συνεισηνέγκαμεν
3575 2951 3588 2974 ,
3628 2910 3727 2964 οὐκ
3754 2912 4061 2984 ἀρνήσομαι
4083 2953 4097 2974 ,
4129 2912 4218 2965 τδν
4243 2911 4338 2966 τοῦ

2753 3001 2890 3055 Θεοῦ
2931 2999 3094 3070 φόϐον
3115 3041 3130 3064 ,
3160 3002 3255 3054 καὶ
3287 3000 3350 3053 τὸ
3395 3004 3580 3054 πεῖσαι
3611 3002 3720 3054 τῶν
3750 3004 4032 3074 παρόντων
4065 3021 4341 3076 καταφρο-

2753 3096 2884 3147 νεῖν.
2941 3091 3163 3161 Ἐκείνῳ
3200 3093 3299 3163 μὲν
3331 3089 3424 3145 οὖν
3460 3093 3528 3146 τὰ
3571 3093 3831 3146 κάλλιστα
3863 3093 4249 3164 συνηυξὰμεοά
4277 3112 4338 3148 τε

2753 3184 2848 3238 καὶ
2881 3183 3282 3254 συνευχόμεθα,
3338 3185 3405 3236 ἵν’
3441 3184 3509 3248 ἃς
3559 3184 3719 3238 ἔλασε
3765 3188 3896 3258 παρ’
3929 3188 4086 3257 ἡμῶν
4137 3188 4336 3258 ἀρχὰς,

2751 3275 2950 3338 τελέως
2983 3277 3413 3348 καρποφορήσῃ,
3447 3275 3540 3328 καί
3569 3293 3691 3328 τινα
3723 3276 3824 3346 τῆς
3855 3278 4090 3346 σπουδῆς
4128 3278 4340 3347 καρπὸν

2753 3366 3124 3438 ὲνεγκώμεοα.
3163 3368 3240 3437 Τῇ
3276 3367 3333 3419 δὲ
3377 3369 3443 3437 σῇ
3492 3367 3766 3437 τιμιότητι
3822 3369 3969 3418 πᾶσα
4017 3367 4208 3437 χάρις,
4256 3368 4340 3420 ὄτι

2754 3460 2848 3513 κα)⁸
2888 3458 3199 3530 μεμνῆσθαι
3235 3449 3390 3528 ἡμῶν
3422 3457 3626 3523 ἀξιοῖς,
3675 3458 3770 3510 καὶ
3817 3461 3932 3520 τοῖς
3982 3457 4338 3527 ὑπομνήμασι

2754 3552 2919 3621 τιμᾷν
2960 3550 3059 3619 τῆς
3085 3547 3284 3617 φιλίας.
3338 3548 3516 3619 "Amp
3565 3549 3627 3600 οὐ
3673 3547 3845 3620 μικρὰ
3898 3548 4028 3602 ὄντα
4076 3547 4340 3618 μειζόνως

2758 3643 3158 3711 ὑπεδεξάμεθα.

1077 3740 1252 3796 nostri
1282 3742 1600 3798 meminisse
1645 3757 1754 3796 non
1787 3742 2056 3812 graveris,
2091 3749 2143 3796 et
2177 3739 2434 3794 amicitiae
2480 3739 2836 3794 monimentis
2889 3738 3205 3792 honestare.
3266 3733 3400 3800 Quae
3449 3733 3697 3804 quidem,
3751 3749 3878 3789 cum
3917 3735 4138 3790 minime
4173 3753 4336 3808 parva

1075 3835 1205 3899 sint,
1240 3833 1504 3891 libentius
1539 3834 1902 3905 suscepimus.

1652 3987 1740 4042 IV.
1784 3987 2075 4044 BASILIO.

3257 3988 3332 4042 A'.
3361 3985 3676 4058 ΒΑΣΙΛΕΙῼ
3711 3990 3842 4060 (16).

1150 4127 1214 4181 In
1245 4127 1343 4179 hac
1365 4125 1590 4194 epistola
1613 4127 1986 4193 propemodum
2008 4127 2186 4179 omnia
2219 4126 2466 4194 reperies,
2490 4141 2607 4196 quia
2632 4126 2686 4179 in
2724 4124 2917 4178 Basilii
2946 4123 3171 4196 epistola
3194 4139 3307 4182 χιι,
3338 4139 3476 4176 nunc
3498 4138 3611 4196 inv.
3647 4122 3793 4178 locis
3825 4138 3871 4179 et
3905 4126 4104 4178 salibus
4141 4127 4334 4196 Grego-

1076 4200 1189 4250 rius
1239 4187 1572 4250 consectatur
1609 4187 1844 4250 canoras
1875 4211 2029 4266 faves
2053 4235 2068 4257 ,
2110 4187 2308 4264 pisces,
2346 4187 2513 4258 feras,
2546 4187 3109 4266 venationes._auras,
3139 4195 3373 4266 Alun‘atos
3416 4194 3717 4258 anfractus,
3772 4199 3991 4256 vallum,
4035 4208 4158 4257 εις..
4189 4187 4328 4266 quod

1076 4266 1285 4337 quidem
1315 4276 1622 4337 argumento
1651 4283 1763 4319 esse
1799 4265 2024 4337 plicetur,
2061 4267 2140 4318 his
2173 4267 2364 4320 litteris
2398 4266 2708 4335 Gregorium
2749 4264 3041 4337 Basilianm
3067 4264 3304 4337 epistoltt'
3336 4278 3451 4326 χιχ,
3495 4279 3634 4337 inme
3665 4281 3773 4337 xiv,
3809 4266 4150 4330 respondere;
4182 4264 4335 4334 atque

1077 4333 1152 4390 ita
1184 4338 1348 4390 visum
1375 4349 1453 4389 est
1479 4335 1789 4389 doctissimo
1825 4335 2178 4388 Tillemontio.
2220 4338 2420 4390 Contra
2449 4333 2567 4389 vero
2596 4346 2705 4387 tam
2735 4335 2928 4403 multa,
2961 4349 3077 4403 qua:
3102 4333 3376 4401 m'qutdem
3406 4334 3656 4401 attigerat
3686 4335 3740 4386 in
3764 4337 3983 4402 epistola
4003 4353 4100 4388 sua
4126 4339 4195 4388 ad
4229 4333 4334 4390 lia-

1075 4407 1279 4466 silium,
1309 4407 1474 4474 facete
1502 4405 1784 4472 Gregorius
1822 4407 2030 4473 regerit,
2061 4405 2242 4461 aditus
2274 4407 2557 4475 angustias
2585 4415 2638 4459 et
2673 4401 3305 4476 pericula,confragosa
3349 4403 3489 4476 loca,
3530 4405 3738 4476 spinas,
3778 4401 4094 4472 praecipitia,
4123 4409 4325 4476 strepi-

1078 4485 1215 4538 tum,
1251 4472 1484 4543 piscium
1522 4476 1782 4542 inopiam,
1813 4472 1916 4526 loci
1945 4485 1993 4527 et
2029 4477 2259 4528 onmium
2286 4472 2596 4528 accuratam
2627 4474 2758 4528 adeo
2788 4474 3210 4542 descriptionem,
3240 4482 3318 4544 ut,
3352 4472 3442 4539 qui
3472 4488 3576 4544 non
3598 4473 3812 4544 vidisset
3844 4477 4032 4538 oculis,
4053 4472 4332 4544 designare

1076 4562 1227 4599 uento
1254 4541 1532 4613 potuisset.
1567 4541 1716 4597 Adde
1748 4545 2084 4605 ninnastcrii,
2125 4546 2392 4615 gymnasii
2447 4561 2510 4598 ac
2555 4545 2753 4599 scliolm
2801 4545 3049 4615 speciosa
3106 4542 3350 4615 nomina,
3397 4557 3513 4610 qua:
3541 4541 3666 4592 dum
3700 4541 3994 4615 _Gregorius
4034 4541 4268 4613 exagitat
4300 4564 4332 4597 ιι

1083 4609 1286 4668 Basilio
1325 4615 1431 4678 imp
1452 4617 1592 4672 :sita.
1625 4631 1829 4667 necesse
1865 4623 1943 4667 est
1975 4609 2175 4676 scripto
2197 4625 2289 4667 aut
2319 4632 2437 4669 voee
2462 4618 2622 4676 norit,
2647 4627 2694 4666 et
2719 4609 2854 4666 certe
2877 4612 3387 4666 norisselueulenter
3413 4620 3656 4662 testatur.
3695 4609 3841 4666 Unde
3877 4609 4205 4680 perspicuum
4229 4625 4330 4677 est,

1077 4687 1131 4737 ni
1162 4684 1346 4751 fallor.
1381 4684 1710 4752 Gregorium,
1734 4700 1836 4736 non
1870 4683 2105 4750 episton
2135 4700 2250 4744 χιχ.
2277 4702 2416 4738 nunc
2446 4701 2556 4746 τιν.
2589 4684 2680 4738 sed
2713 4685 2868 4738 alteri
2911 4683 3152 4750 respond.
3167 4697 3250 4734 re:
3294 4692 3382 4734 aut
3433 4691 3567 4733 certe
3597 4681 3740 4748 jam,
3772 4699 3890 4734 cum
3920 4684 4028 4736 hwc
4063 4684 4331 4748 scriberet,

1077 4755 1251 4808 luerim
1289 4754 1506 4818 adiisse,
1532 4771 1680 4822 quem
1712 4756 1787 4806 ita
1821 4755 1980 4821 probe
2007 4771 2059 4808 ea
2071 4755 2341 4822 ploratum
2373 4755 2605 4810 haberet.

1148 4868 1230 4922 Tu
1272 4868 1492 4938 quidem
1538 4885 1628 4924 res
1663 4879 1882 4924 nostras
1911 4871 2123 4925 cavillis
2167 4872 2383 4927 incesse
2429 4887 2491 4926 ac
2530 4888 2657 4939 sug-
2684 4877 2727 4934 ο
2831 4871 2898 4922 Σὺ
2961 4871 3062 4940 μὲν
3115 4887 3189 4922 σκι

2293 4889 2383 4927 sse
2429 4887 2491 4926 ac
2530 4877 2727 4939 sug-C.
2831 4871 2898 4922 Σὺ
2961 4871 3062 4940 μὲν
3115 4869 3331 4922 σκῶπτε
3377 4870 3472 4922 καὶ
3520 4869 3739 4941 διάσυρε
3788 4869 3858 4923 τὰ
3910 4870 4190 4941 ἡμέτερα,
4224 4871 4331 4923 εἴτε

1077 4963 1231 5033 gilla,
1259 4963 1377 5016 sive
1411 4962 1561 5030 joco,
1605 4963 1720 5016 sive
1751 4964 1899 5017 serio
1931 4965 2035 5017 hoc
2060 4980 2247 5034 agens.
2275 4963 2424 5018 Nihil
2452 4965 2556 5017 hoc
2578 4965 2653 5018 rei

1144 5131 1225 5198 (8)
1271 5132 1381 5204 Τὰς
1412 5133 1649 5204 πλάκας
1680 5137 2143 5204 κατακροαίνων.
2184 5135 2319 5191 Male
2340 5137 2503 5191 vertit
2542 5137 2650 5191 Bil-

1078 5201 1184 5255 lius
1212 5202 1422 5254 tabulas
1454 5203 1686 5260 ωὲςταηε.

1150 5271 1227 5339 (9)
1281 5271 1581 5339 Ἀϐἁριδυς
1616 5275 1814 5339 ὀϊστῷ.
1856 5277 2036 5330 Poetae
2085 5283 2308 5329 narrant
2361 5276 2650 5331 Aharidem

1077 5341 1148 5394 ab
1176 5341 1445 5415 Apolline,
1470 5345 1556 5396 cui
1586 5347 1872 5406 servierat;
1904 5347 2154 5415 sagittam
2196 5347 2496 5414 al'ccpiSSP,
2526 5363 2651 5399 eum

1078 5426 1184 5478 qua
1238 5411 1503 5484 Graeciam
1565 5416 1905 5484 peragrabat,
1951 5411 2118 5470 edens
2165 5411 2410 5478 macula,
2448 5425 2502 5470 et
2548 5417 2653 5469 alia

1077 5481 1345 5548 stupenda
1398 5482 1622 5537 faciens.

1149 5550 1261 5623 (iii)
1303 5554 1521 5623 Φύγῃς.
1563 5555 1635 5606 Ita
1682 5553 1831 5623 Regii
1863 5556 1990 5607 duo.
2030 5554 2124 5607 Ed.
2160 5556 2366 5623 φύγοις.

1147 5621 1259 5694 (ti)
1310 5621 1592 5694 Ὠγριᾷτε.
1637 5623 1708 5676 Ita
1738 5621 1892 5677 Pass.
1933 5624 2028 5677 Ed.
2064 5621 2202 5678 male
2229 5625 2489 5694 ὡχριῶτε.

1302 5692 1650 5765 Μετρεῖσθεκ
1676 5694 1748 5746 Ita
1803 5693 1957 5765 Pass.
2023 5694 2118 5749 l‘ld.
2151 5690 2646 5765 ιιιιιιιῖμετερείσθε.

1147 5761 1262 5831 (15)
1317 5761 1500 5816 Ἀλλὰ
1556 5763 1759 5819 ταῦτα.
1801 5762 2001 5835 Regius
2047 5781 2188 5820 unus
2241 5761 2486 5820 ct'I'ass.
2537 5765 2650 5816 ἀλλ’

2759 4961 2968 5024 παίζων
2991 5002 3006 5026 ,
3037 4962 3146 5014 εἴτε
3192 4959 3506 5025 σπουδάζων
3529 4961 3662 5031 (Π“·.
3694 4962 3860 5015 Οὐδὲν
3883 4962 4037 5015 τοῦτο
4063 4963 4292 5032 πρᾶγμα
4313 4977 4331 4993 ο

2754 5139 2817 5190 οὐ
2848 5137 3038 5199 ταῦτα,
3078 5155 3163 5190 seu
3199 5155 3300 5191 non
3326 5155 3455 5202 mre,

2828 5209 2937 5277 (Ii)
2985 5208 3130 5262 Ὰντὶ
3163 5206 3280 5260 τῶν
3309 5203 3520 5274 πηλῶν
3558 5209 3697 5274 τοὺς
3723 5207 4056 5273 καπήλους.
4087 5206 4163 5260 Ita
4198 5205 4327 5276 lieg.

2761 5294 2902 5332 unus
2927 5286 2981 5332 ct
3013 5277 3168 5331 Pass.
3197 5278 3250 5329 In
3281 5279 3367 5331 ed.
3404 5279 3556 5332 deest
3581 5279 3710 5330 τῶν.
3747 5277 3854 5329 Pro
3885 5279 3996 5330 luto
4025 5293 4284 5345 caupones
4311 5292 4331 5330 :

2761 5349 2939 5401 hacin
2991 5348 3433 5415 interpretatione
3489 5349 3627 5416 perit
3665 5348 3836 5416 gratia
3858 5363 3987 5416 cute
4025 5348 4077 5400 in
4117 5349 4334 5401 Graeca-

2761 5433 2879 5470 rum
2913 5434 3104 5470 vmrum
3146 5418 3413 5470 allusione
3446 5415 3694 5472 consistit
3727 5433 3738 5466 :
3774 5415 3942 5486 πηλός
3975 5418 4120 5471 enim
4160 5417 4333 5487 signi-

2761 5489 2884 5540 Iicat
2913 5489 3099 5551 lutum,
3135 5487 3376 5554 κάπηλος
3403 5502 3530 5539 vero
3567 5502 3870 5551 cauponem.

2828 5557 2942 5625 (15)
2981 5559 3129 5610 Alias
3150 5555 3323 5609 CLIII.
3369 5557 3582 5625 Scripta
3613 5556 3759 5608 circa
3792 5556 4150 5625 annumSGO.

2827 5624 2939 5694 (16)
2978 5626 3128 5680 Alias
3149 5625 3259 5678 VII.
3299 5624 3511 5694 Scripta
3542 5627 3686 5679 circa
3716 5641 3916 5678 annum
3950 5624 4072 5679 561.

2827 5692 2844 5759 (
2855 5697 2938 5764 I7)
2971 5697 3107 5748 Εἴτε
3139 5692 3511 5756 σπουδάζων.
3552 5696 3626 5750 Ita
3664 5693 3818 5749 Pass.
3855 5695 3994 5750 Edit.
4046 5695 4184 5749 male
4219 5692 4328 5748 εἴτε

2756 5767 2847 5819 καὶ
2871 5783 2898 5817 σ
2913 5766 3200 5829 ωυδὰςων.
3395 5771 3403 5778 ’
