5168 6648
898 440 973 492 25
1980 484 1985 491 .
2288 440 2623 497 EPISTOLA
2666 440 2748 495 IV.

2288 440 2623 497 EPISTOLA
2666 440 2748 495 IV.
4091 438 4163 495 26

905 564 1086 635 μειδία
1139 564 1332 633 μόνον,
1386 568 1480 618 καὶ
1526 568 1627 636 τῆς
1674 564 2009 630 παιδεύσεως
2047 560 2161 637 (18)
2215 566 2480 639 ἐμφοροῦ,
2512 572 2555 626 Α
2584 573 2668 619 est
2712 584 2725 619 :
2761 562 2946 618 subrid

2119 566 2161 637 3)
2215 566 2480 639 ἐμφοροῦ,
2512 572 2555 626 Α
2584 573 2668 619 est
2712 562 2985 619 :subride
3038 563 3240 629 solum,
3290 562 3650 632 doctrinaque
3698 557 3763 615 ad
3820 562 4160 616 saturitatem

904 655 997 709 καὶ
1034 654 1216 722 φιλίας
1268 654 1427 725 ἡμῶν
1474 656 1735 712 ἀπόλαυε.
1778 657 1962 711 Πάντα
2014 660 2144 729 ἡμῖν
2184 659 2392 729 χρηστὰ
2445 657 2482 712 ἃ

901 746 1055 816 παρὰ
1104 745 1231 809 σοῦ,
1276 748 1435 799 ὁποῖα
1490 750 1610 800 ποτ’
1646 748 1713 802 ἂν
1754 744 1827 822 ᾖ,
1886 748 1980 801 καὶ
2037 750 2188 812 ὅπως
2241 748 2308 802 ἂν
2360 748 2477 817 ἔχῃ.

904 836 1013 889 Καὶ
1068 836 1177 907 γάρ
1244 854 1333 907 μοι
1397 839 1492 891 καὶ
1542 838 1613 891 τὰ
1664 839 1899 894 ἐνταῦθα
1959 840 2234 894 σκώπτειν
2282 841 2479 904 δοκεῖς,

900 926 1000 999 οὐχ
1056 929 1143 983 ἵνα
1196 930 1460 1002 σκώψῃς,
1513 933 1629 985 ἀλλ’
1676 935 1763 988 ἵνα
1804 932 1941 1002 πρὸς
1994 934 2185 987 ἑαυτὸν
2226 934 2479 1006 ὲλκύσῃς,

901 1018 980 1086 (ετ
1006 1020 1059 1072 τί
1091 1038 1154 1089 γε
1185 1020 1294 1089 ἐγώ
1335 1038 1427 1075 σου
1469 1024 1754 1095 συνίημιο)
1788 1025 1978 1096 ὥσπερ
2024 1028 2072 1078 οί
2121 1025 2190 1079 τὰ
2232 1025 2480 1095 ῥεύματα

900 1110 1236 1178 ςρὰσσοντες
1265 1150 1280 1174 ,
1344 1112 1409 1165 ἵν’
1467 1114 1702 1185 ἀλλαχοῦ
1773 1114 2165 1187 μεθελκύσωσι.
2243 1116 2479 1168 Τοιαῦτα

899 1200 1030 1269 ἡμῖν
1059 1200 1143 1252 ἀεὶ
1186 1201 1253 1254 τὰ
1300 1201 1368 1255 σά
1395 1202 1528 1271 (l9).

979 1464 1121 1532 Ἐγὼ
1174 1466 1232 1520 δέ
1290 1484 1382 1521 σου
1422 1470 1511 1522 τὸν
1550 1471 1749 1523 Πόντον
1793 1470 2184 1542 Θαυμάσομαι,
2236 1474 2328 1525 καὶ
2377 1473 2477 1544 τὴν

896 1552 1164 1624 Ποντικὴν
1208 1557 1579 1628 ζοφηφορίαν,
1622 1561 1714 1612 καὶ
1754 1559 1851 1631 τὴν
1890 1562 2066 1630 φυγῆς
2098 1559 2254 1625 ἀξίαν
2286 1560 2475 1631 μονὴν.

893 1643 1020 1706 τούς
1060 1663 1120 1697 τε
1174 1647 1314 1717 ὑπὲρ
1362 1650 1603 1719 κεφαλῆς
1646 1650 1869 1719 λόφους,
1916 1653 2010 1704 καὶ
2043 1652 2250 1722 θῆρας,
2281 1653 2331 1706 οἳ
2377 1653 2476 1723 τὴν

896 1735 1073 1787 πίστιν
1147 1737 1299 1806 ὑμῶν
1356 1738 1743 1810 δοκιμάζουσι,
1809 1743 1903 1794 καὶ
1954 1743 2050 1800 τὴν
2114 1744 2477 1814 ὃποκειμένην

893 1827 1181 1897 ἐσχατιὰν.
1223 1826 1321 1884 εἶτ’
1350 1829 1443 1886 οὖν
1498 1834 1741 1902 μυωξίαν
1794 1836 1930 1903 μετὰ
1966 1834 2072 1887 τῶν
2120 1816 2334 1904 σεμνῶν
2365 1835 2478 1889 ὀνο-

894 1917 1081 1985 μάτων
1113 1919 1203 1972 τοῦ
1238 1923 1675 1992 φροντιστηρίου,
1706 1924 1801 1976 καὶ
1831 1923 1926 1976 τοῦ
1956 1924 2344 1994 μοναστηρίου,
2380 1926 2474 1978 καὶ
2510 1910 2547 1963 Β

887 2007 990 2078 τῆς
1043 2010 1270 2081 σχολῆς,
1312 2012 1516 2083 λόχμας
1565 2030 1624 2065 τε
1673 2014 1878 2084 ἀγρίων
1913 2014 2127 2082 φυτῶν,
2169 2015 2262 2068 καὶ
2302 2013 2471 2083 βαθυ-

891 2103 1153 2172 κρήμνων
1190 2104 1332 2175 ὀρῶν
1371 2106 1663 2174 στέφανον,
1710 2108 1800 2177 ὑφ’
1841 2102 1902 2162 οὗ
1953 2108 2028 2177 μὴ
2077 2107 2467 2178 στεφανοῦσθε,

887 2191 1025 2245 ἀλλὰ
1080 2195 1459 2261 συγκλεῖεσθε,
1492 2198 1585 2249 τὸν
1638 2198 1697 2251 δὲ
1745 2199 2110 2270 μετρούμενον
2166 2200 2342 2270 ἀέρα.
2376 2201 2468 2252 καὶ

886 2281 978 2334 τὸν
1011 2283 1343 2355 ποθούμενον
1374 2286 1544 2357 ἥλιον,
1577 2288 1638 2342 ὃν
1670 2290 1746 2351 ὼς
1766 2289 1854 2344 διὰ
1892 2291 2104 2361 κάπνης
2141 2291 2463 2359 αὐγάζεσθε,

884 2365 935 2426 ὧ
988 2375 1237 2428 Ποντικοὶ
1294 2378 1593 2449 Κιμμέριοι
1629 2379 1743 2449 (20)
1801 2381 1894 2433 καὶ
1942 2380 2002 2433 ού
2046 2381 2147 2450 τὴν
2196 2381 2467 2451 ἑξάμηνον

887 2465 1056 2520 νύκτα
1091 2468 1202 2533 (21)
1252 2470 1412 2538 μόνον
1460 2471 1918 2543 κατακριθέντες,
1975 2473 2005 2526 ὃ
2062 2473 2124 2543 δή
2177 2491 2323 2536 τινες
2382 2474 2467 2527 λέ-

889 2573 1108 2624 γονται,
1158 2559 1272 2612 ἀλλ’
1315 2561 1436 2613 οὐδὲ
1487 2562 1652 2633 μέρος
1695 2564 1793 2634 τῆς
1821 2564 1966 2633 ζωῆς
2010 2565 2198 2618 ἄσκιον
2229 2565 2463 2635 ἔχοντες,

889 2650 1019 2718 μίαν
1073 2650 1129 2703 δὲ
1169 2650 1341 2705 νύκτα
1390 2655 1610 2724 μακρὰν
1643 2656 1734 2708 τὸν
1787 2656 2004 2710 ἅπαντα
2050 2657 2199 2727 βίον,
2254 2658 2463 2711 καὶὸν-

884 2757 996 2803 τως
1063 2744 1220 2796 σκιὰν
1280 2744 1552 2809 θανάτου,
1617 2734 1691 2800 ita"
1752 2748 1891 2801 εἴπω
1952 2748 2008 2801 τὸ
2067 2748 2166 2818 τῆς
2216 2748 2462 2819 Γραγῆςο

898 2833 1135 2887 Ἐπαινῶ
1186 2836 1281 2888 καὶ
1335 2838 1433 2907 τὴν
1489 2837 1681 2908 στενὴν
1734 2839 1829 2891 καὶ
1879 2838 2245 2909 τεθλιμμένην
2304 2838 2422 2891 ὁδὸν
2447 2879 2462 2903 ,

887 2925 1006 2994 (οὐκ
1052 2922 1169 2979 οἶδα
1208 2928 1318 2980 είτε
1354 2932 1433 2992 εἰς
1479 2928 1790 2999 βασιλείαν,
1829 2930 1938 2983 εἴτε
1987 2932 2066 2992 εἰς
2106 2929 2233 3000 ᾅδου
2264 2930 2463 3000 φέρου-

887 3033 1016 3079 σαν,
1050 3018 1148 3070 σοῦ
1186 3020 1242 3072 δὲ
1278 3020 1463 3075 ἕνεκεν
1494 3023 1574 3084 είς
1608 3021 1883 3090 βασιλείαν
1914 3021 2127 3094 φερέτω
2151 3024 2204 3091 ,)
2242 3023 2337 3076 καὶ
2366 3024 2466 3094 τὴν

887 3110 944 3162 ὲν
972 3108 1154 3180 μέσῳ,
1184 3109 1237 3163 τί
1277 3111 1491 3181 βούλει,
1541 3112 1769 3184 πότερον
1830 3113 1990 3183 Ἐδὲμ
2038 3113 2290 3183 ὀνομάσω
2328 3113 2461 3184 ψευ-

2584 657 2790 721 frucre,
2818 673 2883 711 ac
2905 657 2972 712 de
3000 656 3242 711 amicitia
3274 664 3459 710 nostra
3492 655 3728 709 fructum
3761 669 3914 724 cape.
3942 652 4159 716 Omnia,

2580 761 2704 815 qua:
2737 762 2767 800 a
2812 754 2866 801 te
2910 747 3357 817 proﬁciscuntur,
3400 746 3591 801 suavia
3634 746 3791 799 nobis
3826 752 3976 810 sunt,
4007 756 4161 813 qua-

2580 854 2799 910 cunque
2850 840 3067 893 tandem
3106 840 3195 892 illa
3242 839 3375 901 sint,
3408 848 3462 892 et
3487 851 3711 906 quoquo
3755 836 3915 889 modo
3962 850 4021 888 se
4065 835 4164 886 ba-

2580 930 2767 984 beant.
2818 930 2954 984 Nam
3007 946 3095 985 res
3136 945 3355 999 quoque
3406 928 3569 997 hujus
3610 926 3715 981 loci
3764 926 3896 979 mihi
3946 924 4160 979 cavillis

2581 1022 2844 1091 impetere
2883 1022 3107 1087 videris,
3147 1038 3255 1076 non
3301 1028 3360 1074 ut
3388 1021 3685 1082 cavilleris,
3727 1019 3821 1074 sed
3869 1025 3928 1072 ut
3978 1033 4064 1071 me
4092 1018 4157 1071 ad

2583 1121 2635 1166 te
2663 1114 2840 1182 ipsum
2898 1112 3083 1166 trahas
3123 1112 3192 1181 (si
3225 1111 3355 1181 quid
3384 1117 3568 1163 tamen
3602 1123 3705 1178 ego
3740 1118 3975 1162 mentem
4010 1116 4157 1160 tuam

2581 1205 2897 1275 intelligo);
2942 1204 3401 1274 quemadmodum
3450 1201 3544 1271 qui
3590 1200 3790 1255 ﬂuenta
3837 1200 4155 1263 obstruunt,

2580 1304 2639 1349 ut
2691 1297 2744 1349 in
2789 1295 2951 1347 aliam
3016 1307 3222 1363 partem
3280 1294 3567 1348 retrahant
3617 1308 3682 1348 ae
3740 1292 4008 1348 derivent.
4066 1290 4158 1347 Sic

2575 1386 2723 1442 enim
2760 1394 2850 1438 tua
2884 1383 3405 1453 setnperaccipiam.

2648 1473 2761 1544 Ego
2786 1488 2918 1527 vero
2943 1471 3177 1525 Pontum
3222 1480 3375 1525 tuum
3409 1470 3744 1533 admirabor,
3778 1477 3833 1525 et
3872 1469 4154 1523 Ponticam

2576 1565 2887 1634 caliginem,
2942 1580 3004 1617 ac
3056 1563 3276 1633 dignam
3333 1562 3529 1616 exsilio
3568 1562 3776 1623 sedem,
3815 1570 3868 1616 et
3913 1562 4157 1616 tumulos

2577 1656 2742 1725 capiti
2790 1656 3160 1717 imminentes,
3215 1662 3265 1707 et
3322 1653 3466 1707 feras
3500 1653 3657 1707 Iidem
3692 1662 3927 1706 vestram
3964 1653 4155 1721 explo-

2578 1756 2788 1810 rantes,
2813 1756 2867 1801 et
2899 1747 3204 1812 subjectam
3237 1746 3610 1806 solitudinem,
3646 1746 3756 1797 into
3788 1744 4021 1796 murium
4056 1758 4153 1796 ca-

2577 1854 2801 1892 vernam
2840 1854 2964 1890 cum
2999 1836 3268 1905 speciosis
3300 1835 3589 1906 gynnntsii,
3629 1842 3683 1888 ct
3717 1833 4059 1897 monasterii,
4088 1847 4153 1887 ac

2577 1931 2781 1984 scholae
2810 1928 3146 1989 nominibus,
3176 1935 3230 1982 et
3252 1926 3549 1997 agrestium
3582 1926 3832 1995 stirpium
3882 1916 4068 1987 silvas,
4096 1933 4153 1979 et

2579 2026 2979 2089 prteruptorum
3014 2018 3280 2071 montium
3319 2030 3601 2078 coronam,
3634 2030 3740 2085 qua
3766 2030 3874 2068 non
3903 2021 4012 2067 tam
4051 2029 4149 2068 co-

2576 2111 2850 2165 ronamini
2887 2124 3051 2179 qttant
3092 2108 3444 2170 coercemini,
3498 2122 3677 2160 aerem
3719 2106 3884 2161 etiam
3918 2106 3985 2159 ad
4032 2120 4154 2159 cer-

2575 2212 2694 2258 tum
2724 2204 2948 2257 modum
2975 2200 3309 2261 dimensum,
3338 2208 3393 2252 et
3422 2197 3788 2254 desideratum
3815 2198 4010 2259 solem,
4041 2211 4153 2265 quo

2576 2297 2725 2350 velut
2761 2310 2858 2365 per
2885 2293 3161 2348 caminum
3206 2290 3569 2354 irradiamini,
3610 2305 3643 2341 ο
3676 2286 3886 2342 Pontici
3911 2289 4154 2344 Cimme-

2576 2388 2641 2441 rii
2689 2395 2744 2441 et
2795 2386 2911 2441 sole
2958 2392 3234 2447 carentes,
3278 2397 3378 2435 nec
3433 2381 3685 2435 semestri
3731 2388 3945 2433 tantum
3994 2391 4153 2434 nocte

2574 2477 2843 2538 damnati,
2879 2477 3024 2546 quod
3048 2475 3115 2529 de
3157 2471 3483 2543 quibusdam
3510 2470 3764 2535 refertur,
3796 2473 3888 2526 sed
3929 2488 3995 2525 ne
4025 2487 4150 2540 par-

2576 2581 2682 2624 tem
2708 2570 2927 2640 quidem
2955 2569 3121 2621 ullam
3152 2569 3272 2621 vitze
3304 2566 3569 2620 habentes
3608 2566 3813 2619 umbra:
3851 2575 4147 2634 expertem,

2576 2679 2765 2716 verum
2797 2672 3012 2714 noctem
3050 2676 3212 2713 unam
3250 2661 3462 2729 longam
3507 2666 3681 2711 totum
3713 2657 3839 2710 vitae
3886 2657 4145 2724 spatium,

2574 2769 2639 2807 ac
2670 2767 2795 2807 vere
2820 2752 3070 2805 umbram
3098 2753 3313 2816 mortis,
3346 2758 3406 2804 ut
3434 2765 3558 2804 cum
3586 2749 3867 2818 Scriptura
3903 2747 4146 2815 Inqnar‘.

2575 2843 2679 2897 Sed
2734 2850 2788 2897 et
2839 2851 3126 2910 angustam
3181 2843 3325 2893 illam
3374 2850 3427 2894 et
3481 2855 3723 2909 pressam
3772 2842 3910 2891 viam
3988 2838 4150 2891 laudo

2575 2934 2741 3006 (haud
2785 2935 2901 2988 scio
2935 2935 2988 2987 in
3024 2949 3251 3003 regnum
3284 2949 3352 2985 an
3387 2933 3440 2985 in
3490 2947 3679 2984 orcutn
3710 2931 3993 2993 ferentem,
4044 2946 4147 2986 ca:-

2573 3037 2749 3084 terum
2783 3029 2861 3082 tui
2906 3028 3079 3098 gratia
3120 3034 3173 3080 in
3210 3042 3436 3096 regnum
3464 3024 3649 3087 l‘rrat),
3680 3031 3843 3092 atque
3890 3024 4148 3078 interme-

2572 3121 2717 3175 tliam
2747 3121 2916 3181 illam,
2957 3117 3087 3188 quid
3122 3118 3226 3180 vis,
3259 3127 3441 3170 utrum
3488 3117 3662 3185 ipsam
3695 3113 3840 3168 Eden
3876 3114 4013 3168 falso
4052 3131 4152 3167 no-

883 3200 1140 3271 δόμενος,
1171 3204 1264 3256 καὶ
1311 3203 1409 3274 τὴν
1445 3205 1524 3267 είς
1570 3205 1841 3278 τέσσαρας
1877 3207 2052 3277 ἀρχὰς
2100 3206 2463 3278 μεριξομένην
2493 3223 2537 3281 c
2571 3214 2794 3277 "tinem,
2830 3220 2883 3265 et
2918 3212 2924 3263 i

2104 3206 2463 3278 μεριζομένην
2493 3223 2537 3281 C
2571 3214 2794 3277 minem,
2830 3220 2883 3265 et
2918 3212 2969 3264 in
3004 3218 3242 3280 quatuor
3271 3208 3540 3278 principia
3566 3205 3623 3277 4
3644 3206 3879 3260 divisum
3918 3205 4145 3268 lusitent,

886 3292 1105 3364 πηγὴν,
1159 3295 1217 3360 ὲξ
1270 3291 1338 3367 ἦς
1369 3297 1403 3366 ἡ
1451 3296 1744 3368 οἰκουμένη
1779 3297 1891 3367 (ἓὲ)
1945 3298 2323 3369 ποτίζεται,ἧ
2366 3298 2464 3369 τὴν

887 3385 1056 3457 ξηρὰν
1096 3387 1190 3440 καὶ
1221 3387 1451 3458 ἄνικμον
1481 3389 1747 3460 ἐρημίαν,
1783 3391 1852 3460 ῆν
1889 3409 1971 3453 τις
2018 3390 2295 3463 ἡμερώσει
2335 3393 2464 3445 Μω-

888 3471 984 3544 σῆς
1006 3516 1019 3535 ,
1053 3476 1234 3547 ῥάϐδῳ
1286 3477 1492 3549 πέτραν
1522 3480 1818 3550 πηγάσα;;
1863 3481 2017 3532 Ἔστι
2057 3481 2166 3550 γὰρ
2209 3482 2331 3533 ὅσον
2367 3483 2465 3551 μὲν

885 3569 1216 3637 ἰιαπέφευγε
1262 3569 1361 3632 τὰς
1407 3570 1651 3641 πέτρας,
1697 3571 2046 3642 χςιιραδρεών⁸
2097 3574 2218 3625 ὅσον
2258 3573 2312 3624 δὲ
2367 3574 2464 3634 τὰς

885 3661 1162 3731 χαράδρας
1190 3702 1205 3728 ,
1245 3661 1563 3714 ἀκανθεών·
1614 3664 1738 3715 ὅσον
1780 3663 1836 3715 δὲ
1880 3665 2021 3733 ὑπὲρ
2067 3663 2165 3725 τὰς
2198 3663 2461 3726 ἀκάνθας,

886 3752 1160 3821 γρημνός’
1201 3753 1294 3804 καὶ
1348 3755 1381 3822 ἡ
1433 3753 1572 3824 ὑπὲρ
1623 3752 1809 3806 τοῦτον
1847 3754 1999 3817 ὁδὸς,
2038 3754 2376 3824 ὲπίκρημνός
2406 3774 2463 3808 τε

886 3843 979 3895 καὶ
1030 3843 1437 3912 ἀμφιτα).αντος
1465 3883 1480 3907 ,
1528 3844 1635 3897 τῶν
1675 3845 1966 3897 ὁδευόντων
2027 3846 2120 3897 τὸν
2162 3846 2289 3898 νοῦν
2335 3865 2462 3898 συν-

884 3934 1095 4002 άγουσα
1126 3936 1219 3988 καὶ
1255 3935 1608 4005 γυμνάζουσα
1644 3937 1781 4007 πρὸς
1823 3937 2123 4005 ἀσφάλειαν
2173 3938 2305 4007 (‘23).
2354 3940 2460 3991 Ilo-

883 4023 1055 4094 ταμὸς
1092 4024 1149 4076 δὲ
1190 4024 1340 4077 κάτω
1389 4025 1606 4095 ῥοχθεῖ,
1643 4021 1794 4088 οὗτος
1846 4027 1873 4077 ό
1937 4027 2331 4097 Ἀμφιπολίτης
2383 4044 2463 4081 σοι

885 4114 1148 4185 Στρυμὼν
1173 4113 1282 4184 (24)
1317 4115 1411 4168 καὶ
1441 4114 1663 4185 ἡσύχιος
1691 4132 1703 4145 ·
1735 4116 1829 4169 καὶ
1853 4116 1954 4169 οὐκ
1985 4116 2304 4189 ίχϐυοφόρος
2335 4117 2463 4187 μᾶλα

885 4206 1011 4269 λον,
1054 4207 1087 4277 ἢ
1148 4206 1430 4276 λιθοφόρος
1459 4223 1472 4236 ·
1521 4206 1639 4259 οὐδὲ
1698 4209 1775 4270 εἰς
1829 4207 2025 4279 λίμνην
2061 4209 2461 4279 ἀναχεόμενος,

884 4299 998 4352 ἀλλ’
1036 4300 1112 4362 εἰς
1165 4297 1302 4370 βάθη
1347 4299 1789 4368 κατασυρόμενος
1815 4338 1830 4362 ,
1870 4292 1915 4351 ὦ
1950 4299 2070 4352 λίαν
2094 4299 2334 4370 ὑψήγορε
2375 4302 2461 4364 σὺ,

884 4394 979 4445 καὶ
1027 4390 1228 4462 ποιητὰ
1280 4389 1482 4444 καινῶν
1538 4390 1838 4460 ὀνομάτων.
1897 4392 2047 4443 Ἐστι
2103 4391 2214 4461 γὰρ
2268 4390 2462 4461 μέγας,

885 4487 978 4538 καὶ
1055 4485 1285 4555 φοϐερὸς
1319 4526 1334 4550 ,
1424 4485 1518 4539 καὶ
1615 4483 1910 4555 ύπερηχῶν
1995 4484 2104 4536 τῶν
2176 4485 2287 4538 ἄνω
2366 4484 2461 4547 τὰς

882 4575 1221 4646 ψαλμῳδίας.

884 4685 1039 4729 κται,
1098 4668 1192 4720 καὶ
1242 4667 1291 4719 οἱ
1363 4663 1708 4718 Κατὰδουποι
1771 4663 1884 4735 (25)
1916 4679 1929 4694 ·
2001 4662 2254 4717 τοσοῦτον
2310 4664 2463 4734 ὑμῶν

957 4822 973 4851 ¹
1008 4818 1154 4875 Psal.
1188 4836 1324 4881 χχιι,
1350 4818 1400 4871 ιι.
1481 4818 1501 4849 ¹
1539 4816 1676 4873 Gen.
1708 4831 1769 4880 ll,
1801 4816 1886 4870 ll).
1966 4815 1987 4847 '
2026 4814 2199 4870 Exod.
2243 4831 2379 4881 xvu,
2412 4818 2463 4871 6.

958 4933 1070 5000 (l8)
1136 4932 1531 4998 Παιδεύσεως.
1597 4930 1829 4998 Quidam
1884 4938 2113 4985 censent
2180 4929 2468 5001 legendum

888 5002 1125 5066 παιδιᾶς,
1148 5002 1292 5069 joco.

961 5073 1071 5142 (19)
1118 5068 1362 5126 Τοιαῦτα
1392 5071 1535 5140 ἡμῖν
1566 5070 1658 5125 ἀεὶ
1699 5071 1773 5124 τὰ
1801 5068 1902 5124 σά.
1943 5068 2157 5135 Billius,
2203 5068 2299 5122 hoc
2325 5071 2465 5123 enim

887 5143 1041 5195 modo
1058 5141 1269 5211 semper
1295 5141 1564 5212 nobiscum
1590 5142 1724 5212 agis.

957 5214 1069 5283 (ΞΟ)
1098 5208 1379 5283 inermia:
1436 5208 1757 5283 Κιμμέριοι.
1811 5208 2092 5283 Citnmerii
2132 5210 2464 5283 septentrio-

888 5280 1062 5337 naletn
1095 5282 1248 5337 Ponti
1294 5282 1490 5335 Euxini
1517 5297 1669 5336 oram
1701 5280 2032 5339 incolebant,
2070 5295 2177 5332 non
2214 5282 2400 5347 procul
2433 5295 2463 5332 a

890 5352 1191 5418 Bosphoro,
1228 5354 1321 5422 qui
1360 5353 1429 5405 ab
1450 5352 1693 5421 ipsorum
1746 5351 1967 5403 nomine
2000 5349 2463 5422 Cimmeriusap-

891 5425 1120 5491 pellatus
1170 5420 1276 5478 est.
1335 5420 1491 5491 Apud
1532 5437 1627 5477 eos
1676 5429 1966 5491 perpetuas
2029 5434 2152 5473 esse
2212 5420 2467 5474 tenebras

887 5494 1020 5546 dicit
1055 5492 1340 5555 Homerus,
1386 5492 1580 5561 Odyss.
1614 5508 1690 5545 XI.

959 5562 1071 5631 (21)
1115 5563 1233 5631 Τὴν
1266 5557 1570 5631 ἐξείμηῦον
1593 5563 1801 5615 νύκτα.
1856 5559 1958 5625 Qui
1984 5559 2085 5613 sub
2114 5557 2299 5611 mundi
2331 5559 2467 5627 polis

890 5634 1157 5697 habitant,
1210 5642 1529 5687 semestrem
1583 5633 1723 5686 diem
1755 5645 1817 5683 ac
1866 5638 2182 5684 semestrem
2252 5638 2467 5681 noctem

890 5704 1123 5762 habent;
1161 5705 1228 5757 iis
1248 5704 1393 5756 enim
1427 5702 1507 5754 sol
1538 5718 1630 5755 sex
1682 5716 1900 5754 menses
1931 5701 2033 5753 sub
2066 5697 2349 5753 liorizonte
2372 5699 2467 5752 de.

892 5774 1163 5843 primitur.
1197 5784 1248 5827 et
1271 5788 1369 5843 sex
1412 5773 1549 5823 alios
1584 5787 1749 5843 super
1788 5772 1969 5843 ipsum
1996 5770 2217 5843 eminet.

963 5845 1073 5914 (:12)
1126 5844 1225 5907 Ἐξ
1261 5839 1335 5914 ἧς
1373 5844 1411 5908 ἡ
1450 5833 1787 5913 οἱκουμὲιή.
1811 5833 1907 5896 Ἰιει
1939 5838 2090 5894 Pass.
2130 5837 2224 5892 Ed.
2269 5839 2357 5906 Ἐξ
2401 5833 2466 5910 ἧς

2569 3321 2634 3359 ex
2688 3320 2799 3373 quo
2843 3303 2995 3357 orbis
3041 3312 3312 3355 terrarum
3353 3299 3677 3367 irrigatur‘,
3731 3313 3799 3351 an
3856 3298 4059 3351 siccam
4096 3308 4150 3351 et

2570 3398 2800 3451 humore
2827 3395 2976 3448 enini
3019 3408 3245 3447 vacuam
3279 3391 3655 3453 solitudinem,
3686 3405 3848 3458 quam
3881 3389 4006 3457 quis
4036 3388 4150 3441 Mo-

2568 3503 2658 3541 ses
2689 3485 2979 3555 ntitigabit,
3009 3499 3073 3537 ex
3106 3490 3255 3552 petra
3284 3483 3393 3534 ictu
3423 3480 3586 3549 virga:
3624 3478 3827 3533 fontem
3856 3478 4150 3533 eliciens’?

2566 3578 2701 3629 Nam
2736 3591 2842 3644 qua
2887 3586 3039 3643 parte
3079 3573 3308 3641 rupibus
3356 3570 3684 3640 confragosa
3732 3583 3841 3622 non
3895 3578 3998 3631 est,
4037 3578 4149 3620 tor-

2567 3684 2694 3721 rens
2721 3675 2843 3732 est;
2872 3681 2976 3736 qua
3007 3672 3161 3733 parte
3202 3678 3399 3716 rursus
3432 3670 3650 3715 torrens
3698 3677 3807 3714 non
3840 3670 3942 3722 est,
3980 3662 4151 3714 senti-

2565 3770 2778 3825 cetum;
2829 3773 2937 3828 qua
2991 3772 3118 3810 vero
3153 3770 3318 3824 supra
3372 3762 3556 3807 sentes
3605 3752 3867 3821 assurgit,
3901 3753 4149 3821 [mncipi-

2568 3852 2743 3916 tium;
2775 3860 2827 3903 ct
2850 3865 2970 3920 qua:
3015 3848 3270 3916 superius
3296 3852 3617 3914 exporrecta
3657 3854 3739 3899 est
3767 3845 3875 3907 via,
3908 3859 4149 3913 praeceps

2564 3949 2670 4008 est,
2702 3951 2863 4010 atque
2897 3940 2951 3993 in
2998 3949 3287 4006 utramque.
3326 3947 3538 4005 partetn
3570 3935 3789 3997 librata,
3835 3934 4147 4004 ingsedien-

2567 4034 2698 4086 tium
2726 4040 2962 4086 mentem
2995 4030 3257 4099 colligens
3300 4036 3465 4095 atque
3494 4027 3562 4081 ad
3599 4039 3757 4081 caute
3791 4027 4147 4080 incedendum

2564 4137 2849 4177 exercens.
2887 4119 3112 4173 Fluvius
3138 4133 3300 4188 porro
3334 4117 3387 4169 in
3426 4116 3532 4168 ima
3562 4125 3716 4186 parte
3757 4130 3881 4168 cum
3918 4116 4147 4184 strepitu

2566 4213 2763 4278 fertur,
2792 4227 2955 4281 quem
2993 4219 3048 4262 tu
3082 4207 3530 4277 Amphipolitano
3560 4213 3613 4260 et
3646 4205 3834 4274 quieto
3869 4204 4145 4275 Strymoni

2564 4306 2784 4362 confers
2810 4323 2826 4373 ;
2858 4321 2967 4358 non
2998 4304 3233 4373 piscium
3267 4303 3465 4372 magis,
3494 4315 3661 4370 quam
3691 4299 3930 4367 lapidum
3958 4297 4147 4363 ferax;

2566 4415 2674 4452 non
2728 4397 2782 4449 in
2831 4405 3087 4465 stagnum
3138 4394 3370 4454 elTusus,
3425 4391 3523 4447 sed
3564 4391 3619 4444 in
3674 4389 3965 4458 voragines
4026 4404 4150 4456 pro-

2569 4488 2763 4551 ﬂuens,
2796 4502 2828 4541 ο
2866 4487 2948 4539 vir
2976 4485 3205 4539 nimium
3232 4484 3612 4555 grandiloque,
3656 4488 3711 4535 et
3746 4494 4009 4533 novorum
4053 4492 4150 4531 no-

1327 4575 1493 4627 Οὐδὲν
1580 4575 1716 4645 πρὸς
1794 4574 1984 4626 τοῦτον
2057 4575 2109 4626 οἱ
2207 4576 2465 4642 Καταρά-
2498 4557 2541 4611 D
2573 4580 2779 4633 minum
2813 4578 3131 4632 architecte.
3168 4576 3263 4630 Est
3292 4576 3368 4629 cnl

2101 4575 2109 4626 ἱ
2207 4576 2465 4642 Καταρά-
2498 4557 2541 4611 D
2573 4580 2779 4633 minum
2813 4578 3131 4632 architecte.
3168 4576 3263 4630 Est
3292 4575 3437 4629 enim
3472 4587 3728 4640 magnus,
3754 4580 3809 4624 et
3842 4568 4142 4628 horribilis,

2572 4676 2736 4735 atque
2767 4679 2980 4729 eorum,
3030 4662 3125 4733 qui
3177 4664 3231 4717 in
3278 4661 3549 4731 superiori
3584 4660 3706 4713 loco
3746 4658 3971 4729 degunt,
4005 4656 4148 4727 νεαι-

2572 4927 2668 4980 καὶ
2695 4924 3008 4995 οἰκουμένη.
3073 4923 3187 4976 M0.
3223 4922 3353 4993 Reg.
3392 4939 3533 4976 unus
3570 4933 3623 4975 et
3650 4924 3806 4976 Pass.
3844 4921 4013 4992 ξηρὰν
4055 4922 4150 4974 καὶ

2570 4997 2814 5062 ἄνυδρον,
2843 4997 3038 5049 siccant
3066 5008 3113 5047 et
3150 5010 3287 5062 aqua
3314 5003 3596 5046 carentem.

2642 5014 2699 5049 υο
2737 5014 2814 5057 ον,
2843 5014 3038 5049 Siccam
3066 5014 3113 5047 σι
3150 5014 3287 5062 aqua
3314 5014 3596 5046 carentem.

2642 5014 2753 5135 (2g)
2794 5064 3194 5133 Γυμνάζουσα
3238 5064 3386 5129 πρὸς
3429 5061 3788 5131 ἀσφάλειαν.
3831 5060 4039 5119 Billius.
4078 5064 4147 5111 ad

2570 5139 2905 5193 securitatem
2938 5151 3203 5187 exerrrns.

2639 5206 2750 5277 (2i)
2781 5207 2843 5258 Ὀ
2864 5205 3291 5277 ,Ἀμφιπολίτῃ-ς
3405 5200 3701 5269 Στρυμών.
3735 5199 4011 5277 Strymon,
4036 5197 4150 5277 hla-

2572 5270 3063 5332 cedoniaslluvius.
3117 5275 3168 5325 in
3222 5272 3406 5325 literne
3460 5283 3641 5324 monte
3684 5271 3858 5325 oritur
3899 5279 3952 5321 ct
4000 5270 4150 5336 prius

2573 5362 2737 5417 quam
2768 5360 2992 5399 cursum
3025 5344 3245 5411 dirigat,
3278 5351 3483 5417 septem
3540 5342 3691 5417 lacus
3718 5340 3914 5417 eﬂicit;
3949 5339 4131 5417 quilin:
4154 5376 4180 5387 -

2574 5409 2771 5471 deinde
2812 5417 2865 5468 in
2907 5429 3072 5466 unmn
3106 5409 3316 5465 alveum
3343 5409 3631 5471 'rollrctis,
3672 5410 3825 5478 juxta
3855 5409 4149 5478 Amphipo-

2577 5488 2692 5550 lim,
2718 5487 2863 5539 illius
2912 5483 3150 5551 regionis
3203 5483 3413 5542 urbem,
3471 5479 3645 5533 inlluit
3677 5476 3732 5551 in
3778 5476 4149 5551 luat-is’A‘igjmi

2576 5546 2778 5617 sinum,
2812 5554 2903 5624 qui
2934 5546 3002 5606 ab
3041 5554 3161 5621 ipso
3200 5551 3546 5621 Strymonius
3571 5549 3893 5620 appellatur.
3932 5546 4008 5599 Ita
4034 5546 4149 5599 ιίι-

2574 5626 2860 5765 1⁸1Ιὲξῶνᾶ
2885 5639 3252 5765 iratam).qu
3274 5689 3372 5765 καὶ
3403 5654 3480 5765 οζ
3503 5685 4053 5765 Κατάδουςεοιηῦιιιιι
4063 5700 4149 5737 ra-

2573 5758 2675 5819 me
2723 5758 2825 5816 Nili
2862 5764 2930 5815 ab
2980 5762 3256 5830 Anthiopia
3312 5762 3365 5813 in
3416 5758 3708 5830 Algyptum
3767 5758 4146 5830 devolvantur.

2574 5835 2751 5889 Tanto
2782 5842 2964 5887 autem
2994 5848 3116 5887 cum
3172 5826 3380 5900 impetu
3419 5826 3663 5885 exhaltis
3716 5826 3991 5882 montibus
4043 5828 4152 5879 ruit
