5168 6648
894 472 963 528 29
2275 471 2609 528 EPISTOLA
2650 472 2737 528 Vl.
4068 467 4142 528 30

892 592 1003 644 νέοι
1034 590 1259 658 ναυαγοί
1297 607 1358 643 τε
1404 591 1498 643 καὶ
1537 590 1817 660 τλήμονες.
1861 591 2161 662 Μέμνημαι
2200 590 2310 662 γὰρ
2351 590 2459 643 τῶν
2489 600 2536 653 Α
2564 605 2665 643 nos
2721 588 2845 642 novi
2880 586 2933 642 el

2098 607 2161 644 ,αι
2200 590 2310 662 γὰρ
2351 590 2459 643 τῶν
2489 600 2536 653 Α
2564 605 2665 643 nos
2721 588 2845 642 novi
2880 586 2935 642 el
2966 588 3260 641 aerumnosi
3300 584 3573 657 naufragi.
3613 581 3835 638 Memini
3862 583 4007 638 enim
4045 598 4139 651 pa-

893 681 1073 753 ἄρτων
1112 681 1353 745 ἐκείνων,
1399 682 1493 735 καὶ
1531 682 1640 734 τῶν
1686 680 1885 752 ζωμῶν
1916 681 2079 749 (οὔτω
2109 682 2216 753 γὰρ
2247 681 2464 751 ὠνομά-

894 769 1090 837 ζοντο),
1117 769 1251 823 ἀλλὰ
1279 772 1374 823 καὶ
1412 771 1708 841 μνήσομαι,
1740 772 1836 824 καὶ
1868 771 1979 825 τῶν
2007 771 2465 843 περιολισθαινόν-

891 878 1001 915 των
1028 861 1139 929 (55)
1176 864 1288 924 τοῖς
1322 860 1555 931 βλωμοῖς
1598 862 1824 916 ὀδόντων
1842 902 1858 925 ,
1911 858 2029 915 εἶτα
2079 861 2464 931 ἀνισχομένων,

891 951 988 1003 καὶ
1016 952 1388 1020 ἀνελκομένων
1433 950 1623 1020 ὥσπερ
1663 954 1725 1003 ὲκ
1774 950 2057 1021 τέλματος.
2101 951 2270 1013 Αὐτὸς
2295 949 2467 1003 ταῦτα

885 1042 1261 1113 τραγῳδήσεις
1309 1042 1669 1113 ὑψηλότερον,
1736 1044 1799 1096 ἐκ
1859 1041 1969 1094 τῶν
2015 1042 2229 1095 οίκείων
2280 1040 2466 1093 παθῶν

892 1132 1031 1201 ἔχων
1088 1133 1150 1185 τὸ
1204 1133 1618 1201 μεγαλόφωνονο
1667 1126 1743 1185 ὢν
1793 1134 1841 1185 εί
1879 1135 1953 1203 μὴ
2005 1133 2213 1202 ταχέως
2254 1133 2401 1201 ἡμᾶς
2432 1134 2466 1201 ἡ

895 1221 1102 1291 μεγάλη
1148 1221 1240 1273 καὶ
1278 1221 1658 1291 πτωχοτρόφος
1696 1222 1865 1285 ὅντως
1902 1222 2189 1293 ἐρρύσατο,
2231 1221 2327 1292 τὴν
2370 1223 2467 1293 σὴν

891 1310 1033 1377 λέγω
1061 1310 1295 1380 μητέρα,
1335 1309 1526 1381 ὥσπερ
1571 1310 1734 1381 λιμὴν
1776 1313 1835 1363 ὲν
1879 1310 2054 1381 καιρῷ
2087 1313 2314 1379 φανεῖσα
2354 1328 2467 1380 χει-

894 1401 1241 1471 μαζομένοις,
1271 1401 1439 1456 πάλαι
1465 1402 1532 1455 ἂν
1556 1398 1698 1472 ἦμεν
1729 1404 1935 1473 νεκροὶ,
1980 1402 2217 1465 πίστεως
2266 1404 2469 1455 Ποντι-

892 1492 993 1561 κῆς
1056 1492 1155 1544 οὐκ
1225 1491 1601 1562 ἐπαινούμενοι
1660 1492 1858 1562 μᾶλλον
1895 1492 1929 1562 ῆ
1968 1492 2292 1562 ἐλεούμενοι.
2345 1492 2468 1555 Πῶς

893 1582 1146 1653 παρέλθω
1186 1584 1310 1645 τοὺς
1351 1583 1598 1653 ἀκήπους
1634 1585 1841 1653 κήπους
1866 1585 2109 1648 ὲκείνους
2143 1583 2235 1636 καὶ
2266 1584 2471 1653 ἀλαχά-

889 1688 1043 1734 νους,
1095 1671 1189 1723 καὶ
1233 1670 1332 1741 τὴν
1377 1671 1606 1739 Αὐγείου
1646 1671 1849 1742 κόπρον
1891 1673 2001 1740 (56)
2050 1674 2113 1724 ὲκ
2149 1672 2251 1741 τῆς
2292 1671 2471 1735 οίκίας

890 1744 1373 1830 ὲκκαθαιρομένῆν,
1506 1760 1727 1824 τούτους
1776 1760 2265 1831 ἀνεπληρώσαμεν,
2308 1762 2470 1832 ἡνίκα

887 1853 987 1924 τὴν
1017 1852 1291 1920 γεωλόφον
1341 1852 1558 1922 ἅμαξαν
1605 1852 1856 1922 εῖλκομεν
1886 1852 2020 1923 (57).
2051 1852 2161 1921 ἐγώ
2200 1870 2259 1906 τε
2309 1855 2338 1907 ό
2380 1857 2470 1922 βο-

2566 694 2663 733 nes
2690 678 2811 732 illos
2840 678 3129 747 et'juscula
3180 678 3281 749 (sic
3303 679 3448 732 enim
3471 676 3871 745 nominantur),
3896 690 4140 743 semper-

2564 784 2673 839 que
2712 769 3031 831 meminero,
3063 768 3321 823 dentibus
3353 768 3501 821 circa
3539 767 3843 834 fragmenta
3899 766 4140 819 collabe-

2566 859 2851 913 scentibus
2872 899 2885 920 ,
2925 874 2989 912 ac
3017 868 3206 928 postea
3236 874 3359 912 sese
3383 855 3749 927 erigentibus,
3794 860 4046 925 velutque
4072 871 4138 909 ex

2565 962 2731 1001 emno
2785 948 3215 1017 emergentibus.
3282 946 3413 1011 Qua:
3482 955 3541 999 tu
3587 946 3798 1000 scilicet
3850 945 4140 999 sublimius

2566 1038 2919 1107 exaggerabis
2942 1079 2957 1099 ,
2988 1039 3223 1108 propriis
3276 1054 3469 1107 nempe
3501 1036 3911 1092 calamitatibus
3936 1036 4141 1090 oratio-

2566 1130 2651 1182 nis
2672 1130 3100 1198 magnitudinem
3129 1131 3222 1185 tibi
3246 1131 3727 1201 suppeditantibus
3755 1149 3768 1185 :
3798 1130 4002 1200 quibus
4032 1130 4140 1183 nisi

2569 1235 2764 1288 magna
2821 1221 2911 1273 illa
2966 1237 3202 1291 vereque
3280 1237 3582 1292 pauperum
3663 1221 3905 1276 studiosa
3958 1221 4143 1274 nutrix

2569 1317 2747 1364 mater
2776 1322 2867 1363 tua
2896 1327 2997 1366 nos
3020 1327 3184 1381 quam
3217 1312 3504 1367 celerrime
3538 1311 3846 1374 liberasset,
3880 1311 4146 1380 nobisque

2566 1408 2891 1471 tempestate
2922 1404 3145 1472 jactatis
3176 1406 3322 1459 velut
3349 1413 3541 1473 portus
3565 1403 3893 1467 exstitisset,
3915 1403 4146 1471 jampri-

2568 1491 2691 1546 dem
2748 1493 2892 1562 apud
2955 1494 3102 1549 vivos
3131 1510 3255 1550 esse
3308 1495 3688 1560 desiissemus,
3733 1493 3857 1547 lidei
3911 1492 4148 1547 Pontica:

2570 1580 2791 1635 nomine
2820 1596 2929 1637 non
2959 1582 3223 1652 majorem
3258 1583 3473 1637 laudem
3516 1589 3953 1652 consequentes,
3985 1596 4146 1649 quam

2572 1672 2979 1727 miserationem
3011 1684 3311 1729 moventes.
3344 1674 3593 1739 Quonam
3629 1687 3792 1742 porro
3826 1671 3986 1726 modo
4018 1672 4148 1725 hor-

2569 1767 2656 1814 tos
2688 1761 2834 1824 illos,
2865 1778 2934 1816 nc
2964 1765 3247 1817 hortorum
3288 1765 3508 1833 quidem
3536 1764 3755 1819 nomine
3785 1763 4005 1832 dignos,
4038 1762 4150 1815 ole-

2569 1852 2835 1920 ribusque
2880 1861 3132 1908 carentes
3183 1854 3476 1923 praeteribo
3504 1893 3519 1917 ,
3550 1854 3846 1922 Augiaeque
3894 1852 4078 1905 limum
4120 1868 4152 1905 c

886 1944 1087 2012 τρύων,
1134 1943 1227 1997 καὶ
1248 1946 1277 1995 ό
1323 1944 1574 2014 λαμπρὸς
1623 1944 1710 2007 σὺ,
1762 1947 1874 2008 τοῖς
1915 1946 2107 2015 αὐχέσι
2139 1945 2346 2007 τούτοις
2374 1945 2468 1999 κα)⁵
2500 1930 2541 1984 Β
2570 1939 2736 1993 domo
2765 1955 2927 2009 expttl

2139 1945 2346 2007 τούτοις
2374 1945 2468 1999 καὶ
2500 1930 2541 1984 Β
2570 1939 2736 1993 domo
2765 1948 3147 2009 expurgatum,
3171 1957 3282 2011 quo
3307 1957 3403 1997 eos
3440 1942 3805 2012 opplevimus,
3852 1956 3976 1994 cum
4002 1954 4151 1993 mon-

885 2037 1007 2098 ταῖς
1051 2037 1205 2105 χερσὶ
1250 2038 1496 2099 ταύταις,
1531 2037 1588 2089 αἶ
1626 2037 1734 2089 τῶν
1781 2037 1957 2089 πόνων
2002 2036 2083 2089 ἔτι
2126 2036 2195 2089 τὰ
2224 2036 2344 2106 ἴχνη
2373 2036 2468 2105 φέ-

889 2142 1070 2194 ρουσιν
1088 2141 1100 2153 ⁸
1133 2120 1201 2196 (ὦ
1228 2126 1301 2196 γῆ
1326 2127 1419 2179 καὶ
1448 2126 1586 2197 ἥλιε.
1620 2128 1729 2199 ἀὴρ
1750 2128 1862 2195 (38)
1888 2128 1980 2180 καὶ
2009 2128 2211 2203 ἀρετή·
2247 2144 2462 2197 τραγῳυ

884 2215 1033 2287 δήσω
1064 2219 1170 2289 γάρ
1194 2235 1247 2271 τι
1281 2219 1526 2288 μικρόνο)
1554 2220 1651 2288 οὐχ
1682 2219 1770 2271 ῖνα
1803 2220 1894 2271 τὸν
1924 2218 2310 2288 Ἑλλήσποντον
2342 2216 2465 2280 ζεύ-

884 2306 1065 2377 ξωμεν
1089 2309 1223 2379 (39),
1258 2308 1372 2361 ἀλλ’
1409 2308 1494 2361 ἴνα
1540 2308 1783 2379 κρημνὸν
1820 2308 2187 2378 όμαλίσωμεν.
2242 2305 2463 2369 Τούτοις

883 2399 933 2450 εἱ
974 2398 1070 2467 μὲν
1116 2399 1268 2451 οὐδὲν
1316 2399 1626 2471 ἀχθεσθήσῃ
1672 2400 2017 2470 λεγομένοις,
2076 2399 2291 2461 παντως
2336 2399 2456 2451 οὐδὲ

882 2490 1074 2560 ἡμεῖς·
1128 2492 1174 2544 εί
1216 2491 1272 2544 δὲ
1320 2492 1650 2563 ἀχθεσθήσῃ,
1694 2493 1856 2545 πόσον
1900 2491 2211 2560 γενομένοις
2258 2490 2450 2559 ἡμεῖς’

883 2580 977 2632 καὶ
1007 2581 1075 2633 τὰ
1105 2581 1274 2633 πλείω
1317 2583 1656 2652 παρήσομεν,
1694 2581 1833 2635 αἰδοῖ
1861 2580 1969 2634 τῶν
1996 2579 2191 2641 ἄλλων,
2221 2571 2296 2630 ὧν
2327 2578 2453 2631 πολ-

882 2670 988 2723 λῶν
1021 2672 1430 2742 ἀπελαύσαμεν.

2572 2036 2754 2082 tosum
2783 2030 2914 2083 illud
2947 2032 3288 2100 plaustrum,
3344 2039 3397 2085 et
3428 2045 3530 2101 ego
3571 2029 3960 2089 vindemiator,
3996 2035 4050 2083 et
4091 2036 4149 2081 tu

2570 2119 2808 2181 facetus.
2850 2122 2951 2176 hac
3008 2123 3241 2186 cervice,
3278 2124 3645 2191 manibusque
3689 2122 3797 2185 his,
3843 2136 3963 2191 qua:
3996 2120 4148 2174 labo-

2569 2227 2691 2265 rum
2747 2213 2976 2283 vestigia
3043 2214 3344 2268 etiaunmm
3411 2213 3611 2276 lerunt,
3663 2211 4002 2266 traheremus
4068 2210 4151 2279 (ο

2571 2312 2718 2356 terra
2757 2312 2812 2357 et
2872 2304 2995 2357 sol!
3044 2320 3077 2358 ο
3130 2320 3225 2358 aer
3274 2314 3328 2357 et
3357 2305 3565 2359 virtus!
3623 2303 3845 2373 paulum
3892 2300 4149 2371 quiddam

2563 2410 2715 2449 more
2742 2396 2948 2464 tragico
2978 2396 3336 2467 exclamaho)
3374 2412 3389 2449 :
3447 2412 3555 2449 non
3614 2402 3673 2448 ut
3736 2393 4149 2461 Hellespontum

2555 2485 2928 2554 jungerentus,
2964 2487 3058 2541 sed
3108 2493 3164 2539 ut
3223 2494 3553 2556 praeruptum
3600 2492 3655 2540 ct
3679 2484 4007 2554 praecipitem
4067 2484 4149 2536 lo—

2558 2594 2682 2635 cum
2727 2579 3185 2648 exanquaremus?
3248 2578 3451 2632 [larum
3485 2594 3667 2633 rerum
3703 2577 4151 2632 commemoratio

2570 2673 2615 2722 si
2643 2683 2695 2723 te
2724 2670 2996 2724 olfettsura
3045 2687 3151 2724 non
3184 2682 3266 2726 est
3292 2711 3307 2733 ,
3337 2672 3523 2741 utique
3572 2686 3674 2725 nec
3704 2686 3805 2724 nos
3842 2685 3854 2720 :
3891 2670 3935 2722 si
3968 2675 4148 2721 autem

878 2761 1312 2833 Goli‘ensionem
1348 2779 1414 2818 ex
1452 2777 1516 2817 ea
1547 2762 1846 2831 eoneipies,
1878 2772 2083 2831 quanto
2113 2762 2285 2832 magis
2331 2775 2437 2813 non
2486 2774 2554 2813 ex
2613 2760 2745 2830 ipsis
2778 2764 2980 2816 rebus!
3033 2764 3111 2816 Ac
3164 2763 3428 2831 majorem
3491 2770 3697 2833 partem
3765 2763 4149 2831 praetermitte-

882 2870 1005 2910 mus
1055 2854 1348 2909 multarum
1372 2854 1599 2907 aliarum
1627 2868 1833 2919 rerum,
1864 2853 2066 2923 quibus
2097 2852 2257 2906 nobis
2288 2851 2391 2904 frui
2437 2850 2667 2921 contigit
2689 2889 2704 2914 ,
2737 2852 2943 2921 pudore
2971 2852 3240 2905 deterriti.

1360 2970 1450 3034 cr.
1493 2967 1581 3036 Τῼ
1620 2966 1805 3038 arm
1844 2965 1977 3036 (ιο).

3178 2964 3260 3019 Vl.
3298 2965 3506 3020 EIDEM

894 3081 1025 3137 Vitta
1051 3096 1169 3136 cum
1198 3078 1405 3133 Basilio
1430 3078 1485 3131 in
1508 3078 1796 3133 solitudine
1825 3086 2055 3148 peracta:
2081 3076 2266 3146 cupide
2294 3091 2513 3141 memor,
2541 3073 2692 3197 {tque
2722 3075 2850 3132 vivit
2888 3075 3121 3147 depingit
3164 3078 3455 3141 coloribus,
3479 3077 3619 3131 hanc
3660 3079 3850 3133 iterum
3902 3079 4152 3148 consequi

2381 3161 2537 3197 neruo
2564 3162 2595 3197 a
2627 3185 2641 3197 .

2380 3161 2641 3214 peroptat.

954 3261 1022 3313 Ἀ
1050 3260 1149 3331 μὲν
1176 3258 1439 3327 πρότερον
1476 3255 1870 3325 ὲπεστέλλομεν
1902 3256 2031 3325 περὶ
2057 3255 2157 3324 τῆς
2192 3253 2461 3320 Ποντικῆς
2487 3260 2529 3315 C
2633 3253 2764 3316 Quae
2785 3252 2852 3307 tle
2880 3252 2993 3306 Pon

2110 3256 2157 3324 ῆς
2192 3253 2461 3320 Ποντικῆς
2487 3260 2529 3315 c
2633 3253 2764 3316 Quae
2785 3252 2852 3307 de
2880 3252 3105 3307 Pontica
3141 3256 3576 3311 commoratione
3628 3257 3783 3327 prius
3813 3258 4151 3323 scribebam,

879 3350 1178 3422 διατριϐῆς,
1224 3346 1523 3411 παιζόντων
1568 3341 1657 3414 ἦν,
1702 3346 1764 3398 οὐ
1815 3344 2251 3408 σπουδαζόντων·
2308 3344 2344 3398 ἂ
2398 3345 2455 3396 δὲ

2564 3345 2713 3413 joco,
2733 3362 2840 3399 non
2866 3346 3011 3399 serio
3033 3348 3376 3414 scribebam;
3407 3365 3530 3417 quae
3550 3358 3730 3403 autem
3757 3365 3900 3404 nunc
3926 3352 4110 3405 scribo
4128 3392 4144 3413 .

881 3441 977 3493 νῦν
1023 3440 1257 3510 γράφω,
1315 3436 1409 3489 καὶ
1458 3436 1578 3488 λίαν
1632 3433 2062 3497 σπουδαζόντων.
2120 3435 2214 3499 Τίς
2254 3433 2332 3486 ἄν
2380 3450 2457 3501 με
2559 3434 2849 3488 admodum
2870 3451 2922 3489 se

2120 3435 2214 3499 Τίς
2254 3433 2332 3486 ἄν
2380 3450 2457 3501 με
2559 3434 2849 3488 admodum
2870 3437 3015 3489 serio
3032 3437 3229 3492 scribo.
3253 3438 3384 3503 Quis
3404 3456 3483 3493 me
3503 3440 3785 3493 secundum
3813 3442 4151 3500 pristinorum

881 3530 1009 3596 θείη
1061 3529 1170 3599 (41)
1229 3526 1378 3579 κατὰ
1430 3524 1596 3595 μῆνα
1660 3522 1895 3593 ἡμερῶν
1954 3525 2072 3578 τῶν
2118 3526 2457 3593 ἔμπροσθεν
2556 3527 2770 3580 illorum
2803 3528 2922 3580 dier.

2118 3526 2457 3593 ἔμπροσθεν
2556 3527 2770 3580 illorum
2803 3528 3007 3580 dierum
3032 3540 3229 3582 stalum
3259 3532 3535 3584 constituet
3564 3532 3602 3595 ⁸,
3633 3533 3685 3585 in
3719 3532 3919 3601 quibus
3961 3549 4060 3603 ego
4074 3542 4156 3587 tc-

878 3622 1145 3683 ἂκείνιιηο,
1177 3620 1234 3672 ὲν
1271 3613 1360 3682 αἷς
1403 3617 1809 3686 συνενετρύφων
1850 3634 1931 3669 σοι
1967 3617 2046 3686 τῷ
2084 3616 2454 3679 κακοπαθεῖνς

2560 3632 2683 3669 emn
2700 3617 3046 3673 alliictionem
3065 3636 3163 3689 pro
3178 3622 3391 3675 deliciis
3415 3622 4150 3692 habebamiquandoquidem

882 3709 1068 3779 ἐπειδὴ
1113 3708 1173 3761 τὸ
1216 3708 1463 3761 ἑκούσιον
1512 3706 1757 3778 λυπηρὸν
1801 3705 1894 3759 τοῦ
1940 3708 2194 3761 ἀκουσίου
2226 3706 2456 3777 τερπνοῦ
2562 3707 2920 3775 tnolestiaspo

2115 3708 2194 3758 ίου
2226 3706 2456 3777 τερπνοῦ
2562 3707 2809 3759 molestia
2822 3716 3015 3775 sponte
3035 3717 3287 3779 suscepta
3306 3711 3566 3779 voluptati
3591 3711 3815 3766 minime
3837 3713 4152 3766 voluntaria:

880 3796 1224 3869 τιμιώτερον.
1277 3796 1372 3859 Τίς
1414 3794 1577 3846 δώσει
1624 3796 1720 3857 τας
1761 3794 2078 3865 ψαλμῳδίας
2115 3796 2327 3858 ὲκείνας
2366 3797 2461 3847 καὶ

880 3888 981 3952 τὰς
1011 3883 1338 3958 ἀγρυπνίας,
1375 3888 1467 3939 καὶ
1515 3886 1614 3948 τὰς
1655 3885 1722 3937 δι’
1756 3886 1921 3956 εὐχῆς
1949 3886 2084 3956 πρὸς
2127 3887 2260 3939 Θεὸν
2298 3886 2458 3956 ἐκδηο

885 3980 1036 4049 μίας,
1069 3981 1162 4032 καὶ
1189 3980 1287 4049 τὴν
1319 3978 1484 4029 οἱονεὶ
1514 3977 1675 4031 ἄῦλον
1705 3977 1851 4049 ζωὴν
1890 3979 1983 4031 καὶ
2010 3977 2333 4047 ἁσὼματον;
2366 3978 2461 4041 Τίς

885 4069 1125 4138 ἀδελφῶν
1150 4069 1425 4139 συμφυΐαν
1449 4070 1542 4121 καὶ
1568 4068 1896 4139 συμψυχίαν,
1920 4068 2027 4120 τῶν
2059 4068 2161 4121 ὐπὸ
2185 4067 2278 4121 σοῦ
2313 4067 2463 4120 Οεου-

889 4159 1063 4229 μένων
1115 4158 1209 4211 καὶ
1253 4157 1605 4227 ὐψουμένωνς
1673 4158 1769 4220 Τίς
1834 4157 2065 4227 ἅμιλλαν
2116 4157 2318 4227 ἀρετῆς
2370 4157 2465 4211 καὶ

884 4248 1209 4319 παράοηξιν,
1247 4248 1314 4317 ἢν
1350 4247 1498 4317 ὅροις
1529 4249 1791 4317 γραπτοῖς
1836 4247 1929 4299 καὶ
1977 4246 2197 4299 κανόσιν
2230 4246 2464 4315 ἠσφαλι-

886 4338 1123 4409 σάμεθα;
1170 4340 1266 4402 Τίς
1308 4338 1468 4391 θείων
1514 4337 1713 4405 λογίων
1760 4338 2098 4407 φιλοπονίαν,
2152 4339 2246 4391 καὶ
2285 4339 2348 4391 τὸ
2407 4340 2465 4391 ἐν

884 4430 1064 4491 αὐτοῖς
1107 4428 1220 4496 φῶς
1260 4429 1667 4502 εὑρισκόμενον,
1695 4430 1792 4482 σὺν
1841 4430 2032 4500 όδηγίᾳ
2064 4429 2161 4481 τοῦ
2214 4430 2465 4500 Πνεύμα-

2565 3798 2942 3866 ριίιιδιιιι.οιιίε
2961 3801 3293 3869 psalmodias
3308 3803 3427 3856 illas
3444 3812 3495 3857 et.
3507 3803 3895 3873 vigiliasdabit,
3912 3806 4149 3873 atquead

2567 3886 2736 3942 Deum
2769 3905 2865 3958 per
2895 3891 3199 3945 orationem
3230 3893 3726 3962 peregrinationes,
3765 3894 4020 3964 illamque
4049 3898 4153 3948 vel-

2566 3986 2626 4031 ut
2665 3980 2890 4035 materia
2946 3990 3230 4036 vacantem
3270 3992 3325 4037 et
3360 3984 3737 4054 incorpoream
3772 3986 3981 4038 vitam?
4018 3986 4152 4051 Quis

2570 4068 2802 4125 fratrum
2830 4087 3044 4138 eorum,
3078 4076 3170 4143 qui
3207 4075 3283 4129 dii
3318 4091 3347 4128 a
3376 4084 3429 4131 te
3456 4076 3850 4139 eﬂiciebantur,
3891 4087 4055 4144 atque
4096 4080 4151 4133 in

2566 4162 2738 4215 altum
2769 4164 3159 4229 evehebantur,
3196 4169 3550 4222 concordiam
3583 4169 4004 4237 animorumque
4026 4186 4152 4223 cou-

2562 4250 2956 4321 junetionem?
3009 4257 3145 4321 Quis
3190 4257 3409 4313 virtutis
3469 4267 3745 4312 certamen
3776 4297 3792 4321 ,
3828 4266 3884 4313 et
3928 4259 3996 4312 ad
4028 4275 4148 4315 eam

2572 4344 2964 4410 incitationem,
3018 4364 3180 4418 quam
3214 4351 3437 4419 scriptis
3479 4350 3690 4420 legibus
3720 4364 3783 4403 ac
3812 4352 4018 4420 regulis
4045 4353 4146 4405 ob-

2570 4435 2949 4492 lirmavimus?
2987 4439 3122 4503 Quis
3154 4441 3463 4494 divinorum
3500 4441 3849 4495 oraculorum
3872 4442 4143 4503 studium,

884 4532 1007 4580 10;;
1040 4518 1132 4579 Ἤ,
1158 4519 1246 4571 ἵνα
1276 4519 1344 4570 τὰ
1371 4517 1665 4588 μικρότερα
1688 4518 1829 4586 λέγω
1856 4520 1947 4570 καὶ
1977 4519 2349 4589 εὐτελέστερα,
2379 4520 2463 4582 τίς
2496 4584 2535 4604 n
2572 4527 2851 4597 lucemque
2886 4529 2925 4582 ir

2096 4519 2349 4589 ηλὲστερα,
2379 4520 2463 4582 τίς
2496 4584 2535 4604 n
2572 4527 2851 4597 lucemque
2886 4529 2939 4582 in
3003 4531 3137 4600 ipsis
3192 4532 3362 4587 ductu
3407 4543 3572 4603 atque
3603 4533 3865 4602 auspiciis
3898 4533 4137 4604 Spiritus

888 4609 1190 4678 ἐφημερίας
1223 4608 1316 4661 καὶ
1352 4609 1721 4679 αὐτουργίας;
1762 4610 1843 4671 τίς
1882 4609 2141 4680 ξυληγίας
2173 4612 2265 4664 καὶ
2301 4610 2450 4663 λατο-

890 4697 1055 4766 μίας;
1096 4699 1181 4763 τίς
1224 4700 1281 4753 δὲ
1327 4699 1549 4768 φυτείας
1588 4699 1701 4770 (42)
1748 4701 1841 4753 καὶ
1900 4701 2222 4771 ὀχετηγίας;
2271 4701 2355 4765 τίς
2403 4703 2461 4754 δὲ

887 4790 1155 4843 πλάτανον
1206 4790 1305 4860 τὴν
1361 4790 1602 4861 χρυσῆν,
1654 4789 1747 4844 καὶ
1796 4791 1895 4862 τῆς
1955 4791 2154 4862 Ξέρξου
2211 4792 2464 4863 τιμιωτέ-

956 4945 979 4975 δ
1011 4941 1116 4999 Job
1149 4960 1299 5005 xxix.
1328 4942 1383 4997 2.

956 5097 1068 5172 (3.5)
1112 5099 1237 5172 Tu'n:
1251 5100 1871 5166 περιολισθαινόντων.
1922 5099 1997 5155 Ita
2029 5100 2157 5172 lieg.
2196 5119 2341 5160 unus
2400 5105 2456 5160 In

885 5167 972 5223 ed.
999 5168 1149 5221 deest
1170 5168 1298 5223 τῶν.

957 5238 1067 5306 (56)
1104 5239 1212 5290 Καὶ
1248 5238 1361 5306 τὴν
1386 5239 1636 5307 Αὐγείου
1662 5238 1906 5306 κόπρον.
1942 5239 2127 5308 Angia:
2180 5243 2456 5298 stabulum

888 5307 1014 5380 limo
1071 5316 1330 5376 congesto
1391 5310 1609 5380 plenum
1670 5308 1840 5364 fuisse
1873 5307 2109 5380 tradunt
2160 5324 2352 5380 poetae,
2406 5324 2460 5368 et

888 5377 1059 5444 ipsius
1087 5377 1523 5447 repnrgationem
1548 5378 1691 5433 inter
1712 5378 1982 5433 laboriosa
2016 5377 2265 5437 Herculis
2293 5399 2456 5455 Opera

890 5455 1192 5499 recensent.

960 5515 1070 5586 (37)
1134 5516 1253 5589 Ϊὴν
1310 5518 1630 5589 γεωλόφον-
1673 5516 1910 5589 ἄμαξαν
1972 5519 2271 5589 εἳῷκομεν.
2323 5520 2455 5589 Reg.

888 5584 1032 5659 unos
1059 5592 1114 5639 et
1139 5584 1291 5659 Pass.
1320 5584 1423 5656 τὴν
1452 5584 1729 5659 γεῳφόρον
1756 5588 1969 5659 ἄμαξαν
1994 5584 2262 5659 εῖλκομεν,
2291 5584 2456 5645 terras

887 5657 1069 5728 peltata
1094 5653 1397 5728 plaustrum
1437 5653 1809 5728 (ιίιΙιιει-ᾱηιιιε.⁷
1839 5657 1949 5728 \fox
1969 5727 1972 5728 ν
1991 5653 2242 5728 εἵλκομεν
2275 5660 2460 5714 deerat

888 5726 941 5778 in
975 5724 1138 5778 editis
1174 5726 1416 5797 :Aipsam,
1447 5725 1500 5778 in
1533 5728 1826 5797 versionea
1856 5726 2015 5797 Dillio
2043 5724 2366 5797 suppletum.
2405 5733 2457 5785 in

886 5804 1034 5849 testu
1060 5795 1430 5863 supplevimus
1460 5812 1490 5851 e
1514 5796 1729 5851 duobus
1763 5796 1923 5850 codd.
1962 5795 2298 5851 memoratis.
2331 5802 2457 5854 Mox

886 5880 985 5934 pro
1010 5865 1103 5917 καὶ
1139 5867 1167 5917 ὁ
1196 5863 1438 5935 λαμυρδς
1477 5865 1561 5931 σύ,
1594 5864 1723 5937 Reg.
1775 5884 1917 5923 unus
1947 5866 2107 5921 habet
2139 5868 2231 5921 καὶ
2270 5871 2297 5921 ὁ
2322 5869 2457 5939 λαμη

2566 4620 2741 4671 sancti
2775 4620 3090 4675 inventam?
3121 4625 3248 4689 Aut,
3293 4633 3351 4677 ut
3386 4625 3596 4678 minora
3625 4632 3679 4680 et
3715 4625 3915 4678 leviora
3944 4625 4143 4688 dicam,

2568 4708 2693 4775 quis
2719 4708 2947 4765 diurnas
2990 4729 3219 4781 operum
3259 4715 3404 4769 vices
3426 4724 3481 4769 et
3514 4715 3777 4771 labores?
3821 4717 3947 4785 quis
3982 4717 4147 4785 ligno-

2575 4812 2695 4852 rum
2738 4804 3201 4871 comportationes
3232 4813 3285 4860 et
3325 4806 3649 4876 lapidicinas
3675 4806 3699 4859 ?
3729 4807 3854 4876 quis
3891 4808 4145 4863 arborum

2566 5107 2812 5179 1:9”;9'5,
2837 5118 2884 5161 et
2921 5119 2977 5162 tu
3019 5110 3266 5163 illustris.

2638 5176 2750 5247 (58)
2790 5179 2971 5233 Καὶ...
2992 5180 3127 5246 ἀήρ.
3161 5182 3250 5233 Sic
3275 5179 3423 5238 Pass.
3446 5189 3501 5234 et
3527 5182 3635 5236 duo
3652 5179 3783 5249 Reg.
3813 5178 3955 5234 Edit.
3983 5180 4143 5253 ἀνήρ,

2619 5264 2644 5299 ν

2567 5264 2663 5299 vir.

2636 5317 2747 5386 (59)
2818 5317 2928 5389 ζον
2974 5318 3431 5384 Ἑλλήσποντον
3476 5318 3790 5389 ζὲὐεωμεν.
3824 5319 4025 5373 ΑΙΙιιιΙὶι
4072 5322 4142 5373 ad

2567 5384 2800 5440 Xerxem
2830 5386 3115 5441 Persarum
3143 5405 3343 5457 regem,
3376 5390 3466 5458 qui
3499 5384 3708 5443 tantum
3746 5391 3998 5443 habuisse
4033 5389 4141 5442 lcr-

2570 5467 2658 5508 tur
2708 5458 2936 5527 navium
2998 5467 3352 5526 apparatum,
3398 5467 3455 5512 ut
3511 5458 3916 5527 Hellespontum
3971 5466 4142 5512 totunt

2568 5525 2829 5597 operiret,
2855 5543 2918 5578 ae
2955 5525 3117 5597 ponte
3147 5529 3330 5581 Asiam
3366 5527 3591 5595 Europa:
3620 5525 3894 5597 jungeret.

2639 5594 2750 5666 (40)
2792 5594 3055 5666 AliasIX.
3079 5595 3292 5664 Scripta
3308 5598 3461 5666 circa
3492 5594 3632 5652 ideni
3662 5594 3894 5666 tempus.

2572 5732 2592 5748 η
2639 5664 2750 5731 (Η)
2796 5665 2879 5746 ’l't'q
2918 5664 2996 5718 ἅν
3020 5684 3095 5735 με
3118 5668 3267 5733 θείη.
3304 5665 3376 5719 Ita
3411 5666 3539 5736 Reg.
3569 5683 3730 5721 unus.
3763 5664 3861 5723 Ed.
3895 5668 4032 5719 male
4056 5666 4140 5729 τίς

2567 5749 2633 5785 αν
2672 5750 2877 5802 μετείη.

2639 5804 2750 5870 (i2)
2789 5805 3060 5871 'I'vtsiuq.
3118 5805 3248 5877 Reg.
3291 5806 3397 5859 duo
3432 5807 3787 5876 φυτοκομέας.
3842 5805 4141 5873 plantarum

2567 5888 2744 5925 curus.
