5168 6648
840 472 914 529 ετ
2217 467 2551 526 EPISTOLA
2596 469 2663 526 x.
4037 478 4111 535 ss

845 584 1236 655 λαμπροτέραν
1267 584 1554 650 (molitae);
1593 584 1688 638 νῦν
1720 584 1847 648 ἔδει,
1888 588 2069 638 πᾶσαν
2098 587 2198 654 μὲν
2231 588 2324 640 ἐπὶ
2349 590 2430 639 σοὶ
2463 598 2500 649 Α
2533 587 2743 642 diorem
2772 596 2886 641 matr

2098 587 2198 654 μὲν
2231 588 2324 640 ἐπὶ
2349 590 2430 639 σοι
2463 598 2500 649 Α
2533 587 2743 642 diorem
2772 587 3098 642 materiam?
3124 586 3279 641 Nunc
3327 596 3382 642 et
3413 589 3653 657 linguam
3681 605 3897 646 omnem
3936 595 4110 647 musi-

843 676 1132 746 κινηθῆναι
1169 677 1425 744 γλῶσσαν
1454 677 1724 749 μουσικήν
1750 694 1809 728 τε
1840 677 1933 730 καὶ
1954 677 2295 748 ἐναρμόνιον,
2325 680 2426 731 πᾶ-

845 783 944 819 σαν
968 768 1025 820 δὲ
1058 769 1259 837 ὑψηλόν
1287 786 1341 821 τι
1380 770 1473 821 καὶ
1502 767 1821 837 διαπρύσιον
1848 768 2050 837 ὴχῆσαι
2091 770 2388 839 ῥητορικήν
2412 786 2425 800 ο

841 861 903 911 οὐ
931 860 1105 930 ταύτῃ
1150 859 1309 928 μόνον
1344 860 1425 912 ὅτι
1462 859 1621 929 χρέος
1656 860 1911 912 ἁπάντων
1945 859 2121 929 χρεῶν
2154 859 2428 913 δικαιότα-

841 967 953 1011 τον,
998 951 1235 1019 ἄρχοντα
1282 949 1452 1013 δεξιὸν
1511 947 1866 1019 ἀνυμνείσθαι
1918 952 2029 1014 τοῖς
2067 949 2283 1017 λόγοις’
2314 951 2428 1004 ἀλλ’

842 1042 923 1093 ὅτι
951 1043 1047 1094 καὶ
1074 1043 1167 1094 τὸν
1199 1044 1255 1093 ἐν
1284 1042 1614 1111 ἀμφοτέροις
1642 1041 1811 1112 ἄκρον
1839 1042 2171 1113 ἀμφοτέροις
2203 1047 2431 1114 κοσμεῖν

841 1133 1194 1186 οἰκειότατον.
1238 1134 1349 1185 Καὶ
1385 1135 1433 1184 εἰ
1461 1133 1535 1202 μὴ
1575 1133 1683 1202 πρὸ
1709 1134 1902 1202 καιροῦ
1927 1136 2052 1195 τοὺς
2073 1134 2265 1201 λόγους
2310 1135 2432 1187 ἀνέ-

842 1240 1029 1277 παυσα
1056 1225 1173 1287 (νῦν
1199 1225 1307 1295 γὰρ
1342 1226 1405 1296 δὴ
1448 1226 1607 1278 τοῦτο
1643 1224 2016 1296 αἰσθάνομαι),
2055 1226 2150 1278 καὶ
2179 1225 2432 1279 ἐϐουλευ-

844 1317 1049 1386 σάμην,
1079 1316 1183 1385 ἔφη
1213 1334 1315 1380 τις,
1348 1318 1643 1388 ταχύτερα,
1669 1318 1701 1388 ἢ
1739 1317 2042 1387 σοφώτερα,
2073 1316 2135 1368 τὸ
2157 1316 2233 1386 μὴ
2259 1334 2432 1388 πανη-

843 1408 1110 1479 γυρίζειν,
1145 1409 1276 1477 μηδὲ
1325 1412 1515 1479 φοιτᾷν
1560 1402 1643 1471 εὶς
1678 1410 1875 1479 μέσους
1923 1410 2310 1479 φιλοσοφήσας,
2355 1409 2431 1472 ὼς

842 1500 985 1569 τάχα.
1016 1498 1083 1552 ἂν
1118 1500 1213 1551 καὶ
1246 1498 1344 1561 τὰς
1380 1500 1730 1572 Τυρρηνικὰς
1760 1499 2159 1571 ὑπερεφὼνησα
2200 1500 2430 1568 σάλπιγ-

841 1606 948 1657 γας
995 1589 1106 1659 (65)
1145 1591 1276 1661 (ἐρῶ
1331 1591 1460 1661 γὰρ,
1506 1590 1671 1661 μηδὲν
1703 1590 1796 1643 τὸν
1850 1593 2055 1662 τραχὺν
2094 1591 2188 1643 τοῦ
2220 1589 2430 1661 Μώμου

843 1679 990 1733 λίθον
1050 1681 1391 1748 εὐλαϐηθεὶς,
1435 1683 1578 1736 κατὰ
1637 1682 1899 1753 Πίνδαρον
1927 1681 2089 1752 [66]),
2127 1684 2173 1733 ei
2214 1681 2287 1751 μὴ
2330 1680 2432 1750 τῆς

846 1771 1058 1841 σιωπῆς
1098 1773 1307 1842 ἀωρίαν
1353 1772 1815 1842 κατεψηφισάμην
1847 1770 1977 1839 (67).
2016 1770 2153 1821 Νυνὶ
2178 1770 2232 1822 δὲ
2270 1770 2299 1822 ὂ
2330 1769 2429 1821 πέ-

844 1864 1015 1916 πονθα
1060 1865 1151 1917 ἐπὶ
1184 1868 1288 1925 σοι,
1342 1864 1523 1917 όποῖόν
1572 1880 1624 1916 τι
1666 1863 1868 1933 τούμὸν
1922 1864 2129 1933 χρῆμα,
2173 1863 2313 1931 τάχα
2364 1863 2431 1915 ἂν

2531 694 2653 732 eam
2698 686 2751 732 et
2790 679 3125 733 modulatam
3159 686 3251 731 tua
3290 693 3456 733 causa
3508 682 3737 744 moveri,
3790 688 3844 734 ct
3886 696 4106 735 omnem

2530 769 2748 824 dicendi
2794 769 3108 826 facultatem
3144 772 3313 824 altum
3344 771 3602 841 quiddam
3658 783 3713 827 et
3752 774 3963 828 clarum
4004 776 4110 829 tin-

2533 860 2650 913 nire
2691 859 2977 928 oportebat
3022 874 3178 913 :non
3228 860 3331 913 hoc
3386 868 3601 913 tantum
3654 863 3905 927 nomine,
3963 864 4111 933 quod

2530 951 2774 1005 debitum
2807 950 3051 1002 omnium
3084 951 3394 1003 debitorum
3420 952 3791 1019 justissiuium
3836 965 3941 1017 est,
3976 970 4110 1024 prze-
4141 973 4147 981 '

2532 1038 2704 1091 sidem
2737 1038 2990 1093 dextrum
3022 1052 3185 1110 atque
3215 1042 3561 1095 commodum
3587 1044 3835 1097 oratione
3858 1045 4111 1098 concele-

2532 1129 2727 1195 brare;
2779 1132 2872 1185 sed
2922 1135 3022 1185 hoc
3070 1134 3252 1198 etiam,
3299 1136 3444 1202 quod
3489 1151 3634 1198 eum,
3691 1138 3784 1204 qui
3837 1151 4110 1190 summam

2532 1221 2817 1289 utriusque
2846 1223 3132 1275 scientiam
3164 1225 3267 1292 ιο
3295 1225 3528 1287 obtinet.
3565 1234 3799 1294 utroque
3834 1241 4113 1280 exornare

2533 1314 2767 1367 maxime
2811 1316 3087 1368 convenit.
3142 1314 3206 1367 Et
3259 1317 3359 1369 nisi
3397 1325 3724 1385 prauuatnre
3769 1315 3952 1370 studio
3995 1317 4112 1371 elo-

2531 1405 2765 1473 quentiae
2801 1404 2961 1457 linem
3006 1406 3390 1474 imposuissent
3451 1409 3620 1476 (nunc
3665 1408 3809 1461 enizn
3845 1408 3948 1460 hoc
3989 1423 4117 1461 sen—

2532 1496 2655 1564 tio.)
2685 1505 2867 1564 atque,
2902 1505 2958 1549 ut
2980 1497 3265 1564 cujusdam
3301 1497 3482 1550 verbis
3517 1506 3663 1558 utar,
3689 1497 3927 1551 celerius
3947 1512 4112 1565 quam

2532 1589 2836 1657 sapientius
2868 1589 3156 1642 consilium
3187 1591 3482 1658 cepissem,
3516 1590 3618 1642 hoc
3654 1589 3867 1643 scilicet
3897 1604 4117 1643 summo

2532 1679 2715 1733 studio
2738 1690 2981 1739 secutus.
3021 1689 3079 1731 ιιι
3112 1695 3177 1733 ne
3204 1681 3623 1735 declamatorem
3655 1696 3898 1751 agerem.
3930 1696 4031 1735 nec
4056 1680 4113 1733 in

2532 1768 2739 1823 medios
2790 1769 3074 1822 hominum
3123 1780 3304 1826 cretus
3350 1788 3436 1825 me
3480 1771 3823 1836 conferrem;
3869 1772 4111 1826 fortasse

2531 1858 2900 1929 Tyrrhenicas
2941 1877 3161 1930 quoque
3203 1862 3364 1915 tubas
3395 1869 3558 1914 cantu
3599 1865 3947 1930 superassem
4020 1862 4120 1929 (di-

844 1956 1031 2025 γνοίης
1057 1957 1151 2009 ἀπ’
1180 1957 1385 2018 εἰκόνος
1411 1956 1572 2018 τινός.
1609 1955 1810 2007 Κόπτω
1841 1954 1940 2023 μὲν
1956 1952 2067 2006 οἷον
2100 1953 2209 2021 (68)
2240 1953 2430 2006 τοῦδα-
2466 1937 2506 1989 Β
2534 1966 2653 2005 cam
2702 1952 2872 2015 enim,

2100 1953 2209 2021 (68)
2240 1953 2430 2006 τοῦδα-
2466 1937 2506 1989 Β
2534 1966 2653 2005 cam
2702 1952 2872 2015 enim,
2905 1966 3159 2022 asperum
3209 1952 3372 2005 Momi
3408 1953 3664 2021 lapidem,
3717 1961 3777 2006 ut
3826 1968 3950 2007 eum
3989 1950 4116 2006 Pin-

846 2064 943 2114 φος
987 2049 1099 2109 τοῖς
1143 2049 1299 2108 ποσὶ,
1339 2046 1480 2100 κατὰ
1511 2049 1635 2109 τοὺς
1677 2046 2047 2115 θερμοτάτους
2088 2046 2197 2097 τῶν
2227 2046 2430 2107 ἵππων,

845 2133 940 2186 καὶ
968 2133 1188 2185 διεσθίω
1215 2134 1282 2185 τὰ
1324 2134 1540 2203 χαλινὰ,
1578 2134 1672 2187 καὶ
1703 2134 1764 2185 τὸ
1793 2129 1887 2197 οὖς
1924 2133 2259 2203 διανίστημι.
2286 2132 2433 2185 πνέω

844 2241 903 2277 τε
944 2223 1116 2294 θυμὸν
1160 2228 1224 2277 ἐκ
1256 2228 1569 2296 μυκτήρων,
1608 2227 1701 2277 καὶ
1734 2225 1917 2295 βλέπω
1945 2226 2110 2298 δριμὺ
2141 2228 2235 2278 καὶ
2273 2226 2432 2297 ἀφρῷ

849 2315 1112 2386 βάλλομαι
1141 2316 1288 2386 (69)·
1326 2318 1472 2386 μένω
1510 2316 1566 2369 δὲ
1607 2318 1757 2387 ὅμως
1801 2317 1934 2370 εἵσω
1983 2317 2255 2386 κιγκλίδος
2294 2318 2429 2386 (70),

846 2409 944 2461 οὐκ
974 2411 1217 2477 ἐφιέντος
1250 2410 1363 2480 (7|)
1401 2428 1490 2480 μοι
1522 2410 1616 2464 τοῦ
1655 2410 1821 2480 νόμου
1847 2410 1938 2463 τὸν
1966 2410 2186 2481 δρόμον.

2535 2042 2672 2096 dare
2726 2043 2942 2112 loquar,
2996 2044 3131 2097 nihil
3184 2044 3452 2113 veritus),
3499 2044 3603 2098 nisi
3669 2044 4116 2112 intempestiuum

2535 2144 2753 2204 tempus
2790 2137 3007 2190 silentio
3038 2137 3418 2191 mulctassein.
3456 2134 3611 2189 Nunc
3639 2136 3786 2205 quod
3818 2145 3910 2189 tua
3950 2149 4118 2188 causa

2534 2228 2669 2281 mihi
2695 2229 2916 2291 accidit,
2949 2237 3002 2283 et
3034 2231 3343 2298 cujusmodi
3383 2231 3455 2285 sit
3487 2247 3573 2284 res
3621 2244 3759 2292 mea,
3795 2244 3892 2298 per
3924 2229 4118 2298 imagi-

2533 2334 2656 2373 nem
2688 2321 2981 2389 quamdam
3017 2320 3252 2376 fortasse
3282 2323 3578 2391 intelliges.
3626 2320 3739 2391 Ego
3780 2321 3924 2375 enim
3966 2319 4116 2373 fero-

2530 2410 2882 2464 cissimorum
2938 2427 3207 2480 equorum
3255 2414 3308 2467 in
3352 2429 3557 2467 morem
3613 2413 3844 2481 pedibus
3895 2412 4117 2480 quidem

846 2504 1021 2557 solum
1054 2504 1212 2569 ferio,
1259 2519 1323 2559 ac
1358 2504 1573 2559 frenum
1643 2504 1838 2571 exedo,
1907 2514 1963 2559 et
2007 2520 2171 2560 aures
2233 2504 2411 2574 erigo,
2480 2512 2642 2572 atque
2693 2503 2934 2557 furorem
2987 2521 3017 2559 e
3074 2507 3302 2560 naribus
3351 2508 3521 2576 spiro,
3568 2522 3861 2575 aciemque
3910 2506 4117 2559 vultum

848 2594 1098 2664 praifero,
1129 2609 1193 2648 ac
1223 2609 1418 2666 spuma
1448 2610 1814 2666 conspergor:
1851 2594 2212 2650 nihilominus
2242 2601 2427 2649 tamen
2465 2594 2610 2648 intra
2642 2595 2922 2648 cancellos
2987 2611 3202 2657 maneo,
3236 2597 3353 2666 lege
3424 2596 3682 2650 nimirum
3724 2594 3981 2650 currendi
4017 2608 4116 2663 po-

844 2692 1099 2741 testatem
1133 2688 1265 2741 mihi
1296 2688 1521 2742 minime
1552 2687 1809 2743 faciente.

916 2799 982 2851 Τί
1006 2796 1135 2863 οὖν;
1163 2800 1353 2870 ἐπειδὴ
1392 2801 1567 2855 ταῦτα
1593 2802 1743 2855 δοκεῖ
1763 2803 1899 2872 (Η),
1927 2803 1981 2855 τί
2002 2803 2315 2874 ,δράσομενς
2353 2803 2425 2855 Ἦ

844 2890 1160 2942 παντάπασι
1195 2890 1607 2960 καταϐαλοῦμεν
1631 2895 1753 2955 τοὶς
1782 2892 1995 2959 λόγους,
2030 2895 2124 2945 καὶ
2154 2895 2329 2963 σιωπῇ
2357 2892 2425 2944 τὰ

849 2980 919 3033 σὰ
964 2979 1381 3050 θαυμασόμεθα,
1428 2983 1692 3052 παρέντες
1732 2984 1936 3053 ἑτέροις
1973 2984 2070 3054 τὴν
2111 2985 2423 3054 εὐφημίαν;

847 3073 920 3126 Οὐ
954 3075 1053 3144 μὲν
1099 3070 1210 3127 οὖν.
1258 3074 1397 3127 Ἀλλ’
1424 3074 1570 3127 ἄλλοι
1618 3078 1717 3145 μὲν
1755 3077 1925 3131 τᾶλλα
1971 3078 2079 3129 τῶν
2120 3079 2227 3130 σῶν
2266 3078 2426 3149 εὐφη-

2603 2791 2741 2857 Quid
2802 2791 3004 2861 igitur?
3059 2790 3317 2860 quoniam
3376 2790 3450 2843 ita
3504 2790 3700 2860 placet.
3759 2792 3888 2862 quid
3948 2794 4118 2851 facie—

2534 2888 2695 2937 mus?
2739 2886 2820 2935 An
2854 2884 3080 2936 omnino
3128 2898 3409 2936 sermones
3456 2883 3801 2949 abjicielnus,
3852 2886 4118 2947 tacitique

2534 2980 2657 3024 tuas
2722 2974 2954 3026 virtutes
3012 2972 3450 3034 admirabiu.nr,
3506 2971 3691 3023 laudat
3716 2973 3838 3024 onis
3892 2990 4114 3031 munere

2534 3063 2658 3118 aliis
2704 3064 2937 3117 relicto?
2973 3062 3193 3116 Minime
3243 3065 3507 3132 profecto.
3566 3060 3766 3115 Verum
3817 3066 3908 3117 alii
3957 3082 4113 3133 sane,

851 3164 1115 3233 μούντων,
1157 3166 1238 3217 ὅτι
1274 3166 1339 3218 ἀν
1372 3166 1601 3230 ἕκαστος
1648 3168 1906 3238 βούληταί
1951 3186 2008 3222 τε
2050 3170 2143 3221 καὶ
2182 3169 2424 3239 δύνηται.
2454 3143 2496 3199 C
2532 3165 2693 3224 Ιπυυῑ
2734 3155 2892 3222 Wil's

2072 3170 2143 3221 [αἱ
2182 3143 2424 3239 δύνητναί,
2454 3143 2496 3199 C
2532 3165 2693 3224 prout
2734 3155 3001 3222 cujusque
3033 3156 3289 3207 voluntas
3324 3160 3417 3205 aut
3453 3152 3687 3205 facultas
3731 3156 3938 3216 tulerit,
3974 3155 4113 3211 alias

849 3256 1073 3318 Πάντως
1107 3256 1164 3308 δὲ
1212 3256 1425 3322 πολλοῖς
1462 3259 1714 3329 ἀρκέσεις
1756 3259 1934 3326 λόγοις
1984 3261 2076 3312 καὶ
2115 3260 2424 3329 πανηγύρε-

849 3360 954 3407 σιν,
992 3344 1088 3397 ἐὰν
1122 3344 1288 3415 μέρος
1313 3346 1545 3410 ἕκαστος
1565 3347 1675 3399 τῶν
1711 3347 1817 3401 σῶν
1849 3348 2139 3400 ἀπολαϐὼν
2169 3349 2388 3419 εὐφημῇ
2409 3364 2422 3377 ⁶

847 3435 895 3486 οἱ
929 3433 1049 3503 μὲν,
1077 3434 1177 3504 τὴν
1208 3435 1475 3505 διοίκησιν
1521 3436 1629 3488 τῶν
1657 3436 1874 3500 κοινῶν,
1908 3436 2001 3489 καὶ
2038 3436 2099 3489 τὸ
2132 3438 2190 3489 ἐν
2221 3437 2428 3501 τούτοις

848 3528 1135 3579 εὐσύνετόν
1178 3544 1235 3579 τε
1270 3528 1403 3598 ὁμοῦ
1446 3530 1539 3583 καὶ
1566 3529 1883 3596 φιλόπονον·
1924 3528 2030 3598 (τίς
2068 3528 2179 3597 γὰρ
2208 3528 2240 3599 ἢ
2274 3529 2429 3601 εὑρε-

848 3620 947 3688 τὴς
978 3621 1091 3690 (75)
1126 3619 1217 3672 τοῦ
1257 3620 1468 3682 δέοντος
1511 3619 1907 3692 τεοριμώτερος,
1942 3620 1976 3690 ἢ
2022 3619 2330 3673 ἐπιτελέσαι
2366 3620 2428 3671 τὸ

849 3709 1072 3778 εὑρεθὲν
1104 3710 1483 3780 ἐνεργέστερος
1505 3711 1543 3780 ;)
1581 3712 1632 3763 οἱ
1661 3711 1716 3763 δὲ
1748 3711 1848 3779 τῆς
1886 3712 2040 3782 δίκης
2075 3710 2144 3764 τὰ
2168 3711 2425 3772 τάλαντα,

852 3800 943 3852 καὶ
977 3800 1052 3862 ὼς
1092 3800 1195 3851 ὑπὸ
1228 3800 1463 3871 λαμπρῴ
1495 3801 1572 3870 τῷ
1601 3802 1739 3869 φωτὶ
1761 3800 2056 3871 διακρίνεις
2090 3802 2190 3864 τὰς
2221 3801 2425 3872 ἔριδας,

852 3894 1053 3962 ὑψηλὸς
1105 3884 1323 3962 ὑψηλῶς
1372 3894 1744 3963 ὲμπομπεύων
1777 3894 1893 3964 (74)
1925 3897 1991 3963 τῇ
2039 3894 2236 3965 θέμιδι.
2261 3894 2334 3946 Τὸ
2370 3895 2427 3947 δὲ

854 3987 944 4041 σὺν
979 3986 1149 4053 ξίφος,
1186 3986 1413 4055 φοϐερὸν
1442 3986 1557 4056 μὲν,
1593 3987 1668 4049 ὼς
1703 3985 1906 4055 πλῆξον
1928 4004 1943 4018 ο
1977 3986 2051 4049 ὼς
2074 3985 2131 4038 δὲ
2172 3987 2231 4039 οὗ
2256 3987 2430 4056 πλῆσ-

853 4097 965 4141 σον,
1017 4077 1290 4146 ἀνάθημα.
1346 4078 1582 4146 Κρατεῖς
1633 4076 1741 4148 γὰρ
1788 4076 1850 4129 οὐ
1902 4076 1983 4147 τῷ
2016 4076 2129 4149 (75)
2178 4078 2427 4140 κολάζειν

852 4168 1285 4239 ἁμαρτάνοντας,
1334 4167 1470 4221 ἀλλά
1512 4168 1590 4238 τῷ
1632 4167 1953 4230 σπουδάζειν
1988 4169 2135 4231 ὅπως
2178 4169 2297 4221 οὐδὲ
2329 4171 2426 4241 τὴν

853 4261 1028 4331 ἀρχὴν
1066 4260 1502 4329 ἁμαρτήσονται·
1537 4259 1633 4311 καὶ
1672 4258 1750 4329 τῷ
1787 4261 1995 4322 πάντας
2033 4260 2297 4330 ἡττᾶσθαι
2329 4262 2426 4331 τῆς

855 4351 955 4418 σῆς
982 4351 1220 4413 διανοίας
1247 4350 1427 4412 πλέον,
1458 4349 1489 4419 ἢ
1514 4349 1614 4418 τῆς
1649 4349 1756 4401 τῶν
1785 4349 1959 4402 ἄλλων
1990 4349 2324 4413 δυναστείας,
2351 4344 2426 4402 ὧν

2532 3247 2794 3299 virtutum
2825 3254 3043 3298 tuarum
3082 3254 3266 3313 partes
3299 3244 3552 3297 laudibus
3580 3246 3814 3297 evehunt
3865 3244 4108 3301 Omnino

2529 3348 2712 3394 autem
2746 3341 2932 3393 multis
2965 3341 3316 3394 sermonibus
3349 3349 3511 3407 atque
3542 3340 3905 3394 concionibus
3947 3339 4114 3395 suffe-

2530 3434 2695 3497 ceris,
2723 3433 2768 3488 si
2804 3436 3042 3502 quisque
3070 3443 3279 3500 partem
3315 3440 3474 3483 tuaru
3503 3450 3531 3482 ιι
3566 3431 3785 3484 laudum
3823 3432 4115 3487 celebran-

2528 3524 2653 3577 dam
2702 3531 2989 3577 assumat:
3038 3524 3129 3576 alii
3179 3523 3438 3577 nimirum
3485 3523 3829 3592 puhlicorum
3863 3526 4110 3592 negotio.

2528 3630 2652 3667 rum
2693 3614 3244 3675 administrationem.
3279 3623 3444 3683 atque
3496 3615 3548 3668 in
3584 3615 3672 3668 his
3730 3615 3930 3683 ingenii
3976 3630 4113 3669 aeu-

2530 3722 2651 3759 men
2698 3706 2862 3760 simul
2892 3714 2946 3759 et
2998 3706 3351 3769 industriam;
3388 3708 3535 3775 (quis
3574 3707 3718 3760 enim
3750 3715 3856 3769 est,
3882 3708 3975 3776 qui
4015 3714 4113 3761 aut

2530 3797 2607 3860 id,
2640 3797 2783 3866 quod
2830 3798 2882 3850 in
2918 3812 3029 3852 rem
3067 3798 3307 3849 futurum
3344 3799 3437 3858 sit.
3482 3799 3824 3866 ingeniosius
3882 3810 3936 3852 et
3971 3814 4108 3854 acu-

2532 3890 2643 3943 tius
2669 3891 2932 3953 invcniat,
2960 3900 3071 3956 aut,
3102 3890 3246 3960 quod
3281 3891 3558 3945 inventum
3605 3901 3710 3955 est,
3746 3892 3952 3961 majore
3978 3894 4110 3948 dili-

2528 3983 2710 4053 gentia
2742 3991 2795 4036 et
2820 3981 3087 4036 industria
3131 3983 3534 4052 exsequatur?)
3588 3983 3677 4035 alii
3712 3983 3947 4050 justitise
3990 3984 4108 4038 lan—

2527 4088 2642 4137 ces,
2678 4081 2732 4129 et
2762 4089 2872 4143 quo
2913 4083 3073 4143 pacto
3116 4075 3263 4128 velut
3306 4075 3409 4128 sub
3444 4076 3591 4127 clara
3627 4074 3746 4128 luce
3786 4082 4110 4130 controver-

2527 4166 2640 4220 sias
2677 4166 2975 4235 disceptas.
3011 4165 3287 4227 sublimis.
3336 4165 3556 4219 sublimi
3600 4180 3795 4235 pompa
3831 4166 4108 4235 justitiam

2527 4264 2833 4310 ostentans.
2886 4254 3038 4309 Tuus
3090 4266 3270 4309 autem
3329 4255 3542 4324 gladius
3584 4264 3844 4309 terrorem
3886 4257 4107 4326 quidem

2527 4346 2702 4409 affert,
2741 4354 3001 4415 tanquam
3040 4362 3408 4416 percussurus
3437 4366 3449 4402 :
3490 4357 3751 4415 tanquam
3779 4355 3961 4402 autem
3994 4364 4107 4404 non

853 4444 887 4513 ἡ
921 4442 1194 4513 θρασύτης
1234 4444 1295 4496 τὸ
1324 4445 1583 4513 ’ἐννομον.
1629 4442 1811 4494 ’Ἄλλοι
1858 4441 2287 4511 θαυμαζέτωσαν
2328 4441 2423 4494 τοῦ
2458 4474 2499 4526 D
2528 4438 2863 4506 percutiens.

2062 4441 2287 4504 ζέτωσαν
2328 4441 2423 4494 τοῦ
2458 4474 2499 4526 D
2528 4438 2863 4506 percutiens.
2917 4438 3157 4490 votivum
3195 4438 3398 4491 donum
3436 4448 3541 4491 est.
3582 4436 3915 4493 Potestatcm
3956 4441 4103 4494 enim

853 4534 1011 4602 λόγου
1044 4535 1103 4587 τὸ
1133 4537 1330 4604 κράτος
1350 4552 1363 4564 ·
1397 4535 1445 4586 ει
1474 4534 1531 4587 δὲ
1560 4533 1757 4603 βούλει,
1783 4533 1943 4600 λόγου
1977 4534 2085 4585 πᾶν
2120 4528 2278 4594 εἶδος,
2301 4533 2425 4584 ὅσον

853 4644 911 4681 τε
940 4628 1018 4685 εἰς
1048 4626 1225 4696 κρίσιν
1265 4626 1389 4695 ἥκει
1424 4625 1532 4678 τῶν
1562 4624 1887 4694 λεγομένων,
1928 4624 2021 4676 καὶ
2062 4623 2184 4676 ὅσον
2225 4623 2305 4685 εἰς
2329 4625 2428 4694 τὴν

926 4798 1038 4867 (65)
1074 4799 1877 4868 Τιφρηνικὰψησάλπιγτας.
1908 4797 2203 4868 Tyrrhena:
2232 4798 2425 4851 dicun-

853 4877 944 4921 tur
970 4870 1133 4939 tuhre.
1164 4871 1291 4937 quia
1331 4871 1477 4938 ipsas
1508 4867 1775 4939 Tyrrhi-ni
1809 4867 2082 4939 invenisse
2105 4875 2420 4939 narrantur.

927 4938 1036 5004 (66)
1075 4936 1233 4991 Κατὰ
1288 4936 1603 5005 Πίνδαροᾶο.
1639 4937 1793 5005 Apud
1832 4938 2145 4999 Pimlarum,
2185 4936 2420 5005 Olymp,

854 5008 945 5060 od.
988 5024 1279 5078 Viilavers.
1323 5008 1411 5065 73.
1445 5008 1515 5061 ita
1546 5008 1781 5078 legitur;
1816 5007 1903 5078 Μὴ
1931 5007 2139 5077 βαλέτω
2182 5024 2248 5077 με
2291 5006 2422 5078 λίθῳ

852 5080 1047 5146 τραχεῖ
1072 5077 1283 5144 φθόνος,
1329 5094 1392 5130 ne
1433 5078 1588 5144 feriat
1633 5093 1713 5129 me
1762 5077 2167 5157 lapideaspero
2201 5077 2417 5130 invidia.

857 5146 960 5197 Pro
993 5147 1202 5213 φθόνος,
1257 5146 1553 5213 Gregorius
1601 5146 1807 5213 Μώμον
1845 5146 2115 5207 adhibuit.
2171 5147 2265 5213 qui
2308 5145 2417 5199 Μο-

1096 5165 1202 5207 νος,
1257 5165 1553 5207 UTCKOI'IIIS
1602 5165 1807 5207 Μωμον
1845 5165 2115 5207 ιιιιιιιυιιιι,
2171 5165 2265 5207 σιιιι
2308 5165 2422 5199 Μο-

857 5162 960 5197 rro
993 5162 1202 5213 φυονος,
1257 5162 1553 5215 oregorius
1602 5162 1807 5267 Mi-qmv
1845 5162 2115 5207 auuinmt.
2171 5162 2265 5213 qui
2308 5162 2417 5199 iuo-

857 5230 981 5270 mus
1004 5231 1031 5266 a
1066 5217 1237 5284 poetis
1266 5217 1403 5270 deus
1431 5215 1672 5285 fingitur.
1730 5215 1878 5282 lujus
1901 5223 2109 5269 natura:
2136 5217 2417 5285 proprium

853 5301 975 5355 esse
1020 5285 1220 5355 ferunt,
1254 5286 1430 5355 ipsum
1465 5284 1682 5354 quidem
1721 5286 1853 5339 nihil
1893 5286 2076 5355 operis
2106 5284 2288 5355 edere.
2324 5286 2418 5338 sed

855 5353 1085 5407 aliorum
1115 5353 1343 5408 deorum
1371 5370 1534 5422 opera
1558 5356 1796 5409 curiosis
1820 5354 1997 5407 oculis
2020 5354 2374 5421 contemplari
2402 5372 2416 5420 ;

851 5430 905 5493 et
936 5424 979 5476 si
1018 5425 1145 5493 quid
1175 5433 1260 5479 est
1280 5424 1544 5477 omissum
1572 5433 1666 5477 aut
1695 5439 1977 5493 perperam
2012 5424 2236 5483 factum.
2271 5424 2321 5475 id
2353 5425 2413 5475 li-

854 5491 1048 5562 berius
1088 5495 1515 5559 reprehendere;
1573 5491 1716 5547 unde.
1757 5491 1953 5546 nomen
2006 5493 2250 5562 accepit;
2290 5508 2414 5546 nam

853 5560 1043 5630 μῶμος
1070 5562 1254 5616 Graece
1277 5564 1547 5630 significat
1581 5564 2048 5630 reprehensionem.

923 5630 1033 5701 (67)
1063 5635 1129 5684 Ei
1154 5632 1239 5699 μὴ
1262 5631 1372 5699 τῆς
1398 5632 1631 5698 σιωπῆς
1649 5634 1871 5699 amp/ar
1901 5632 2412 5700 κατεψηφίσαμεν.

852 5697 990 5752 Male
1018 5697 1183 5753 vertit
1217 5697 1426 5757 Billius.
1477 5697 1589 5754 m'si
1615 5697 1796 5769 effetas
1845 5718 1987 5755 meas
2031 5697 2163 5755 uires
2202 5697 2413 5754 silentio

852 5770 1208 5825 mulctauem.
1246 5770 1363 5823 Non
1418 5773 1561 5841 enim
1608 5771 1904 5841 Gregorius
1951 5773 2061 5836 agit
2118 5771 2186 5824 de
2238 5771 2413 5825 olli-tis

853 5840 1055 5893 viribus
1098 5842 1235 5903 suis,
1275 5841 1369 5895 sed
1402 5841 1469 5893 de
1503 5839 1700 5895 Juliani
1728 5839 2016 5912 Apostatze
2060 5851 2301 5909 tempore
2338 5844 2406 5893 ad

2531 4530 2721 4591 habes,
2772 4546 2879 4583 non
2914 4539 2973 4582 ut
3013 4531 3065 4582 in
3108 4540 3399 4599 peccantes
3442 4529 3868 4593 animadvertas,
3917 4531 4010 4584 sed
4050 4531 4102 4583 id

2529 4620 2674 4675 serio
2699 4636 2866 4690 agens
2889 4637 2956 4675 ne
2990 4622 3215 4675 omnino
3246 4631 3504 4689 peccent;
3530 4628 3583 4674 et
3610 4620 3739 4689 quia
3770 4636 3965 4677 omnes
3995 4629 4105 4675 tua

2528 4797 2859 4867 loquendum
2898 4799 3078 4853 minus
3115 4799 3311 4867 idoneo

2597 4865 2708 4936 (68)
2737 4870 2944 4921 Κόπτω
2980 4871 3097 4937 μὲν
3141 4865 3287 4922 οἷον.
3324 4871 3401 4921 ita
3441 4867 3773 4937 Rogamus,
3818 4879 3872 4923 et
3908 4868 3997 4923 ed.
4029 4869 4098 4923 ad

2524 4934 2697 5005 marg.
2731 4937 2865 4991 Male
2900 4939 2952 5007 in
2982 4934 3132 4991 textu
3163 4941 3378 4992 κόπτων
3414 4940 3509 5007 μὲν
3529 4934 3627 4993 οὖν
3655 4934 3784 4993 οἷον.

2596 5007 2704 5078 (69)
2759 5006 2939 5074 Ἁφρῷ
2981 5007 3307 5075 βάλλομηι.
3352 5006 3560 5071 “illius,
3606 5025 3791 5077 spuma
3834 5009 4097 5078 impellor.

2594 5077 2705 5146 (70)
2749 5078 3104 5148 lin-aliaue.
3132 5079 3205 5130 Ita
3242 5079 3403 5148 llegg.
3447 5083 3576 5141 duo,
3612 5088 3666 5132 et
3702 5081 3788 5134 ed.
3822 5080 3889 5133 ad
3912 5077 4091 5143 inarg.

2526 5146 2663 5200 Male
2694 5148 2746 5200 in
2776 5153 2929 5199 textu
2962 5147 3256 5216 κιγηλίδος.

2590 5217 2703 5283 (71)
2736 5218 2861 5288 οὐκ
2907 5216 3196 5288 ἐφιέντος.
3239 5219 3314 5270 ita
3367 5216 3499 5288 Reg.
3549 5234 3714 5273 unus.
3766 5218 3865 5272 Ed.
3913 5218 4097 5274 minus

2522 5286 2662 5339 bene
2693 5286 2792 5337 οὐκ
2827 5286 3097 5352 ἀφιέντος.

2591 5355 2702 5428 (7'2)
2731 5354 2921 5428 Ταῦτα
2944 5354 3414 5428 δοκεῖκιιιι-Βιᾟε.
3442 5359 3573 5412 duo.
3605 5356 3701 5410 Ed.
3725 5357 3896 5428 ταύτῃ
3922 5357 4089 5428 δοκεῖ.

2590 5424 2701 5497 (7})
2732 5427 2809 5497 "_II
2830 5423 3093 5497 isi-panic.
3134 5424 3207 5477 Ita
3241 5423 3405 5497 nega
3442 5430 3641 5495 plures.
3667 5428 3721 5479 In
3751 5430 3836 5481 ed.
3860 5423 4012 5480 deest
4030 5427 4088 5497 ἡ.

2588 5493 2701 5562 (74)
2748 5495 3195 5565 ξιῂιπομπεύων.
3255 5493 3336 5548 Ita
3384 5493 3513 5565 Reg.
3570 5513 3729 5557 unus.
3766 5506 3819 5551 et
3882 5497 3967 5549 ed.
4020 5493 4091 5551 ad

2519 5579 2690 5636 marg.
2725 5562 2887 5636 Male
2922 5566 2975 5616 in
3017 5571 3166 5618 textu
3222 5562 3567 5636 ἐμποπεῦιοιν.
3626 5566 3742 5619 Mox
3792 5567 3851 5620 τὸ
3887 5565 3943 5617 δὲ
3996 5566 4092 5619 σὺν

2518 5632 2687 5707 ξίφος.
2725 5634 2798 5685 Ita
2814 5631 2956 5707 ~(leg.
2982 5649 3145 5699 unus,
3176 5642 3230 5689 et
3257 5631 3359 5689 ‘ed.
3389 5639 3453 5690 ad
3492 5653 3661 5707 marg.
3696 5638 3828 5689 Male
3857 5639 3908 5688 in
3939 5644 4089 5690 textu

2514 5701 2576 5754 τὸ
2606 5702 2661 5754 δέ
2688 5719 2769 5753 σοι
2809 5702 2976 5770 ξίφος.

2519 5841 2529 5851 _
2586 5771 2707 5851 (A75),
2730 5773 2811 5824 Οὐ
2834 5772 2936 5851 τιῖι.
2975 5773 3048 5826 Ita
3077 5771 3205 5843 Reg.
3240 5787 3401 5833 unus.
3435 5781 3488 5829 ct
3534 5775 3620 5831 ed.
3650 5775 3716 5830 ad
3752 5790 3919 5845 marg.
3955 5772 4092 5827 Male

2520 5843 2571 5894 in
2602 5849 2751 5896 textu
2789 5843 2953 5895 αὑτῶ.
