4358 6480
334 448 395 507 tu
1727 443 2059 501 EPISTULA
2104 444 2191 499 XI.
3523 444 3592 501 Β

333 586 427 632 τας
458 566 591 637 (88).
640 565 780 618 Ἀνο“
814 558 889 618 ὧν
920 563 1223 634 ἐπεύχομαί
1257 581 1358 628 σοι,
1387 564 1494 618 τῶν
1536 562 1633 633 μὲν
1661 564 1740 626 εὶς
1770 563 1911 616 εὐδο-
1940 579 1982 631 Α
2019 571 2054 614 t:

1866 580 1911 615 ο-
1940 579 1982 631 Α
2019 561 2300 630 tantisque
2353 557 2537 624 rebus,
2575 574 2713 630 quas
2745 562 2908 630 geris,
2942 561 3045 617 hoc
3078 563 3173 616 otit
3210 573 3480 633 superest,
3529 578 3587 620 ut

335 660 451 726 ξίαν
486 660 597 727 (39)
634 657 815 728 μεῖζον
846 657 996 710 οὐδὲν
1027 655 1152 723 (κᾶν
1197 656 1307 725 γὰρ
1339 655 1661 725 προσθήκην
1691 656 1722 724 ἢ
1762 655 1905 726 ἀρχὴ

334 751 493 822 λάϐῃ,
524 752 621 820 τήν
648 765 710 817 γε
740 747 938 819 ἀρετὴν
967 746 1152 800 λαϐεῖν
1182 750 1281 800 οὐκ
1322 746 1570 813 ἔνεστιν),
1608 746 1665 799 ἓν
1702 747 1759 798 δὲ
1786 747 1909 799 ἀντὶ

332 845 548 897 πάντων
574 842 667 894 καὶ
717 840 990 910 μέγιστον,
1022 839 1275 907 γενέσθαι
1305 837 1421 907 μεθ’
1454 838 1610 907 ἡμῶν
1653 854 1786 891 ποτε
1814 839 1909 890 καὶ

331 930 487 986 Θεοῦ.
520 930 614 981 καὶ
651 930 749 998 τῆς
799 928 909 980 τῶν
950 926 1300 996 διωκομένων
1344 921 1481 979 εἶναι
1522 925 1759 996 μερίδος,
1816 926 1910 978 καὶ

335 1024 407 1093 μὴ
440 1022 540 1091 τῆς
582 1020 687 1073 τῶν
716 1021 1054 1073 διωκόντων·
1085 1017 1273 1087 ἐπειδὴ
1301 1017 1362 1069 τὸ
1394 1020 1491 1087 μὲν
1530 1015 1721 1085 καιροῦ
1771 1018 1910 1086 φορᾷ

333 1112 733 1183 παρασύρεται,
766 1110 829 1162 τὸ
853 1110 911 1162 δὲ
940 1107 1207 1162 ἀθάνατον
1240 1106 1353 1176 ἔχει
1380 1104 1477 1175 τὴν
1510 1105 1803 1175 σωτηρίαν.

2008 668 2115 706 non
2150 651 2312 705 modo
2342 652 2642 705 amicormn
2679 653 3015 718 memineris,
3052 654 3145 709 sed
3174 656 3337 709 etiam
3377 670 3473 711 eos
3496 675 3592 726 per

2005 742 2219 797 litteras
2260 742 2466 796 honore
2508 744 2732 806 alﬁcias,
2768 758 3117 815 amoremque
3160 761 3224 799 ac
3257 748 3589 803 desiderium

2008 834 2350 897 conﬁtearis,
2398 834 2763 903 absentesque
2802 836 2867 889 ad
2910 847 2962 890 te
2998 838 3301 905 pertrahas.
3335 837 3439 893 Pro
3468 843 3592 910 qui-

2009 925 2111 979 bus
2150 924 2410 977 omnilms
2454 925 2618 979 rebus
2651 926 2753 979 hoc
2791 926 2885 979 tibi
2930 936 3079 997 Opto,
3122 944 3229 982 non
3272 937 3330 982 ut
3374 931 3439 984 ad
3466 934 3591 1001 ‘glo.

2010 1016 2146 1067 riam
2192 1015 2446 1069 cumulus
2482 1016 2681 1084 aliquis
2714 1016 2937 1070 accedat
2983 1018 3257 1089 (quamvis
3301 1022 3449 1075 enim
3511 1023 3593 1076 in-

2008 1116 2345 1159 crementum
2380 1106 2616 1176 accipiat
2658 1107 2970 1175 imperium,
3006 1119 3186 1163 tamen
3233 1111 3299 1164 ad
3332 1112 3590 1165 virtutem

333 1207 467 1258 nihil
498 1206 621 1259 addi
653 1204 876 1273 potest),
911 1218 1099 1255 verum
1134 1216 1234 1271 pro
1263 1202 1520 1254 omnibus
1564 1198 1617 1252 id
1649 1212 1816 1251 unum
1860 1211 1923 1251 ac
1974 1200 2293 1264 maximum,
2353 1208 2411 1253 ut
2451 1200 2518 1252 ad
2563 1208 2779 1254 nostras
2820 1199 3025 1270 Deique
3071 1211 3255 1271 partes
3296 1202 3590 1272 aliquando

333 1308 385 1351 te.
422 1299 699 1360 conferas,
749 1306 912 1366 atque
957 1296 1026 1349 ab
1069 1296 1136 1348 iis
1168 1304 1301 1357 stes,
1341 1294 1434 1362 qui
1476 1293 1914 1363 persecutionem
1954 1294 2260 1362 patiuntur,
2328 1309 2439 1345 non
2491 1299 2671 1346 autem
2717 1293 2785 1346 ab
2837 1293 2925 1358 iis,
2971 1295 3064 1362 qui
3127 1309 3247 1346 eam
3299 1294 3586 1349 inferunt:

329 1395 773 1467 quandoquidem
808 1394 910 1447 hoc
939 1391 1157 1463 quidem
1205 1390 1470 1460 temporis
1505 1404 1671 1444 cursu
1706 1389 2054 1454 distrahitur,
2087 1389 2217 1443 illud
2256 1397 2439 1442 autem
2476 1388 2841 1441 immortalem
2870 1390 3101 1443 salutem
3135 1390 3316 1444 habet.

644 1512 744 1564 lA'.
787 1510 1121 1578 rrnrorte
1160 1507 1430 1560 erxn:
1465 1506 1596 1575 (ου).

2372 1503 2461 1557 XI.
2502 1501 2854 1557 GREGOBIO
2892 1502 3232 1558 NYSSENO.

404 1622 599 1677 Eodem
623 1625 832 1676 circiter
855 1632 1081 1688 tempore
1112 1623 1307 1689 scripta
1343 1618 1545 1673 videtur
1573 1619 1798 1686 epistola
1836 1619 1903 1669 ad
1946 1616 2278 1685 Gregorium,
2319 1618 2513 1671 Basilii
2542 1618 2784 1686 fratrem,
2814 1634 2965 1685 quem
3000 1620 3195 1670 acriter
3234 1618 3585 1686 reprehendit,

328 1714 389 1750 eo
416 1694 553 1763 quod
581 1695 799 1761 abjectis
827 1694 995 1746 sacris
1038 1688 1223 1751 libris,
1246 1708 1376 1759 quos
1407 1690 1543 1758 plebi
1574 1691 1627 1742 in
1657 1690 1877 1743 ecclesia
1909 1689 2145 1742 lectitare
2180 1688 2402 1753 solebat,
2447 1689 2513 1740 ad
2553 1690 2864 1741 rhetoricum
2909 1688 3279 1756 proﬁtendum,
3329 1706 3431 1741 nun
3474 1690 3591 1741 siue

328 1768 534 1835 piarum
572 1765 875 1833 o/feusione,
917 1780 971 1815 se
1004 1764 1333 1816 contulisset.

404 1885 551 1951 Ἐχω
577 1899 629 1934 τι
657 1880 828 1945 δεξιὸν
860 1883 918 1934 ὲν
950 1883 1014 1951 τῇ
1063 1858 1223 1949 φυσει
1261 1878 1773 1950 (μεγαλαυχήσομαι
1803 1877 1910 1948 γὰρ
1942 1889 1984 1942 Β

326 1973 384 2025 ’ἐν
411 1992 464 2026 τι
491 1973 599 2025 τῶν
622 1972 831 2025 πολλῶν
864 1973 959 2025 καὶ
984 1972 1187 2041 αὑτός)
1219 1972 1422 2041 ὁμοίως
1448 1972 1669 2042 ἐμαυτῴ
1686 1989 1743 2023 τε
1774 1972 1902 2023 δυσ-

327 2066 561 2133 χεραίνω
585 2063 955 2133 βουλευομένῳ
984 2062 1191 2127 κακῶς,
1221 2061 1314 2114 καὶ
1330 2065 1441 2124 τοῖς
1458 2061 1650 2130 φίλοις.
1685 2062 1903 2132 Ἐπειδὴ

324 2158 504 2208 τοίνυν
533 2156 675 2223 φίλοι
716 2155 915 2219 πάντες
950 2153 1195 2223 ἀλλήλων
1240 2154 1332 2206 καὶ
1362 2158 1642 2221 συγγενεῖς
1683 2154 1732 2207 οἱ
1764 2154 1905 2207 κατὰ

326 2248 458 2300 Θεὸν
489 2246 708 2309 ζῶντες,
746 2247 840 2300 καὶ
882 2247 959 2316 τῷ
1001 2244 1151 2315 αὺτῷ
1184 2245 1502 2315 Εὐαγγελίῳ
1544 2244 1901 2315 στοιχοῦντες,

326 2341 378 2391 τί
409 2341 509 2392 ουκ
548 2337 768 2400 ἀκούεις
815 2338 927 2407 (91)
960 2337 1089 2408 παρ’
1120 2337 1276 2406 ἡμῶν
1326 2339 1465 2406 μετὰ
1510 2338 1843 2409 παρρησίας,
1869 2338 1903 2392 ἃ.

326 2430 525 2492 πάντες
581 2429 1089 2501 ὑποψιουρίζουσιν;
1148 2427 1262 2481 Οὐκ
1322 2428 1605 2481 ἐπαινοῖ)σὶ
1662 2447 1754 2481 σου
1808 2430 1903 2500 τὴν

325 2521 508 2585 ἄδοξον
560 2520 823 2586 εὐδοξίαν,
878 2521 943 2572 ἵν’
968 2520 1105 2572 εἴπω
1136 2537 1189 2571 τι
1235 2518 1391 2587 κάγὼ
1438 2520 1558 2573 καθ’
1588 2520 1730 2590 ὑμᾶς
1769 2519 1902 2589 (9‘2),

326 2613 420 2663 καὶ
448 2611 542 2681 τὴν
571 2612 710 2665 κατὰ
759 2611 951 2681 μικρὸν
987 2611 1099 2681 (95)
1123 2610 1215 2662 ἐπὶ
1247 2611 1313 2663 τὰ
1351 2609 1518 2680 χείρω
1566 2611 1761 2683 ῥοπὴν,
1811 2612 1905 2665 καὶ

325 2705 423 2770 τὴν
455 2704 718 2773 κακίστην
768 2702 1058 2773 δαιμόνων,
1094 2703 1162 2773 ἦν
1207 2722 1368 2773 φησιν
1418 2704 1717 2774 Εὐριπίδης
1765 2703 1899 2774 (94),

329 2792 657 2860 φιλοτιμίαν.
685 2793 750 2843 Τί
779 2790 886 2861 γὰρ
911 2790 1117 2853 παθὼν,
1148 2784 1192 2843 ὦ
1225 2792 1525 2859 σοφώτατε,
1550 2793 1646 2845 καὶ
1672 2793 1723 2845 τί
1750 2789 1902 2846 σέαυ-

325 2882 416 2935 τὸν
447 2882 767 2948 καταγνοὺς,
803 2880 901 2943 τὰς
939 2880 1035 2951 μὲν
1072 2880 1221 2950 ἱερὰς
1252 2881 1344 2934 καὶ
1390 2882 1649 2951 ποτίμους
1687 2881 1901 2952 βίϐλους

324 2971 657 3043 ἀπέρριψας,
692 2970 757 3032 ἃς
782 2971 1221 3039 ὑπανεγίνωσκὲς
1255 2989 1383 3025 ποτε
1408 2971 1486 3042 τῷ
1513 2970 1627 3042 λαῷ
1659 2972 1758 3043 (μὴ
1794 2970 1902 3042 γὰρ

324 3064 619 3133 αἰσχυνθῇς
666 3061 776 3132 (95)
808 3062 1065 3131 ἁκούων),
1115 3063 1147 3133 ἢ
1202 3063 1341 3134 ὑπὲρ
1374 3064 1581 3116 καπνοῦ
1628 3063 1898 3130 τέθεικας,

324 3153 398 3216 ὡς
422 3153 491 3204 τὰ
516 3151 750 3222 πηδάλια
777 3152 887 3221 (96)
922 3152 1185 3221 χειμῶνος
1210 3152 1329 3223 ὥρα
1351 3154 1445 3206 καὶ
1473 3153 1570 3217 τὰς
1593 3156 1898 3219 σκαπάνας,

2083 1874 2228 1929 Inest
2257 1872 2391 1927 mihi
2424 1881 2621 1926 natura
2665 1872 2917 1925 dextrum
2971 1871 3176 1940 aliquid
3222 1870 3405 1939 (liceat
3442 1870 3588 1923 enim

2008 1965 2140 2019 mihi
2177 1980 2343 2018 unum
2375 1964 2507 2034 quid
2535 1980 2601 2018 ex
2633 1965 2817 2018 multis
2845 1965 2911 2016 de
2950 1978 3036 2016 me
3062 1963 3410 2032 arrogantius
3446 1979 3585 2032 pric—

2006 2058 2215 2123 dieare)
2246 2077 2257 2111 :
2304 2073 2554 2126 peraeque
2582 2066 2634 2109 et
2664 2058 2791 2109 mihi
2831 2056 3028 2108 malum
3063 2055 3351 2108 consilium
3379 2054 3586 2107 ineunti

2007 2167 2329 2214 suecenseo,
2374 2159 2426 2205 et
2456 2152 2672 2204 amicis.
2713 2150 2984 2214 Quoniam
3017 2150 3201 2216 itaque
3248 2163 3459 2211 omnes,
3492 2150 3586 2217 qui

2006 2242 2309 2298 secundum
2359 2242 2525 2297 Deum
2576 2241 2809 2304 vivunt,
2859 2250 3022 2310 atque
3066 2240 3255 2293 eodem
3314 2238 3587 2310 Evangelii

2006 2337 2227 2390 tramite
2261 2337 2546 2399 incedunt,
2581 2336 2821 2388 amicitia
2875 2343 2928 2388 et
2962 2333 3307 2403 cognationis
3334 2333 3459 2399 jure
3505 2334 3590 2386 in-

2007 2435 2091 2481 ter
2134 2443 2193 2482 se
2223 2428 2465 2481 devincti
2508 2434 2659 2489 sunt,
2705 2427 2835 2494 quid
2882 2442 2989 2479 non
3030 2442 3058 2479 a
3095 2426 3254 2479 nobis
3293 2426 3459 2479 libere
3492 2438 3589 2479 au-

2007 2518 2147 2581 dias,
2184 2532 2304 2585 qute
2351 2531 2544 2571 omnes
2588 2517 3078 2569 subtnurmurant?
3106 2516 3398 2585 lngloriam
3437 2523 3587 2569 tuam

2006 2607 2258 2677 gloriam,
2307 2614 2365 2660 ut
2416 2614 2471 2661 et
2503 2622 2603 2676 ego
2632 2605 2928 2675 quidquam
2972 2621 3123 2660 more
3160 2614 3339 2661 vestro
3373 2606 3584 2675 loquar,

2008 2697 2231 2751 minime
2264 2696 2510 2759 laudant,
2545 2698 2875 2766 tacitamque
2918 2698 2970 2750 in
3004 2698 3247 2751 deterius
3281 2700 3588 2766 prolapsio.

2008 2803 2153 2853 nem,
2203 2802 2269 2841 ac
2314 2789 2621 2842 dmmonum
2673 2790 2986 2857 pessimam,
3034 2796 3092 2841 ut
3143 2789 3219 2841 ait
3278 2790 3584 2857 Euripides,

2004 2878 2379 2933 ambitionem.
2415 2878 2557 2944 Quid
2590 2879 2734 2932 enim
2763 2878 2858 2931 tibi
2906 2880 3129 2941 accidit,
3162 2880 3245 2932 vir
3288 2881 3582 2949 Sapientis-

2005 2970 2181 3034 sime,
2244 2970 2487 3040 quidquc
2520 2970 2618 3024 tibi
2660 2971 2711 3023 in
2758 2970 2931 3040 teipso
2966 2971 3266 3040 displicuit,
3306 2982 3363 3026 ut
3412 2974 3585 3027 sacris

2004 3062 2115 3115 illis
2154 3062 2609 3131 suavissimisque
2654 3061 2829 3123 libris,
2873 3078 3013 3132 quos
3058 3063 3332 3133 quondam
3385 3066 3586 3135 populo

2005 3153 2291 3208 Iectitahas
2327 3160 2459 3221 (non
2494 3155 2640 3208 enim
2692 3155 2805 3207 ha:c
2835 3155 3065 3208 audiens
3095 3157 3440 3226 erubescas),
3473 3159 3586 3210 cal-

322 3244 421 3307 τὰς
460 3245 515 3296 δὲ
546 3244 793 3315 ἁλμυρὰς
829 3246 920 3297 καὶ
960 3244 1194 3307 ἁπότους
1236 3248 1611 3316 μετεχειρίσω,
1667 3248 1761 3300 καὶ
1804 3250 1903 3319 ρήο
1927 3240 1969 3295 C
2003 3262 2043 3299 e:

1864 3269 1903 3319 ι.
1927 3240 1969 3295 C
2003 3247 2143 3299 catis
2177 3255 2341 3316 atque
2372 3246 2652 3315 proiectis,
2692 3247 2972 3300 autetiam
3006 3248 3072 3300 ad
3116 3247 3321 3302 fumum
3356 3265 3585 3319 suspen—

322 3354 435 3407 τωρ
461 3336 679 3388 ἀκούειν
711 3335 927 3404 μᾶλλον,
954 3335 986 3405 ἢ
1021 3337 1343 3405 Χριστιανὸς
1370 3337 1671 3406 ἡϐἐλησαςς
1709 3338 1899 3407 Ἡμεῖς

320 3428 377 3479 δὲ
407 3428 565 3480 τοῦτο
621 3427 839 3498 μᾶλλον.
886 3429 1029 3497 ἤπερ
1077 3429 1273 3489 έκεῖνο,
1315 3428 1409 3481 καὶ
1458 3432 1608 3482 πᾶσα
1657 3429 1734 3499 τῷ
1777 3429 1897 3499 θεῴ

321 3520 497 3590 χάρις.
533 3520 625 3590 Μὴ
659 3519 721 3571 σύ
748 3536 832 3586 γε,
875 3513 920 3571 ὦ
957 3518 1172 3587 ἄριστε,
1206 3519 1280 3589 μὴ
1310 3520 1400 3572 ἐπὶ
1441 3520 1575 3572 πολὺ
1604 3521 1715 3590 (97)
1738 3521 1896 3574 τοῦτο

324 3610 523 3681 πάθῃς,
581 3610 694 3662 ἀλλ’
733 3609 966 3680 ἔκνηψον
1016 3609 1112 3678 ὀψὲ
1165 3610 1314 3676 γοῦν,
1358 3611 1452 3663 καὶ
1497 3611 1632 3681 πρὸς
1670 3614 1894 3665 σεαυτὸν

323 3704 603 3768 ὲπάνελϐε,
648 3704 743 3756 καὶ
783 3703 1121 3772 ἀπολόγησαι
1151 3703 1249 3771 μὲν
1292 3704 1523 3765 πιστοῖς,
1558 3703 1896 3773 ἀπολόγησαι

319 3792 376 3845 δὲ
403 3792 542 3861 θεῷ,
580 3794 672 3845 καὶ
714 3792 1140 3863 θυσιαστηρξοις,
1180 3792 1273 3843 κα)⁵
1323 3792 1662 3867 μυστηρίοις,
1701 3792 1793 3859 ἀφ’
1821 3786 1896 3844 ὧν

322 3885 654 3954 ἑμάκρυνας.

2008 3340 2110 3401 sis,
2132 3354 2237 3391 non
2264 3354 2423 3392 secus
2451 3348 2613 3406 atque
2646 3338 2867 3391 navium
2896 3338 3281 3407 gubernaculis
3312 3352 3363 3395 et
3394 3343 3586 3411 ligoni-

2006 3430 2108 3482 bus
2145 3429 2339 3483 hiemis
2370 3437 2635 3497 temporc,
2679 3430 2857 3483 salsos
2892 3442 2945 3485 et
2976 3434 3347 3488 amarulentus
3392 3436 3443 3487 in
3481 3452 3587 3487 tua-

2005 3538 2109 3575 nus
2137 3522 2465 3590 sumpseris,
2502 3536 2567 3574 ac
2598 3520 2780 3575 rhetor
2814 3524 3021 3585 vocari,
3054 3538 3216 3593 quam
3241 3525 3583 3579 Christianus

2003 3612 2304 3685 malueris?
2343 3610 2454 3666 Nos
2482 3621 2673 3666 contra
2719 3612 2822 3666 hoc
2855 3616 3059 3683 potius.
3092 3631 3257 3681 quam
3291 3616 3447 3679 illud,
3491 3636 3586 3671 eo-

2002 3720 2109 3773 que
2140 3705 2362 3758 nomine
2390 3706 2683 3759 maximam
2721 3704 2831 3759 Deo
2866 3709 3099 3775 gratiam
3143 3708 3336 3763 habeo.
3371 3709 3585 3781 Nequa-

2003 3809 2168 3864 quam
2198 3810 2407 3864 quaaso,
2448 3811 2481 3848 ο
2524 3799 2749 3863 optime,
2791 3812 2861 3850 ne
2895 3796 3103 3851 diutius
3138 3801 3321 3854 animo
3347 3802 3419 3854 ita
3453 3801 3583 3856 alle-

2005 3895 2129 3939 ctus
2166 3886 2279 3951 sis;
2324 3903 2535 3951 verum,
2585 3889 2763 3943 serius
2813 3889 3058 3958 quidem,
3104 3894 3199 3946 sed
3243 3902 3446 3958 tamen,
3492 3897 3586 3951 ali-

320 3976 538 4047 quando
572 3978 856 4047 rcsipisce,
888 3987 1053 4046 atque
1105 3977 1171 4030 ad
1224 3983 1279 4030 te
1335 3976 1472 4042 redi,
1509 3985 1669 4046 teque
1710 3985 1764 4031 et
1815 3978 1922 4047 piis
1985 3980 2301 4036 hominibus
2357 3983 2569 4051 ﬁdeque
2610 3985 2853 4053 praeditis
2903 4002 3095 4057 purga,
3137 3994 3191 4041 et
3239 3988 3369 4054 Deo,
3419 4001 3583 4062 atque

320 4070 605 4130 altaribus,
634 4078 688 4122 et
728 4071 1027 4138 mysteriis,
1061 4083 1091 4121 a
1128 4070 1329 4137 quibus
1359 4078 1411 4123 te
1455 4070 1643 4139 procul
1678 4070 2028 4124 submoristi.

392 4162 497 4214 Καὶ
528 4163 601 4231 μή
636 4178 724 4230 μοι
756 4162 823 4213 τὰ
852 4159 1037 4229 κομψὰ
1064 4160 1234 4213 ταῦτα
1264 4162 1357 4213 καὶ
1385 4162 1650 4231 ῥητορικὰ
1680 4163 1899 4231 ῥήματα

321 4253 513 4315 εἴποις
538 4281 609 4291 -
634 4252 697 4303 'I'i
726 4251 815 4314 63';
845 4253 946 4303 οὐκ
970 4250 1363 4321 ἐχριστιάνιζον
1398 4252 1742 4323 ῥητορεύων;
1770 4250 1894 4305 οὔτε

320 4345 375 4397 δὲ
417 4345 563 4414 ήμην
604 4344 795 4405 πιστὸς
832 4346 889 4395 ἐν
924 4347 1035 4405 τοῖς
1079 4344 1457 4413 μειρακίσκοις
1500 4344 1892 4414 στρεφόμενος;

318 4466 388 4477 -
414 4437 509 4487 καὶ
545 4435 673 4497 ἴσως
707 4438 1056 4507 ἐπιμαρτυρῇ
1088 4436 1241 4492 Θεόν.
1284 4435 1573 4504 υὺδαμῶς,
1605 4430 1650 4488 ὦ
1679 4436 1892 4505 θαυμά-

322 4545 422 4588 στε,
450 4526 645 4579 οὔκουν
673 4528 794 4578 ὅσον
833 4528 1000 4588 εἰκὸς,
1032 4530 1079 4578 εἰ
1108 4528 1200 4579 καὶ
1238 4527 1405 4597 μέρος
1437 4544 1489 4579 τι
1516 4511 1755 4596 δοίήμεν.
1784 4527 1895 4578 Ποῦ
1927 4561 1975 4618 D

318 4620 373 4672 δὲ
407 4619 468 4671 τὸ
499 4620 758 4687 πλήσσειν
792 4619 983 4679 ἄλλους
1021 4617 1081 4681 ἐξ
1110 4614 1183 4670 ὧν
1216 4618 1310 4671 νῦν
1338 4619 1617 4689 πράττεις,
1648 4619 1889 4687 φυσικῶς

321 4711 456 4781 πρὸς
489 4710 548 4763 τὸ
577 4710 743 4762 κακὸν
772 4710 930 4771 ὄντας
970 4709 1367 4779 ἑτοιμοτέρους,
1408 4710 1503 4762 καὶ
1527 4709 1594 4762 τὰ
1625 4712 1792 4780 χείρω
1818 4710 1895 4763 δι-

319 4804 462 4855 δόναι
501 4803 631 4873 περὶ
669 4805 762 4854 σοῦ
790 4803 882 4855 καὶ
922 4802 1168 4853 ὑπονοεῖν
1190 4802 1303 4869 (98)
1334 4801 1428 4853 καὶ
1458 4800 1676 4869 λέγειν;
1714 4801 1898 4853 Ἔστω

392 4937 503 5005 (88)
549 4936 859 5001 Ἀκόναις.
898 4936 973 4990 Ita
1018 4932 1151 5005 Reg.
1186 4949 1347 4988 unus.
1390 4933 1488 4989 Ed.
1529 4934 1669 4988 male
1717 4937 1892 4989 ἃπαν-

318 5024 432 5069 τας,
462 5024 657 5060 omnes.

389 5078 499 5145 (89)
530 5076 848 5140 Εὺδοείαν.
882 5074 957 5129 Ita
992 5073 1157 5144 Regg.
1191 5073 1393 5143 plures.
1425 5072 1524 5127 Ed.
1545 5075 1725 5129 minus
1759 5074 1893 5130 bene

319 5148 650 5216 εὐδοκιμίαν,
676 5147 1140 5216 existimationem.

391 5214 680 5284 (90)'Alias
720 5214 898 5269 XLIII.
929 5216 1089 5268 Circa
1120 5214 1261 5284 idem
1292 5222 1525 5280 tempus.
1552 5282 1585 5284 Η
1751 5270 1757 5277 _

390 5281 501 5357 (9|)
538 5288 598 5340 Τί
641 5289 753 5339 οὐκ
786 5288 1047 5357 ἀκούεις.
1088 5286 1163 5357 Ita
1193 5281 1356 5353 Regg.
1383 5284 1510 5337 duo.
1548 5282 1646 5337 Ed.
1677 5284 1817 5338 male
1838 5284 1889 5337 τί

316 5354 415 5411 οὐκ
446 5354 721 5413 ἀκούουσι.
762 5355 885 5426 quid
916 5372 1018 5408 non
1041 5354 1327 5426 audiunt?

388 5428 500 5498 (92)
530 5428 638 5480 ἰγ’
667 5422 814 5479 εἴπω
833 5443 885 5477 τι
914 5423 1074 5498 κάγὼ
1095 5425 1223 5478 καθ’
1247 5422 1419 5491 ὑμᾶς.
1454 5425 1532 5477 Ita
1564 5422 1695 5493 Reg.
1724 5440 1888 5479 unus.

317 5498 371 5551 In
401 5495 490 5551 ed.
525 5498 676 5551 deest
706 5515 758 5550 τι
792 5495 967 5561 κάγώ.

387 5570 498 5636 till.)
527 5569 687 5620 Κατὰ
710 5569 944 5636 μικρόν,
993 5565 1289 5636 paululum.
1324 5564 1465 5625 Mox,
1495 5564 1585 5636 ἐπὶ
1626 5564 1695 5615 τὰ
1724 5564 1890 5635 χείρω

320 5628 511 5718 defigi.
551 5638 623 5690 Ita
646 5628 960 5707 Ile'ggfduo.
990 5628 1087 5689 I‘Jd.
1123 5636 1305 5689 minus
1337 5637 1471 5689 bene
1499 5628 1886 5705 κλοπήν,”διὶὸ-

314 5711 629 5761 ductionem.

387 5779 496 5847 (95)
528 5779 644 5833 "llr
694 5792 883 5845 ρησιν
937 5774 1282 5842 Eurum/ﬁne.
1338 5775 1492 5847 Apud
1550 5772 1884 5847 Euripidem,

314 5842 530 5906 .Iot'asta
563 5842 831 5901 Etcot-lein
860 5847 1024 5898 lilium
1057 5849 1363 5913 :tIItttltti'llh,
1390 5842 1731 5907 ’πλωνεξίακλ
1759 5862 1887 5897 uva-

630 5942 899 6002 I‘ATttOt..
934 5939 1045 5997 (in.
1082 5939 1399 6000 XXXVII.

2083 4164 2183 4233 l3
2212 4164 2292 4217 Ac
2323 4180 2388 4218 ne
2417 4164 2546 4219 mihi
2582 4168 2719 4220 scita
2754 4168 2868 4221 haec
2897 4176 2952 4222 et
2985 4170 3258 4225 rhetorica
3294 4173 3538 4241 proferas
3564 4191 3577 4225 :

2002 4285 2073 4296 --
2096 4255 2237 4320 Quid
2275 4258 2443 4310 vero?
2473 4274 2657 4311 annon
2690 4259 3044 4315 Christianus
3085 4278 3234 4317 eram
3256 4303 3271 4327 ,
3304 4281 3429 4318 eum
3461 4268 3577 4320 elo-

2002 4351 2243 4418 qthItlItB
2292 4361 2465 4404 artem
2518 4352 2846 4420 proﬁterer?
2875 4371 3056 4408 annon
3110 4360 3231 4425 pius
3268 4374 3330 4411 ac
3381 4358 3575 4424 ﬁdelis,

2001 4455 2128 4493 cum
2160 4441 2305 4494 inter
2343 4441 2788 4497 adolescentulos
2826 4450 3117 4499 versarer?
3145 4477 3215 4485 —
3244 4464 3305 4501 ac
3350 4449 3580 4505 fortasse

2000 4531 2165 4587 etiam
2196 4532 2288 4587 Dei
2321 4533 2496 4588 ﬁdem
2550 4535 2893 4603 implorabis.
2944 4537 3193 4603 Minime,
3226 4542 3309 4593 vir
3354 4541 3575 4601 eximie.

2001 4622 2195 4676 saltem
2234 4630 2504 4691 quantum
2541 4640 2639 4693 par
2672 4634 2811 4687 erat,
2844 4626 3059 4681 etiamsi
3096 4637 3302 4696 partem
3334 4632 3575 4699 aliquam

2000 4712 2389 4769 concedamus.
2442 4710 2541 4769 Ubi
2592 4725 2775 4770 autem
2817 4717 2949 4770 illud
2986 4735 3273 4787 ponemus,
3314 4722 3461 4790 quod
3509 4740 3576 4777 ex

2000 4804 2107 4869 his,
2142 4820 2261 4875 quae
2297 4822 2446 4860 nunc
2478 4806 2647 4873 lacis,
2684 4810 2822 4864 alios
2851 4810 3116 4874 OIIcltdIS,
3152 4811 3255 4865 hoc
3292 4824 3410 4876 est,
3445 4829 3573 4879 eos,

2000 4936 2401 5008 ritiamtvocat
2435 4938 2706 5007 δαιμόνων
2737 4939 3022 5008 κακίστην,
3076 4939 3374 4993 άαηηοηιιηι
3408 4943 3577 5008 ρεδιςί‹

2000 5023 2168 5074 mam.
2196 5006 2348 5070 Quod
2380 5015 2559 5059 autem
2593 5009 2679 5060 ille.
2713 5006 2971 5074 avaritiae,
3016 5011 3118 5063 hoc
3158 5006 3440 5065 ainbitloni
3472 5012 3572 5064 tri—

1998 5076 2115 5129 buit
2144 5073 2459 5142 Gregorius.
2495 5076 2731 5131 BtLLtcs.

1999 5215 2027 5267 θ
2070 5146 2558 5227 (95)Αἱσχιννθῂς.
2596 5148 2671 5199 Ita
2700 5146 2831 5214 Reg.
2860 5164 3021 5202 unus.
3051 5148 3147 5204 Ed.
3185 5150 3324 5204 male
3348 5153 3571 5220 αἰσχυν-

2033 5232 2128 5267 εις.

2033 5232 2128 5267 εις.

2070 5284 2179 5353 (96)
2223 5286 2317 5351 Ὠς
2355 5286 2428 5338 τὰ
2471 5284 2752 5350 πηδάλια.
2789 5286 2995 5341 Alludit
3045 5290 3109 5341 ad
3152 5289 3280 5341 illud
3329 5289 3567 5347 Hesiodi.

1999 5356 2052 5429 in
2090 5356 2453 5429 poetnate‘cui
2477 5356 2669 5409 titulus
2688 5364 2796 5429 est,
2827 5356 2995 5424 Operti
3041 5369 3089 5411 et
3118 5360 3228 5411 dies
3266 5378 3276 5411 :
3306 5360 3569 5429 Πηδάλιον

1996 5426 2040 5497 δ’
2080 5425 2473 5497 εὐεργὲςᾉὺπὲρ
2507 5425 2734 5497 καπνοῦῄ
2759 5429 3167 5497 κρεμάσασίιαιο
3200 5425 3415 5481 Clavum
3451 5447 3568 5483 vero

1998 5494 2120 5547 bene
2144 5495 2493 5563 fabrefactum
2524 5510 2679 5563 super
2709 5494 2911 5561 furuum
2952 5500 3270 5563 smpemlito.

2068 5560 2637 5638 (97)-τΩίᾶριστεὲιιὴ
2665 5560 2758 5618 ἐπὶ
2795 5569 2969 5621 πολύ.
3003 5560 3075 5620 Ita
3104 5568 3266 5638 Ib-gg.
3304 5568 3563 5623 (1110.“Ε11.

2001 5637 2142 5707 male
2162 5630 2215 5687 ’ὧ
2261 5630 2468 5707 ἄριστε.
2514 5630 2582 5705 ἦν
2610 5630 2717 5697 ὅτε,
2764 5638 2836 5706 μὴ
2885 5640 2976 5689 ἐπὶ
3011 5630 3337 5707 natalium
3373 5639 3566 5693 Bil.ius

1999 5706 2180 5761 vertit.
2209 5722 2237 5756 ο
2260 5705 2523 5773 quondam
2558 5707 2767 5774 optimc.
2797 5705 2855 5759 ne
2887 5707 3109 5760 diutius.

2071 5775 2177 5850 (98)
2222 5776 2359 5850 Περὶ
2394 5776 2509 5850 ζωῇ
2542 5778 2636 5828 καὶ
2674 5778 2972 5831 ὑπονοεῖν.
3012 5780 3084 5832 Ita
3116 5778 3247 5850 Reg.
3271 5796 3434 5835 unus.
3466 5778 3562 5834 Ed.

1997 5847 2135 5899 male
2180 5848 2300 5917 mp).
2333 5845 2421 5899 τοῦ
2460 5848 2725 5898 ὑπονοεῖν.

3250 5939 3286 5997 .‘2
