4358 6480
662 391 735 447 ιτ
1873 396 1927 448 S.
1970 392 2300 451 GREGORII
2339 393 2686 452 THEOLOGI
3857 395 3928 458 68

665 509 810 578 quod
844 516 968 564 vna:
1021 510 1156 580 ipsis
1200 509 1384 564 aiterri
1435 518 1657 580 posset,
1694 521 2053 578 coemerunt;
2097 523 2244 583 post-
2276 522 2319 578 Α
2349 515 2386 567 ὡ

2206 523 2244 567 l-
2276 522 2319 578 Α
2349 515 2651 585 ὠνήσαντο,
2708 513 2914 568 πλείοσι
2962 509 3414 584 περιπεπτώκασι
3461 512 3820 585 δυσχερείαις,
3859 515 3927 568 τὰ

665 613 828 667 quam
879 612 1059 656 autem
1112 611 1468 665 coemerunt,
1517 602 1570 656 in
1617 603 1818 658 multas
1864 604 2147 659 molestias
2192 613 2246 659 et

665 692 1018 747 diﬂicultates
1072 693 1416 758 inciderunt,
1453 704 1510 748 ut
1547 697 1642 765 qui
1669 697 1880 752 scilicet
1913 698 2110 768 partim
2149 698 2247 751 im-

669 787 869 854 probos
920 786 1236 842 venditores
1279 788 1657 858 experiantur,
1707 791 1904 859 partim
1959 805 1991 844 a
2050 790 2247 846 vicinis

665 877 975 946 spolientur
1014 893 1079 932 ac
1105 878 1438 945 diripiantur
1469 897 1486 935 :
1523 880 1661 936 adeo
1693 889 1752 934 ut
1784 882 1937 938 luero
1967 882 2075 937 illis
2103 881 2249 937 futu-

669 985 786 1022 rum
819 972 908 1034 sit,
944 978 1164 1038 recepto
1208 971 1405 1039 pretio,
1451 971 1602 1042 quod
1647 973 1940 1037 dederunt,
1985 989 2092 1027 una
2123 990 2244 1029 cum

669 1062 734 1114 iis
766 1063 1099 1130 sumptibus,
1131 1072 1576 1132 quosnprazterea
1617 1063 1885 1128 fecerunt,
1924 1075 1979 1120 et
2005 1066 2103 1137 qui
2137 1083 2244 1121 non

665 1153 860 1228 exigui.
883 1163 1034 1217 sunt,
1064 1153 1250 1223 praedii
1273 1157 1628 1224 possessione
1655 1157 1868 1211 cedere.
1907 1155 2050 1212 Sane
2075 1157 2120 1212 si
2151 1159 2246 1212 tibi

669 1246 814 1298 litem
849 1245 993 1300 hanc
1020 1247 1087 1298 ad
1121 1246 1359 1315 teipsum
1385 1247 1690 1302 transferre
1719 1248 1874 1302 cordi
1906 1249 2001 1315 sit,
2026 1256 2245 1318 postea-

666 1352 866 1405 quam,
912 1347 967 1391 ut
1016 1345 1335 1394 contractus
1381 1339 1684 1394 bellissime
1727 1357 1793 1394 ac
1842 1340 2155 1396 ﬁrmissime
2190 1356 2248 1396 se

670 1429 887 1492 habeat,
935 1429 1277 1500 dispexeris,
1317 1431 1420 1485 hoc
1469 1433 1661 1500 utique
1707 1439 1761 1485 et
1805 1431 1938 1499 ipsis
1987 1439 2042 1486 et
2088 1434 2248 1488 nobis

665 1523 875 1590 gratius
918 1521 1333 1590 jucundiusque
1388 1522 1572 1578 fuerit.
1631 1522 1730 1576 Sin
1787 1538 1981 1586 secus,
2027 1523 2132 1577 hoc
2163 1539 2250 1578 se-

668 1613 847 1667 eundo
885 1614 1004 1684 loco
1051 1629 1079 1668 a
1129 1623 1181 1670 te
1215 1629 1376 1685 peto,
1427 1623 1487 1670 ut
1539 1616 1778 1671 hominis
1811 1617 1974 1671 anxie
2016 1616 2246 1671 nocendi

667 1686 962 1762 scdulitatic
983 1696 1147 1776 atque
1201 1707 1534 1776 improbitati
1589 1708 1830 1779 teipsum
1865 1723 2150 1778 apponas;
2191 1718 2250 1762 ut.

669 1815 736 1856 ne
773 1799 847 1855 ob
873 1815 1064 1855 eorum
1098 1801 1268 1854 vitam
1324 1815 1353 1853 a
1399 1800 1635 1868 negotiis
1685 1809 1987 1861 remotam,
2027 1799 2160 1869 ipsis
2194 1800 2247 1852 in

667 1889 850 1958 aliquo
873 1889 1184 1959 praevaleat,
1211 1903 1410 1958 nempe
1442 1897 1501 1942 ut
1528 1890 1611 1943 vel
1643 1888 1907 1957 pradium
1938 1887 2248 1945 detinentes

667 1981 857 2042 laedat,
903 1980 988 2034 vel
1023 1979 1370 2034 discedentes
1418 1979 1751 2034 detrimento
1808 1977 2028 2033 atticiat.
2081 1977 2249 2048 Equi-

662 2077 785 2129 dem
812 2076 928 2146 ipse
957 2075 1168 2146 pudore
1194 2075 1439 2130 suﬂ‘usus
1472 2091 1592 2131 sum
1612 2115 1627 2139 ,
1673 2073 1743 2128 de
1773 2074 1860 2130 his
1889 2073 2056 2128 rebus
2101 2077 2164 2128 ad
2195 2083 2247 2129 te

665 2168 934 2230 scribens.
982 2167 1190 2222 Tamen
1234 2166 1497 2236 quoniam
1551 2166 1711 2237 ipsis,
1758 2176 1872 2226 tum
1927 2165 1999 2220 oh
2031 2167 2248 2236 generis

669 2258 1161 2328 propinquitatem,
1220 2268 1332 2312 tum
1383 2257 1454 2311 ob
1500 2258 1624 2312 vita:
1681 2257 2028 2320 institutum,
2081 2271 2246 2326 opera

665 2360 854 2407 nostra
909 2351 1162 2414 debetur.
1206 2349 1538 2421 (cujusnam
1584 2349 1729 2405 enim
1809 2351 2028 2420 potius,
2080 2365 2242 2420 quam

662 2444 932 2511 ejusmodi
985 2444 1266 2507 virorum,
1307 2457 1438 2497 cura
1489 2442 1765 2513 quispiam
1815 2441 2112 2511 tangatur?
2152 2450 2246 2496 aut

2352 607 2450 676 μὲν
2474 607 2583 662 τῶν
2617 606 2978 678 πεπρακότων
3015 605 3349 677 ἀγνωμόνων
3383 605 3740 676 πειρώμενοι,
3771 605 3839 659 τὰ
3869 607 3928 660 δὲ

2350 700 2454 753 ὑπὸ
2481 701 2591 753 τῶν
2619 699 3006 770 γειτονούντων
3051 698 3512 771 περικοπτόμενοι
3557 699 3653 751 καὶ
3696 697 3927 768 πορθού·

2351 809 2503 861 μενοι
2527 791 2662 860 (20),
2707 792 2847 846 ὥστε
2908 790 3098 862 κέρδος
3137 786 3276 845 εἶναι
3315 791 3521 853 αὐτοῖς,
3561 789 3622 843 τὸ
3649 790 3867 861 τίμημα
3898 789 3928 843 ὃ

2349 880 2612 934 δεδώκασι
2638 881 2748 953 (21)
2791 880 3204 952 κομισαμένοις,
3242 881 3362 950 μεθ’
3393 873 3468 934 ὧν
3501 881 3928 952 προσανηλώκα-

2351 988 2474 1033 σιν,
2534 971 2704 1026 ὄντων
2751 974 2853 1025 ούκ
2915 973 3132 1040 ὀλίγων,
3198 971 3577 1044 ἀπαλλαγῆναι
3634 972 3735 1042 τῆς
3795 974 3929 1043 κτή-

2351 1079 2488 1126 σεως
2516 1063 2647 1133 (22).
2692 1064 2754 1116 Ei
2806 1065 2904 1134 μὲν
2946 1059 3042 1118 οὖν
3087 1082 3169 1118 σοι
3211 1065 3364 1132 φίλον
3396 1066 3476 1128 εἰς
3517 1063 3743 1117 σεαυτὸν
3769 1079 3927 1135 περι-

2351 1154 2547 1223 στῆσαι
2594 1155 2694 1224 τὴν
2746 1157 3150 1226 πραγματείαν,
3204 1155 3352 1218 ὅπως
3403 1155 3471 1208 ἂν
3523 1154 3781 1208 κάλλιστα
3831 1155 3927 1208 καὶ

2349 1246 2732 1315 ἀσφαλέστατα
2765 1247 2866 1320 ἔχῃ
2897 1265 2978 1300 σοι
3007 1248 3068 1300 τὸ
3099 1247 3452 1316 συνάλλαγμα
3483 1245 3926 1321 διασκεψαμένιίι,

2348 1339 2508 1391 τοῦτο
2537 1340 2603 1410 δὴ
2635 1339 2726 1392 καὶ
2757 1341 2937 1403 αὐτοῖς
2967 1340 3061 1392 καὶ
3092 1340 3219 1410 ἡμῖν
3248 1339 3415 1409 ἥδιον.
3451 1337 3514 1391 Εἰ
3537 1337 3596 1390 δὲ
3637 1336 3733 1407 μὴ,
3767 1337 3828 1388 τό
3862 1352 3927 1403 γε

2349 1429 2621 1500 δεύτερον,
2675 1434 2742 1501 τῇ
2795 1432 3086 1502 περιεργίᾳ
3115 1431 3228 1500 (25)
3274 1432 3368 1484 καὶ
3414 1429 3780 1500 ἀγνωμοσύνῃ
3830 1425 3927 1480 τοῦ

2351 1521 2541 1593 ἀνδρὸς
2571 1522 2786 1586 ἀντίθες
2827 1522 3076 1586 σεαυτὸν,
3113 1523 3198 1574 ἵνα
3235 1521 3309 1594 μὴ
3338 1522 3556 1584 πάντως
3584 1521 3641 1573 ἓν
3667 1519 3730 1587 γέ
3760 1536 3810 1571 τι
3839 1517 3928 1571 διὰ

2350 1613 2448 1682 τὴν
2479 1611 2913 1684 ἀπραγμοσύνην
2952 1611 3132 1664 αὐτῶν
3165 1611 3265 1682 ἔχῃ
3307 1611 3488 1676 πλέον,
3531 1610 3566 1679 ἢ
3596 1610 3928 1678 κατέχοντας

2351 1703 2572 1767 ἀδικῶν,
2611 1704 2643 1773 ἢ
2680 1703 2894 1775 ζημιῶν
2933 1702 3464 1773 ἀπαλλαττομένους.
3514 1700 3655 1770 Ἐγὼ
3702 1701 3801 1770 μὲν
3833 1695 3928 1752 οὖν

2353 1795 2446 1848 καὶ
2472 1795 2786 1866 ἠρυθρίασα
2812 1796 2940 1868 περὶ
2965 1795 3169 1849 τούτων
3201 1793 3552 1848 ἐπιστέλλων.
3607 1790 3822 1862 Ἐπειδή
3862 1805 3928 1858 γε

2282 1866 2322 1920 Β
2349 1886 2549 1955 ὁμοίως
2581 1886 2763 1948 αὐτοῖς
2792 1866 3142 1956 ὀφενιλόμεθα,
3166 1887 3261 1939 καὶ
3284 1884 3373 1938 διὰ
3400 1884 3576 1954 γένος,
3603 1883 3696 1937 καὶ
3721 1881 3808 1935 διὰ
3829 1882 3927 1952 τὴν

2346 1977 2443 2030 τοῦ
2486 1975 2600 2046 βίου
2637 1977 2954 2048 προαίρεσιν
2995 1978 3156 2048 (τίνος
3190 1977 3300 2047 γὰρ
3338 1978 3404 2030 ἄν
3436 1993 3520 2038 τις
3548 1974 3762 2045 κήδοιτο
3794 1972 3930 2043 μᾶλ-

2350 2069 2461 2132 λον,
2493 2071 2526 2138 ἢ
2550 2068 2659 2122 τῶν
2689 2069 2946 2124 τοιούτων
2973 2087 2987 2133 ;
3018 2071 3110 2123 ἐπὶ
3135 2069 3212 2140 τῷ
3233 2069 3289 2122 δὲ
3313 2069 3380 2123 ἂν
3409 2068 3715 2138 αἰσχύνοιτο
3742 2065 3928 2126 πλέον,

2349 2163 2381 2232 ἢ
2415 2162 2485 2216 τὰ
2515 2161 2739 2216 τοιαῦτα
2777 2163 3089 2232 εὐεργετεῖν
3129 2163 3188 2216 οὐ
3230 2161 3747 2234 προθυμούμενος);
3777 2160 3841 2212 σὺ
3869 2159 3927 2212 δὲ

2349 2254 2490 2324 ἢδιὰ
2521 2252 2822 2324 σεαυτὸν,ἢ
2855 2253 2923 2306 δι’
2956 2255 3124 2324 ἡμᾶς,
3160 2253 3193 2324 ἦ
3234 2254 3324 2308 διὰ
3343 2255 3467 2316 τοὺς
3485 2253 3684 2324 ἄνδρας
3705 2249 3925 2315 αὐτοὺς,

2351 2347 2386 2420 ἢ
2421 2345 2510 2400 διὰ
2545 2347 2719 2400 πάντα
2750 2344 2927 2400 ταῦτα
2971 2343 3129 2414 ὁμοῦ,
3174 2343 3312 2399 ἀλλὰ
3348 2344 3566 2408 πάντως
3625 2358 3690 2410 γε
3730 2339 3928 2401 αὐτοὺς

2351 2443 2736 2514 εύεργέτησον.

661 2552 770 2605 qua
801 2551 862 2592 re
889 2535 1065 2606 magis
1125 2536 1446 2598 erubescat,
1496 2547 1659 2604 quam
1718 2535 1765 2590 si
1799 2533 2117 2604 huiusmodi
2175 2534 2436 2590 beneﬁcia
2485 2536 2740 2592 conferre
2783 2535 3009 2591 minime
3055 2535 3334 2606 studeat?)
3401 2545 3454 2591 te
3521 2547 3685 2604 rogo,
3735 2538 3796 2585 ut
3843 2529 3926 2582 vel

662 2637 756 2680 tua
809 2628 1016 2697 ipsius,
1072 2627 1156 2682 vel
1209 2635 1433 2692 nostra,
1467 2627 1554 2680 vel
1611 2628 1856 2696 ipsorum
1908 2642 2110 2691 causa,
2152 2628 2234 2683 vel
2259 2629 2425 2685 etiam
2457 2642 2676 2701 propter
2704 2631 2821 2689 haec
2868 2629 3054 2686 omnia
3094 2631 3150 2685 in
3197 2645 3367 2684 unum
3424 2637 3636 2693 coacta,
3703 2623 3932 2682 omnino

659 2719 882 2788 quidem
912 2729 1060 2776 certe
1087 2722 1156 2774 de
1178 2722 1247 2776 ius
1278 2723 1415 2775 bene
1437 2721 1726 2776 merearis.

1123 2874 1230 2945 ιθ
1267 2872 1384 2927 xv.
1424 2871 1791 2929 LOLLIANO.

2819 2873 2918 2925 ιε’.
2963 2872 3312 2944 ΛΟΛΛΙΛΝῼ
3336 2871 3471 2943 (~24).

664 3033 806 3087 Data
841 3031 910 3086 ad
939 3031 1249 3086 Lollianum
1280 3034 1528 3108 epistola,
1558 3050 1676 3104 qua:
1694 3035 1957 3108 sequitur,
1988 3037 2167 3108 eodem
2200 3033 2657 3108 ann‘o,qetieod._em
2687 3041 2914 3108 tempore
2937 3035 3238 3108 conscripta
3277 3043 3378 3108 est,
3405 3037 3594 3108 quippe
3622 3051 3739 3108 quae
3767 3035 3830 3091 de
3871 3052 3928 3091 re

1251 3105 1456 3168 eadem,
1485 3114 1533 3157 et
1561 3102 1658 3173 pro
1686 3102 1875 3159 iisdem
1911 3105 2163 3161 Helladio
2191 3116 2242 3160 et
2275 3105 2518 3170 Eulalia,
2550 3102 2788 3174 Gregorii
2818 3102 3168 3172 consobrinis,
3199 3107 3332 3176 agit.

734 3265 952 3336 Optime
979 3281 1104 3320 vero
1139 3264 1299 3328 lacis,
1330 3265 1476 3335 quod
1510 3265 1580 3318 ad
1619 3280 1719 3322 nos
1746 3273 1798 3319 te
1828 3265 2051 3336 recipis,
2077 3266 2240 3336 longo
2269 3271 2315 3333 ε
2417 3266 2455 3318 Ε

2207 3280 2240 3320 o
2269 3271 2315 3333 (ξ
2417 3260 2492 3318 Εὖ
2529 3281 2593 3332 γε
2627 3265 2712 3317 ὅτι
2750 3265 3048 3334 ἐπανήκεις
3085 3266 3237 3336 ἡμῖν,
3277 3264 3369 3318 διὰ
3411 3264 3624 3336 μακροῦ
3656 3265 3780 3336 μὲν,
3812 3265 3926 3320 ἀλλ’

663 3357 881 3428 quidem
929 3355 1238 3417 intervallo,
1273 3356 1367 3408 sed
1403 3355 1476 3408 ita
1536 3363 1717 3409 tamen
1751 3355 1932 3425 (quod
1956 3357 2061 3409 hoc
2105 3371 2243 3426 prae-

662 3449 899 3504 stantius
925 3449 1056 3516 est),
1093 3456 1154 3500 ut
1181 3462 1271 3502 res
1309 3456 1416 3501 tua:
1471 3461 1532 3502 se
1571 3447 1808 3502 habeant
1836 3463 1900 3502 ex
1931 3447 2098 3501 animi
2128 3463 2247 3502 sen-

663 3542 835 3597 tentia
869 3559 884 3595 :
914 3549 966 3594 et
998 3541 1128 3610 quia
1163 3553 1274 3595 nos
1302 3539 1370 3592 iis
1396 3541 1572 3600 curis,
1609 3538 1663 3592 in
1707 3539 1909 3608 quibus
1942 3547 2035 3591 tua
2076 3553 2243 3592 causa

664 3632 1044 3693 versabamur,
1077 3630 1350 3684 liberasti.
1383 3628 1663 3698 Siquidem
1687 3629 1868 3683 omnia
1899 3628 2062 3682 nobis
2093 3644 2246 3683 com-

667 3725 850 3778 munia
880 3733 1057 3778 tecum
1089 3737 1214 3778 esse
1237 3721 1512 3788 ducimus,
1548 3730 1656 3774 tam
1685 3720 1888 3782 tristia,
1919 3735 2082 3790 quam
2124 3721 2244 3772 laeta

663 3825 718 3871 et
741 3815 1019 3886 jucunda;
1052 3831 1117 3869 ea
1149 3815 1294 3870 enim
1323 3813 1578 3867 amicitiae
1607 3820 1803 3866 natura
1834 3823 1938 3868 est.
1975 3812 2243 3879 Quoniam

665 3914 845 3957 autem
875 3902 942 3956 ad
978 3917 1081 3956 nos
1123 3901 1453 3964 reverteris,
1486 3900 1572 3955 fac
1614 3901 1930 3957 felicitatem
1971 3909 2142 3964 tuam,
2189 3909 2247 3955 ut

665 3995 952 4064 cujusdam
980 3994 1161 4048 verbis
1193 4003 1336 4056 utar,
1373 3993 1566 4048 amicis
1590 3993 1698 4048 tuis
1725 3994 2026 4064 impertias.
2050 3995 2250 4062 Imper-

667 4087 771 4140 tics
801 4094 1022 4146 autem,
1062 4084 1108 4139 si
1137 4084 1391 4138 dominos
1424 4084 1789 4140 consobrinos
1833 4101 2015 4150 meos,
2066 4084 2246 4140 llella-

669 4177 818 4229 dium
867 4183 922 4231 et
977 4174 1288 4239 Eulalium,
1348 4191 1472 4228 cum
1531 4176 1585 4228 in
1642 4177 1855 4231 cmteris
1903 4177 2066 4230 rebus
2100 4177 2247 4230 velut

667 4268 965 4322 tamiliares
1016 4267 1215 4320 intueri
1273 4267 1516 4320 animum
1586 4266 1869 4323 induxeris
1912 4266 2247 4336 (fannliares

667 4368 849 4413 autem
881 4359 1028 4422 dico,
1061 4357 1168 4412 nisi
1199 4365 1258 4410 tu
1301 4373 1405 4411 nos
1449 4373 1548 4427 pro
1574 4358 1769 4413 alienis
1805 4359 2028 4422 habeas,
2071 4375 2248 4429 neque

665 4452 811 4506 enim
862 4451 1042 4519 majus
1072 4448 1373 4519 quidquam
1407 4449 1604 4513 habeo,
1635 4449 1779 4516 quod
1828 4449 2078 4519 dicam),
2131 4457 2244 4502 tum

667 4543 852 4606 etiam,
891 4549 950 4594 ut
975 4542 1066 4594 alii
1094 4542 1228 4610 ipsis
1260 4540 1476 4610 patroni
1513 4539 1827 4610 requirendi
1859 4541 1991 4604 sint,
2023 4541 2246 4594 minime

2347 3355 2496 3424 ὅμως
2525 3355 2640 3422 (καὶ
2668 3353 2697 3405 ὃ
2723 3353 2911 3406 τούτου
2946 3353 3237 3423 κρεῖττον),
3281 3355 3364 3409 ὅτι
3409 3355 3549 3409 κατὰ
3592 3355 3719 3410 νοῦν
3755 3358 3930 3428 πράτ-

2345 3461 2476 3506 των,
2508 3444 2603 3496 καὶ
2633 3443 2742 3496 τῶν
2769 3444 2860 3496 ἐπὶ
2891 3445 2972 3496 σοὶ
3005 3444 3304 3515 φροντίδων
3343 3447 3491 3515 ἡμᾶς
3519 3446 3924 3517 ἡλευθέρωσας.

2347 3535 2532 3588 Πάντα
2561 3535 2669 3606 γὰρ
2697 3535 2854 3588 κοινὰ
2885 3535 3182 3606 ποιούμεθα
3217 3537 3354 3606 πρὸς
3387 3536 3469 3594 σὲ.
3506 3540 3599 3591 καὶ
3633 3538 3807 3602 λύπας
3833 3542 3928 3594 καὶ

2348 3627 2700 3697 εὐφροσύνας·
2732 3626 2972 3680 τοιοῦτον
2998 3627 3108 3698 γὰρ
3137 3628 3173 3698 ἡ
3214 3628 3384 3696 φιλία.
3435 3629 3651 3701 Ἐπειδὴ
3676 3629 3928 3684 eumv-

2349 3721 2522 3786 ήκεις,
2561 3715 2786 3783 μετάδος
2817 3718 3017 3786 φίλοισι
3049 3722 3188 3772 σοῖσι
3219 3721 3318 3790 σῆς
3358 3721 3677 3792 εὐπραξίας,
3706 3724 3871 3795 φησὶν
3898 3727 3930 3776 ὀ

2347 3809 2514 3862 εἰπών
2538 3810 2670 3879 (25)·
2704 3809 3035 3879 μεταδώσεις
3070 3812 3147 3874 δὲ,
3180 3813 3228 3864 εἰ
3251 3815 3377 3877 τοὺς
3409 3815 3633 3886 κυρίους
3660 3833 3762 3886 μου
3801 3818 3930 3878 τοὺς

2347 3900 2598 3969 ἀνεψιοὺς
2626 3900 2893 3954 Ἐλλάδιον
2927 3902 3017 3955 καὶ
3048 3903 3326 3967 Εύλάλιον,
3369 3907 3463 3960 καὶ
3507 3907 3675 3961 τᾶλλα
3695 3911 3928 3976 οἰκείους

2345 3993 2478 4061 ὁρᾷν
2517 3991 2815 4062 προθυμοῖο
2847 3993 3100 4060 (οἰκείους
3131 3994 3242 4063 (‘26)
3269 3995 3326 4048 δὲ
3353 3995 3516 4064 λέγω,
3551 4001 3597 4050 εἰ
3638 4000 3711 4070 μὴ
3735 3999 3927 4065 ἄλλους

2348 4085 2495 4152 ἡμᾶς
2536 4085 2671 4155 πρὸς
2702 4085 2890 4138 ἑαυτὸν
2913 4085 3176 4156 νομίζοις,
3205 4087 3266 4139 ού
3301 4089 3409 4158 γὰρ
3446 4084 3542 4142 οἷδ’
3580 4092 3609 4143 ὃ
3631 4108 3684 4143 τι
3711 4092 3779 4146 ἂν
3806 4093 3925 4162 μεί-

2348 4175 2476 4238 ζονα
2503 4176 2614 4246 (27)
2640 4177 2898 4247 εἴποιμι),
2927 4178 3022 4231 καὶ
3057 4177 3132 4249 μὴ
3171 4179 3374 4250 ἐτέρων
3398 4181 3654 4252 δεηθῆναι
3685 4199 3928 4254 προστα-

2348 4268 2454 4320 τῶν
2485 4268 2759 4337 ἀνάσχοιο.
2818 4269 2977 4322 Ἀλλὰ
3010 4269 3186 4322 πάντα
3216 4270 3443 4322 σεαυτὸν
3479 4274 3802 4344 παράσχοιο,
3836 4274 3928 4341 φί-

2347 4359 2437 4413 λον
2469 4359 2725 4430 χρηστὸν,
2755 4359 2969 4427 γείτονα
3009 4360 3202 4426 δεξιὸν,
3257 4363 3616 4434 παραστάτην
3656 4367 3925 4432 γενναῖον,

2350 4452 2436 4502 ἵνα
2467 4451 2541 4521 μὴ
2564 4450 2686 4504 καθ’
2711 4451 2940 4505 ἕκαστον
2969 4452 3130 4520 λέγω,
3163 4453 3255 4506 τὸν
3283 4454 3478 4524 εὐγενῆ
3501 4455 3810 4521 Λολλιανδν,
3831 4457 3928 4510 τὸν

2349 4543 2443 4596 ἐπὶ
2470 4541 2844 4612 καλοκαγαθίᾳ
2869 4542 2982 4612 (28)
3009 4545 3302 4615 γνώριμον.
3343 4547 3737 4618 ’Υπισχνοῦμαι
3763 4549 3839 4612 δὲ,
3876 4548 3926 4599 εί

671 4632 916 4700 patiaris.
953 4631 1153 4686 Verum
1207 4634 1289 4686 eis
1322 4629 1541 4701 quidvis
1593 4639 1644 4684 te
1696 4631 1968 4699 prabeas.
2014 4632 2244 4701 probum
2280 4617 2322 4672 Ῑ)
2352 4636 2392 4686 ἐς

2204 4647 2244 4683 rn
2280 4617 2322 4672 Ῑ)
2352 4634 2446 4686 ἐπὶ
2475 4633 2656 4687 πλεῖον
2687 4633 2868 4696 aurai;
2901 4635 3211 4705 ὁμιλήσαις,
3242 4638 3336 4691 καὶ
3372 4638 3470 4708 τῆς
3497 4639 3812 4708 φιλοσοφίας
3831 4641 3925 4694 αὕη-

668 4725 928 4789 amicum,
955 4725 1305 4778 commodum
1328 4725 1592 4788 vicinum,
1621 4723 1816 4778 fortem
1841 4723 2168 4792 adiutorem,
2195 4732 2249 4779 et

669 4833 738 4873 ne
781 4817 995 4888 singula
1040 4831 1386 4879 enumerem,
1422 4830 1748 4886 generosum
1795 4814 2144 4876 Lollianum,
2181 4830 2246 4869 ac

739 5017 849 5100 (20)
883 5017 1296 5100 Πορροιᾷμενοι..
1339 5013 1417 5066 lta
1453 5012 1622 5084 Regg.
1650 5015 1778 5068 duo.
1824 5012 1924 5068 Ed.
1971 5014 2111 5069 male
2150 5031 2246 5067 πο-

669 5084 762 5140 θού
769 5103 938 5151 μενοι,
995 5084 1372 5138 desiderentur.

740 5104 762 5138 υ
809 5104 938 5151 ενοι,
995 5104 1372 5138 numeremur.

740 5104 852 5224 (ξι)
899 5158 966 5207 Ὃ
998 5153 1464 5224 δεδώκιισιλιιῖιε
1515 5169 1698 5216 voces,
1742 5169 1863 5223 qua:
1919 5153 1972 5207 in
2025 5153 2114 5208 ed.
2149 5153 2246 5208 de-

667 5221 842 5285 erant,
871 5226 1243 5293 supplevimus
1260 5240 1289 5276 c
1312 5221 1482 5293 Regg.
1509 5224 1743 5277 duobus.

741 5295 851 5364 (Ἡ)
881 5292 1178 5360 κτήσεως.
1216 5293 1290 5346 lta
1308 5292 1474 5362 Regg.
1507 5304 1638 5354 tres,
1660 5303 1713 5345 et
1742 5292 1928 5348 Dillius
1957 5308 2011 5346 tn
2036 5292 2242 5350 versio-

669 5381 753 5419 ne.
786 5365 882 5418 Ed.
924 5366 1062 5418 male
1091 5364 1338 5426 κτίσεως,
1377 5364 1658 5416 creatione.

738 5436 848 5502 (‘23)
898 5432 976 5501 Τῇ
1014 5435 1331 5502 περιεργίᾳ.
1369 5432 1580 5496 Billius,
1611 5432 1941 5499 :curiosilati.
1975 5431 2095 5487 Mox
2143 5432 2237 5485 τοῦ

666 5505 875 5574 ἀνδρὸς.
916 5504 1030 5558 lloe
1073 5505 1352 5574 singulare
1382 5518 1502 5574 pro
1550 5503 1752 5574 plurali
1804 5504 2038 5574 positum
2077 5505 2240 5557 Com-

667 5572 856 5628 betisio
882 5573 1096 5630 videtur
1132 5589 1254 5628 esse
1285 5572 1544 5639 Atticum,
1574 5576 1700 5642 quia
1724 5573 1790 5626 de
1821 5573 2069 5643 pluribus
2102 5574 2239 5628 vici-

664 5646 752 5698 nis
779 5644 978 5698 agitur.

1067 5711 1272 5769 CXCV.
1292 5710 1523 5784 Scripta
1550 5727 1694 5784 anno
1729 5712 1852 5784 565ῒ

737 5781 846 5855 ι25)
889 5785 1083 5853 Φησὶν
1108 5788 1140 5837 ό
1171 5781 1370 5837 εἰπών.
1396 5782 1706 5852 Euripides,
1739 5786 1790 5836 in
1828 5781 2021 5837 Oreste.

2349 4725 2456 4777 τῶν
2478 4725 2588 4794 (29)
2613 4724 2674 4778 τὸ
2701 4724 2832 4794 ὕψος
2863 4727 3121 4791 κατίδοις,
3146 4729 3228 4782 ὅτι
3259 4730 3398 4801 πρὸς
3427 4730 3620 4794 ἄλλους
3645 4732 3758 4802 (50)
3785 4732 3924 4802 ὑπὲρ

2348 4815 2527 4870 αὐτῶν
2567 4816 2948 4887 πρεσϐεύσεις.
2977 4817 3241 4873 Τοσοῦτον
3276 4821 3462 4892 θαρρῶ
3501 4822 3579 4893 τῷ
3615 4822 3692 4893 σῷ
3715 4824 3922 4894 τρόπῳ,

2419 5016 2529 5085 (26)
2598 5019 2930 5082 Οὶκείοιις...
2974 5019 3249 5083 οἰκείους.
3290 5019 3366 5072 Ita
3405 5019 3556 5085 Regii
3602 5022 3729 5074 duo.
3781 5021 3924 5075 Editi

2347 5087 2494 5208 ‘malc;
2525 5087 2724 5141 habent
2758 5087 2843 5141 bis
2895 5089 3129 5153 οἰκείως,
3155 5091 3300 5159 quod
3336 5090 3526 5145 Billius
3553 5093 3732 5154 Vt'l’lil,
3758 5092 3923 5159 fanci-

2371 5173 2470 5208 um
2499 5173 2575 5208 er.

2371 5165 2575 5210 writer.

2419 5227 2543 5301 (27)“
2567 5227 2629 5278 Ὅ
2657 5227 2811 5301 τιμᾶν
2831 5228 3090 5298 μείζονα.
3122 5228 3199 5282 lta
3234 5228 3398 5301 chg.
3439 5239 3568 5285 tres.
3605 5230 3700 5284 Ed.
3745 5232 3925 5286 minus

2346 5295 2490 5367 bene
2519 5299 2599 5349 ὅτι
2629 5315 2693 5367 με
2703 5295 2868 5361 ίζονα.

2417 5366 2524 5438 (28)
2550 5366 2983 5437 καλοκαγαθίᾳ.
3013 5368 3087 5421 Ita
3112 5366 3276 5438 Rrgg.
3296 5369 3424 5432 duo,
3457 5378 3511 5423 et
3541 5370 3629 5424 ed.
3660 5371 3724 5424 ad
3746 5386 3923 5438 marg.

2345 5431 2481 5506 Male
2509 5431 2564 5489 in
2596 5445 2743 5490 textu
2778 5431 3196 5506 καλοκαγαθίανζ

2420 5504 2530 5579 (29)
2580 5504 3008 5579 ..4ὺτώγᾎ11ειιιο
3056 5523 3271 5579 vocem,
3304 5525 3425 5579 qugc
3479 5509 3534 5563 in
3579 5511 3665 5563 ed.
3713 5509 3920 5572 deerat,

2345 5576 2717 5643 supplevimus
2746 5594 2776 5632 e
2809 5576 2982 5647 llegg.
3018 5578 3285 5646 pluribus.

2418 5647 2826 5716 (50)fA.1.Iovc.
2863 5647 2937 5699 ha
2973 5647 3140 5716 Begg.
3174 5650 3385 5716 plures,
3423 5658 3473 5706 et
3509 5649 3696 5705 Billius
3721 5649 3775 5704 in
3803 5661 3926 5703 ver-

2345 5715 2517 5770 sione.
2545 5715 2643 5770 ΕιΙ.
2681 5718 2819 5771 male
2855 5715 3133 5781 ἀλλίλους.
