4358 6480
416 512 483 567 ιιι
1789 517 2121 573 EPISTOLA
2166 518 2297 573 XVI.
3611 521 3678 585 50

417 629 509 681 καὶ
551 625 695 680 οὕτω
746 628 943 695 πολλὰς
987 631 1209 697 ἐλπίδας
1253 632 1361 703 ἔχω
1412 633 1487 705 μὴ
1530 634 1999 707 διαμαρτήσεσθαί
2031 646 2069 699 ,Α
2106 654 2137 708 p

1953 638 1999 690 si
2031 646 2069 699 Λ
2106 640 2392 708 probitatis
2423 640 2644 695 nomine
2668 639 2937 710 insignem
2961 647 3018 695 et
3049 640 3306 695 nobilem.
3336 638 3473 693 Illud
3498 648 3674 694 autem

417 735 512 771 σου
537 719 647 789 (51)
682 723 809 791 περὶ
836 715 910 775 ῶν
940 723 1100 786 αὐτὸς
1130 725 1496 795 ὲπρέσόευσα.

2109 728 2205 785 tibi
2238 732 2516 800 polliceor,
2554 735 2600 789 si
2628 733 2837 789 diutius
2859 747 2982 787 cum
3009 734 3088 788 eis
3121 733 3373 796 versaris,
3403 748 3467 787 ac
3497 733 3673 801 philo-

414 816 623 883 sophiae
677 817 919 887 ipsorum
974 819 1370 876 sublimitatem
1407 822 1744 894 perspicias,
1793 822 1907 877 fore
1940 833 1997 875 ut
2035 826 2148 894 ipse
2179 842 2277 896 pro
2311 827 2421 882 illis
2450 828 2590 882 alios
2640 828 2973 899 depreceris.
3003 825 3187 897 Usque
3242 827 3377 882 adeo
3426 825 3677 881 moribus

416 909 527 962 tuis
558 909 796 974 confido,
832 926 898 965 ac
943 920 1053 965 tam
1088 912 1361 982 ingentem
1397 930 1550 984 spem
1584 916 1778 978 habeo,
1813 930 1897 970 me
1928 916 1996 969 de
2032 917 2098 970 iis
2128 919 2315 983 rebus,
2362 922 2429 974 de
2465 920 2662 989 quibus
2697 927 2874 973 tecum
2907 934 3027 989 ago,
3064 918 3334 988 repulsam
3370 935 3399 973 a
3455 926 3507 971 te
3573 916 3677 970 mi-

415 1000 563 1055 nime
590 1002 852 1058 laturum.

484 1133 603 1199 ιφ.
636 1131 925 1206 armum
954 1136 1304 1209 ΕιιιΣιιοΠᾳ
1337 1139 1749 1193 ΚΑΙΣΑΡΕΙΑΣ
1780 1136 1913 1198 (δε).

487 1263 857 1340 Haec-epistola
888 1277 938 1322 et
959 1280 1227 1334 sequentes
1259 1282 1538 1327 versantur
1564 1276 1708 1328 circa
1736 1274 2116 1329 dissensionem
2157 1273 2297 1324 inter
2341 1270 2623 1323 Eusebium
2655 1269 3035 1323 C(csariensem
3080 1281 3128 1323 et
3175 1270 3457 1325 Basiliam.
3510 1272 3674 1340 Cuius
3767 1306 3771 1311 —

2239 1138 2381 1192 XVI.
2424 1138 2723 1194 EUSEBIO
2765 1138 3101 1195 EPISCOPU
3141 1137 3529 1197 (ἷΑΞδΑΙὶΕΑΞ.

415 1335 756 1390 dissensionis
784 1354 1005 1391 causam
1029 1340 1150 1393 licet
1187 1340 1290 1396 Gre
1327 1344 1471 1396 orias
1505 1353 1699 1407 taceat,
1730 1362 1835 1399 non
1861 1347 1973 1398 alia
2006 1361 2116 1398 esse
2143 1342 2368 1404 videtur,
2398 1357 2557 1409 quam
2586 1343 2723 1404 quod
2748 1340 2941 1393 Basilii
2963 1341 3109 1408 fama
3133 1358 3195 1394 ac
3226 1357 3460 1395 summus
3482 1335 3676 1413 ingenii

415 1415 461 1458 et
493 1405 749 1459 doctrina:
778 1408 1027 1465 splendor
1060 1412 1239 1465 oculos
1273 1360 1488 1465 Eusebii
1518 1415 1750 1465 lmserat.
1784 1415 2069 1465 Basiliam.
2101 1414 2190 1465 aui
2222 1428 2280 1464 eo
2312 1412 2411 1465 insi
2442 1410 2654 1462 charior
2679 1427 2791 1462 esse
2822 1410 3106 1465 debuisset.
3138 1426 3240 1465 auo
3270 1413 3441 1465 mauis
3467 1428 3582 1464 eum
3620 1414 3675 1465 in

414 1415 461 1458 et
493 1405 749 1459 doctrina:
778 1408 1027 1477 splendor
1060 1412 1239 1465 oculos

1321 1414 1488 1467 usebii
1518 1415 1750 1468 la'serat.
1784 1415 2069 1478 Basiliam,
2101 1414 2190 1483 qui
2222 1428 2280 1464 eo
2312 1412 2411 1479 ipsi
2442 1410 2654 1483 citerior
2679 1427 2793 1483 esse
2822 1410 3106 1483 debuisset,
3138 1426 3240 1483 quo
3270 1413 3441 1480 magis
3467 1410 3582 1464 eain
3620 1414 3675 1466 in

413 1477 627 1547 terendo
651 1478 982 1545 episcopatus
1009 1497 1163 1535 onere
1192 1482 1417 1545 levabat.
1450 1483 1515 1536 ab
1545 1484 1795 1539 Ecclesia:
1826 1477 2294 1538 administratione
2326 1477 2429 1533 non
2455 1482 2567 1533 sine
2596 1481 2885 1547 ignominia
2911 1477 3158 1533 removit.
3177 1477 3380 1534 Παρειιί
3403 1498 3558 1535 suum
3593 1486 3675 1537 sic

413 1545 617 1623 injuria
654 1548 903 1623 affectum
933 1553 1176 1603 monac/ti
1207 1551 1561 1608 Cwsarienses
1592 1554 1731 1623 ferre
1759 1572 1859 1607 non
1884 1564 2189 1622 potuerant,
2220 1551 2311 1605 sed
2342 1553 2525 1604 statim
2556 1545 2755 1602 audaci
2789 1552 3025 1623 facinore
3054 1551 3127 1623 ab
3162 1552 3393 1623 episcopi
3432 1568 3671 1623 commu—

413 1617 568 1692 nione
598 1618 835 1692 recedere
870 1628 1135 1682 statuunt,
1174 1638 1451 1692 secumque
1484 1617 1688 1691 parient
1719 1617 1893 1692 plebis
1923 1636 1972 1679 et
2013 1625 2389 1676 honoratorum
2413 1632 2623 1692 partem
2666 1636 2767 1672 non
2797 1622 3042 1689 exiguam
3074 1617 3409 1675 abstrahunt.
3448 1620 3673 1676 Eusebio

398 1686 621 1763 cedens,
664 1705 725 1763 ne
750 1690 834 1763 s_ui
863 1704 1029 1744 causa
1064 1686 1397 1763 laceraretur
1429 1686 1687 1749 Ecclesiae
1715 1686 1937 1763 corpus,
1967 1694 2198 1747 Basilius
2232 1710 2367 1763 cuin
2397 1690 2648 1763 Gregorio
2681 1706 2800 1751 suo,
2846 1686 3004 1763 eoque
3043 1706 3274 1744 secessus
3301 1700 3541 1763 auctore.
3568 1710 3674 1747 una

408 1756 643 1827 profugit
667 1758 720 1810 in
753 1757 1005 1822 Pontum,
1039 1776 1178 1814 anno
1204 1762 1333 1823 563,
1365 1773 1422 1815 at
1456 1775 1628 1817 censet
1660 1756 2050 1825 Tillcmontius,
2074 1765 2165 1827 .vel
2186 1779 2324 1815 anno
2352 1761 2455 1814 3N
2485 1756 2721 1819 exeunte,
2756 1772 2844 1812 aut
2873 1756 3030 1813 etiam
3060 1764 3269 1813 ineunte
3308 1762 3432 1821 365,
3461 1772 3517 1813 ut
3545 1763 3673 1814 con-

413 1825 577 1902 tendit
617 1838 797 1881 noster
830 1828 1155 1902 Prudentius
1184 1827 1466 1885 Maranus.
1503 1833 1633 1887 Inde
1665 1851 1900 1889 reversus
1929 1825 2210 1902 GregOrius
2245 1832 2309 1884 ad
2342 1840 2643 1885 conventus
2673 1830 2985 1897 spirituales
3008 1838 3062 1902 et
3089 1831 3322 1902 concilia
3352 1833 3416 1883 ab
3449 1831 3673 1886 Eusebio

409 1898 736 1971 vocabatur;
771 1899 994 1971 negabat
1045 1914 1218 1955 aulem
1268 1918 1323 1955 se
1383 1902 1577 1971 absque
1626 1905 1835 1958 Basilio
1890 1898 2186 1964 venturam,
2248 1912 2403 1971 atque
2457 1911 2514 1953 ut
2575 1910 2909 1953 revocaretur
2965 1899 3031 1951 ab
3086 1899 3335 1971 Eusebio_
3367 1902 3668 1971 ﬂagitabat.

408 1965 668 2044 simulque
707 1965 977 2036 pollicitus
1042 1972 1154 2040 fore
1214 1981 1271 2025 ut
1308 1965 1576 2027 Basiliam
1625 1976 1759 2044 ipse,
1821 1976 1958 2030 velut
2003 1975 2202 2028 umbra:
2253 1965 2490 2036 corpora,
2549 1980 2867 2041 sequeretur.
2914 1971 3083 2040 Atque
3135 1969 3245 2024 Itwc
3293 1965 3573 2043 Gregorius
3618 1974 3671 2026 in

411 2036 632 2103 epistola
660 2055 770 2093 xw.

492 2175 706 2249 Ἐπειδὴ
754 2177 890 2248 πρὸς
936 2180 1104 2251 ἄνδρα
1140 2182 1403 2255 ποιοῦμαι
1446 2185 1573 2252 τοὺς
1612 2187 1824 2257 λόγους,
1867 2188 1990 2243 οὔτε
2025 2198 2063 2252 Β
2165 2188 2211 2255 ρ

1951 2206 1990 2243 τε
2025 2198 2063 2252 Β
2165 2188 2434 2255 Quoniam
2472 2187 2606 2241 mihi
2658 2201 2781 2241 cum
2813 2201 2879 2241 eo
2927 2185 3045 2241 viro
3092 2201 3272 2241 sermo
3300 2193 3406 2251 cst,
3448 2188 3542 2257 qui
3573 2204 3672 2242 nec

411 2265 706 2332 ἀγαπῶντα
741 2269 803 2321 τὸ
825 2269 1037 2339 ψεῦδος,
1069 2274 1163 2327 καὶ
1189 2275 1249 2327 τὸ
1281 2277 1339 2329 ὲν
1376 2278 1551 2349 ἑτέρῳ
1579 2282 1830 2351 φωρᾶσαι
1855 2281 1991 2335 πάν-

409 2372 517 2407 των
541 2356 817 2423 ὀξύτατον,
852 2362 954 2413 κᾶν
984 2363 1065 2415 ὅτι
1095 2364 1334 2432 μάλιστα
1366 2371 1551 2436 σοφοῖς
1582 2368 1846 2439 πλέκηται
1877 2370 1990 2438 (55)

411 2448 504 2499 καὶ
548 2450 815 2515 ποικίλοις
859 2455 972 2516 τοῖς
1009 2454 1371 2526 λαϐυρίνθοιςο
1415 2460 1551 2529 πρὸς
1583 2460 1660 2523 δὲ,
1694 2461 1814 2514 οὐδὲ
1843 2461 1992 2532 αὐτῷ

415 2558 504 2609 μοι
537 2542 688 2610 φίλον
730 2545 791 2596 τὸ
828 2548 1077 2615 τεχνικὸν
1117 2551 1417 2620 (εἰρήσεται
1456 2550 1566 2622 γὰρ
1606 2552 1711 2606 κᾶν
1810 2570 1994 2623 φορτι-

411 2633 697 2705 κώτερον),
746 2640 1014 2706 πεφυκότι
1046 2658 1105 2693 τε
1139 2642 1281 2696 οὕτω
1329 2644 1421 2695 καὶ
1460 2644 1790 2714 τυπουμένη)
1838 2643 1991 2713 παρὰ

410 2730 503 2779 τοῦ
545 2728 726 2795 λόγου,
774 2729 860 2782 διὰ
900 2731 1059 2784 τοῦτο
1100 2730 1297 2806 γράφω
1330 2735 1400 2788 τὰ
1444 2738 1845 2807 παριστάμενα.
1883 2738 1990 2790 Καί

414 2834 512 2886 μου
540 2818 690 2882 δέξαι
717 2820 815 2891 τὴν
850 2822 1185 2892 παρρησίαν
1217 2825 1250 2894 ἢ
1299 2826 1582 2897 ἀδικήσεις
1610 2844 1673 2895 γε
1714 2829 1815 2897 τῆς
1856 2828 1989 2897 ἀλη-

410 2910 579 2974 θείας,
619 2911 690 2964 τὰ
717 2913 816 2982 τῆς
847 2914 1158 2987 ἐλευθερίας
1191 2916 1301 2987 (54)
1332 2919 1670 2989 ἀποστερῶν,
1704 2913 1798 2973 κάξ
1827 2922 1991 2986 ἀναγ-

409 3004 591 3068 κάζων
638 3008 696 3059 ἐν
741 3006 965 3077 ἐμαυτῷ
1008 3008 1261 3078 κατέχειν
1311 3011 1409 3081 τὴν
1447 3011 1613 3064 ὠδῖνα
1648 3011 1748 3080 τῆς
1791 3010 1990 3081 λύπης,

412 3093 599 3165 ῶσπερ
622 3113 675 3149 τι
700 3097 914 3167 νόσημα
938 3097 1173 3151 ὕπουλον
1200 3100 1296 3153 καὶ
1323 3100 1613 3170 κακόηθες.
1650 3101 1794 3168 Ἐγὼ
1815 3100 1990 3171 χαίρω

412 3186 511 3255 μὲν
548 3187 653 3239 ὑπὸ
690 3188 783 3240 σοῦ
821 3189 1131 3258 τιμώμενος
1177 3190 1355 3262 (εἰπερ
1389 3190 1675 3262 ἄνθρωπός
1723 3193 1860 3262 είμι,
1898 3191 1991 3246 τοῦ

408 3280 800 3349 προειρηκότος
831 3280 944 3349 (55)
978 3283 1007 3333 ὁ
1038 3281 1236 3349 λόγος),
1287 3283 1381 3335 καὶ
1427 3282 1761 3352 καλούμενος
1807 3282 1899 3337 ἐπί
1932 3300 1991 3336 τε

410 3367 661 3430 συνόδους
694 3369 791 3420 καὶ
820 3368 1111 3435 συλλόγους
1137 3371 1541 3434 πνευματικούς
1565 3371 1697 3441 (56).
1736 3371 1809 3423 Οὐ
1842 3372 1992 3442 φέρω

405 3456 462 3510 δὲ
495 3459 594 3529 τὴν
624 3460 1001 3529 γεγενημένην
1030 3459 1185 3530 ὖόριν
1207 3460 1284 3531 τῷ
1312 3461 1627 3532 τιμιωτάτῳ
1647 3462 1858 3532 ἀδελφῷ
1885 3463 1989 3516 Βα-

409 3548 614 3618 σιλείῳ,
638 3550 734 3601 καὶ
762 3549 1053 3621 γινομένην
1084 3550 1164 3602 ἔτι
1185 3550 1337 3621 παρᾶ
1361 3552 1459 3621 τῆς
1481 3552 1579 3622 σῆς
1606 3552 1912 3618 εὐλαϐείας,
1931 3554 1992 3605 ὃν
2019 3542 2060 3599 C

410 3639 505 3690 καὶ
531 3638 647 3707 βίου
678 3639 772 3690 καὶ
802 3638 959 3706 λόγου
986 3639 1262 3703 κοινωνὸν,
1290 3640 1385 3693 καὶ
1406 3642 1504 3711 τῆς
1525 3641 1869 3711 ὑψηλοτάτης
1899 3660 1988 3710 φι-

409 3730 668 3796 λοσοφίας
704 3728 930 3799 εἱλόμην
956 3746 1016 3782 τε
1045 3730 1321 3803 ἀπαρχῆς,
1352 3732 1446 3783 καὶ
1481 3731 1577 3783 νῦν
1604 3732 1732 3801 ἔχω·
1774 3733 1869 3786 καὶ
1896 3734 1989 3785 οὑ-

408 3822 500 3875 δὲν
540 3822 765 3893 ὲμαυτῷ
810 3823 1095 3893 μέμφομαι
1127 3824 1227 3894 τῆς
1252 3826 1338 3876 ἐπ’
1367 3825 1515 3894 αὐτῷ
1549 3825 1803 3896 κρίσεως.
1837 3824 1992 3878 Οὕτω

410 3912 521 3982 γὰρ
558 3904 733 3965 εἰπεῖν
775 3913 1161 3985 μετριώτερον,
1209 3915 1297 3968 ἵνα
1344 3917 1418 3986 μὴ
1460 3916 1699 3986 ἐμαυτὸν
1745 3918 1991 3970 ἐπαινεῖν

408 4004 566 4069 δόξω,
602 4006 671 4057 τὰ
703 4006 913 4058 ἐκείνου
948 4006 1263 4076 θαυμάζων.
1306 4007 1378 4059 Σὺ
1404 4007 1461 4059 δέ
1492 4024 1583 4077 μοι
1607 4007 1785 4071 δοκεῖς
1820 4011 1992 4061 ποιεῖν

412 4097 814 4167 παραπλήσιον,
863 4098 955 4151 τὸν
986 4132 992 4137 -
1008 4099 1108 4168 μὲν
1155 4098 1457 4168 ἀτιμάζων,
1507 4100 1684 4170 τιμῶν
1733 4100 1788 4152 δὲ
1822 4100 1991 4171 ἡμᾶς,

412 4184 602 4257 ῶσπερ
630 4186 695 4239 ἂν
717 4188 772 4238 εῖ
811 4203 897 4249 τις
927 4188 1045 4250 ἑνὸς
1071 4189 1264 4261 ἀνδρὸς
1302 4192 1366 4260 τῇ
1402 4191 1499 4260 μὲν
1524 4191 1634 4243 τῶν
1663 4191 1862 4262 χειρῶν
1892 4209 1992 4244 κα-

412 4272 639 4343 ταψήχοι
672 4275 783 4344 (57)
818 4276 916 4344 τὴν
954 4278 1219 4349 κεφαλὴν,
1243 4280 1388 4349 τῇδὲ
1418 4280 1566 4333 παίοι
1600 4280 1701 4350 τὴν
1728 4282 1988 4351 παρειάν·

412 4364 447 4433 ἢ
486 4367 581 4418 καὶ
612 4366 895 4435 θεμελίους
917 4368 1178 4422 ὑποσπῶν
1203 4372 1400 4434 οἰκίας,
1432 4371 1836 4443 διαζωγραφοίη
1866 4375 1992 4436 τοὺς

420 4458 647 4527 τοίχους,
673 4460 768 4512 καὶ
797 4460 1132 4525 καλλωπίζοι
1176 4463 1245 4515 τὰ
1289 4463 1506 4527 ἔξωθεν.
1559 4464 1627 4516 El
1660 4481 1713 4516 τι
1746 4460 1840 4517 οὖν
1869 4466 1991 4535 ἐμοὶ

412 4549 597 4622 πείθῃ,
628 4549 787 4601 τοῦτο
824 4554 1087 4621 ποιήσεις.
1126 4552 1421 4623 Πεισθῆναι
1456 4554 1513 4607 δὲ
1552 4554 1707 4618 ἀξιῶ·
1750 4556 1844 4607 καὶ
1882 4557 1991 4627 γὰρ

409 4641 634 4693 δίκαιον.
681 4642 741 4694 Εἰ
784 4644 988 4696 ἐκεῖνον
1020 4643 1380 4714 θεραπεύσεις
1405 4644 1472 4697 τὰ
1501 4646 1709 4709 εἰκότα,
1735 4647 1830 4699 καὶ
1861 4649 1990 4716 παρ’

411 4732 619 4783 ἐκείνου
647 4732 1055 4807 θεραπευθήσῃ.
1085 4736 1157 4788 Τὸ
1184 4737 1240 4789 δὲ
1265 4737 1388 4789 καθ’
1412 4738 1558 4808 ἡμᾶς
1585 4737 1770 4805 ἕψεται
1801 4738 1989 4806 ὥσπερ

406 4828 519 4886 τοῖς
554 4824 801 4892 σώμασιν
839 4827 896 4905 al
942 4828 1114 4889 σκιαὶ,
1155 4827 1385 4897 μικρούς
1418 4844 1476 4878 τε
1516 4828 1695 4890 ὄντας,
1730 4830 1823 4881 καὶ
1854 4828 1989 4899 πρὸς

407 4917 633 4986 εἰρήνην
663 4917 1058 4987 ἑτοιμοτέρους.
1087 4918 1219 4971 Οὐδὲ
1254 4918 1361 4989 γὰρ
1387 4917 1561 4982 οὕτως
1591 4919 1791 4982 ἀθλίως
1813 4922 1987 4990 πράτ-

364 5042 377 5050 .
409 5023 597 5076 τομεν,
633 5006 773 5059 ὥστε
796 5008 842 5059 τ’
869 5008 1003 5061 ἄλλα
1034 5009 1132 5078 μὲν
1159 5008 1366 5060 ἐθέλειν
1398 5010 1728 5079 φιλοσοφεῖν,
1771 5010 1865 5063 καὶ
1890 5011 1988 5081 τῆς

407 5100 717 5171 κρείττονος
762 5095 901 5152 εἶναι
946 5100 1181 5170 μερίδος·
1217 5102 1493 5173 ὑπερορᾷν
1536 5101 1592 5154 δὲ
1639 5101 1986 5171 πράγματος,

483 5254 593 5322 (5|)
632 5256 1147 5324 Διαμαρτήσεσθαὶ
1204 5272 1342 5311 σου.
1392 5256 1468 5309 Ita
1511 5253 1678 5324 Regg.
1709 5264 1838 5310 tres.
1882 5252 1979 5307 Ed.

406 5325 1087 5397 ιιιειιεηδιαμαρτῄσασθαι,
1120 5334 1175 5379 et
1212 5328 1265 5381 in
1294 5327 1377 5380 eis
1395 5328 1548 5397 deest
1582 5342 1700 5382 σου.

482 5395 593 5459 (ὂῖ)
634 5394 782 5449 Alias
824 5394 940 5449 XX.
976 5394 1187 5459 Scripta
1227 5412 1371 5449 anno
1404 5396 1529 5450 565.

482 5467 593 5533 (33)
624 5465 941 5535 Πλέκητιιι.
967 5464 1043 5517 lta
1082 5462 1214 5535 Reg.
1258 5482 1423 5530 unus,
1468 5474 1523 5520 et
1555 5462 1747 5518 Billius
1775 5463 1830 5518 in
1858 5479 1981 5519 ver-

405 5534 583 5589 sione.
621 5533 763 5587 Edit.
804 5537 943 5605 male
963 5533 1280 5605 πλέκτηται.

482 5606 593 5669 (34)
654 5606 721 5657 Ἠ
765 5604 1073 5670 ἀδικήσεις
1243 5605 1353 5671 τῆς
1404 5604 1708 5671 ἀληθείας,
1761 5602 1833 5656 τὰ
1870 5603 1979 5673 τῆς

404 5674 766 5745 ἐλευθερίας.
794 5676 870 5729 Ita
903 5676 1066 5743 Itegg.
1092 5676 1220 5728 duo.
1243 5676 1339 5729 Ed.
1372 5675 1509 5729 male
1536 5675 1568 5744 ἢ
1599 5674 1874 5745 ἀδικήσεις
1896 5692 1980 5742 γε,

404 5744 508 5811 τῆς
545 5744 878 5815 ἐλευθερίας,
906 5747 1051 5812 quod
1095 5745 1283 5800 llillius
1330 5746 1509 5809 vertit,
1542 5754 1634 5797 aut
1672 5744 1900 5814 injurias
1930 5747 1982 5797 in

410 5830 494 5867 me
526 5815 706 5880 fueris,
734 5816 1047 5877 libertatem,
1076 5824 1181 5870 clc.

484 5885 603 5953 {55)
638 5887 745 5940 Τοῦ
778 5885 1200 5955 προειρηκότος
1227 5888 1258 5940 ό
1288 5886 1488 5956 λόγος.
1515 5885 1658 5942 inter
1685 5884 1983 5941 sententias

2095 2283 2212 2353 ipse
2239 2282 2585 2337 mendacium
2620 2291 2783 2344 amet,
2806 2288 2862 2334 et
2898 2280 2965 2333 ad
2999 2281 3143 2335 istud
3195 2280 3250 2334 in
3281 2281 3453 2336 altero
3482 2282 3675 2351 depre-

2076 2373 2439 2427 hendendum
2511 2371 2760 2425 homines
2826 2385 3022 2424 omnes
3092 2371 3345 2425 acumine
3414 2379 3672 2441 superet,

2094 2464 2445 2535 quantumvis
2468 2463 2625 2517 scitis
2646 2470 2702 2517 et
2738 2462 2904 2517 variis
2936 2462 3264 2533 labyrinthis
3291 2463 3616 2517 obvolvatur
3654 2482 3668 2494 ·

2095 2566 2259 2627 atque
2290 2558 2517 2623 insuper
2543 2570 2645 2609 nec
2674 2554 2806 2608 mihi
2837 2555 3054 2625 quidem
3092 2553 3252 2608 fucus
3287 2561 3343 2608 et.
3376 2555 3669 2609 artificium

2094 2650 2270 2719 placet
2335 2646 2561 2716 (dicam
2635 2646 2819 2709 enim,
2872 2646 2978 2701 etsi
3030 2645 3322 2700 molestius
3369 2648 3500 2713 sit),
3558 2653 3672 2699 tum

2093 2757 2123 2795 a
2173 2750 2368 2794 natura
2414 2739 2489 2790 ita
2538 2746 2889 2807 comparato,
2933 2745 3049 2790 tum
3102 2752 3131 2789 a
3172 2735 3455 2807 Scriptura
3504 2737 3675 2791 infor-

2095 2840 2283 2884 mato:
2329 2829 2541 2883 idcirco
2587 2844 2709 2898 qua:
2748 2829 2932 2883 animo
2972 2828 3074 2897 17
3118 2836 3418 2883 occurrunt
3469 2830 3672 2884 scribo.

2092 2924 2172 2977 Ac
2224 2931 2281 2977 tu
2339 2922 2593 2975 ﬁduciam
2655 2937 2830 2975 meam
2889 2922 2941 2974 in
3004 2921 3201 2975 bonam
3258 2931 3469 2991 partem
3526 2920 3675 2975 acci-

2094 3016 2212 3084 pias
2257 3015 2458 3067 velim:
2493 3020 2586 3065 aut
2636 3012 2870 3080 injurius
2920 3013 2973 3066 in
3024 3011 3306 3065 veritatem
3352 3011 3559 3077 fueris,
3610 3011 3674 3064 li-

2095 3104 2359 3157 bertatem
2424 3103 2553 3155 mihi
2612 3101 2904 3165 adimens,
2955 3115 3270 3171 cogensque
3325 3116 3411 3155 me
3474 3115 3675 3155 conce-

2097 3204 2248 3265 ptum
2310 3209 2642 3260 mmrorem,
2700 3194 2851 3248 velut
2905 3194 3155 3247 morbum
3214 3192 3501 3262 quemdam
3560 3207 3668 3246 ma-

2095 3284 2299 3354 lignum
2336 3292 2390 3339 et
2446 3283 2875 3352 supputridmn,
2934 3283 3041 3335 imo
3097 3291 3318 3351 pectore
3372 3281 3671 3336 continere.

2095 3376 2312 3429 llonore
2360 3372 2579 3442 quidem
2638 3387 2724 3425 me
2772 3386 2802 3423 a
2858 3377 2913 3424 te
2971 3370 3108 3424 allici
3162 3370 3317 3424 laetor
3363 3370 3671 3440 (siquidem

2095 3468 2257 3521 homo
2294 3481 2435 3526 sum,
2471 3473 2529 3518 ut
2561 3463 2719 3532 prius
2743 3463 2879 3517 dixit
2909 3462 3411 3534 quispiam),atque
3437 3462 3504 3517 ad
3538 3478 3672 3517 con-

2094 3559 2216 3614 cilia
2245 3565 2297 3610 et
2324 3563 2628 3609 conventus
2658 3554 2975 3623 spirituales
3007 3555 3209 3608 vocari.
3254 3552 3454 3609 Verum
3479 3565 3686 3608 contu-u

2094 3650 2308 3703 mellam
2341 3647 2667 3701 charissimo
2700 3644 2852 3698 fratri
2888 3644 3098 3698 Basilio
3132 3662 3160 3698 a
3190 3654 3280 3699 tua
3319 3646 3517 3715 pietate
3554 3646 3673 3698 illa.

2048 3733 2204 3789 'tam
2248 3749 2405 3796 esse,
2457 3742 2620 3801 atque
2660 3732 2959 3786 etiamnum
3010 3732 3199 3787 inferri
3244 3735 3471 3788 moleste
3524 3734 3670 3796 fero,

2095 3832 2281 3893 utpote
2321 3838 2520 3893 quem,
2555 3830 2670 3875 tum
2699 3822 2825 3875 vita:
2847 3865 2861 3887 ,
2894 3831 3009 3874 tum
3048 3821 3380 3884 studiorum,
3404 3837 3467 3875 ac
3498 3822 3672 3877 subli-

2094 3916 2353 3971 missimse
2406 3913 2765 3983 philosophia:
2803 3913 3046 3976 socium,
3093 3923 3147 3968 et
3195 3913 3265 3967 ab
3307 3912 3464 3966 initio
3510 3913 3671 3982 elegi,

2093 4017 2146 4063 et
2176 4021 2319 4059 nunc
2375 4005 2552 4056 habeo
2586 4021 2600 4055 :
2638 4019 2737 4057 nec
2785 4003 3085 4073 quicquam
3135 4004 3267 4057 mihi
3303 4003 3374 4058 ob
3402 4004 3670 4074 judicium

2092 4097 2159 4152 de
2213 4112 2278 4151 eo
2328 4110 2511 4149 meum
2566 4109 2892 4148 succenseo.
2946 4093 3038 4149 Sic
3072 4095 3217 4148 enim
3263 4096 3484 4164 parcius
3523 4096 3670 4165 loqui

2093 4194 2316 4257 prastat
2350 4205 2364 4240 :
2399 4202 2466 4238 ne
2500 4185 2705 4253 alioqui
2740 4184 2911 4253 ipsius
2951 4184 3179 4239 virtutes
3213 4186 3515 4254 praedicans
3537 4226 3552 4249 ,
3587 4202 3673 4239 me

2095 4280 2271 4349 ipsum
2304 4278 2527 4331 laudare
2562 4278 2769 4329 videar.
2796 4275 2878 4329 Tu
2912 4292 3061 4339 vero,
3094 4278 3225 4330 dum
3258 4292 3324 4331 eo
3353 4286 3671 4348 contempto

2093 4384 2194 4423 nos
2222 4368 2431 4422 honore
2462 4366 2652 4427 amcis,
2690 4366 2915 4435 perinde
2944 4368 3073 4420 mihi
3120 4366 3299 4422 facere
3336 4368 3574 4432 videris,
3606 4384 3671 4421 ac

2092 4460 2140 4514 si
2186 4460 2312 4528 quis
2354 4459 2519 4512 unius
2550 4459 2651 4510 viri
2701 4467 2862 4527 caput
2897 4459 3065 4512 altera
3114 4473 3277 4512 manu
3323 4459 3665 4522 demulceat,

2094 4551 2263 4606 altera
2313 4551 2509 4602 malam
2560 4548 2754 4613 feriat;
2791 4557 2884 4601 aut
2928 4548 3089 4602 etiam
3131 4549 3443 4603 convellens
3472 4550 3670 4605 domus

2096 4642 2444 4696 fundamenta
2490 4642 2725 4710 parietes
2758 4642 2979 4711 pingat,
3011 4648 3175 4710 atque
3201 4650 3457 4696 externas
3485 4652 3669 4712 partes

2094 4739 2336 4785 exornet.
2365 4730 2601 4785 Proinde
2634 4733 2679 4785 si
2721 4733 2852 4801 quid
2886 4732 3016 4786 mihi
3048 4732 3531 4800 obtemperantium
3565 4749 3666 4802 pu-

2096 4825 2232 4877 tabis
2255 4863 2269 4886 ,
2305 4822 2407 4876 hoc
2442 4822 2628 4877 facies.
2661 4822 2729 4877 Ut
2765 4836 2944 4878 autem
2980 4825 3358 4893 obtemperes,
3404 4839 3434 4877 a
3464 4834 3515 4879 te
3548 4834 3669 4894 pcto

2096 4924 2149 4969 et
2172 4915 2444 4971 contendo
2471 4936 2483 4970 :
2506 4933 2721 4986 azquum
2746 4926 2830 4971 est
2856 4918 3021 4971 enim.
3061 4915 3116 4969 Si
3148 4918 3323 4977 illum.
3355 4927 3411 4969 ut
3442 4933 3539 4986 par
3562 4925 3668 4980 est,

2095 5009 2357 5071 colueris,
2390 5009 2506 5078 ipse
2539 5024 2758 5077 quoque
2790 5009 2859 5062 ab
2893 5024 2957 5062 e0
2991 5008 3231 5065 vicissim
3262 5009 3663 5083 qbservaberis.

2094 5098 2203 5156 Nos
2233 5108 2415 5154 autem
2459 5115 2774 5170 sequemur,
2806 5100 3261 5169 quemadmodum
3312 5101 3517 5155 umbraa
3544 5110 3667 5153 cor-

2088 5254 2155 5306 ah
2189 5252 2355 5308 Henr.
2388 5251 2666 5320 Stephano
2699 5254 2872 5308 editas
2907 5254 3021 5307 hau:
3048 5254 3284 5308 habetur
3315 5273 3329 5311 :
3355 5254 3663 5323 Τιμώμενοι

2079 5325 2188 5392 γὰρ
2212 5324 2412 5386 παντες
2430 5324 2650 5395 ἥδονται
2687 5324 2885 5395 βροτοίο
2924 5323 3139 5378 Honore
3174 5327 3315 5378 enim
3348 5325 3524 5392 a/Iecti
3547 5344 3662 5378 0m-

2085 5410 2171 5445 nes
2200 5396 2449 5445 lwlantar
2472 5394 2725 5447 homines.

2152 5462 2263 5533 (56)
2315 5463 2522 5533 Ἐπίᾉτε
2549 5463 2849 5529 συνόδους
2882 5462 2977 5515 καὶ
3018 5464 3371 5531 συλλόγους.
3401 5476 3660 5531 πνειινμίιο

2083 5531 2304 5597 τικούς.
2333 5532 2407 5586 Ita
2442 5531 2610 5597 Regg.
2672 5534 2800 5595 duo,
2839 5541 2892 5585 et
2959 5533 3146 5587 Billius
3175 5534 3229 5587 in
3259 5534 3528 5587 versicue.
3563 5534 3659 5587 ΙεΣιΙ.

2083 5549 2304 5597 τικους.
2333 5549 2407 5586 Ita
2444 5549 2519 5584 ne
2596 5569 2610 5584 .
2672 5549 2800 5595 uno,
2839 5549 2892 5585 et
2959 5549 3146 5587 minus
3175 5550 3229 5587 ιιι
3259 5549 3528 5587 versnoue.
3563 5549 3659 5587 r.u.

2082 5603 2220 5656 male
2249 5602 2340 5655 ὲπί
2381 5620 2437 5654 τε
2474 5549 2762 5670 συελὶόγους
2793 5604 2887 5656 καὶ
2932 5604 3181 5667 συνόδους
3230 5602 3661 5672 πνευματικοὺς,

2087 5681 2232 5727 esset
2266 5674 2409 5726 enim
2444 5672 2725 5743 legendum
2755 5673 3143 5743 πνευματικὰς.

2162 5742 2271 5808 (57)
2294 5740 2679 5812 ﬂama-ﬁxos.
2711 5743 2783 5795 Ita
2821 5740 2948 5812 Reg.
2974 5760 3135 5808 unus,
3168 5752 3219 5800 et
3250 5742 3439 5797 Dillius
3464 5742 3516 5795 in
3541 5755 3663 5797 νει-α

2088 5813 2260 5868 sione.
2289 5811 2383 5867 Ed.
2423 5811 2571 5868 male
2589 5830 2687 5867 κατ
2698 5812 2905 5882 αψέχοι.
