5168 6648
1129 439 1186 492 51
2325 432 2380 486 S.
2424 431 2752 487 GIIEGOItII
2792 429 3138 485 TIIEOLOGI
4308 429 4378 482 5‘2

1131 571 1286 624 pora,
1313 564 1500 624 utpote
1546 555 1719 624 parvi,
1745 564 1799 609 et
1825 552 1892 607 ad
1924 567 2111 622 pacem
2151 554 2552 621 prepensiores.
2586 551 2704 604 Non
2736 564 2779 615 Α
2807 553 2835 604 ὃ
2864 549 2956 603 τοῦ
2991 550 3111 603 καθ’
3145 552 3172 620 ἡ

2333 554 2552 606 [ιδίυι-οε..
2586 551 2704 604 Non
2736 564 2779 615 Α
2807 553 2835 604 ὃ
2864 549 2956 603 τοῦ
2991 550 3111 603 καθ’
3145 551 3292 620 ἡμᾶς
3319 549 3480 616 λόγου
3508 547 3801 616 κεφάλαιόν
3831 548 3967 612 ἐστι,
3996 546 4095 615 τῆς
4135 544 4374 615 ἀγάπης·

1128 635 1273 699 enim
1328 645 1402 697 ita
1440 645 1641 698 misero
1682 653 1827 699 statu
1881 659 1970 698 res
2022 649 2225 697 nostra:
2275 649 2424 706 sunt,
2474 652 2532 694 ut
2578 643 2699 696 aliis

1128 736 1351 806 quidem
1386 737 1438 788 in
1489 737 1654 791 rebus
1687 735 2090 804 philosophari,
2138 734 2526 803 melioremque
2570 749 2699 802 par-

1131 836 1238 880 tem
1265 827 1420 895 sequi
1474 828 1741 886 velimus;
1774 821 2120 880 dilectionem
2153 834 2354 890 autem,
2381 839 2502 893 quae
2534 826 2701 876 totius

1127 918 1390 972 doctrinae
1443 928 1643 974 nostra:
1681 927 1846 987 caput
1883 925 2000 980 est,
2045 925 2460 970 contemnamus
2504 927 2558 967 et
2606 928 2705 982 pro

2805 641 2978 703 ἄλλως
3016 657 3073 692 τε
3114 641 3208 692 καὶ
3242 639 3378 710 πρὸς
3416 637 3585 708 ἄνδρα
3627 638 3777 707 ἱερέα
3804 653 3864 688 τε
3897 636 3991 689 καὶ
4021 636 4295 698 τοσοῦτον,
4318 636 4378 688 ὃν

2807 731 2902 782 καὶ
2919 729 3039 799 βίῳ,
3064 729 3157 780 καὶ
3173 727 3338 797 λόγῳ⁹
3365 728 3460 780 καὶ
3484 726 3728 796 πολιτείᾳ
3748 726 3860 796 (38)
3890 725 4108 778 πάντων
4134 725 4374 795 ἄριστον,

2807 816 2882 874 ὧν
2912 822 3090 889 ἴσμεν,
3126 817 3488 889 γινώσκομεν.
3531 818 3606 872 Οὐ
3652 819 3761 888 γὰρ
3808 819 4160 889 ὲπισκοτήσει
4199 816 4260 869 τὸ
4286 816 4378 868 λυ·

2809 911 3025 964 πεῖσθαι
3053 914 3120 980 τῇ
3155 909 3400 980 ἀληθείᾳ.

1131 1008 1302 1062 nihilo
1327 1010 1628 1074 ducamus;
1657 1025 1720 1063 ac
1748 1009 2050 1078 pi'aasertim
2081 1023 2208 1077 erga
2234 1009 2408 1061 virum
2440 1007 2803 1067 sacerdotem,
2843 1013 3061 1072 tamque
3091 1003 3381 1071 insignem,
3413 1015 3574 1070 quem
3628 1008 3682 1053 et
3740 998 3870 1061 vita,
3907 1007 3962 1052 et
3994 1012 4247 1051 sermone
4269 1038 4284 1059 ,
4323 1003 4378 1049 et

1128 1100 1396 1164 instituto,
1423 1102 1691 1167 omnium,
1718 1118 1857 1171 quos
1896 1101 2168 1163 novimus,
2197 1099 2703 1169 prmstantissimum
2742 1113 2865 1152 esse
2935 1095 3304 1167 agnoscimus.
3366 1091 3548 1162 Neque
3590 1091 3735 1144 enim
3777 1103 3997 1152 Inmror,
4055 1103 4165 1158 quo
4203 1086 4378 1140 aﬂ‘eeti

1082 1229 1084 1231 ›
1129 1193 1353 1262 fuimus,
1387 1196 1602 1248 veritati
1639 1196 1893 1250 tenebras
1919 1193 2190 1248 infundet.

1687 1306 1850 1360 XVII.
1900 1305 2132 1360 EIDEM.

3280 1299 3377 1350 IZ'.
3422 1296 3508 1366 Τῼ
3546 1293 3728 1362 ΑΥΤῼ
3769 1291 3900 1362 (59).

1130 1393 1250 1448 Non
1286 1399 1398 1453 sine
1444 1401 1728 1468 o/I'ensione
1760 1401 1959 1452 monita
1991 1397 2228 1468 Gregorii
2259 1401 2454 1468 accepit
2489 1393 3174 1468 Ca'sariensis__ep_iscopus,
3206 1391 3357 1468 idque
3384 1389 3523 1468 datis
3565 1391 3633 1441 ad
3663 1405 3781 1468 eum
3813 1389 4004 1442 litteris
4034 1388 4375 1458 significavit,

1777 1469 1965 1539 quibus
1993 1461 2320 1523 non'miuori
2359 1461 2600 1523 libertate
2628 1465 2889 1534 respondit
2912 1461 3192 1530 Gregorius
3219 1461 3442 1526 epistola
3469 1462 3717 1528 sequenti.

1195 1563 1313 1617 Non
1331 1565 1726 1620 contumeliose
1745 1566 1923 1633 potius
1954 1573 2116 1634 atque
2141 1565 2463 1629 insolenter,
2488 1580 2676 1633 quem-

1127 1655 1421 1734 admodum
1458 1664 1534 1734 Atu
1589 1655 1660 1709 de
1718 1656 1946 1724 epistola
1992 1665 2182 1710 nostra
2236 1664 2571 1725 conquestus
2608 1670 2687 1718 es,

1127 1762 1292 1816 quam
1331 1730 1693 1815 spiritualiter
1719 1763 1782 1799 ac
1823 1747 2218 1816 philosOpbice,
2254 1756 2440 1816 atque,
2469 1755 2525 1800 ut
2561 1762 2693 1800 con-

1129 1843 1450 1890 sentaneum
1479 1847 1617 1898 erat,
1659 1837 1877 1903 scripsi,
1910 1837 2019 1891 nisi
2059 1837 2162 1891 hoc
2191 1854 2411 1908 quoque
2445 1838 2696 1891 disertis-

1129 1927 1329 1979 simum
1365 1925 1689 1996 Gregorium
1731 1929 1870 1981 male
1917 1927 2133 1981 habeat.
2171 1927 2285 1984 Etsi
2334 1929 2479 1980 enim
2516 1928 2694 1998 digni-

1129 2017 1259 2071 tatis
1287 2017 1457 2087 gradu
1507 2033 1761 2086 superas,
1815 2028 1870 2072 at
1916 2019 2076 2072 nobis
2114 2028 2295 2072 tamen
2337 2018 2543 2087 aliquid
2595 2018 2702 2087 18

1123 2106 1286 2173 iusta:
1329 2106 1598 2160 libertatis
1650 2119 1715 2160 ac
1770 2107 2002 2160 licentia:
2045 2107 2224 2163 dabis.
2279 2107 2358 2160 Ac
2415 2115 2700 2177 propterea
2734 2140 2774 2193 Β

1130 2188 1504 2263 benigniorem
1547 2203 1597 2248 te
1641 2195 1803 2248 nobis
1842 2196 2040 2264 prabe.
2075 2196 2131 2249 Si
2177 2203 2235 2248 tu
2270 2195 2556 2263 epistolam
2601 2210 2701 2248 no-

1128 2293 1301 2338 stram
1341 2286 1719 2354 reprehendis,
1761 2294 2020 2356 tanquam
2070 2287 2280 2350 famuli,
2328 2295 2493 2356 atque
2524 2287 2700 2340 homi-

1130 2374 1210 2428 nis
1252 2375 1346 2444 qui
1391 2386 1444 2429 te
1494 2391 1562 2429 ne
1607 2376 1824 2429 obtneri
1874 2375 2093 2444 quidem
2147 2374 2363 2438 debeat,
2405 2377 2488 2429 sic
2533 2376 2698 2429 etiam

1131 2466 1320 2536 plagas
1357 2467 1716 2536 aecipiemus,
1767 2482 1831 2521 ac
1875 2484 1943 2521 ne
1988 2469 2257 2537 lacrymas
2290 2468 2508 2535 quidem
2537 2467 2698 2520 emit-

1129 2567 1326 2613 temus.
1364 2561 1448 2612 An
1493 2559 1597 2612 hoc
1631 2574 1851 2629 quoque
1881 2559 2041 2613 nobis
2080 2559 2298 2613 crimini
2345 2559 2609 2612 dabitur?
2641 2557 2698 2612 Id

2867 1559 2979 1627 Οὐχ
3012 1553 3342 1626 ὑϐριστικῶς
3369 1553 3654 1605 ἐπέστειλα
3682 1553 3902 1622 μᾶλλον,
3928 1552 4117 1624 ῶσπερ
4148 1554 4380 1624 ὲμέμψω

2797 1649 2895 1718 τῆς
2930 1646 3247 1715 ἐπιστολῆς,
3289 1644 3324 1714 ἢ
3363 1642 3748 1712 πνευματικῶς
3795 1659 3854 1694 τε
3900 1641 3995 1694 καὶ
4040 1640 4378 1710 φιλοσόφως,

2799 1741 2894 1790 καὶ
2921 1738 2998 1800 ὼς
3031 1737 3176 1798 εἰκὸς
3208 1732 3296 1806 ἦν,
3325 1736 3373 1787 εί
3402 1734 3476 1806 μὴ
3512 1735 3605 1787 καὶ
3637 1734 3795 1786 τοῦτο
3827 1734 3986 1788 λυπεῖ
4005 1732 4378 1800 τδνολογιώτα-

2802 1846 2892 1881 τον
2929 1829 3223 1899 Γρηγόριον
3257 1827 3388 1896 (40).
3427 1826 3530 1880 Καὶ
3567 1825 3677 1896 γὰρ
3716 1827 3764 1877 εί
3801 1824 3878 1894 τῷ
3913 1823 4103 1894 βαθμῴ
4139 1829 4378 1896 κρατεῖς,

2805 1920 2941 1974 ἀλλὰ.
2980 1919 3170 1982 δώσεις
3203 1936 3254 1970 τι
3297 1919 3390 1970 καὶ
3420 1920 3550 1987 ἡμῖν
3581 1917 3892 1988 ἐλευθερίας
3932 1920 4024 1969 καὶ
4069 1919 4381 1988 παρρησίας

2803 2011 3038 2074 δικαίας.
3069 2011 3179 2062 Καὶ
3215 2010 3303 2062 διὰ
3340 2009 3497 2061 τοῦτο
3532 2009 3624 2060 ἔσο
3660 2010 3791 2078 ἡμῖν
3824 2007 4203 2079 χρηστότερος.
4238 2009 4382 2080 Πλὴν

2804 2105 2852 2155 εί
2874 2103 3079 2172 κρίνεις
3104 2101 3201 2171 τὴν
3227 2100 3512 2171 ἐπιστολὴν
3531 2101 3606 2163 ὡς
3629 2101 3856 2162 οἰκέτου,
3885 2101 3977 2153 καὶ
4003 2101 4110 2152 οὐδ’
4134 2101 4380 2153 ἀντιὸλέ-

2805 2211 2928 2246 πειν
2954 2193 3064 2261 (LI)
3091 2192 3422 2259 ὀφείλοντος,
3449 2191 3594 2244 οὓτω
3621 2191 3685 2258 δὴ
3709 2192 3801 2244 καὶ
3835 2191 4049 2260 πληγὰς
4076 2191 4378 2262 ληψόμεθα,

2804 2287 2896 2337 καὶ⁵
2923 2285 3043 2337 οὐδὲ
3071 2283 3432 2354 δακρύσομεν.
3473 2284 3542 2335 Ἦ
3577 2284 3670 2335 καὶ
3700 2282 3859 2335 τοῦτο
3891 2283 4377 2354 ὲγκληθησόμεθα;

2802 2377 2831 2428 ὅ
2877 2377 3081 2439 πάντας
3144 2375 3372 2445 μᾶλλον,
3427 2375 3460 2445 ἢ
3521 2375 3620 2444 τὴν
3685 2375 3784 2444 σὴν
3850 2374 4133 2426 εὐλάϐειαν
4187 2374 4382 2426 παθεῖν

2805 2469 2970 2535 ἄξιον.
3014 2471 3168 2522 Ἐστι
3205 2468 3314 2538 γὰρ
3352 2467 3546 2537 ἀνδρὸς
3598 2466 3996 2536 μεγαλόφρονος
4044 2467 4212 2534 φίλων
4247 2468 4382 2518 ἁπο-

2803 2560 3052 2631 δέχεσθαι
3082 2559 3278 2630 μᾶλλον
3307 2557 3639 2628 ἐλευθερίαν,
3663 2557 3696 2627 ἢ
3721 2559 3930 2627 ἐχθρῶν
3951 2557 4259 2611 κολακείαν.

1128 2663 1277 2707 certe
1322 2653 1498 2707 cuivis
1539 2655 1764 2724 potius,
1823 2669 1986 2724 quam
2038 2654 2226 2723 pietati
2281 2663 2407 2715 tuae,
2465 2654 2714 2708 accidere
2769 2655 3046 2708 convenit.
3119 2651 3216 2707 Est
3275 2653 3419 2706 enim
3481 2651 3720 2704 hominis
3789 2651 3955 2704 animi
4007 2650 4380 2720 magnitudine

1132 2745 1364 2812 pra-diti,
1393 2747 1695 2799 amicorum
1732 2747 1914 2824 potius
1956 2746 2283 2809 libertatem,
2315 2761 2482 2816 quam
2515 2746 2861 2800 inimicorum
2894 2744 3188 2800 blanditias
3211 2745 3486 2813 amplecti.

1689 2855 1872 2909 XVIII.
1913 2854 2140 2908 EIDEM.

3278 2855 3386 2908 nr.
3428 2853 3516 2925 τᾳ
3553 2853 3736 2924 ΑΥΤῼ
3775 2852 3907 2922 (ιε).

1206 2949 1377 3000 Tertia
1405 2947 1514 3000 hwc
1543 2956 1618 3000 est
1646 2945 1884 3018 Gregorii
1913 2950 1980 3002 ad
2011 2948 2294 3002 Eusebium
2341 2947 2723 3002 Cwsarieusem
2759 2948 3006 3016 epistola,
3043 2947 3098 2999 in
3123 2963 3228 3016 qua
3263 2945 3622 3000 moderatione
3670 2958 3719 3001 et
3763 2947 3980 3000 lenitate
4012 2948 4195 3000 statim
4225 2963 4376 3011 usus,

1132 3026 1408 3071 venturum
1436 3035 1489 3070 se
1515 3021 1801 3084 respondit,
1836 3029 1893 3070 ut
1927 3034 2117 3088 preces
2150 3032 2274 3071 cum
2308 3021 2562 3086 precibus
2579 3021 2852 3088 iungeret,
2880 3033 3098 3086 unaque
3124 3026 3415 3088 pugnaret,
3445 3025 3499 3072 et
3525 3032 3632 3086 qua
3665 3033 3827 3088 voce,
3847 3032 3953 3084 qua
3983 3032 4148 3088 opera
4175 3020 4377 3087 pugiles

1130 3105 1190 3139 co
1221 3095 1467 3152 tempore,
1498 3103 1608 3156 quo
1651 3089 1775 3142 ferte
1799 3090 1851 3142 in
1891 3087 2190 3143 Ecclesiam
2222 3088 2482 3155 impetum
2531 3087 2791 3146 fecerant,
2832 3088 3127 3154 adjuvaret.
3184 3087 3388 3153 Quibus
3432 3088 3599 3141 verbis
3630 3087 3878 3145 ostendit.
3907 3104 4012 3156 qua
4041 3087 4106 3140 de
4135 3105 4303 3140 causa
4331 3099 4381 3142 et

1130 3173 1232 3224 quo
1262 3173 1399 3210 anno
1429 3157 1492 3208 ab
1523 3155 1750 3226 Eusebio
1776 3167 2083 3220 vocaretur;
2115 3172 2174 3210 eo
2198 3157 2470 3219 nimirum,
2500 3175 2600 3226 quo
2632 3159 2795 3211 veluti
2826 3161 2997 3211 nubes
3023 3157 3308 3224 grandinis
3341 3159 3497 3226 plena
3521 3165 3575 3211 et
3603 3158 3860 3217 stridens,
3887 3155 4090 3211 Clu-imi
4120 3158 4382 3212 inimicis-

1133 3230 1306 3280 simus
1345 3226 1640 3294 imperator
1676 3225 1873 3282 Valens
1901 3227 2162 3282 Caesareae
2192 3241 2315 3278 cum
2349 3225 2613 3296 improbis
2651 3233 2768 3280 suis
2801 3228 3123 3294 praesulibus
3167 3225 3493 3280 imminebat.
3533 3225 3808 3295 Magnum,
3842 3227 4008 3294 inquit
4039 3226 4172 3296 (43),
4199 3237 4380 3280 certa-

1135 3311 1260 3348 men
1292 3296 1630 3366 propositum
1653 3306 1805 3361 erat;
1835 3313 1941 3350 non
1974 3298 2165 3366 ignava
2189 3297 2352 3366 etiam
2379 3298 2674 3366 multorum
2699 3298 2978 3361 alacritas,
3009 3297 3103 3350 sed
3137 3296 3320 3349 intima
3343 3297 3510 3361 acies,
3540 3304 3725 3363 utpote
3749 3309 3944 3366 carens
3971 3307 4373 3366 propugnatore

1133 3380 1197 3416 ac
1227 3369 1398 3436 perito
1425 3365 1750 3432 defensore;
1779 3382 1930 3436 quem
1968 3364 2024 3420 in
2053 3365 2282 3428 Basilio,
2315 3365 2422 3418 imo
2453 3377 2503 3420 et
2537 3369 2590 3420 in
2629 3365 2901 3436 Gregorio,
2946 3367 3036 3436 qui
3083 3367 3202 3419 lidei
3247 3375 3678 3435 propugnatores
3709 3364 3865 3419 ambo
3897 3364 4167 3435 designati
4207 3377 4381 3430 erant,

1135 3449 1257 3486 mox
1284 3434 1486 3487 habuit.

1203 3524 1282 3579 Ne
1333 3526 1447 3596 ipse
1491 3527 1712 3597 quidem
1753 3528 1958 3598 alioqui
2010 3530 2277 3584 malevolo
2335 3531 2389 3584 in
2439 3530 2696 3600 pietatem
2725 3537 2770 3596 ο
2871 3526 3028 3600 Εἶχον
3071 3529 3170 3601 μὲν
3214 3546 3243 3582 ο

2342 3531 2389 3584 in
2439 3530 2696 3600 pietatem
2725 3537 2770 3596 ο
2871 3526 3028 3600 Εἶχον
3071 3529 3170 3601 μὲν
3214 3530 3324 3582 οὐδ’
3369 3529 3542 3592 ἄλλως
3597 3529 3735 3598 πρὸς
3790 3527 3888 3598 τὴν
3945 3528 4043 3599 σὴν
4098 3529 4383 3587 εὐλάϐειαν

1146 3622 1294 3668 luam
1325 3616 1508 3669 animo
1548 3613 1925 3688 eram,'neque
1955 3619 2060 3671 hoc
2093 3621 2313 3672 nomine
2339 3635 2424 3672 me
2451 3618 2708 3671 crimine-

1145 3709 1240 3763 ris.
1276 3705 1476 3762 Verum
1525 3718 1878 3778 posteaquam
1928 3709 2189 3761 nonnulla
2235 3723 2361 3762 cum
2399 3707 2595 3760 fiducia
2624 3707 2705 3758 lo-

1139 3798 1343 3868 quendi
1400 3800 1705 3854 libertatem
1761 3801 2021 3870 usurpavi
2075 3801 2228 3868 (quo
2273 3799 2524 3852 videlicet
2579 3813 2709 3851 con—

1137 3900 1354 3962 ceptum
1422 3893 1604 3946 animo
1657 3907 1948 3946 mcerorem
2014 3891 2240 3945 lenirem
2293 3905 2358 3944 ac
2407 3893 2704 3955 curarem),

1138 3984 1322 4036 statim
1361 3985 1503 4037 cessi
1545 3999 1609 4036 ac
1657 3984 1944 4046 succubui,
1986 3998 2180 4052 meque
2229 3982 2428 4051 regulae
2478 3982 2708 4035 libenter

1135 4074 1365 4142 subjeci.
1404 4074 1606 4140 Quidni
1656 4075 1805 4128 enim
1845 4074 1898 4127 id
1939 4073 2194 4137 iacerem,
2249 4089 2373 4127 cum
2420 4081 2474 4128 et
2527 4081 2619 4138 te,
2651 4081 2707 4127 et

1136 4165 1366 4233 spiritus
1427 4166 1573 4234 leges
1633 4166 1882 4235 cognitas
1941 4164 2244 4218 haberem?
2302 4162 2460 4217 Nunc
2525 4175 2703 4218 autem

1135 4257 1350 4310 etiamsi
1391 4257 1654 4310 malevolo
1693 4265 1748 4311 et
1797 4257 1989 4326 ignavo
2048 4255 2229 4308 animo
2276 4269 2479 4318 essein,
2523 4263 2705 4309 tamen

1137 4347 1316 4416 ipsum
1366 4355 1583 4416 tempus
1627 4362 1712 4400 me
1762 4347 1865 4400 boc
1901 4345 2096 4400 affectu
2141 4345 2391 4398 laborare
2419 4359 2529 4398 non
2567 4346 2706 4413 pati-

1137 4447 1250 4500 tur,
1299 4453 1399 4492 nec
1447 4437 1594 4502 ferte,
1646 4453 1770 4508 qua:
1823 4439 2080 4505 impetum
2128 4436 2180 4489 in
2228 4435 2527 4490 Ecclesiam
2562 4435 2706 4489 fece-

1135 4537 1286 4591 rum,
1323 4543 1421 4582 nec
1446 4529 1685 4598 denique
1715 4542 2013 4598 generosus
2043 4534 2172 4581 tuus
2201 4533 2567 4596 strenuusque
2587 4528 2704 4580 ani-

1136 4636 1258 4673 mus
1292 4621 1369 4674 ita
1400 4621 1614 4674 sincere
1644 4637 1708 4674 ac
1735 4621 1855 4674 sine
1884 4620 2011 4673 fuco
2038 4633 2136 4688 pro
2165 4617 2405 4672 Ecclesia
2432 4634 2701 4688 pugnans.

1141 4709 1431 4766 Veniemus
1469 4713 1654 4781 igitur,
1691 4714 1738 4767 si
1787 4712 1860 4764 ita
1897 4711 2137 4775 videtur,
2173 4718 2232 4762 ut
2275 4717 2331 4764 et
2374 4725 2566 4780 preces
2603 4727 2702 4764 no-

1137 4811 1280 4856 stras
1307 4816 1431 4854 cum
1460 4803 1661 4856 vestris
1689 4802 2112 4870 conjuugamus.
2139 4809 2191 4854 et
2233 4815 2340 4854 una
2375 4817 2699 4870 pugnemus,

2811 3622 3180 3692 μικροψύχως,
3224 3622 3299 3692 μὴ
3331 3621 3488 3673 τοῦτο
3527 3637 3630 3690 μου
3666 3621 3972 3691 καταγνῷς·
4009 3621 4144 3674 ἀλλὰ
4190 3624 4384 3693 μικρὸν

2807 3713 3188 3780 ὲλευθεριάσας
3215 3713 3327 3782 (44)
3359 3729 3418 3764 τε
3449 3715 3544 3765 καὶ
3578 3712 3860 3783 θαρρήσας
3893 3714 4038 3784 (ὅσον
4072 3714 4134 3766 τὸ
4179 3714 4383 3767 λυποῦν

2804 3807 3064 3875 ὲπιψύξαι
3128 3810 3220 3860 καὶ
3276 3806 3679 3877 θεραπεῦσαι),
3743 3807 3942 3859 αὐτίκα
3991 3806 4231 3876 ἡττήθην
4289 3809 4385 3861 καὶ

2807 3898 3132 3968 ὐπεκλίθην,
3167 3899 3258 3951 καὶ
3295 3898 3374 3968 τῷ
3403 3898 3586 3950 κανόνι
3623 3897 3803 3968 φέρων
3841 3897 4076 3968 ἐμαυτὸν
4107 3899 4378 3969 ὐπέθηκα.

2806 3990 2871 4041 Τί
2895 3991 2952 4042 δὲ
2978 3991 3078 4043 οὐκ
3104 3991 3327 4061 ἔμελλόν
3365 3991 3425 4044 σέ
3453 4009 3512 4044 τε
3537 3991 3841 4058 γινώσκων,
3868 3992 3961 4043 καὶ
3993 3991 4189 4060 νόμους
4217 3991 4382 4044 πνεῦ-

2809 4097 3004 4150 ματος;
3048 4081 3162 4132 Νῦν
3213 4080 3270 4133 δὲ
3315 4083 3410 4134 καὶ
3454 4082 3503 4133 εί
3547 4081 3665 4133 λίαν
3713 4080 4064 4152 μικροψύχως
4104 4078 4248 4150 εἶχον
4289 4085 4384 4134 καὶ

2806 4169 3065 4236 ἀγεννῶς,
3095 4170 3210 4224 ἀλλ’
3247 4172 3276 4224 ὃ
3303 4188 3368 4240 γε
3399 4173 3587 4241 καιρὸς
3613 4173 3712 4224 οὐκ
3744 4173 3810 4242 ἐᾷ
3830 4172 3986 4225 τοῦτο
4016 4173 4265 4242 πάσχειν,
4287 4174 4384 4227 καὶ

2805 4261 2855 4311 οἱ
2881 4260 3318 4331 καταδραμόντες
3339 4261 3503 4332 θῆρες
3533 4265 3599 4331 τῇ
3634 4261 3928 4333 Ἐκκλησία
3956 4262 4092 4333 (45),
4125 4262 4186 4314 τό
4212 4279 4270 4314 τε
4292 4263 4384 4316 σὸν

2807 4352 3048 4416 γενναῖον
3085 4351 3180 4404 καὶ
3208 4351 3490 4422 ἀνδρικὸν,
3542 4351 3685 4404 οὓτω
3721 4351 3975 4421 καθαρῶς
4016 4354 4110 4405 καὶ
4146 4353 4383 4422 γνησίως

2806 4441 3182 4510 προπολεμοῦν
3217 4443 3317 4505 τῆς
3359 4443 3685 4510 Ἐκκλησίας
3716 4444 3850 4512 (46).
3888 4444 4128 4512 Ἥξομεν
4167 4441 4292 4506 οὖν,
4332 4448 4382 4498 εί

2805 4530 2971 4593 δοκεῖ,
3013 4542 3104 4584 και
3153 4535 3273 4595 ταῖς
3311 4533 3498 4602 εὐχαῖς
3543 4534 3670 4602 ὐμῖν
3712 4533 4236 4603 συλλαμϐανόμενοι,
4288 4537 4380 4586 καὶ

2807 4622 3318 4693 συναγωνιούμενοι,
3351 4626 3444 4676 καὶ
3465 4625 3954 4694 ὐπηρετησόμενοι,
3986 4627 4079 4677 καὶ
4105 4625 4179 4688 ὼς
4209 4625 4379 4695 ἀθλη-

2804 4712 2903 4780 τὴν
2925 4712 3144 4782 ἄριστον
3161 4715 3450 4768 κελευσταὶ
3473 4715 3680 4778 παῖδες,
3695 4717 3817 4777 ταῖς
3837 4716 4249 4786 ὐποφωνήσεσιν
4269 4717 4379 4786 (ιῖ)

2807 4803 3204 4873 ἐπαλείψοντες.

1135 4902 1190 4946 et
1239 4907 1460 4961 operam
1503 4893 1656 4947 vobis
1721 4908 2006 4954 navemus,
2053 4900 2255 4961 atque,
2309 4899 2366 4944 ut
2414 4893 2928 4961 prmstantissimum
2972 4899 3209 4966 pugilem
3255 4897 3564 4951 hortatores
3615 4895 3790 4965 pueri,
3853 4897 4380 4956 succlamationibus

1136 4983 1446 5036 incitemus.

1205 5097 1320 5169 (58)
1361 5098 1657 5163 Πολιτείᾳ.
1686 5098 1877 5169 Billius
1901 5097 2062 5152 vertit
2114 5099 2336 5160 canitie;
2361 5099 2518 5166 quasi
2559 5099 2704 5169 lege-
2742 5107 2783 5159 ι)
2880 5097 2992 5162 (42)
3028 5098 3176 5169 Alias
3198 5095 3861 5169 CLXX.rScript_a_eodet_n
3895 5109 4059 5147 anno.

1136 5167 1416 5236 πίιπολιᾷ,
1473 5171 1617 5234 quod
1674 5170 1725 5220 in
1769 5167 2094 5236 quibusdam
2118 5169 2277 5220 codd.
2313 5170 2561 5222 habetur.
2595 5167 2700 5222 Sed

1137 5240 1418 5290 retinenda
1441 5248 1525 5291 est
1546 5239 1705 5291 lectio
1731 5238 1975 5307 πολιτείᾳ
1995 5254 2007 5266 ·
2040 5252 2149 5290 ιιοη
2173 5238 2320 5290 enim
2346 5237 2546 5291 Basilio
2574 5248 2701 5291 tunc

1135 5314 1253 5359 erat
1277 5315 1408 5359 aetas
1441 5307 1522 5360 sic
1556 5315 1833 5376 provecta,
1866 5317 1922 5359 ut
1957 5307 2158 5360 canitie
2191 5307 2329 5360 foret
2361 5321 2470 5375 pra:
2488 5311 2702 5362 ca:teris

1135 5383 1421 5430 verendus.

1206 5447 1316 5514 (59)
1357 5447 1506 5500 Alias
1532 5443 1760 5500 CLXIX.
1801 5443 2012 5513 Scripta
2052 5460 2196 5498 anno
2222 5447 2346 5499 565.

1207 5515 1316 5584 (40)
1359 5515 1469 5569 Τὸν
1489 5515 1847 5584 λογιώτατον
1869 5517 1917 5566 Γ
1914 5516 2213 5582 ρηγιλριον.
2245 5517 2548 5571 Censemus
2573 5517 2704 5571 Gre-

1135 5586 1348 5650 gorium
1409 5587 1487 5639 sic
1550 5586 1721 5640 fuisse
1764 5586 1834 5638 ab
1883 5584 2119 5639 Eusebio
2172 5586 2378 5640 ironice
2423 5603 2704 5655 nuncupa—

1135 5664 1316 5794 ῗυῗῒί)
1369 5722 1476 5776 Καὶ
1508 5723 1634 5778 οὐδ’
1686 5724 2081 5794 ἀντιϐλέπειν.
2141 5723 2213 5778 Ita
2246 5724 2410 5794 Rc-gg.
2459 5733 2603 5786 tres,
2650 5734 2704 5779 et

1144 5791 1330 5848 Dillius
1362 5795 1414 5847 in
1449 5797 1712 5850 versione.
1739 5793 1836 5848 Ed.
1875 5795 2013 5850 male
2046 5796 2136 5848 καὶ
2164 5791 2521 5849 ἀντιϐλέπειν.

2882 5169 2993 5237 (45)
3032 5167 3194 5235 Greg.
3227 5181 3374 5237 orat._
3397 5168 3486 5227 45,
3510 5183 3564 5219 ιι.
3597 5167 3744 5237 Silet
3771 5165 3858 5217 51.

2881 5232 2993 5306 (44)
3045 5232 3516 5303 Ἐλευθεριὰσιις.
3546 5237 3622 5290 Ita
3653 5233 3785 5303 Reg.
3812 5249 3977 5295 unus,
4007 5241 4061 5288 et
4096 5232 4247 5289 Pass.
4282 5235 4378 5292 Ed.

2809 5307 3216 5376 ὲλευθεριώσας.

2880 5369 3117 5446 (45)’Τῆ
3170 5375 3516 5441 Ἐκκλησία.
3577 5373 3651 5427 lta
3685 5370 3840 5426 Pass.
3892 5369 3992 5425 Ed.
4031 5373 4213 5428 minus
4249 5378 4383 5428 bene

2808 5447 2903 5518 τῆς
2920 5517 2928 5518 7
2948 5447 3286 5518 ‘I-Ixx'anaiac:

2883 5517 2996 5586 (b6)
3037 5509 3141 5567 Καί
3164 5514 3458 5586 Adv-6.05be
3487 5513 3639 5566 οὕτω
3690 5509 4086 5586 καθαρῶς-βίαι
4120 5515 4384 5586 γνησίως

2810 5579 3228 5652 προπολεμοῦν
3273 5579 3381 5650 τῆς
3425 5583 3926 5652 Ἐκκλησίαςηιιει
3963 5579 4141 5652 Pass.,
4181 5596 4230 5635 ct
4279 5583 4383 5634 Bil-

2810 5651 2916 5708 lius
2950 5657 3003 5708 in
3033 5651 3300 5708 versione.
3336 5655 3435 5706 ω.
3463 5655 3603 5705 male
3636 5653 3729 5703 καὶ
3757 5651 4018 5721 ἀνδρεῖον
4041 5651 4183 5704 οὕτω
4217 5657 4385 5705 καθα-

2813 5723 2919 5793 ρῶς
2944 5723 3314 5792 προπολεμοῦν
3348 5725 3442 5776 καὶ
3478 5722 3712 5792 γνησίως
3743 5719 4183 5793 τὴςξέλευθερίαε

2884 5790 2994 5854 (Hi
3043 5790 3705 5859 Ταῖέὺποφωνήσέσιν.
3761 5790 3895 5845 Male
3957 5800 4111 5843 vertit
4169 5790 4375 5844 Billius.
