5168 6648
1074 392 1148 452 5'5
2281 413 2340 469 S.
2376 415 2707 476 GREGOIIII
2746 420 3091 484 THEOLOGI
4258 432 4331 491 56

1069 508 1182 562 lum
1221 509 1427 582 ell‘ngit,
1475 517 1685 574 art-tius
1724 520 1772 575 ei
1813 520 2153 595 adjungitur,
2186 541 2217 581 a
2262 545 2374 600 quo
2414 534 2645 591 salutem
2674 547 2723 603 Α
2752 558 2939 598 σαντα.
2966 546 3057 616 Μὴ
3094 563 3110 598 ι

2286 547 2374 600 luo
2414 534 2645 591 salutem
2674 547 2723 603 Α
2752 558 2939 598 σαντα.
2966 546 3057 616 Μὴ
3094 540 3187 600 οὖν
3224 547 3306 600 δτι
3346 549 3763 619 μετεσχήκαμεν
3793 548 3889 601 τοῦ
3916 545 4109 614 κακοῦ,
4140 549 4327 621 δυσχε-

1068 609 1535 673 θειηςοηεοοιιιυε.
1566 608 1806 667 Proinde
1843 628 1976 679 non,
2010 618 2141 686 quia
2175 621 2308 676 mali
2341 626 2641 696 participes

1066 695 1398 791 exstitimus,
1441 700 1789 773 indignemur
1822 725 1835 761 :
1870 707 1966 762 sed
2004 710 2134 780 quia
2153 711 2467 786 effugimus,
2501 721 2643 791 grati

1065 785 1232 839 animi
1273 788 1450 846 oﬁicio
1498 793 1812 866 fungamur.
1866 797 1976 855 Nec
2030 802 2170 859 alios
2212 785 2315 863 nos
2356 807 2466 864 Deo
2501 785 2645 868 inter

1065 878 1352 946 pericula,
1387 892 1441 937 et
1474 887 1617 942 alios
1655 898 1779 959 post
1815 894 2061 960 pericula
2104 897 2462 956 exhibeamus
2498 919 2513 958 :
2549 919 2643 959 ve-

1060 983 1185 1059 rum
1232 973 1347 1028 sive
1387 974 1531 1031 dumi
1579 991 1896 1050 manentes,
1953 985 2070 1041 sive
2118 1003 2346 1060 peregre
2393 1002 2638 1065 agentes,

1060 1063 1179 1118 sive
1227 1066 1493 1134 privatam
1540 1074 1705 1126 vitam
1744 1075 2032 1137 ducentes.
2066 1079 2184 1134 sive
2220 1063 2447 1150 publica
2470 1101 2638 1158 nego-

1059 1155 1134 1207 tia
1179 1164 1431 1223 gerentes
1485 1159 1588 1229 (sic
1641 1163 1787 1217 enim
1832 1164 2167 1236 loquendum
2198 1180 2304 1238 est,
2350 1189 2453 1230 nec
2497 1155 2636 1246 prae-

1057 1248 1511 1321 termittendum).
1542 1269 1667 1308 eum
1713 1271 2033 1327 sequamur,
2070 1277 2098 1315 a
2126 1278 2236 1333 quo
2280 1265 2512 1322 salutem
2539 1284 2634 1323 ac-

1056 1340 1325 1408 cepimus,
1369 1352 1533 1413 atque
1565 1345 1633 1399 ad
1690 1348 1838 1404 illius
1881 1361 2069 1421 partes
2117 1364 2334 1411 nosmet
2374 1357 2637 1431 adjunga-

1065 1440 1213 1494 mus,
1248 1446 1415 1501 parva
1450 1442 1505 1489 ct
1540 1435 1690 1492 humi
1722 1442 1963 1508 repentia
1996 1459 2188 1513 parum
2219 1447 2330 1517 20
2348 1459 2630 1507 curantes.

1052 1518 1232 1589 Atque
1251 1521 1538 1580 historiam
1564 1531 1857 1598 quamdam
1882 1534 2121 1603 posteris
2151 1536 2367 1601 demus,
2409 1548 2523 1596 tum
2563 1544 2632 1600 ad

1051 1610 1287 1680 gloriam
1330 1623 1601 1684 nostram,
1643 1629 1757 1674 tum
1801 1623 1868 1677 ad
1918 1624 2114 1680 animae
2166 1629 2483 1697 utilitatem,
2514 1649 2632 1688 am-

1051 1701 1197 1772 plam
1230 1711 1285 1758 et
1311 1709 1628 1775 praeclaram
1664 1728 1679 1764 :
1711 1727 1833 1779 qua:
1856 1715 2021 1768 etiam
2052 1717 2170 1786 ipsa
2202 1718 2501 1775 utilissimo
2529 1722 2629 1778 do-

1050 1801 1316 1847 cumento
1352 1797 1627 1867 plerisque
1670 1800 1764 1866 sit,
1807 1803 2069 1857 nimirum
2117 1806 2421 1876 periculum
2463 1825 2625 1866 secu-

2750 635 3041 707 ραίνωμεν·
3065 637 3181 690 ἀλλ’
3208 639 3290 692 ὅτι
3324 638 3791 710 διαπεφεύγαμεν,
3822 641 4323 712 εὐχαριστήσωμεν.

2744 726 2898 796 Μηδὲ
2933 727 3083 781 ἄλλοι
3118 728 3377 800 φανῶμεν
3408 728 3488 799 τῷ
3514 729 3634 800 Θεῷ
3684 730 3836 801 παρὰ
3871 732 3962 784 τὸν
3996 733 4186 803 καιρὸν
4216 733 4325 786 τῶν

2743 818 3025 882 κινδύνων,
3051 819 3144 874 καὶ
3168 820 3316 875 ἄλλοι
3340 820 3479 891 μετά
3498 822 3625 885 τοὺς
3644 821 3943 885 κινδύνους
3974 821 4108 875 ἀλλά
4132 822 4323 893 βουλη-

2743 906 2926 978 θῶμεν
2963 908 3073 961 είτε
3106 908 3485 979 ἐνδημοῦντες,
3519 908 3627 961 εἴτε
3659 907 4021 980 ἐκδημοῦντες
4051 908 4184 980 (60),
4212 911 4321 963 εῖτε

2744 998 3124 1063 ἰδιωτεύοντες,
3153 1001 3262 1053 εἴτε
3281 999 3350 1053 τὰ
3380 999 3535 1054 κοινὰ
3562 1001 3894 1073 πράττοντες
3924 1000 4023 1068 (δεῖ
4045 1000 4156 1072 γὰρ
4179 1000 4322 1055 οὕτω

2738 1089 2942 1158 λέγειν,
2983 1092 3078 1145 καὶ
3106 1091 3180 1162 μὴ
3214 1091 3467 1165 λείπειν),
3501 1092 3581 1163 τῷ
3612 1092 3845 1146 σώσαντι
3882 1092 4318 1159 κατακολουθεῖν,

2738 1184 2833 1236 καὶ
2859 1183 3106 1252 γίνεσθαι
3134 1187 3234 1256 τῆς
3267 1186 3476 1240 ἐκείνου
3506 1187 3721 1258 μοίρας,
3758 1186 3929 1257 μικρὰ
3964 1186 4074 1240 τῶν
4107 1186 4318 1259 μικρῶν

2736 1273 2831 1327 καὶ
2875 1275 3046 1345 χαμαὶ
3087 1277 3400 1347 ἐρχομένων
3444 1278 3848 1350 φροντίσαντες.
3899 1278 4010 1332 Καὶ
4050 1278 4230 1362 δῶμέν
4263 1296 4316 1334 τι

2733 1360 2977 1432 διήγημα
3001 1365 3113 1426 τοῖς
3138 1365 3217 1427 εἰς
3249 1364 3496 1438 ὕστερον,
3531 1368 3671 1438 μέγα
3710 1370 3808 1439 μὲν
3835 1370 3914 1434 εἰς
3946 1369 4104 1436 δόξαν
4136 1360 4315 1441 ἡμῶν,

2738 1452 2879 1523 μέγα
2899 1453 2955 1507 δὲ
2988 1456 3067 1518 είς
3089 1455 3357 1526 ὠφέλειαν
3378 1458 3576 1530 ψυχῆς·
3603 1460 3664 1512 τδ
3684 1459 3738 1512 δὲ
3762 1459 3893 1512 αὐτὸ
3922 1460 4016 1514 καὶ
4041 1461 4315 1531 παίδευμα

2730 1547 2844 1608 τοῖς
2872 1545 3085 1610 πολλοῖς
3125 1548 3564 1619 χρησιμώτατον,
3599 1552 3681 1606 ὃτι
3723 1553 3985 1623 κρείττων
4014 1554 4313 1622 ἀσφαλείας

2732 1637 2992 1701 κίνδυνος,
3040 1640 3133 1692 καὶ
3175 1641 3431 1714 συμφορὰ
3460 1643 3760 1715 εὐημερίας
3794 1645 4153 1717 αἱρετωτέραο
4176 1647 4230 1700 εί
4246 1663 4310 1717 γε

2732 1728 2838 1799 πρὸ
2874 1729 2975 1797 μὲν
3004 1730 3115 1785 τῶν
3148 1732 3329 1800 φόϐων
3369 1729 3512 1805 ἦμεν
3545 1734 3641 1789 τοῦ
3672 1736 3902 1807 κόσμου,
3937 1738 4073 1808 μετὰ
4100 1738 4154 1791 δὲ
4186 1741 4312 1804 τοὺς

2730 1819 2928 1890 φόϐους
2970 1822 3067 1875 τοῦ
3114 1823 3251 1878 Θεοῦ
3296 1827 3662 1898 γεγενήμεθα.
3723 1829 3883 1893 Ἴσως
3928 1846 4010 1883 σοι
4063 1834 4311 1901 φορτικοὶ⁸

1052 1886 1215 1941 ritate
1259 1889 1443 1957 potius
1475 1906 1620 1957 esse,
1656 1903 1710 1948 et
1752 1895 2126 1952 calamitatem
2161 1900 2422 1958 secundis
2457 1887 2623 1960 rebus
2655 1885 2698 1940 Β
2724 1885 3005 1980 δοκοῦμεν,
3030 1929 3093 1965 πο

2265 1900 2422 1958 undis
2457 1887 2623 1960 rebus
2655 1885 2698 1940 Β
2724 1885 3005 1980 δοκοῦμεν,
3030 1911 3291 1978 πολλάκις
3308 1885 3394 1968 σοι
3416 1885 3545 1989 πέρι
3563 1916 3672 1971 τῶν
3687 1885 4306 1985 αὐτῶνὲπιστέλλοντες,

1046 1979 1223 2049 magis
1245 1982 1602 2050 expetendam
1635 2002 1649 2052 ;
1686 1985 1732 2040 si
1766 1986 1986 2056 quidem
2012 1997 2139 2045 ante
2170 1990 2394 2047 timores
2421 1995 2627 2050 mundo

1045 2071 1251 2127 addicti
1298 2088 1547 2140 eranms,
1592 2086 1716 2147 post
1748 2078 1977 2135 timores
2025 2089 2206 2136 autem
2250 2083 2360 2141 Deo
2391 2101 2493 2142 nos
2528 2088 2624 2143 ad-

1045 2165 1309 2223 diximus.
1339 2166 1600 2224 Fortasse
1626 2186 1819 2241 graves
1853 2173 1953 2228 tibi
1981 2188 2047 2228 ac
2074 2176 2291 2232 molesti
2322 2194 2447 2234 esse
2470 2180 2622 2235 vide-

1045 2271 1189 2323 mur,
1230 2259 1322 2328 qui
1374 2259 1442 2314 de
1487 2260 1572 2315 his
1618 2262 1785 2318 rebus
1830 2265 2034 2334 saepius
2082 2265 2148 2320 ad
2192 2275 2243 2321 te
2286 2269 2618 2338 scribamus,

1045 2360 1113 2401 ac
1182 2364 1466 2405 sermones
1525 2358 1785 2419 nostros,
1842 2369 1953 2409 non
2009 2355 2472 2422 admonitionem,
2523 2361 2618 2415 sed

1040 2440 1470 2497 ostentationem
1512 2458 1635 2499 csse
1662 2445 1969 2502 existimas.
2009 2445 2192 2513 Quare
2225 2450 2293 2504 de
2331 2450 2416 2507 his
2456 2452 2620 2508 rebus

1039 2532 1336 2588 verborum
1370 2535 1553 2602 satis;
1607 2552 1708 2592 nos
1743 2553 1872 2593 vero
1919 2538 2085 2604 scias,
2133 2542 2315 2602 velim.
2368 2553 2621 2617 prompto

2723 1999 2818 2053 καὶ
2850 2001 2912 2053 οὐ
2946 2003 3287 2074 παραίνεσιν,
3325 2005 3440 2061 ἀλλ’
3477 2008 3735 2076 ἐπίδειξιν
3771 2010 4016 2081 νομίζεις
4042 2011 4153 2082 (61)
4185 2013 4309 2076 τοὺς

2721 2090 2930 2161 λόγους.
2954 2094 3047 2148 Διὸ
3065 2094 3271 2149 τούτων
3304 2100 3403 2167 μὲν
3435 2098 3574 2162 ἃλις·
3604 2101 3752 2171 ἡμᾶς
3776 2101 3832 2155 δὲ
3858 2102 3965 2155 ἶσοι
3999 2103 4309 2175 προθυμου-

2721 2181 2916 2253 μένους
2953 2186 3047 2238 καὶ
3091 2187 3418 2257 εὐχομένους
3468 2190 3704 2260 μάλιστα
3739 2193 3837 2262 μὲν
3864 2193 4117 2261 γενέσθαι
4144 2195 4306 2268 μέχρι

2718 2287 2838 2335 σου,
2873 2273 3385 2346 συνησθησομένους
3410 2277 3520 2348 (62)
3544 2282 3611 2350 τῇ
3644 2283 3889 2354 σωτηρίᾳ
3916 2300 4035 2348 σου,
4063 2285 4156 2339 καὶ
4179 2287 4308 2357 περ).

2724 2363 2929 2418 τούτων
2955 2364 3282 2440 τελεώτερον
3314 2369 3743 2442 διαλεξομένους.
3781 2375 3845 2428 El
3882 2374 3928 2429 δ’
3964 2374 4050 2438 οὓ,
4083 2377 4196 2431 ἀλλ’
4222 2380 4304 2432 ὲν-

2724 2455 2901 2510 ταῦθά
2939 2475 2999 2511 σε
3051 2459 3369 2532 δεξομένους
3421 2464 3497 2529 ὡς
3541 2464 3795 2537 τάχιστα,
3841 2469 4198 2541 συνεορτάσαι
4237 2471 4306 2524 τὰ

2726 2549 3075 2621 χαριστήρια.
4149 2569 4155 2574 ’

1040 2624 1226 2679 animo
1247 2640 1368 2681 esse
1400 2637 1564 2697 atque
1587 2638 1849 2701 exoptare
1873 2632 2220 2702 potissimum
2250 2637 2318 2690 ad
2358 2644 2411 2693 te
2445 2653 2624 2707 usque
2670 2641 2965 2710 proﬁcisci,
3030 2651 3091 2697 ut
3133 2644 3203 2699 de
3235 2647 3412 2704 salute
3454 2656 3547 2704 tua
3582 2649 3678 2704 tibi
3730 2651 4069 2722 gratulemur
4109 2669 4173 2708 ac
4238 2656 4306 2712 de

1040 2712 1127 2770 bis
1177 2717 1342 2773 rebus
1394 2719 1692 2788 perfectius
1735 2722 2074 2780 disseramus
2128 2744 2141 2780 :
2188 2727 2273 2782 sin
2325 2729 2528 2791 minus.
2574 2738 2630 2783 at
2654 2740 2827 2796 certe,
2881 2744 2936 2788 ut
2981 2743 3032 2789 te
3080 2735 3170 2790 hic
3242 2740 3423 2808 primo
3472 2757 3694 2813 quoque
3731 2712 3993 2813 ἶειιψυτε
4050 2744 4303 2801 reducem

1320 2967 1461 3025 XXI.
1496 2970 1888 3030 SOPHRONIO
1917 2973 2328 3031 PII/EFECTO.

928 2881 933 2888 ⁸
1038 2810 1344 2886 videamus,
1375 2825 1539 2885 atque
1585 2832 1693 2871 una
1736 2828 1916 2873 tecum
1947 2821 2001 2875 in
2039 2823 2180 2892 grati
2210 2825 2380 2878 animi
2412 2825 2876 2896 signiﬁcationem
2907 2829 3106 2887 festum
3136 2830 3280 2889 diem
3304 2837 3667 2895 celebremus.

3013 2987 3144 3040 KA'.
3181 2988 3519 3062 merome
3556 2992 3838 3067 ΥΠΑΡΧῼ
3877 2997 4008 3069 (6'5).

1114 3104 1271 3162 Urbis
1303 3107 1906 3201 Constantirtopo'ljtaure
1932 3115 2306 3199 praefecturam
2326 3118 2537 3201 gerebat
2566 3118 2897 3201 §ophrouius
2923 3140 3065 3201 anno
3081 3123 3208 3186 369,
3232 3140 3334 3201 quo
3360 3127 3503 3201 datis
3533 3127 3602 3201 (rd
3629 3145 3748 3182 eum
3780 3130 3990 3195 litteris,
4021 3128 4302 3201 Gregorius

1037 3192 1280 3260 generum
1308 3182 1507 3270 sororis
1535 3201 1646 3237 sua:
1677 3182 1998 3268 Nicobulum
2099 3182 2521 3270 commendabat.
2558 3182 2781 3270 ςαὲιενω
2818 3210 2997 3270 omnes
3022 3182 3271 3270 Gregorii
3300 3196 3370 3249 ad
3394 3196 3636 3270 extrudam
3662 3201 3901 3270 epistola:
3929 3182 4167 3270 pra'feeIi
4201 3216 4301 3269 po-

1038 3250 1256 3332 tentium
1277 3250 1592 3332 prodi-eaut.
1626 3256 1714 3308 cui
1748 3258 1955 3332 negotia
1977 3267 2026 3332 et
2055 3257 2291 3332 homines
2320 3261 2778 3332 commendantur,
2806 3274 2855 3317 et
2879 3264 3031 3332 cujus
3053 3250 3364 3330 prE'sidium
3387 3250 3724 3332 ihmloratur.
3753 3250 3954 3324 Prwire
3982 3250 4157 3324 autem
4186 3250 4302 3324 (Im-

1038 3317 1193 3406 uibus.
1215 3317 1283 3402 eo
1297 3319 1492 3380 debuit.
1520 3317 1949 3406 iri-guanrerentr‘s
1970 3328 2247 3406 dignitatis
2275 3329 2476 3406 iudicio
2497 3333 2746 3406 quadam
2765 3317 3065 3402 appet-rut:
3086 3317 3143 3389 ut
3168 3317 3225 3390 in
3256 3317 4301 3406 his"ﬁeri};'déﬁééhéliidhluﬁ'ﬁtiamsi

1036 3387 1104 3440 ad
1144 3391 1366 3481 altiores
1398 3387 1644 3481 quotidie
1675 3395 2006 3481 dignitatum
2026 3387 2246 3481 'gradus
2286 3387 2626 3469 provehat-is.
2663 3400 2787 3457 lam
2810 3387 2957 3459 'e'mm
2990 3387 3421 3472 πὸιάίεξάζὲιιίιὶ
3435 3387 3996 3480 'ab'éi'digiiiiifé'ad
4024 3411 4304 3481 prwfectu—

1033 3472 1151 3513 ram
1182 3458 1831 3533 Constantinopolitanim
1860 3458 2088 3539 gradum
2113 3469 2260 3536 fecit.

1101 3597 1310 3651 Aurum
1362 3599 1498 3653 alias
1547 3599 1769 3669 quidem
1819 3600 1927 3654 alio
1977 3601 2143 3657 modo
2193 3601 2516 3656 immutatur
2554 3611 2677 3667 etC

1030 3687 1327 3759 elliugitur,
1381 3689 1438 3743 iu
1488 3692 1693 3747 multos
1744 3699 1975 3746 ornatus
2028 3692 2405 3753 informatum.
2449 3701 2615 3764 atque

1031 3779 1101 3833 ad
1145 3780 1348 3836 multas
1395 3796 1485 3835 res
1532 3782 1600 3834 ab
1627 3791 1743 3836 arte
1768 3784 2080 3837 traductum
2118 3800 2133 3838 :
2180 3800 2376 3839 aurum
2408 3796 2611 3852 tamen,

1032 3877 1092 3924 ut
1120 3879 1226 3933 est,
1261 3880 1465 3935 manet,
1501 3890 1603 3927 nec
1631 3875 1884 3937 materia,
1922 3874 2016 3931 sed
2048 3874 2221 3930 forma
2256 3880 2613 3930 unitationem

1032 3964 1283 4036 suscipit.
1331 3963 1534 4020 Eodem
1581 3967 1742 4020 modo
1783 3973 1937 4022 tuam
1996 3982 2219 4038 quoque
2281 3969 2612 4038 probitatem

1029 4058 1279 4114 eamdem
1342 4074 1471 4131 erga
1530 4067 1657 4115 tuos
1699 4061 1910 4117 amicos
1943 4075 2165 4115 manere
2206 4061 2611 4129 existimantes,

1032 4150 1252 4207 etiamsi
1311 4152 1378 4206 ad
1444 4154 1674 4208 altiores
1724 4154 1971 4222 quotidie
2015 4155 2350 4224 dignitatum
2406 4155 2612 4225 gradus

1034 4244 1377 4311 provehat-is,
1424 4244 1570 4300 hanc
1611 4246 1709 4300 tibi
1762 4245 2205 4317 deprecationem
2256 4245 2453 4301 oll‘erre
2510 4248 2614 4301 mi-

1034 4332 1185 4389 nime
1218 4334 1633 4404 dubitavimus;
1667 4336 1813 4406 quod
1850 4338 2061 4393 scilicet
2107 4336 2430 4408 dignitatem
2461 4344 2611 4392 tuam

1030 4442 1140 4480 non
1179 4428 1355 4498 magis
1390 4437 1779 4495 metueremus,
1807 4446 1973 4499 quam
2013 4431 2262 4485 moribus
2290 4428 2402 4484 tuis
2437 4433 2614 4485 conﬁ-

1028 4521 1307 4576 deremus.
1342 4521 1677 4592 Cumprimis
1729 4523 2045 4578 venerando
2092 4523 2201 4579 ﬁlio
2234 4535 2428 4582 nostro
2454 4525 2615 4582 Nico-

1030 4611 1183 4671 bule.
1217 4625 1457 4680 quocum
1507 4611 1637 4665 mihi
1677 4614 2114 4669 necessitudines
2154 4630 2347 4669 enities
2375 4616 2613 4671 interce-

1027 4700 1187 4765 dunt,
1223 4712 1337 4756 tum
1362 4703 1435 4756 ob
1467 4704 1684 4774 generis
1733 4706 2223 4775 propinquitatem,
2257 4716 2372 4762 tum
2415 4708 2487 4762 ob
2534 4706 2615 4761 la-

1027 4794 1427 4857 miliaritatem,
1460 4805 1600 4861 tum,
1641 4797 1786 4867 quod
1832 4796 1918 4851 his
1952 4799 2127 4866 pluris
2158 4797 2473 4854 ducendum
2507 4808 2611 4862 est.

1024 4887 1098 4942 ob
1138 4902 1351 4943 morum
1399 4887 1749 4957 elegantiam,
1791 4889 2142 4943 commodum
2197 4905 2263 4944 ac
2296 4889 2513 4945 facilem
2562 4900 2614 4946 te

2789 3607 2850 3660 Ὀ
2899 3606 3100 3678 χρυσὸς
3152 3606 3342 3660 ἄλλοτε
3393 3607 3493 3679 μὲν
3541 3608 3717 3672 ἄλλως
3775 3613 4152 3681 μεταποιεῖται
4206 3614 4304 3668 καὶ

2716 3695 3112 3767 σχηματίζεται
3150 3700 3232 3762 είς
3271 3698 3500 3763 πολλοὺς
3538 3700 3779 3770 κόσμους
3806 3702 4170 3772 τυπούμενος,
4209 3706 4303 3758 καὶ

2716 3788 2853 3858 πρὸς
2878 3788 3049 3842 πολλὰ
3088 3788 3196 3842 ὑπὸ
3227 3788 3329 3860 τῆς
3361 3790 3557 3862 τέχνης
3588 3791 3858 3862 ἀγόμενος
3895 3792 4029 3862 (64)⁶
4069 3793 4220 3865 μένει
4242 3793 4301 3848 δὲ

2715 3881 2854 3951 ὅπερ
2880 3882 2996 3934 ἐστὶ
3024 3881 3246 3952 χρυσὸς,
3283 3883 3378 3937 καὶ
3408 3884 3507 3954 οὐχ
3537 3886 3570 3954 ή
3603 3883 3700 3954 ὕλη
3726 3884 4050 3957 μεταϐολὴν,
4076 3886 4213 3941 ἀλλὰ
4239 3886 4303 3941 τὸ

2718 3974 2904 4042 σχῆμα
2952 3971 3236 4043 λαμϐάνει.
3281 3971 3439 4026 Οὕτω
3479 3973 3574 4026 καί
3615 3972 3714 4044 τὴν
3761 3972 3858 4044 σὴν
3896 3974 4302 4043 καλοκαγαθίαν

2716 4063 3011 4135 ἡγούμενοι
3058 4064 3155 4134 τὴν
3207 4064 3377 4135 αὐτὴν
3428 4065 3609 4135 μένειν
3654 4067 3769 4129 τοῖς
3818 4065 4015 4134 φίλοις,
4065 4066 4170 4120 κᾶν
4213 4066 4303 4120 ἀεὶ

2717 4155 2915 4226 προῖῃς
2953 4154 3045 4207 ἐπὶ
3071 4154 3138 4209 τὰ
3171 4153 3512 4226 ἔμπροσθεν,
3544 4156 3748 4227 ταύτην
3781 4155 4300 4228 ὲθαρρήσαμεν-τὴν

2718 4245 3014 4317 πρεσὸείαν
3055 4248 3447 4317 προσαγαγεῖν,
3488 4247 3548 4299 οὐ
3587 4247 3786 4317 μᾶλλον
3803 4233 3918 4316 ’τὴν
3951 4248 4110 4314 ἀξίαν
4141 4249 4301 4302 εὐλα-

2716 4336 2998 4408 ϐηθέντες,
3031 4337 3065 4408 ἢ
3109 4336 3186 4406 τῷ
3222 4337 3409 4406 τρόπῳ
3442 4336 3851 4401 πιστεύσαντες.
3884 4336 3975 4408 Τῷ
4006 4338 4301 4409 αἰδεσιμω-

2715 4428 2864 4500 τάτῳ
2908 4429 3007 4499 υἱῷ
3047 4428 3207 4499 ήμῶν
3254 4427 3572 4499 Νικοϐούλῳ
3618 4429 3685 4482 τὰ
3723 4429 3902 4483 πάντα
3946 4429 4122 4500 ἔχοντι
4165 4430 4302 4502 πρὸς

2715 4523 2866 4592 ἡμᾶς
2907 4521 3250 4591 ἐπιτηδείως,
3293 4521 3388 4573 καὶ
3427 4520 3516 4573 διὰ
3559 4521 3902 4590 συγγένειαν,
3943 4523 4037 4574 καὶ
4079 4521 4168 4575 διὰ
4200 4522 4300 4592 τὴν

2714 4612 3046 4683 οἰκειότητα,
3065 4613 3180 4675 καὶ,
3201 4613 3230 4665 ὃ
3251 4611 3457 4665 τούτων
3486 4612 3668 4682 μεῖζόν
3691 4615 3829 4676 ἐστι,
3850 4612 3938 4666 διὰ
3967 4613 4057 4667 τὸν
4076 4612 4298 4683 τρόπον,

2716 4704 2875 4773 γενοῦ
2919 4704 3109 4769 δεξιός.
3168 4704 3257 4757 Ἐν
3309 4702 3438 4767 τίσι,
3491 4704 3587 4757 καὶ
3632 4704 3827 4769 πόσον;
3878 4705 3968 4759 Ἐν
4012 4699 4093 4768 οἷς
4137 4704 4300 4771 αὐτὸς

2719 4795 2815 4850 σοῦ
2839 4795 3191 4867 δεηθήσεται,
3231 4796 3326 4849 καὶ
3359 4797 3482 4850 ὅσον
3511 4798 3578 4867 τῇ
3610 4797 3675 4868 σῇ
3714 4795 4041 4866 μεγαλονοίᾳ
4067 4794 4300 4867 πρέπειν

2717 4885 3141 4957 ὑπολαμϐάνεις.
3187 4883 3578 4955 Ἀντιδάωομεν
3604 4884 3662 4938 δὲ
3687 4885 3782 4938 καὶ
3810 4886 3972 4954 ἡμεῖς
4004 4877 4078 4936 ὧν
4106 4881 4302 4955 ἔχομεν

1025 4979 1225 5053 praebe.
1272 4980 1485 5052 Quibus
1532 4981 1588 5034 in
1624 4980 1810 5046 rebus,
1865 4988 1919 5037 et
1965 4982 2279 5052 quantum?
2318 4982 2375 5037 In
2420 4982 2489 5037 iis
2528 4996 2615 5037 re-
2651 4962 2688 5016 D
2714 4980 2777 5033 τὸ
2809 4978 3066 5033 κάλλιστοι

2259 4982 2279 5035 ?
2318 4982 2375 5037 In
2420 4982 2489 5037 iis
2528 4996 2615 5037 re-
2651 4962 2688 5016 θ
2714 4980 2777 5033 τὸ
2809 4978 3111 5033 κάλλιπον.
3136 4978 3374 5048 Ἔχομεν
3399 4976 3457 5029 δὲ
3481 4978 3609 5039 τοὺς
3638 4976 3830 5044 λόγους
3851 5016 3865 5039 ,
3901 4975 3996 5029 καὶ
4032 4974 4093 5028 τὸ
4128 4975 4300 5044 κήρυο

1025 5077 1130 5134 bus
1164 5078 1218 5131 in
1253 5078 1456 5148 quibus
1489 5087 1580 5132 tua
1611 5092 1714 5149 ope
1755 5077 2043 5148 indigebit,
2096 5085 2152 5132 et
2193 5084 2463 5147 quantum
2500 5083 2608 5129 tuze

990 5166 1193 5223 .animi
1237 5166 1607 5235 magnitudini
1662 5167 1961 5221 convenire
1994 5166 2363 5222 existimabis.
2406 5164 2518 5222 Nos
2550 5165 2603 5221 id

2714 5088 2808 5136 κες
2832 5068 2973 5126 εἶναι
2994 5071 3093 5140 τῆς
3119 5071 3217 5141 σῆς
3247 5069 3469 5141 ἀρετῆς,
3498 5070 3545 5121 εἰ
3571 5067 3666 5121 καὶ
3700 5067 3774 5138 μὴ
3798 5067 3898 5137 τῆς
3927 5066 4083 5134 ἀξίας
4108 5067 4296 5134 ἐγγὺς.

2714 5162 2852 5217 ἀλλά.
2870 5179 2932 5231 γε
2958 5161 3099 5216 κατὰ
3126 5160 3226 5232 τὴν
3248 5160 3525 5232 ἡμετέραν
3554 5159 3804 5228 δύναμιν.

1024 5260 1170 5330 quod
1223 5261 1649 5330 pulcherrimum
1708 5261 1995 5327 habemus,
2060 5261 2159 5316 tibi
2217 5260 2609 5331 rependemus.
2641 5258 2918 5313 llabemus
2959 5272 3124 5327 porro
3170 5271 3475 5317 sermones,
3507 5263 3674 5324 atque
3725 5254 3869 5323 quod
3925 5255 4146 5310 virtutis
4190 5262 4299 5308 tua:

1027 5368 1305 5424 pmcones
1333 5371 1545 5418 sumus,
1569 5367 1617 5409 et
1662 5355 1709 5410 si
1747 5355 1903 5426 longe
1946 5353 2090 5411 inira
2133 5353 2484 5425 dignitatem,
2529 5361 2714 5407 tamen
2741 5358 3012 5422 quantum
3046 5356 3238 5406 nostra
3276 5347 3383 5405 fert
3416 5346 3673 5403 facultas.

1097 5530 1209 5600 (60)
1253 5532 1388 5584 Εἴτε
1415 5529 1837 5599 ἐνδημοῦντες.
1870 5528 1977 5583 llas
2033 5544 2228 5600 voces,
2256 5543 2379 5600 quae
2426 5527 2480 5584 in
2515 5527 2602 5583 ed.

1024 5598 1272 5661 deerant,
1292 5598 1667 5669 'snpplcvimns
1689 5617 1718 5653 e
1746 5600 1877 5670 Reg.
1909 5614 2019 5654 uno
2045 5608 2099 5653 et
2129 5598 2283 5653 Pass.

1099 5672 1208 5743 (6t)
1250 5672 1531 5740 Νομίζεις.
1566 5671 1642 5726 Ita
1695 5668 1871 5732 Passi,
1918 5678 1970 5725 ct
2009 5670 2202 5724 Dillius
2249 5670 2305 5724 in
2330 5668 2604 5725 versione.

1031 5740 1295 5819 εςιζῃριιιθ
1319 5743 1579 5811 νομίζειν.
1675 5814 1685 5819 _
1900 5809 1918 5819 _
2031 5811 2066 5819 __
2506 5809 2561 5819 ..-

1098 5812 1208 5869 (62)
1250 5809 1855 5880 Συι’ἰτηθηιηνομὲιόυς.
1899 5809 1975 5867 lla
2031 5811 2162 5883 Ilcg.
2199 5826 2364 5878 unus,
2412 5818 2466 5865 ct
2506 5809 2606 5865 [lil-

2715 5527 2822 5582 Iius
2849 5526 2904 5580 in
2934 5524 3211 5581 versione.
3247 5524 3350 5595 Ed.
3380 5524 3522 5579 male
3561 5524 4011 5595 συνθησομένους.

2784 5597 2895 5664 (65)
2930 5597 3080 5651 Alias
3104 5595 3259 5649 CVII.
3298 5594 3511 5664 Scripta
3554 5594 3855 5650 aun0'569.

2787 5663 2897 5737 (64)
2938 5668 3046 5737 Καὶ
3086 5666 3237 5734 πρὸς
3287 5663 3647 5737 ποιιλίέιὺπύι
3676 5664 3789 5732 τῆς
3826 5664 4059 5737 τέχνης,
4086 5664 4298 5737 ἀνόμβ·

2712 5734 2840 5804 νοὲς.
2880 5738 2952 5791 Ita
2978 5736 3145 5803 Ilegg.
3183 5737 3313 5796 duo,
3347 5747 3401 5790 et
3435 5734 3690 5788 Billinsin
3714 5736 3987 5792 versione.
4022 5734 4298 5794 Ed.male

2715 5810 2811 5863 ναὶ
2842 5807 2978 5881 πρὸς
3003 5806 3171 5860 πολλὰ
3197 5808 3296 5878 τῆς
3317 5807 3486 5878 τύχης
3511 5805 3798 5876 ἀγόμενος.
