  <div class='ocr_page' id='page_1' title='image "/cluster/home/n/w/nwhite01/storage/ocr_20150623/37/mdp.39015011908160/040.png"; bbox 0 0 5168 6648; ppageno 0'>
   <div class='ocr_carea' id='block_1_1' title="bbox 821 486 4094 551">
    <p class='ocr_par' dir='ltr' id='par_1_1' title="bbox 821 486 4094 551">
     <span class='ocr_line' id='line_1_1' title="bbox 821 486 4094 551; baseline -0.004 0"><span class='ocrx_word' id='word_1_1' title='bbox 821 497 889 551; x_wconf 81' lang='lat'><strong>65</strong></span> <span class='ocrx_word' id='word_1_2' title='bbox 2152 488 2487 545; x_wconf 75' lang='lat' dir='ltr'><strong>EPISTOLA</strong></span> <span class='ocrx_word' id='word_1_3' title='bbox 2529 488 2696 544; x_wconf 69' lang='lat' dir='ltr'><strong>XXX.</strong></span> <span class='ocrx_word' id='word_1_4' title='bbox 4025 486 4094 540; x_wconf 81' lang='lat'><strong>66</strong></span> 
     </span>
    </p>
   </div>
   <div class='ocr_carea' id='block_1_2' title="bbox 820 599 2861 677">
    <p class='ocr_par' dir='ltr' id='par_1_2' title="bbox 820 601 2861 677">
     <span class='ocr_line' id='line_1_2' title="bbox 820 601 2861 677; baseline -0.004 -16"><span class='ocrx_word' id='word_1_5' title='bbox 820 623 1006 677; x_wconf 82' lang='grc' dir='ltr'>νομαι,</span> <span class='ocrx_word' id='word_1_6' title='bbox 1041 606 1134 658; x_wconf 77' lang='grc' dir='ltr'><strong>καὶ</strong></span> <span class='ocrx_word' id='word_1_7' title='bbox 1174 604 1331 668; x_wconf 80' lang='grc' dir='ltr'>ἄλλος</span> <span class='ocrx_word' id='word_1_8' title='bbox 1381 604 1603 658; x_wconf 78' lang='grc' dir='ltr'>ἄλλοθεν</span> <span class='ocrx_word' id='word_1_9' title='bbox 1644 602 1713 657; x_wconf 76' lang='grc' dir='ltr'>τὰ</span> <span class='ocrx_word' id='word_1_10' title='bbox 1753 603 1965 657; x_wconf 81' lang='grc' dir='ltr'>ἐκείνου</span> <span class='ocrx_word' id='word_1_11' title='bbox 2024 618 2163 655; x_wconf 85' lang='grc' dir='ltr'>κατα</span> <span class='ocrx_word' id='word_1_12' title='bbox 2203 603 2403 670; x_wconf 77' lang='grc' dir='ltr'>πολλὴν</span> <span class='ocrx_word' id='word_1_13' title='bbox 2433 611 2480 668; x_wconf 77' lang='grc' dir='ltr'><strong>Α</strong></span> <span class='ocrx_word' id='word_1_14' title='bbox 2516 601 2723 656; x_wconf 75' lang='lat' dir='ltr'><strong>ultimis</strong></span> <span class='ocrx_word' id='word_1_15' title='bbox 2771 601 2861 654; x_wconf 76' lang='lat' dir='ltr'><strong>llllt</strong></span> 
     </span>
    </p>
   </div>
   <div class='ocr_carea' id='block_1_3' title="bbox 2053 599 4094 677">
    <p class='ocr_par' dir='ltr' id='par_1_3' title="bbox 2053 599 4094 670">
     <span class='ocr_line' id='line_1_3' title="bbox 2053 599 4094 670; baseline 0.001 -16"><span class='ocrx_word' id='word_1_16' title='bbox 2053 618 2163 655; x_wconf 71' lang='grc' dir='ltr'>ιατα</span> <span class='ocrx_word' id='word_1_17' title='bbox 2203 603 2403 670; x_wconf 77' lang='grc' dir='ltr'>πολλὴν</span> <span class='ocrx_word' id='word_1_18' title='bbox 2433 611 2480 668; x_wconf 77' lang='grc' dir='ltr'><strong>Α</strong></span> <span class='ocrx_word' id='word_1_19' title='bbox 2516 601 2723 656; x_wconf 91' lang='lat' dir='ltr'><strong>ultimis</strong></span> <span class='ocrx_word' id='word_1_20' title='bbox 2771 600 3161 670; x_wconf 67' lang='lat' dir='ltr'><strong>integumentis</strong></span> <span class='ocrx_word' id='word_1_21' title='bbox 3197 617 3210 654; x_wconf 90' lang='lat'><strong>:</strong></span> <span class='ocrx_word' id='word_1_22' title='bbox 3261 614 3554 669; x_wconf 79' lang='lat' dir='ltr'><strong>magmquc</strong></span> <span class='ocrx_word' id='word_1_23' title='bbox 3600 599 3765 654; x_wconf 88' lang='lat' dir='ltr'><strong>etiam</strong></span> <span class='ocrx_word' id='word_1_24' title='bbox 3816 600 4094 656; x_wconf 73' lang='lat' dir='ltr'><strong>mstiman-</strong></span> 
     </span>
    </p>
   </div>
   <div class='ocr_carea' id='block_1_4' title="bbox 818 692 2859 767">
    <p class='ocr_par' dir='ltr' id='par_1_4' title="bbox 818 692 2849 767">
     <span class='ocr_line' id='line_1_4' title="bbox 818 692 2849 767; baseline -0.003 -16"><span class='ocrx_word' id='word_1_25' title='bbox 818 698 1067 765; x_wconf 61' lang='grc' dir='ltr'>ἐξουσίαν</span> <span class='ocrx_word' id='word_1_26' title='bbox 1093 736 1107 760; x_wconf 97' lang='grc'><strong>,</strong></span> <span class='ocrx_word' id='word_1_27' title='bbox 1156 700 1203 749; x_wconf 82' lang='grc' dir='ltr'>οἱ</span> <span class='ocrx_word' id='word_1_28' title='bbox 1258 696 1357 767; x_wconf 78' lang='grc' dir='ltr'><strong>μὲν</strong></span> <span class='ocrx_word' id='word_1_29' title='bbox 1403 694 1786 767; x_wconf 74' lang='grc' dir='ltr'><strong>διαρπάζουσι,</strong></span> <span class='ocrx_word' id='word_1_30' title='bbox 1823 695 1874 747; x_wconf 84' lang='grc' dir='ltr'>οἱ</span> <span class='ocrx_word' id='word_1_31' title='bbox 1916 694 1973 747; x_wconf 84' lang='grc' dir='ltr'><strong>δὲ</strong></span> <span class='ocrx_word' id='word_1_32' title='bbox 2010 693 2317 764; x_wconf 79' lang='grc' dir='ltr'>μέλλουσιν.</span> <span class='ocrx_word' id='word_1_33' title='bbox 2344 695 2409 745; x_wconf 80' lang='grc' dir='ltr'><strong>Ὢ</strong></span> <span class='ocrx_word' id='word_1_34' title='bbox 2509 694 2661 757; x_wconf 87' lang='lat' dir='ltr'><strong>duttt,</strong></span> <span class='ocrx_word' id='word_1_35' title='bbox 2701 692 2849 762; x_wconf 89' lang='lat' dir='ltr'><strong>quod</strong></span> 
     </span>
    </p>
   </div>
   <div class='ocr_carea' id='block_1_5' title="bbox 2059 692 4100 767">
    <p class='ocr_par' dir='ltr' id='par_1_5' title="bbox 2059 692 4100 762">
     <span class='ocr_line' id='line_1_5' title="bbox 2059 692 4100 762; baseline 0.002 -16"><span class='ocrx_word' id='word_1_36' title='bbox 2059 693 2317 749; x_wconf 73' lang='grc' dir='ltr'>ἐλλουσιν.</span> <span class='ocrx_word' id='word_1_37' title='bbox 2344 695 2409 745; x_wconf 81' lang='grc' dir='ltr'><strong>Ὢ</strong></span> <span class='ocrx_word' id='word_1_38' title='bbox 2509 694 2661 757; x_wconf 90' lang='lat' dir='ltr'><strong>dum,</strong></span> <span class='ocrx_word' id='word_1_39' title='bbox 2701 692 2849 762; x_wconf 89' lang='lat' dir='ltr'><strong>quod</strong></span> <span class='ocrx_word' id='word_1_40' title='bbox 2892 692 3006 747; x_wconf 75' lang='lat' dir='ltr'><strong>hau:</strong></span> <span class='ocrx_word' id='word_1_41' title='bbox 3050 706 3269 762; x_wconf 89' lang='lat' dir='ltr'><strong>quoque</strong></span> <span class='ocrx_word' id='word_1_42' title='bbox 3305 692 3585 745; x_wconf 83' lang='lat' dir='ltr'><strong>hominum</strong></span> <span class='ocrx_word' id='word_1_43' title='bbox 3614 693 4100 750; x_wconf 75' lang='lat' dir='ltr'><strong>commiseratione</strong></span> 
     </span>
    </p>
   </div>
   <div class='ocr_carea' id='block_1_6' title="bbox 819 784 2407 861">
    <p class='ocr_par' dir='ltr' id='par_1_6' title="bbox 819 784 2407 861">
     <span class='ocr_line' id='line_1_6' title="bbox 819 784 2407 861; baseline -0.004 -17"><span class='ocrx_word' id='word_1_44' title='bbox 819 792 918 861; x_wconf 76' lang='grc' dir='ltr'>τῆς</span> <span class='ocrx_word' id='word_1_45' title='bbox 951 789 1309 860; x_wconf 79' lang='grc' dir='ltr'><strong>ἀναλγησίας,</strong></span> <span class='ocrx_word' id='word_1_46' title='bbox 1343 788 1389 841; x_wconf 79' lang='grc' dir='ltr'>ὦ</span> <span class='ocrx_word' id='word_1_47' title='bbox 1419 789 1519 858; x_wconf 85' lang='grc' dir='ltr'>τῆς</span> <span class='ocrx_word' id='word_1_48' title='bbox 1561 788 1879 859; x_wconf 83' lang='grc' dir='ltr'>ὡμότητοςῐ</span> <span class='ocrx_word' id='word_1_49' title='bbox 1916 786 2027 839; x_wconf 81' lang='grc' dir='ltr'>Καὶ</span> <span class='ocrx_word' id='word_1_50' title='bbox 2076 787 2105 838; x_wconf 84' lang='grc' dir='ltr'>ὁ</span> <span class='ocrx_word' id='word_1_51' title='bbox 2149 784 2407 838; x_wconf 86' lang='grc' dir='ltr'><strong>κωλύσων</strong></span> 
     </span>
    </p>
   </div>
   <div class='ocr_carea' id='block_1_7' title="bbox 817 876 2406 949">
    <p class='ocr_par' dir='ltr' id='par_1_7' title="bbox 817 876 2406 949">
     <span class='ocr_line' id='line_1_7' title="bbox 817 876 2406 949; baseline -0.002 -17"><span class='ocrx_word' id='word_1_52' title='bbox 817 878 995 941; x_wconf 77' lang='grc' dir='ltr'>οὐδείς</span> <span class='ocrx_word' id='word_1_53' title='bbox 1014 897 1028 910; x_wconf 88' lang='grc'><strong>·</strong></span> <span class='ocrx_word' id='word_1_54' title='bbox 1058 878 1175 932; x_wconf 78' lang='grc' dir='ltr'>ἀλλ’</span> <span class='ocrx_word' id='word_1_55' title='bbox 1213 880 1240 931; x_wconf 88' lang='grc' dir='ltr'><strong>ὃ</strong></span> <span class='ocrx_word' id='word_1_56' title='bbox 1277 894 1340 945; x_wconf 87' lang='grc' dir='ltr'><strong>γε</strong></span> <span class='ocrx_word' id='word_1_57' title='bbox 1369 876 1906 949; x_wconf 76' lang='grc' dir='ltr'><strong>φιλανθρωπότατος,</strong></span> <span class='ocrx_word' id='word_1_58' title='bbox 1934 876 2092 929; x_wconf 81' lang='grc' dir='ltr'>τοῦτο</span> <span class='ocrx_word' id='word_1_59' title='bbox 2123 876 2406 949; x_wconf 76' lang='grc' dir='ltr'>χαρίζεται</span> 
     </span>
    </p>
   </div>
   <div class='ocr_carea' id='block_1_8' title="bbox 825 968 2409 1041">
    <p class='ocr_par' dir='ltr' id='par_1_8' title="bbox 825 968 2409 1041">
     <span class='ocr_line' id='line_1_8' title="bbox 825 968 2409 1041; baseline -0.001 -18"><span class='ocrx_word' id='word_1_60' title='bbox 825 972 1004 1041; x_wconf 76' lang='grc' dir='ltr'>μόνον,</span> <span class='ocrx_word' id='word_1_61' title='bbox 1039 971 1396 1024; x_wconf 85' lang='grc' dir='ltr'>ἀνακαλεῖται</span> <span class='ocrx_word' id='word_1_62' title='bbox 1436 971 1564 1033; x_wconf 80' lang='grc' dir='ltr'>τοὺς</span> <span class='ocrx_word' id='word_1_63' title='bbox 1608 969 1805 1040; x_wconf 85' lang='grc' dir='ltr'>νόμους</span> <span class='ocrx_word' id='word_1_64' title='bbox 1828 987 1841 999; x_wconf 93' lang='grc'><strong>·</strong></span> <span class='ocrx_word' id='word_1_65' title='bbox 1882 969 1975 1022; x_wconf 76' lang='grc' dir='ltr'><strong>καὶ</strong></span> <span class='ocrx_word' id='word_1_66' title='bbox 2020 971 2069 1021; x_wconf 87' lang='grc' dir='ltr'>εἰ</span> <span class='ocrx_word' id='word_1_67' title='bbox 2107 969 2187 1021; x_wconf 85' lang='grc' dir='ltr'><strong>δεῖ</strong></span> <span class='ocrx_word' id='word_1_68' title='bbox 2223 968 2409 1021; x_wconf 80' lang='grc' dir='ltr'>συντό-</span> 
     </span>
    </p>
   </div>
   <div class='ocr_carea' id='block_1_9' title="bbox 825 1062 2409 1135">
    <p class='ocr_par' dir='ltr' id='par_1_9' title="bbox 825 1062 2409 1135">
     <span class='ocr_line' id='line_1_9' title="bbox 825 1062 2409 1135; baseline -0.001 -20"><span class='ocrx_word' id='word_1_69' title='bbox 825 1082 942 1133; x_wconf 79' lang='grc' dir='ltr'><strong>μως</strong></span> <span class='ocrx_word' id='word_1_70' title='bbox 974 1066 1169 1127; x_wconf 76' lang='grc' dir='ltr'>εἰπεῖν,</span> <span class='ocrx_word' id='word_1_71' title='bbox 1210 1064 1399 1135; x_wconf 81' lang='grc' dir='ltr'>δρᾶμα</span> <span class='ocrx_word' id='word_1_72' title='bbox 1439 1063 1767 1132; x_wconf 82' lang='grc' dir='ltr'>γεγόναμεν,</span> <span class='ocrx_word' id='word_1_73' title='bbox 1801 1062 1856 1114; x_wconf 84' lang='grc' dir='ltr'>οἰ</span> <span class='ocrx_word' id='word_1_74' title='bbox 1900 1079 2028 1115; x_wconf 87' lang='grc' dir='ltr'>ποτε</span> <span class='ocrx_word' id='word_1_75' title='bbox 2058 1062 2409 1131; x_wconf 83' lang='grc' dir='ltr'>νομισθέντες</span> 
     </span>
    </p>
   </div>
   <div class='ocr_carea' id='block_1_10' title="bbox 821 1151 2410 1223">
    <p class='ocr_par' dir='ltr' id='par_1_10' title="bbox 821 1151 2410 1223">
     <span class='ocr_line' id='line_1_10' title="bbox 821 1151 2410 1223; baseline 0 -18"><span class='ocrx_word' id='word_1_76' title='bbox 821 1154 1159 1223; x_wconf 75' lang='grc' dir='ltr'>εὐδαίμονες.</span> <span class='ocrx_word' id='word_1_77' title='bbox 1186 1151 1374 1206; x_wconf 79' lang='grc' dir='ltr'>Ταῦτα</span> <span class='ocrx_word' id='word_1_78' title='bbox 1408 1152 1484 1223; x_wconf 85' lang='grc' dir='ltr'><strong>μὴ</strong></span> <span class='ocrx_word' id='word_1_79' title='bbox 1513 1154 1720 1206; x_wconf 84' lang='grc' dir='ltr'>ἀνεκτά</span> <span class='ocrx_word' id='word_1_80' title='bbox 1752 1152 1831 1223; x_wconf 84' lang='lat'><strong>(6)</strong></span> <span class='ocrx_word' id='word_1_81' title='bbox 1860 1153 2082 1221; x_wconf 69' lang='grc' dir='ltr'>φανήτω</span> <span class='ocrx_word' id='word_1_82' title='bbox 2123 1168 2231 1204; x_wconf 89' lang='grc' dir='ltr'>σοι·</span> <span class='ocrx_word' id='word_1_83' title='bbox 2270 1151 2410 1205; x_wconf 88' lang='grc' dir='ltr'><strong>ἀλλά</strong></span> 
     </span>
    </p>
   </div>
   <div class='ocr_carea' id='block_1_11' title="bbox 824 1243 2410 1316">
    <p class='ocr_par' dir='ltr' id='par_1_11' title="bbox 824 1243 2410 1316">
     <span class='ocr_line' id='line_1_11' title="bbox 824 1243 2410 1316; baseline -0.001 -19"><span class='ocrx_word' id='word_1_84' title='bbox 824 1248 916 1298; x_wconf 73' lang='grc' dir='ltr'><strong>καὶ</strong></span> <span class='ocrx_word' id='word_1_85' title='bbox 948 1246 1312 1316; x_wconf 77' lang='grc' dir='ltr'>συνάλγησον,</span> <span class='ocrx_word' id='word_1_86' title='bbox 1343 1244 1438 1297; x_wconf 76' lang='grc' dir='ltr'><strong>καὶ</strong></span> <span class='ocrx_word' id='word_1_87' title='bbox 1465 1245 1971 1315; x_wconf 86' lang='grc' dir='ltr'>συναγανάκτησον,</span> <span class='ocrx_word' id='word_1_88' title='bbox 2004 1244 2099 1296; x_wconf 77' lang='grc' dir='ltr'>καὶ</span> <span class='ocrx_word' id='word_1_89' title='bbox 2132 1244 2221 1306; x_wconf 85' lang='grc' dir='ltr'><strong>δὸς</strong></span> <span class='ocrx_word' id='word_1_90' title='bbox 2248 1243 2410 1315; x_wconf 83' lang='grc' dir='ltr'>χάριν</span> 
     </span>
    </p>
   </div>
   <div class='ocr_carea' id='block_1_12' title="bbox 821 1335 2411 1410">
    <p class='ocr_par' dir='ltr' id='par_1_12' title="bbox 821 1335 2411 1410">
     <span class='ocr_line' id='line_1_12' title="bbox 821 1335 2411 1410; baseline -0.001 -20"><span class='ocrx_word' id='word_1_91' title='bbox 821 1338 1000 1408; x_wconf 82' lang='grc' dir='ltr'>νεκρῷ</span> <span class='ocrx_word' id='word_1_92' title='bbox 1037 1337 1346 1410; x_wconf 79' lang='grc' dir='ltr'>Καισαρίῳ.</span> <span class='ocrx_word' id='word_1_93' title='bbox 1388 1336 1499 1390; x_wconf 74' lang='grc' dir='ltr'><strong>Ναὶ</strong></span> <span class='ocrx_word' id='word_1_94' title='bbox 1527 1337 1665 1407; x_wconf 80' lang='grc' dir='ltr'>πρὸς</span> <span class='ocrx_word' id='word_1_95' title='bbox 1711 1338 1812 1406; x_wconf 79' lang='grc' dir='ltr'><strong>τῆς</strong></span> <span class='ocrx_word' id='word_1_96' title='bbox 1852 1335 2034 1405; x_wconf 80' lang='grc' dir='ltr'>φιλίας</span> <span class='ocrx_word' id='word_1_97' title='bbox 2076 1336 2249 1405; x_wconf 79' lang='grc' dir='ltr'>αὐτῆς</span> <span class='ocrx_word' id='word_1_98' title='bbox 2274 1353 2286 1366; x_wconf 88' lang='grc'><strong>·</strong></span> <span class='ocrx_word' id='word_1_99' title='bbox 2324 1336 2411 1389; x_wconf 78' lang='grc' dir='ltr'><strong>ναὶ</strong></span> 
     </span>
    </p>
   </div>
   <div class='ocr_carea' id='block_1_13' title="bbox 825 1427 2411 1500">
    <p class='ocr_par' dir='ltr' id='par_1_13' title="bbox 825 1427 2411 1500">
     <span class='ocr_line' id='line_1_13' title="bbox 825 1427 2411 1500; baseline -0.001 -18"><span class='ocrx_word' id='word_1_100' title='bbox 825 1430 961 1499; x_wconf 71' lang='grc' dir='ltr'>πρὸς</span> <span class='ocrx_word' id='word_1_101' title='bbox 986 1428 1095 1481; x_wconf 85' lang='grc' dir='ltr'><strong>τῶν</strong></span> <span class='ocrx_word' id='word_1_102' title='bbox 1126 1429 1235 1483; x_wconf 82' lang='grc' dir='ltr'><strong>σῶν</strong></span> <span class='ocrx_word' id='word_1_103' title='bbox 1281 1428 1553 1498; x_wconf 83' lang='grc' dir='ltr'>φιλτάτων</span> <span class='ocrx_word' id='word_1_104' title='bbox 1589 1430 1681 1481; x_wconf 73' lang='grc' dir='ltr'><strong>καὶ</strong></span> <span class='ocrx_word' id='word_1_105' title='bbox 1720 1428 1828 1481; x_wconf 83' lang='grc' dir='ltr'><strong>τῶν</strong></span> <span class='ocrx_word' id='word_1_106' title='bbox 1856 1427 2109 1491; x_wconf 73' lang='grc' dir='ltr'>ὲλπέδων,</span> <span class='ocrx_word' id='word_1_107' title='bbox 2152 1427 2218 1491; x_wconf 81' lang='grc' dir='ltr'>ἃς</span> <span class='ocrx_word' id='word_1_108' title='bbox 2256 1429 2411 1500; x_wconf 87' lang='grc' dir='ltr'>ποίη-</span> 
     </span>
    </p>
   </div>
   <div class='ocr_carea' id='block_1_14' title="bbox 826 1519 2410 1591">
    <p class='ocr_par' dir='ltr' id='par_1_14' title="bbox 826 1519 2410 1591">
     <span class='ocr_line' id='line_1_14' title="bbox 826 1519 2410 1591; baseline -0.001 -17"><span class='ocrx_word' id='word_1_109' title='bbox 826 1538 916 1574; x_wconf 82' lang='grc' dir='ltr'><strong>σον</strong></span> <span class='ocrx_word' id='word_1_110' title='bbox 982 1520 1193 1591; x_wconf 85' lang='grc' dir='ltr'>σεαυτῷ</span> <span class='ocrx_word' id='word_1_111' title='bbox 1254 1520 1473 1588; x_wconf 80' lang='grc' dir='ltr'>δεξιάς,</span> <span class='ocrx_word' id='word_1_112' title='bbox 1514 1521 1701 1584; x_wconf 80' lang='grc' dir='ltr'>πιστὸς</span> <span class='ocrx_word' id='word_1_113' title='bbox 1753 1519 1832 1590; x_wconf 81' lang='grc' dir='ltr'>τῷ</span> <span class='ocrx_word' id='word_1_114' title='bbox 1875 1519 2165 1574; x_wconf 78' lang='grc' dir='ltr'>ἀπελθόντι</span> <span class='ocrx_word' id='word_1_115' title='bbox 2220 1520 2410 1589; x_wconf 79' lang='grc' dir='ltr'>φανεὶς</span> 
     </span>
    </p>
   </div>
   <div class='ocr_carea' id='block_1_15' title="bbox 824 1610 2411 1684">
    <p class='ocr_par' dir='ltr' id='par_1_15' title="bbox 824 1610 2411 1684">
     <span class='ocr_line' id='line_1_15' title="bbox 824 1610 2411 1684; baseline -0.001 -19"><span class='ocrx_word' id='word_1_116' title='bbox 824 1614 918 1666; x_wconf 69' lang='grc' dir='ltr'><strong>καὶ</strong></span> <span class='ocrx_word' id='word_1_117' title='bbox 950 1614 1207 1683; x_wconf 74' lang='grc' dir='ltr'>γνήσιοςο</span> <span class='ocrx_word' id='word_1_118' title='bbox 1248 1614 1335 1666; x_wconf 81' lang='grc' dir='ltr'>ἵνα</span> <span class='ocrx_word' id='word_1_119' title='bbox 1372 1614 1465 1666; x_wconf 71' lang='grc' dir='ltr'><strong>καὶ</strong></span> <span class='ocrx_word' id='word_1_120' title='bbox 1510 1614 1624 1675; x_wconf 86' lang='grc' dir='ltr'>τοῖς</span> <span class='ocrx_word' id='word_1_121' title='bbox 1673 1610 1806 1676; x_wconf 79' lang='grc' dir='ltr'>ζῶσι</span> <span class='ocrx_word' id='word_1_122' title='bbox 1831 1611 1992 1664; x_wconf 81' lang='grc' dir='ltr'>τοῦτο</span> <span class='ocrx_word' id='word_1_123' title='bbox 2038 1611 2275 1684; x_wconf 81' lang='grc' dir='ltr'>χαρίσῃ,</span> <span class='ocrx_word' id='word_1_124' title='bbox 2315 1611 2411 1664; x_wconf 71' lang='grc' dir='ltr'><strong>καὶ</strong></span> 
     </span>
    </p>
   </div>
   <div class='ocr_carea' id='block_1_16' title="bbox 826 1702 2411 1776">
    <p class='ocr_par' dir='ltr' id='par_1_16' title="bbox 826 1702 2411 1776">
     <span class='ocr_line' id='line_1_16' title="bbox 826 1702 2411 1776; baseline -0.001 -19"><span class='ocrx_word' id='word_1_125' title='bbox 826 1707 1059 1776; x_wconf 67' lang='grc' dir='ltr'>ποιήσῃς</span> <span class='ocrx_word' id='word_1_126' title='bbox 1113 1706 1313 1769; x_wconf 76' lang='grc' dir='ltr'>αὐτοὺς</span> <span class='ocrx_word' id='word_1_127' title='bbox 1364 1704 1674 1768; x_wconf 79' lang='grc' dir='ltr'>εὐέλπιδας.</span> <span class='ocrx_word' id='word_1_128' title='bbox 1738 1703 1856 1757; x_wconf 75' lang='grc' dir='ltr'>Οἴει</span> <span class='ocrx_word' id='word_1_129' title='bbox 1925 1704 2056 1773; x_wconf 79' lang='grc' dir='ltr'>περὶ</span> <span class='ocrx_word' id='word_1_130' title='bbox 2112 1702 2411 1774; x_wconf 85' lang='grc' dir='ltr'>χρημάτων</span> 
     </span>
    </p>
   </div>
   <div class='ocr_carea' id='block_1_17' title="bbox 825 1795 2408 1867">
    <p class='ocr_par' dir='ltr' id='par_1_17' title="bbox 825 1795 2408 1867">
     <span class='ocr_line' id='line_1_17' title="bbox 825 1795 2408 1867; baseline 0.001 -22"><span class='ocrx_word' id='word_1_131' title='bbox 825 1798 972 1866; x_wconf 60' lang='grc' dir='ltr'><strong>⁴ημᾶς</strong></span> <span class='ocrx_word' id='word_1_132' title='bbox 1000 1797 1216 1864; x_wconf 86' lang='grc' dir='ltr'>ἀλγεῖν;</span> <span class='ocrx_word' id='word_1_133' title='bbox 1253 1798 1313 1850; x_wconf 82' lang='grc' dir='ltr'><strong>τὸ</strong></span> <span class='ocrx_word' id='word_1_134' title='bbox 1346 1799 1446 1867; x_wconf 74' lang='grc' dir='ltr'><strong>τῆς</strong></span> <span class='ocrx_word' id='word_1_135' title='bbox 1485 1796 1751 1866; x_wconf 81' lang='grc' dir='ltr'>αἰσχύνης</span> <span class='ocrx_word' id='word_1_136' title='bbox 1801 1796 1935 1865; x_wconf 79' lang='grc' dir='ltr'>ἡμῖν</span> <span class='ocrx_word' id='word_1_137' title='bbox 1984 1795 2408 1865; x_wconf 82' lang='grc' dir='ltr'>ἀφορητότερον,</span> 
     </span>
    </p>
   </div>
   <div class='ocr_carea' id='block_1_18' title="bbox 827 1885 2412 1957">
    <p class='ocr_par' dir='ltr' id='par_1_18' title="bbox 827 1885 2412 1957">
     <span class='ocr_line' id='line_1_18' title="bbox 827 1885 2412 1957; baseline -0.001 -19"><span class='ocrx_word' id='word_1_138' title='bbox 827 1888 874 1938; x_wconf 78' lang='grc' dir='ltr'>εἰ</span> <span class='ocrx_word' id='word_1_139' title='bbox 904 1886 1076 1951; x_wconf 80' lang='grc' dir='ltr'>δόξειε</span> <span class='ocrx_word' id='word_1_140' title='bbox 1118 1887 1278 1957; x_wconf 84' lang='grc' dir='ltr'>μόνος</span> <span class='ocrx_word' id='word_1_141' title='bbox 1308 1887 1418 1940; x_wconf 86' lang='grc' dir='ltr'><strong>τῶν</strong></span> <span class='ocrx_word' id='word_1_142' title='bbox 1475 1887 1734 1940; x_wconf 85' lang='grc' dir='ltr'>ἀπάντων</span> <span class='ocrx_word' id='word_1_143' title='bbox 1776 1885 2078 1954; x_wconf 84' lang='grc' dir='ltr'>Καισάριος</span> <span class='ocrx_word' id='word_1_144' title='bbox 2124 1885 2197 1955; x_wconf 82' lang='grc' dir='ltr'><strong>μὴ</strong></span> <span class='ocrx_word' id='word_1_145' title='bbox 2249 1886 2412 1955; x_wconf 84' lang='grc' dir='ltr'>ἐσχη-</span> 
     </span>
    </p>
   </div>
   <div class='ocr_carea' id='block_1_19' title="bbox 2509 784 4096 854">
    <p class='ocr_par' dir='ltr' id='par_1_19' title="bbox 2509 784 4096 854">
     <span class='ocr_line' id='line_1_19' title="bbox 2509 784 4096 854; baseline -0.001 -13"><span class='ocrx_word' id='word_1_146' title='bbox 2509 797 2842 841; x_wconf 84' lang='lat' dir='ltr'><strong>consecutus</strong></span> <span class='ocrx_word' id='word_1_147' title='bbox 2890 785 2982 840; x_wconf 88' lang='lat' dir='ltr'><strong>sit.</strong></span> <span class='ocrx_word' id='word_1_148' title='bbox 3031 784 3295 854; x_wconf 82' lang='lat' dir='ltr'><strong>Impetum</strong></span> <span class='ocrx_word' id='word_1_149' title='bbox 3356 792 3537 838; x_wconf 88' lang='lat' dir='ltr'><strong>autem</strong></span> <span class='ocrx_word' id='word_1_150' title='bbox 3589 785 3777 840; x_wconf 79' lang='lat' dir='ltr'><strong>hostes</strong></span> <span class='ocrx_word' id='word_1_151' title='bbox 3828 786 4096 851; x_wconf 83' lang='lat' dir='ltr'><strong>fecerunt,</strong></span> 
     </span>
    </p>
   </div>
   <div class='ocr_carea' id='block_1_20' title="bbox 2512 874 4099 945">
    <p class='ocr_par' dir='ltr' id='par_1_20' title="bbox 2512 874 4099 945">
     <span class='ocr_line' id='line_1_20' title="bbox 2512 874 4099 945; baseline -0.001 -14"><span class='ocrx_word' id='word_1_152' title='bbox 2512 888 2571 931; x_wconf 90' lang='lat' dir='ltr'><strong>nt</strong></span> <span class='ocrx_word' id='word_1_153' title='bbox 2600 877 2789 940; x_wconf 87' lang='lat' dir='ltr'><strong>audio,</strong></span> <span class='ocrx_word' id='word_1_154' title='bbox 2820 884 2987 945; x_wconf 87' lang='lat' dir='ltr'><strong>atque</strong></span> <span class='ocrx_word' id='word_1_155' title='bbox 3032 876 3152 943; x_wconf 88' lang='lat' dir='ltr'><strong>ejus</strong></span> <span class='ocrx_word' id='word_1_156' title='bbox 3187 874 3478 930; x_wconf 75' lang='lat' dir='ltr'><strong>facultates</strong></span> <span class='ocrx_word' id='word_1_157' title='bbox 3525 876 3615 928; x_wconf 86' lang='lat' dir='ltr'><strong>alii</strong></span> <span class='ocrx_word' id='word_1_158' title='bbox 3670 876 3894 931; x_wconf 80' lang='lat' dir='ltr'><strong>aliunde</strong></span> <span class='ocrx_word' id='word_1_159' title='bbox 3929 878 4099 932; x_wconf 84' lang='lat' dir='ltr'><strong>liber-</strong></span> 
     </span>
    </p>
   </div>
   <div class='ocr_carea' id='block_1_21' title="bbox 2512 968 4095 1037">
    <p class='ocr_par' dir='ltr' id='par_1_21' title="bbox 2512 968 4095 1037">
     <span class='ocr_line' id='line_1_21' title="bbox 2512 968 4095 1037; baseline -0.001 -15"><span class='ocrx_word' id='word_1_160' title='bbox 2512 973 2648 1023; x_wconf 89' lang='lat' dir='ltr'><strong>rime</strong></span> <span class='ocrx_word' id='word_1_161' title='bbox 2695 980 2749 1023; x_wconf 91' lang='lat' dir='ltr'><strong>et</strong></span> <span class='ocrx_word' id='word_1_162' title='bbox 2807 968 3261 1029; x_wconf 88' lang='lat' dir='ltr'><strong>insolentissime,</strong></span> <span class='ocrx_word' id='word_1_163' title='bbox 3309 968 3505 1033; x_wconf 79' lang='lat' dir='ltr'><strong>partim</strong></span> <span class='ocrx_word' id='word_1_164' title='bbox 3554 968 3845 1037; x_wconf 83' lang='lat' dir='ltr'><strong>diripiunt,</strong></span> <span class='ocrx_word' id='word_1_165' title='bbox 3899 970 4095 1037; x_wconf 88' lang='lat' dir='ltr'><strong>partim</strong></span> 
     </span>
    </p>
   </div>
   <div class='ocr_carea' id='block_1_22' title="bbox 2505 1056 4094 1129">
    <p class='ocr_par' dir='ltr' id='par_1_22' title="bbox 2505 1056 4094 1129">
     <span class='ocr_line' id='line_1_22' title="bbox 2505 1056 4094 1129; baseline 0 -16"><span class='ocrx_word' id='word_1_166' title='bbox 2505 1058 2731 1129; x_wconf 80' lang='lat' dir='ltr'><strong>jamjam</strong></span> <span class='ocrx_word' id='word_1_167' title='bbox 2771 1059 3039 1129; x_wconf 83' lang='lat' dir='ltr'><strong>direpturi</strong></span> <span class='ocrx_word' id='word_1_168' title='bbox 3085 1067 3235 1113; x_wconf 90' lang='lat' dir='ltr'><strong>sunt.</strong></span> <span class='ocrx_word' id='word_1_169' title='bbox 3296 1056 3573 1126; x_wconf 75' lang='lat' dir='ltr'><strong>Ingentem</strong></span> <span class='ocrx_word' id='word_1_170' title='bbox 3619 1058 4000 1113; x_wconf 84' lang='lat' dir='ltr'><strong>crudelitatem</strong></span> <span class='ocrx_word' id='word_1_171' title='bbox 4045 1070 4094 1113; x_wconf 58' lang='lat' dir='ltr'><strong>et</strong></span> 
     </span>
    </p>
   </div>
   <div class='ocr_carea' id='block_1_23' title="bbox 2512 1148 4097 1219">
    <p class='ocr_par' dir='ltr' id='par_1_23' title="bbox 2512 1148 4097 1219">
     <span class='ocr_line' id='line_1_23' title="bbox 2512 1148 4097 1219; baseline -0.002 -15"><span class='ocrx_word' id='word_1_172' title='bbox 2512 1151 2943 1204; x_wconf 84' lang='lat' dir='ltr'><strong>immanitatem!</strong></span> <span class='ocrx_word' id='word_1_173' title='bbox 2992 1148 3102 1203; x_wconf 87' lang='lat' dir='ltr'><strong>Nec</strong></span> <span class='ocrx_word' id='word_1_174' title='bbox 3146 1149 3435 1219; x_wconf 90' lang='lat' dir='ltr'><strong>quisquam</strong></span> <span class='ocrx_word' id='word_1_175' title='bbox 3492 1160 3578 1203; x_wconf 90' lang='lat' dir='ltr'><strong>est</strong></span> <span class='ocrx_word' id='word_1_176' title='bbox 3628 1150 3722 1218; x_wconf 85' lang='lat' dir='ltr'><strong>qui</strong></span> <span class='ocrx_word' id='word_1_177' title='bbox 3768 1148 4097 1218; x_wconf 77' lang='lat' dir='ltr'><strong>prohibeat;</strong></span> 
     </span>
    </p>
   </div>
   <div class='ocr_carea' id='block_1_24' title="bbox 2512 1240 4097 1311">
    <p class='ocr_par' dir='ltr' id='par_1_24' title="bbox 2512 1240 4097 1311">
     <span class='ocr_line' id='line_1_24' title="bbox 2512 1240 4097 1311; baseline -0.001 -15"><span class='ocrx_word' id='word_1_178' title='bbox 2512 1241 2608 1296; x_wconf 87' lang='lat' dir='ltr'><strong>sed</strong></span> <span class='ocrx_word' id='word_1_179' title='bbox 2676 1240 3109 1295; x_wconf 86' lang='lat' dir='ltr'><strong>humanissimus</strong></span> <span class='ocrx_word' id='word_1_180' title='bbox 3161 1242 3397 1310; x_wconf 88' lang='lat' dir='ltr'><strong>quisque</strong></span> <span class='ocrx_word' id='word_1_181' title='bbox 3453 1240 3558 1294; x_wconf 91' lang='lat' dir='ltr'><strong>hoc</strong></span> <span class='ocrx_word' id='word_1_182' title='bbox 3620 1241 3795 1295; x_wconf 90' lang='lat' dir='ltr'><strong>solum</strong></span> <span class='ocrx_word' id='word_1_183' title='bbox 3855 1250 4097 1311; x_wconf 83' lang='lat' dir='ltr'><strong>prastat,</strong></span> 
     </span>
    </p>
   </div>
   <div class='ocr_carea' id='block_1_25' title="bbox 2510 1332 4106 1405">
    <p class='ocr_par' dir='ltr' id='par_1_25' title="bbox 2510 1332 4106 1405">
     <span class='ocr_line' id='line_1_25' title="bbox 2510 1332 4106 1405; baseline 0.001 -18"><span class='ocrx_word' id='word_1_184' title='bbox 2510 1333 2658 1404; x_wconf 86' lang='lat' dir='ltr'><strong>quod</strong></span> <span class='ocrx_word' id='word_1_185' title='bbox 2702 1334 2879 1405; x_wconf 81' lang='lat' dir='ltr'><strong>legum</strong></span> <span class='ocrx_word' id='word_1_186' title='bbox 2930 1332 3090 1387; x_wconf 86' lang='lat' dir='ltr'><strong>(idem</strong></span> <span class='ocrx_word' id='word_1_187' title='bbox 3151 1333 3408 1403; x_wconf 82' lang='lat' dir='ltr'><strong>implorat</strong></span> <span class='ocrx_word' id='word_1_188' title='bbox 3448 1341 3504 1386; x_wconf 81' lang='lat' dir='ltr'><strong>et</strong></span> <span class='ocrx_word' id='word_1_189' title='bbox 3552 1332 3901 1399; x_wconf 82' lang='lat' dir='ltr'><strong>obtestatur;</strong></span> <span class='ocrx_word' id='word_1_190' title='bbox 3938 1344 4106 1404; x_wconf 88' lang='lat' dir='ltr'><strong>atque</strong></span> 
     </span>
    </p>
   </div>
   <div class='ocr_carea' id='block_1_26' title="bbox 2513 1424 4103 1496">
    <p class='ocr_par' dir='ltr' id='par_1_26' title="bbox 2513 1424 4103 1496">
     <span class='ocr_line' id='line_1_26' title="bbox 2513 1424 4103 1496; baseline 0.002 -17"><span class='ocrx_word' id='word_1_191' title='bbox 2513 1434 2572 1479; x_wconf 92' lang='lat' dir='ltr'><strong>ut</strong></span> <span class='ocrx_word' id='word_1_192' title='bbox 2600 1441 2711 1481; x_wconf 91' lang='lat' dir='ltr'><strong>uno</strong></span> <span class='ocrx_word' id='word_1_193' title='bbox 2746 1425 2915 1481; x_wconf 84' lang='lat' dir='ltr'><strong>verbo</strong></span> <span class='ocrx_word' id='word_1_194' title='bbox 2947 1424 3150 1489; x_wconf 88' lang='lat' dir='ltr'><strong>dicam,</strong></span> <span class='ocrx_word' id='word_1_195' title='bbox 3188 1425 3376 1480; x_wconf 85' lang='lat' dir='ltr'><strong>fabula</strong></span> <span class='ocrx_word' id='word_1_196' title='bbox 3418 1424 3549 1479; x_wconf 88' lang='lat' dir='ltr'><strong>facti</strong></span> <span class='ocrx_word' id='word_1_197' title='bbox 3590 1442 3805 1492; x_wconf 83' lang='lat' dir='ltr'><strong>sumus,</strong></span> <span class='ocrx_word' id='word_1_198' title='bbox 3847 1428 3941 1496; x_wconf 88' lang='lat' dir='ltr'><strong>qui</strong></span> <span class='ocrx_word' id='word_1_199' title='bbox 3981 1426 4103 1482; x_wconf 85' lang='lat' dir='ltr'><strong>feli-</strong></span> 
     </span>
    </p>
   </div>
   <div class='ocr_carea' id='block_1_27' title="bbox 2511 1513 4100 1588">
    <p class='ocr_par' dir='ltr' id='par_1_27' title="bbox 2511 1513 4100 1588">
     <span class='ocr_line' id='line_1_27' title="bbox 2511 1513 4100 1588; baseline 0.001 -17"><span class='ocrx_word' id='word_1_200' title='bbox 2511 1533 2605 1573; x_wconf 89' lang='lat' dir='ltr'><strong>ces</strong></span> <span class='ocrx_word' id='word_1_201' title='bbox 2651 1517 2929 1588; x_wconf 87' lang='lat' dir='ltr'><strong>quondam</strong></span> <span class='ocrx_word' id='word_1_202' title='bbox 2987 1516 3343 1573; x_wconf 89' lang='lat' dir='ltr'><strong>habebamur.</strong></span> <span class='ocrx_word' id='word_1_203' title='bbox 3404 1513 3481 1571; x_wconf 85' lang='lat' dir='ltr'><strong>Ne</strong></span> <span class='ocrx_word' id='word_1_204' title='bbox 3548 1517 3647 1570; x_wconf 86' lang='lat' dir='ltr'><strong>tibi</strong></span> <span class='ocrx_word' id='word_1_205' title='bbox 3706 1517 3822 1571; x_wconf 63' lang='lat' dir='ltr'><strong>hinc</strong></span> <span class='ocrx_word' id='word_1_206' title='bbox 3880 1516 4100 1573; x_wconf 90' lang='lat' dir='ltr'><strong>ferenda</strong></span> 
     </span>
    </p>
   </div>
   <div class='ocr_carea' id='block_1_28' title="bbox 2512 1608 4105 1674">
    <p class='ocr_par' dir='ltr' id='par_1_28' title="bbox 2512 1608 4105 1674">
     <span class='ocr_line' id='line_1_28' title="bbox 2512 1608 4105 1674; baseline 0.004 -13"><span class='ocrx_word' id='word_1_207' title='bbox 2512 1608 2807 1663; x_wconf 86' lang='lat' dir='ltr'><strong>videantur</strong></span> <span class='ocrx_word' id='word_1_208' title='bbox 2838 1628 2853 1673; x_wconf 82' lang='lat'><strong>;</strong></span> <span class='ocrx_word' id='word_1_209' title='bbox 2896 1621 2952 1664; x_wconf 92' lang='lat' dir='ltr'><strong>at</strong></span> <span class='ocrx_word' id='word_1_210' title='bbox 2986 1626 3094 1664; x_wconf 90' lang='lat' dir='ltr'><strong>una</strong></span> <span class='ocrx_word' id='word_1_211' title='bbox 3126 1626 3342 1666; x_wconf 89' lang='lat' dir='ltr'><strong>mecum</strong></span> <span class='ocrx_word' id='word_1_212' title='bbox 3375 1610 3549 1665; x_wconf 79' lang='lat' dir='ltr'><strong>vicem</strong></span> <span class='ocrx_word' id='word_1_213' title='bbox 3586 1617 3833 1665; x_wconf 88' lang='lat' dir='ltr'><strong>nostram</strong></span> <span class='ocrx_word' id='word_1_214' title='bbox 3876 1611 4020 1674; x_wconf 87' lang='lat' dir='ltr'><strong>dole,</strong></span> <span class='ocrx_word' id='word_1_215' title='bbox 4049 1621 4105 1667; x_wconf 90' lang='lat' dir='ltr'><strong>et</strong></span> 
     </span>
    </p>
   </div>
   <div class='ocr_carea' id='block_1_29' title="bbox 2512 1701 4103 1773">
    <p class='ocr_par' dir='ltr' id='par_1_29' title="bbox 2512 1701 4103 1773">
     <span class='ocr_line' id='line_1_29' title="bbox 2512 1701 4103 1773; baseline 0.001 -18"><span class='ocrx_word' id='word_1_216' title='bbox 2512 1702 2677 1755; x_wconf 83' lang='lat' dir='ltr'><strong>simul</strong></span> <span class='ocrx_word' id='word_1_217' title='bbox 2736 1702 3047 1773; x_wconf 83' lang='lat' dir='ltr'><strong>indignare,</strong></span> <span class='ocrx_word' id='word_1_218' title='bbox 3110 1702 3488 1771; x_wconf 81' lang='lat' dir='ltr'><strong>beneficioque</strong></span> <span class='ocrx_word' id='word_1_219' title='bbox 3538 1701 3838 1757; x_wconf 75' lang='lat' dir='ltr'><strong>(Ia-sarium</strong></span> <span class='ocrx_word' id='word_1_220' title='bbox 3885 1718 3917 1755; x_wconf 73' lang='grc' dir='ltr'><strong><em>θ</em></strong></span> <span class='ocrx_word' id='word_1_221' title='bbox 3966 1703 4103 1757; x_wconf 85' lang='lat' dir='ltr'><strong>vivis</strong></span> 
     </span>
    </p>
   </div>
   <div class='ocr_carea' id='block_1_30' title="bbox 2513 1793 4104 1864">
    <p class='ocr_par' dir='ltr' id='par_1_30' title="bbox 2513 1793 4104 1864">
     <span class='ocr_line' id='line_1_30' title="bbox 2513 1793 4104 1864; baseline -0.001 -16"><span class='ocrx_word' id='word_1_222' title='bbox 2513 1793 2788 1848; x_wconf 74' lang='lat' dir='ltr'><strong>sublatum</strong></span> <span class='ocrx_word' id='word_1_223' title='bbox 2827 1794 3001 1849; x_wconf 82' lang='lat' dir='ltr'><strong>allice.</strong></span> <span class='ocrx_word' id='word_1_224' title='bbox 3053 1794 3148 1849; x_wconf 84' lang='lat' dir='ltr'><strong>Eia</strong></span> <span class='ocrx_word' id='word_1_225' title='bbox 3196 1804 3248 1849; x_wconf 90' lang='lat' dir='ltr'><strong>te</strong></span> <span class='ocrx_word' id='word_1_226' title='bbox 3302 1810 3399 1861; x_wconf 87' lang='lat' dir='ltr'><strong>per</strong></span> <span class='ocrx_word' id='word_1_227' title='bbox 3432 1795 3746 1864; x_wconf 72' lang='lat' dir='ltr'><strong>amicitiam</strong></span> <span class='ocrx_word' id='word_1_228' title='bbox 3786 1794 3963 1863; x_wconf 87' lang='lat' dir='ltr'><strong>ipsam</strong></span> <span class='ocrx_word' id='word_1_229' title='bbox 4005 1795 4104 1847; x_wconf 86' lang='lat' dir='ltr'><strong>ob-</strong></span> 
     </span>
    </p>
   </div>
   <div class='ocr_carea' id='block_1_31' title="bbox 2513 1886 4104 1956">
    <p class='ocr_par' dir='ltr' id='par_1_31' title="bbox 2513 1886 4104 1956">
     <span class='ocr_line' id='line_1_31' title="bbox 2513 1886 4104 1956; baseline 0.001 -19"><span class='ocrx_word' id='word_1_230' title='bbox 2513 1893 2734 1950; x_wconf 89' lang='lat' dir='ltr'><strong>testor;</strong></span> <span class='ocrx_word' id='word_1_231' title='bbox 2783 1887 2867 1941; x_wconf 90' lang='lat' dir='ltr'><strong>eia</strong></span> <span class='ocrx_word' id='word_1_232' title='bbox 2927 1902 3024 1955; x_wconf 80' lang='lat' dir='ltr'><strong>per</strong></span> <span class='ocrx_word' id='word_1_233' title='bbox 3068 1901 3155 1946; x_wconf 87' lang='lat' dir='ltr'><strong>ea,</strong></span> <span class='ocrx_word' id='word_1_234' title='bbox 3211 1902 3333 1956; x_wconf 67' lang='lat' dir='ltr'><strong>qua:</strong></span> <span class='ocrx_word' id='word_1_235' title='bbox 3385 1886 3713 1939; x_wconf 86' lang='lat' dir='ltr'><strong>charissima</strong></span> <span class='ocrx_word' id='word_1_236' title='bbox 3761 1887 3951 1951; x_wconf 82' lang='lat' dir='ltr'><strong>habes,</strong></span> <span class='ocrx_word' id='word_1_237' title='bbox 4008 1901 4104 1955; x_wconf 88' lang='lat' dir='ltr'><strong>per</strong></span> 
     </span>
    </p>
   </div>
   <div class='ocr_carea' id='block_1_32' title="bbox 826 1966 2867 2048">
    <p class='ocr_par' dir='ltr' id='par_1_32' title="bbox 826 1966 2867 2048">
     <span class='ocr_line' id='line_1_32' title="bbox 826 1966 2867 2048; baseline 0 -19"><span class='ocrx_word' id='word_1_238' title='bbox 826 1977 978 2029; x_wconf 82' lang='grc' dir='ltr'>κέναι</span> <span class='ocrx_word' id='word_1_239' title='bbox 1018 1977 1226 2045; x_wconf 85' lang='grc' dir='ltr'>φίλους,</span> <span class='ocrx_word' id='word_1_240' title='bbox 1257 1978 1285 2030; x_wconf 84' lang='grc' dir='ltr'>ὁ</span> <span class='ocrx_word' id='word_1_241' title='bbox 1330 1976 1395 2048; x_wconf 81' lang='grc' dir='ltr'>δὴ</span> <span class='ocrx_word' id='word_1_242' title='bbox 1429 1978 1524 2030; x_wconf 72' lang='grc' dir='ltr'><strong>καὶ</strong></span> <span class='ocrx_word' id='word_1_243' title='bbox 1571 1976 1800 2039; x_wconf 75' lang='grc' dir='ltr'>πολλοὺς</span> <span class='ocrx_word' id='word_1_244' title='bbox 1851 1976 1997 2046; x_wconf 78' lang='grc' dir='ltr'>ἔχειν</span> <span class='ocrx_word' id='word_1_245' title='bbox 2033 1976 2299 2046; x_wconf 85' lang='grc' dir='ltr'>οἰόμενος.</span> <span class='ocrx_word' id='word_1_246' title='bbox 2345 1975 2409 2027; x_wconf 85' lang='grc' dir='ltr'><strong>Ἦ</strong></span> <span class='ocrx_word' id='word_1_247' title='bbox 2444 1966 2484 2021; x_wconf 78' lang='grc' dir='ltr'><strong>Β</strong></span> <span class='ocrx_word' id='word_1_248' title='bbox 2514 1991 2642 2046; x_wconf 86' lang='lat' dir='ltr'><strong>spes</strong></span> <span class='ocrx_word' id='word_1_249' title='bbox 2697 1977 2867 2030; x_wconf 61' lang='lat' dir='ltr'><strong>animi</strong></span> 
     </span>
    </p>
   </div>
   <div class='ocr_carea' id='block_1_33' title="bbox 2061 1966 4102 2048">
    <p class='ocr_par' dir='ltr' id='par_1_33' title="bbox 2068 1966 4102 2046">
     <span class='ocr_line' id='line_1_33' title="bbox 2068 1966 4102 2046; baseline 0.002 -18"><span class='ocrx_word' id='word_1_250' title='bbox 2068 1976 2299 2046; x_wconf 83' lang='grc' dir='ltr'>ἱόμενος.</span> <span class='ocrx_word' id='word_1_251' title='bbox 2345 1975 2409 2027; x_wconf 84' lang='grc' dir='ltr'><strong>Ἦ</strong></span> <span class='ocrx_word' id='word_1_252' title='bbox 2444 1966 2642 2046; x_wconf 77' lang='lat' dir='ltr'><strong>Bspes</strong></span> <span class='ocrx_word' id='word_1_253' title='bbox 2697 1977 2882 2030; x_wconf 86' lang='lat' dir='ltr'><strong>animo</strong></span> <span class='ocrx_word' id='word_1_254' title='bbox 2932 1988 3250 2046; x_wconf 89' lang='lat' dir='ltr'><strong>conceptas,</strong></span> <span class='ocrx_word' id='word_1_255' title='bbox 3306 1990 3447 2046; x_wconf 85' lang='lat' dir='ltr'><strong>quas</strong></span> <span class='ocrx_word' id='word_1_256' title='bbox 3504 1975 3604 2029; x_wconf 88' lang='lat' dir='ltr'><strong>tibi</strong></span> <span class='ocrx_word' id='word_1_257' title='bbox 3668 1974 3876 2030; x_wconf 82' lang='lat' dir='ltr'><strong>faustas</strong></span> <span class='ocrx_word' id='word_1_258' title='bbox 3929 1977 4102 2033; x_wconf 79' lang='lat' dir='ltr'><strong>ellice.</strong></span> 
     </span>
    </p>
   </div>
   <div class='ocr_carea' id='block_1_34' title="bbox 827 2066 2407 2140">
    <p class='ocr_par' dir='ltr' id='par_1_34' title="bbox 827 2066 2407 2140">
     <span class='ocr_line' id='line_1_34' title="bbox 827 2066 2407 2140; baseline -0.001 -20"><span class='ocrx_word' id='word_1_259' title='bbox 827 2067 930 2137; x_wconf 81' lang='grc' dir='ltr'><strong>μὲν</strong></span> <span class='ocrx_word' id='word_1_260' title='bbox 976 2067 1245 2140; x_wconf 76' lang='grc' dir='ltr'>πρεσσεία</span> <span class='ocrx_word' id='word_1_261' title='bbox 1302 2067 1565 2138; x_wconf 79' lang='grc' dir='ltr'>τοιαύτη,</span> <span class='ocrx_word' id='word_1_262' title='bbox 1621 2068 1718 2119; x_wconf 76' lang='grc' dir='ltr'><strong>καὶ</strong></span> <span class='ocrx_word' id='word_1_263' title='bbox 1783 2066 1935 2135; x_wconf 85' lang='grc' dir='ltr'><strong>παρά</strong></span> <span class='ocrx_word' id='word_1_264' title='bbox 1980 2066 2239 2119; x_wconf 83' lang='grc' dir='ltr'>τοιούτων</span> <span class='ocrx_word' id='word_1_265' title='bbox 2290 2066 2407 2136; x_wconf 87' lang='lat'><strong>(7),</strong></span> 
     </span>
    </p>
   </div>
   <div class='ocr_carea' id='block_1_35' title="bbox 823 2156 2412 2229">
    <p class='ocr_par' dir='ltr' id='par_1_35' title="bbox 823 2156 2412 2229">
     <span class='ocr_line' id='line_1_35' title="bbox 823 2156 2412 2229; baseline -0.002 -19"><span class='ocrx_word' id='word_1_266' title='bbox 823 2158 1012 2229; x_wconf 70' lang='grc' dir='ltr'>ἐπειδή</span> <span class='ocrx_word' id='word_1_267' title='bbox 1041 2176 1123 2211; x_wconf 90' lang='grc' dir='ltr'><strong>σοι</strong></span> <span class='ocrx_word' id='word_1_268' title='bbox 1164 2160 1259 2212; x_wconf 79' lang='grc' dir='ltr'>καὶ</span> <span class='ocrx_word' id='word_1_269' title='bbox 1291 2159 1352 2212; x_wconf 77' lang='grc' dir='ltr'>τὸ</span> <span class='ocrx_word' id='word_1_270' title='bbox 1384 2158 1507 2212; x_wconf 84' lang='grc' dir='ltr'>καθ’</span> <span class='ocrx_word' id='word_1_271' title='bbox 1542 2160 1693 2228; x_wconf 82' lang='grc' dir='ltr'><strong>ἡμᾶς</strong></span> <span class='ocrx_word' id='word_1_272' title='bbox 1733 2156 1863 2219; x_wconf 84' lang='grc' dir='ltr'>ἴσως</span> <span class='ocrx_word' id='word_1_273' title='bbox 1894 2156 1955 2209; x_wconf 85' lang='grc' dir='ltr'><strong>ού</strong></span> <span class='ocrx_word' id='word_1_274' title='bbox 1998 2156 2295 2226; x_wconf 86' lang='grc' dir='ltr'>πάρεργον.</span> <span class='ocrx_word' id='word_1_275' title='bbox 2344 2156 2412 2207; x_wconf 81' lang='lat' dir='ltr'><strong>&quot;A</strong></span> 
     </span>
    </p>
   </div>
   <div class='ocr_carea' id='block_1_36' title="bbox 823 2244 2417 2321">
    <p class='ocr_par' dir='ltr' id='par_1_36' title="bbox 823 2244 2417 2321">
     <span class='ocr_line' id='line_1_36' title="bbox 823 2244 2417 2321; baseline -0.002 -18"><span class='ocrx_word' id='word_1_276' title='bbox 823 2250 880 2303; x_wconf 84' lang='grc' dir='ltr'>δὲ</span> <span class='ocrx_word' id='word_1_277' title='bbox 931 2250 1241 2321; x_wconf 82' lang='grc' dir='ltr'>βοηθήσεις,</span> <span class='ocrx_word' id='word_1_278' title='bbox 1296 2250 1390 2303; x_wconf 80' lang='grc' dir='ltr'><strong>καὶ</strong></span> <span class='ocrx_word' id='word_1_279' title='bbox 1430 2250 1498 2303; x_wconf 78' lang='grc' dir='ltr'>δι’</span> <span class='ocrx_word' id='word_1_280' title='bbox 1545 2244 1642 2311; x_wconf 82' lang='grc' dir='ltr'>ὧν,</span> <span class='ocrx_word' id='word_1_281' title='bbox 1694 2249 1789 2302; x_wconf 73' lang='grc' dir='ltr'><strong>καὶ</strong></span> <span class='ocrx_word' id='word_1_282' title='bbox 1828 2250 2007 2310; x_wconf 85' lang='grc' dir='ltr'>ὅπως,</span> <span class='ocrx_word' id='word_1_283' title='bbox 2045 2248 2114 2300; x_wconf 90' lang='grc' dir='ltr'><strong>τά</strong></span> <span class='ocrx_word' id='word_1_284' title='bbox 2166 2264 2225 2298; x_wconf 87' lang='grc' dir='ltr'><strong>τε</strong></span> <span class='ocrx_word' id='word_1_285' title='bbox 2274 2247 2417 2317; x_wconf 86' lang='grc' dir='ltr'>πρά-</span> 
     </span>
    </p>
   </div>
   <div class='ocr_carea' id='block_1_37' title="bbox 826 2337 2415 2412">
    <p class='ocr_par' dir='ltr' id='par_1_37' title="bbox 826 2337 2415 2412">
     <span class='ocr_line' id='line_1_37' title="bbox 826 2337 2415 2412; baseline -0.003 -16"><span class='ocrx_word' id='word_1_286' title='bbox 826 2359 1011 2412; x_wconf 85' lang='grc' dir='ltr'>γματα</span> <span class='ocrx_word' id='word_1_287' title='bbox 1073 2343 1440 2406; x_wconf 78' lang='grc' dir='ltr'>ὑποθήσεται,</span> <span class='ocrx_word' id='word_1_288' title='bbox 1500 2342 1598 2394; x_wconf 78' lang='grc' dir='ltr'>καὶ</span> <span class='ocrx_word' id='word_1_289' title='bbox 1647 2344 1682 2410; x_wconf 79' lang='grc' dir='ltr'>ἡ</span> <span class='ocrx_word' id='word_1_290' title='bbox 1753 2340 1821 2411; x_wconf 78' lang='grc' dir='ltr'>σὴ</span> <span class='ocrx_word' id='word_1_291' title='bbox 1881 2337 2235 2407; x_wconf 72' lang='grc' dir='ltr'>διασκέψεται</span> <span class='ocrx_word' id='word_1_292' title='bbox 2291 2338 2415 2391; x_wconf 85' lang='grc' dir='ltr'>σύν-</span> 
     </span>
    </p>
   </div>
   <div class='ocr_carea' id='block_1_38' title="bbox 825 2451 962 2499">
    <p class='ocr_par' dir='ltr' id='par_1_38' title="bbox 825 2451 962 2499">
     <span class='ocr_line' id='line_1_38' title="bbox 825 2451 962 2499; baseline 0.022 -12"><span class='ocrx_word' id='word_1_293' title='bbox 825 2451 962 2499; x_wconf 84' lang='grc' dir='ltr'>εσις.</span> 
     </span>
    </p>
   </div>
   <div class='ocr_carea' id='block_1_39' title="bbox 2519 2066 4100 2137">
    <p class='ocr_par' dir='ltr' id='par_1_39' title="bbox 2519 2066 4100 2137">
     <span class='ocr_line' id='line_1_39' title="bbox 2519 2066 4100 2137; baseline 0.001 -17"><span class='ocrx_word' id='word_1_294' title='bbox 2519 2066 2684 2121; x_wconf 83' lang='lat' dir='ltr'><strong>f‘tdum</strong></span> <span class='ocrx_word' id='word_1_295' title='bbox 2732 2077 2783 2123; x_wconf 87' lang='lat' dir='ltr'><strong>te</strong></span> <span class='ocrx_word' id='word_1_296' title='bbox 2824 2075 2879 2122; x_wconf 92' lang='lat' dir='ltr'><strong>et</strong></span> <span class='ocrx_word' id='word_1_297' title='bbox 2924 2068 3202 2123; x_wconf 80' lang='lat' dir='ltr'><strong>sincerum</strong></span> <span class='ocrx_word' id='word_1_298' title='bbox 3247 2069 3483 2122; x_wconf 88' lang='lat' dir='ltr'><strong>amicum</strong></span> <span class='ocrx_word' id='word_1_299' title='bbox 3525 2076 3745 2121; x_wconf 83' lang='lat' dir='ltr'><strong>mortuo</strong></span> <span class='ocrx_word' id='word_1_300' title='bbox 3788 2068 4036 2137; x_wconf 59' lang='lat' dir='ltr'><strong>pratbens</strong></span> <span class='ocrx_word' id='word_1_301' title='bbox 4081 2087 4100 2127; x_wconf 93' lang='lat'><strong>:</strong></span> 
     </span>
    </p>
   </div>
   <div class='ocr_carea' id='block_1_40' title="bbox 2521 2159 4104 2230">
    <p class='ocr_par' dir='ltr' id='par_1_40' title="bbox 2521 2159 4104 2230">
     <span class='ocr_line' id='line_1_40' title="bbox 2521 2159 4104 2230; baseline -0.001 -16"><span class='ocrx_word' id='word_1_302' title='bbox 2521 2170 2581 2214; x_wconf 90' lang='lat' dir='ltr'><strong>ut</strong></span> <span class='ocrx_word' id='word_1_303' title='bbox 2608 2162 2675 2216; x_wconf 90' lang='lat' dir='ltr'><strong>iis</strong></span> <span class='ocrx_word' id='word_1_304' title='bbox 2713 2162 2900 2227; x_wconf 88' lang='lat' dir='ltr'><strong>etiam,</strong></span> <span class='ocrx_word' id='word_1_305' title='bbox 2944 2162 3037 2230; x_wconf 92' lang='lat' dir='ltr'><strong>qui</strong></span> <span class='ocrx_word' id='word_1_306' title='bbox 3085 2161 3195 2213; x_wconf 86' lang='lat' dir='ltr'><strong>vita</strong></span> <span class='ocrx_word' id='word_1_307' title='bbox 3237 2159 3519 2222; x_wconf 88' lang='lat' dir='ltr'><strong>fruuntur,</strong></span> <span class='ocrx_word' id='word_1_308' title='bbox 3576 2161 3679 2213; x_wconf 91' lang='lat' dir='ltr'><strong>hoc</strong></span> <span class='ocrx_word' id='word_1_309' title='bbox 3728 2161 4003 2230; x_wconf 75' lang='lat' dir='ltr'><strong>lat-giaris,</strong></span> <span class='ocrx_word' id='word_1_310' title='bbox 4040 2174 4104 2212; x_wconf 87' lang='lat' dir='ltr'><strong>ac</strong></span> 
     </span>
    </p>
   </div>
   <div class='ocr_carea' id='block_1_41' title="bbox 2517 2250 4104 2322">
    <p class='ocr_par' dir='ltr' id='par_1_41' title="bbox 2517 2250 4104 2322">
     <span class='ocr_line' id='line_1_41' title="bbox 2517 2250 4104 2322; baseline -0.003 -15"><span class='ocrx_word' id='word_1_311' title='bbox 2517 2267 2671 2322; x_wconf 90' lang='lat' dir='ltr'><strong>spem</strong></span> <span class='ocrx_word' id='word_1_312' title='bbox 2713 2252 2997 2307; x_wconf 89' lang='lat' dir='ltr'><strong>meliorem</strong></span> <span class='ocrx_word' id='word_1_313' title='bbox 3027 2252 3245 2306; x_wconf 85' lang='lat' dir='ltr'><strong>afferas.</strong></span> <span class='ocrx_word' id='word_1_314' title='bbox 3288 2253 3372 2305; x_wconf 87' lang='lat' dir='ltr'><strong>An</strong></span> <span class='ocrx_word' id='word_1_315' title='bbox 3402 2260 3457 2305; x_wconf 91' lang='lat' dir='ltr'><strong>tu</strong></span> <span class='ocrx_word' id='word_1_316' title='bbox 3489 2251 3850 2321; x_wconf 86' lang='lat' dir='ltr'><strong>pecuniarum</strong></span> <span class='ocrx_word' id='word_1_317' title='bbox 3882 2250 4104 2304; x_wconf 85' lang='lat' dir='ltr'><strong>nomine</strong></span> 
     </span>
    </p>
   </div>
   <div class='ocr_carea' id='block_1_42' title="bbox 2517 2340 4102 2413">
    <p class='ocr_par' dir='ltr' id='par_1_42' title="bbox 2517 2340 4102 2413">
     <span class='ocr_line' id='line_1_42' title="bbox 2517 2340 4102 2413; baseline -0.003 -17"><span class='ocrx_word' id='word_1_318' title='bbox 2517 2358 2618 2399; x_wconf 87' lang='lat' dir='ltr'><strong>nos</strong></span> <span class='ocrx_word' id='word_1_319' title='bbox 2668 2344 2794 2413; x_wconf 79' lang='lat' dir='ltr'><strong>angi</strong></span> <span class='ocrx_word' id='word_1_320' title='bbox 2865 2345 3071 2412; x_wconf 88' lang='lat' dir='ltr'><strong>putas?</strong></span> <span class='ocrx_word' id='word_1_321' title='bbox 3128 2342 3534 2397; x_wconf 86' lang='lat' dir='ltr'><strong>lutolerabilior</strong></span> <span class='ocrx_word' id='word_1_322' title='bbox 3585 2341 3748 2395; x_wconf 89' lang='lat' dir='ltr'><strong>nobis</strong></span> <span class='ocrx_word' id='word_1_323' title='bbox 3802 2340 4102 2411; x_wconf 78' lang='lat' dir='ltr'><strong>ignominia</strong></span> 
     </span>
    </p>
   </div>
   <div class='ocr_carea' id='block_1_43' title="bbox 2514 2432 4105 2501">
    <p class='ocr_par' dir='ltr' id='par_1_43' title="bbox 2514 2432 4105 2501">
     <span class='ocr_line' id='line_1_43' title="bbox 2514 2432 4105 2501; baseline -0.002 -13"><span class='ocrx_word' id='word_1_324' title='bbox 2514 2434 2701 2501; x_wconf 85' lang='lat' dir='ltr'><strong>fuerit,</strong></span> <span class='ocrx_word' id='word_1_325' title='bbox 2740 2436 2787 2489; x_wconf 91' lang='lat' dir='ltr'><strong>si</strong></span> <span class='ocrx_word' id='word_1_326' title='bbox 2840 2438 2996 2490; x_wconf 91' lang='lat' dir='ltr'><strong>solus</strong></span> <span class='ocrx_word' id='word_1_327' title='bbox 3048 2450 3113 2490; x_wconf 82' lang='lat' dir='ltr'><strong>ex</strong></span> <span class='ocrx_word' id='word_1_328' title='bbox 3160 2435 3417 2489; x_wconf 91' lang='lat' dir='ltr'><strong>omnibus</strong></span> <span class='ocrx_word' id='word_1_329' title='bbox 3461 2434 3789 2488; x_wconf 85' lang='lat' dir='ltr'><strong>mortalibus</strong></span> <span class='ocrx_word' id='word_1_330' title='bbox 3830 2432 4105 2486; x_wconf 72' lang='lat' dir='ltr'><strong>Ctesarius</strong></span> 
     </span>
    </p>
   </div>
   <div class='ocr_carea' id='block_1_44' title="bbox 832 2521 4107 2596">
    <p class='ocr_par' dir='ltr' id='par_1_44' title="bbox 832 2521 4107 2596">
     <span class='ocr_line' id='line_1_44' title="bbox 832 2521 4107 2596; baseline 0.001 -19"><span class='ocrx_word' id='word_1_331' title='bbox 832 2526 1029 2581; x_wconf 85' lang='lat' dir='ltr'><strong>amicis</strong></span> <span class='ocrx_word' id='word_1_332' title='bbox 1090 2525 1341 2581; x_wconf 89' lang='lat' dir='ltr'><strong>caruisse</strong></span> <span class='ocrx_word' id='word_1_333' title='bbox 1387 2525 1658 2587; x_wconf 83' lang='lat' dir='ltr'><strong>videatur,</strong></span> <span class='ocrx_word' id='word_1_334' title='bbox 1695 2524 1791 2594; x_wconf 88' lang='lat' dir='ltr'><strong>qui</strong></span> <span class='ocrx_word' id='word_1_335' title='bbox 1820 2523 2127 2595; x_wconf 88' lang='lat' dir='ltr'><strong>permultos</strong></span> <span class='ocrx_word' id='word_1_336' title='bbox 2158 2521 2322 2576; x_wconf 88' lang='lat' dir='ltr'><strong>etiam</strong></span> <span class='ocrx_word' id='word_1_337' title='bbox 2378 2522 2484 2580; x_wconf 84' lang='lat' dir='ltr'><strong>sibi</strong></span> <span class='ocrx_word' id='word_1_338' title='bbox 2536 2540 2660 2581; x_wconf 87' lang='lat' dir='ltr'><strong>esse</strong></span> <span class='ocrx_word' id='word_1_339' title='bbox 2710 2527 3081 2582; x_wconf 81' lang='lat' dir='ltr'><strong>existimabat.</strong></span> <span class='ocrx_word' id='word_1_340' title='bbox 3134 2526 3212 2580; x_wconf 84' lang='lat' dir='ltr'><strong>Ac</strong></span> <span class='ocrx_word' id='word_1_341' title='bbox 3249 2526 3561 2596; x_wconf 84' lang='lat' dir='ltr'><strong>deprecatio</strong></span> <span class='ocrx_word' id='word_1_342' title='bbox 3610 2525 3736 2579; x_wconf 90' lang='lat' dir='ltr'><strong>talis</strong></span> <span class='ocrx_word' id='word_1_343' title='bbox 3785 2533 3890 2589; x_wconf 89' lang='lat' dir='ltr'><strong>est,</strong></span> <span class='ocrx_word' id='word_1_344' title='bbox 3943 2536 4107 2595; x_wconf 89' lang='lat' dir='ltr'><strong>atque</strong></span> 
     </span>
    </p>
   </div>
   <div class='ocr_carea' id='block_1_45' title="bbox 826 2615 4103 2691">
    <p class='ocr_par' dir='ltr' id='par_1_45' title="bbox 826 2615 4103 2691">
     <span class='ocr_line' id='line_1_45' title="bbox 826 2615 4103 2691; baseline -0.001 -17"><span class='ocrx_word' id='word_1_345' title='bbox 826 2634 859 2674; x_wconf 77' lang='grc' dir='ltr'><strong>ιι</strong></span> <span class='ocrx_word' id='word_1_346' title='bbox 886 2620 1091 2674; x_wconf 88' lang='lat' dir='ltr'><strong>talibus</strong></span> <span class='ocrx_word' id='word_1_347' title='bbox 1136 2620 1400 2689; x_wconf 85' lang='lat' dir='ltr'><strong>profecta,</strong></span> <span class='ocrx_word' id='word_1_348' title='bbox 1446 2618 1893 2691; x_wconf 86' lang='lat' dir='ltr'><strong>quandoquidem</strong></span> <span class='ocrx_word' id='word_1_349' title='bbox 1933 2624 1991 2670; x_wconf 89' lang='lat' dir='ltr'><strong>tu</strong></span> <span class='ocrx_word' id='word_1_350' title='bbox 2039 2632 2144 2672; x_wconf 87' lang='lat' dir='ltr'><strong>nos</strong></span> <span class='ocrx_word' id='word_1_351' title='bbox 2191 2630 2412 2685; x_wconf 88' lang='lat' dir='ltr'><strong>quoque</strong></span> <span class='ocrx_word' id='word_1_352' title='bbox 2440 2615 2678 2673; x_wconf 79' lang='lat' dir='ltr'><strong>fortasse</strong></span> <span class='ocrx_word' id='word_1_353' title='bbox 2708 2635 2818 2674; x_wconf 90' lang='lat' dir='ltr'><strong>non</strong></span> <span class='ocrx_word' id='word_1_354' title='bbox 2848 2618 3253 2675; x_wconf 86' lang='lat' dir='ltr'><strong>contemnendo</strong></span> <span class='ocrx_word' id='word_1_355' title='bbox 3279 2619 3399 2674; x_wconf 86' lang='lat' dir='ltr'><strong>loco</strong></span> <span class='ocrx_word' id='word_1_356' title='bbox 3457 2618 3649 2674; x_wconf 91' lang='lat' dir='ltr'><strong>habes.</strong></span> <span class='ocrx_word' id='word_1_357' title='bbox 3706 2616 3862 2684; x_wconf 86' lang='lat' dir='ltr'><strong>Quod</strong></span> <span class='ocrx_word' id='word_1_358' title='bbox 3919 2626 4103 2673; x_wconf 88' lang='lat' dir='ltr'><strong>autem</strong></span> 
     </span>
    </p>
   </div>
   <div class='ocr_carea' id='block_1_46' title="bbox 825 2709 4116 2784">
    <p class='ocr_par' dir='ltr' id='par_1_46' title="bbox 825 2709 4116 2784">
     <span class='ocr_line' id='line_1_46' title="bbox 825 2709 4116 2784; baseline -0.002 -12"><span class='ocrx_word' id='word_1_359' title='bbox 825 2715 1117 2781; x_wconf 73' lang='lat' dir='ltr'><strong>auxilium,</strong></span> <span class='ocrx_word' id='word_1_360' title='bbox 1168 2723 1224 2769; x_wconf 90' lang='lat' dir='ltr'><strong>et</strong></span> <span class='ocrx_word' id='word_1_361' title='bbox 1265 2714 1466 2783; x_wconf 83' lang='lat' dir='ltr'><strong>quibus</strong></span> <span class='ocrx_word' id='word_1_362' title='bbox 1508 2712 1883 2777; x_wconf 88' lang='lat' dir='ltr'><strong>adminiculis,</strong></span> <span class='ocrx_word' id='word_1_363' title='bbox 1935 2726 2155 2782; x_wconf 86' lang='lat' dir='ltr'><strong>quaque</strong></span> <span class='ocrx_word' id='word_1_364' title='bbox 2191 2712 2407 2767; x_wconf 86' lang='lat' dir='ltr'><strong>ratione</strong></span> <span class='ocrx_word' id='word_1_365' title='bbox 2441 2709 2728 2767; x_wconf 85' lang='lat' dir='ltr'><strong>ferendum</strong></span> <span class='ocrx_word' id='word_1_366' title='bbox 2763 2716 2857 2781; x_wconf 90' lang='lat' dir='ltr'><strong>sit,</strong></span> <span class='ocrx_word' id='word_1_367' title='bbox 2895 2725 3011 2769; x_wconf 90' lang='lat' dir='ltr'><strong>tum</strong></span> <span class='ocrx_word' id='word_1_368' title='bbox 3045 2729 3135 2769; x_wconf 87' lang='lat' dir='ltr'><strong>res</strong></span> <span class='ocrx_word' id='word_1_369' title='bbox 3167 2714 3300 2784; x_wconf 74' lang='lat' dir='ltr'><strong>ipsa:</strong></span> <span class='ocrx_word' id='word_1_370' title='bbox 3358 2712 3756 2776; x_wconf 88' lang='lat' dir='ltr'><strong>admonebunt,</strong></span> <span class='ocrx_word' id='word_1_371' title='bbox 3812 2719 3925 2766; x_wconf 90' lang='lat' dir='ltr'><strong>tum</strong></span> <span class='ocrx_word' id='word_1_372' title='bbox 3975 2728 4116 2783; x_wconf 88' lang='lat' dir='ltr'><strong>pru-</strong></span> 
     </span>
    </p>
   </div>
   <div class='ocr_carea' id='block_1_47' title="bbox 826 2806 1448 2876">
    <p class='ocr_par' dir='ltr' id='par_1_47' title="bbox 826 2806 1448 2876">
     <span class='ocr_line' id='line_1_47' title="bbox 826 2806 1448 2876; baseline -0.008 -12"><span class='ocrx_word' id='word_1_373' title='bbox 826 2807 1011 2867; x_wconf 87' lang='lat' dir='ltr'><strong>dentia</strong></span> <span class='ocrx_word' id='word_1_374' title='bbox 1037 2816 1134 2863; x_wconf 87' lang='lat' dir='ltr'><strong>tua</strong></span> <span class='ocrx_word' id='word_1_375' title='bbox 1166 2806 1448 2876; x_wconf 88' lang='lat' dir='ltr'><strong>dispiciet.</strong></span> 
     </span>
    </p>
   </div>
   <div class='ocr_carea' id='block_1_48' title="bbox 1322 2917 3363 2995">
    <p class='ocr_par' dir='ltr' id='par_1_48' title="bbox 1322 2918 3359 2995">
     <span class='ocr_line' id='line_1_48' title="bbox 1322 2918 3359 2995; baseline -0.003 -15"><span class='ocrx_word' id='word_1_376' title='bbox 1322 2926 1403 2980; x_wconf 73' lang='grc' dir='ltr'><strong>Αν.</strong></span> <span class='ocrx_word' id='word_1_377' title='bbox 1443 2922 1759 2995; x_wconf 60' lang='lat' dir='ltr'><strong>«amarem</strong></span> <span class='ocrx_word' id='word_1_378' title='bbox 1807 2923 1906 2993; x_wconf 89' lang='lat'><strong>(8).</strong></span> <span class='ocrx_word' id='word_1_379' title='bbox 2917 2921 3028 2991; x_wconf 73' lang='lat'><strong>26</strong></span> <span class='ocrx_word' id='word_1_380' title='bbox 3084 2918 3253 2974; x_wconf 81' lang='lat' dir='ltr'><strong>xxx.</strong></span> <span class='ocrx_word' id='word_1_381' title='bbox 3320 2919 3359 2974; x_wconf 75' lang='grc' dir='ltr'>ι)</span> 
     </span>
    </p>
   </div>
   <div class='ocr_carea' id='block_1_49' title="bbox 1673 2917 3714 2995">
    <p class='ocr_par' dir='ltr' id='par_1_49' title="bbox 1673 2917 3714 2995">
     <span class='ocr_line' id='line_1_49' title="bbox 1673 2917 3714 2995; baseline -0 -19"><span class='ocrx_word' id='word_1_382' title='bbox 1673 2922 1759 2995; x_wconf 63' lang='grc' dir='ltr'>»ιιι</span> <span class='ocrx_word' id='word_1_383' title='bbox 1807 2923 1906 2993; x_wconf 85' lang='grc'><strong>(8).</strong></span> <span class='ocrx_word' id='word_1_384' title='bbox 2917 2921 3028 2991; x_wconf 73' lang='lat'><strong>26</strong></span> <span class='ocrx_word' id='word_1_385' title='bbox 3084 2918 3253 2974; x_wconf 81' lang='lat' dir='ltr'><strong>xxx.</strong></span> <span class='ocrx_word' id='word_1_386' title='bbox 3320 2917 3714 2975; x_wconf 81' lang='lat' dir='ltr'><strong>PIIILAGRIO.</strong></span> 
     </span>
    </p>
   </div>
   <div class='ocr_carea' id='block_1_50' title="bbox 902 3038 4108 3111">
    <p class='ocr_par' dir='ltr' id='par_1_50' title="bbox 902 3038 4108 3111">
     <span class='ocr_line' id='line_1_50' title="bbox 902 3038 4108 3111; baseline -0.002 -14"><span class='ocrx_word' id='word_1_387' title='bbox 902 3042 1026 3098; x_wconf 84' lang='lat' dir='ltr'><strong>Non</strong></span> <span class='ocrx_word' id='word_1_388' title='bbox 1054 3043 1238 3097; x_wconf 88' lang='lat' dir='ltr'><strong>statint</strong></span> <span class='ocrx_word' id='word_1_389' title='bbox 1275 3053 1393 3111; x_wconf 89' lang='lat' dir='ltr'><strong>post</strong></span> <span class='ocrx_word' id='word_1_390' title='bbox 1423 3042 1649 3097; x_wconf 68' lang='lat' dir='ltr'><strong>Casarii</strong></span> <span class='ocrx_word' id='word_1_391' title='bbox 1676 3052 1899 3096; x_wconf 85' lang='lat' dir='ltr'><strong>mortem</strong></span> <span class='ocrx_word' id='word_1_392' title='bbox 1932 3043 2191 3110; x_wconf 86' lang='lat' dir='ltr'><strong>scriptam</strong></span> <span class='ocrx_word' id='word_1_393' title='bbox 2223 3058 2339 3097; x_wconf 85' lang='lat' dir='ltr'><strong>esse</strong></span> <span class='ocrx_word' id='word_1_394' title='bbox 2365 3040 2503 3095; x_wconf 86' lang='lat' dir='ltr'><strong>hanc</strong></span> <span class='ocrx_word' id='word_1_395' title='bbox 2533 3040 2819 3111; x_wconf 76' lang='lat' dir='ltr'><strong>epistolam</strong></span> <span class='ocrx_word' id='word_1_396' title='bbox 2854 3041 3026 3108; x_wconf 88' lang='lat' dir='ltr'><strong>ipsum</strong></span> <span class='ocrx_word' id='word_1_397' title='bbox 3060 3040 3301 3109; x_wconf 72' lang='lat' dir='ltr'><strong>epistolte</strong></span> <span class='ocrx_word' id='word_1_398' title='bbox 3328 3041 3540 3094; x_wconf 87' lang='lat' dir='ltr'><strong>initium</strong></span> <span class='ocrx_word' id='word_1_399' title='bbox 3572 3038 3851 3102; x_wconf 78' lang='lat' dir='ltr'><strong>insinuat;</strong></span> <span class='ocrx_word' id='word_1_400' title='bbox 3881 3038 3974 3092; x_wconf 84' lang='lat' dir='ltr'><strong>sed</strong></span> <span class='ocrx_word' id='word_1_401' title='bbox 4001 3056 4108 3093; x_wconf 71' lang='lat' dir='ltr'><strong>non</strong></span> 
     </span>
    </p>
   </div>
   <div class='ocr_carea' id='block_1_51' title="bbox 829 3110 4109 3184">
    <p class='ocr_par' dir='ltr' id='par_1_51' title="bbox 829 3110 4109 3184">
     <span class='ocr_line' id='line_1_51' title="bbox 829 3110 4109 3184; baseline -0.001 -16"><span class='ocrx_word' id='word_1_402' title='bbox 829 3125 941 3169; x_wconf 90' lang='lat' dir='ltr'><strong>tam</strong></span> <span class='ocrx_word' id='word_1_403' title='bbox 969 3117 1121 3184; x_wconf 87' lang='lat' dir='ltr'><strong>longo</strong></span> <span class='ocrx_word' id='word_1_404' title='bbox 1151 3110 1546 3181; x_wconf 85' lang='lat' dir='ltr'><strong>posttempore,</strong></span> <span class='ocrx_word' id='word_1_405' title='bbox 1578 3122 1635 3184; x_wconf 80' lang='lat' dir='ltr'><strong>ut</strong></span> <span class='ocrx_word' id='word_1_406' title='bbox 1671 3112 2396 3184; x_wconf 81' lang='lat' dir='ltr'><strong>arbitraturTillemontius,</strong></span> <span class='ocrx_word' id='word_1_407' title='bbox 2433 3113 2526 3182; x_wconf 86' lang='lat' dir='ltr'><strong>qui</strong></span> <span class='ocrx_word' id='word_1_408' title='bbox 2558 3110 2735 3166; x_wconf 82' lang='lat' dir='ltr'><strong>decem</strong></span> <span class='ocrx_word' id='word_1_409' title='bbox 2763 3120 2902 3184; x_wconf 87' lang='lat' dir='ltr'><strong>post_</strong></span> <span class='ocrx_word' id='word_1_410' title='bbox 2921 3112 3372 3184; x_wconf 82' lang='lat' dir='ltr'><strong>annosscriptam</strong></span> <span class='ocrx_word' id='word_1_411' title='bbox 3402 3112 3524 3163; x_wconf 83' lang='lat' dir='ltr'><strong>hinc</strong></span> <span class='ocrx_word' id='word_1_412' title='bbox 3554 3111 3693 3179; x_wconf 87' lang='lat' dir='ltr'><strong>forte</strong></span> <span class='ocrx_word' id='word_1_413' title='bbox 3716 3110 3937 3184; x_wconf 84' lang='lat' dir='ltr'><strong>colligit,</strong></span> <span class='ocrx_word' id='word_1_414' title='bbox 3970 3112 4109 3181; x_wconf 87' lang='lat' dir='ltr'><strong>quod</strong></span> 
     </span>
    </p>
   </div>
   <div class='ocr_carea' id='block_1_52' title="bbox 829 3180 4111 3253">
    <p class='ocr_par' dir='ltr' id='par_1_52' title="bbox 829 3180 4111 3253">
     <span class='ocr_line' id='line_1_52' title="bbox 829 3180 4111 3253; baseline 0 -15"><span class='ocrx_word' id='word_1_415' title='bbox 829 3187 883 3239; x_wconf 87' lang='lat' dir='ltr'><strong>in</strong></span> <span class='ocrx_word' id='word_1_416' title='bbox 916 3186 1017 3239; x_wconf 83' lang='lat' dir='ltr'><strong>hac</strong></span> <span class='ocrx_word' id='word_1_417' title='bbox 1037 3180 1263 3253; x_wconf 76' lang='lat' dir='ltr'><strong>epistola</strong></span> <span class='ocrx_word' id='word_1_418' title='bbox 1293 3186 1564 3251; x_wconf 78' lang='lat' dir='ltr'><strong>scripserit</strong></span> <span class='ocrx_word' id='word_1_419' title='bbox 1592 3182 1903 3252; x_wconf 78' lang='lat' dir='ltr'><strong>Gregorius,</strong></span> <span class='ocrx_word' id='word_1_420' title='bbox 1935 3183 2041 3236; x_wconf 92' lang='lat' dir='ltr'><strong>sibi</strong></span> <span class='ocrx_word' id='word_1_421' title='bbox 2075 3183 2201 3236; x_wconf 73' lang='lat' dir='ltr'><strong>vitae</strong></span> <span class='ocrx_word' id='word_1_422' title='bbox 2222 3180 2684 3239; x_wconf 78' lang='lat' dir='ltr'><strong>consuetudinem</strong></span> <span class='ocrx_word' id='word_1_423' title='bbox 2715 3197 2842 3236; x_wconf 90' lang='lat' dir='ltr'><strong>cum</strong></span> <span class='ocrx_word' id='word_1_424' title='bbox 2870 3180 3147 3253; x_wconf 72' lang='lat' dir='ltr'><strong>Philagrio</strong></span> <span class='ocrx_word' id='word_1_425' title='bbox 3169 3199 3198 3234; x_wconf 90' lang='lat' dir='ltr'><strong>a</strong></span> <span class='ocrx_word' id='word_1_426' title='bbox 3228 3184 3398 3236; x_wconf 84' lang='lat' dir='ltr'><strong>li\0re</strong></span> <span class='ocrx_word' id='word_1_427' title='bbox 3427 3192 3693 3249; x_wconf 85' lang='lat' dir='ltr'><strong>ereptam,</strong></span> <span class='ocrx_word' id='word_1_428' title='bbox 3717 3182 3836 3253; x_wconf 76' lang='lat' dir='ltr'><strong>qui</strong></span> <span class='ocrx_word' id='word_1_429' title='bbox 3863 3196 3951 3235; x_wconf 87' lang='lat' dir='ltr'><strong>res</strong></span> <span class='ocrx_word' id='word_1_430' title='bbox 3975 3180 4111 3238; x_wconf 77' lang='lat' dir='ltr'><strong>Snas</strong></span> 
     </span>
    </p>
   </div>
   <div class='ocr_carea' id='block_1_53' title="bbox 828 3251 4107 3323">
    <p class='ocr_par' dir='ltr' id='par_1_53' title="bbox 828 3251 4107 3323">
     <span class='ocr_line' id='line_1_53' title="bbox 828 3251 4107 3323; baseline -0.002 -13"><span class='ocrx_word' id='word_1_431' title='bbox 828 3251 1471 3311; x_wconf 29' lang='lat' dir='ltr'><strong>moleste—constituerat.</strong></span> <span class='ocrx_word' id='word_1_432' title='bbox 1507 3253 1679 3308; x_wconf 86' lang='lat' dir='ltr'><strong>Nulla</strong></span> <span class='ocrx_word' id='word_1_433' title='bbox 1702 3251 1850 3307; x_wconf 79' lang='lat' dir='ltr'><strong>certe</strong></span> <span class='ocrx_word' id='word_1_434' title='bbox 1880 3255 2091 3323; x_wconf 81' lang='lat' dir='ltr'><strong>negotia</strong></span> <span class='ocrx_word' id='word_1_435' title='bbox 2129 3254 2299 3323; x_wconf 81' lang='lat' dir='ltr'><strong>fuere,</strong></span> <span class='ocrx_word' id='word_1_436' title='bbox 2330 3254 2535 3308; x_wconf 88' lang='lat' dir='ltr'><strong>decimo</strong></span> <span class='ocrx_word' id='word_1_437' title='bbox 2568 3262 2689 3323; x_wconf 88' lang='lat' dir='ltr'><strong>post</strong></span> <span class='ocrx_word' id='word_1_438' title='bbox 2733 3262 2956 3306; x_wconf 86' lang='lat' dir='ltr'><strong>mortem</strong></span> <span class='ocrx_word' id='word_1_439' title='bbox 2999 3252 3225 3306; x_wconf 74' lang='lat' dir='ltr'><strong>Ctesarii</strong></span> <span class='ocrx_word' id='word_1_440' title='bbox 3263 3268 3425 3315; x_wconf 89' lang='lat' dir='ltr'><strong>anno,</strong></span> <span class='ocrx_word' id='word_1_441' title='bbox 3464 3268 3625 3321; x_wconf 77' lang='lat' dir='ltr'><strong>neque</strong></span> <span class='ocrx_word' id='word_1_442' title='bbox 3661 3267 3753 3320; x_wconf 86' lang='lat' dir='ltr'><strong>per</strong></span> <span class='ocrx_word' id='word_1_443' title='bbox 3784 3251 3837 3303; x_wconf 90' lang='lat' dir='ltr'><strong>id</strong></span> <span class='ocrx_word' id='word_1_444' title='bbox 3849 3262 4107 3323; x_wconf 32' lang='lat' dir='ltr'><strong>“tempus,</strong></span> 
     </span>
    </p>
   </div>
   <div class='ocr_carea' id='block_1_54' title="bbox 828 3320 4107 3396">
    <p class='ocr_par' dir='ltr' id='par_1_54' title="bbox 828 3320 4107 3396">
     <span class='ocr_line' id='line_1_54' title="bbox 828 3320 4107 3396; baseline -0.001 -18"><span class='ocrx_word' id='word_1_445' title='bbox 828 3325 967 3395; x_wconf 75' lang='lat' dir='ltr'><strong>quod</strong></span> <span class='ocrx_word' id='word_1_446' title='bbox 994 3326 1199 3396; x_wconf 68' lang='lat' dir='ltr'><strong>effluxit</strong></span> <span class='ocrx_word' id='word_1_447' title='bbox 1222 3325 1285 3377; x_wconf 87' lang='lat' dir='ltr'><strong>ab</strong></span> <span class='ocrx_word' id='word_1_448' title='bbox 1319 3323 1434 3391; x_wconf 86' lang='lat' dir='ltr'><strong>ejus</strong></span> <span class='ocrx_word' id='word_1_449' title='bbox 1465 3334 1653 3390; x_wconf 88' lang='lat' dir='ltr'><strong>morte,</strong></span> <span class='ocrx_word' id='word_1_450' title='bbox 1684 3324 1851 3377; x_wconf 86' lang='lat' dir='ltr'><strong>donec</strong></span> <span class='ocrx_word' id='word_1_451' title='bbox 1876 3320 2491 3396; x_wconf 59' lang='lat' dir='ltr'><strong>Constantinopolim“</strong></span> <span class='ocrx_word' id='word_1_452' title='bbox 2519 3320 2804 3396; x_wconf 79' lang='lat' dir='ltr'><strong>conferret,</strong></span> <span class='ocrx_word' id='word_1_453' title='bbox 2840 3339 2959 3392; x_wconf 72' lang='lat' dir='ltr'><strong>qua:</strong></span> <span class='ocrx_word' id='word_1_454' title='bbox 2990 3323 3361 3396; x_wconf 82' lang='lat' dir='ltr'><strong>impedimento</strong></span> <span class='ocrx_word' id='word_1_455' title='bbox 3389 3323 3507 3396; x_wconf 70' lang='lat' dir='ltr'><strong>ﬁeri</strong></span> <span class='ocrx_word' id='word_1_456' title='bbox 3536 3320 3802 3396; x_wconf 83' lang='lat' dir='ltr'><strong>potuerint</strong></span> <span class='ocrx_word' id='word_1_457' title='bbox 3834 3320 4107 3396; x_wconf 76' lang='lat' dir='ltr'><strong>Gregorio,</strong></span> 
     </span>
    </p>
   </div>
   <div class='ocr_carea' id='block_1_55' title="bbox 827 3393 4110 3465">
    <p class='ocr_par' dir='ltr' id='par_1_55' title="bbox 827 3393 4110 3465">
     <span class='ocr_line' id='line_1_55' title="bbox 827 3393 4110 3465; baseline -0.001 -17"><span class='ocrx_word' id='word_1_458' title='bbox 827 3393 1105 3465; x_wconf 69' lang='lat' dir='ltr'><strong>quominus</strong></span> <span class='ocrx_word' id='word_1_459' title='bbox 1134 3394 1413 3465; x_wconf 85' lang='lat' dir='ltr'><strong>Philagrii</strong></span> <span class='ocrx_word' id='word_1_460' title='bbox 1435 3397 1522 3448; x_wconf 90' lang='lat' dir='ltr'><strong>sui</strong></span> <span class='ocrx_word' id='word_1_461' title='bbox 1550 3396 1929 3448; x_wconf 80' lang='lat' dir='ltr'><strong>consuetudine</strong></span> <span class='ocrx_word' id='word_1_462' title='bbox 1962 3404 2220 3447; x_wconf 81' lang='lat' dir='ltr'><strong>uteretur.</strong></span> <span class='ocrx_word' id='word_1_463' title='bbox 2271 3393 2381 3448; x_wconf 72' lang='lat' dir='ltr'><strong>Vox</strong></span> <span class='ocrx_word' id='word_1_464' title='bbox 2412 3394 2552 3448; x_wconf 86' lang='lat' dir='ltr'><strong>livor</strong></span> <span class='ocrx_word' id='word_1_465' title='bbox 2583 3395 2787 3465; x_wconf 70' lang='lat' dir='ltr'><strong>ridetur</strong></span> <span class='ocrx_word' id='word_1_466' title='bbox 2818 3396 2998 3465; x_wconf 86' lang='lat' dir='ltr'><strong>fucum</strong></span> <span class='ocrx_word' id='word_1_467' title='bbox 3031 3394 3217 3465; x_wconf 78' lang='lat' dir='ltr'><strong>fecisse</strong></span> <span class='ocrx_word' id='word_1_468' title='bbox 3250 3396 3358 3445; x_wconf 83' lang='lat' dir='ltr'><strong>viro</strong></span> <span class='ocrx_word' id='word_1_469' title='bbox 3392 3393 3569 3453; x_wconf 84' lang='lat' dir='ltr'><strong>docto,</strong></span> <span class='ocrx_word' id='word_1_470' title='bbox 3610 3395 3699 3463; x_wconf 85' lang='lat' dir='ltr'><strong>qui</strong></span> <span class='ocrx_word' id='word_1_471' title='bbox 3732 3410 3848 3445; x_wconf 87' lang='lat' dir='ltr'><strong>eam</strong></span> <span class='ocrx_word' id='word_1_472' title='bbox 3894 3393 3959 3446; x_wconf 89' lang='lat' dir='ltr'><strong>de</strong></span> <span class='ocrx_word' id='word_1_473' title='bbox 4018 3395 4110 3446; x_wconf 84' lang='lat' dir='ltr'><strong>iti-</strong></span> 
     </span>
    </p>
   </div>
   <div class='ocr_carea' id='block_1_56' title="bbox 828 3462 4110 3534">
    <p class='ocr_par' dir='ltr' id='par_1_56' title="bbox 828 3462 4110 3534">
     <span class='ocr_line' id='line_1_56' title="bbox 828 3462 4110 3534; baseline -0.001 -15"><span class='ocrx_word' id='word_1_474' title='bbox 828 3462 950 3519; x_wconf 80' lang='lat' dir='ltr'><strong>nere</strong></span> <span class='ocrx_word' id='word_1_475' title='bbox 974 3464 1567 3532; x_wconf 83' lang='lat' dir='ltr'><strong>Constantinopolitano</strong></span> <span class='ocrx_word' id='word_1_476' title='bbox 1594 3465 1733 3532; x_wconf 86' lang='lat' dir='ltr'><strong>forte</strong></span> <span class='ocrx_word' id='word_1_477' title='bbox 1758 3474 1837 3518; x_wconf 85' lang='lat' dir='ltr'><strong>est</strong></span> <span class='ocrx_word' id='word_1_478' title='bbox 1865 3466 2263 3532; x_wconf 84' lang='lat' dir='ltr'><strong>interpretatus.</strong></span> <span class='ocrx_word' id='word_1_479' title='bbox 2303 3464 2490 3518; x_wconf 83' lang='lat' dir='ltr'><strong>Verum</strong></span> <span class='ocrx_word' id='word_1_480' title='bbox 2518 3466 2654 3518; x_wconf 83' lang='lat' dir='ltr'><strong>nihil</strong></span> <span class='ocrx_word' id='word_1_481' title='bbox 2684 3462 2936 3534; x_wconf 82' lang='lat' dir='ltr'><strong>Gregorio</strong></span> <span class='ocrx_word' id='word_1_482' title='bbox 2962 3464 3291 3533; x_wconf 79' lang='lat' dir='ltr'><strong>familiarius</strong></span> <span class='ocrx_word' id='word_1_483' title='bbox 3318 3479 3475 3533; x_wconf 85' lang='lat' dir='ltr'><strong>quam</strong></span> <span class='ocrx_word' id='word_1_484' title='bbox 3502 3479 3600 3516; x_wconf 80' lang='lat' dir='ltr'><strong>vox</strong></span> <span class='ocrx_word' id='word_1_485' title='bbox 3624 3462 3751 3525; x_wconf 85' lang='lat' dir='ltr'><strong>ista,</strong></span> <span class='ocrx_word' id='word_1_486' title='bbox 3779 3480 3884 3532; x_wconf 86' lang='lat' dir='ltr'><strong>qua</strong></span> <span class='ocrx_word' id='word_1_487' title='bbox 3907 3465 4110 3532; x_wconf 87' lang='lat' dir='ltr'><strong>passim</strong></span> 
     </span>
    </p>
   </div>
   <div class='ocr_carea' id='block_1_57' title="bbox 828 3534 4112 3605">
    <p class='ocr_par' dir='ltr' id='par_1_57' title="bbox 828 3534 4112 3605">
     <span class='ocr_line' id='line_1_57' title="bbox 828 3534 4112 3605; baseline -0 -17"><span class='ocrx_word' id='word_1_488' title='bbox 828 3547 1020 3599; x_wconf 76' lang='lat' dir='ltr'><strong>utitur,</strong></span> <span class='ocrx_word' id='word_1_489' title='bbox 1051 3536 1176 3587; x_wconf 88' lang='lat' dir='ltr'><strong>dum</strong></span> <span class='ocrx_word' id='word_1_490' title='bbox 1208 3537 1327 3589; x_wconf 67' lang='lat' dir='ltr'><strong>vita:</strong></span> <span class='ocrx_word' id='word_1_491' title='bbox 1352 3552 1464 3589; x_wconf 69' lang='lat' dir='ltr'><strong>sua!</strong></span> <span class='ocrx_word' id='word_1_492' title='bbox 1486 3536 1737 3589; x_wconf 87' lang='lat' dir='ltr'><strong>molestos</strong></span> <span class='ocrx_word' id='word_1_493' title='bbox 1768 3536 2118 3605; x_wconf 82' lang='lat' dir='ltr'><strong>adversosque</strong></span> <span class='ocrx_word' id='word_1_494' title='bbox 2150 3551 2307 3589; x_wconf 82' lang='lat' dir='ltr'><strong>casus</strong></span> <span class='ocrx_word' id='word_1_495' title='bbox 2339 3545 2551 3597; x_wconf 87' lang='lat' dir='ltr'><strong>narrat,</strong></span> <span class='ocrx_word' id='word_1_496' title='bbox 2583 3538 2689 3589; x_wconf 80' lang='lat' dir='ltr'><strong>sive</strong></span> <span class='ocrx_word' id='word_1_497' title='bbox 2721 3546 3004 3603; x_wconf 83' lang='lat' dir='ltr'><strong>antequam</strong></span> <span class='ocrx_word' id='word_1_498' title='bbox 3041 3535 3563 3602; x_wconf 79' lang='lat' dir='ltr'><strong>Constantinopolim</strong></span> <span class='ocrx_word' id='word_1_499' title='bbox 3595 3543 3811 3601; x_wconf 85' lang='lat' dir='ltr'><strong>peteret,</strong></span> <span class='ocrx_word' id='word_1_500' title='bbox 3837 3534 3942 3588; x_wconf 75' lang='lat' dir='ltr'><strong>sive</strong></span> <span class='ocrx_word' id='word_1_501' title='bbox 3968 3545 4112 3605; x_wconf 41' lang='lat' dir='ltr'><strong>post:</strong></span> 
     </span>
    </p>
   </div>
   <div class='ocr_carea' id='block_1_58' title="bbox 826 3602 4112 3676">
    <p class='ocr_par' dir='ltr' id='par_1_58' title="bbox 826 3602 4112 3676">
     <span class='ocr_line' id='line_1_58' title="bbox 826 3602 4112 3676; baseline -0.001 -17"><span class='ocrx_word' id='word_1_502' title='bbox 826 3621 987 3676; x_wconf 80' lang='lat' dir='ltr'><strong>quam</strong></span> <span class='ocrx_word' id='word_1_503' title='bbox 1036 3605 1154 3658; x_wconf 88' lang='lat' dir='ltr'><strong>inde</strong></span> <span class='ocrx_word' id='word_1_504' title='bbox 1184 3606 1451 3676; x_wconf 71' lang='lat' dir='ltr'><strong>digressus</strong></span> <span class='ocrx_word' id='word_1_505' title='bbox 1492 3617 1590 3659; x_wconf 84' lang='lat' dir='ltr'><strong>est.</strong></span> <span class='ocrx_word' id='word_1_506' title='bbox 1636 3605 1911 3675; x_wconf 82' lang='lat' dir='ltr'><strong>Quidquid</strong></span> <span class='ocrx_word' id='word_1_507' title='bbox 1946 3602 2158 3659; x_wconf 70' lang='lat' dir='ltr'><strong>aduersi</strong></span> <span class='ocrx_word' id='word_1_508' title='bbox 2187 3615 2238 3676; x_wconf 87' lang='lat' dir='ltr'><strong>et</strong></span> <span class='ocrx_word' id='word_1_509' title='bbox 2267 3607 2476 3660; x_wconf 85' lang='lat' dir='ltr'><strong>molesti</strong></span> <span class='ocrx_word' id='word_1_510' title='bbox 2507 3607 2750 3676; x_wconf 80' lang='lat' dir='ltr'><strong>contigit,</strong></span> <span class='ocrx_word' id='word_1_511' title='bbox 2787 3602 2945 3658; x_wconf 81' lang='lat' dir='ltr'><strong>livori</strong></span> <span class='ocrx_word' id='word_1_512' title='bbox 2992 3605 3202 3668; x_wconf 81' lang='lat' dir='ltr'><strong>tribuit,</strong></span> <span class='ocrx_word' id='word_1_513' title='bbox 3246 3615 3303 3676; x_wconf 90' lang='lat' dir='ltr'><strong>ut</strong></span> <span class='ocrx_word' id='word_1_514' title='bbox 3332 3605 3755 3676; x_wconf 73' lang='lat' dir='ltr'><strong>sexcentislocis</strong></span> <span class='ocrx_word' id='word_1_515' title='bbox 3788 3602 4112 3676; x_wconf 65' lang='lat' dir='ltr'><strong>facillimum</strong></span> 
     </span>
    </p>
   </div>
   <div class='ocr_carea' id='block_1_59' title="bbox 827 3673 4111 3745">
    <p class='ocr_par' dir='ltr' id='par_1_59' title="bbox 827 3673 4111 3745">
     <span class='ocr_line' id='line_1_59' title="bbox 827 3673 4111 3745; baseline 0 -17"><span class='ocrx_word' id='word_1_516' title='bbox 827 3673 903 3728; x_wconf 82' lang='lat' dir='ltr'><strong>est</strong></span> <span class='ocrx_word' id='word_1_517' title='bbox 934 3675 1320 3729; x_wconf 86' lang='lat' dir='ltr'><strong>demonstrare.</strong></span> <span class='ocrx_word' id='word_1_518' title='bbox 1358 3674 1564 3742; x_wconf 68' lang='lat' dir='ltr'><strong>Saepius</strong></span> <span class='ocrx_word' id='word_1_519' title='bbox 1594 3680 1758 3729; x_wconf 84' lang='lat' dir='ltr'><strong>etiam</strong></span> <span class='ocrx_word' id='word_1_520' title='bbox 1792 3673 1893 3745; x_wconf 75' lang='lat' dir='ltr'><strong>hac</strong></span> <span class='ocrx_word' id='word_1_521' title='bbox 1929 3692 2049 3729; x_wconf 83' lang='lat' dir='ltr'><strong>voce</strong></span> <span class='ocrx_word' id='word_1_522' title='bbox 2091 3675 2367 3729; x_wconf 87' lang='lat' dir='ltr'><strong>diabolum</strong></span> <span class='ocrx_word' id='word_1_523' title='bbox 2398 3673 2669 3745; x_wconf 59' lang='lat' dir='ltr'><strong>intelligit:</strong></span> <span class='ocrx_word' id='word_1_524' title='bbox 2704 3674 2834 3729; x_wconf 87' lang='lat' dir='ltr'><strong>Sera</strong></span> <span class='ocrx_word' id='word_1_525' title='bbox 2871 3677 3107 3743; x_wconf 75' lang='lat' dir='ltr'><strong>profecto</strong></span> <span class='ocrx_word' id='word_1_526' title='bbox 3138 3685 3187 3728; x_wconf 90' lang='lat' dir='ltr'><strong>et</strong></span> <span class='ocrx_word' id='word_1_527' title='bbox 3235 3675 3541 3743; x_wconf 85' lang='lat' dir='ltr'><strong>importuna</strong></span> <span class='ocrx_word' id='word_1_528' title='bbox 3583 3674 3647 3728; x_wconf 85' lang='lat' dir='ltr'><strong>de</strong></span> <span class='ocrx_word' id='word_1_529' title='bbox 3678 3686 3847 3730; x_wconf 85' lang='lat' dir='ltr'><strong>morte</strong></span> <span class='ocrx_word' id='word_1_530' title='bbox 3880 3673 4111 3729; x_wconf 81' lang='lat' dir='ltr'><strong>Ca&#39;sarii</strong></span> 
     </span>
    </p>
   </div>
   <div class='ocr_carea' id='block_1_60' title="bbox 827 3744 4111 3817">
    <p class='ocr_par' dir='ltr' id='par_1_60' title="bbox 827 3744 4111 3817">
     <span class='ocr_line' id='line_1_60' title="bbox 827 3744 4111 3817; baseline -0.001 -18"><span class='ocrx_word' id='word_1_531' title='bbox 827 3754 944 3813; x_wconf 86' lang='lat' dir='ltr'><strong>post</strong></span> <span class='ocrx_word' id='word_1_532' title='bbox 971 3745 1148 3817; x_wconf 71' lang='lat' dir='ltr'><strong>decent</strong></span> <span class='ocrx_word' id='word_1_533' title='bbox 1182 3747 1729 3817; x_wconf 5' lang='lat' dir='ltr'><strong>annosfquerimonia.</strong></span> <span class='ocrx_word' id='word_1_534' title='bbox 1762 3744 1933 3817; x_wconf 81' lang='lat' dir='ltr'><strong>Nobis</strong></span> <span class='ocrx_word' id='word_1_535' title='bbox 1967 3746 2378 3817; x_wconf 15' lang='lat' dir='ltr'><strong>igiturrvidetur</strong></span> <span class='ocrx_word' id='word_1_536' title='bbox 2407 3744 2664 3815; x_wconf 87' lang='lat' dir='ltr'><strong>scriptam</strong></span> <span class='ocrx_word' id='word_1_537' title='bbox 2693 3747 2830 3798; x_wconf 81' lang='lat' dir='ltr'><strong>hanc</strong></span> <span class='ocrx_word' id='word_1_538' title='bbox 2869 3763 2982 3800; x_wconf 83' lang='lat' dir='ltr'><strong>esse</strong></span> <span class='ocrx_word' id='word_1_539' title='bbox 3011 3746 3313 3813; x_wconf 86' lang='lat' dir='ltr'><strong>epistolam,</strong></span> <span class='ocrx_word' id='word_1_540' title='bbox 3338 3762 3439 3817; x_wconf 85' lang='lat' dir='ltr'><strong>quo</strong></span> <span class='ocrx_word' id='word_1_541' title='bbox 3480 3758 3711 3817; x_wconf 83' lang='lat' dir='ltr'><strong>tempore</strong></span> <span class='ocrx_word' id='word_1_542' title='bbox 3746 3746 3966 3815; x_wconf 88' lang='lat' dir='ltr'><strong>negotiis</strong></span> <span class='ocrx_word' id='word_1_543' title='bbox 4013 3761 4111 3798; x_wconf 89' lang='grc' dir='ltr'>ου-</span> 
     </span>
    </p>
   </div>
   <div class='ocr_carea' id='block_1_61' title="bbox 826 3813 4112 3886">
    <p class='ocr_par' dir='ltr' id='par_1_61' title="bbox 826 3813 4112 3886">
     <span class='ocr_line' id='line_1_61' title="bbox 826 3813 4112 3886; baseline -0 -16"><span class='ocrx_word' id='word_1_544' title='bbox 826 3831 1061 3882; x_wconf 85' lang='lat' dir='ltr'><strong>pressus,</strong></span> <span class='ocrx_word' id='word_1_545' title='bbox 1091 3813 1371 3886; x_wconf 70' lang='lat' dir='ltr'><strong>Sophronii</strong></span> <span class='ocrx_word' id='word_1_546' title='bbox 1402 3813 1996 3883; x_wconf 86' lang='lat' dir='ltr'><strong>Constantinopolitani</strong></span> <span class='ocrx_word' id='word_1_547' title='bbox 2018 3816 2279 3886; x_wconf 78' lang='lat' dir='ltr'><strong>prwfecti,</strong></span> <span class='ocrx_word' id='word_1_548' title='bbox 2314 3818 2458 3871; x_wconf 88' lang='lat' dir='ltr'><strong>datis</strong></span> <span class='ocrx_word' id='word_1_549' title='bbox 2487 3813 2557 3871; x_wconf 86' lang='lat' dir='ltr'><strong>ad</strong></span> <span class='ocrx_word' id='word_1_550' title='bbox 2584 3832 2704 3871; x_wconf 87' lang='lat' dir='ltr'><strong>eum</strong></span> <span class='ocrx_word' id='word_1_551' title='bbox 2730 3817 2944 3881; x_wconf 80' lang='lat' dir='ltr'><strong>litteris,</strong></span> <span class='ocrx_word' id='word_1_552' title='bbox 2976 3832 3125 3886; x_wconf 87' lang='lat' dir='ltr'><strong>opem</strong></span> <span class='ocrx_word' id='word_1_553' title='bbox 3157 3813 3475 3886; x_wconf 81' lang='lat' dir='ltr'><strong>implorabat</strong></span> <span class='ocrx_word' id='word_1_554' title='bbox 3498 3813 3753 3871; x_wconf 71' lang='lat' dir='ltr'><strong>adversus</strong></span> <span class='ocrx_word' id='word_1_555' title='bbox 3792 3813 4112 3886; x_wconf 78' lang='lat' dir='ltr'><strong>facultatum</strong></span> 
     </span>
    </p>
   </div>
   <div class='ocr_carea' id='block_1_62' title="bbox 830 3884 1427 3953">
    <p class='ocr_par' dir='ltr' id='par_1_62' title="bbox 830 3884 1427 3953">
     <span class='ocr_line' id='line_1_62' title="bbox 830 3884 1427 3953; baseline -0.003 -12"><span class='ocrx_word' id='word_1_556' title='bbox 830 3886 1054 3941; x_wconf 64' lang='grc' dir='ltr'><strong>σανίσινίί</strong></span> <span class='ocrx_word' id='word_1_557' title='bbox 1081 3884 1427 3953; x_wconf 77' lang='lat' dir='ltr'><strong>prwdatores.</strong></span> 
     </span>
    </p>
   </div>
   <div class='ocr_carea' id='block_1_63' title="bbox 899 3996 2940 4071">
    <p class='ocr_par' dir='ltr' id='par_1_63' title="bbox 899 3998 2886 4071">
     <span class='ocr_line' id='line_1_63' title="bbox 899 3998 2886 4071; baseline 0.001 -20"><span class='ocrx_word' id='word_1_558' title='bbox 899 3998 1200 4068; x_wconf 85' lang='grc' dir='ltr'>Καισάριον</span> <span class='ocrx_word' id='word_1_559' title='bbox 1234 3998 1333 4051; x_wconf 83' lang='grc' dir='ltr'><strong>οὐκ</strong></span> <span class='ocrx_word' id='word_1_560' title='bbox 1382 3998 1523 4069; x_wconf 79' lang='grc' dir='ltr'>ἔχω’</span> <span class='ocrx_word' id='word_1_561' title='bbox 1561 3999 1675 4071; x_wconf 79' lang='grc' dir='ltr'><strong>ἐρῶ</strong></span> <span class='ocrx_word' id='word_1_562' title='bbox 1724 3998 1861 4070; x_wconf 83' lang='grc' dir='ltr'>γὰρ,</span> <span class='ocrx_word' id='word_1_563' title='bbox 1896 4000 1990 4052; x_wconf 83' lang='grc' dir='ltr'>καὶ</span> <span class='ocrx_word' id='word_1_564' title='bbox 2030 4001 2078 4053; x_wconf 91' lang='grc' dir='ltr'>εἰ</span> <span class='ocrx_word' id='word_1_565' title='bbox 2127 4000 2203 4071; x_wconf 81' lang='grc' dir='ltr'><strong>μὴ</strong></span> <span class='ocrx_word' id='word_1_566' title='bbox 2261 3999 2411 4070; x_wconf 79' lang='grc' dir='ltr'>φιλό-</span> <span class='ocrx_word' id='word_1_567' title='bbox 2438 4010 2482 4069; x_wconf 86' lang='lat' dir='ltr'>c</span> <span class='ocrx_word' id='word_1_568' title='bbox 2582 3999 2886 4055; x_wconf 59' lang='lat' dir='ltr'><strong>Caesarium</strong></span> 
     </span>
    </p>
   </div>
   <div class='ocr_carea' id='block_1_64' title="bbox 2068 3996 4109 4071">
    <p class='ocr_par' dir='ltr' id='par_1_64' title="bbox 2068 3996 4109 4071">
     <span class='ocr_line' id='line_1_64' title="bbox 2068 3996 4109 4071; baseline -0.001 -18"><span class='ocrx_word' id='word_1_569' title='bbox 2068 4001 2078 4053; x_wconf 85' lang='lat' dir='ltr'><strong>i</strong></span> <span class='ocrx_word' id='word_1_570' title='bbox 2127 4000 2203 4071; x_wconf 82' lang='grc' dir='ltr'><strong>μὴ</strong></span> <span class='ocrx_word' id='word_1_571' title='bbox 2261 3999 2411 4070; x_wconf 80' lang='grc' dir='ltr'>φιλό-</span> <span class='ocrx_word' id='word_1_572' title='bbox 2438 4010 2482 4069; x_wconf 84' lang='lat' dir='ltr'>c</span> <span class='ocrx_word' id='word_1_573' title='bbox 2582 3999 2886 4055; x_wconf 61' lang='lat' dir='ltr'><strong>Caesarium</strong></span> <span class='ocrx_word' id='word_1_574' title='bbox 2941 4014 3052 4053; x_wconf 89' lang='lat' dir='ltr'><strong>non</strong></span> <span class='ocrx_word' id='word_1_575' title='bbox 3099 3997 3317 4063; x_wconf 86' lang='lat' dir='ltr'><strong>habeo;</strong></span> <span class='ocrx_word' id='word_1_576' title='bbox 3352 3997 3530 4053; x_wconf 82' lang='lat' dir='ltr'><strong>dicam</strong></span> <span class='ocrx_word' id='word_1_577' title='bbox 3576 3997 3745 4061; x_wconf 88' lang='lat' dir='ltr'><strong>enim,</strong></span> <span class='ocrx_word' id='word_1_578' title='bbox 3781 3996 3884 4052; x_wconf 89' lang='lat' dir='ltr'><strong>etsi</strong></span> <span class='ocrx_word' id='word_1_579' title='bbox 3916 4011 4109 4066; x_wconf 86' lang='lat' dir='ltr'><strong>parum</strong></span> 
     </span>
    </p>
   </div>
   <div class='ocr_carea' id='block_1_65' title="bbox 830 4089 2408 4161">
    <p class='ocr_par' dir='ltr' id='par_1_65' title="bbox 830 4089 2408 4161">
     <span class='ocr_line' id='line_1_65' title="bbox 830 4089 2408 4161; baseline 0.001 -19"><span class='ocrx_word' id='word_1_580' title='bbox 830 4105 993 4157; x_wconf 80' lang='grc' dir='ltr'>σοφον</span> <span class='ocrx_word' id='word_1_581' title='bbox 1027 4089 1092 4142; x_wconf 85' lang='grc' dir='ltr'><strong>τὸ</strong></span> <span class='ocrx_word' id='word_1_582' title='bbox 1137 4090 1329 4153; x_wconf 77' lang='grc' dir='ltr'>πάθος.</span> <span class='ocrx_word' id='word_1_583' title='bbox 1366 4091 1590 4161; x_wconf 82' lang='grc' dir='ltr'>Στέργω</span> <span class='ocrx_word' id='word_1_584' title='bbox 1640 4091 1711 4144; x_wconf 90' lang='grc' dir='ltr'><strong>τά</strong></span> <span class='ocrx_word' id='word_1_585' title='bbox 1752 4092 2055 4161; x_wconf 83' lang='grc' dir='ltr'>Καισαρίου</span> <span class='ocrx_word' id='word_1_586' title='bbox 2091 4092 2193 4161; x_wconf 84' lang='grc'><strong>(9),</strong></span> <span class='ocrx_word' id='word_1_587' title='bbox 2235 4092 2331 4145; x_wconf 79' lang='grc' dir='ltr'>καὶ</span> <span class='ocrx_word' id='word_1_588' title='bbox 2378 4092 2408 4144; x_wconf 87' lang='grc' dir='ltr'><strong>ὃ</strong></span> 
     </span>
    </p>
   </div>
   <div class='ocr_carea' id='block_1_66' title="bbox 826 4179 2412 4254">
    <p class='ocr_par' dir='ltr' id='par_1_66' title="bbox 826 4179 2412 4254">
     <span class='ocr_line' id='line_1_66' title="bbox 826 4179 2412 4254; baseline 0.001 -21"><span class='ocrx_word' id='word_1_589' title='bbox 826 4181 880 4233; x_wconf 89' lang='grc' dir='ltr'><strong>τί</strong></span> <span class='ocrx_word' id='word_1_590' title='bbox 934 4182 1053 4233; x_wconf 78' lang='grc' dir='ltr'>ποτ’</span> <span class='ocrx_word' id='word_1_591' title='bbox 1108 4179 1174 4233; x_wconf 84' lang='grc' dir='ltr'>ἂν</span> <span class='ocrx_word' id='word_1_592' title='bbox 1223 4180 1316 4233; x_wconf 79' lang='grc' dir='ltr'>ἴδω</span> <span class='ocrx_word' id='word_1_593' title='bbox 1375 4183 1680 4253; x_wconf 80' lang='grc' dir='ltr'>Καισαρίου</span> <span class='ocrx_word' id='word_1_594' title='bbox 1723 4184 2051 4254; x_wconf 82' lang='grc' dir='ltr'>γνώρισμα,</span> <span class='ocrx_word' id='word_1_595' title='bbox 2106 4183 2200 4236; x_wconf 79' lang='grc' dir='ltr'>καὶ</span> <span class='ocrx_word' id='word_1_596' title='bbox 2254 4200 2412 4254; x_wconf 83' lang='grc' dir='ltr'>περι-</span> 
     </span>
    </p>
   </div>
   <div class='ocr_carea' id='block_1_67' title="bbox 829 4270 2415 4345">
    <p class='ocr_par' dir='ltr' id='par_1_67' title="bbox 829 4270 2415 4345">
     <span class='ocr_line' id='line_1_67' title="bbox 829 4270 2415 4345; baseline 0.003 -23"><span class='ocrx_word' id='word_1_597' title='bbox 829 4270 1142 4341; x_wconf 85' lang='grc' dir='ltr'>πτύσσομαι</span> <span class='ocrx_word' id='word_1_598' title='bbox 1192 4272 1286 4325; x_wconf 76' lang='grc' dir='ltr'>καὶ</span> <span class='ocrx_word' id='word_1_599' title='bbox 1331 4272 1650 4342; x_wconf 75' lang='grc' dir='ltr'>ἀσπάζομαι</span> <span class='ocrx_word' id='word_1_600' title='bbox 1677 4313 1692 4337; x_wconf 90' lang='grc'><strong>,</strong></span> <span class='ocrx_word' id='word_1_601' title='bbox 1723 4274 1818 4326; x_wconf 82' lang='grc' dir='ltr'><strong>καὶ</strong></span> <span class='ocrx_word' id='word_1_602' title='bbox 1863 4274 2026 4326; x_wconf 78' lang='grc' dir='ltr'>οἱονεὶ</span> <span class='ocrx_word' id='word_1_603' title='bbox 2074 4273 2237 4326; x_wconf 79' lang='grc' dir='ltr'>αὐτὸν</span> <span class='ocrx_word' id='word_1_604' title='bbox 2280 4276 2415 4345; x_wconf 81' lang='grc' dir='ltr'>ὀρᾷν</span> 
     </span>
    </p>
   </div>
   <div class='ocr_carea' id='block_1_68' title="bbox 826 4361 2415 4433">
    <p class='ocr_par' dir='ltr' id='par_1_68' title="bbox 826 4361 2415 4433">
     <span class='ocr_line' id='line_1_68' title="bbox 826 4361 2415 4433; baseline 0.003 -19"><span class='ocrx_word' id='word_1_605' title='bbox 826 4361 991 4425; x_wconf 84' lang='grc' dir='ltr'>δοκῶ,</span> <span class='ocrx_word' id='word_1_606' title='bbox 1036 4364 1133 4415; x_wconf 69' lang='grc' dir='ltr'><strong>καῖ⁹</strong></span> <span class='ocrx_word' id='word_1_607' title='bbox 1182 4366 1453 4430; x_wconf 86' lang='grc' dir='ltr'>συνεῖναι,</span> <span class='ocrx_word' id='word_1_608' title='bbox 1496 4366 1591 4417; x_wconf 76' lang='grc' dir='ltr'><strong>καὶ</strong></span> <span class='ocrx_word' id='word_1_609' title='bbox 1637 4364 1998 4433; x_wconf 78' lang='grc' dir='ltr'>διαλέγεσθαι.</span> <span class='ocrx_word' id='word_1_610' title='bbox 2045 4361 2170 4419; x_wconf 78' lang='grc' dir='ltr'>υἷον</span> <span class='ocrx_word' id='word_1_611' title='bbox 2215 4365 2415 4420; x_wconf 80' lang='grc' dir='ltr'>ἔπαθον</span> 
     </span>
    </p>
   </div>
   <div class='ocr_carea' id='block_1_69' title="bbox 831 4450 2412 4527">
    <p class='ocr_par' dir='ltr' id='par_1_69' title="bbox 831 4450 2412 4527">
     <span class='ocr_line' id='line_1_69' title="bbox 831 4450 2412 4527; baseline 0.004 -24"><span class='ocrx_word' id='word_1_612' title='bbox 831 4453 925 4505; x_wconf 72' lang='grc' dir='ltr'><strong>καὶ</strong></span> <span class='ocrx_word' id='word_1_613' title='bbox 971 4450 1067 4504; x_wconf 75' lang='grc' dir='ltr'>νῦν</span> <span class='ocrx_word' id='word_1_614' title='bbox 1107 4454 1220 4524; x_wconf 90' lang='grc'><strong>(10)</strong></span> <span class='ocrx_word' id='word_1_615' title='bbox 1266 4454 1360 4508; x_wconf 80' lang='grc' dir='ltr'>ὲπὶ</span> <span class='ocrx_word' id='word_1_616' title='bbox 1402 4458 1514 4517; x_wconf 77' lang='grc' dir='ltr'>τοῖς</span> <span class='ocrx_word' id='word_1_617' title='bbox 1581 4458 1695 4518; x_wconf 87' lang='grc' dir='ltr'>σοῖς</span> <span class='ocrx_word' id='word_1_618' title='bbox 1742 4457 2087 4527; x_wconf 73' lang='grc' dir='ltr'>γράμμασιν.</span> <span class='ocrx_word' id='word_1_619' title='bbox 2134 4456 2300 4527; x_wconf 82' lang='grc' dir='ltr'><strong>Ὀμοῦ</strong></span> <span class='ocrx_word' id='word_1_620' title='bbox 2347 4473 2412 4525; x_wconf 85' lang='grc' dir='ltr'><strong>γε</strong></span> 
     </span>
    </p>
   </div>
   <div class='ocr_carea' id='block_1_70' title="bbox 829 4542 2409 4618">
    <p class='ocr_par' dir='ltr' id='par_1_70' title="bbox 829 4542 2409 4618">
     <span class='ocr_line' id='line_1_70' title="bbox 829 4542 2409 4618; baseline 0.005 -25"><span class='ocrx_word' id='word_1_621' title='bbox 829 4542 1073 4609; x_wconf 85' lang='grc' dir='ltr'>ἀνέγνων</span> <span class='ocrx_word' id='word_1_622' title='bbox 1120 4546 1182 4597; x_wconf 82' lang='grc' dir='ltr'><strong>τὸ</strong></span> <span class='ocrx_word' id='word_1_623' title='bbox 1223 4545 1568 4617; x_wconf 83' lang='grc' dir='ltr'>πρόγραμμα</span> <span class='ocrx_word' id='word_1_624' title='bbox 1616 4549 1717 4617; x_wconf 82' lang='grc' dir='ltr'><strong>τῆς</strong></span> <span class='ocrx_word' id='word_1_625' title='bbox 1760 4547 2087 4618; x_wconf 73' lang='grc' dir='ltr'>ἐπιπολῆς,</span> <span class='ocrx_word' id='word_1_626' title='bbox 2134 4549 2195 4601; x_wconf 85' lang='grc' dir='ltr'><strong>τὸ</strong></span> <span class='ocrx_word' id='word_1_627' title='bbox 2235 4549 2409 4618; x_wconf 83' lang='grc' dir='ltr'>γλυκύ</span> 
     </span>
    </p>
   </div>
   <div class='ocr_carea' id='block_1_71' title="bbox 835 4636 2416 4708">
    <p class='ocr_par' dir='ltr' id='par_1_71' title="bbox 835 4636 2416 4708">
     <span class='ocr_line' id='line_1_71' title="bbox 835 4636 2416 4708; baseline 0.004 -21"><span class='ocrx_word' id='word_1_628' title='bbox 835 4651 926 4703; x_wconf 79' lang='grc' dir='ltr'>μοι</span> <span class='ocrx_word' id='word_1_629' title='bbox 978 4637 1213 4707; x_wconf 75' lang='grc' dir='ltr'>πρᾶγμα</span> <span class='ocrx_word' id='word_1_630' title='bbox 1250 4637 1345 4689; x_wconf 79' lang='grc' dir='ltr'><strong>καὶ</strong></span> <span class='ocrx_word' id='word_1_631' title='bbox 1393 4636 1564 4708; x_wconf 74' lang='grc' dir='ltr'>ὄνομα</span> <span class='ocrx_word' id='word_1_632' title='bbox 1606 4638 1673 4690; x_wconf 86' lang='grc' dir='ltr'>τὸ</span> <span class='ocrx_word' id='word_1_633' title='bbox 1721 4638 2009 4708; x_wconf 76' lang='grc' dir='ltr'>Φιλάγριον</span> <span class='ocrx_word' id='word_1_634' title='bbox 2034 4678 2049 4701; x_wconf 96' lang='grc'><strong>,</strong></span> <span class='ocrx_word' id='word_1_635' title='bbox 2098 4641 2211 4691; x_wconf 76' lang='grc' dir='ltr'>καὶ¹</span> <span class='ocrx_word' id='word_1_636' title='bbox 2240 4641 2416 4693; x_wconf 84' lang='grc' dir='ltr'>πάντα</span> 
     </span>
    </p>
   </div>
   <div class='ocr_carea' id='block_1_72' title="bbox 837 4726 2413 4800">
    <p class='ocr_par' dir='ltr' id='par_1_72' title="bbox 837 4726 2413 4800">
     <span class='ocr_line' id='line_1_72' title="bbox 837 4726 2413 4800; baseline 0.006 -25"><span class='ocrx_word' id='word_1_637' title='bbox 837 4742 927 4793; x_wconf 75' lang='grc' dir='ltr'>μοι</span> <span class='ocrx_word' id='word_1_638' title='bbox 959 4726 1173 4796; x_wconf 84' lang='grc' dir='ltr'>ἀθρόως</span> <span class='ocrx_word' id='word_1_639' title='bbox 1215 4726 1506 4798; x_wconf 80' lang='grc' dir='ltr'>ὑπεισῆλθε</span> <span class='ocrx_word' id='word_1_640' title='bbox 1551 4729 1620 4782; x_wconf 84' lang='grc' dir='ltr'><strong>τά</strong></span> <span class='ocrx_word' id='word_1_641' title='bbox 1648 4744 1782 4781; x_wconf 87' lang='grc' dir='ltr'>ποτε</span> <span class='ocrx_word' id='word_1_642' title='bbox 1824 4730 2053 4800; x_wconf 78' lang='grc' dir='ltr'>τερπνὰ,</span> <span class='ocrx_word' id='word_1_643' title='bbox 2101 4732 2158 4782; x_wconf 78' lang='grc' dir='ltr'>αἱ</span> <span class='ocrx_word' id='word_1_644' title='bbox 2206 4731 2413 4795; x_wconf 83' lang='grc' dir='ltr'>πόλεις,</span> 
     </span>
    </p>
   </div>
   <div class='ocr_carea' id='block_1_73' title="bbox 833 4816 2417 4893">
    <p class='ocr_par' dir='ltr' id='par_1_73' title="bbox 833 4816 2417 4893">
     <span class='ocr_line' id='line_1_73' title="bbox 833 4816 2417 4893; baseline 0.013 -25"><span class='ocrx_word' id='word_1_645' title='bbox 833 4818 890 4869; x_wconf 84' lang='grc' dir='ltr'>αἱ</span> <span class='ocrx_word' id='word_1_646' title='bbox 943 4816 1258 4888; x_wconf 79' lang='grc' dir='ltr'>διατριϐαὶ,</span> <span class='ocrx_word' id='word_1_647' title='bbox 1309 4822 1341 4889; x_wconf 82' lang='grc' dir='ltr'>ὴ</span> <span class='ocrx_word' id='word_1_648' title='bbox 1392 4821 1671 4891; x_wconf 78' lang='grc' dir='ltr'>τράπεζα,</span> <span class='ocrx_word' id='word_1_649' title='bbox 1725 4824 1757 4891; x_wconf 82' lang='grc' dir='ltr'>ἡ</span> <span class='ocrx_word' id='word_1_650' title='bbox 1805 4822 1965 4875; x_wconf 86' lang='grc' dir='ltr'>πενία</span> <span class='ocrx_word' id='word_1_651' title='bbox 1999 4822 2147 4893; x_wconf 83' lang='grc' dir='ltr'><strong>(Η),</strong></span> <span class='ocrx_word' id='word_1_652' title='bbox 2198 4823 2267 4876; x_wconf 70' lang='grc' dir='ltr'>τὰ</span> <span class='ocrx_word' id='word_1_653' title='bbox 2314 4825 2417 4893; x_wconf 76' lang='grc' dir='ltr'><strong>τῆς</strong></span> 
     </span>
    </p>
   </div>
   <div class='ocr_carea' id='block_1_74' title="bbox 832 4906 2417 4980">
    <p class='ocr_par' dir='ltr' id='par_1_74' title="bbox 832 4906 2417 4980">
     <span class='ocr_line' id='line_1_74' title="bbox 832 4906 2417 4980; baseline 0.004 -23"><span class='ocrx_word' id='word_1_654' title='bbox 832 4906 1117 4975; x_wconf 72' lang='grc' dir='ltr'>ἐρατεινῆς</span> <span class='ocrx_word' id='word_1_655' title='bbox 1146 4907 1458 4977; x_wconf 80' lang='grc' dir='ltr'>ὁμηλικίης,</span> <span class='ocrx_word' id='word_1_656' title='bbox 1490 4910 1518 4961; x_wconf 80' lang='grc' dir='ltr'><strong>ὅ</strong></span> <span class='ocrx_word' id='word_1_657' title='bbox 1554 4926 1718 4978; x_wconf 81' lang='grc' dir='ltr'>φησιν</span> <span class='ocrx_word' id='word_1_658' title='bbox 1761 4910 2008 4979; x_wconf 84' lang='grc' dir='ltr'>Ὄμηρος</span> <span class='ocrx_word' id='word_1_659' title='bbox 2043 4910 2177 4979; x_wconf 68' lang='grc'><strong>(12),</strong></span> <span class='ocrx_word' id='word_1_660' title='bbox 2219 4909 2251 4980; x_wconf 80' lang='grc' dir='ltr'>ἢ</span> <span class='ocrx_word' id='word_1_661' title='bbox 2292 4911 2417 4963; x_wconf 91' lang='grc' dir='ltr'>παί-</span> 
     </span>
    </p>
   </div>
   <div class='ocr_carea' id='block_1_75' title="bbox 902 5036 2415 5110">
    <p class='ocr_par' dir='ltr' id='par_1_75' title="bbox 902 5036 2415 5110">
     <span class='ocr_line' id='line_1_75' title="bbox 902 5036 2415 5110; baseline 0.005 -19"><span class='ocrx_word' id='word_1_662' title='bbox 902 5036 976 5107; x_wconf 82' lang='grc'><strong>(6)</strong></span> <span class='ocrx_word' id='word_1_663' title='bbox 1016 5040 1219 5110; x_wconf 4' lang='grc' dir='ltr'>,Ταῦτα</span> <span class='ocrx_word' id='word_1_664' title='bbox 1245 5043 1329 5110; x_wconf 82' lang='grc' dir='ltr'><em>μὴ</em></span> <span class='ocrx_word' id='word_1_665' title='bbox 1368 5044 1608 5099; x_wconf 82' lang='grc' dir='ltr'>ἀνεκτά.</span> <span class='ocrx_word' id='word_1_666' title='bbox 1635 5045 1759 5101; x_wconf 78' lang='grc' dir='ltr'>ΒίΙΙ.</span> <span class='ocrx_word' id='word_1_667' title='bbox 1786 5064 1798 5099; x_wconf 87' lang='lat'><strong>:</strong></span> <span class='ocrx_word' id='word_1_668' title='bbox 1837 5047 1965 5099; x_wconf 66' lang='lat' dir='ltr'><strong>Haec</strong></span> <span class='ocrx_word' id='word_1_669' title='bbox 1988 5045 2083 5098; x_wconf 85' lang='lat' dir='ltr'><strong>tibi</strong></span> <span class='ocrx_word' id='word_1_670' title='bbox 2106 5062 2169 5099; x_wconf 87' lang='lat' dir='ltr'><strong>ne</strong></span> <span class='ocrx_word' id='word_1_671' title='bbox 2195 5044 2327 5099; x_wconf 81' lang='lat' dir='ltr'><strong>levia</strong></span> <span class='ocrx_word' id='word_1_672' title='bbox 2364 5055 2415 5099; x_wconf 85' lang='lat' dir='ltr'><strong>et</strong></span> 
     </span>
    </p>
   </div>
   <div class='ocr_carea' id='block_1_76' title="bbox 833 5109 2413 5178">
    <p class='ocr_par' dir='ltr' id='par_1_76' title="bbox 833 5109 2413 5178">
     <span class='ocr_line' id='line_1_76' title="bbox 833 5109 2413 5178; baseline 0.006 -19"><span class='ocrx_word' id='word_1_673' title='bbox 833 5109 1136 5163; x_wconf 83' lang='lat' dir='ltr'><strong>tolerabilia</strong></span> <span class='ocrx_word' id='word_1_674' title='bbox 1178 5109 1471 5178; x_wconf 85' lang='lat' dir='ltr'><strong>videantur,</strong></span> <span class='ocrx_word' id='word_1_675' title='bbox 1503 5116 1738 5171; x_wconf 84' lang='lat' dir='ltr'><strong>obsecro.</strong></span> <span class='ocrx_word' id='word_1_676' title='bbox 1791 5116 1935 5177; x_wconf 76' lang='lat' dir='ltr'><strong>Mox,</strong></span> <span class='ocrx_word' id='word_1_677' title='bbox 1970 5116 2108 5169; x_wconf 86' lang='grc' dir='ltr'><strong>ἀλλὰ</strong></span> <span class='ocrx_word' id='word_1_678' title='bbox 2145 5115 2242 5168; x_wconf 78' lang='grc' dir='ltr'>καὶ</span> <span class='ocrx_word' id='word_1_679' title='bbox 2287 5132 2413 5169; x_wconf 85' lang='grc' dir='ltr'>συν-</span> 
     </span>
    </p>
   </div>
   <div class='ocr_carea' id='block_1_77' title="bbox 831 5178 2176 5250">
    <p class='ocr_par' dir='ltr' id='par_1_77' title="bbox 831 5178 2176 5250">
     <span class='ocr_line' id='line_1_77' title="bbox 831 5178 2176 5250; baseline 0.007 -21"><span class='ocrx_word' id='word_1_680' title='bbox 831 5178 1089 5250; x_wconf 82' lang='grc' dir='ltr'>άλγησον,</span> <span class='ocrx_word' id='word_1_681' title='bbox 1122 5181 1267 5246; x_wconf 86' lang='lat' dir='ltr'><strong>Bill.,</strong></span> <span class='ocrx_word' id='word_1_682' title='bbox 1297 5201 1474 5237; x_wconf 79' lang='lat' dir='ltr'><strong>rerum</strong></span> <span class='ocrx_word' id='word_1_683' title='bbox 1503 5195 1552 5239; x_wconf 85' lang='lat' dir='ltr'><strong>et</strong></span> <span class='ocrx_word' id='word_1_684' title='bbox 1579 5188 1739 5239; x_wconf 85' lang='lat' dir='ltr'><strong>vicem</strong></span> <span class='ocrx_word' id='word_1_685' title='bbox 1769 5197 2007 5240; x_wconf 82' lang='lat' dir='ltr'><strong>nostram</strong></span> <span class='ocrx_word' id='word_1_686' title='bbox 2036 5188 2176 5239; x_wconf 88' lang='lat' dir='ltr'><strong>dole.</strong></span> 
     </span>
    </p>
   </div>
   <div class='ocr_carea' id='block_1_78' title="bbox 904 5250 2412 5328">
    <p class='ocr_par' dir='ltr' id='par_1_78' title="bbox 904 5250 2412 5328">
     <span class='ocr_line' id='line_1_78' title="bbox 904 5250 2412 5328; baseline 0.006 -27"><span class='ocrx_word' id='word_1_687' title='bbox 904 5250 981 5319; x_wconf 84' lang='lat'><strong>(7)</strong></span> <span class='ocrx_word' id='word_1_688' title='bbox 1021 5253 1187 5319; x_wconf 81' lang='grc' dir='ltr'>Παρὰ</span> <span class='ocrx_word' id='word_1_689' title='bbox 1225 5257 1526 5309; x_wconf 80' lang='grc' dir='ltr'>τοιούτων.</span> <span class='ocrx_word' id='word_1_690' title='bbox 1564 5255 1745 5313; x_wconf 86' lang='lat' dir='ltr'><strong>Mallet</strong></span> <span class='ocrx_word' id='word_1_691' title='bbox 1778 5257 2024 5312; x_wconf 79' lang='lat' dir='ltr'><strong>Combef.</strong></span> <span class='ocrx_word' id='word_1_692' title='bbox 2071 5256 2203 5328; x_wconf 77' lang='grc' dir='ltr'>περὶ</span> <span class='ocrx_word' id='word_1_693' title='bbox 2235 5256 2412 5310; x_wconf 84' lang='grc' dir='ltr'>τοιού-</span> 
     </span>
    </p>
   </div>
   <div class='ocr_carea' id='block_1_79' title="bbox 829 5335 959 5372">
    <p class='ocr_par' dir='ltr' id='par_1_79' title="bbox 829 5335 959 5372">
     <span class='ocr_line' id='line_1_79' title="bbox 829 5335 959 5372; baseline 0.008 -1"><span class='ocrx_word' id='word_1_694' title='bbox 829 5335 959 5372; x_wconf 89' lang='grc' dir='ltr'>των.</span> 
     </span>
    </p>
   </div>
   <div class='ocr_carea' id='block_1_80' title="bbox 925 5390 2410 5466">
    <p class='ocr_par' dir='ltr' id='par_1_80' title="bbox 925 5390 2410 5466">
     <span class='ocr_line' id='line_1_80' title="bbox 925 5390 2410 5466; baseline 0.007 -25"><span class='ocrx_word' id='word_1_695' title='bbox 925 5390 979 5458; x_wconf 87' lang='grc'><strong>8)</strong></span> <span class='ocrx_word' id='word_1_696' title='bbox 1007 5390 1156 5466; x_wconf 76' lang='lat' dir='ltr'><strong>Alias</strong></span> <span class='ocrx_word' id='word_1_697' title='bbox 1179 5392 1291 5450; x_wconf 81' lang='lat' dir='ltr'><strong>XL.</strong></span> <span class='ocrx_word' id='word_1_698' title='bbox 1314 5393 1531 5464; x_wconf 85' lang='lat' dir='ltr'><strong>Scripta</strong></span> <span class='ocrx_word' id='word_1_699' title='bbox 1558 5396 1704 5452; x_wconf 90' lang='lat' dir='ltr'><strong>circa</strong></span> <span class='ocrx_word' id='word_1_700' title='bbox 1734 5397 1876 5451; x_wconf 90' lang='lat' dir='ltr'><strong>idem</strong></span> <span class='ocrx_word' id='word_1_701' title='bbox 1904 5405 2216 5466; x_wconf 84' lang='lat' dir='ltr'><strong>tempus.--—</strong></span> <span class='ocrx_word' id='word_1_702' title='bbox 2232 5401 2410 5452; x_wconf 76' lang='grc' dir='ltr'>Φιλα-</span> 
     </span>
    </p>
   </div>
   <div class='ocr_carea' id='block_1_81' title="bbox 829 5460 2406 5535">
    <p class='ocr_par' dir='ltr' id='par_1_81' title="bbox 829 5460 2406 5535">
     <span class='ocr_line' id='line_1_81' title="bbox 829 5460 2406 5535; baseline 0.008 -25"><span class='ocrx_word' id='word_1_703' title='bbox 829 5461 989 5535; x_wconf 63' lang='grc' dir='ltr'>ῃοίιρ.</span> <span class='ocrx_word' id='word_1_704' title='bbox 1047 5460 1170 5535; x_wconf 73' lang='lat' dir='ltr'><strong>llazc</strong></span> <span class='ocrx_word' id='word_1_705' title='bbox 1206 5460 1473 5535; x_wconf 47' lang='lat' dir='ltr'><strong>epistola]</strong></span> <span class='ocrx_word' id='word_1_706' title='bbox 1519 5467 1697 5535; x_wconf 90' lang='lat' dir='ltr'><strong>inquit</strong></span> <span class='ocrx_word' id='word_1_707' title='bbox 1735 5467 1884 5531; x_wconf 87' lang='lat' dir='ltr'><strong>Bill.,</strong></span> <span class='ocrx_word' id='word_1_708' title='bbox 1925 5460 2156 5523; x_wconf 79' lang='lat' dir='ltr'><strong>Eudoxii</strong></span> <span class='ocrx_word' id='word_1_709' title='bbox 2208 5486 2406 5524; x_wconf 89' lang='lat' dir='ltr'><strong>nomen</strong></span> 
     </span>
    </p>
   </div>
   <div class='ocr_carea' id='block_1_82' title="bbox 830 5528 2404 5613">
    <p class='ocr_par' dir='ltr' id='par_1_82' title="bbox 830 5528 2404 5613">
     <span class='ocr_line' id='line_1_82' title="bbox 830 5528 2404 5613; baseline 0.006 -31"><span class='ocrx_word' id='word_1_710' title='bbox 830 5528 1177 5613; x_wconf 60' lang='lat' dir='ltr'><strong>praeferebat,</strong></span> <span class='ocrx_word' id='word_1_711' title='bbox 1213 5528 1321 5588; x_wconf 63' lang='lat' dir='ltr'><strong>n&#39;on</strong></span> <span class='ocrx_word' id='word_1_712' title='bbox 1368 5528 1663 5613; x_wconf 69' lang='lat' dir='ltr'><strong>Pliilagrii;</strong></span> <span class='ocrx_word' id='word_1_713' title='bbox 1702 5540 1798 5591; x_wconf 87' lang='lat' dir='ltr'><strong>sed</strong></span> <span class='ocrx_word' id='word_1_714' title='bbox 1838 5528 1962 5613; x_wconf 80' lang='lat' dir='ltr'><strong>quis</strong></span> <span class='ocrx_word' id='word_1_715' title='bbox 1995 5538 2098 5593; x_wconf 89' lang='lat' dir='ltr'><strong>hoc</strong></span> <span class='ocrx_word' id='word_1_716' title='bbox 2143 5547 2404 5611; x_wconf 73' lang='lat' dir='ltr'><strong>typogra-</strong></span> 
     </span>
    </p>
   </div>
   <div class='ocr_carea' id='block_1_83' title="bbox 831 5598 2404 5673">
    <p class='ocr_par' dir='ltr' id='par_1_83' title="bbox 831 5598 2404 5673">
     <span class='ocr_line' id='line_1_83' title="bbox 831 5598 2404 5673; baseline 0.009 -24"><span class='ocrx_word' id='word_1_717' title='bbox 831 5598 922 5673; x_wconf 76' lang='lat' dir='ltr'><strong>phi</strong></span> <span class='ocrx_word' id='word_1_718' title='bbox 948 5603 1254 5673; x_wconf 63' lang='lat' dir='ltr'><strong>oscitantur:</strong></span> <span class='ocrx_word' id='word_1_719' title='bbox 1286 5598 1671 5661; x_wconf 47' lang='lat' dir='ltr'><strong>ascriben&#39;dum</strong></span> <span class='ocrx_word' id='word_1_720' title='bbox 1710 5624 1818 5661; x_wconf 90' lang='lat' dir='ltr'><strong>non</strong></span> <span class='ocrx_word' id='word_1_721' title='bbox 1856 5598 2038 5673; x_wconf 57' lang='lat' dir='ltr'><strong>&#39;videt,</strong></span> <span class='ocrx_word' id='word_1_722' title='bbox 2079 5598 2219 5663; x_wconf 47' lang='lat' dir='ltr'><strong>cum.</strong></span> <span class='ocrx_word' id='word_1_723' title='bbox 2245 5598 2305 5663; x_wconf 80' lang='grc' dir='ltr'>ιιῖ</span> <span class='ocrx_word' id='word_1_724' title='bbox 2342 5626 2404 5663; x_wconf 89' lang='lat' dir='ltr'><strong>ea</strong></span> 
     </span>
    </p>
   </div>
   <div class='ocr_carea' id='block_1_84' title="bbox 827 5667 2408 5751">
    <p class='ocr_par' dir='ltr' id='par_1_84' title="bbox 827 5667 2408 5751">
     <span class='ocr_line' id='line_1_84' title="bbox 827 5667 2408 5751; baseline 0.008 -29"><span class='ocrx_word' id='word_1_725' title='bbox 827 5667 1123 5751; x_wconf 49' lang='lat' dir='ltr'><strong>gregarius</strong></span> <span class='ocrx_word' id='word_1_726' title='bbox 1156 5673 1415 5751; x_wconf 78' lang='lat' dir='ltr'><strong>Philagrii</strong></span> <span class='ocrx_word' id='word_1_727' title='bbox 1466 5678 1791 5751; x_wconf 80' lang='lat' dir='ltr'><strong>nominatim</strong></span> <span class='ocrx_word' id='word_1_728' title='bbox 1825 5667 2158 5735; x_wconf 80' lang='lat' dir='ltr'><strong>mentione.th</strong></span> <span class='ocrx_word' id='word_1_729' title='bbox 2194 5680 2358 5734; x_wconf 80' lang='lat' dir='ltr'><strong>faciat</strong></span> <span class='ocrx_word' id='word_1_730' title='bbox 2386 5682 2408 5735; x_wconf 70' lang='lat'><strong>&#39;3</strong></span> 
     </span>
    </p>
   </div>
   <div class='ocr_carea' id='block_1_85' title="bbox 828 5737 2405 5822">
    <p class='ocr_par' dir='ltr' id='par_1_85' title="bbox 828 5737 2405 5822">
     <span class='ocr_line' id='line_1_85' title="bbox 828 5737 2405 5822; baseline 0.01 -32"><span class='ocrx_word' id='word_1_731' title='bbox 828 5737 1143 5822; x_wconf 73' lang='lat' dir='ltr'><strong>Consimilis</strong></span> <span class='ocrx_word' id='word_1_732' title='bbox 1198 5737 1354 5822; x_wconf 62' lang='lat' dir='ltr'><strong>erro}</strong></span> <span class='ocrx_word' id='word_1_733' title='bbox 1398 5747 1455 5801; x_wconf 91' lang='lat' dir='ltr'><strong>in</strong></span> <span class='ocrx_word' id='word_1_734' title='bbox 1499 5747 1603 5801; x_wconf 85' lang='lat' dir='ltr'><strong>alia</strong></span> <span class='ocrx_word' id='word_1_735' title='bbox 1648 5748 1883 5818; x_wconf 91' lang='lat' dir='ltr'><strong>quadam</strong></span> <span class='ocrx_word' id='word_1_736' title='bbox 1950 5751 2209 5820; x_wconf 80' lang='lat' dir='ltr'><strong>epistola,</strong></span> <span class='ocrx_word' id='word_1_737' title='bbox 2258 5768 2405 5806; x_wconf 87' lang='lat' dir='ltr'><strong>nunc</strong></span> 
     </span>
    </p>
   </div>
   <div class='ocr_carea' id='block_1_86' title="bbox 831 5813 1274 5871">
    <p class='ocr_par' dir='ltr' id='par_1_86' title="bbox 831 5813 1274 5871">
     <span class='ocr_line' id='line_1_86' title="bbox 831 5813 1274 5871; baseline 0.018 -11"><span class='ocrx_word' id='word_1_738' title='bbox 831 5823 1002 5871; x_wconf 73' lang='lat' dir='ltr'><strong>usu,</strong></span> <span class='ocrx_word' id='word_1_739' title='bbox 1029 5813 1274 5868; x_wconf 82' lang='lat' dir='ltr'><strong>inolevit.</strong></span> 
     </span>
    </p>
   </div>
   <div class='ocr_carea' id='block_1_87' title="bbox 909 5882 2407 5958">
    <p class='ocr_par' dir='ltr' id='par_1_87' title="bbox 909 5882 2407 5958">
     <span class='ocr_line' id='line_1_87' title="bbox 909 5882 2407 5958; baseline 0.009 -25"><span class='ocrx_word' id='word_1_740' title='bbox 909 5882 1227 5952; x_wconf 67' lang='grc' dir='ltr'><strong>(ε’)Στέργνω</strong></span> <span class='ocrx_word' id='word_1_741' title='bbox 1249 5884 1319 5939; x_wconf 82' lang='grc' dir='ltr'>τὰ</span> <span class='ocrx_word' id='word_1_742' title='bbox 1353 5889 1697 5955; x_wconf 78' lang='grc' dir='ltr'>Καισαριόυ.</span> <span class='ocrx_word' id='word_1_743' title='bbox 1729 5889 1997 5958; x_wconf 80' lang='lat' dir='ltr'><strong>Combcf.,</strong></span> <span class='ocrx_word' id='word_1_744' title='bbox 2028 5890 2159 5957; x_wconf 73' lang='lat' dir='ltr'><strong>Qum</strong></span> <span class='ocrx_word' id='word_1_745' title='bbox 2182 5892 2407 5947; x_wconf 76' lang='lat' dir='ltr'><strong>(Irrsarii</strong></span> 
     </span>
    </p>
   </div>
   <div class='ocr_carea' id='block_1_88' title="bbox 2518 4088 4111 4160">
    <p class='ocr_par' dir='ltr' id='par_1_88' title="bbox 2518 4088 4111 4160">
     <span class='ocr_line' id='line_1_88' title="bbox 2518 4088 4111 4160; baseline -0.001 -17"><span class='ocrx_word' id='word_1_746' title='bbox 2518 4090 2939 4160; x_wconf 81' lang='lat' dir='ltr'><strong>philosophicas</strong></span> <span class='ocrx_word' id='word_1_747' title='bbox 2978 4098 3063 4144; x_wconf 89' lang='lat' dir='ltr'><strong>est</strong></span> <span class='ocrx_word' id='word_1_748' title='bbox 3109 4090 3197 4144; x_wconf 91' lang='lat' dir='ltr'><strong>hic</strong></span> <span class='ocrx_word' id='word_1_749' title='bbox 3243 4088 3494 4145; x_wconf 75' lang='lat' dir='ltr'><strong>allectus.</strong></span> <span class='ocrx_word' id='word_1_750' title='bbox 3546 4088 3772 4143; x_wconf 80' lang='lat' dir='ltr'><strong>Caesarii</strong></span> <span class='ocrx_word' id='word_1_751' title='bbox 3812 4088 3980 4143; x_wconf 87' lang='lat' dir='ltr'><strong>rebus</strong></span> <span class='ocrx_word' id='word_1_752' title='bbox 4017 4102 4111 4141; x_wconf 85' lang='lat' dir='ltr'><strong>ac-</strong></span> 
     </span>
    </p>
   </div>
   <div class='ocr_carea' id='block_1_89' title="bbox 2516 4181 4104 4253">
    <p class='ocr_par' dir='ltr' id='par_1_89' title="bbox 2516 4181 4104 4253">
     <span class='ocr_line' id='line_1_89' title="bbox 2516 4181 4104 4253; baseline -0.001 -17"><span class='ocrx_word' id='word_1_753' title='bbox 2516 4184 2769 4253; x_wconf 83' lang='lat' dir='ltr'><strong>quiesco,</strong></span> <span class='ocrx_word' id='word_1_754' title='bbox 2809 4190 2864 4237; x_wconf 88' lang='lat' dir='ltr'><strong>et</strong></span> <span class='ocrx_word' id='word_1_755' title='bbox 2906 4182 2953 4237; x_wconf 91' lang='lat' dir='ltr'><strong>si</strong></span> <span class='ocrx_word' id='word_1_756' title='bbox 2992 4182 3127 4252; x_wconf 90' lang='lat' dir='ltr'><strong>quid</strong></span> <span class='ocrx_word' id='word_1_757' title='bbox 3174 4181 3475 4251; x_wconf 88' lang='lat' dir='ltr'><strong>aliquando</strong></span> <span class='ocrx_word' id='word_1_758' title='bbox 3506 4182 3739 4245; x_wconf 82' lang='lat' dir='ltr'><strong>videant,</strong></span> <span class='ocrx_word' id='word_1_759' title='bbox 3773 4182 3920 4250; x_wconf 87' lang='lat' dir='ltr'><strong>quod</strong></span> <span class='ocrx_word' id='word_1_760' title='bbox 3972 4181 4104 4234; x_wconf 91' lang='lat' dir='ltr'><strong>mihi</strong></span> 
     </span>
    </p>
   </div>
   <div class='ocr_carea' id='block_1_90' title="bbox 2517 4270 4111 4339">
    <p class='ocr_par' dir='ltr' id='par_1_90' title="bbox 2517 4270 4111 4339">
     <span class='ocr_line' id='line_1_90' title="bbox 2517 4270 4111 4339; baseline -0.001 -14"><span class='ocrx_word' id='word_1_761' title='bbox 2517 4271 2841 4325; x_wconf 88' lang='lat' dir='ltr'><strong>memoriam</strong></span> <span class='ocrx_word' id='word_1_762' title='bbox 2885 4271 3033 4326; x_wconf 90' lang='lat' dir='ltr'><strong>illius</strong></span> <span class='ocrx_word' id='word_1_763' title='bbox 3079 4271 3332 4334; x_wconf 88' lang='lat' dir='ltr'><strong>refricet,</strong></span> <span class='ocrx_word' id='word_1_764' title='bbox 3378 4270 3483 4325; x_wconf 87' lang='lat' dir='ltr'><strong>hoc</strong></span> <span class='ocrx_word' id='word_1_765' title='bbox 3535 4272 3838 4339; x_wconf 80' lang='lat' dir='ltr'><strong>amplector</strong></span> <span class='ocrx_word' id='word_1_766' title='bbox 3898 4276 3952 4323; x_wconf 90' lang='lat' dir='ltr'><strong>et</strong></span> <span class='ocrx_word' id='word_1_767' title='bbox 4011 4284 4111 4324; x_wconf 76' lang='lat' dir='ltr'><strong>cx-</strong></span> 
     </span>
    </p>
   </div>
   <div class='ocr_carea' id='block_1_91' title="bbox 2516 4362 4109 4432">
    <p class='ocr_par' dir='ltr' id='par_1_91' title="bbox 2516 4362 4109 4432">
     <span class='ocr_line' id='line_1_91' title="bbox 2516 4362 4109 4432; baseline 0.001 -15"><span class='ocrx_word' id='word_1_768' title='bbox 2516 4363 2757 4427; x_wconf 85' lang='lat' dir='ltr'><strong>osculor,</strong></span> <span class='ocrx_word' id='word_1_769' title='bbox 2788 4378 2851 4417; x_wconf 92' lang='lat' dir='ltr'><strong>ac</strong></span> <span class='ocrx_word' id='word_1_770' title='bbox 2869 4364 3014 4417; x_wconf 87' lang='lat' dir='ltr'><strong>velut</strong></span> <span class='ocrx_word' id='word_1_771' title='bbox 3040 4378 3165 4417; x_wconf 90' lang='lat' dir='ltr'><strong>cum</strong></span> <span class='ocrx_word' id='word_1_772' title='bbox 3196 4363 3396 4418; x_wconf 91' lang='lat' dir='ltr'><strong>intueri</strong></span> <span class='ocrx_word' id='word_1_773' title='bbox 3427 4363 3560 4416; x_wconf 88' lang='lat' dir='ltr'><strong>mihi</strong></span> <span class='ocrx_word' id='word_1_774' title='bbox 3586 4362 3795 4425; x_wconf 87' lang='lat' dir='ltr'><strong>videor,</strong></span> <span class='ocrx_word' id='word_1_775' title='bbox 3834 4362 4109 4432; x_wconf 81' lang='lat' dir='ltr'><strong>simulque</strong></span> 
     </span>
    </p>
   </div>
   <div class='ocr_carea' id='block_1_92' title="bbox 2520 4454 4106 4510">
    <p class='ocr_par' dir='ltr' id='par_1_92' title="bbox 2520 4454 4106 4510">
     <span class='ocr_line' id='line_1_92' title="bbox 2520 4454 4106 4510; baseline -0.002 -1"><span class='ocrx_word' id='word_1_776' title='bbox 2520 4456 2731 4510; x_wconf 88' lang='lat' dir='ltr'><strong>versari</strong></span> <span class='ocrx_word' id='word_1_777' title='bbox 2774 4465 2831 4510; x_wconf 92' lang='lat' dir='ltr'><strong>et</strong></span> <span class='ocrx_word' id='word_1_778' title='bbox 2874 4456 3245 4510; x_wconf 89' lang='lat' dir='ltr'><strong>confabulari.</strong></span> <span class='ocrx_word' id='word_1_779' title='bbox 3295 4454 3350 4509; x_wconf 92' lang='lat' dir='ltr'><strong>ld</strong></span> <span class='ocrx_word' id='word_1_780' title='bbox 3386 4456 3522 4509; x_wconf 89' lang='lat' dir='ltr'><strong>adeo</strong></span> <span class='ocrx_word' id='word_1_781' title='bbox 3549 4456 3682 4509; x_wconf 87' lang='lat' dir='ltr'><strong>tnihi</strong></span> <span class='ocrx_word' id='word_1_782' title='bbox 3725 4471 3873 4508; x_wconf 89' lang='lat' dir='ltr'><strong>nunc</strong></span> <span class='ocrx_word' id='word_1_783' title='bbox 3916 4455 3972 4508; x_wconf 92' lang='lat' dir='ltr'><strong>in</strong></span> <span class='ocrx_word' id='word_1_784' title='bbox 4010 4454 4106 4507; x_wconf 91' lang='lat' dir='ltr'><strong>lit-</strong></span> 
     </span>
    </p>
   </div>
   <div class='ocr_carea' id='block_1_93' title="bbox 2521 4546 4107 4617">
    <p class='ocr_par' dir='ltr' id='par_1_93' title="bbox 2521 4546 4107 4617">
     <span class='ocr_line' id='line_1_93' title="bbox 2521 4546 4107 4617; baseline 0.001 -19"><span class='ocrx_word' id='word_1_785' title='bbox 2521 4548 2656 4601; x_wconf 86' lang='lat' dir='ltr'><strong>teris</strong></span> <span class='ocrx_word' id='word_1_786' title='bbox 2702 4547 2813 4602; x_wconf 90' lang='lat' dir='ltr'><strong>tuis</strong></span> <span class='ocrx_word' id='word_1_787' title='bbox 2859 4548 3079 4602; x_wconf 83' lang='lat' dir='ltr'><strong>accidit.</strong></span> <span class='ocrx_word' id='word_1_788' title='bbox 3138 4546 3274 4600; x_wconf 77' lang='lat' dir='ltr'><strong>Nam</strong></span> <span class='ocrx_word' id='word_1_789' title='bbox 3331 4546 3564 4601; x_wconf 89' lang='lat' dir='ltr'><strong>simulac</strong></span> <span class='ocrx_word' id='word_1_790' title='bbox 3602 4548 3830 4617; x_wconf 86' lang='lat' dir='ltr'><strong>primam</strong></span> <span class='ocrx_word' id='word_1_791' title='bbox 3861 4546 4107 4616; x_wconf 78' lang='lat' dir='ltr'><strong>epistola:</strong></span> 
     </span>
    </p>
   </div>
   <div class='ocr_carea' id='block_1_94' title="bbox 2518 4637 4105 4709">
    <p class='ocr_par' dir='ltr' id='par_1_94' title="bbox 2518 4637 4105 4709">
     <span class='ocr_line' id='line_1_94' title="bbox 2518 4637 4105 4709; baseline 0.002 -20"><span class='ocrx_word' id='word_1_792' title='bbox 2518 4648 2727 4706; x_wconf 88' lang='lat' dir='ltr'><strong>partem</strong></span> <span class='ocrx_word' id='word_1_793' title='bbox 2761 4638 2890 4707; x_wconf 74' lang='lat' dir='ltr'><strong>legi,</strong></span> <span class='ocrx_word' id='word_1_794' title='bbox 2948 4655 3015 4692; x_wconf 87' lang='lat' dir='ltr'><strong>ac</strong></span> <span class='ocrx_word' id='word_1_795' title='bbox 3058 4637 3434 4709; x_wconf 78' lang='lat' dir='ltr'><strong>Philagrium,</strong></span> <span class='ocrx_word' id='word_1_796' title='bbox 3489 4655 3548 4692; x_wconf 89' lang='lat' dir='ltr'><strong>re</strong></span> <span class='ocrx_word' id='word_1_797' title='bbox 3597 4639 3926 4709; x_wconf 84' lang='lat' dir='ltr'><strong>nomineque</strong></span> <span class='ocrx_word' id='word_1_798' title='bbox 3970 4639 4105 4692; x_wconf 88' lang='lat' dir='ltr'><strong>mihi</strong></span> 
     </span>
    </p>
   </div>
   <div class='ocr_carea' id='block_1_95' title="bbox 2518 4729 4106 4799">
    <p class='ocr_par' dir='ltr' id='par_1_95' title="bbox 2518 4729 4106 4799">
     <span class='ocr_line' id='line_1_95' title="bbox 2518 4729 4106 4799; baseline 0 -14"><span class='ocrx_word' id='word_1_799' title='bbox 2518 4731 2907 4785; x_wconf 89' lang='lat' dir='ltr'><strong>suavissimum</strong></span> <span class='ocrx_word' id='word_1_800' title='bbox 2938 4730 3074 4793; x_wconf 85' lang='lat' dir='ltr'><strong>vidi,</strong></span> <span class='ocrx_word' id='word_1_801' title='bbox 3096 4748 3289 4786; x_wconf 89' lang='lat' dir='ltr'><strong>omnes</strong></span> <span class='ocrx_word' id='word_1_802' title='bbox 3323 4731 3457 4785; x_wconf 90' lang='lat' dir='ltr'><strong>mihi</strong></span> <span class='ocrx_word' id='word_1_803' title='bbox 3490 4739 3703 4785; x_wconf 81' lang='lat' dir='ltr'><strong>veteres</strong></span> <span class='ocrx_word' id='word_1_804' title='bbox 3728 4729 4106 4799; x_wconf 84' lang='lat' dir='ltr'><strong>jucunditates</strong></span> 
     </span>
    </p>
   </div>
   <div class='ocr_carea' id='block_1_96' title="bbox 2518 4822 4103 4893">
    <p class='ocr_par' dir='ltr' id='par_1_96' title="bbox 2518 4822 4103 4893">
     <span class='ocr_line' id='line_1_96' title="bbox 2518 4822 4103 4893; baseline -0.001 -16"><span class='ocrx_word' id='word_1_805' title='bbox 2518 4823 2572 4877; x_wconf 88' lang='lat' dir='ltr'><strong>in</strong></span> <span class='ocrx_word' id='word_1_806' title='bbox 2636 4822 2881 4876; x_wconf 91' lang='lat' dir='ltr'><strong>animum</strong></span> <span class='ocrx_word' id='word_1_807' title='bbox 2944 4832 3173 4893; x_wconf 89' lang='lat' dir='ltr'><strong>repente</strong></span> <span class='ocrx_word' id='word_1_808' title='bbox 3239 4822 3557 4885; x_wconf 89' lang='lat' dir='ltr'><strong>subierunt,</strong></span> <span class='ocrx_word' id='word_1_809' title='bbox 3612 4823 3818 4887; x_wconf 90' lang='lat' dir='ltr'><strong>nrbes,</strong></span> <span class='ocrx_word' id='word_1_810' title='bbox 3882 4822 4103 4886; x_wconf 86' lang='lat' dir='ltr'><strong>studia,</strong></span> 
     </span>
    </p>
   </div>
   <div class='ocr_carea' id='block_1_97' title="bbox 2521 4911 4102 4983">
    <p class='ocr_par' dir='ltr' id='par_1_97' title="bbox 2521 4911 4102 4983">
     <span class='ocr_line' id='line_1_97' title="bbox 2521 4911 4102 4983; baseline -0.002 -15"><span class='ocrx_word' id='word_1_811' title='bbox 2521 4928 2735 4977; x_wconf 87' lang='lat' dir='ltr'><strong>mensa,</strong></span> <span class='ocrx_word' id='word_1_812' title='bbox 2795 4924 3116 4983; x_wconf 87' lang='lat' dir='ltr'><strong>paupertas,</strong></span> <span class='ocrx_word' id='word_1_813' title='bbox 3172 4924 3340 4983; x_wconf 88' lang='lat' dir='ltr'><strong>atque</strong></span> <span class='ocrx_word' id='word_1_814' title='bbox 3388 4911 3783 4982; x_wconf 78' lang='lat' dir='ltr'><strong>jucumlissimi</strong></span> <span class='ocrx_word' id='word_1_815' title='bbox 3839 4912 4102 4976; x_wconf 82' lang='lat' dir='ltr'><strong>sodalitii,</strong></span> 
     </span>
    </p>
   </div>
   <div class='ocr_carea' id='block_1_98' title="bbox 2521 5048 3540 5117">
    <p class='ocr_par' dir='ltr' id='par_1_98' title="bbox 2521 5048 3540 5117">
     <span class='ocr_line' id='line_1_98' title="bbox 2521 5048 3540 5117; baseline -0.001 -15"><span class='ocrx_word' id='word_1_816' title='bbox 2521 5057 2643 5102; x_wconf 81' lang='lat' dir='ltr'><strong>sunt</strong></span> <span class='ocrx_word' id='word_1_817' title='bbox 2674 5048 2856 5117; x_wconf 68' lang='lat' dir='ltr'><strong>natira</strong></span> <span class='ocrx_word' id='word_1_818' title='bbox 2888 5064 3178 5117; x_wconf 83' lang='lat' dir='ltr'><strong>prosequor</strong></span> <span class='ocrx_word' id='word_1_819' title='bbox 3208 5051 3407 5104; x_wconf 87' lang='lat' dir='ltr'><strong>amoris</strong></span> <span class='ocrx_word' id='word_1_820' title='bbox 3437 5049 3540 5102; x_wconf 89' lang='lat' dir='ltr'><strong>sui.</strong></span> 
     </span>
    </p>
   </div>
   <div class='ocr_carea' id='block_1_99' title="bbox 2592 5113 4102 5189">
    <p class='ocr_par' dir='ltr' id='par_1_99' title="bbox 2592 5113 4102 5189">
     <span class='ocr_line' id='line_1_99' title="bbox 2592 5113 4102 5189; baseline 0.004 -18"><span class='ocrx_word' id='word_1_821' title='bbox 2592 5118 2705 5189; x_wconf 83' lang='grc'><strong>(10)</strong></span> <span class='ocrx_word' id='word_1_822' title='bbox 2751 5113 2896 5171; x_wconf 54' lang='grc' dir='ltr'>Οἶοιέ</span> <span class='ocrx_word' id='word_1_823' title='bbox 2916 5113 3151 5189; x_wconf 60' lang='grc' dir='ltr'>ἔπαθον</span> <span class='ocrx_word' id='word_1_824' title='bbox 3182 5120 3280 5173; x_wconf 77' lang='grc' dir='ltr'>καὶ</span> <span class='ocrx_word' id='word_1_825' title='bbox 3318 5121 3455 5174; x_wconf 80' lang='grc' dir='ltr'><strong>νῦν.</strong></span> <span class='ocrx_word' id='word_1_826' title='bbox 3494 5121 3573 5173; x_wconf 85' lang='lat' dir='ltr'><strong>Ita</strong></span> <span class='ocrx_word' id='word_1_827' title='bbox 3604 5118 3729 5173; x_wconf 91' lang='lat' dir='ltr'><strong>cod.</strong></span> <span class='ocrx_word' id='word_1_828' title='bbox 3756 5124 3810 5172; x_wconf 83' lang='lat' dir='ltr'><strong>et</strong></span> <span class='ocrx_word' id='word_1_829' title='bbox 3849 5116 4102 5177; x_wconf 85' lang='lat' dir='ltr'><strong>Combef.</strong></span> 
     </span>
    </p>
   </div>
   <div class='ocr_carea' id='block_1_100' title="bbox 2519 5182 3368 5245">
    <p class='ocr_par' dir='ltr' id='par_1_100' title="bbox 2519 5182 3368 5245">
     <span class='ocr_line' id='line_1_100' title="bbox 2519 5182 3368 5245; baseline 0 -1"><span class='ocrx_word' id='word_1_830' title='bbox 2519 5189 2577 5244; x_wconf 88' lang='lat' dir='ltr'><strong>ltt</strong></span> <span class='ocrx_word' id='word_1_831' title='bbox 2601 5182 2740 5243; x_wconf 45' lang='lat' dir='ltr'><strong>&#39;edit.</strong></span> <span class='ocrx_word' id='word_1_832' title='bbox 2767 5189 2861 5241; x_wconf 81' lang='grc' dir='ltr'><strong>καὶ</strong></span> <span class='ocrx_word' id='word_1_833' title='bbox 2886 5182 2998 5241; x_wconf 81' lang='grc' dir='ltr'>οἷον</span> <span class='ocrx_word' id='word_1_834' title='bbox 3023 5189 3224 5242; x_wconf 78' lang='grc' dir='ltr'>ἔπαθον</span> <span class='ocrx_word' id='word_1_835' title='bbox 3253 5191 3368 5245; x_wconf 78' lang='grc' dir='ltr'>νῦν.</span> 
     </span>
    </p>
   </div>
   <div class='ocr_carea' id='block_1_101' title="bbox 2591 5258 4104 5329">
    <p class='ocr_par' dir='ltr' id='par_1_101' title="bbox 2591 5258 4104 5329">
     <span class='ocr_line' id='line_1_101' title="bbox 2591 5258 4104 5329; baseline 0.003 -18"><span class='ocrx_word' id='word_1_836' title='bbox 2591 5259 2704 5329; x_wconf 86' lang='lat' dir='ltr'><strong>(ll)</strong></span> <span class='ocrx_word' id='word_1_837' title='bbox 2758 5259 2828 5313; x_wconf 83' lang='grc' dir='ltr'><em>ἸΙ</em></span> <span class='ocrx_word' id='word_1_838' title='bbox 2856 5260 3131 5326; x_wconf 77' lang='grc' dir='ltr'>τράπεζα,</span> <span class='ocrx_word' id='word_1_839' title='bbox 3177 5262 3215 5326; x_wconf 73' lang='grc' dir='ltr'><strong><em>ἡ</em></strong></span> <span class='ocrx_word' id='word_1_840' title='bbox 3253 5262 3452 5315; x_wconf 79' lang='grc' dir='ltr'>πενία.</span> <span class='ocrx_word' id='word_1_841' title='bbox 3492 5259 3549 5314; x_wconf 89' lang='lat' dir='ltr'><strong>Si</strong></span> <span class='ocrx_word' id='word_1_842' title='bbox 3600 5258 3798 5314; x_wconf 89' lang='lat' dir='ltr'><strong>mendo</strong></span> <span class='ocrx_word' id='word_1_843' title='bbox 3844 5270 3996 5316; x_wconf 91' lang='lat' dir='ltr'><strong>caret</strong></span> <span class='ocrx_word' id='word_1_844' title='bbox 4039 5277 4104 5315; x_wconf 81' lang='lat' dir='ltr'><strong>ea</strong></span> 
     </span>
    </p>
   </div>
   <div class='ocr_carea' id='block_1_102' title="bbox 2444 5329 4104 5420">
    <p class='ocr_par' dir='ltr' id='par_1_102' title="bbox 2444 5329 4104 5420">
     <span class='ocr_line' id='line_1_102' title="bbox 2444 5329 4104 5420; baseline 0 -38"><span class='ocrx_word' id='word_1_845' title='bbox 2444 5362 2490 5420; x_wconf 73' lang='grc' dir='ltr'>υ</span> <span class='ocrx_word' id='word_1_846' title='bbox 2521 5344 2645 5391; x_wconf 81' lang='lat' dir='ltr'><strong>vox,</strong></span> <span class='ocrx_word' id='word_1_847' title='bbox 2677 5331 2709 5420; x_wconf 60' lang='grc' dir='ltr'><em>ξι</em></span> <span class='ocrx_word' id='word_1_848' title='bbox 2745 5330 3033 5420; x_wconf 43' lang='grc' dir='ltr'>πενίαῖὶξιιι</span> <span class='ocrx_word' id='word_1_849' title='bbox 3054 5330 3330 5420; x_wconf 60' lang='lat' dir='ltr'><strong>cuilibet,</strong></span> <span class='ocrx_word' id='word_1_850' title='bbox 3360 5332 3564 5411; x_wconf 76' lang='lat' dir='ltr'><strong>indicio</strong></span> <span class='ocrx_word' id='word_1_851' title='bbox 3593 5338 3677 5385; x_wconf 83' lang='lat' dir='ltr'><strong>est</strong></span> <span class='ocrx_word' id='word_1_852' title='bbox 3710 5329 3943 5420; x_wconf 71' lang='grc' dir='ltr'>ἀσκήσει</span> <span class='ocrx_word' id='word_1_853' title='bbox 3971 5348 4104 5399; x_wconf 74' lang='lat' dir='ltr'><strong>ope-</strong></span> 
     </span>
    </p>
   </div>
   <div class='ocr_carea' id='block_1_103' title="bbox 2520 5398 4095 5470">
    <p class='ocr_par' dir='ltr' id='par_1_103' title="bbox 2520 5398 4095 5470">
     <span class='ocr_line' id='line_1_103' title="bbox 2520 5398 4095 5470; baseline -0.002 -18"><span class='ocrx_word' id='word_1_854' title='bbox 2520 5415 2633 5453; x_wconf 89' lang='lat' dir='ltr'><strong>ram</strong></span> <span class='ocrx_word' id='word_1_855' title='bbox 2662 5398 2879 5470; x_wconf 75' lang='lat' dir='ltr'><strong>dedisse</strong></span> <span class='ocrx_word' id='word_1_856' title='bbox 2913 5398 3273 5469; x_wconf 76' lang='lat' dir='ltr'><strong>Philagrium,</strong></span> <span class='ocrx_word' id='word_1_857' title='bbox 3318 5417 3425 5470; x_wconf 91' lang='lat' dir='ltr'><strong>qua</strong></span> <span class='ocrx_word' id='word_1_858' title='bbox 3458 5402 3539 5455; x_wconf 93' lang='lat' dir='ltr'><strong>sic</strong></span> <span class='ocrx_word' id='word_1_859' title='bbox 3582 5398 3960 5470; x_wconf 81' lang='lat' dir='ltr'><strong>paupertatem</strong></span> <span class='ocrx_word' id='word_1_860' title='bbox 4006 5398 4095 5455; x_wconf 72' lang='lat' dir='ltr'><strong>cu.</strong></span> 
     </span>
    </p>
   </div>
   <div class='ocr_carea' id='block_1_104' title="bbox 2518 5468 4105 5540">
    <p class='ocr_par' dir='ltr' id='par_1_104' title="bbox 2518 5468 4105 5540">
     <span class='ocr_line' id='line_1_104' title="bbox 2518 5468 4105 5540; baseline -0.001 -18"><span class='ocrx_word' id='word_1_861' title='bbox 2518 5472 2699 5531; x_wconf 74' lang='lat' dir='ltr'><strong>luerit,</strong></span> <span class='ocrx_word' id='word_1_862' title='bbox 2736 5468 3004 5537; x_wconf 82' lang='lat' dir='ltr'><strong>Gregorio</strong></span> <span class='ocrx_word' id='word_1_863' title='bbox 3037 5468 3111 5523; x_wconf 90' lang='lat' dir='ltr'><strong>illi</strong></span> <span class='ocrx_word' id='word_1_864' title='bbox 3156 5468 3421 5540; x_wconf 67' lang='lat' dir='ltr'><strong>palaestra:</strong></span> <span class='ocrx_word' id='word_1_865' title='bbox 3462 5468 3633 5525; x_wconf 83' lang='lat' dir='ltr'><strong>socio.</strong></span> <span class='ocrx_word' id='word_1_866' title='bbox 3678 5471 3811 5523; x_wconf 87' lang='lat' dir='ltr'><strong>llinc</strong></span> <span class='ocrx_word' id='word_1_867' title='bbox 3861 5471 3999 5525; x_wconf 86' lang='lat' dir='ltr'><strong>forte</strong></span> <span class='ocrx_word' id='word_1_868' title='bbox 4034 5474 4105 5525; x_wconf 71' lang='lat' dir='ltr'><strong>lo-</strong></span> 
     </span>
    </p>
   </div>
   <div class='ocr_carea' id='block_1_105' title="bbox 2514 5542 4103 5619">
    <p class='ocr_par' dir='ltr' id='par_1_105' title="bbox 2514 5542 4103 5619">
     <span class='ocr_line' id='line_1_105' title="bbox 2514 5542 4103 5619; baseline 0.001 -26"><span class='ocrx_word' id='word_1_869' title='bbox 2514 5543 2747 5611; x_wconf 84' lang='lat' dir='ltr'><strong>gendum</strong></span> <span class='ocrx_word' id='word_1_870' title='bbox 2771 5542 2979 5619; x_wconf 75' lang='lat' dir='ltr'><strong>vellent</strong></span> <span class='ocrx_word' id='word_1_871' title='bbox 3027 5542 3250 5610; x_wconf 86' lang='lat' dir='ltr'><strong>quidam</strong></span> <span class='ocrx_word' id='word_1_872' title='bbox 3279 5544 3312 5613; x_wconf 78' lang='grc' dir='ltr'>ἡ</span> <span class='ocrx_word' id='word_1_873' title='bbox 3341 5542 3591 5614; x_wconf 78' lang='grc' dir='ltr'>τράπεζα</span> <span class='ocrx_word' id='word_1_874' title='bbox 3622 5543 3653 5611; x_wconf 80' lang='grc' dir='ltr'>ἡ</span> <span class='ocrx_word' id='word_1_875' title='bbox 3698 5542 3875 5609; x_wconf 85' lang='grc' dir='ltr'>κοινή,</span> <span class='ocrx_word' id='word_1_876' title='bbox 3921 5559 4103 5595; x_wconf 76' lang='lat' dir='ltr'><strong>mensa</strong></span> 
     </span>
    </p>
   </div>
   <div class='ocr_carea' id='block_1_106' title="bbox 2515 5627 2829 5664">
    <p class='ocr_par' dir='ltr' id='par_1_106' title="bbox 2515 5627 2829 5664">
     <span class='ocr_line' id='line_1_106' title="bbox 2515 5627 2829 5664; baseline -0.006 0"><span class='ocrx_word' id='word_1_877' title='bbox 2515 5627 2829 5664; x_wconf 79' lang='lat' dir='ltr'><strong>communis.</strong></span> 
     </span>
    </p>
   </div>
   <div class='ocr_carea' id='block_1_107' title="bbox 2588 5680 4100 5750">
    <p class='ocr_par' dir='ltr' id='par_1_107' title="bbox 2588 5680 4100 5750">
     <span class='ocr_line' id='line_1_107' title="bbox 2588 5680 4100 5750; baseline 0.005 -17"><span class='ocrx_word' id='word_1_878' title='bbox 2588 5681 2697 5749; x_wconf 73' lang='lat' dir='ltr'><strong>(l2)</strong></span> <span class='ocrx_word' id='word_1_879' title='bbox 2731 5681 2803 5731; x_wconf 79' lang='grc'><strong>’⁷0</strong></span> <span class='ocrx_word' id='word_1_880' title='bbox 2853 5695 3046 5749; x_wconf 68' lang='grc' dir='ltr'>φησιν</span> <span class='ocrx_word' id='word_1_881' title='bbox 3078 5680 3351 5750; x_wconf 72' lang='grc' dir='ltr'>Ὄμηρος.</span> <span class='ocrx_word' id='word_1_882' title='bbox 3389 5681 3617 5744; x_wconf 80' lang='lat' dir='ltr'><strong>Helena,</strong></span> <span class='ocrx_word' id='word_1_883' title='bbox 3656 5680 3820 5734; x_wconf 84' lang='lat' dir='ltr'><strong>Iliad.</strong></span> <span class='ocrx_word' id='word_1_884' title='bbox 3858 5698 3939 5749; x_wconf 90' lang='grc' dir='ltr'>ιιι,</span> <span class='ocrx_word' id='word_1_885' title='bbox 3979 5682 4100 5740; x_wconf 62' lang='lat' dir='ltr'><strong>lii”.</strong></span> 
     </span>
    </p>
   </div>
   <div class='ocr_carea' id='block_1_108' title="bbox 2514 5751 3788 5819">
    <p class='ocr_par' dir='ltr' id='par_1_108' title="bbox 2514 5751 3788 5819">
     <span class='ocr_line' id='line_1_108' title="bbox 2514 5751 3788 5819; baseline 0.002 -16"><span class='ocrx_word' id='word_1_886' title='bbox 2514 5751 2791 5805; x_wconf 81' lang='lat' dir='ltr'><strong>Primnum</strong></span> <span class='ocrx_word' id='word_1_887' title='bbox 2822 5754 3127 5819; x_wconf 86' lang='lat' dir='ltr'><strong>alloquens,</strong></span> <span class='ocrx_word' id='word_1_888' title='bbox 3163 5754 3243 5806; x_wconf 88' lang='lat' dir='ltr'><strong>sic</strong></span> <span class='ocrx_word' id='word_1_889' title='bbox 3271 5755 3412 5805; x_wconf 85' lang='lat' dir='ltr'><strong>inter</strong></span> <span class='ocrx_word' id='word_1_890' title='bbox 3438 5765 3636 5805; x_wconf 52' lang='lat' dir='ltr'><strong>«uetera</strong></span> <span class='ocrx_word' id='word_1_891' title='bbox 3673 5753 3749 5804; x_wconf 87' lang='lat' dir='ltr'><strong>ait</strong></span> <span class='ocrx_word' id='word_1_892' title='bbox 3777 5771 3788 5806; x_wconf 87' lang='lat'><strong>:</strong></span> 
     </span>
    </p>
   </div>
   <div class='ocr_carea' id='block_1_109' title="bbox 2526 5820 4104 5906">
    <p class='ocr_par' dir='ltr' id='par_1_109' title="bbox 2526 5820 4104 5906">
     <span class='ocr_line' id='line_1_109' title="bbox 2526 5820 4104 5906; baseline 0.002 -32"><span class='ocrx_word' id='word_1_893' title='bbox 2526 5822 2618 5906; x_wconf 52' lang='grc' dir='ltr'><strong>ξῼς</strong></span> <span class='ocrx_word' id='word_1_894' title='bbox 2642 5821 2859 5904; x_wconf 42' lang='grc' dir='ltr'><strong>ἤσθιεν</strong></span> <span class='ocrx_word' id='word_1_895' title='bbox 2875 5820 3132 5905; x_wconf 55' lang='grc' dir='ltr'>θάνατός</span> <span class='ocrx_word' id='word_1_896' title='bbox 3143 5840 3243 5906; x_wconf 73' lang='grc' dir='ltr'>μοι</span> <span class='ocrx_word' id='word_1_897' title='bbox 3267 5822 3434 5875; x_wconf 79' lang='grc' dir='ltr'>ἁδεῖν</span> <span class='ocrx_word' id='word_1_898' title='bbox 3456 5822 3661 5906; x_wconf 61' lang='grc' dir='ltr'>κακὸς,</span> <span class='ocrx_word' id='word_1_899' title='bbox 3678 5823 3904 5876; x_wconf 75' lang='grc' dir='ltr'>ὁππότε</span> <span class='ocrx_word' id='word_1_900' title='bbox 3925 5820 4104 5901; x_wconf 58' lang='grc' dir='ltr'>δεῦρο</span> 
     </span>
    </p>
   </div>
   <div class='ocr_carea' id='block_1_110' title="bbox 2525 5891 4061 5962">
    <p class='ocr_par' dir='ltr' id='par_1_110' title="bbox 2525 5891 4061 5962">
     <span class='ocr_line' id='line_1_110' title="bbox 2525 5891 4061 5962; baseline 0 -18"><span class='ocrx_word' id='word_1_901' title='bbox 2525 5893 2644 5945; x_wconf 71' lang='grc' dir='ltr'><strong>Υίέϊ</strong></span> <span class='ocrx_word' id='word_1_902' title='bbox 2677 5891 2767 5955; x_wconf 74' lang='grc' dir='ltr'><strong>(τῷ</strong></span> <span class='ocrx_word' id='word_1_903' title='bbox 2797 5891 3051 5960; x_wconf 66' lang='grc' dir='ltr'>ἑπόμην,</span> <span class='ocrx_word' id='word_1_904' title='bbox 3086 5891 3359 5962; x_wconf 67' lang='grc' dir='ltr'>θάλαμον</span> <span class='ocrx_word' id='word_1_905' title='bbox 3392 5894 3656 5962; x_wconf 75' lang='grc' dir='ltr'>γνωτούς</span> <span class='ocrx_word' id='word_1_906' title='bbox 3689 5910 3750 5947; x_wconf 81' lang='grc' dir='ltr'><strong>τε</strong></span> <span class='ocrx_word' id='word_1_907' title='bbox 3774 5893 4061 5958; x_wconf 73' lang='grc' dir='ltr'>λιποῦσα,</span> 
     </span>
    </p>
   </div>
  </div>
