5168 6648
819 483 892 537 69
2146 485 2475 542 EPISTULA
2522 485 2729 541 XXXII.
4019 494 4087 544 70

823 601 974 670 παρὰ
1032 602 1249 655 πάντων
1304 602 1700 672 θαυμάζεσθαι.
1747 603 1866 654 Τῶν
1916 605 1971 657 δὲ
2037 606 2276 658 πυκτίων
2328 600 2402 658 ὧν
2432 611 2473 666 Α
2509 603 2736 666 levabis,
2802 610 2859 656 ιιι

2044 606 2276 658 πυκτίων
2328 600 2402 658 ὧν
2432 611 2473 666 Α
2509 603 2736 666 lcrabis,
2802 610 2916 657 tum
2964 604 3125 658 etiam
3189 603 3376 658 multis
3420 603 3486 658 ad
3535 603 3754 658 dolores
3807 603 4085 672 sapienter

821 691 1062 762 ᾔτησας,
1101 694 1162 745 τὸ
1193 692 1292 764 μὲν
1324 687 1516 764 εὗρον,
1559 694 1650 746 καὶ
1689 694 1908 764 ἔπεμψά
1964 713 2045 748 σοι
2088 697 2400 768 προθύμως,

821 783 882 835 τὸ
915 785 1314 854 Δημοσθενικὸν
1347 787 1490 854 λέγω
1516 802 1529 814 ’
1565 788 1627 840 τὸ
1655 788 1710 840 δὲ
1764 787 2080 859 ἐζημιώθην
2107 805 2120 818 ·
2157 789 2258 842 οὐκ
2297 788 2405 858 ἔχω

819 870 936 924 οἵου
971 874 1036 925 συ
1073 873 1294 943 χρῄζεις
1329 874 1467 945 (9.7),
1499 874 1600 945 τὴν
1647 875 1862 928 Ἰλιάδα.
1896 875 1986 947 Μὴ
2029 876 2138 948 γάρ
2167 893 2258 948 μοι
2290 877 2404 930 δια-

820 965 1111 1036 πιστήσῃς,
1149 965 1228 1016 ὅτι
1277 965 1437 1034 μόνον
1469 965 1674 1018 τούτων
1718 965 2016 1020 ἀπολαύειν
2053 967 2276 1037 νομίζω,
2307 969 2403 1022 καὶ

823 1054 961 1124 μόνα
995 1055 1294 1126 κεκτῆσθαι
1330 1057 1535 1120 καλῶς,
1560 1051 1634 1110 ὧν
1665 1059 1730 1112 ἂν
1763 1059 1926 1124 αὐτὸς
1964 1061 2277 1131 μετάσχοις,
2307 1063 2402 1114 καὶ

819 1139 900 1206 οἷς
933 1145 999 1198 ἂν
1028 1147 1103 1208 ὡς
1144 1147 1371 1200 σεαυτοῦ
1404 1149 1659 1218 χρήσαιο.

2513 693 2771 748 ferendos
2794 696 3185 750 documentum
3223 695 3512 766 prmbebis.
3545 694 3789 764 Denique
3819 709 3930 749 non
3959 711 4074 765 par-

2503 803 2630 840 vum
2664 788 2874 842 lucrum
2934 787 3102 842 facies
3133 789 3202 859 (si
3231 797 3410 843 tamen
3461 788 3512 840 id
3559 803 3777 857 quoque
3804 788 3902 842 tibi
3939 802 4088 841 cura:

2509 881 2651 949 est),
2708 895 2902 949 nempe
2955 881 3102 950 quod
3157 881 3212 934 in
3279 879 3644 934 admiratione
3703 879 3847 948 apud
3891 895 4085 934 omnes

2505 974 2638 1027 eris.
2675 972 2752 1026 Ex
2787 973 2942 1026 libris
2969 988 3134 1042 porro
3161 987 3298 1042 quos
3324 973 3591 1040 postulas,
3617 971 3849 1024 alterum
3877 970 4082 1032 inveni,

2505 1062 2739 1134 eumque
2782 1063 2848 1118 ad
2901 1072 2952 1116 te
2985 1065 3218 1118 libenter
3275 1063 3424 1127 misi,
3468 1079 3664 1132 nempe
3704 1061 4084 1116 Demostheni-

2507 1171 2630 1208 cum
2671 1174 2681 1208 :
2715 1158 2945 1209 alterum
2983 1171 3110 1210 vero
3143 1155 3300 1209 amisi
3339 1173 3353 1220 ;
3384 1171 3543 1224 quem
3597 1157 3801 1224 poscis,
3840 1170 3950 1208 non
3986 1155 4082 1206 ha-

821 1241 942 1304 beo,
987 1241 1247 1297 nimirum
1311 1243 1556 1298 Iliadem.
1619 1242 1749 1297 Mihi
1787 1245 1930 1298 enim
1980 1245 2034 1299 in
2087 1245 2192 1300 hoc
2238 1246 2400 1301 velim
2463 1247 2620 1303 fidem
2664 1267 2733 1304 ne
2776 1252 3045 1321 abi-eges,
3104 1252 3309 1321 quippe
3358 1252 3451 1321 qui
3499 1267 3585 1304 me
3641 1251 3727 1305 bis
3772 1251 3905 1306 solis
3947 1248 4076 1313 frui,

817 1350 991 1406 eaque
1059 1338 1176 1390 sola
1232 1344 1382 1391 recte
1426 1338 1712 1407 possidere
1760 1341 2107 1405 existimem,
2169 1357 2404 1411 quorum
2446 1343 2563 1414 ipse
2590 1347 2862 1414 particeps
2895 1360 2978 1408 es,
3019 1347 3352 1415 quibusque,
3383 1353 3441 1398 ut
3471 1345 3604 1409 tuis,
3638 1343 3832 1397 uteris.

1276 1494 1400 1548 AB'.
1443 1495 1530 1564 Τῼ
1578 1494 1763 1563 ΑΥΤῼ
1803 1494 1938 1564 (28).

3040 1496 3257 1552 XXXII.
3317 1495 3551 1550 EIDEM.

893 1610 1196 1688 Epistolam
1212 1616 1535 1688 superiorem
1565 1617 1805 1688 proximo
1842 1625 2020 1670 secuta
2050 1627 2127 1670 est
2153 1618 2430 1672 intervallo
2459 1619 2583 1680 ista,
2613 1620 2666 1672 in
2689 1637 2792 1688 qua
2818 1619 2936 1686 jam
2967 1618 3245 1686 Philagrio
3273 1619 3601 1688 gratulatur,
3629 1615 3770 1686 quod
3801 1615 3857 1688 in
3889 1631 4082 1669 (rrum-

816 1687 897 1738 nis
938 1697 985 1739 et
1023 1686 1295 1738 doloribus
1327 1686 1680 1752 philosophice
1703 1702 1757 1739 se
1782 1698 1950 1756 gerat,
1983 1689 2292 1757 eximia-que
2319 1690 2403 1741 det
2432 1691 2670 1742 omnibus
2700 1686 2992 1756 exemplum
3017 1686 3335 1742 tolerantiiv.
3374 1688 3492 1756 Ipse
3520 1689 3673 1756 plura
3697 1687 3897 1754 profert
3916 1687 4082 1754 petita

815 1773 849 1807 a
876 1757 1117 1824 profanis
1143 1757 1486 1824 scriptoribus
1515 1757 1788 1824 patientia:
1815 1757 2078 1825 exempla,
2098 1760 2286 1827 quibus
2322 1759 2390 1812 ad
2421 1761 2634 1828 fortiter
2657 1761 2960 1812 tolerandos
2995 1761 3232 1826 corporis
3264 1761 3472 1813 dolores
3501 1761 3708 1812 excitet.

885 1867 959 1924 Εὖ
993 1888 1057 1938 γε
1100 1873 1182 1924 ὅτι
1231 1870 1542 1939 φιλοσοφεῖς
1584 1870 1643 1922 ὲν
1690 1873 1800 1932 τοῖς
1845 1871 2076 1935 πάθεσι,
2130 1874 2224 1925 καὶ
2266 1872 2392 1944 γίνῃ

2573 1873 2834 1928 Gratulor
2875 1877 2996 1939 tibi,
3033 1875 3181 1946 quod
3232 1874 3607 1944 philosophice
3657 1872 3711 1925 in
3758 1871 4076 1925 calamitati-

819 1962 1034 2024 πολλοῖς
1067 1962 1373 2031 ὑπόδειγμα
1407 1961 1509 2030 τῆς
1541 1963 1597 2012 ὲν
1621 1964 1733 2023 τοῖς
1761 1961 2028 2028 ἀλγεινοῖς
2062 1965 2358 2034 καρτερίας
2378 1982 2390 1992 ·
2427 1992 2466 2045 Β
2499 1970 2601 2020 bus
2642 1976 2694 2022 te
2741 1970 2853 2037 geri

2062 1965 2390 2034 καρτερίας·
2427 1992 2466 2045 Β
2499 1970 2601 2020 bus
2642 1976 2694 2022 te
2741 1970 2888 2037 geris
2933 1969 3229 2038 multisque
3282 1967 3582 2021 tolerantia:
3621 1965 3676 2018 in
3719 1964 3885 2017 rebus
3923 1978 4077 2016 acer-

816 2055 912 2109 καὶ
954 2052 1147 2122 ῶσπερ
1183 2052 1277 2104 ἐπὶ
1327 2052 1491 2104 παντὶ
1549 2049 1809 2121 βελτίστῳ
1862 2052 2116 2121 κατεχρῶ
2158 2053 2236 2122 τῷ
2291 2052 2396 2105 σώ-

819 2163 971 2216 ματι,
1009 2143 1177 2214 ἡνίκα
1231 2142 1483 2210 ὑγιεινῶς
1536 2137 1709 2211 εἶχες,
1751 2141 1895 2194 οὕτω
1927 2143 2021 2195 καὶ
2079 2142 2172 2196 νῦν
2221 2143 2396 2215 τούτῳ

814 2237 933 2309 χρῶ
988 2235 1169 2299 καλῶς
1221 2235 1366 2302 (29),
1423 2233 1610 2303 ἐπειδὴ
1665 2250 1727 2301 γε
1774 2232 2016 2296 ἀσθενῶς
2067 2234 2247 2304 εχεις,
2301 2237 2396 2288 και

816 2331 1007 2400 ἀργεῖς
1044 2329 1142 2380 οὐκ
1170 2326 1378 2396 ἀργῶς,
1416 2326 1482 2378 ἵν’
1514 2325 1688 2387 οὕτως
1721 2325 1879 2379 εἴπω.
1917 2325 2232 2394 Φιλοσοφεῖς
2263 2328 2390 2399 γάρ,

814 2421 910 2473 καὶ
965 2421 995 2474 ὃ
1033 2436 1163 2490 φασι
1221 2419 1479 2489 Διογένην
1525 2418 1806 2488 εἰρηκέναι
1847 2419 1978 2470 ποτὲ
2025 2419 2389 2489 πυρέττοντα,

815 2514 907 2564 καὶ
928 2510 1413 2582 διακαρτεροῦντα,
1440 2509 1600 2562 τοῦτο
1629 2510 1722 2562 καὶ
1756 2509 1915 2572 αὐτὸς
1947 2511 2208 2581 παρέχεις
2236 2512 2390 2581 ὁρᾷν,

813 2604 992 2674 ψυχῆς
1035 2603 1213 2674 πάλην
1264 2603 1360 2656 καὶ
1385 2601 1656 2671 σώματος.
1703 2601 1875 2654 Τοῦτο
1910 2601 2120 2673 ἔπρεπε
2162 2602 2242 2673 τῷ
2275 2603 2394 2673 ἐμῷ

813 2695 1110 2765 Φιλαγρίῳ,
1143 2694 1218 2764 μὴ
1253 2692 1669 2764 μαλακίζεσθαι,
1706 2692 1841 2762 μηδὲ
1875 2693 2224 2764 κάμπτεσθαι
2255 2697 2392 2766 πρὸς

813 2788 882 2840 τά
915 2787 1084 2857 πάθη,
1115 2786 1252 2838 ἀλλὰ
1302 2787 1651 2857 περιφρονεῖν
1692 2785 1804 2853 (50)
1840 2785 1930 2837 τὸν
1977 2786 2165 2855 πηλὸν,
2203 2789 2298 2840 καὶ
2332 2788 2393 2838 τὸ

818 2880 916 2948 μὲν
951 2879 1110 2949 σῶμα
1144 2880 1239 2948 ὲᾷν
1281 2879 1511 2947 πάσχειν
1545 2879 1613 2930 τὰ
1649 2877 1866 2940 ἑαυτοῦ,
1910 2878 2127 2942 πάντως
2157 2879 2189 2948 ἢ
2225 2878 2319 2930 νῦν
2356 2880 2388 2949 ῆ

815 2971 1039 3042 ὕστερον
1085 2970 1452 3040 λυθησόμενον
1499 2971 1647 3040 νόμῳ
1679 2969 1894 3039 φύσεως
1934 2971 2242 3040 (οἰχήσεται
2281 2970 2390 3041 γάρ

812 3061 844 3130 ἦ
884 3062 1026 3130 νόσῳ
1067 3061 1274 3130 κάμνον
1299 3063 1432 3130 (31),
1458 3061 1490 3130 ἢ
1521 3061 1733 3131 χρόνῳ)
1756 3078 1770 3091 ⁶
1810 3061 1982 3130 αὐτὴν
2014 3061 2071 3113 δὲ
2125 3059 2260 3129 ὑψοῦ
2292 3060 2392 3132 τὴν

812 3151 986 3222 ψυχὴν
1016 3151 1182 3222 ἔχειν,
1211 3153 1304 3204 καὶ
1329 3151 1466 3221 μετὰ
1496 3151 1630 3206 Θεοῦ
1661 3150 1921 3221 τετάχθαι
1951 3153 2062 3214 τοῖς
2089 3150 2389 3220 λογισμοῖς,

811 3245 1030 3295 κάκεῖνο
1061 3242 1288 3307 εἰδέναι,
1329 3244 1410 3295 ὅτι
1451 3242 1562 3294 τῶν
1590 3242 1807 3295 ἀτόπων
1852 3242 2033 3308 ἐστὶν,
2078 3241 2228 3311 ἡμᾶς
2286 3239 2391 3304 ἔξω

2498 2059 2581 2112 bis
2606 2059 2913 2128 exetnplum
2939 2060 3160 2116 exsistis
3182 2077 3194 2112 :
3219 2056 3746 2128 etquemadmodum
3773 2053 3842 2107 ad
3873 2053 4078 2122 optima

2496 2163 2728 2218 qumque
2779 2163 3014 2218 corpore
3059 2149 3320 2210 utebaris,
3370 2161 3494 2200 eum
3546 2159 3717 2198 sanus
3757 2157 3948 2205 esses,
4002 2142 4076 2195 ita

2497 2253 2641 2291 nunc
2675 2253 2893 2308 quoque
2923 2254 2988 2291 eo
3018 2238 3282 2306 praeclare
3322 2245 3498 2297 utere,
3542 2242 3834 2303 postquam
3874 2232 3928 2284 in
3967 2231 4080 2300 28

2497 2331 2746 2384 morbum
2806 2330 3073 2394 incidisti,
3128 2339 3294 2400 atque
3349 2328 3543 2382 otiaris
3601 2325 3827 2380 minime
3877 2324 4075 2386 otiose,

2496 2428 2555 2473 ut
2599 2422 2671 2473 ita
2722 2423 2932 2490 loquar.
2970 2420 3387 2488 Philosopharis
3437 2418 3606 2481 enim,
3637 2424 3712 2482 et,
3765 2415 3910 2484 quod
3951 2414 4077 2468 Dio-

2494 2529 2686 2582 genem
2741 2515 2871 2566 olim
2921 2513 3129 2566 dixisse
3175 2512 3380 2568 ferunt.
3421 2525 3546 2563 cum
3590 2508 3738 2561 febre
3777 2508 4075 2572 laboraret,

2496 2619 2562 2658 ac
2605 2605 2853 2659 dolorem
2910 2604 3126 2659 fortiter
3179 2603 3466 2673 perferret,
3523 2601 3626 2655 hoc
3687 2600 3804 2670 ipse
3858 2614 4078 2668 quoque

2494 2698 2735 2765 pratbes,
2781 2697 3040 2751 nimirum
3090 2697 3289 2750 anima:
3331 2703 3387 2750 et
3423 2695 3672 2762 corporis
3727 2691 4076 2746 colluctatio-

2494 2803 2639 2842 nem.
2708 2787 2821 2842 Hoc
2883 2789 3099 2843 scilicet
3164 2786 3502 2856 Philagrium
3572 2799 3751 2838 meum
3825 2781 4074 2846 decebat,

2494 2895 2688 2950 nempe
2732 2898 2840 2935 non
2880 2881 3138 2943 emolliri,
3173 2895 3274 2933 nec
3300 2878 3586 2932 doloribus
3611 2876 3809 2944 frangi,
3847 2874 3942 2928 sed
3990 2873 4075 2927 ln-

2493 2977 2609 3022 tum
2638 2982 3008 3030 contenmere,
3042 2985 3106 3024 ac
3137 2983 3340 3038 corpus
3370 2965 3592 3037 quidem
3623 2965 3807 3018 sinere
3841 2979 3903 3017 ea
3937 2965 4071 3032 pati,

2494 3079 2614 3132 qlia:
2651 3063 2821 3132 ipsius
2858 3071 3052 3116 natura
3096 3061 3221 3124 fert,
3270 3068 3481 3114 naturas
3524 3060 3640 3128 lege
3688 3056 3939 3118 omnino,
3989 3055 4073 3108 vel

2494 3171 2661 3220 nunc,
2704 3156 2784 3209 vel
2837 3162 3022 3224 postea
3054 3153 3398 3223 dilapsurum
3431 3171 3443 3205 :
3477 3150 3747 3220 (interibit
3773 3147 3943 3211 enim,
3987 3149 4072 3201 vel

2495 3248 2708 3311 morbo,
2744 3247 2827 3300 vel
2872 3255 3160 3301 senectute
3196 3245 3506 3298 confectum
3534 3242 3576 3305 ;)
3624 3256 3844 3296 sursum
3891 3245 4074 3292 autem

813 3338 912 3406 μὲν
951 3337 1211 3391 κινδύνων
1268 3337 1577 3406 φιλοσοφεῖν
1610 3336 1754 3403 ιὸὲ),
1805 3337 1865 3388 ὲν
1908 3336 1966 3388 δὲ
2017 3336 2138 3396 ταῖς
2180 3333 2390 3402 χρείαις
2416 3346 2457 3400 (ς
2490 3339 2729 3392 animum
2792 3340 2854 3391 lia

2020 3336 2138 3396 ταῖς
2180 3333 2457 3402 χρείαιςρ
2490 3339 2729 3392 animam
2792 3340 3015 3397 habere.
3070 3352 3134 3391 ac
3190 3352 3283 3406 per
3337 3334 3706 3403 cogitationes
3775 3346 3903 3386 cum
3953 3329 4061 3384 Deo

807 3425 1168 3494 ἀφιλοσόφους
1208 3425 1516 3494 φαίνεσθαι,
1551 3427 1645 3477 καὶ
1678 3424 2062 3493 διαψεύδεσθαι
2107 3425 2208 3494 τὴν
2256 3426 2387 3478 ὑπό-

811 3532 1014 3584 σχεσιν.

2493 3430 2788 3498 conjungi,
2848 3430 3091 3499 illudque
3139 3429 3364 3482 minime
3417 3429 3700 3496 ignorare,
3765 3423 4069 3478 absurdum

2495 3534 2557 3572 ae
2608 3529 3000 3588 przeposterum
3052 3535 3178 3573 esse
3253 3534 3354 3574 nos
3414 3529 3571 3574 extra
3645 3517 3889 3587 pericula
3947 3513 4071 3584 phi~

811 3609 1122 3678 losophari,
1174 3618 1423 3679 tempore
1477 3619 1658 3662 autem
1715 3604 1769 3659 id
1804 3605 2114 3675 postulante
2161 3605 2521 3679 philosophiae
2572 3621 2826 3682 expertes
2882 3627 3169 3682 apparere,
3209 3627 3311 3665 nec
3357 3610 3505 3681 quod
3555 3611 3896 3679 profitemur,
3929 3623 4068 3677 pra:-

808 3709 889 3754 Sta
900 3716 977 3752 re.

878 3794 1063 3846 Πάντα
1103 3790 1335 3861 ἐπῆλθες
1357 3789 1558 3859 δηλαδὴ
1595 3791 1660 3860 τῇ
1705 3790 1946 3860 διανοίᾳ,
1983 3791 2086 3844 ὅσα
2120 3792 2384 3864 ἡμέτερα,

808 3889 906 3940 ὅσα
949 3884 1228 3954 ἀλλότρια,
1259 3883 1336 3944 ὡς
1377 3882 1518 3952 ἀνὴρ
1554 3883 1662 3952 (55)
1696 3882 2133 3953 πεπαιδευμένος
2176 3887 2234 3936 ὲν
2277 3886 2386 3955 ἁμ-

806 3981 1084 4051 φοτὲροις,
1135 3978 1230 4029 καὶ
1276 3976 1572 4046 παιδευτὴς
1627 3975 1830 4029 ἀλλων·
1897 3977 1992 4030 καὶ
2038 3978 2103 4028 ὲκ
2167 3978 2387 4030 πάντων

806 4072 1018 4143 σεαυτῷ
1047 4068 1314 4133 συνελέξω
1343 4069 1405 4122 τὸ
1436 4069 1536 4138 τῆς
1567 4069 1880 4141 ἀνθρωπίας
1926 4069 2216 4141 φάρμακον
2249 4070 2384 4137 (54).

808 4165 925 4216 Ἵνα
950 4162 1007 4214 δέ
1043 4177 1125 4213 σοι
1171 4157 1330 4226 κάγὼ
1372 4157 1837 4229 συμφιλοσοφήσω
1885 4159 2102 4229 μικῴν,
2136 4160 2184 4210 εἰ
2229 4159 2388 4212 τοῦτο

805 4253 1077 4316 κελεύεις,
1111 4252 1211 4304 οὐκ
1252 4249 1462 4303 ἐπαινῶ
1507 4249 1602 4301 τοῦ
1645 4249 2048 4320 Ἀριστοτέλους
2089 4250 2151 4302 τὸ
2195 4267 2388 4321 μικρο-

804 4347 980 4414 λόγον,
1021 4345 1079 4408 ὃς
1111 4345 1210 4414 τὴν
1251 4342 1598 4414 εὐδαιμονίαν
1642 4345 1776 4414 ἡμῖν
1812 4341 2131 4413 ὁριζόμενος
2156 4383 2171 4407 ν
2227 4345 2390 4414 μέχρι

808 4437 906 4508 μέν
954 4453 1099 4498 τινος
1149 4433 1420 4505 προῆλθεν
1465 4433 1670 4502 ὀρθῶς,
1722 4432 1898 4502 ψυχῆς
1942 4434 2222 4502 ἐνέργειαν
2269 4434 2388 4485 κατ’

805 4527 1006 4600 ἀρετὴν
1035 4527 1147 4594 (55)
1184 4521 1324 4577 εἶναι
1353 4523 1559 4594 ταύτην
1593 4523 2016 4592 ἀποφηνάμενος
2039 4539 2051 4552 ·
2087 4524 2181 4576 καὶ
2219 4541 2388 4594 προσ-

2558 3791 2753 3848 Omnia
2803 3792 3022 3862 quidem
3071 3792 3258 3845 animo
3310 3791 3649 3862 pervolvisti,
3718 3799 3828 3844 tam
3880 3801 4069 3847 nostra

2489 3899 2652 3952 quam
2685 3892 2969 3944 extranea,
2998 3891 3184 3951 utpote
3211 3884 3293 3936 vir
3336 3885 3390 3936 in
3433 3883 3685 3951 utrisque
3713 3883 3986 3950 eruditus,
4016 3896 4071 3940 et

2487 3972 2724 4026 aliorum
2777 3981 3127 4042 praeceptor;
3189 3982 3355 4042 atque
3406 3973 3768 4027 humanitatis
3813 3975 4070 4043 pharma-

2489 4080 2613 4117 cmn
2667 4066 2760 4118 tibi
2817 4067 2933 4134 ipse
2981 4081 3048 4119 ex
3099 4067 3357 4121 omnibus
3406 4066 3700 4135 collegisti.
3754 4065 3953 4121 Verum
4010 4081 4069 4123 ut

2489 4165 2692 4218 tecum,
2729 4157 2775 4212 si
2817 4160 2890 4211 ita
2929 4158 3111 4228 jubcs,
3160 4157 3411 4210 nonnihil
3448 4158 3821 4228 philosopher,
3858 4161 4069 4216 Aristo.

2489 4249 2614 4303 telis
2667 4249 3012 4318 jejunitatem
3069 4266 3180 4304 non
3253 4251 3460 4318 probo,
3517 4251 3612 4319 qui
3670 4251 4066 4308 beatitudinem

2489 4341 2650 4396 nobis
2679 4342 2980 4404 definiens,
3024 4342 3262 4412 quodam
3307 4352 3470 4395 tenus
3495 4342 3715 4410 quidem
3750 4351 3898 4397 recte
3935 4359 4063 4413 pro—

2490 4449 2713 4502 gressus
2768 4441 2872 4496 est,
2925 4450 3120 4503 nempe
3175 4434 3369 4487 anima:
3426 4435 3697 4488 actionem
3755 4435 4061 4490 secundum

2490 4523 2744 4576 virtutem
2788 4540 2910 4578 esse
2964 4525 3112 4576 illam
3172 4525 3561 4594 pronuntians,
3618 4523 3960 4594 addensque,
4006 4527 4063 4580 in

805 4620 952 4682 θεὶς,
988 4621 1045 4670 ἐν
1101 4617 1198 4688 βίῳ
1240 4617 1463 4685 τελείῳ,
1519 4615 1615 4667 καὶ
1657 4613 1816 4666 τοῦτο
1865 4615 2009 4686 μάλα
2043 4616 2222 4685 σοφῶς
2246 4658 2261 4680 ,
2295 4618 2384 4671 διά
2417 4610 2456 4664 ῐ)
2489 4615 2598 4667 Vita
2633 4616 2839 4684 perfect

2043 4616 2222 4685 σοφῶς
2246 4658 2261 4680 ,
2295 4618 2384 4671 διὰ
2417 4610 2456 4664 ῐ)
2489 4615 2598 4667 vita
2633 4616 2896 4684 perlecta,
2934 4616 3038 4669 hoc
3063 4632 3283 4687 quoque
3315 4618 3492 4687 ipsum
3525 4617 3817 4670 admodum
3846 4619 4065 4688 sapien-

803 4713 864 4762 τὸ
903 4711 1135 4782 τρεπτὸν
1173 4709 1330 4780 ἡμῶν
1383 4708 1479 4760 καὶ
1537 4707 1960 4776 εὐμετάπτωτον
2013 4710 2109 4779 τῆς
2145 4710 2378 4776 φύσεως.

817 4804 1020 4854 Ἐκεῖνο
1068 4801 1126 4853 δὲ
1171 4801 1272 4852 οὑκ
1318 4799 1398 4851 ἔτι
1443 4796 1906 4868 μεγαλοπρεπῶς,
1953 4799 2090 4850 ἀλλὰ
2126 4803 2219 4852 καὶ
2261 4800 2381 4853 λίαν

802 4892 1106 4955 ταπεινῶς,
1155 4893 1238 4944 ὅτι
1287 4893 1381 4943 καὶ
1429 4891 1528 4960 τὴν
1573 4889 1772 4952 ἔξωθεν
1820 4890 2108 4960 εὐετηρίαν
2157 4892 2382 4961 προστί-

806 4988 990 5056 θησινο
1041 4984 1115 5048 ὡς
1169 4985 1218 5036 εἰ
1277 4982 1431 5052 τύχοι
1472 4980 1639 5050 πένης
1690 4998 1774 5043 τις
1816 4979 1912 5045 ῶν,
1962 4979 2304 5051 ἧνοσώδης,
2348 4982 2380 5053 ἢ

876 5117 989 5185 (9.7)
1032 5117 1171 5168 Οἴου
1193 5115 1282 5185 ,σὺ
1305 5110 1557 5185 χρῄζεις.
1593 5110 1667 5163 Ita
1693 5109 1854 5185 codd.
1888 5110 1996 5164 duo
2025 5110 2192 5181 liegg.
2223 5111 2377 5168 Pass.

803 5181 1040 5241 Montac.
1075 5194 1130 5239 et
1160 5181 1346 5238 Morel.
1381 5185 1438 5236 lu
1474 5183 1563 5235 ed.
1593 5186 1747 5235 deest
1782 5181 1868 5232 σύ.

877 5257 988 5327 (28)
1033 5258 1178 5309 Alias
1211 5252 1390 5328 LXIX.
1428 5252 1639 5328 Scripta
1674 5259 1796 5328 post
1835 5251 2198 5328 superiorem.

873 5321 985 5398 (29)
1028 5328 1222 5398 Τούτῳ
1264 5322 1385 5398 χρῶ
1416 5321 1636 5398 καλῶς.
1693 5325 1771 5398 ita
1809 5321 1932 5398 cod‘.
1987 5321 2134 5398 lleg._
2169 5321 2224 5374 In
2266 5338 2378 5378 uno

805 5390 1002 5470 legitur
1027 5397 1228 5470 χρῆσαι
1261 5390 1436 5462 τούτῳ
1467 5390 1796 5470 καλῶς.“1ἐιξ.
1831 5390 2004 5470 τούτῳ

875 5461 990 5538 (50)
1029 5461 1205 5520 illa
1233 5461 1630 5532 περιφρονεῖν.
1664 5461 1797 5514 Cod.
1841 5461 1998 5516 Pass.
2030 5461 2167 5514 ἀλλά
2205 5479 2377 5516 κατα-

807 5555 844 5590 ω
853 5554 970 5590 οονε
980 5557 1025 5589 ιν
1034 5577 1046 5588 .

820 5556 844 5590 ο
883 5556 1046 5589 ονειν.

820 5593 832 5605 ⁸
853 5556 990 5676 ἤδη
1028 5607 1203 5670 Νόσῳ
1228 5603 1478 5676 κάμνον.
1509 5602 1642 5656 Cod.
1680 5600 1811 5670 llcg.
1844 5602 1982 5676 νόσῳ
2009 5602 2202 5676 κάμόν.
2232 5602 2376 5666 Mox,

805 5673 980 5748 αὐτὴν
1013 5677 1068 5730 δὲ
1099 5675 1258 5744 ὑψοῦ.
1291 5677 1458 5742 ipsum
1500 5690 1616 5726 vero
1647 5689 1858 5725 sursum
1889 5673 2122 5724 animum
2167 5673 2376 5729 habere.

817 5747 983 5815 Teos
1015 5747 1332 5800 adverbium
1357 5752 1460 5815 est.

878 5812 988 5884 (32)
1029 5816 1204 5884 Ἡμεῖς
1229 5815 1344 5876 ἔξω
1377 5814 1492 5878 μὲν
1527 5812 1825 5865 κινδύνων
1853 5812 2231 5884 φιλοσοφεῖν.
2271 5813 2378 5865 Cu-

805 5883 1052 5944 bernator
1083 5883 1135 5939 in
1183 5892 1483 5954 tempestate
1535 5884 1894 5948 dignoscitur.
1935 5883 2105 5952 inquit
2142 5883 2376 5953 Cypria-

2483 4712 2589 4768 ter,
2620 4716 2840 4776 propter
2871 4709 3189 4763 mutabilem
3234 4710 3503 4778 facileque
3546 4711 3600 4762 in
3652 4709 3929 4762 diversum
3980 4710 4062 4763 la-

2483 4798 2697 4854 bentem
2741 4808 2951 4853 natura:
2997 4809 3197 4855 nostrae
3243 4802 3635 4855 conditionem.
3669 4801 3739 4854 At
3782 4802 3913 4856 illud
3954 4819 4062 4857 non

2479 4891 2590 4960 jam
2653 4893 2959 4961 magnifice,
3010 4895 3103 4948 sed
3159 4912 3422 4965 perquam
3471 4893 3693 4949 sordide
3732 4902 3786 4947 et
3828 4894 4062 4963 abjecte,

2483 4983 2627 5054 quod
2687 4995 2970 5038 externam
3052 5003 3268 5056 quoque
3333 4989 3597 5041 bonorum
3668 4986 4061 5039 abundantiam

2482 5128 2809 5186 nus,_serm.
2853 5130 2904 5166 Iv
2939 5116 3012 5170 De
3040 5119 3387 5178 mortalitate.
3424 5119 3477 5170 in
3511 5119 3624 5171 acie
3676 5120 3828 5172 miles
3867 5120 4059 5186 proba-

2483 5181 2862 5256 tnr._l)elicata
2887 5186 3119 5252 jactatio
3149 5199 3253 5250 est,
3287 5205 3413 5242 cum
3447 5189 3750 5256 peri-culum
3789 5181 3896 5242 non
3929 5199 4014 5243 est
4041 5211 4053 5244 :

2481 5253 2818 5377 {Bonllietatio
2857 5258 2908 5308 in
2950 5258 3200 5312 adversis
3243 5253 3495 5328 probatio
3516 5268 3600 5312 est
3632 5260 3899 5314 veritatis.
3932 5259 4058 5313 lla-e

2529 5342 2633 5377 ILL.

2529 5342 2633 5378 ILL.

2551 5397 2662 5462 (53)
2707 5399 2806 5463 Ὠς
2835 5396 3010 5463 ἀνὴρ.
3045 5397 3120 5448 ita
3158 5395 3282 5449 eod.
3333 5393 3466 5465 lleg.
3502 5395 3737 5450 Montac.
3769 5405 3823 5450 et
3863 5397 4052 5453 Morel.

2482 5465 2618 5519 Male
2642 5469 2771 5521 editi
2807 5470 2927 5519 ὅσα.

2551 5536 2659 5608 (54)
2706 5537 2820 5604 Τῆς
2849 5535 3186 5603 ἀνθρωπείας
3224 5533 3560 5608 φάρμακον.
3593 5534 3837 5590 Combef.
3866 5537 3927 5587 τὸ
3959 5538 4058 5604 τῆς

2478 5609 2633 5668 ἀνίας
2673 5608 2986 5677 φάρμακον,
3020 5608 3257 5677 ιιιωνοτὶε
3297 5607 3680 5674 pharmacum;
3733 5622 3854 5674 (luat
3894 5608 4056 5660 iCCllt)

2481 5677 2582 5746 ipsi
2609 5677 2823 5730 videtur
2855 5676 3164 5746 commoda.

2550 5748 2661 5813 (33)
2710 5747 2919 5813 Ψυχῆς
2962 5745 3264 5814 ἐνέργειαν
3307 5746 3426 5796 κη’
3481 5743 3728 5812 ἀρετήν.
3780 5744 3856 5797 ita
3908 5746 4053 5798 enim

2479 5817 2868 5881 beatitudinem
2915 5816 3101 5871 definit
3162 5817 3500 5875 Aristotcles,
3552 5818 3646 5868 lib.
3691 5831 3708 5868 ι
3761 5814 3936 5868 Ethic.
3980 5819 4051 5870 ad

2487 5887 2886 5942 Nicomachum.
