4358 6480
659 420 719 476 7i
1865 413 1923 469 ὃ.
1966 413 2297 472 GliEGOllll
2335 416 2686 475 TilEOLOGl
3879 422 3949 480 73

657 525 914 602 adiunxit
942 547 959 597 ;
999 532 1073 584 ita
1110 537 1170 584 ut
1205 529 1254 585 si
1303 529 1432 599 quis
1458 527 1620 600 inops
1656 537 1748 593 snt,
1779 537 1876 583 aut
1910 530 2258 586 valetudina-
2286 541 2331 598 Α
2361 534 2378 587 ί

2225 561 2258 583 ι-
2286 541 2331 598 Α
2361 534 2660 607 δυσγενὴς,
2720 536 2754 607 ἢ
2811 537 3192 608 φυγόπατρις,
3234 538 3388 609 παρᾶ
3436 535 3596 591 τοῦτο
3643 536 3792 610 αὐτῷ
3844 542 3946 613 τῆς

657 626 798 686 rius,
854 631 950 677 aut
992 623 1233 678 obscuro
1282 638 1504 693 genere,
1551 629 1647 675 aut
1685 636 1716 674 a
1764 622 1941 692 patria
1983 624 2244 690 extorris,

656 725 949 788 propterea
994 714 1112 783 ipse
1141 729 1171 767 a
1220 714 1562 769 beatitmline
1601 724 1877 770 arceatur.
1914 715 1985 769 At
2033 715 2247 770 Stoico-

656 824 781 864 rmn
832 808 1001 864 animi
1050 808 1485 880 magnitudinem
1531 822 1597 863 ac
1638 808 2016 879 praestantiam
2057 808 2245 876 laudo,

655 903 752 973 qui
793 917 881 956 res
913 910 1172 956 externas
1214 901 1430 954 nullum
1474 900 1543 956 ad
1582 900 1975 957 beatitudinem
2018 900 2249 971 impedi-

656 1002 904 1049 mentum
948 992 1145 1047 atfcrre
1186 991 1403 1056 dicunt,
1439 993 1532 1048 sed
1568 992 1746 1047 virum
1784 993 1989 1048 bonmn
2024 992 2247 1048 beatum

654 1099 801 1148 esse,
839 1084 1055 1139 etiamsi
1088 1084 1144 1138 in
1181 1081 1493 1139 Phalaridis
1532 1092 1694 1138 tauro
1721 1094 2019 1140 cremetur.

724 1175 810 1231 0h
839 1191 1072 1246 eamque
1120 1191 1347 1230 causam
1391 1192 1500 1229 non
1556 1191 1655 1230 eos
1712 1184 1928 1229 tantum
1979 1174 2245 1241 admiror,

654 1271 747 1341 qui
778 1271 921 1340 apud
962 1285 1064 1324 nos
1108 1285 1209 1339 pro
1247 1270 1452 1323 virtute
1494 1270 1757 1339 periculis
1804 1285 1864 1323 sc
1903 1269 2244 1332 obtulerunt,

652 1360 1164 1415 aut.calamitatem
1214 1358 1431 1412 fortiter
1473 1360 1765 1421 tulerunt,
1828 1360 1923 1414 sed
1986 1368 2248 1414 externos

652 1452 841 1514 etiam,
878 1452 970 1521 qui
1011 1450 1221 1505 similes
1250 1465 1443 1504 eorum
1485 1455 1840 1517 exstiterunt,
1863 1450 2015 1505 verbi
2046 1450 2247 1521 gratia,

654 1543 1039 1597 Anaxarchum
1086 1542 1266 1607 illum,
1315 1542 1665 1612 Epictetum,
1712 1543 2020 1605 Socratem,
2071 1550 2127 1595 nt
2179 1555 2248 1596 ne

654 1638 843 1707 plures
882 1650 1201 1690 recenseam
1264 1654 1275 1687 :
1326 1650 1564 1702 quorum
1613 1635 1845 1704 primus,
1879 1649 2005 1688 cum
2050 1648 2248 1689 manus

654 1727 853 1796 ipsius,
907 1732 1146 1795 tyranno
1200 1725 1275 1777 ita
1331 1723 1660 1794 imperante,
1710 1724 1767 1778 in
1810 1723 2079 1777 mortario
2119 1738 2250 1778 cun-

653 1818 1044 1880 tunderentur,
1106 1819 1402 1873 carnifices
1467 1818 1785 1872 Anaxarchi
1852 1817 1966 1888 29
2023 1818 2246 1872 culeum

2357 628 2710 700 εὐδαιμονίας
2742 629 3118 702 κωλυομένης.
3170 627 3413 683 Ἐπαινῶ
3439 629 3497 683 δὲ
3536 629 3647 682 τῶν
3689 631 3803 685 ἀπὸ
3846 633 3947 703 τῆς

2355 721 2528 785 Στοᾶς
2581 721 2644 775 τὸ
2698 723 2945 778 νεανικόν
2992 740 3051 778 τε
3101 723 3196 778 καὶ
3248 723 3581 794 μεγαλόνουν
3606 761 3623 786 ,
3677 723 3727 777 οἳ
3780 724 3946 796 μηδὲν

2356 813 2587 867 κωλύειν
2635 816 2772 885 φασὶ
2818 815 2956 888 πρὸς
3007 816 3353 887 εὐδαιμονίαν
3408 814 3482 870 τὰ
3536 815 3769 883 ἔξωθεν,
3829 818 3944 872 ἀλλ’

2355 900 2493 959 εἶναι
2548 907 2641 961 τὸν
2694 909 2985 963 σπουδαῖον
3040 909 3312 982 μακάριον
3330 948 3347 975 ,
3400 909 3506 964 κᾶν
3569 909 3600 962 6
3645 908 3943 983 Φαλάριδος

2353 997 2554 1073 ταῦρος
2583 1001 2685 1074 ἔχῃ
2714 1002 3028 1073 καιόμενον.

2426 1179 2539 1234 Καὶ
2592 1180 2683 1234 διὰ
2747 1178 2900 1233 τοῦτο
2947 1178 3215 1250 θαυμάζω
3275 1181 3375 1251 μὲν
3428 1183 3556 1247 τούς
3616 1183 3748 1255 παρ’
3808 1182 3935 1253 ἡμίν

2356 1270 2496 1342 ὑπὲρ
2550 1269 2645 1324 τοῦ
2694 1270 2864 1325 καλοῦ
2909 1271 3398 1335 κινδυνεύσαντας.
3448 1274 3482 1344 ἢ
3523 1274 3810 1351 συμφορὰν
3865 1273 3942 1326 διο

2357 1363 2682 1431 ενεγκόντας
2714 1362 3010 1427 νεανικῶς·
3053 1362 3322 1432 θαυμάζω
3352 1363 3410 1416 δὲ
3445 1365 3537 1416 καὶ
3586 1365 3694 1417 τῶν
3742 1362 3942 1428 ἔξωθεν

2353 1453 2482 1517 τούς
2536 1451 2746 1517 τούτοις
2818 1452 3243 1525 παραπλησίους
3271 1495 3285 1518 ,
3352 1451 3465 1507 οἷον
3521 1455 3615 1507 τὸν
3685 1455 3944 1526 Ἀνάξαρ-

2356 1560 2449 1615 χον
2493 1543 2607 1609 (56)
2648 1545 2890 1608 ἐκεῖνον,
2940 1544 3033 1597 τὸν
3075 1542 3440 1614 Ἐπίκτητοῃ
3488 1544 3579 1598 τὸν
3622 1545 3938 1615 Σωκράτην,

2356 1635 2444 1689 ἵνα
2481 1637 2557 1707 μὴ
2606 1636 2753 1705 λέγω
2799 1636 3060 1701 πολλούς’
3108 1630 3184 1689 ὧν
3216 1638 3245 1689 6
3297 1636 3397 1706 μὲν
3445 1638 3503 1689 ἐν
3544 1637 3695 1708 ὅλμῳ
3745 1653 3941 1689 κοπτο-

2358 1727 2538 1798 μένων
2583 1727 2752 1782 αὐτοῦ
2785 1727 2894 1781 τῶν
2936 1727 3139 1799 χειρῶν
3158 1767 3173 1790 ,
3208 1727 3353 1782 οὐτω
3392 1726 3486 1782 τοῦ
3537 1728 3802 1799 τυράννου
3846 1745 3942 1782 κε·-

2354 1818 2630 1883 λεύοντος,
2666 1820 2917 1874 πτίσσειν
2962 1820 3055 1873 τὸν
3110 1821 3447 1890 ’Λναξάρχου
3486 1821 3720 1875 θύλακον
3760 1821 3940 1875 διεκε-

653 1910 892 1965 tnndere
938 1909 1173 1978 jubehat
1232 1908 1331 1980 (ita
1381 1907 1639 1964 videlicet
1694 1908 1838 1961 hanc
1884 1921 2254 1961 aerumnosam
2287 1910 2374 1970 Β)

2218 1922 2254 1960 n
2287 1910 2330 1970 Β
2357 1910 2545 1965 λεύετο
2577 1914 2691 1975 τοῖς
2726 1910 3096 1983 βασανισταῖς.
3120 1912 3187 1965 Τί
3212 1913 3371 1966 τοῦτο
3402 1911 3575 1981 λέγων
3601 1929 3615 1977 ;
3645 1913 3705 1966 τὸ
3732 1913 3939 1984 μοχθη-

653 2003 1012 2057 carunculam
1070 2000 1419 2070 appellans),
1489 2000 1647 2070 quasi
1715 1999 2075 2054 Anaxarchus
2136 1998 2253 2069 ipse

654 2095 882 2150 minime
954 2093 1303 2159 tunderetur,
1377 2092 1483 2146 hoc
1552 2102 1656 2154 est,
1744 2091 2060 2162 philosOphi
2132 2089 2256 2146 ani-

654 2201 743 2240 ma
802 2204 818 2241 :
872 2184 1021 2255 quod
1065 2184 1289 2253 quidem
1322 2175 1482 2252 ὀριιά
1530 2197 1632 2236 nos
1677 2191 1943 2236 externus
1991 2182 2155 2234 homo
2195 2184 2254 2233 et

655 2279 908 2333 internus
940 2278 1268 2348 appellatur.
1319 2276 1493 2339 Alter,
1527 2290 1653 2328 cum
1699 2287 1831 2326 crus
1874 2272 1976 2342 ipsi
2012 2272 2253 2342 stringe—

655 2382 815 2427 retur
863 2386 927 2425 ac
967 2372 1431 2439 distorqueretur,
1486 2366 1637 2422 Velut
1687 2366 1742 2420 in
1791 2365 1974 2419 alieno
2016 2378 2253 2433 corpore

657 2463 1177 2536 philosophabatur,
1232 2462 1513 2531 citiusque
1559 2474 1691 2514 crus
1744 2456 2081 2528 perfractum
2125 2471 2252 2513 esse

652 2559 836 2614 visum
897 2566 1021 2619 est,
1071 2571 1234 2626 quam
1283 2557 1402 2625 ipse
1443 2553 1553 2608 vim
1614 2551 1826 2606 doloris
1881 2550 2249 2621 persensisse.

656 2653 915 2707 Socrates
967 2651 1208 2720 denique
1280 2651 1351 2703 ab
1410 2646 1844 2702 Atheniensibus
1895 2646 1964 2700 ad
2017 2654 2249 2701 mortem

655 2745 973 2805 damnatus,
1009 2756 1423 2811 carccremque,
1449 2803 1455 2812 _
1479 2748 1540 2792 ut
1589 2739 1724 2800 scis,
1771 2738 2022 2792 incolens
2045 2776 2061 2801 ,
2094 2738 2251 2808 prius

653 2835 876 2907 quidem
914 2835 983 2891 de
1015 2849 1272 2905 corpore,
1305 2840 1570 2903 tanquam
1601 2830 1669 2885 de
1701 2830 1811 2885 alio
1842 2844 2088 2895 carcere,
2120 2844 2249 2884 cum

656 2929 947 3000 discipulis
985 2926 1293 2982 disserebat
1325 2941 1340 2989 ;
1373 2939 1615 2993 cumque
1646 2922 1830 2993 fugam
1864 2923 2003 2977 inire
2033 2923 2248 2985 liceret,

660 3018 715 3073 id
744 3019 923 3074 facere
955 3017 1232 3073 recusavit
1264 3034 1277 3069 :
1314 3023 1609 3086 postquam
1635 3023 1822 3069 autem
1846 3015 2032 3069 cicuta
2060 3015 2249 3069 oblata

651 3120 773 3174 est,
810 3111 1148 3182 perlibenter
1186 3111 1432 3180 accepit.
1481 3106 1711 3177 perinde
1770 3121 1835 3161 ac
1907 3121 2018 3161 non
2088 3106 2250 3160 letale

652 3205 910 3276 poculum
954 3203 1249 3273 acciperet,
1294 3200 1390 3256 sed
1429 3197 1778 3270 prapinando
1808 3197 2021 3253 amicos
2049 3196 2116 3251 ad
2151 3212 2250 3267 po-

2356 2002 2451 2073 ρὸν
2481 2001 2641 2073 ἡμῶν
2664 2001 2908 2072 ,σαρκίον
2932 2019 2947 2033 ·
2992 2001 3070 2066 ὼς
3120 2002 3453 2074 Ἀναξάρχου
3493 2020 3557 2072 γε
3600 2004 3663 2056 οὐ
3716 2020 3940 2058 πτισσο-

2355 2094 2540 2164 μένου,
2575 2094 2675 2164 τῆς
2709 2093 3008 2163 φιλοσόφου
3054 2092 3267 2164 ψυχῆς
3326 2095 3467 2166 ὅπερ
3503 2096 3636 2165 ἡμῖν
3666 2097 3696 2149 6
3743 2095 3895 2160 ἐντὸς
3918 2137 3935 2161 ,

2351 2186 2446 2239 καὶ
2485 2188 2515 2239 ὁ
2566 2185 2725 2249 ἐκτὸς
2780 2185 3071 2256 ἄνθρωπος
3100 2186 3216 2257 (57)
3273 2185 3622 2258 ὀνομάζεται.
3680 2188 3739 2240 '0
3782 2188 3840 2241 δὲ
3878 2189 3941 2241 τὸ

2352 2279 2547 2343 σκέλος
2593 2279 3053 2349 κατατεινόμενος
3089 2280 3187 2332 καὶ
3225 2279 3657 2351 στρεϐλούμενος
3686 2280 3799 2351 (58)
3828 2282 3943 2349 ἐφι-

2351 2368 2571 2440 λοσόφει
2599 2369 2791 2443 ὥσπερ
2815 2371 2877 2424 ὲν
2915 2370 3185 2443 ἀλλοτρίῳ
3221 2370 3302 2441 τῷ
3341 2369 3556 2440 σώματι
3575 2388 3590 2402 ·
3620 2371 3717 2425 καὶ
3745 2370 3941 2431 θᾶττον

2350 2466 2688 2535 κατεαγῆναι
2734 2463 2797 2516 τὸ
2841 2463 3071 2529 σκέλος,
3111 2464 3146 2535 ἢ
3197 2462 3625 2517 ὲπαισθάνεσθαι
3668 2463 3770 2533 τῆς
3818 2463 3941 2534 βίας

2350 2554 2519 2622 εδοξε.
2565 2554 2865 2627 Σωκράτης
2919 2554 2979 2608 δὲ
3018 2555 3111 2607 τὸν
3170 2554 3404 2610 θάνατον
3456 2554 3564 2609 ὐπὸ
3639 2554 3939 2627 Ἀθηναίων

2351 2646 2729 2717 κατακριθεὶς,
2761 2646 2860 2720 καὶ
2895 2645 3085 2710 οἰκῶν,
3115 2644 3192 2709 ὡς
3234 2642 3413 2708 οἶσθα,
3447 2646 3512 2699 τὸ
3542 2645 3938 2717 δεσμωτήριον,

2349 2739 2489 2802 τέως
2521 2739 2643 2809 μὲν,
2666 2738 2751 2801 ὡς
2773 2737 2916 2808 ὑπὲρ
2948 2736 3109 2791 ἄλλου
3148 2735 3529 2807 δεσμωτηρίου
3562 2735 3659 2790 τοῦ
3688 2734 3941 2807 σώματος

2349 2833 2465 2894 τοῖς
2522 2830 2794 2902 μαθηταῖς
2849 2830 3121 2900 διελέγετο
3145 2869 3161 2894 ,
3215 2831 3313 2885 καὶ
3369 2832 3564 2899 φυγεῖν
3615 2830 3771 2897 ἐξὸν,
3828 2832 3940 2884 ἀπο

2350 2923 2585 2993 ηξίωσεν
2606 2940 2621 2953 ’
2659 2923 2849 2994 ἐπειδὴ
2875 2924 2933 2976 δὲ
2958 2921 3305 2995 προσηνέχθη
3339 2922 3401 2976 τὸ
3439 2921 3688 2981 κώνειον.
3724 2922 3939 2992 δέχεται

2353 3015 2500 3086 μάλα
2519 3015 2693 3087 ἡδέως
2722 3016 2860 3086 (59),
2888 3015 3080 3089 ὥσπερ
3118 3016 3220 3069 οὐκ
3246 3016 3342 3069 ἐπ)⁸
3379 3014 3600 3085 θανάτῳ
3621 3014 3936 3085 δεχόμενος,

2348 3105 2486 3159 ἀλλὰ
2514 3106 2835 3178 φιλοτησίας
2861 3107 3625 3180 προπινόμενος.Προσέοηκα
3650 3106 3695 3159 δ’
3724 3105 3793 3159 ἂν
3813 3104 3940 3158 τού-

2348 3214 2464 3262 τοις
2482 3198 2580 3252 καὶ
2607 3198 2730 3252 ’1ὼῦ
2752 3199 2845 3253 τὸν
2861 3200 3030 3270 ήμέτε
3040 3216 3155 3272 ρον,
3172 3201 3222 3254 εί
3253 3201 3327 3271 μή
3348 3218 3409 3254 σε
3425 3201 3576 3272 ⁴ᾔδειν
3597 3200 3789 3271 πόρρω
3826 3196 3941 3251 τῶν

654 3296 883 3351 tandum
953 3293 1235 3349 invitaret.
1300 3290 1397 3347 llis
1444 3288 1642 3345 Jobum
1712 3303 1935 3360 quoque
1992 3279 2313 3341 nostrith
2351 3288 2375 3359 ί.

2213 3300 2242 3340 n
2270 3279 2313 3335 (ἒ
2351 3287 2464 3360 (60)
2488 3290 2701 3344 ἐκείνου
2723 3290 2933 3355 παθῶν,
2961 3291 3059 3344 καὶ⁹
3074 3291 3206 3344 ὅντα
3237 3293 3336 3346 σὺν
3365 3291 3506 3362 Θεῷ,
3538 3291 3631 3345 καί
3657 3293 3934 3360 ἐσόμενον.

652 3388 980 3457 adiecissem
1010 3425 1026 3453 ,
1088 3386 1198 3441 nisi
1270 3393 1321 3440 te
1379 3383 1580 3439 scirem
1636 3382 1705 3437 ab
1752 3382 1875 3452 ejus
1928 3380 2216 3436 doloribus
2241 3417 2258 3445 ,
2305 3379 2419 3438 Dco
2469 3384 2798 3453 opitulante,
2844 3382 3006 3455 longe
3054 3396 3335 3459 remotum
3377 3399 3525 3451 esse,
3555 3390 3722 3453 atque
3770 3381 3938 3436 etiam

650 3478 791 3535 fore.

725 3571 825 3626 liis
853 3568 1163 3624 rationibus
1198 3566 1437 3637 teipsum
1466 3566 1709 3620 mulcere
1744 3563 1878 3619 mihi
1911 3563 2137 3627 videris,
2162 3562 2251 3617 vir

650 3664 839 3719 divine
863 3669 920 3718 et
947 3668 1325 3724 sacrosancte,
1354 3666 1523 3729 atque
1554 3657 1697 3712 hanc
1737 3657 2064 3711 medicinam
2097 3655 2252 3710 adbi-

651 3756 812 3821 bens,
844 3763 961 3809 tum
1004 3754 1123 3823 ipse
1155 3753 1356 3815 levius,
1391 3759 1451 3805 nt
1493 3766 1639 3814 reor,
1674 3749 1968 3803 habiturus
2007 3764 2089 3811 es,
2131 3756 2247 3802 tum

652 3864 755 3904 nos
783 3848 949 3903 etiam
983 3846 1208 3901 laudum
1241 3855 1459 3898 tuarum
1493 3856 1777 3913 pramones
1815 3848 1869 3895 et
1903 3840 2117 3895 amicos
2148 3855 2249 3892 vn-

652 3940 861 4009 luptate
902 3938 1141 4000 aliieies;
1177 3937 1438 3990 nimirum
1480 3934 1719 4003 teipsum
1770 3931 1845 3985 ita
1894 3943 2245 4000 comparans,

652 4037 713 4083 nt
747 4044 849 4084 nec
882 4028 1076 4083 morbo
1102 4026 1431 4087 debiliteris,
1469 4039 1591 4090 nec,
1618 4021 1766 4094 quod
1793 4024 1871 4075 ait
1909 4021 2076 4074 David
2099 4027 2143 4086 τ,
2174 4021 2247 4075 ob

651 4126 1001 4189 peccatorum
1038 4132 1251 4188 pacem,
1285 4129 1589 4185 eorumque
1638 4114 1694 4168 in
1747 4113 1850 4167 bac
1885 4111 1993 4166 vita
2030 4111 2244 4166 felicem

652 4222 834 4261 rerum
885 4221 1114 4260 cursum
1168 4204 1467 4259 otfeudaris
1517 4223 1529 4257 :
1574 4203 1710 4273 quin
1756 4203 1942 4273 potius
1993 4202 2244 4272 purgcris

651 4300 717 4367 (si
748 4300 853 4353 hoc
879 4299 1047 4354 verbo
1078 4298 1133 4352 in
1166 4306 1219 4352 te
1249 4298 1326 4350 uti
1352 4297 1435 4351 fas
1474 4296 1606 4367 est),
1636 4304 1801 4366 atque
1839 4294 2240 4359 inﬁrmitatem,

650 4391 869 4447 virtutis
903 4391 1187 4444 materiam
1221 4389 1527 4444 existimes.

718 4549 739 4580 ⁷
766 4548 913 4605 Psal.
951 4563 1127 4613 ιιιίιι,
1160 4547 1219 4613 2,
1248 4548 1303 4603 5.

2419 3557 2609 3613 Ταῦτά
2637 3574 2728 3629 μοι
2755 3558 2932 3620 δοκεῖς
2970 3557 3295 3630 κατεπᾴδειν
3323 3558 3433 3629 (41)
3466 3560 3720 3628 σεαυτοῦ,
3752 3554 3939 3620 ὦθεία

2350 3654 2445 3707 καὶ
2475 3652 2597 3723 ἱερὰ
2640 3651 2874 3722 κεφαλὴ,
2919 3650 3015 3704 καὶ
3064 3650 3209 3704 οὕτω
3256 3653 3483 3706 σεαυτὸν
3516 3637 3804 3724 ἰατρεύων,
3838 3658 3936 3710 αὐ-

2349 3745 2440 3808 ιώς
2468 3761 2530 3797 τε
2561 3742 2628 3797 ἂν
2669 3744 2815 3813 ῥᾴων
2854 3741 3132 3811 γενέσθαι,
3165 3743 3262 3795 καὶ
3288 3743 3440 3812 ἡμᾶς
3470 3744 3783 3815 εὐφραίνειν
3808 3749 3936 3811 τούς

2354 3839 2480 3903 σούς
2529 3836 2821 3899 ἐπαινέτας
2873 3836 2969 3890 καὶ
3005 3835 3263 3907 ἐραστὰς,
3294 3836 3445 3890 οὐδὲν
3474 3837 3581 3890 ὐπὸ
3626 3838 3727 3910 τῆς
3773 3839 3933 3893 νόσου

2355 3929 2742 4001 καμπτόμενος
2800 3927 2937 3999 (42),
2989 3927 3167 3992 οὐδὲν,
3213 3928 3243 3980 ὃ
3296 3945 3463 4000 φησιν
3493 3931 3522 3982 6
3552 3930 3695 3995 θεῖος
3744 3933 3932 3993 Δασιδ,

2352 4020 2459 4075 ὑπὸ
2498 4020 2600 4091 τῆς
2640 4021 2864 4093 εἰρήνης
2888 4018 2996 4073 τῶν
3021 4019 3385 4091 ἁμαρτωλῶν,
3426 4022 3522 4075 καὶ
3546 4022 3646 4093 τῆς
3675 4024 3815 4078 κατὰ
3841 4025 3935 4077 τὸν

2352 4111 2467 4183 βίον
2498 4112 2684 4166 τοῦτον
2712 4111 2932 4182 εὐροίας
2959 4110 3142 4165 αὐτῶν
3182 4113 3586 4184 ἐγκοπτόμενος
3618 4115 3729 4186 (43)
3751 4133 3766 4146 ’
3796 4116 3933 4170 ἀλλὰ

2351 4206 2447 4258 καὶ
2472 4205 2894 4278 καθαιρόμενος,
2925 4206 2975 4257 εἰ
2997 4204 3157 4274 θέμις
3178 4205 3273 4257 ἐπὶ
3304 4205 3399 4259 σοῦ
3418 4205 3578 4260 τοῦτο
3602 4209 3777 4261 εἰπεῖν
3793 4209 3931 4280 (εΗ),

2349 4298 2445 4351 καὶ
2467 4296 2599 4368 ὐλην
2628 4297 2831 4367 ἀρετῆς
2861 4295 3181 4365 ποιούμενος
3213 4296 3312 4368 τὴν
3339 4296 3649 4354 ἀσθένειαν.

723 4728 839 4795 (56)
880 4729 991 4804 Ter
1028 4726 1422 4804 Ἁνιίιξαηρχον·ἰ
1447 4724 1817 4780 Anaxarchus
1850 4725 2231 4804 philosophus,
2268 4730 2311 4785 ι)
2342 4725 2444 4804 μάλ

2207 4744 2231 4788 ι,
2268 4730 2311 4785 D
2342 4725 2725 4804 μάλαδέχεται
2755 4724 3385 4804 ῑλαρῶςιιηαείιῃα-ςκηι
3408 4724 3685 4804 hilaritate
3709 4726 3928 4804 accepit.

652 4810 871 4854 mortuo
921 4797 1257 4861 Alexandro,
1282 4797 1424 4868 apud
1458 4813 1619 4866 quem
1653 4812 1876 4868 sunnno
1929 4796 1982 4849 in
2018 4797 2228 4868 honore

652 4871 863 4932 fuerat,
903 4869 957 4922 in
998 4869 1267 4921 erciam
1313 4864 1550 4930 rediens,
1581 4881 1609 4919 a
1651 4864 2017 4919 Nicocreontc
2055 4866 2227 4937 (lyre-

652 4955 842 4994 narum
879 4948 1110 5009 tyranno
1149 4939 1525 5009 interceptus,
1548 4952 1690 5009 noro
1719 4946 1773 4989 et
1808 4937 2060 4990 inaudito
2092 4952 2227 5006 sup-

2410 4797 2523 4867 (60)
2557 4783 2763 4865 Πόῤῥω
2795 4783 3051 4867 τῷιτίίιο
3087 4796 3209 4850 cod.
3246 4795 3429 4861 Pass.,
3462 4797 3610 4867 quod
3646 4783 3930 4867 postulare

2334 4864 2556 4937 videtur
2590 4864 2809 4937 sensus.
2838 4864 2939 4920 Ed.
2973 4866 3035 4937 οὐ
3066 4867 3277 4937 πόρρω,
3306 4877 3411 4937 etc.

2406 4910 3411 5006 ῐῐὶ)’Δὲἴὲὲξέὶᾶὲὲἓεξιὲέὶἆῗἵῐῖιξᾶσῖζ
3436 4934 3570 5008 Reg.
3594 4935 3654 4990 In
3681 4936 3772 4993 ed.
3799 4953 3931 4991 κατ-

650 5011 795 5080 plicii
826 5006 1022 5080 genere
1057 5010 1340 5080 cruciatus
1366 5006 1770 5080 est._Epirtet_us
1793 5015 1974 5059 autem
2009 5021 2229 5061 summo
2335 5008 2570 5080 επᾲδων.

651 5078 753 5135 fuit
797 5078 851 5134 in
909 5082 1117 5133 honore
1161 5078 1304 5147 apud
1352 5078 1653 5132 Adrianum
1691 5078 2118 5147 imperatorem.
2168 5084 2230 5128 ut

648 5152 804 5205 testis
836 5160 920 5203 est
952 5148 1131 5203 Atilius
1168 5144 1497 5217 Spartianus
1526 5148 1594 5217 in
1617 5144 1877 5217 Adriano.
1914 5144 2038 5217 iizec
2078 5147 2228 5200 BILL.

720 5222 832 5291 (57)
860 5221 1040 5291 Ὅπερ
1066 5215 1470 5291 ιἰμῒνήόνὲντὸς
1504 5215 1603 5270 καὶ
1693 5215 1871 5291 surde
1897 5216 2233 5291 ἅτορωπςοςτ

647 5286 735 5344 Ita
771 5286 895 5346 cod.
945 5286 1195 5360 licgfln
1223 5290 1353 5344 edit.
1384 5290 1565 5359 Ὅπερ
1615 5288 1746 5357 ἡμῖν
1776 5289 1806 5339 6
1852 5286 2008 5349 ἐκτὸς
2060 5287 2155 5339 καὶ
2207 5289 2236 5340 6

646 5362 818 5425 ἐντός.

717 5424 830 5502 (58)
867 5430 1374 5502 Κατατεινιτμενος
1420 5429 1517 5480 καὶ
1557 5428 2057 5502 στρεϐλούμενος.
2108 5424 2230 5479 Bill.

645 5498 763 5554 cum
793 5519 913 5555 crus
943 5502 1026 5554 illi
1050 5501 1420 5569 frangeretur;
1457 5507 1513 5550 at
1545 5498 1763 5569 videtur
1794 5499 2079 5569 putatione
2102 5512 2233 5569 crus

646 5574 933 5637 amisisse;
959 5565 1104 5639 quod
1128 5565 1425 5638 Gregorius
1455 5565 1972 5639 κατεαγῆναιςάίχίι.
2009 5565 2230 5628 Suidas,

646 5644 926 5713 πηρωθεὶς
958 5638 1019 5695 τὸ
1048 5641 1239 5713 σκέλος
1274 5639 1380 5691 ὐπὸ
1416 5640 1708 5713 ῥεύματος,
1740 5638 1910 5691 altero
1939 5652 2098 5713 crure
2125 5653 2236 5713 nin-

648 5707 835 5766 (illim
863 5728 927 5765 ex
964 5712 1285 5780 tte/lunone,
1311 5709 1459 5780 quod
1502 5707 1661 5779 longe
1692 5715 1778 5763 cst
1820 5723 1850 5761 a
1898 5707 2233 5777 crurifragio

646 5785 897 5837 tortorio.

715 5854 829 5926 (39)
860 5853 1097 5921 Δέχεται
1124 5850 1288 5921 μάλα
1319 5851 1522 5921 ἡδέως.
1552 5849 1687 5907 Cod.
1719 5849 1852 5922 Reg.
1885 5856 1943 5904 et
1980 5848 2225 5905 Comhcl'.

2336 5358 2472 5413 Cod.
2505 5358 2639 5429 Reg.
2675 5358 2798 5409 Βξον
2829 5358 3011 5411 αὐτῶν
3039 5358 3257 5429 εὐροίας
3299 5358 3719 5428 ἐκπτοούμενος,
3748 5358 3801 5411 oi

2337 5432 2577 5498 pefactus
2610 5427 2881 5482 concidas.
2917 5427 3038 5481 Mox
3077 5432 3126 5481 in
3152 5427 3276 5481 cod.
3315 5428 3471 5498 i'ass.
3502 5428 3596 5481 καί
3627 5429 3801 5498 deest.

2410 5063 2525 5145 (42)
2562 5075 2759 5129 οὐδὲν
2789 5077 2911 5131 ὑπὸ
2962 5074 3074 5144 τῆς
3117 5078 3309 5130 νόσου
3366 5075 3805 5145 καμπτόμενος.
3849 5079 3926 5131 Ita

2338 5148 2449 5201 duo
2479 5147 2643 5202 codd.
2678 5146 2848 5217 liegg.
2882 5157 2937 5201 et
2960 5146 3115 5203 Pass.
3158 5146 3216 5200 in
3249 5146 3384 5202 edit.
3415 5147 3559 5202 οὐδέ.
3604 5146 3844 5202 Montac.
3872 5156 3929 5203 et

2338 5217 2526 5271 Morel.
2559 5218 2856 5288 καμπτομὲ

2408 5234 2526 5271 πει.
2559 5234 3004 5288 καμπτομενους.

2408 5288 2526 5411 (Αρόἰ
2552 5289 2698 5341 Biar
2729 5288 2948 5340 τοῦτον
2966 5288 3206 5357 εὐροίας
3235 5285 3436 5341 αὐτῶν·
3461 5286 3923 5357 ἐγκοπτόμενος.

2408 5359 2472 5411 id.
2526 5358 2639 5411 tea.
2675 5358 2798 5409 Βὶον
2829 5357 3011 5411 αὐτῶν
3039 5358 3257 5411 εὐροίας
3299 5357 3719 5411 ἐκπτοούμενος.
3748 5358 3923 5411 obstu-

2526 5358 2639 5429 ieg.
2675 5358 2798 5429 Βξον
2829 5357 3011 5429 αὐτῷν
3039 5358 3257 5429 εὐροίας
3299 5357 3719 5429 έκπτοούμενος,
3748 5358 3930 5411 obstu-

2412 5499 2523 5569 (Η)
2550 5501 2621 5552 El
2649 5499 2815 5567 θέμις
2842 5497 2942 5551 ἐπὶ
2968 5498 3085 5551 σοῦ
3119 5499 3295 5551 τοῦτο
3326 5497 3536 5569 εἰπεῖν,
3564 5499 3610 5550 si
3639 5497 3753 5569 hoc,
3774 5497 3927 5551 verba

2339 5571 2421 5624 uti
2455 5571 2539 5638 [as
2583 5579 2701 5631 est;
2747 5569 2799 5622 id
2834 5577 2939 5630 cst,
2982 5570 3030 5622 si
3058 5569 3144 5636 [ιη
3186 5579 3263 5622 est
3316 5569 3413 5621 hac
3450 5568 3671 5622 dicere:
3718 5568 3926 5637 Exigua

2343 5642 2433 5693 illa
2458 5637 2701 5710 peccata
2751 5654 2874 5708 qua:
2908 5641 2960 5693 in
2993 5647 3046 5692 te
3082 5649 3313 5701 restant,
3362 5637 3749 5710 afflictionibus
3795 5654 3924 5706 pur-

2342 5708 2488 5781 gari,
2522 5724 2587 5763 ac
2618 5725 2726 5764 non
2775 5710 2959 5779 potius
2999 5720 3255 5781 τινιιιιθιιι
3290 5719 3439 5781 tuam
3492 5708 3924 5774 calamitatibus,

2341 5778 2487 5837 {eiut
2520 5796 2716 5835 aurum
2748 5778 2891 5852 igne,
2926 5782 3169 5851 purgari.
3199 5778 3321 5835 llmc
3354 5778 3502 5833 ll:t.l..
