5168 6648
852 478 920 533 73

1391 685 1510 740 Al".
1554 685 1641 756 “ro
1681 686 1860 758 arra
1891 687 2022 757 (45).

2179 484 2511 540 EPISTULA
2557 486 2791 541 XXXIII.

3062 690 3292 745 XXXIII.
3338 690 3563 747 EIDEM.

918 868 1052 926 Cum
1087 869 1326 921 nonnulli
1362 868 1716 938 Philagrium,
1751 867 1840 939 qui
1873 868 1975 919 vim
2021 865 2188 939 morbi
2222 865 2491 920 laboribus
2532 876 2765 921 avertere
2810 868 3068 928 tentabat,
3116 877 3408 936 carperent,
3444 877 3624 939 atque_
3639 870 3920 939 objicercnt
3972 886 4090 925 eum

847 943 1089 995 πανίιίιε
1128 942 1359 996 studere.
1406 940 1484 992 vel
1522 936 1708 990 imiimi
1741 937 2004 989 duntaxat
2050 936 2489 989 oblectamentum
2545 954 2800 1005 quairere,
2847 939 2991 992 datis
3045 940 3113 991 ad
3162 955 3280 992 eum
3336 936 3529 992 litteris
3584 936 3888 1007 Gregorius,
3930 942 4092 995 amici

848 1012 1077 1071 labores,
1110 1011 1397 1062 dummodo
1432 1009 1661 1061 avaritia
1710 1008 1849 1059 absit
1898 1017 1946 1059 et
2004 1007 2395 1063 immoderatio.
2432 1023 2535 1058 non
2583 1008 2760 1060 modo.
2783 1018 3023 1068 excusat.
3057 1025 3232 1063 verum
3259 1010 3422 1062 etiam
3452 1010 3817 1063 incursantibus
3862 1014 4072 1064 amicun

846 1083 953 1149 ipse
999 1091 1303 1142 succenset;
1348 1079 1535 1143 quibus
1592 1079 1764 1130 valere
1808 1077 2001 1144 jussis,
2053 1086 2110 1128 ut
2150 1076 2407 1149 imperitis
2448 1075 2559 1149 illis
2617 1078 3090 1149 gracnlisgaquila:
3142 1079 3377 1149 colatum
3425 1079 3845 1146 explorantibus,
3906 1081 4086 1133 Phila-

843 1144 1015 1219 gnum
1046 1150 1381 1212 adhortatur,
1429 1160 1483 1201 ut
1516 1152 1763 1214 seipsum,
1800 1163 1862 1200 ac
1901 1150 2087 1211 Ileurn,
2131 1156 2241 1199 tum
2274 1146 2329 1198 in
2372 1144 2572 1213 dolore,
2608 1144 2718 1199 tum
2763 1149 2818 1199 in
2864 1144 3092 1218 iisquae
3135 1147 3369 1203 dolorem
3410 1144 3667 1217 spectant,
3712 1151 3765 1204 in
3811 1151 4089 1204 comitium

845 1221 1109 1275 adhibeat.

914 1400 1289 1469 Λαμϐἀνοντσί
1333 1399 1424 1453 σού
1473 1415 1617 1461 τινες
1644 1396 2136 1467 (αἱσθάνομαιγὰρ)
2166 1439 2181 1458 .
2213 1398 2296 1460 ὡς
2331 1415 2417 1465 φι-
2447 1403 2492 1459 Α
2589 1396 2728 1451 Sunt
2768 1396 2861 1465 qui
2904 1407 2955 1451 te

2047 1396 2136 1467 ὰρ)
2166 1439 2181 1458 .
2213 1398 2296 1460 ὡς
2331 1415 2417 1465 φι-
2447 1403 2492 1459 Α
2589 1396 2728 1451 Sunt
2768 1396 2861 1465 qui
2904 1407 2956 1451 te
3002 1404 3232 1465 carpant
3277 1396 3415 1477 (hoc
3461 1396 3608 1450 enim
3660 1394 3895 1465 sentio),
3943 1394 4087 1464 quod

843 1490 1195 1555 λοκαλοῦντος
1242 1491 1353 1558 (46)
1395 1492 1456 1544 τὸ
1505 1491 1665 1560 μόνον
1704 1507 1797 1542 σου
1848 1490 2055 1560 κτῆμα,
2085 1490 2181 1542 κα)⁵
2228 1489 2415 1561 φιλερ-

848 1584 1066 1652 γοῦντος
1100 1587 1159 1637 ὲν
1196 1584 1417 1655 τοιαύτῃ
1466 1585 1797 1637 καταστάσει
1843 1584 1953 1652 (47)
2003 1583 2097 1635 τοῦ
2142 1582 2412 1652 σώματος.

844 1678 952 1730 Καὶ
987 1676 1293 1746 θαυμαστὸν
1325 1677 1475 1731 οὐδέν
1499 1694 1513 1707 ·
1565 1675 1751 1745 ἐπειδὴ
1784 1676 1880 1729 καὶ
1919 1678 2048 1746 ῥᾷον
2078 1678 2136 1727 ὲν
2174 1679 2285 1738 τοῖς
2321 1677 2414 1729 άλ-

841 1769 1069 1838 λοτρίοις
1102 1771 1134 1839 ἢ
1171 1771 1283 1832 τοῖς
1313 1770 1531 1833 οἰκείοις
1570 1769 1901 1837 φιλοσοφεῖν.
1954 1768 2094 1836 Ἐγὼ
2135 1768 2192 1821 δὲ
2235 1771 2283 1821 εί
2318 1770 2415 1839 μὲν

842 1860 1028 1930 ἐώρων
1062 1876 1120 1912 σε
1151 1866 1301 1930 πέρα
1328 1861 1421 1913 τοῦ
1446 1862 1645 1932 μέτρου
1676 1861 1833 1913 τοῦτο
1862 1861 2117 1914 ποιοῦντα
2137 1902 2152 1925 ,
2194 1861 2227 1931 ἦ
2258 1862 2440 1915 πλεον-

838 1951 1071 2014 εκτικῶς
1110 1952 1221 2021 (48)
1257 1954 1289 2022 ἦ
1338 1952 1526 2021 βιαίως
1557 1956 1623 2025 τῇ
1676 1952 1961 2024 φιλοπονίᾳ
1999 1954 2411 2024 προσκείμενον,

838 2044 942 2097 κᾶν
981 2046 1319 2115 ἐμεμψάμην
1347 2046 1648 2116 (εἰρήσεται
1679 2046 1787 2115 γὰρ
1816 2046 2089 2114 τάληθὲς),
2124 2045 2289 2115 μηδὲν
2316 2044 2414 2115 τὴν

838 2136 1021 2204 φ·λίαν
1053 2136 1085 2207 ἢ
1123 2137 1401 2189 παίδευσιν
1451 2136 1561 2205 (49)
1598 2134 1883 2197 αἰδεσθείς.
1936 2137 1996 2188 Εἰ
2039 2135 2096 2188 δὲ
2136 2135 2412 2206 φιλεργείς

839 2228 956 2295 μὲν,
990 2228 1090 2280 οὐκ
1113 2228 1216 2290 ἔξω
1247 2228 1302 2278 δὲ
1330 2226 1422 2278 τοῦ
1456 2226 1675 2296 μέτρου,
1704 2229 1809 2296 χρᾷ
1843 2227 1898 2278 δὲ
1934 2227 2044 2293 (50)
2079 2229 2158 2289 είς
2190 2228 2306 2281 δέον
2332 2224 2412 2293 οἷς

832 2320 1129 2390 φιλεργεῖς,
1183 2318 1444 2391 πρῦσεστι
1636 2318 1691 2370 δὲ
1722 2319 1816 2371 καὶ
1862 2319 1926 2371 τὸ
1954 2318 2145 2382 πάθος.
2189 2321 2411 2389 ἐνασχοο

833 2408 959 2461 λοῦν
983 2426 1039 2461 τε
1079 2411 1198 2471 ταῖς
1225 2410 1495 2480 φροντίσι,
1530 2409 1624 2460 καὶ
1658 2408 1842 2460 πεῖθον
1864 2410 1937 2472 ὡς
1970 2409 2111 2481 ὑπὲρ
2155 2410 2215 2462 τὸ
2251 2410 2413 2480 σῶμά

835 2518 917 2554 σοι
957 2500 1069 2569 (52)
1119 2501 1189 2554 τὰ
1238 2501 1333 2554 τοῦ
1389 2500 1661 2572 σώματος,
1697 2502 1797 2554 οὐκ
1850 2501 1956 2570 ἔχω
2008 2501 2126 2564 πῶς
2182 2502 2257 2573 μὴ
2301 2506 2411 2567 τοῖς

836 2594 1208 2663 μεμφομένοις
1258 2593 1581 2664 μέμψωμαι,
1605 2593 1662 2645 σὲ
1711 2596 1811 2663 τῆς
1863 2593 2041 2656 αἰτίας
2090 2593 2407 2665 ἐλευθερῶν.

833 2686 943 2737 Καὶ
988 2685 1120 2755 πρός
1164 2702 1228 2752 γε
1257 2684 1417 2737 τοῦτο
1453 2684 1566 2753 (55)
1616 2682 1851 2753 ἐμαυτὸν
1899 2684 2089 2744 πείθω,
2141 2684 2222 2736 ὅτι
2271 2685 2410 2756 μήτε

830 2776 1147 2843 λογίσασθαι
1186 2778 1316 2847 περὶ
1363 2760 1704 2845 πραγμάτων
1740 2774 1833 2827 σοῦ
1860 2791 1944 2837 τις
1971 2775 2231 2845 ἀμείνων,
2271 2769 2316 2843 ᾧ
2345 2793 2408 2843 γε

830 2868 1096 2937 καὶπρὸς
1142 2869 1211 2921 τὰ
1258 2868 1470 2921 ἑαυτῶν
1518 2868 1755 2931 ἅπαντες
1812 2865 2052 2937 χρῶνται
2100 2865 2410 2936 διδασκάλῳ

829 2960 925 3012 καὶ
958 2960 1260 3030 παραινέτῃ
1279 2961 1481 3029 ὁμοίως
1513 2959 1618 3030 ἰδίᾳ
1651 2958 1745 3009 καὶ
1772 2956 2029 3027 δημοσίᾳ,
2064 2957 2201 3026 μήτε
2232 2955 2410 3025 ψυχῆς

830 3052 1115 3120 φροντίσαι
1152 3049 1603 3120 φιλοσοφώτερος.
1638 3050 1699 3101 El
1738 3049 1794 3101 δὲ
1823 3047 1917 3100 καὶ
1946 3047 2025 3117 τῷ
2058 3046 2271 3116 σώματι
2300 3047 2410 3117 (54)

830 3143 927 3210 τὴν
960 3143 1148 3210 ὑγείαν
1178 3142 1472 3212 φυλάσσειν
1503 3143 1536 3212 ἢ
1566 3142 1863 3209 ἐπανάγειν
1895 3138 2009 3211 (55)
2044 3140 2212 3211 μόνης
2242 3141 2411 3211 ἰατρι-

830 3233 952 3301 κῆς,
986 3233 1068 3296 τίς
1114 3232 1258 3287 οὓτω
1288 3233 1561 3304 τολμηρὸς
1609 3234 1702 3287 καὶ
1752 3232 2074 3294 ἀπαίδευτος
2104 3231 2237 3301 (56),
2269 3230 2411 3285 ὥστε

831 3340 914 3376 σοι
941 3324 1283 3394 περὶτούτων
1300 3325 1762 3394 νομοθετεῖν(57);
1784 3326 1921 3386 Τοὺς
1941 3325 2039 3393 μὲν
2057 3319 2151 3377 οὖν
2176 3324 2407 3386 πολλοὺς

828 3411 892 3463 ἔα
925 3413 1155 3482 χαίρειν,
1192 3414 1287 3465 καὶ
1332 3410 1469 3465 εἶναι
1518 3414 1760 3476 κολοιοὺς
1804 3413 2001 3482 πτῆσιν
2047 3413 2221 3466 ἀετῶν
2268 3412 2411 3464 δοκι-

832 3503 1103 3571 μάζοντας
1144 3504 1290 3573 (58)’
1350 3504 1526 3566 αὐτὸς
1557 3503 1614 3556 δὲ
1664 3503 1874 3572 σεαυτῷ
1923 3501 2041 3573 χρῶ
2094 3500 2405 3572 συμϐούλῳ,

828 3595 923 3646 καὶ
949 3594 1026 3664 τῷ
1059 3594 1200 3665 Θεῷ,
1234 3596 1359 3666 περί
1402 3613 1460 3647 τε
1503 3595 1598 3648 τοῦ
1630 3596 1856 3659 πάθους,
1884 3595 2108 3648 καὶτῶν
2153 3596 2252 3647 ὅσα

830 3685 956 3756 περὶ
981 3686 1041 3739 τὸ
1074 3686 1265 3749 πάθος.
1306 3688 1399 3740 κα)⁸
1428 3688 1526 3757 οὐχ
1572 3688 1908 3757 ἁμαρ-δήσεις
1936 3686 2029 3739 τοῦ
2063 3686 2294 3750 δέοντος.

2522 1486 2685 1541 unico
2725 1493 2819 1540 tuo
2849 1487 3052 1556 praedio
3090 1486 3393 1556 elegantius
3423 1486 3687 1541 ornando
3710 1496 3765 1541 et
3794 1487 4091 1541 excolendo

2520 1580 2745 1633 nimiam
2793 1579 3053 1635 adhibeas
3095 1580 3454 1651 diligentiam,
3491 1596 3553 1633 ac
3607 1580 3661 1633 in
3703 1582 3793 1634 tali
3843 1582 4092 1649 corporis

2520 1671 2912 1726 constitutione
2950 1671 3123 1725 labori
3160 1670 3351 1726 sedulo
3392 1671 3696 1725 incumbas.
3741 1670 3851 1727 Nec
3892 1672 4088 1725 mirum

2521 1764 2652 1817 illud
2704 1763 2877 1817 videri
2930 1763 3134 1818 debet:
3171 1762 3385 1819 facilius
3426 1766 3570 1817 enim
3621 1773 3705 1820 est
3761 1765 3815 1818 in
3873 1766 4090 1826 alienis.

2520 1871 2685 1924 quam
2716 1856 2769 1907 in
2799 1854 3034 1923 propriis
3055 1854 3453 1923 pbiIOSOphari.
3491 1855 3600 1924 Ego
3638 1872 3786 1922 vero,
3819 1858 3865 1910 si
3901 1866 3951 1911 te
3975 1858 4088 1911 lucc

2522 1946 2702 2000 lacere
2733 1945 3089 2002 immoderate
3118 1954 3212 1999 aut
3244 1947 3484 2000 avaritia:
3503 1948 3611 2017 30
3636 1948 3818 2001 studio
3838 1944 3932 2002 aut
3962 1964 4086 2002 cum

2519 2039 2780 2093 violentia
2815 2038 2894 2092 sic
2923 2038 3094 2092 labori
3126 2039 3368 2093 deditum
3403 2055 3525 2093 esse
3562 2041 3958 2110 conspicerem,
4000 2043 4089 2093 ob-

2515 2130 2822 2200 jurgassem
2856 2137 2908 2183 te
2949 2129 3193 2199 profecto
3218 2129 3414 2193 (dicam
3446 2131 3590 2185 cnim
3615 2135 3787 2194 vere),
3827 2132 3960 2185 nihil
4003 2134 4086 2185 vel

2519 2222 2815 2275 amicitiam
2870 2229 3137 2285 nostram,
3188 2222 3270 2274 vel
3317 2237 3658 2275 communem
3709 2223 4083 2279 educationem

2518 2312 2745 2366 veritus.
2806 2311 2902 2363 Sin
2961 2319 3142 2364 autem
3196 2311 3269 2363 ita
3322 2313 3599 2367 laboribus
3655 2314 3981 2383 oblectaris,
4031 2325 4088 2371 ut

2518 2402 2739 2456 modum
2774 2418 2884 2456 non
2908 2402 3162 2467 excedas,
3199 2410 3362 2473 atque
3392 2405 3480 2471 iis,
3526 2407 3581 2459 in
3616 2406 3815 2475 quibus
3858 2408 4088 2462 libenter

2517 2507 2739 2562 operam
2793 2491 2973 2561 ponis,
3034 2491 3131 2554 ita,
3188 2500 3249 2546 ut
3297 2493 3472 2560 decet,
3527 2496 3721 2559 uteris,
3766 2497 4085 2567 acceditque

2516 2588 2681 2641 etiam
2716 2586 2982 2657 aegritudo
3021 2587 3171 2642 curis
3212 2595 3265 2643 te
3310 2602 3609 2658 occupans,
3646 2604 3711 2644 ac
3751 2591 4087 2659 persuadens

2516 2680 2735 2748 corpori
2794 2680 3058 2750 prodesse
3106 2689 3393 2750 susceptos
3454 2682 3864 2740 exercitationis
3920 2700 4083 2740 causa

2442 2761 2758 2841 Dem-poris
2802 2773 3052 2838 labores,
3115 2771 3297 2827 facere
3342 2788 3449 2827 non
3504 2788 3768 2843 possum,
3825 2777 3958 2845 quin
4017 2779 4087 2835 iis

2512 2865 2604 2932 qui
2638 2864 2739 2917 tibi
2783 2872 3113 2919 succensent
3154 2867 3268 2933 ipse
3316 2879 3694 2933 succenseam,
3731 2877 3889 2938 teque
3927 2870 4087 2939 culpa

2512 2955 2764 3009 liberem.
2798 2955 2875 3009 Ac
2908 2964 3167 3025 prazterea
3202 2955 3306 3009 boc
3336 2971 3658 3025 persuasum
3690 2958 3884 3024 habeo,
3922 2963 4089 3017 nemi-

2514 3062 2641 3101 nem
2687 3061 2833 3110 essc,
2889 3046 2981 3114 qui
3034 3046 3117 3100 vel
3156 3046 3226 3100 de
3276 3046 3439 3102 rebus
3481 3048 3677 3104 melius
3706 3052 4082 3117 ratiocinetur,

2510 3154 2675 3209 quam
2729 3146 2827 3204 tu,
2869 3145 3056 3207 utpote
3107 3152 3217 3206 quo
3263 3152 3454 3193 oruues
3496 3141 3661 3194 etiam
3695 3140 3761 3210 ad
3814 3157 3903 3197 res
3955 3157 4084 3197 suas

2512 3231 2927 3286 constituendas
2970 3237 3306 3301 prmeeptore
3353 3246 3418 3286 ac
3466 3233 3780 3288 consultore
3831 3235 4083 3304 privatim

2507 3323 2667 3392 juxta
2712 3330 2765 3376 et
2816 3321 3033 3392 publice
3086 3330 3331 3388 utantur,
3378 3322 3463 3376 vel
3510 3325 3811 3394 sapientius
3844 3328 4081 3381 animam

2512 3420 2691 3467 curet.
2725 3411 2880 3477 Quod
2918 3412 2963 3466 si
2994 3413 3245 3481 corporis
3276 3429 3494 3482 quoque
3516 3415 3803 3469 sanitatem
3832 3417 3971 3471 tueri
4000 3418 4083 3471 vel

2514 3519 2773 3560 revocare
2809 3504 2983 3560 solius
3026 3513 3111 3560 est
3151 3504 3457 3564 medicinae.
3497 3507 3621 3575 quis
3664 3515 3772 3561 tam
3816 3508 3993 3564 audax
4030 3518 4081 3565 et

2512 3596 2731 3664 ineptus
2777 3595 2903 3659 erit,
2956 3601 3016 3647 ut
3066 3594 3264 3649 tibide
3298 3595 3384 3650 his
3430 3595 3596 3650 rebus
3647 3596 3795 3667 leges
3840 3600 4085 3655 statuat!

2507 3686 2775 3752 Quocirca
2822 3686 3067 3742 homines
3110 3687 3389 3756 imperitos
3422 3690 3601 3744 valere
3632 3689 3818 3757 sinito,
3858 3702 3913 3745 et
3956 3707 4081 3762 (tra-

827 3779 982 3833 culos
1005 3795 1127 3835 esse
1168 3783 1476 3851 aquilarum
1518 3783 1756 3835 volatum
1805 3782 2199 3851 explorantes:
2264 3789 2318 3836 te
2384 3792 2564 3836 autem
2613 3783 2813 3851 ipsum,
2868 3797 2933 3835 ac
2984 3780 3178 3847 Deum,
3234 3792 3348 3837 tum
3401 3783 3454 3839 in
3506 3783 3717 3851 dolore,
3768 3794 3881 3841 tum
3915 3788 3970 3843 in
4012 3788 4080 3845 iis

826 3888 947 3944 qua:
968 3875 1211 3931 dolorem
1244 3884 1514 3947 spectant,
1544 3877 1597 3930 in
1629 3877 1923 3931 consilium
1953 3877 2187 3943 adhibe;
2213 3876 2402 3947 sicque
2430 3878 2499 3931 ab
2524 3877 2702 3931 ollicio
2733 3878 2956 3931 minime
2988 3878 3292 3932 aberrabis.

897 4112 1009 4178 (45)
1045 4112 1191 4167 Alias
1214 4112 1420 4167 LXVII.
1455 4112 1655 4168 Eodem
1682 4114 1901 4167 circiter
1928 4128 2071 4183 anno
2101 4113 2328 4183 scripta.

894 4182 1006 4251 (46)
1050 4184 1142 4248 Ὠς
1182 4185 1681 4250 φιλοκαλοῦντος.
1719 4183 1809 4237 Sic
1843 4184 2001 4237 vertit
2059 4182 2177 4236 Bill.
2209 4182 2225 4237 ἑ
2263 4182 2395 4236 Uni-

824 4267 942 4304 cum
992 4264 1139 4305 tamn
1187 4252 1444 4321 prtedinm
1478 4254 1756 4307 ambitiose
1806 4263 1962 4321 atque
2004 4255 2059 4307 in
2093 4254 2399 4321 hujusmodi

824 4324 1196 4375 constitutione
1229 4324 1430 4376 labores
1463 4333 1805 4391 appetentem.

898 4393 1010 4464 (Π)
1041 4393 1427 4464 ⁸Ἐ’γιίοντοιιιύτῃ
1462 4390 1848 4464 καταστάσει.
1909 4390 1984 4445 Ita
2025 4391 2149 4445 cod.
2178 4390 2314 4464 Reg.
2345 4401 2399 4447 et

821 4459 1069 4515 Combel'.
1111 4462 1207 4516 Ed.
1243 4465 1301 4515 ὲν
1340 4462 1561 4531 τοιαύτῃ
1590 4464 2044 4582 τῖιζκαταστάσει.

898 4532 1008 4582 («Ilii
1042 4534 1114 4582 Ἦ
1143 4531 1597 4582 πλεονεκτικῶς.
1688 4533 1761 4582 ill.
1796 4541 2033 4582 autcum

898 4532 1008 4594 (48)
1042 4534 1114 4585 Ἦ
1143 4531 1597 4595 πλεονεκτικῶς.
1644 4531 1761 4584 Bill.
1796 4541 2033 4584 autcum
2080 4533 2394 4600 rapacitate.

898 4601 1008 4668 (l9)
1042 4602 1386 4654 Παίδευσιν.
1424 4600 1541 4653 Bill.
1574 4602 1923 4654 eruditionem
1948 4616 1966 4653 :
2015 4602 2151 4655 bene
2186 4603 2394 4666 minus;

826 4669 1079 4737 intelligit
1144 4672 1289 4725 enim
1350 4670 1647 4739 Gregorius
1703 4670 2084 4724 educationem
2126 4686 2247 4738 qum
2292 4671 2393 4739 ipsi

823 4741 1132 4818 eiunmuuis
1187 4741 1364 4795 fuerat
1420 4755 1543 4794 cum
1594 4739 1892 4811 Philagrio,
1934 4740 2082 4810 quod
2131 4741 2301 4810 liquet
2329 4757 2395 4795 ex

825 4819 989 4863 (‘lllSL
1027 4826 1153 4863 XXX.
1763 4850 1773 4862 .

863 4826 1005 4946 vigil.)
1186 4879 1272 4932 δέ.
1307 4877 1397 4932 Sic
1423 4879 1549 4950 legit
1576 4850 1850 4944 Combei.,
1876 4885 1967 4931 aut
1998 4880 2135 4949 χρῇς
2168 4894 2265 4947 pro
2287 4881 2395 4950 χρᾷ

825 4950 1097 5023 proponit.
1132 4949 1188 5003 In
1226 4950 1315 5003 ed.

893 5019 1003 5070 (51)
1026 5020 1338 5070 Ποόσεστι.
1416 5022 1467 5070 ιΙΙ

893 5019 1003 5087 (51)
1026 5017 1490 5086 ΠρόσεστιέΒιΙΙ.
1529 5018 1731 5072 accedit
1759 5018 1973 5086 insuper
1991 5019 2143 5071 dolor
2172 5017 2228 5070 in
2250 5019 2392 5072 curis

824 5096 873 5139 te.
903 5105 1187 5155 occupans,
1218 5090 1410 5156 tibique
1444 5089 1764 5158 persuadens
1797 5088 2031 5155 corporis
2063 5097 2262 5142 statum
2304 5104 2396 5140 su-

818 5171 916 5222 pra
951 5174 1135 5223 corpus
1172 5158 1265 5210 tibi
1294 5174 1424 5211 esse.

892 5227 1005 5294 (52)
1043 5228 1151 5280 Kal
1182 5229 1388 5281 πεῖθον
1413 5229 1492 5293 ὡς
1518 5225 1671 5293 ὑπὲρ
1708 5227 1773 5280 τὸ
1807 5226 1980 5295 σῶμά
2001 5243 2116 5281 σοι.
2158 5227 2235 5281 Ila
2266 5227 2389 5283 cod.

823 5293 953 5365 Reg.
988 5293 1040 5351 et
1071 5297 1339 5358 (Iombeﬁ,
1371 5299 1463 5366 qui
1505 5296 1783 5359 reddidit,
1818 5293 2141 5363 persuadens
2175 5311 2241 5349 ea:
2280 5313 2394 5349 cor-

819 5369 961 5432 poris
994 5368 1200 5421 ratione
1226 5383 1338 5420 esse
1380 5384 1496 5435 qua:
1532 5376 1653 5418 sunt
1685 5368 1941 5428 corporis,
1983 5378 2132 5434 aptos
2173 5368 2219 5418 ei
2257 5376 2307 5419 et
2336 5367 2389 5419 in

821 5450 926 5490 rem
954 5439 1067 5504 eius
1098 5439 1172 5490 sic
1200 5448 1499 5503 assumptos
1531 5437 1759 5497 labores.
1801 5438 1951 5503 quasi
1987 5436 2381 5490 exercitationis

816 5520 1001 5576 causa.
1033 5507 1249 5560 Clarius
1280 5516 1444 5568 esset,
1482 5506 1634 5576 addit
1667 5506 1939 5565 Combel‘.,
1973 5506 2047 5569 ὡς
2082 5507 2237 5576 πρός.

888 5575 1001 5642 (55)
1034 5578 1189 5643 Πρός
1220 5592 1285 5645 γε
1335 5577 1527 5628 τοῦτο.
1582 5574 1656 5627 Ita
1693 5577 1816 5630 cod.
1870 5576 2027 5645 Reg,
2062 5574 2297 5631 Mantac.
2332 5583 2387 5631 et

821 5644 1008 5723 Morel.
1034 5646 1098 5723 In
1127 5647 1214 5723 ed.
1247 5646 1383 5723 πρός
1402 5662 1465 5723 χε
1495 5646 1692 5723 τούτῳ.

886 5715 998 5785 (54)
1027 5719 1095 5770 El
1121 5715 1189 5768 δὲ
1234 5713 1330 5769 καὶ
1359 5713 1438 5779 τῷ
1472 5716 1717 5784 σώματι.
1753 5714 1984 5770 Montac.
2018 5724 2072 5771 ct
2116 5714 2300 5770 Morel.
2340 5713 2390 5765 εί

1092 5943 1361 6004 Parnm.
1416 5948 1521 6005 Gn.
1554 5941 1855 6003 XXXVII

2427 4118 2471 4175 C
2505 4112 2581 4183 τῷ
2611 4113 2842 4184 σώματι.

2575 4186 2687 4248 (55)
2724 4187 2789 4236 Ἢ
2826 4184 3167 4253 ἐπανάγειν.
3222 4186 3380 4241 Deest
3429 4188 3483 4241 in
3516 4188 3663 4251 cod.,
3710 4205 3807 4244 nec
3840 4192 4077 4248 admittit

2501 4253 2861 4307 Combelisius

2573 4323 2684 4393 (56)
2720 4325 2827 4377 Καὶ
2853 4327 3231 4390 ἀπαίδευτος.
3256 4326 3515 4393 Montac.,
3538 4327 3725 4382 Morel.
3752 4340 3805 4384 et
3825 4330 4073 4387 Combel‘.

2499 4395 2531 4464 ἢ
2562 4394 2909 4464 ἀπαίδευτος,
2941 4408 3033 4448 aut
3066 4398 3287 4461 ineptus.

2571 4463 2682 4531 (57)
2716 4464 2815 4515 Σοὶ
2844 4467 2974 4532 περὶ
3004 4467 3227 4518 τούτων
3250 4466 3607 4529 νομοθετεῖν.
3644 4466 3747 4519 Pro
3781 4470 3861 4532 σέ,
3893 4478 3947 4522 ut
3978 4470 4075 4523 ha-

2500 4532 2627 4586 bent
2654 4532 2766 4589 ed..
2803 4533 3087 4601 legendum
3142 4534 3243 4591 σοί.
3279 4537 3352 4587 ait
3401 4534 3624 4598 Billius;
3666 4540 3886 4590 verbum
3924 4541 4069 4593 enim

2500 4601 2773 4675 νομοθετῷ
2820 4617 3036 4675 semper
3074 4605 3326 4671 jungitur
3356 4620 3477 4656 cum
3523 4607 3705 4656 dativo
3744 4622 3990 4675 personae
4022 4624 4074 4664 et

2497 4672 2811 4725 aecusativo
2843 4674 2942 4727 rei.
2983 4673 3223 4726 Dicimus
3269 4674 3413 4726 enim
3458 4672 3765 4743 νομοθετεῖν
3815 4681 3921 4739 τοῖς
3970 4681 4074 4732 ὑπὸ

2498 4743 2771 4817 χεῖρα,.οι
2823 4742 3130 4817 νομοθετεῖν
3183 4743 3283 4811 τὴν
3332 4742 3612 4817 ευσέεῐείιαν
3661 4748 3743 4817 vel
3795 4748 3921 4816 περὶ
3974 4750 4074 4817 τῆς

2498 4810 2799 4872 εὐσεϐείας.
2836 4810 2943 4863 Aut
2974 4813 3019 4865 si
3051 4815 3101 4865 in
3140 4810 3460 4879 pronomine
3492 4813 3550 4863 σέ
3582 4816 3763 4866 nullus
3786 4810 4069 4878 esrerror,

2498 4881 2758 4954 proiecto
2780 4896 2886 4933 non
2930 4882 3267 4954 νομοθετεῖν,
3317 4884 3408 4935 sed
3462 4883 3733 4954 νουθετεῖν
3786 4885 4069 4954 legendum

2496 4950 2844 5014 crediderim,
2893 4951 2939 5003 si
2972 4950 3132 5005 nobis
3174 4952 3600 5005 ronstructionis
3645 4950 3909 5007 rationem
3941 4972 4072 5009 con-

2496 5029 2648 5091 stare;
2669 5020 2942 5091 volumus.
2984 5020 3179 5075 Verum
3228 5038 3353 5074 cum
3388 5023 3509 5091 eod.
3563 5020 3691 5091 Reg.
3734 5024 3961 5090 legimus
3988 5028 4070 5078 col

2495 5088 2819 5161 νομοθετεῖν,
2856 5089 2998 5156 Mox,
3048 5093 3173 5153 τοὺς
3218 5091 3317 5160 μὲν
3365 5086 3457 5142 οὖν
3504 5086 3751 5155 πολλούς.
3786 5086 4066 5161 Comini},

2494 5158 2634 5224 vulgi
2671 5159 2923 5213 homines.

2565 5228 3025 5299 (58)4K0.l0t0ilc
3082 5228 3313 5299 πτῆσιν
3375 5229 3565 5284 ἀετῶν
3622 5231 4065 5299 δοκιμάζοντας.

2496 5294 2676 5369 llunc_
2698 5297 2875 5349 locum
2907 5299 3039 5350 citat
3082 5294 3341 5353 Erasmus
3384 5303 3436 5353 in
3468 5300 3681 5369 adagio,
3715 5294 3946 5368 aquilam
3976 5294 4066 5356 ro-

2496 5365 2606 5419 larc
2642 5365 2816 5438 doces,
2851 5375 3149 5438 monetque
3179 5368 3279 5421 hoc
3322 5365 3666 5438 proverbium
3699 5365 3882 5425 in'cos
3911 5388 4065 5425 com-

2494 5444 2696 5503 petere,
2731 5437 2824 5503 qui
2850 5435 3051 5490 'docere
3080 5435 3389 5506 quempizuu
3418 5452 3686 5492 conantur
3717 5441 3770 5493 in
3804 5457 3866 5494 ea
3901 5459 3977 5502 re,
4009 5443 4065 5498 in

2491 5506 2841 5583 qua__enu_rs_it
2864 5507 2979 5583 ipse
3000 5509 3508 5583 exercitatissimum,
3524 5511 3654 5583 nillil
3678 5520 3795 5580 eget
3821 5512 4066 5583 doetore.

2566 5574 2676 5651 (35:9)
2706 5577 2812 5651 Kal
2847 5574 2965 5651 ζῶν
2997 5575 3130 5651 eum.
3159 5577 3234 5651 Ita
3260 5579 3419 5651 codd.
3448 5581 3555 5634 duo
3588 5574 3775 5651 Ili-3g,
3823 5582 4066 5644 Montac.

2494 5649 2550 5698 et
2579 5644 2825 5699 Cotubcl'.
2866 5647 2918 5697 In
2952 5645 3084 5699 edit.
3120 5647 3226 5699 τῶν
3256 5648 3426 5702 deest.
