5168 6648
1072 410 1143 466 3-5
2240 408 2278 460 δ
2339 405 2671 461 ansconu
2711 407 3064 464 TIIEOI.OGI
4277 405 4346 463 δι

1072 529 1258 577 autem
1300 522 1592 592 episcopos
1652 522 1718 574 ad
1786 523 1976 576 urbem
2022 538 2353 578 concurrere
2387 523 2650 587 intellexi,
2685 533 2725 587 Α
2757 525 3113 596 ἐπηρεάζουσι

2309 539 2353 578 ‘e
2387 523 2650 587 intellexi,
2685 533 2725 587 Α
2757 525 3156 596 ὲπηρεάζουσι·
3200 522 3452 594 δεύτερον
3485 523 3540 576 δὲ
3567 563 3580 584 ,
3622 524 3670 576 εἰ
3705 524 3778 593 μὴ
3822 523 3866 575 τ’
3901 521 4041 574 αὖτᾶ
4071 520 4151 574 σοί
4177 537 4237 573 τε
4271 520 4350 586 (ti)

1072 613 1434 684 proleélionis
1459 615 1754 668 consilium
1791 614 1986 683 abrupi
2011 654 2025 675 ,
2060 614 2438 684 demirarique
2485 614 2650 684 cmpi,

1073 707 1310 776 prinmm
1343 707 1411 770 si,
1454 705 1586 775 quid
1613 707 1903 761 honestum
1941 714 2110 768 esset,
2145 723 2252 760 non
2299 706 2651 776 perspexisti,

1073 815 1172 854 nec
1203 799 1404 870 putasti
1442 800 1718 854 cavendas
1751 814 1873 854 esse
1904 800 2050 869 vulgi
2085 799 2192 870 35
2227 799 2507 853 hominum
2547 799 2652 852 lin-

1071 906 1230 960 guas,
1269 908 1392 961 quae
1433 892 1865 961 simplicioribus
1899 892 2207 962 quibusque
2243 890 2527 945 celerrime
2556 905 2652 944 ca-

1073 982 1335 1038 lumniam
1381 992 1638 1049 struunt;
1698 985 1930 1048 deinde,
1975 984 2019 1037 si
2083 998 2192 1037 non
2243 981 2430 1037 eadem
2461 982 2559 1036 tibi
2589 996 2652 1036 ac

1073 1074 1234 1129 nobis
1275 1076 1569 1131 convenire
1609 1077 1914 1139 existimas,
1961 1075 2162 1146 quibus
2189 1082 2242 1127 rt
2283 1074 2415 1136 vita,
2463 1083 2518 1128 et
2561 1074 2656 1128 do.

1065 1171 1273 1237 ctrina,
1299 1181 1361 1245 let
1397 1172 1607 1242 reliqua
1633 1171 1818 1225 omnia
1855 1170 2171 1224 communia
2205 1176 2356 1232 sunt,
2388 1169 2648 1223 nimirum

1070 1277 1100 1316 a
1135 1262 1246 1318 Deo
1274 1264 1348 1318 ita
1377 1264 1490 1334 jam
1527 1265 1652 1320 inde
1685 1281 1715 1318 a
1748 1264 1922 1336 prima
1955 1270 2116 1318 aetate
2146 1262 2518 1324 consociatis;
2553 1271 2654 1315 ter-

1067 1354 1148 1410 tio
1193 1357 1379 1427 (liceat
1429 1357 1574 1411 enim
1635 1357 1737 1411 hoc
1799 1372 2019 1427 quoque
2049 1355 2290 1425 dicere),
2353 1354 2396 1408 si
2436 1354 2650 1424 piormn

1070 1447 1277 1518 Deique
1304 1458 1446 1504 metu
1482 1449 1834 1519 pra'ditorum
1879 1448 2160 1502 hominum
2197 1444 2512 1515 hujusmedi
2541 1444 2650 1498 ele-

1069 1540 1280 1593 ctiones
1338 1555 1462 1594 esso
1517 1540 1778 1609 iudicasti
1805 1581 1821 1604 ,
1879 1556 1987 1594 non
2020 1549 2200 1593 autem
2234 1538 2567 1608 potentium,
2600 1545 2654 1592 et

1067 1629 1210 1698 apud
1251 1631 1445 1716 vulgus
1480 1633 1872 1702 gratiosorum.
1927 1634 2105 1702 Atque
2137 1645 2238 1701 ego
2306 1630 2394 1684 his
2423 1631 2489 1684 de
2517 1645 2653 1683 cau-

2763 617 2857 670 καὶ
2887 619 3018 688 ἡμῖν
3062 615 3295 687 πρέπειν
3330 614 3736 686 ὑπολαμϐάνεις
3761 652 3776 675 ,
3810 608 3891 676 οἷς
3926 613 4020 664 καὶ
4055 612 4165 680 βίος
4188 650 4204 674 ,
4255 615 4350 664 καὶ

2763 711 2917 779 λόγος
2937 751 2950 774 ,
2990 713 3084 762 καὶ
3109 711 3176 762 τὰ
3211 708 3390 762 πάντα
3417 707 3570 760 κοινὰ
3590 747 3604 771 ,
3636 705 3807 769 οὓτως
3835 708 3899 759 ἐκ
3934 704 4068 757 Θεοῦ
4101 703 4168 756 τά
4203 701 4353 773 πρῶ-

2761 821 2831 857 τα
2887 802 3337 873 συναρμοσθεῖσιο
3391 799 3576 869 τρίτον
3634 798 3815 866 (ἔστω
3871 797 3981 866 γάρ
4035 797 4129 850 καὶ
4191 794 4352 848 τοῦτο

2762 898 2936 949 εἰπεῖν
2962 897 3007 961 ),
3039 897 3086 947 εἱ
3114 893 3222 946 τῶν
3248 891 3654 962 εὖλαϐεστέρων
3678 890 3934 959 ἐνόμισας
3966 888 4064 950 τὰς
4091 886 4350 948 τοιαύτας

2762 985 2900 1044 εἶναι
2931 988 3203 1060 προϐολὰς
3223 1027 3238 1049 ,
3269 985 3408 1039 ἀλλὰ
3435 985 3511 1056 μὴ
3535 983 3641 1037 τῶν
3661 981 4047 1052 δυνατωτέρων
4073 1021 4088 1044 ,
4117 981 4211 1033 καὶ
4235 981 4345 1041 τοῖς

2758 1080 3018 1150 πλήθεσιν
3079 1079 3446 1149 οἱκειοτέρων.
3508 1074 3648 1145 Ἐγὼ
3707 1077 3805 1146 μὲν
3861 1070 3956 1128 οὖν
4006 1073 4092 1125 διά
4147 1070 4345 1134 ταῦτα,

2756 1173 3011 1245 πρύμναν
3064 1172 3413 1242 ὲκρουσάμην
3442 1209 3455 1232 ,
3504 1171 3600 1222 καὶ
3655 1168 3975 1236 ἀναδύομαι.
4034 1165 4125 1218 Σοὶ
4179 1163 4238 1216 δὲ
4294 1163 4347 1215 εἰ

2754 1264 2901 1318 δοκεῖ
2957 1264 3051 1318 καὶ
3105 1262 3254 1334 αύτῷ
3281 1304 3296 1328 ,
3343 1261 3502 1314 τοῦτο
3548 1261 3624 1331 (7)
3662 1259 3935 1330 δεδόχθω,
3978 1258 4168 1327 φυγεῖν
4194 1255 4345 1336 ,τοὺς

2755 1359 2813 1410 ὲν
2846 1358 2996 1427 μέσῳ
3025 1356 3284 1427 θορύϐους
3309 1395 3322 1417 ,
3380 1356 3474 1409 καὶ
3517 1355 3616 1416 τάς
3649 1351 3893 1425 πονηρὰς
3944 1350 4200 1413 ὑπονοίας
4242 1348 4341 1418 (8).

2758 1447 2867 1520 Τὴν
2913 1447 2970 1501 δὲ
3010 1448 3109 1518 σὴν
3143 1448 3431 1500 εὐλάϐειαν
3462 1445 3765 1517 τηνικαῦτα
3816 1444 4050 1515 ὄψομαι,
4086 1443 4249 1514 ἡνίκα
4277 1439 4345 1494 ἂν

2757 1541 2827 1596 τά
2881 1558 2940 1594 τε
2989 1542 3296 1611 πράγματα
3328 1540 3606 1609 καταστῇ,
3637 1538 3732 1592 καὶ
3762 1537 3952 1608 καιρὸς
3985 1531 4052 1606 ᾗ,
4086 1534 4181 1587 καὶ
4208 1534 4344 1586 ὀνει·

2758 1631 2890 1683 δίσω
2937 1647 3001 1699 γε
3049 1630 3268 1684 πλείονα
3320 1629 3414 1682 καὶ
3459 1627 3754 1698 βαρύτερα.

1067 1719 1145 1776 sis
1185 1713 1397 1791 navigii
1436 1713 1660 1794 proram
1708 1724 1991 1787 converti,
2034 1738 2098 1776 ac
2143 1722 2417 1792 proﬁcisci
2483 1721 2803 1777 detrectavi.
2837 1722 2958 1776 Tibi
3007 1731 3188 1777 autem
3229 1723 3334 1792 ipsi
3395 1722 3442 1776 si
3503 1722 3756 1784 videtur,
3819 1718 3925 1772 hoc
3997 1730 4216 1788 quoque
4280 1713 4344 1771 li-

1068 1832 1197 1872 xum
1258 1820 1733 1890 constitutumque
1783 1822 1854 1876 sit
1911 1820 2266 1874 intermedios
2319 1817 2588 1872 tumultus
2655 1834 2963 1888 pravasque
3014 1819 3364 1889 suspiciones
3418 1817 3625 1887 fugere.
3673 1814 3847 1869 'l‘uam
3906 1828 4033 1868 vero
4085 1812 4340 1881 pietatem

1068 1920 1181 1968 tum
1224 1911 1442 1968 denmm
1473 1913 1689 1976 videbo.
1714 1929 1838 1968 cum
1869 1923 1924 1970 et
1956 1913 2175 1984 negotia
2202 1912 2504 1969 constituta
2529 1911 2754 1977 iuerint,
2779 1923 2834 1967 et
2865 1929 2960 1985 per
3001 1921 3220 1984 tempus
3271 1911 3524 1977 licuerit;
3558 1925 3622 1964 ac
3680 1910 3837 1980 plura
3875 1908 4040 1962 etiam
4107 1913 4161 1961 et
4215 1917 4345 1976 gra-

1060 2009 1216 2067 viora
1245 2006 1612 2076 exprobrabo.

1454 2118 1589 2176 XLI.
1620 2118 1711 2175 AD
1739 2119 2270 2178 CESARIENSES.
2937 2118 3072 2172 ΜΝ.
3104 2117 3286 2170 ΠΡΟΣ
3313 2115 3494 2170 ΤΟΥΣ

2124 2120 2270 2178 SES.
2937 2118 3072 2172 ΜΝ.
3104 2117 3286 2170 ΠΡΟΣ
3313 2115 3494 2170 ΤΟΥΣ
3540 2115 3628 2167 ΕΝ
3668 2113 4040 2185 ΚΛΙΣΔΡΕΙᾼ
4065 2113 4165 2183 (9).

1136 2231 1269 2288 Cum
1297 2232 1540 2312 Ecclesia
1570 2235 1918 2292 Cwsariensis
1944 2240 2216 2293 accivisse:
2237 2257 2301 2296 ac
2331 2250 2570 2312 rogasset
2593 2239 2930 2312 Gregorium,
2961 2236 3012 2290 Ν
3019 2237 3231 2312 asianzi
3253 2236 3575 2312 episcopum,
3600 2251 3665 2288 ne
3685 2251 3741 2288 se
3764 2236 3822 2312 in
3842 2233 4094 2312 electione
4115 2233 4344 2312 episcopi

1063 2305 1364 2377 desereret,_
1407 2307 1718 2374 adfuturum
1752 2324 1807 2362 se
1837 2312 2097 2376 promittit
2127 2303 2451 2366 venerandis
2485 2326 2644 2366 senex
2673 2303 2899 2377 epistola
2925 2309 3180 2377 sequenti,
3213 2324 3373 2376 quam
3420 2307 3595 2374 patris
3631 2307 3861 2377 nomine
3877 2303 4161 2377 Gregorius
4195 2304 4342 2373 [ilius

1065 2376 1297 2450 scripsit.
1337 2375 1677 2450 Demonstrat
1715 2374 1903 2448 quanti
1936 2384 2185 2435 momenti
2214 2384 2285 2436 sit
2315 2382 2500 2438 electio
2533 2374 2762 2450 episcopi
2807 2374 3089 2438 Ca'sarere.
3137 2374 3373 2431 omnium
3408 2377 3767 2431 Ecclesiarum
3800 2374 4193 2450 (Cappadociae)
4225 2391 4344 2428 nta-

1069 2448 1202 2521 tris;
1239 2448 1496 2521 neminem
1527 2445 1738 2521 Basilio
1759 2451 2010 2521 pru'ferri
2038 2452 2223 2507 debere
2245 2454 2507 2516 declarat,
2533 2445 2756 2521 eamque
2785 2452 2979 2512 solum,
3011 2451 3090 2505 vel
3128 2460 3268 2503 certe
3295 2448 3942 2521 omniunt__essemaxinte
3975 2445 4219 2499 idoneum
4257 2461 4342 2499 re-

1063 2516 1358 2593 gendis/ris
1390 2519 1706 2593 temporibus
1742 2516 2013 2593 Ecclesia.
2055 2522 2116 2577 Si
2149 2525 2534 2590 assentiuntur,
2567 2540 2624 2578 se
2655 2516 2970 2593 adfuturum
3000 2521 3318 2590 pollicetur;
3365 2520 3454 2573 sin
3483 2517 3632 2572 aliud
3656 2518 3768 2572 illis
3793 2519 4027 2586 placeat,
4071 2534 4126 2572 se
4156 2531 4339 2572 eorum

1063 2589 1276 2642 consilii
1291 2591 1604 2662 participem
1635 2607 1737 2644 non
1764 2592 2026 2660 futurum.

1139 2701 1273 2757 Sum
1323 2705 1542 2780 quidem
1608 2715 1796 2776 pastor
1825 2709 2078 2779 exiguus,
2125 2711 2418 2782 exiguique
2461 2713 2642 2783 gregis
2678 2715 2719 2770 Β

970 2840 975 2846 .
1065 2797 1318 2860 antistes,
1347 2805 1511 2868 atque
1545 2800 1808 2855 mininms
1853 2798 1995 2857 inter
2027 2801 2267 2872 Spiritus
2321 2805 2643 2861 ministros:

1065 2895 1122 2941 at
1155 2889 1329 2958 gratia
1371 2905 1714 2960 nequaquam
1778 2903 2009 2964 angusta
2053 2903 2159 2959 est,
2217 2913 2319 2952 nec
2373 2899 2509 2954 locis
2539 2898 2650 2953 cir-

1070 2981 1424 3052 cumscripta.
1453 2981 1724 3048 Quocirca
1744 2987 1926 3054 parvis
1956 3002 2176 3058 quoque
2200 2988 2369 3044 libere
2392 2989 2647 3060 loquendi

1065 3082 1309 3145 potestas
1358 3075 1694 3130 concedatur
1723 3118 1737 3137 ,
1793 3081 2099 3146 praesertim
2135 3080 2203 3135 de
2257 3082 2648 3136 communibus

1067 3167 1430 3237 maximisque
1466 3168 1630 3223 rebus
1678 3171 1981 3225 orationem
2043 3172 2406 3237 habentibus,
2437 3183 2491 3228 et
2522 3189 2646 3229 cuin

1067 3267 1216 3312 tanta
1251 3259 1453 3314 canitie
1517 3261 1982 3327 Consultantilnts,
2024 3278 2144 3332 qute
2169 3263 2373 3334 aliquid
2414 3263 2648 3318 fortasse

1067 3349 1395 3421 prudentius
1453 3360 1507 3405 et
1549 3351 1807 3406 solertins
1855 3352 2058 3418 habet,
2099 3370 2265 3424 quam
2326 3355 2578 3426 plerique
2615 3371 2646 3411 c

1065 3445 1251 3512 vulgo.
1289 3442 1406 3497 Non
1436 3443 1503 3498 de
1563 3446 1748 3515 parvis
1786 3453 1840 3500 et
1866 3446 2076 3502 levibus
2108 3447 2272 3503 rebus
2302 3447 2645 3513 deliberatis,

1066 3550 1258 3591 verum
1317 3535 1549 3605 quibus,
1602 3538 1713 3602 vel_
1743 3546 1891 3592 recte
1922 3577 1936 3600 ,
1968 3539 2050 3592 vel
2078 3553 2240 3594 secus
2292 3538 2645 3604 habentibus,

1071 3625 1465 3696 rempublicam
1491 3642 1751 3696 quoque,
1795 3627 1878 3681 vel
1925 3628 2066 3694 hoc,
2104 3628 2188 3682 vel
2237 3627 2330 3681 illo
2381 3630 2544 3682 modo
2591 3646 2650 3685 se

1070 3718 1273 3772 habere
1310 3731 1536 3772 necesse
1566 3725 1668 3772 est.
1705 3716 1777 3772 De
1818 3716 2064 3772 Ecclesia
2097 3717 2241 3771 enim
2278 3717 2438 3772 nobis
2465 3734 2650 3772 sermo

1069 3815 1176 3872 est,
1215 3823 1313 3877 pro
1361 3823 1468 3877 qua
1517 3807 1773 3863 Christus
1831 3815 2061 3861 mortem
2104 3808 2351 3878 Oppetiit.
2393 3823 2456 3862 ac
2487 3809 2553 3862 de
2586 3824 2651 3862 eo

1071 3899 1165 3969 qui
1203 3899 1345 3953 hanc
1376 3898 1485 3954 Deo
1507 3900 1666 3954 siSIat
1695 3909 1749 3955 et
1776 3899 2050 3954 conciliet.
2084 3898 2324 3956 Lucerna
2347 3901 2491 3953 enim
2527 3917 2648 3953 cor-

1068 3993 1236 4060 poris,
1270 3999 1330 4045 nt
1361 3991 1642 4062 Scriptura
1671 3991 1830 4046 ducet
1853 3993 1894 4056 ⁸,
1931 4001 2009 4046 est
2038 3980 2243 4052 oculus,
2275 4007 2384 4045 non
2412 3992 2501 4045 hic
2536 3999 2652 4045 tan-

2818 2710 2951 2782 Εἰμὶ
2997 2710 3097 2780 μὲν
3147 2708 3350 2780 ποιμὴν
3395 2708 3576 2776 ὀλίγος
3603 2748 3620 2773 ,
3683 2707 3780 2761 καὶ
3837 2705 4091 2774 ποιμνίου
4137 2702 4339 2776 μικροῦ

2752 2801 3108 2874 προεστηκὼς
3126 2843 3142 2865 ,
3188 2803 3281 2855 καὶ
3307 2801 3597 2864 πολλοστὸς
3628 2801 3686 2853 ὲν
3714 2799 4018 2869 ὑπηρέταις
4045 2798 4140 2852 τοῦ
4169 2796 4342 2850 Πνεύ-

2753 2911 2942 2965 ματος.
2992 2895 3055 2946 Ἣ
3095 2893 3256 2965 χάρις
3310 2892 3366 2945 δὲ
3411 2893 3474 2944 οὐ
3525 2890 3725 2962 στενὴ,
3772 2891 3892 2942 οὐδὲ
3942 2890 4129 2953 τόποις
4180 2906 4340 2960 περι-

2750 2985 2995 3056 γραπτός
3030 2985 3164 3056 (10).
3201 2984 3301 3037 Διὰ
3349 2982 3508 3037 τοῦτο
3549 2983 3782 3036 δεδόσθω
3835 2983 3930 3035 καὶ
3974 2983 4087 3045 τοῖς
4123 2981 4340 3052 μικροῖς

2751 3077 3035 3151 παρρησία
3059 3119 3074 3140 ,
3121 3077 3297 3140 άλλως
3336 3093 3395 3130 τε
3437 3077 3532 3129 καὶ
3571 3076 3700 3146 περὶ
3736 3075 3932 3129 κοινῶν
3964 3073 4076 3143 (Η)
4107 3075 4205 3128 καὶ
4237 3090 4338 3143 τη·-

2751 3170 3014 3223 λικούτων
3058 3169 3209 3231 ὄντος
3237 3166 3332 3221 τοῦ
3361 3168 3520 3236 λόγου
3547 3208 3562 3230 ,
3599 3168 3696 3220 καὶ
3742 3166 3880 3237 μετὰ
3916 3165 4186 3235 τοσαύτης
4217 3164 4340 3234 βου-

2749 3261 3060 3333 λευομένοις
3086 3261 3184 3332 τῆς
3207 3259 3432 3324 πολιᾶς,
3473 3259 3507 3330 ἦ
3538 3259 3700 3329 τυχὸν
3724 3258 3836 3328 ἔχει
3867 3275 3919 3310 τι
3952 3257 4046 3311 καὶ
4071 3257 4177 3310 τῶν
4211 3257 4340 3310 πολ-

2749 3354 2858 3408 λῶν
2887 3352 3269 3426 συνετώτερον.
3306 3353 3380 3406 Οὐ
3418 3352 3545 3423 περὶ
3577 3351 3824 3423 μικρῶν,
3853 3350 3973 3404 οὐδὲ
4011 3350 4120 3404 τῶν
4145 3350 4340 3420 τυχόν-

2749 3466 2858 3502 των
2913 3445 3269 3518 βουλεύεσθε,
3304 3444 3422 3498 ἀλλ’
3467 3440 3543 3498 ὧν
3583 3444 3615 3514 ἢ
3665 3441 3724 3498 εὖ
3779 3444 3811 3514 ἦ
3859 3442 4044 3505 κακῶς
4082 3442 4314 3513 ἐχόντων

2750 3539 2966 3608 ἀνάγκη
3009 3538 3102 3592 καὶ
3129 3538 3191 3591 τδ
3223 3538 3400 3592 κοινὸν
3434 3539 3545 3608 (12)
3575 3537 3608 3608 ἢ
3653 3536 3877 3600 ἐκείνως
3903 3537 3937 3607 ἢ
3968 3535 4138 3597 οὕτως
4170 3537 4337 3606 ἔχειν.

2753 3633 2888 3703 Περὶ
2937 3631 3046 3703 γάρ
3092 3632 3420 3703 Ἐκκλησίας
3451 3633 3585 3702 ἡμῖν
3616 3632 3645 3683 ὁ
3702 3630 3891 3698 λόγος,
3936 3629 4076 3701 ὑπὲρ
4107 3625 4340 3701 ἧς’Χρι-

2753 3722 2877 3786 στος
2906 3723 3144 3777 ἀπέθανε
3178 3723 3291 3793 (15)
3317 3763 3330 3785 .
3375 3722 3468 3776 καὶ
3513 3721 3607 3774 τοῦ
3641 3721 3846 3792 ταύτην
3903 3719 4021 3790 Θεῷ
4056 3722 4340 3790 παραστή-

2754 3833 2939 3879 σοντος
2981 3816 3076 3870 καὶ
3125 3815 3510 3887 προσάξοντος.
3546 3815 3785 3884 Λύχνος
3822 3814 3921 3885 μὲν
3946 3814 4053 3884 γὰρ
4080 3813 4188 3867 τοῦ
4220 3814 4338 3866 σώ-

2751 3907 2936 3975 ματός
2969 3908 3144 3962 ἐστιν
3172 3907 3514 3977 ὀφθαλμὸς,
3546 3907 3621 3971 ὡς
3654 3905 3967 3976 ἠκούσαμεν
3993 3946 4008 3970 ,
4063 3906 4123 3958 of.
4180 3905 4340 3976 μόνον

2753 3989 2905 4062 οὗτος
2938 4000 2966 4051 ὁ
3016 3998 3348 4070 σωματικῶς
3384 3998 3526 4070 ὁρῶν
3577 3999 3671 4052 καὶ
3714 3999 3990 4070 ὁρώμενος
4016 4043 4029 4061 ,
4065 3998 4200 4052 ἀλλὰ
4246 3997 4341 4052 καὶ

1076 4089 1210 4146 tum,
1236 4085 1328 4154 qui
1350 4098 1616 4153 corporeo
1647 4082 1809 4137 modo
1843 4083 2018 4136 cernit
2051 4097 2114 4136 ac
2147 4083 2412 4145 cernitur,
2464 4084 2557 4138 sed
2605 4084 2652 4138 is
2681 4080 2724 4136 C
2756 4088 2785 4140 ὁ
2820 4107 3117 4160 πνευματικ

2303 4090 2412 4145 tur,
2464 4084 2557 4138 sed
2605 4084 2652 4138 is
2681 4080 2724 4136 C
2756 4088 2785 4140 ὁ
2820 4090 3204 4160 πνευματικῶς
3251 4089 3472 4161 θεωρῶν
3528 4091 3621 4143 καὶ
3680 4090 4070 4162 θεωρούμενος.
4139 4090 4339 4162 Λύχνος

1071 4173 1237 4229 etiam
1290 4173 1383 4243 qui
1435 4173 1797 4242 spiritualiter
1855 4180 2066 4242 spectat
2095 4181 2149 4226 et
2179 4181 2478 4243 spectatur.
2543 4172 2652 4227 Lu-

1073 4282 1239 4322 cerna
1295 4275 1474 4320 autem
1529 4263 1790 4321 Ecclesia:
1826 4275 1911 4320 est
1944 4265 2261 4335 episcopus,
2293 4266 2654 4336 quemadmo-

1073 4360 1203 4414 dum
1239 4360 1339 4429 ipsi
1376 4359 1664 4429 perspicue
1691 4359 1890 4422 nostis,
1933 4357 2149 4412 etiamsi
2199 4373 2308 4410 non
2360 4358 2654 4427 scripseri-

1075 4467 1219 4507 mus.
1259 4450 1445 4522 Itaque
1486 4451 1946 4520 quemadmodum
1979 4464 2105 4504 cum
2140 4450 2231 4505 ille
2265 4466 2398 4520 pure
2419 4459 2473 4505 et
2511 4451 2654 4506 inte-

1076 4560 1171 4614 gre
1215 4560 1275 4600 se
1329 4543 1525 4605 habet,
1569 4557 1770 4611 corpus
1815 4557 2036 4612 quoque
2070 4550 2219 4596 recte
2249 4543 2492 4605 ducitur,
2525 4558 2650 4597 cum

1078 4644 1259 4688 autem
1298 4636 1546 4702 impurus
1588 4641 1706 4696 est,
1755 4648 1864 4686 non
1907 4640 2096 4686 recte:
2132 4633 2403 4687 consimili
2437 4649 2655 4704 quoque

1081 4730 1310 4792 ratione,
1358 4726 1618 4782 utrolibet
1645 4725 1805 4780 modo
1836 4739 1958 4781 sese
1987 4723 2247 4780 Ecclesia:
2278 4726 2510 4780 antistes
2553 4725 2653 4779 ha-

1149 4888 1171 4920 ⁸
1195 4885 1382 4942 Matth.
1415 4904 1487 4950 νι,
1516 4887 1608 4941 22.

1149 5047 1229 5108 l6)
1273 5049 1337 5100 Et
1360 5047 1447 5113 μὴ
1482 5044 1533 5094 τ’
1559 5045 1702 5099 αὐτὰ
1726 5045 1829 5098 σοι
1858 5060 1943 5100 τε.
1969 5043 2046 5098 lta
2069 5045 2192 5099 cod.
2223 5043 2377 5098 Pass.
2410 5052 2465 5098 et
2493 5044 2656 5096 (Iom-

1081 5118 1216 5181 hel.;
1249 5126 1304 5171 at
1331 5118 1455 5171 cod.
1503 5115 1652 5170 Ilarl.
1699 5114 1749 5168 sl
1777 5115 1825 5167 τ’
1852 5115 1991 5169 αὐτὰ
2025 5116 2108 5168 σοί
2135 5132 2214 5167 τε.
2264 5115 2324 5169 In
2367 5114 2455 5170 ed.
2487 5114 2535 5166 εἰ
2578 5113 2656 5184 μὴ

1079 5187 1150 5241 τά
1176 5185 1314 5241 αύτά
1344 5186 1424 5240 σοί
1460 5203 1541 5241 τε.

1155 5259 1231 5326 t7)
1272 5258 1379 5310 Καὶ
1403 5255 1584 5322 αὐτῷ,
1607 5255 1804 5310 τοῦτο.
1825 5254 1984 5311 Forte
2011 5252 2296 5326 legendum
2320 5253 2454 5326 αύτδ
2474 5252 2649 5326 τοῦτο.

1153 5323 1229 5394 (8)
1266 5327 1373 5382 Καὶ
1407 5329 1512 5392 τὰς
1539 5327 1804 5395 πονηρὰς
1834 5323 2145 5390 ὑπονοίας.
2178 5323 2314 5378 Cod.
2358 5323 2501 5378 2022
2536 5326 2655 5376 ὲπιο

1082 5398 1251 5462 νοίας,
1279 5414 1540 5467 pravaqne
1564 5406 1878 5452 commenta.

1157 5470 1233 5534 (9)
1261 5463 1410 5522 Alias
1444 5467 1606 5520 XXII.
1649 5467 1862 5536 Scripta
1914 5465 2075 5536 paulo
2103 5471 2249 5536 post,
2296 5463 2347 5518 id
2378 5473 2464 5536 est
2507 5476 2651 5536 a_nn_o

1084 5537 1191 5592 370
1219 5532 1536 5592 decedente.
1566 5567 1634 5578 -—
1663 5532 1817 5605 Πρός
1854 5532 1994 5601 τοὺς
2021 5532 2468 5605 ἐνίΚαισαρείᾳ.
2514 5532 2649 5605 Cod.

1086 5605 1220 5678 lien.
1243 5610 1308 5678 τῇ
1351 5607 1648 5678 Ἐκκλησία
1683 5602 2002 5678 Καισαρέων
2023 5647 2038 5670 ,
2193 5607 2257 5658 ὲκ
2284 5603 2379 5678 τού
2428 5602 2657 5673 πατρός,

1088 5675 1340 5730 Ecclesiie
1370 5675 1796 5739 Ca‘sariensimn,
1820 5675 1972 5744 quasi
2002 5677 2209 5729 nomine
2233 5675 2422 5744 patris.

1158 5748 1268 5815 (10)
1321 5749 1735 5816 Περιγριιπτιτιῤ.
1783 5741 1858 5801 Ita
1910 5747 2020 5802 duo
2050 5741 2241 5808 codd.
2284 5745 2447 5816 Iicgg.
2485 5741 2542 5798 In
2567 5743 2654 5800 cd.

1088 5834 1454 5892 περιγραπτη.

2757 4179 2814 4233 δὲ
2856 4181 2956 4251 τῆς
3003 4183 3329 4254 Ἐκκλησίας
3363 4183 3660 4246 ἐπίσκοπος
3685 4223 3701 4246 ,
3753 4183 3781 4236 ὃ
3831 4183 3989 4254 δῆλον
4036 4185 4198 4255 ὑμῖν,
4236 4184 4340 4238 κᾶν

2758 4272 2912 4328 αὐτοὶ
2953 4273 3028 4344 μὴ
3052 4273 3374 4344 γράφωμεν.
3435 4273 3673 4345 Ἀνάγκη
3718 4275 3929 4336 τοίνυν,
3972 4273 4161 4344 ῶσπερ
4189 4275 4337 4328 ὲκεί-

2757 4381 2849 4417 νου
2878 4363 3135 4434 καθαρῶς
3170 4364 3271 4434 μὲν
3298 4364 3514 4435 ἔχοντος
3539 4365 3717 4436 ὀρθῶς
3751 4365 3982 4434 ἄγεσθαι
4028 4365 4204 4419 καὶτὸ
4235 4367 4341 4420 σῶ-

2762 4471 2840 4525 μα
2863 4493 2878 4509 .
2926 4455 2999 4526 μὴ
3031 4454 3272 4524 καθαροῦ
3300 4454 3357 4508 δὲ
3393 4455 3787 4525 τυγχάνοντος,
3820 4455 3921 4508 ούκ
3957 4455 4158 4528 ὀρθῶς·
4199 4455 4340 4510 οὕτω

2757 4545 2821 4616 δὴ
2851 4545 2963 4613 (Μ)
2999 4547 3092 4597 καὶ
3116 4544 3193 4616 τῷ
3225 4545 3504 4616 προστάτῃ
3532 4546 3632 4616 τῆς
3669 4547 4025 4617 Ἐκκλησίας,
4064 4546 4338 4618 ὁποτέρως

2758 4637 2825 4690 ἂν
2856 4636 2952 4708 ἔχῃ
2979 4678 2992 4702 ,
3028 4635 3244 4699 πάντως
3285 4635 3319 4706 ἦ
3363 4635 3882 4690 συνδιακινδυνεύειν
3906 4677 3921 4700 ,
3956 4638 3989 4708 ἦ
4040 4636 4337 4691 συνδιασώ-

2759 4727 2967 4790 ζεσθαι.
3001 4726 3188 4797 nam;
3219 4727 3317 4798 μὲν
3348 4723 3442 4780 οὖν
3483 4726 3810 4798 Ἐκκλησίας
3842 4729 4186 4798 φροντιστέον
4208 4767 4223 4788 .
4261 4727 4337 4792 ὡς

2831 5042 2943 5111 (ll)
2976 5039 3518 5111 Περὶκοινῶνηεμζ.
3553 5032 3800 5111 Combel.
3847 5049 3961 5087 cum
3995 5034 4062 5086 de
4107 5030 4332 5111 publicis

2759 5102 3113 5182 maximisque
3161 5109 3315 5163 rebus
3367 5106 3682 5160 deliberatio
3731 5105 3823 5168 sit,
3868 5119 4060 5172 nempe
4108 5102 4174 5157 de
4221 5111 4333 5156 tota

2756 5183 3244 5322 άΙΤῖΞ)³’“Ανιίγκη
3269 5249 3335 5322 τὸ
3360 5247 3733 5322 (κοινόνηοιε.
3766 5241 4069 5322 Cod-.“Iieg.
4095 5250 4149 5295 et
4175 5242 4333 5322 Com:

2760 5313 2867 5378 bei.
2896 5313 3072 5376 κοινὸν
3101 5313 3272 5382 οὕτως
3295 5320 3328 5390 ἦ
3352 5319 3572 5390 ἐκείνως
3603 5316 3766 5390 ἔχειν,
3795 5313 4216 5390 publicamrem,
4251 5313 4332 5390 vel

2686 5428 2732 5484 υ
2758 5395 3048 5484 publicum,
3085 5394 3257 5462 ipsam
3286 5383 3798 5458 netnpcditncesim,
3823 5385 3917 5436 hoc
3950 5384 4028 5437 vel
4059 5384 4153 5436 illo
4176 5383 4333 5437 modo

2758 5482 2811 5518 se
2831 5464 3232 5603 (ligegﬁmwc
3253 5530 3571 5585 ἀπέθανεν.
3603 5525 3720 5581 Duo
3742 5525 3902 5580 codd.
3933 5523 4167 5594 Χριστὸς
4199 5521 4334 5575 ἔπα-

2759 5603 2870 5662 θεν.
2907 5605 3149 5658 Christus
3183 5617 3372 5662 passus
3399 5609 3496 5654 est.

2829 5675 2941 5744 (ll)
2983 5675 3148 5727 Οὕτω
3171 5665 3271 5744 δή.
3314 5671 3370 5744 ln
3403 5669 3527 5744 cod.
3564 5668 3707 5744 Reg.
3729 5670 3880 5744 tleest
3907 5667 3992 5735 δή.
4041 5665 4222 5744 P_aulo_
4249 5666 4334 5720 in-

2761 5735 2864 5812 fra‘,
2895 5735 3428 5799 συνδιακινδυνεύειν.
3453 5741 3525 5795 Id.
3547 5735 3669 5796 cod.
3696 5739 3857 5794 habet
3878 5735 4328 5806 συγκινδυνεύειν.
