4358 6480
419 421 488 479 85
1790 425 2126 484 EPISTOLA
2168 427 2305 484 XLI.
3621 427 3689 486 83

421 539 658 610 Χριστοῦ
712 542 1001 613 σωματος,
1059 546 1296 616 μάλιστα
1342 547 1399 601 δὲ.
1452 547 1549 617 τῆς
1605 547 1916 620 ὑμετέρας,
1968 547 2079 618 ἢΑ
2111 545 2142 600 b

1968 547 2002 618 ἢ
2039 553 2079 607 Α
2111 545 2312 611 bucrit,
2347 546 2709 617 36.oumiuo
2739 548 2820 601 vel
2863 547 3092 616 periculi
3122 550 3203 602 vel
3233 549 3428 603 salutis
3465 550 3687 618 partici-

423 635 608 704 μὴτηρ
656 635 843 706 σχεδὸν
870 637 1126 692 ἀπάντων
1157 639 1265 691 τῶν
1306 640 1642 710 Ἐκκλησιῶν
1692 635 1760 711 ἦν
1804 656 1865 692 τε
1905 641 2000 692 ἀπ’

418 725 598 797 ἀρχῆς
623 766 637 787 ,
681 728 776 780 καὶ
807 727 902 782 νῦν
935 731 1051 783 ἐστι
1071 769 1086 792 ,
1127 732 1222 784 καὶ
1270 731 1548 802 νομίζεται
1568 774 1582 794 ,
1635 733 1728 784 καὶ
1771 730 1908 803 πρὸς
1935 731 2003 802 ἢν

418 816 482 869 τὸ
530 818 709 872 κοινὸν
743 818 927 888 βλέπει
954 821 1088 890 (15),
1133 821 1210 884 ὡς
1235 822 1447 892 κέντρῳ
1489 821 1688 884 κύκλος
1736 839 2005 893 περιγρα-

423 908 656 977 φόμενος
679 949 693 969 .
726 910 790 962 οὐ
815 911 976 980 μόνον
1005 911 1095 965 διὰ
1137 911 1235 983 τὴν
1273 912 1583 984 ὁρθοδοξίαν
1629 912 1834 967 ἄνωθεν
1869 915 2006 966 πᾶσι

423 1001 873 1072 κεκηρυγμένην,
923 1002 1062 1056 ἀλλά
1116 1005 1210 1057 mi.
1257 1005 1358 1075 τὴν
1412 1007 1476 1058 ἐκ
1531 1004 1666 1060 Θεοῦ
1715 1004 2006 1076 δεδομένην

421 1093 559 1163 αὐτῇ
618 1093 898 1164 προδήλως
944 1096 1105 1166 χάριν
1146 1097 1250 1166 τῆς
1292 1097 1564 1167 ὁμονοίας.
1627 1097 1845 1168 Ἐπειδὴ
1891 1097 2004 1168 (16)

421 1183 603 1236 τοίνυν
632 1183 938 1256 κεκλήκατε
975 1188 1073 1258 μὲν
1103 1189 1200 1241 καὶ
1230 1189 1382 1259 ἡμᾶς
1420 1191 1500 1252 εἰς
1527 1189 1627 1260 τὴν
1666 1191 1793 1262 περ).
1815 1188 2006 1253 τούτου

421 1274 710 1345 διάσκεψιν
727 1316 741 1337 ,
767 1277 1051 1342 ποιοῦντες
1078 1280 1253 1351 ὀρθῶς
1281 1280 1376 1334 καὶ
1407 1281 1706 1346 κανονικῶς
1726 1323 1740 1344 ,
1773 1281 2005 1355 κρατού-

427 1366 567 1436 μεθα
603 1368 660 1420 δὲ
689 1369 840 1442 γήρᾳ
863 1372 959 1424 καὶ
987 1372 1289 1444 ἀρρωστίᾳ,
1333 1375 1383 1428 εί
1412 1374 1511 1445 μὲν
1541 1376 1637 1429 κα).
1665 1375 1820 1429 αὐτοὶ
1867 1393 2008 1447 παρ-

424 1458 654 1530 είημεν,
703 1461 797 1515 τοῦ
844 1463 1163 1534 ῐῙνεύματος
1217 1465 1626 1539 ἐπιρρώσαντος
1664 1468 1854 1536 (οὐδὲν
1899 1468 2009 1541 γὰρ

423 1548 654 1604 ἄπιστον
684 1556 796 1617 τοῖς
828 1557 1114 1624 πιστοῖς),
1145 1557 1302 1612 τοῦτο
1332 1557 1411 1628 τῷ
1444 1559 1611 1611 παντὶ
1645 1558 1852 1628 βέλτιον
1871 1559 2006 1628 (17),

427 1643 520 1695 καὶ
555 1645 686 1715 ἡμῖν
719 1646 870 1716 ἥδιον
892 1692 905 1713 ,
945 1650 1031 1702 ἵνα
1075 1652 1172 1704 καὶ
1207 1653 1336 1722 ὑμῖν
1381 1669 1436 1705 τι
1487 1655 2008 1722 συνεισενέγκωμεν,

425 1734 520 1788 καὶ
552 1737 706 1790 αὐτοὶ
737 1739 838 1809 τῆς
870 1740 1120 1810 εὐλογίας
1157 1743 1515 1814 μετάσχωμεν
1535 1759 1550 1773 °
1588 1747 1637 1797 el
1673 1745 1731 1797 δὲ
1768 1747 1866 1816 τῆς
1896 1745 2009 1811 (18)

427 1824 716 1890 ἀσθενείας
757 1827 999 1900 νικώσης
1058 1830 1488 1903 ἀπολειφθείην,
1539 1831 1641 1886 ὅσα
1691 1850 1754 1903 γε
1809 1832 2011 1887 ἀποῦσι

426 1914 653 1970 δυνατὸν
676 1958 692 1982 ,
720 1921 1171 1993 συνεισφέρομεν.

2107 654 2230 710 pem
2283 654 2406 691 esse
2462 653 2684 692 necesse
2713 648 2822 693 est.
2857 637 3029 692 Porro
3049 641 3197 692 omni
3241 640 3514 702 Et‘t'lt'ﬁlﬂ',
3573 647 3688 692 tan-

2106 744 2273 800 quam
2303 727 2508 782 Christi
2534 728 2775 797 corpori,
2801 743 3017 783 summa
3051 743 3185 782 cura
3229 737 3277 783 et
3311 729 3688 784 sollicitudine

2107 821 2550 892 prospiciendum
2582 830 2687 882 est,
2722 828 2838 873 tum
2899 821 3137 875 maxime
3171 832 3386 884 vestrm,
3419 839 3540 892 qum
3569 839 3688 872 om-

2108 915 2260 968 nium
2316 913 2428 968 fere
2466 912 2837 967 Ecclesiarum
2885 921 3058 968 mater
3105 926 3158 967 et.
3209 913 3513 982 antiquitus
3567 913 3688 973 fuit.

2089 1004 2162 1060 'ct
2189 1021 2338 1060 nunc
2384 1014 2491 1066 est,
2526 1013 2692 1074 atque
2723 1014 3016 1069 censetur,
3058 1017 3109 1060 et
3143 1008 3209 1059 :ul
3240 1022 3404 1076 quam
3433 1014 3546 1058 tota
3580 1022 3693 1059 res-

2108 1096 2328 1166 publica
2375 1097 2691 1151 Christiana
2729 1098 2923 1150 oculos
2967 1098 3213 1164 coniicit,
3257 1098 3402 1152 haud
3440 1113 3601 1152 secus
3630 1114 3693 1151 ac

2108 1187 2353 1240 circulus
2386 1196 2577 1241 centro
2607 1188 3092 1258 circumscriptus,
3130 1205 3237 1242 non
3276 1191 3439 1243 modo
3467 1198 3694 1258 propter

2111 1277 2232 1332 ﬁdei
2290 1279 2658 1349 integritatem
2707 1281 2818 1349 jam
2857 1283 2988 1335 olim
3023 1282 3282 1334 omn-ilius
3319 1281 3695 1350 przedicatam,

2111 1372 2204 1426 sed
2255 1372 2420 1425 etiam
2459 1372 2531 1425 ob
2562 1374 2870 1427 concordiae
2897 1374 3152 1443 gratiam,
3196 1373 3385 1438 divino
3420 1370 3564 1424 haud
3593 1371 3695 1424 du-

2109 1463 2199 1518 bie
2232 1463 2500 1518 benelicio
2557 1463 2664 1533 ipsi
2711 1479 3059 1518 concessam.
3116 1463 3386 1529 Quoniam
3417 1462 3588 1530 igitur
3629 1461 3696 1514 ad

2109 1555 2577 1618 deliberationem,
2613 1553 2872 1624 quamde
2916 1555 3017 1607 hac
3061 1571 3119 1607 re
3149 1553 3386 1613 habetis,
3425 1565 3528 1605 nos
3558 1566 3697 1620 quo-

2110 1662 2238 1716 que.
2271 1655 2330 1698 ut
2364 1660 2464 1714 par
2487 1654 2626 1706 erat,
2665 1653 2832 1712 atque
2871 1644 3248 1699 eccicsiastica
3292 1645 3480 1714 regula
3508 1650 3698 1712 postu-

2114 1739 2282 1801 labat,
2313 1738 2590 1790 accivistis
2611 1779 2625 1799 ,
2660 1745 2942 1796 senectute
2972 1747 3153 1790 autem
3180 1745 3234 1789 et
3269 1737 3459 1789 morbo
3488 1735 3697 1789 detine-

2113 1847 2257 1894 mur,
2289 1830 2557 1899 siquidem
2616 1832 2720 1900 ipsi
2766 1846 3005 1900 quoque,
3048 1831 3256 1900 Spiritu
3301 1838 3495 1881 sancto
3551 1826 3699 1880 vires

2044 1913 2084 1967 η
2112 1929 2335 1977 nostras
2369 1921 2720 1984 oblirmante,
2754 1923 2953 1975 adesse
2993 1937 3262 1992 queamus
3309 1921 3328 1990 (
3347 1935 3524 1989 neque
3553 1917 3699 1973 enim

426 2009 726 2081 quidquam
755 2013 860 2066 tide
886 2015 1132 2082 pneditis
1177 2015 1502 2071 incredibile
1536 2015 1679 2085 est),
1718 2016 1823 2069 hoc
1868 2029 2000 2070 sane
2029 2022 2084 2067 et
2119 2013 2352 2083 publicae
2393 2012 2619 2064 utilitati
2659 2013 2878 2072 melius.
2913 2020 2966 2066 ct
3010 2013 3174 2067 nobis
3222 2012 3526 2080 jucundius
3579 2009 3699 2063 l‘ue-

430 2102 522 2164 rit,
560 2109 620 2156 ut
670 2111 726 2159 et
754 2104 910 2162 vobis
963 2107 1171 2178 aliquid
1216 2108 1590 2173 conferamus,
1642 2119 1698 2164 et
1742 2108 1847 2179 ipsi
1912 2105 2312 2162 benedictionis
2364 2106 2655 2176 participes
2716 2105 3036 2158 ('"it.1lanlll|‘.
3076 2104 3132 2157 Si
3197 2111 3380 2159 autem
3421 2119 3519 2175 per
3573 2119 3698 2157 cor-

433 2197 580 2266 poris
635 2197 1008 2255 inlirmitatcm
1056 2201 1256 2257 adesse
1316 2218 1426 2256 non
1476 2203 1715 2266 licuerit,
1759 2202 1813 2257 id
1845 2209 2018 2267 certe,
2048 2199 2195 2271 quod
2232 2199 2492 2254 absentes
2528 2206 2784 2267 possunt.
2815 2197 3178 2252 conferimus.

499 2310 768 2382 Πείοομαι
815 2311 916 2384 μὲν
950 2311 1062 2384 (19)
1092 2314 1188 2367 καὶ
1224 2315 1418 2380 ἄλλους
1450 2313 1591 2370 εἶναι
1637 2317 1737 2386 τῆς
1766 2334 2008 2389 προστα-

431 2405 554 2493 σίας
579 2402 765 2469 ἀξίους
792 2408 923 2478 παρ’
955 2407 1083 2478 ὑμῖν
1108 2448 1123 2472 ,
1154 2409 1247 2462 καὶ
1271 2409 1347 2474 ὼς
1381 2411 1446 2464 ὲκ
1484 2411 1693 2476 πόλεως
1718 2411 2011 2482 τοσαύτης,

432 2495 528 2550 καὶ
557 2496 734 2560 οὕτω,
783 2499 878 2551 καὶ
909 2499 1015 2552 ὑπὸ
1060 2500 1318 2554 τοιούτων
1355 2502 1601 2573 ἠγμένης
1626 2504 1832 2558 ἄνωθεν
1851 2520 1864 2535 ο
1897 2503 2016 2567 ἐνὸς

429 2584 488 2639 δὲ
523 2587 716 2641 οὐδένα
738 2587 972 2659 δύναμαι
1000 2591 1337 2661 προτιμῆσαι
1361 2591 1471 2645 τῶν
1496 2594 1626 2664 παρ’
1671 2594 1801 2664 ὑμῖν
1844 2611 2017 2663 τιμω-

437 2677 615 2747 μένων
650 2679 762 2748 (9.0)
795 2681 890 2734 τοῦ
939 2681 1357 2750 θεοφιλεστάτου
1395 2684 1513 2737 υἱοῦ
1547 2684 1702 2755 ἡμῶν
1736 2684 2015 2738 Βασιλείου

435 2770 812 2843 πρεσϐυτέρου
841 2772 1017 2844 (λέγω
1053 2773 1108 2826 δὲ
1151 2773 1226 2838 ὡς
1265 2776 1370 2828 ὑπὸ
1420 2776 1540 2848 Θεῷ
1585 2778 1891 2849 μάρτυρι),
1919 2778 2016 2830 ἀν-

434 2861 560 2932 δρὸς
599 2863 693 2915 καὶ
743 2863 843 2933 βίῳ
895 2867 989 2918 καὶ
1022 2866 1166 2936 λόγῳ
1214 2867 1667 2939 κεκαθαρμένου,
1715 2870 1810 2923 καὶ
1853 2869 2017 2940 μόνου

434 2952 544 3004 τῶν
589 2955 843 3021 πάντων,
875 2956 907 3026 ἢ
947 2957 1029 3010 ὅτι
1072 2957 1308 3028 μάλιστα
1331 3001 1345 3024 ,
1379 2961 1500 3012 κατ’
1538 2961 1826 3030 ἀμφότερα
1858 2961 2019 3014 δυνα-

439 3044 603 3114 μένου
635 3050 824 3117 στῆναι
855 3048 990 3120 πρὸς
1014 3049 1108 3102 τὴν
1143 3049 1236 3102 νῦν
1266 3051 1452 3122 καιρὸν
1484 3050 1619 3120 (21),
1642 3052 1735 3104 καὶ
1764 3052 1863 3122 τὴν
1889 3068 2022 3105 κατ-

438 3137 667 3206 έχουσαν
719 3138 828 3192 τῶν
876 3141 1169 3213 αἰρετικῶν
1219 3141 1620 3210 γλωσσαλγίαν.
1690 3144 1877 3197 Ταῦτα
1927 3142 2022 3196 καὶ

440 3231 733 3300 ἱερατικοῖς
760 3233 986 3302 γράφω,
1015 3235 1108 3286 καὶ
1150 3238 1494 3305 μοναστικοῖς
1515 3277 1530 3301 ,
1565 3237 1660 3289 καὶ
1680 3240 1792 3300 τοῖς
1831 3239 1896 3290 ὲκ
1922 3236 2016 3289 τοῦ

2187 2313 2251 2368 Et
2279 2313 2497 2384 quidem
2530 2313 2666 2366 alios
2697 2328 2916 2384 quoque
2943 2317 3087 2383 apud
3125 2329 3221 2367 vos
3266 2315 3576 2385 principatu
3610 2318 3697 2374 di-

2115 2423 2252 2480 gnos
2288 2421 2412 2461 esse
2450 2405 2703 2468 coalido,
2749 2414 2939 2474 utpote
2971 2406 3023 2459 in
3061 2407 3194 2460 urbe
3219 2408 3579 2476 amplissima,
3622 2423 3704 2466 τη..

2127 2515 2235 2560 tllle
2278 2499 2353 2554 ita
2394 2499 2693 2568 pra‘clare,
2759 2509 2815 2553 et
2870 2501 2940 2553 ab
2997 2501 3314 2571 hujusmodi
3375 2505 3704 2572 prtesulihas

2118 2591 2252 2644 olim
2293 2592 2594 2659 gubernata
2640 2607 2653 2642 :
2697 2599 2954 2646 caeterum
2999 2609 3064 2647 ex
3101 2594 3363 2649 omnibus
3403 2597 3497 2663 qui
3557 2597 3700 2668 apud

2118 2697 2218 2737 vos
2263 2682 2316 2736 in
2362 2683 2570 2737 honore
2601 2691 2750 2748 sunt,
2784 2685 3051 2738 neminem
3095 2684 3202 2739 Deo
3236 2685 3593 2742 dilectissimo
3636 2688 3703 2743 ii-

2119 2774 2195 2827 lio
2249 2784 2436 2830 nostro
2489 2775 2692 2830 Basilio
2750 2776 3072 2846 presbytero
3148 2776 3428 2833 anteferre
3480 2794 3702 2848 possunt

2123 2865 2260 2934 (htec
2291 2873 2471 2918 autem
2518 2864 2673 2934 quasi
2719 2864 2826 2917 Deo
2879 2875 3019 2920 teste
3059 2865 3243 2936 dico),
3310 2867 3430 2920 viro
3478 2875 3534 2922 et
3596 2869 3706 2921 vita

2122 2963 2179 3009 et
2211 2971 2466 3009 sermone
2496 2965 2750 3026 purgato,
2780 2957 2985 3026 quique
3017 2957 3101 3010 vel
3137 2957 3384 3011 omnium
3415 2959 3587 3020 solus,
3622 2964 3705 3013 vel

2125 3056 2276 3100 certe
2310 3062 2474 3116 quam
2509 3047 2774 3108 maxime.
2810 3055 3046 3117 utraque.
3084 3065 3142 3102 re
3174 3049 3439 3103 adversus
3478 3049 3708 3114 hujusce

2121 3137 2386 3206 temporis
2440 3138 2716 3192 turbinem
2760 3152 2827 3190 ac
2869 3137 3135 3197 vigentem
3186 3137 3566 3191 harrctirorum
3603 3137 3707 3190 lin-

2123 3242 2242 3295 gnte
2280 3227 2589 3297 pruritum,
2659 3229 2809 3281 velut
2866 3228 2919 3281 in
2983 3229 3267 3298 procinctu
3317 3239 3464 3282 stare
3513 3229 3704 3298 possit.

437 3322 812 3392 ἀξιωματικοῦ
852 3324 946 3378 καὶ
999 3302 1347 3396 βουλευτικοῦ
1408 3328 1689 3400 τάγματος
1711 3371 1726 3394 ,
1783 3330 1878 3382 καὶ
1923 3329 2019 3384 τοῦ
2046 3302 2088 3360 C
2123 3317 2158 3371 11

1988 3329 2019 3384 ὖ
2046 3302 2088 3360 C
2123 3317 2250 3373 llaec
2276 3327 2330 3371 et
2363 3318 2432 3372 iis
2471 3319 2679 3380 scribo,
2731 3319 2824 3388 qui
2870 3319 3165 3374 sacerdotii
3215 3333 3440 3372 munere
3476 3318 3708 3388 fungun-

440 3417 611 3488 δήμου
651 3416 852 3479 παντός
884 3416 1019 3486 (2‘2).
1056 3418 1120 3471 Ei
1157 3418 1256 3488 μὲν
1282 3415 1375 3473 οὖν
1400 3421 1559 3473 τοῦτο
1589 3421 1857 3488 συνδόξειε
1885 3461 1900 3483 ,
1929 3422 2025 3475 καὶ

441 3510 476 3577 ὴ
507 3506 686 3576 ψῆφος
739 3507 894 3578 ἡμῶν
924 3511 1152 3580 κρατοίη
1176 3552 1190 3574 ,
1220 3511 1393 3574 οὕτως
1427 3512 1596 3580 ὑγιῶς
1623 3530 1680 3565 τε
1724 3513 1819 3566 καὶ
1851 3513 2024 3583 ὀρθῶς

441 3597 673 3666 ἔχουσα,
715 3597 791 3660 ὡς
824 3599 962 3668 μετὰ
995 3598 1131 3652 Θεοῦ
1180 3600 1525 3673 ψηφιζομένη
1559 3602 1672 3670 (Ξὸ)
1693 3641 1708 3663 ,
1753 3603 1847 3656 καὶ
1881 3603 2023 3673 πάρ-

443 3707 558 3759 ειμι
597 3689 981 3761 πνευματικῶς
1032 3692 1127 3745 καὶ
1181 3692 1493 3764 παρέσομαι
1525 3735 1540 3756 ,
1608 3693 1810 3764 μᾶλλον
1843 3695 1900 3747 δὲ
1931 3695 2024 3749 καὶ

444 3780 782 3851 ὲπιϐέϐληκα
835 3781 933 3852 τὴν
988 3784 1146 3851 χεῖρα
1199 3782 1336 3854 ἤδη,
1372 3785 1468 3836 καὶ
1516 3783 1706 3855 θαρρῶ
1739 3785 1817 3854 τῷ
1857 3785 2026 3838 Πνεύ-

449 3888 602 3942 ματι.
650 3871 800 3925 erat
844 3873 972 3926 ἀλλο
1003 3891 1088 3938 τι,
1132 3874 1226 3928 καὶ
1264 3875 1341 3945 μὴ
1387 3876 1544 3928 τοῦτο
1581 3875 1849 3941 συνδόξειε
1879 3916 1894 3938 .
1934 3878 2029 3931 καὶ

446 3961 588 4014 κατά
631 3962 900 4034 φρατρίας
962 3963 1056 4017 καὶ
1107 3966 1428 4033 συγγενείας
1491 3966 1560 4020 τὰ
1619 3967 1848 4020 τοιαῦτα
1909 3967 2028 4039 κρί-

446 4071 618 4117 νοιτο,
657 4054 751 4108 καὶ
789 4057 823 4124 ὴ
852 4053 1091 4126 ὀχλώδης
1123 4055 1237 4125 (24)
1275 4057 1399 4128 χεὶρ
1439 4057 1600 4111 πάλιν
1630 4058 1938 4130 παρασύροι
1965 4057 2028 4112 τὸ

446 4143 708 4216 ἀκριόὲς,
742 4148 1033 4215 πράττοιτε
1071 4146 1194 4200 καθ’
1242 4148 1388 4219 ὑμᾶς
1429 4149 1625 4212 αὐτοὺς
1671 4149 1735 4202 τὸ
1770 4148 2025 4221 ἀρέσκον,

447 4239 610 4306 ἡμεῖς
640 4235 700 4290 δὲ
734 4236 1208 4310 συσταλησὸμεοα.

1452 4496 1490 4543 ὶ

2123 3417 2234 3472 tur,
2285 3417 2338 3464 et
2393 3409 2698 3472 monachis.
2772 3418 2827 3464 et
2891 3411 2958 3464 iis
3015 3410 3109 3480 qui
3148 3410 3445 3478 dignitates
3479 3415 3703 3480 gerunt.

2122 3507 2176 3553 et
2215 3500 2473 3554 senatorii
2513 3500 2723 3555 ordinis
2783 3511 2955 3563 sunt,
3003 3517 3066 3552 ae
3119 3501 3359 3569 (lc-suique
3387 3501 3530 3570 plelii
3587 3502 3710 3574 uni;

2123 3607 2314 3647 versat
2363 3591 2418 3645 Si
2460 3591 2629 3662 igitur
2673 3593 2801 3647 huic
2853 3593 3141 3648 sententia:
3198 3607 3487 3647 assensum
3521 3591 3710 3654 fuerit.

2123 3682 2561 3753 suifragiumque
2607 3691 2856 3738 nostrum
2899 3684 3036 3740 adeo
3082 3700 3278 3738 sanum
3313 3691 3368 3737 et
3413 3685 3711 3754 integrum,

2123 3792 2344 3846 unaque
2398 3792 2523 3830 cum
2571 3776 2681 3832 Deo
2729 3777 2940 3839 latum,
2977 3779 3216 3843 vicerit;
3251 3785 3305 3832 ct
3355 3778 3715 3846 spiritualiter

2125 3867 2319 3922 adsum
2347 3877 2404 3923 ot
2453 3868 2642 3934 adero,
2676 3871 2787 3924 imo
2813 3876 2868 3923 et
2893 3869 3006 3937 jam
3038 3885 3262 3923 manum
3299 3869 3488 3933 inieci,
3537 3867 3714 3937 Spiri-

2125 3971 2324 4030 tusque
2375 3959 2572 4015 ﬁducia
2623 3964 2790 4016 nitor.
2852 3960 2952 4015 Sin
3002 3969 3185 4014 autem
3233 3961 3378 4032 aliud
3428 3959 3712 4030 quidpiam

2126 4052 2308 4121 potius
2342 4067 2506 4122 quam
2561 4053 2664 4107 hoe
2701 4055 2938 4122 placeat,
2993 4062 3049 4109 et
3106 4068 3205 4123 per
3245 4053 3500 4107 sodalitia
3534 4061 3590 4104 ct
3621 4067 3717 4106 co-

2128 4144 2415 4213 gnationes
2457 4146 2774 4213 huiusmodi
2814 4160 2905 4202 res
2948 4146 3352 4214 expendautur,
3387 4161 3451 4199 ac
3505 4145 3713 4214 promi-

2132 4249 2265 4289 scua
2297 4237 2453 4291 turba
2485 4237 2675 4305 judicii
2697 4237 3071 4292 sinceritatem
3104 4253 3322 4289 rursmn
3355 4239 3714 4298 cont-alserit,

2132 4333 2188 4381 ct
2215 4327 2558 4390 distraxerit,
2585 4344 2838 4384 seorsum
2870 4345 3003 4383 sane
3033 4330 3082 4382 id
3101 4329 3248 4398 quod
3284 4330 3462 4398 placet
3521 4329 3713 4391 facile,

2136 4435 2238 4476 nos
2267 4429 2450 4476 autem
2481 4421 2625 4474 intra
2650 4422 3022 4492 nosmetipsos
3047 4422 3391 4492 colligemus.

521 4598 632 4664 (l5)
677 4596 830 4680 Πρίς
872 4595 1056 4680 ἤιξ’.τρ
1105 4595 1313 4678 κοινὸν
1341 4595 1600 4680 βλέπε-(ἰ.
1629 4595 1752 4680 11ενς
1805 4613 1910 4649 non
1965 4596 2032 4680 de
2066 4600 2109 4653 1)
2209 4596 2242 4680 (ιε

1995 4603 2032 4650 1c,
2066 4600 2109 4653 1)
2209 4596 2323 4680 (120)
2369 4596 2730 4680 filim-terter.
2769 4596 2902 4680 (ξω).
2949 4599 3164 4680 τιμίων.
3213 4597 3379 4680 Pauli:
3404 4605 3547 4664 post,
3577 4597 3716 4652 Idem

450 4677 563 4721 tota
597 4669 877 4736 republica
925 4667 1236 4720 Christiana
1270 4675 1395 4720 sttuit
1434 4666 1801 4736 iutelligemla.
1833 4683 1930 4720 seu
1963 4668 2032 4720 de

453 4740 728 4800 universa,
767 4752 930 4806 quam
981 4740 1086 4791 late
1118 4745 1283 4806 patet.
1319 4736 1587 4797 Ecclesia,
1637 4738 1729 4791 sed
1762 4737 1828 4788 de
1852 4737 2034 4788 Cresa-

452 4809 639 4877 rjcnﬂ,
674 4823 797 4877 qua!
850 4807 1094 4860 omnium
1141 4807 1252 4860 lere
1287 4815 1459 4859 mater
1507 4816 1626 4859 crat
1673 4807 2034 4874 Cappadocia:

458 4875 851 4938 Ecclesiarum,
882 4893 1116 4945 quarum
1149 4877 1396 4946 profecto
1429 4877 1724 4944 plurimum
1749 4882 2032 4940 intererat,

452 4955 514 5000 ut
572 4948 624 5000 in
677 4947 807 5002 sede
850 4947 1174 5002 Caesariensi
1214 4947 1447 5000 eximius
1499 4955 1687 5015 pastor
1736 4947 2035 5001 constitue-

452 5026 625 5072 retur.

524 5088 636 5156 (16)
688 5086 942 5152 Ἐπειόή.
977 5086 1050 5140 Ita
1091 5087 1211 5140 cod.
1251 5085 1381 5153 Reg.
1411 5082 1468 5137 In
1495 5083 1589 5156 red.
1624 5085 1764 5139 ἐπεί.

524 5154 637 5226 (17)
674 5157 852 5211 Τοῦτο
876 5156 954 5223 τῷ
977 5158 1154 5210 παντὶ
1181 5157 1450 5220 βέλτιον.
1476 5154 1730 5226 Ωοῐηιιοί.
1767 5155 1846 5224 τῷ
1873 5155 2033 5209 παντί

452 5230 560 5281 vim
594 5225 835 5282 adverbii
885 5229 1073 5281 tribuit
1108 5231 1416 5294 vertitque,
1467 5225 1522 5294 id
1563 5228 1774 5279 omnino
1822 5227 2030 5282 melius.

526 5296 638 5366 (18)
674 5297 1080 5368 Meninge/(er
1101 5316 1115 5330 ·
1149 5299 1198 5350 ει
1227 5293 1302 5348 δὲ
1328 5293 1454 5368 τῆς..
1509 5293 1584 5368 Ita
1628 5297 1748 5368 cod.
1807 5295 1938 5368 Reg.
1979 5305 2034 5352 ct

453 5365 700 5420 (Ioinhel'.
729 5368 785 5420 In
823 5365 915 5421 ed.
947 5367 1290 5438 pztéxtogxev;
1335 5368 1382 5417 εἰ
1409 5365 1561 5438 (Issi
1592 5367 1713 5438 τῆς.

527 5439 636 5506 (Ill)
669 5434 1112 5507 Πείθομαίμέρίξ
1145 5434 1217 5490 Ita
1253 5435 1408 5504 ch.,
1454 5434 1708 5507 llervalu
1741 5435 1872 5489 edit.
1915 5437 2030 5488 πεί-

456 5503 642 5576 θομεν.
669 5503 1032 5574 Ρειιιιοίιιιίῖιι,
1057 5509 1150 5561 καὶ
1176 5507 1250 5571 ὡς
1276 5503 1353 5559 ἐκ
1372 5507 1574 5568 πόλεως
1624 5503 1697 5560 lta
1721 5508 1845 5562 cod.
1873 5507 2032 5562 Deest

459 5577 513 5632 in
547 5580 630 5631 ed.
667 5579 782 5633 καί.

2135 4667 2258 4735 cod.
2295 4675 2350 4720 et
2386 4667 2634 4720 Combef.
2666 4667 2942 4719 Βασιλείου
2982 4667 3075 4719 τοῦ
3111 4667 3482 4735 πρεσϐυτέρου

2207 4734 2317 4804 (9.1)
2356 4737 2509 4803 Πρὸς
2538 4736 2645 4788 τὸν
2677 4735 2796 4788 νῦν
2833 4739 3061 4802 καιρόν.
3098 4734 3242 4795 ΒιΙΙ..
3293 4734 3542 4788 adt-fenus
3589 4747 3718 4790 lem-

2135 4807 2277 4874 port's
2312 4808 2596 4864 turbinem,
2640 4807 2785 4874 quod
2829 4822 2936 4858 non
2974 4807 3148 4859 reddit
3180 4807 3268 4858 τὸν
3295 4807 3410 4862 νῦν.
3450 4824 3546 4858 nec
3581 4823 3718 4874 pnu-

2139 4886 2347 4946 scutem
2412 4877 2549 4928 satis
2605 4875 2810 4946 iudicat
2867 4879 3338 4946 persecutionem;
3391 4885 3520 4928 tunc
3570 4880 3715 4930 enim

2140 4945 2339 5000 Valens
2375 4946 2703 4999 Arianorum
2745 4945 2932 5002 favore
2970 4947 3236 5000 adversus
3270 4947 3586 5000 (latholieos
3616 4952 3715 5001 de-

2140 5017 2529 5070 bacchabatur.

2207 5086 2316 5155 (22)
2348 5084 2586 5158 (reticeo?
2618 5083 2812 5154 δήμου
2841 5086 3086 5158 παντός.
3119 5083 3346 5140 Rei-tius
3372 5084 3510 5142 forte
3546 5088 3727 5158 lcgou-

2136 5155 2264 5210 dum
2302 5157 2396 5208 καὶ
2426 5157 2503 5224 τῷ
2529 5156 2687 5224 δήμῳ
2718 5157 2900 5208 παντί.

2185 5225 2322 5312 ’(25)
2370 5225 2762 5294 Ψηφιζῑυμέι-η.
2797 5228 2870 5280 lla
2904 5224 3191 5294 legendum
3220 5226 3449 5280 videtur.
3484 5225 3582 5281 Ed.
3609 5225 3713 5296 ψη-

2155 5297 2384 5359 ρὶζομεν.

2137 5314 2464 5435 φιῖἓῗῖνίιάὶ
2496 5365 2530 5433 ἡ
2553 5365 2852 5436 ιξχλὼὃης.
2879 5363 2956 5418 lta
2986 5363 3108 5417 cod.
3137 5363 3269 5435 Reg.
3294 5379 3355 5436 iet
3379 5366 3622 5420 Cotnhel‘.
3642 5385 3653 5418 :
3677 5368 3713 5436 ἡ

2136 5436 2560 5559 degstbiufdit.
2589 5435 2725 5490 Mox
2761 5435 2883 5490 καθ’
2917 5437 3079 5506 ὑμᾶς.
3127 5436 3221 5490 Sic
3254 5435 3328 5490 id.
3370 5436 3490 5490 cod.
3534 5439 3592 5493 lu
3623 5436 3712 5491 ed.

2140 5525 2209 5559 κα
2295 5524 2461 5559 nux-

2140 5508 2262 5560 καθ’
2295 5508 2461 5578 ἡμᾶς,
