5168 6648
1059 384 1131 438 95
2265 374 2322 430 S.
2363 373 2695 431 CllEGORll
2733 374 3079 432 TllEOLObl

2302 403 2322 428 ι.
2363 373 2695 431 CllEGORll
2733 374 3079 432 TllEOLObl
4271 374 4343 434 96

1629 492 1809 548 XLVI.
1849 492 2078 548 EIDEM.

3123 492 3271 560 Μετ’.
3323 492 3410 563 re
3460 491 3644 562 ΛΥΤῼ
3679 490 3814 564 (oo).

1067 632 1321 694 Nondum
1357 638 1522 710 uictus
1552 638 1634 692 his
1669 638 1989 710 rationibus,
2020 656 2057 710 ιι
2080 635 2333 707 Gregorio
2365 655 2421 693 se
2448 648 2804 710 contemptum
2844 641 3194 710 querebatur;
3235 639 3388 709 cujus
3415 640 3642 709 querelis
3675 639 3950 708 respondet
3979 651 4228 708 peracute
4262 639 4344 694 his

1458 709 1651 764 litteris
1683 709 1989 778 Gregorius.
2027 707 2242 767 Scripta
2269 721 2447 764 autem
2478 709 2590 764 ha'c
2623 707 2864 778 epistola
2889 721 3110 764 ea'euttte
3140 707 3440 773 auitoi370,
3467 721 3560 764 aut
3590 707 3798 765 ineunte
3827 711 3952 765 571.

1137 842 1424 908 Quomodo
1459 844 1669 913 exigum
1713 845 1872 898 nobis
1913 855 1966 898 et
2003 845 2140 901 viles
2170 861 2260 902 res
2289 854 2395 900 tua:
2423 852 2576 910 sunt,
2615 860 2648 898 ο
2679 852 2728 908 Α
2824 844 2950 908 Πῶς
2977 844 3178 912 ὲπιφυλ

2305 862 2395 900 me
2423 852 2576 910 sunt,
2615 860 2648 898 ο
2679 852 2728 908 Α
2824 844 2950 908 Πῶς
2977 843 3260 912 meum;
3291 843 3400 912 (67)
3441 845 3572 915 ἡμῖν
3613 844 3684 898 τά
3718 845 3807 913 σά,
3847 837 3894 898 ῶ
3931 842 4051 897 θεία
4095 843 4190 897 καὶ
4227 844 4346 914 ἱερά

1069 935 1317 990 divinum
1365 946 1419 991 et
1463 953 1681 991 sacrum
1725 939 1933 1007 caput?
1976 938 2262 1004 Quodnam
2309 939 2413 992 hoc
2462 939 2650 1008 ellugit

2752 937 3000 1008 κεφαλής
3036 938 3190 989 ποῖόν
3221 953 3282 989 σε
3318 936 3448 999 ἔπος
3477 935 3649 1005 φύγεν
3676 937 3838 1008 ἕρκος
3870 935 4135 1001 ὀδόντωνς
4163 935 4197 1007 ἦ
4228 935 4346 999 πῶς

1071 1029 1302 1082 verbum
1337 1029 1578 1082 dentalia
1627 1032 1822 1100 septa?
1874 1038 1968 1084 aut
2011 1030 2289 1100 quomodo
2332 1031 2437 1086 hoc
2469 1031 2652 1086 dicere
2751 1027 2908 1080 τοῦτο
2934 1027 3111 1079 εἰπεῖν

2332 1031 2437 1086 hoc
2469 1031 2652 1086 dicere
2751 1027 2908 1080 τοῦτο
2934 1027 3111 1079 εἰπεῖν
3144 1025 3484 1097 ὲθάρσησαςς
3525 1027 3612 1079 ἵνα
3653 1045 3707 1081 τι
3745 1027 3841 1080 καὶ
3880 1025 4042 1090 αὐτὸς
4085 1025 4347 1096 θαρῥήσω

1071 1135 1244 1175 ausus
1273 1119 1372 1174 es?
1403 1127 1460 1173 ut
1492 1121 1609 1191 ipse
1645 1139 1866 1192 quoque
1902 1124 2166 1178 audacter
2195 1125 2403 1195 aliquid
2445 1125 2648 1180 dicam.

2757 1118 2972 1190 μικρόν.
3011 1119 3194 1191 Πῶςῆ
3225 1119 3434 1173 διάνοια
3466 1117 3727 1189 ὥρμησεν
3755 1117 3890 1188 (68),
3926 1117 3960 1188 ἢ
3992 1116 4160 1187 μέλαν
4184 1116 4348 1188 ἐγρα-

1072 1211 1364 1278 Quomodo
1395 1214 1479 1267 vel
1507 1214 1723 1269 animus
1746 1215 1797 1268 id
1829 1216 2135 1284 preposuit,
2171 1217 2255 1270 vel
2282 1227 2649 1272 atramentum
2751 1211 2874 1280 ψεν,
2923 1213 2956 1284 ἢ
3003 1212 3110 1284 χάρ

2307 1227 2649 1272 ιιι-ιιιιιθιιιιιηι
2751 1211 2874 1280 ψεν,
2923 1213 2956 1284 ἢ
3003 1212 3210 1284 χάρτης
3247 1211 3496 1278 tatem;
3540 1205 3586 1265 ὧ
3624 1209 3795 1277 λόγοι,
3833 1211 3930 1263 καὶ
3971 1209 4218 1280 ’Δθῆναι,
4253 1209 4348 1262 καὶ

1073 1305 1316 1374 scripsit,
1348 1306 1430 1358 vel
1469 1305 1661 1359 charta
1696 1305 1942 1374 excepit?
1973 1320 2007 1358 o
2046 1305 2252 1367 studia,
2287 1317 2342 1361 et
2386 1307 2612 1361 Athena:
2635 1347 2652 1370 ,

2754 1304 2966 1374 ἀρεταὶ,
3019 1305 3112 1357 καῖ
3145 1300 3320 1372 λόγων
3370 1301 3635 1374 ίδρῶτεςί
3697 1299 3916 1372 Μικροῦ
3965 1301 4074 1371 γάρ
4133 1296 4206 1374 μέ
4254 1301 4350 1354 καὶ

1073 1406 1127 1450 et
1154 1396 1408 1459 virtutes,
1443 1405 1497 1450 et
1524 1397 1774 1450 litterarii
1804 1395 2069 1452 sudores!
2107 1396 2188 1452 ille
2217 1398 2422 1452 etenim
2448 1399 2648 1453 litteris
2754 1395 3054 1466 τραγῳδὸν,
3077 1390 3114 1448 οἳ

2311 1398 2422 1451 ιιὶιιι
2448 1399 2648 1453 litteris
2754 1395 3054 1466 τραγῳδὸν,
3077 1390 3159 1459 οἷς
3179 1395 3434 1468 γράφεις,
3463 1397 3656 1458 ποιεῖς.
3680 1393 3914 1463 Πότερον
3936 1394 4086 1464 ἡμᾶς
4111 1393 4346 1462 ἀγνοεῖς,

1080 1489 1193 1543 tuis
1233 1504 1368 1558 pone
1403 1489 1670 1558 tragicum
1703 1487 1860 1542 l‘acis.
1908 1488 2102 1543 Utrum
2136 1505 2256 1555 uos,
2286 1505 2354 1543 an
2381 1498 2435 1544 te
2473 1490 2654 1560 ipsum

1075 1580 1320 1650 ignoras,
1355 1587 1433 1643 tu,
1469 1580 1715 1649 inquam,
1764 1581 1917 1636 orbis
1968 1581 2173 1643 lumen,
2223 1596 2417 1650 magna
2463 1596 2567 1634 vox
2603 1593 2656 1636 et

1076 1671 1229 1728 tuba.
1279 1670 1544 1736 doctrina:
1592 1671 1900 1740 palatium?
1943 1670 2133 1728 Tuane
2179 1669 2447 1742 Gregorio
2490 1689 2656 1741 parva

1073 1773 1203 1817 sunt
1225 1763 1248 1814 ’ί
1274 1762 1412 1828 Quid
1456 1764 1621 1834 igitur
1649 1764 1794 1817 aliud
1825 1765 2096 1834 quispiam
2136 1764 2438 1818 admiretur
2465 1781 2655 1820 eorum

1073 1871 1198 1924 qua:
1246 1856 1299 1909 iu
1345 1864 1492 1910 terra
1539 1865 1691 1920 sunt,
1719 1857 1824 1910 nisi
1871 1864 1924 1910 te
1968 1855 2314 1926 Gregorius?
2342 1855 2522 1911 Unum
2562 1873 2660 1911 ver

1075 1939 1220 1994 inter
1260 1942 1388 1995 anni
1454 1952 1660 2013 partes,
1715 1959 1859 1997 unus
1900 1945 1983 1999 sol
2035 1945 2175 1998 inter
2229 1945 2434 2009 sidera,
2487 1961 2656 2000 unum

1074 2033 1276 2087 cmlum
1308 2037 1493 2089 omnia
1522 2037 1808 2105 complexu
1840 2052 1944 2092 suo
1975 2052 2258 2101 coercens,
2287 2055 2392 2092 una
2424 2054 2523 2092 vox
2562 2047 2657 2093 tua

1075 2126 1142 2178 de
1166 2127 1420 2194 onmibus
1466 2128 1834 2197 triumphans.
1864 2128 1910 2184 si
1945 2129 2106 2184 modo
2136 2131 2272 2184 satis
2318 2147 2473 2186 meus
2510 2145 2656 2194 sum,

2757 1484 2790 1555 ἢ
2824 1484 3077 1547 σεαυτὸν,
3123 1486 3152 1537 ὁ
3195 1483 3298 1554 τῆς
3341 1483 3671 1554 οἰκουμένης
3705 1483 4014 1554 ὀφθαλμὸς,
4055 1484 4090 1552 ή
4139 1481 4349 1552 μεγάλη

2758 1575 2911 1645 φωνὴ
2951 1576 3045 1626 καὶ
3085 1573 3338 1642 σάλπιγξ,
3375 1573 3437 1626 τὸ
3471 1571 3580 1627 τῶν
3614 1573 3788 1641 λόγων
3821 1573 4119 1644 βασίλειονς
4161 1572 4351 1643 Μικρά

2762 1664 3044 1736 Γρηγορίῳ
3070 1664 3137 1718 τὰ
3157 1665 3254 1728 σά;
3281 1662 3347 1716 Τί
3370 1659 3465 1718 οὖν
3491 1680 3577 1726 τις
3619 1663 3748 1718 ἀλλο
3770 1664 3881 1735 (69)
3908 1663 4206 1734 Θαυμάσειε
4240 1662 4350 1716 τῶν

2759 1756 2854 1808 ἐπὶ
2898 1756 2998 1824 τῆς
3035 1755 3161 1824 γῆς,
3205 1756 3253 1808 εί
3285 1754 3360 1826 μὴ
3405 1755 3466 1808 σὲ
3508 1756 3838 1826 Γρηγόριος;
3875 1757 3970 1808 Ἕν
4015 1757 4112 1826 μὲν
4153 1755 4252 1826 ἔαρ
4293 1757 4352 1807 ἐν

2759 1848 2952 1919 ὥραις,
2995 1842 3077 1910 εἷς
3111 1847 3167 1899 δὲ
3210 1847 3362 1917 ἥλιος
3412 1847 3469 1900 ὲν
3509 1849 3798 1918 άστράσιν,
3849 1843 3930 1911 εἷς
3977 1848 4034 1901 δὲ
4081 1849 4352 1920 περιέχων

2765 1941 2980 1994 ἅπαντα
3013 1940 3270 2012 οὐρανὸς,
3307 1938 3405 2010 μία
3439 1939 3498 1993 δὲ
3547 1939 3689 1994 κατά
3727 1940 3944 1993 πάντων
3990 1939 4143 2010 φωνὴ
4185 1941 4218 2010 ὴ
4262 1939 4350 2009 σὴ,

2764 2031 2924 2103 εἴπερ
2955 2049 3008 2085 τι
3042 2030 3153 2100 ἐγὼ
3188 2031 3373 2094 ἱκανὸς
3394 2030 3463 2084 τά
3489 2029 3716 2084 τοιαῦτα
3747 2031 3976 2101 κρίνειν,
4011 2031 4144 2102 μηδὲ
4166 2030 4354 2101 ἀπατᾷ

2769 2142 2836 2195 με
2869 2125 2930 2176 ’.ὸ
2961 2125 3201 2194 φίλτρον,
3237 2124 3374 2192 ὅπερ
3405 2125 3505 2175 οὐκ
3533 2123 3738 2193 οἴομαι.
3773 2124 3836 2176 ΕΞ
3871 2125 3968 2195 μὲν
3995 2125 4078 2176 ὅτι
4109 2123 4182 2195 μὴ
4218 2123 4354 2194 πρὸς

1078 2217 1172 2286 qui
1199 2218 1267 2271 de
1293 2219 1604 2286 huiusmodi
1633 2221 1798 2275 rebus
1831 2220 2100 2290 judicium
2142 2220 2339 2287 feram,
2366 2238 2467 2276 nec
2503 2237 2660 2277 amor
2693 2199 2733 2254 Β
2766 2214 2922 2278 ἀξίαν
2951 2214 3119 2283 οαυμέ

2323 2263 2339 2287 ,
2366 2238 2467 2276 nec
2503 2237 2660 2277 amor
2693 2199 2733 2254 Β
2766 2214 2922 2278 ἀξίαν
2951 2214 3305 2284 θαυμάζομεν
3331 2214 3466 2283 (70),
3499 2212 3658 2266 τοῦτο
3691 2215 3972 2282 ἐγκαλεῖς,
4009 2215 4229 2282 ἐγκάλει
4263 2214 4355 2268 καὶ

1077 2324 1166 2363 me
1215 2310 1450 2381 decipit,
1497 2311 1641 2382 quod
1690 2327 1798 2366 non
1859 2312 2136 2367 existimo.
2193 2311 2350 2380 Quod
2403 2315 2449 2369 si
2499 2316 2659 2370 uobis

1078 2403 1185 2456 hoc
1221 2406 1442 2458 nomine
1476 2420 1792 2469 succenses,
1820 2407 1966 2476 quod
2014 2416 2067 2463 te
2104 2407 2309 2468 minus.
2350 2423 2518 2476 quam
2563 2416 2659 2460 tua

1080 2496 1254 2550 virtus
1303 2505 1560 2561 meretur,
1603 2499 1933 2569 suspicimus
1976 2509 2030 2554 et
2069 2499 2448 2563 admiramur,
2481 2501 2658 2553 numi-

1080 2587 1185 2642 bus
1214 2602 1436 2657 quoque
1460 2590 1784 2645 mortalibus
1813 2606 2145 2645 succenseas
2174 2598 2392 2660 Oportet
2425 2609 2438 2644 :
2479 2606 2658 2659 neque

1078 2681 1227 2733 enim
1280 2679 1422 2733 alius
1462 2679 1755 2750 quisquam
1803 2680 1940 2734 satis
1976 2681 2140 2751 digne
2183 2688 2236 2734 te
2264 2679 2527 2742 laudavit,
2566 2688 2663 2732 aut

1082 2769 1412 2825 laudaturus
1458 2780 1576 2830 cst.
1635 2783 1832 2841 printer
1882 2781 1938 2827 te
1991 2783 2250 2842 tuamque
2317 2773 2373 2826 in
2427 2771 2664 2826 dicendo

1082 2847 1479 2918 sublimi-tatem
1511 2907 1529 2932 ,
1561 2865 1607 2919 si
1639 2865 1861 2934 quidem
1900 2865 2018 2919 ﬁeri
2049 2873 2257 2935 posset,
2288 2872 2346 2919 ut
2388 2864 2664 2934 quispiam

2766 2311 2933 2362 πᾶσιν
2947 2308 3044 2362 ἀνθ
3054 2307 3274 2379 ρῶποις·
3293 2307 3415 2360 οὐδὲ
3429 2307 3536 2378 γὰρ
3556 2307 3715 2372 ἄλλος
3730 2325 3814 2372 τις
3835 2307 4003 2374 ἀξίως
4023 2306 4354 2377 ἐθαύμασεν,

2765 2403 2799 2471 ἢ
2821 2401 3161 2472 θαυμάσεται
3184 2401 3319 2471 (71),
3343 2402 3427 2454 ὃτι
3450 2402 3525 2472 μὴ
3557 2403 3643 2465 σὺ,
3669 2400 3764 2454 καὶ
3789 2403 3823 2471 ἡ
3853 2400 3920 2470 σὴ
3948 2400 4354 2469 μεγαλοφωνία,

2766 2493 2926 2563 εἴπερ
2972 2490 3084 2546 οἷόν
3127 2510 3185 2545 τε
3231 2487 3300 2564 ἦν
3345 2493 3535 2546 ἑαυτὸν
3572 2493 3840 2557 ἐπαινεῖν,
3883 2493 3976 2546 καὶ
4017 2493 4176 2546 τοῦτο
4210 2489 4358 2564 εἶχεν

2767 2589 2898 2658 ἡμῖν
2920 2589 2948 2640 ὁ
2976 2587 3084 2640 τῶν
3117 2586 3292 2653 λόγων
3323 2587 3509 2658 νόμος.
3544 2589 3605 2641 Ei
3630 2586 3687 2640 δὲ
3716 2587 3778 2640 τὸ
3803 2589 4166 2658 καταφρονεῖν
4193 2587 4358 2653 ἐγκαο

2767 2678 3026 2749 λούμεοα,
3070 2679 3122 2731 τί
3160 2679 3236 2750 μὴ
3277 2679 3475 2748 μανίαν
3511 2679 3808 2750 πρότερον;
3841 2679 3980 2732 Ἀλλ’
4021 2681 4104 2732 ὅτι
4145 2679 4359 2748 φιλοσο-

2771 2769 2978 2839 φοῦμεν
3011 2770 3336 2836 ἀγανακτεῖς
3365 2769 3510 2838 (72);
3543 2769 3632 2834 δὺς
3657 2773 3852 2834 εἰπεῖν,
3888 2770 4044 2824 τοῦτο
4077 2772 4237 2843 μόνον
4265 2771 4357 2825 καὶ

2770 2861 2878 2913 τῶν
2911 2860 3086 2928 λόγων
3108 2860 3218 2913 τῶν
3245 2859 3354 2912 σῶν
3382 2859 3736 2934 ὑψηλότερον.

1089 2952 1276 3010 laudes
1346 2955 1462 3024 ipse
1518 2969 1650 3010 suas
1712 2955 2078 3026 praedicaret,
2129 2957 2295 3028 idque
2353 2957 2514 3012 nobis
2563 2969 2881 3010 sermonum
2938 2954 3022 3007 lex
3075 2952 3260 3008 ferret.
3314 2952 3474 3019 Quod
3522 2955 3570 3009 si
3623 2963 4002 3026 eontemptqu
4051 2955 4131 3009 tui
4195 2956 4358 3010 uohis

1091 3040 1303 3108 objicis,
1331 3045 1460 3113 quin
1494 3045 1648 3114 prius
1699 3047 2022 3100 insaniam?
2066 3049 2136 3102 At
2192 3048 2341 3119 quod
2404 3047 2862 3118 philosophantur
2917 3044 3271 3112 indignaris?
3300 3044 3488 3100 Liceat
3534 3046 3667 3101 mihi
3715 3062 3843 3102 cum
3894 3047 4040 3103 bona
4069 3057 4164 3102 tua
4198 3047 4358 3103 venia

1087 3136 1293 3201 dicere,
1318 3139 1420 3194 hoc
1440 3156 1606 3194 unum
1632 3141 1884 3196 doctrina
1908 3157 2130 3214 quoque
2151 3151 2246 3199 tua
2275 3152 2328 3198 et
2351 3141 2669 3198 eruditione
2697 3140 2992 3197 sublimius
3020 3149 3105 3195 est
3145 3147 3202 3196 et
3233 3140 3607 3212 praestantius.

1539 3289 1648 3361 42
1701 3289 1910 3345 XLVII.
1975 3288 2207 3345 EIDEM.

3246 3291 3378 3346 ιη’.
3419 3291 3508 3362 To
3547 3290 3735 3362 ΔΥΤῼ
3773 3291 3912 3363 (73).

1161 3406 1384 3486 scripsit
1412 3406 1848 3486 hancepistolam
1897 3407 2204 3486 Gregorius.
2251 3425 2370 3461 cum
2411 3408 2473 3486 in
2516 3408 2722 3486 magnis
2753 3407 2938 3486 _turb_is
2981 3409 3338 3486 molestiisque
3372 3409 3610 3464 Basilius
3641 3421 3963 3474 versaretur,
3998 3430 4118 3482 quae
4153 3417 4362 3486 quidem

1089 3479 1343 3554 invasuri:
1376 3494 1477 3554 r_t_ou
1507 3478 1628 3554 aliti:
1659 3487 1781 3554 sunt
1824 3494 1982 3554 quam
2013 3479 2122 3532 illa:
2151 3495 2379 3554 quarunt
2404 3479 2511 3554 ipse
2543 3477 2836 3554 Gregorius
2871 3479 2925 3530 in
2966 3481 3214 3554 oratione
3249 3481 3389 3554 alias
3423 3497 3514 3554 xu.
3553 3497 3705 3554 nunc
3732 3494 3909 3554 autem
3949 3477 4107 3545 ιιξιιι.
4233 3489 4360 3543 815.

1092 3548 1358 3626 meminit._
1383 3545 1514 3626 Tum
1535 3547 1672 3626 enim
1699 3549 1751 3608 in
1778 3545 2016 3626 oratione
2036 3545 2192 3626 quam
2219 3549 2528 3626 iu_epis_t_ola
2563 3548 2628 3626 de
2647 3545 2712 3626 re
2734 3548 2919 3626 eadem
2949 3551 3150 3626 agitur,
3179 3548 3244 3602 de
3272 3549 3627 3618 Cappadocia:
3649 3552 3941 3626 divisione,
3954 3545 4193 3626 belloque
4211 3559 4352 3626 quod

1091 3635 1156 3692 φ
1182 3618 1457 3692 occasione
1485 3616 1764 3692 Anthiuius
1793 3627 1843 3671 et
1872 3618 1968 3692 alii
1993 3619 2245 3692 prafsules
2270 3619 2481 3692 Basilio
2511 3620 2706 3692 infensi
2739 3616 3052 3692 intulerunt.
3093 3618 3162 3692 In
3205 3616 3449 3692 utraque,
3490 3638 3637 3692 natur
3669 3639 3772 3683 res,
3799 3623 4034 3682 incidite.
4065 3616 4361 3692 (conlatio,

1093 3689 1316 3766 denique
1330 3689 1492 3766 ροιον
1524 3703 1589 3766 ea:
1611 3687 2278 3766 electiouejiasili_i._turpi
2301 3691 2465 3742 simul
2487 3689 2781 3766 et_e.ritiali
2816 3689 2954 3742 bello
2981 3691 3194 3766 initium
3233 3687 3445 3746 dedere.
3476 3690 3664 3766 Divisa
3688 3703 3865 3766 autem
3885 3705 3962 3747 est
3993 3696 4204 3750 induas
4235 3687 4362 3766 pro;

1096 3761 1295 3830 qiucias
1321 3757 1657 3830 Cappadocia
1686 3775 1824 3830 anno
1846 3758 1970 3830 570.
2013 3760 2331 3813 Divisionem
2357 3777 2474 3814 vero
2507 3761 2712 3813 civilem
2745 3777 2848 3812 non
2879 3764 3066 3813 statim
3097 3771 3278 3830 secuta
3311 3770 3388 3813 est
3425 3763 3800 3817 ecclesiastica:
3828 3766 4112 3830 provincia:
4149 3757 4360 3824 divisio.

1100 3826 1243 3880 Nam
1269 3828 1416 3903 prior
1442 3829 1534 3903 stiti
1561 3828 1771 3903 initium
1800 3827 1992 3903 l_t-_eiuis_
2009 3831 2256 3903 instituta
2313 3840 2391 3883 est
2415 3844 2433 3891 ;
2469 3831 2638 3883 altera
2667 3841 2865 3903 autem,
2889 3843 3168 3898 postquam
3203 3829 3451 3885 thsarea
3475 3832 3719 3886 discessit
3756 3826 3946 3888 Valens
3970 3852 3989 3898 ;
4019 3837 4073 3888 id
4101 3847 4199 3903 est,
4221 3841 4368 3895 circa

1098 3915 1326 3952 mensem
1353 3897 1609 3950 Martium
1644 3898 1771 3950 anui
1801 3899 1925 3953 37-2.
1959 3899 2204 3969 Adeoque
2236 3901 2333 3955 hoc
2366 3918 2506 3953 anno
2537 3910 2640 3954 tres
2667 3901 2906 3968 epistola:
2930 3897 3203 3968 sequentes
3231 3903 3442 3971 scripta!
3467 3913 3615 3966 sunt,
3645 3918 3840 3969 XLVIII,
3874 3897 4001 3960 nix
4030 3917 4078 3960 et
4113 3923 4168 3962 ι..

1171 4032 1348 4087 Audio
1404 4040 1458 4088 te
1499 4049 1529 4087 a
1587 4034 1793 4089 recenti
1844 4051 2029 4090 rerum
2087 4039 2385 4093 novatione
2439 4040 2673 4102 turbari,
2705 4045 2748 4101 c
2856 4039 3202 4110 Πυνθάνομαί

2325 4055 2385 4093 ne
2439 4040 2673 4102 turbari,
2705 4045 2748 4101 C
2856 4039 3202 4110 Πυνθάνομαί
3234 4057 3294 4092 σε
3333 4041 3703 4112 ταράττεσθαι
3735 4042 3884 4113 παρά
3907 4041 4009 4113 τῆς
4037 4045 4161 4108 νέας
4185 4060 4366 4097 καινο-

1099 4124 1310 4192 tihique
1335 4141 1366 4178 a
1405 4127 1706 4198 sophistica
1738 4129 1974 4198 quadam
2009 4138 2064 4184 et
2095 4131 2295 4186 usitata
2328 4147 2545 4196 eorum,
2581 4134 2675 4202 qui

1102 4235 1283 4272 rerum
1321 4219 1623 4288 potiuntur,
1653 4222 1974 4276 curiositate
1995 4223 2212 4293 negotia
2239 4223 2485 4279 exhiberi
2523 4245 2548 4279 :-
2576 4241 2680 4280 nec

1102 4323 1237 4362 sane
1292 4310 1598 4364 mirandqu
1648 4320 1755 4367 est.
1796 4311 1985 4383 Neque
2024 4315 2172 4368 enim
2214 4316 2476 4370 invidiam
2523 4318 2680 4388 igno-

1103 4399 1316 4462 rabam,
1348 4401 1608 4470 quodque
1645 4416 1712 4456 ex
1759 4401 1850 4470 iis,
1894 4403 1991 4473 qui
2030 4403 2175 4458 latus
2218 4410 2375 4458 tuum
2425 4404 2678 4474 cingunt,

1104 4601 1304 4656 busa:is
1318 4600 1570 4654 mandata
1608 4599 1802 4671 fuerat.
1831 4598 1954 4654 Haec
1984 4599 2193 4655 Billius.
2233 4599 2300 4654 At
2323 4601 2481 4657 nobis
2502 4601 2681 4671 lepro-

1105 4687 1198 4725 sos
1229 4672 1481 4741 consulto
1529 4670 1812 4724 induxisse
1850 4672 2061 4724 videtur
2087 4671 2403 4741 Gregorius,
2457 4681 2516 4724 ut
2555 4670 2682 4726 non

1105 4756 1255 4794 sana:
1270 4741 1406 4794 satis
1435 4739 1716 4804 doctrina,
1740 4756 1861 4810 qua:
1892 4741 2036 4809 lepra
2059 4739 2360 4810 spiritualis
2379 4749 2484 4804 est,
2501 4741 2686 4796 Basilii

1107 4821 1319 4864 notaret
1349 4809 1842 4881 adversariosal’ro
1871 4809 2060 4881 λεπροί
2092 4809 2194 4866 suo
2229 4813 2469 4880 pericqu
2500 4812 2682 4879 legen-

1107 4882 1237 4934 tium
1290 4882 1542 4951 proponit
1586 4879 1832 4936 Combef.
1882 4879 2088 4950 πηροί,
2150 4879 2339 4951 sicque
2399 4882 2688 4951 Scripsisse

1110 4958 1264 5019 putat
1315 4948 1656 5018 Gregorium.
1700 4961 1778 5014 ut,
1829 4948 2071 5004 lacoiiica
2109 4966 2204 5005 sua
2251 4948 2535 5011 brevitate.
2587 4953 2690 5006 sub

1110 5036 1217 5090 una
1247 5035 1378 5090 voce
1407 5021 1593 5074 ambas
1636 5020 1933 5090 Scriptura:
1978 5037 2164 5082 voces,
2192 5022 2240 5073 oi
2265 5023 2450 5089 τυφλοὶ
2501 5023 2595 5075 καὶ
2637 5025 2688 5076 οἱ

1107 5088 1304 5162 χωλοί,
1337 5088 1799 5162 complecteretur
1829 5109 1842 5144 :
1888 5091 2062 5160 πηρός
2089 5108 2323 5162 namque
2346 5088 2400 5147 ct
2426 5107 2604 5148 caecus
2637 5102 2692 5149 et

1109 5161 1305 5231 quovis
1329 5162 1572 5231 membro
1595 5161 1752 5231 luistts
1791 5161 2124 5231 intelligitur.

1115 5229 1143 5312 .'
1182 5230 1302 5353 (66)ι
1325 5229 1474 5286 Alias
1508 5229 1574 5286 Χ.
1612 5230 1822 5300 Scripta
1867 5229 2011 5286 anno
2039 5233 2142 5287 370
2185 5240 2436 5294 exeunte,
2467 5243 2561 5286 aut
2589 5233 2683 5289 571

1115 5316 1278 5353 ιιιριιιι
1307 5317 1356 5353 e.

1115 5316 1356 5356 Ineunte.

1183 5371 1299 5437 (67)
1339 5368 1829 5437 Πῶςέπιφυλλίς.
1866 5368 2002 5424 Sunt
2031 5370 2390 5438 ἐπιφυλλίδες,

1114 5444 1295 5506 estgui
1329 5441 1404 5494 illi
1439 5441 1660 5495 racemi.
1696 5441 1788 5508 qui
1835 5455 1864 5492 a
1905 5441 2388 5494 viudemiatoribus
2426 5442 2491 5493 ad
2541 5459 2694 5496 race-

1121 5511 1410 5565 matiouem
1455 5509 1685 5578 relinqui
1716 5509 1911 5564 solent.
1947 5510 2096 5565 Unde
2139 5512 2399 5580 translate
2428 5513 2692 5580 qudquid

1119 5581 1456 5649 contemptui
1513 5590 1635 5646 cst,
1677 5580 1960 5648 ὲπιφυλλίς
2018 5582 2239 5633 dicitur.
2297 5579 2465 5633 Paulo
2518 5579 2691 5644 iul'ra,

1121 5650 1272 5704 ποῖόν
1323 5668 1381 5702 σε
1437 5651 1566 5712 ἔπος
1600 5649 1768 5719 φύγεν
1811 5651 1969 5719 ἕρκος
2011 5650 2257 5712 ὀδόντων,
2291 5652 2691 5706 hemistichium

1121 5723 1262 5787 apud
1298 5719 1587 5776 llomerum
1627 5718 1902 5788 [rt-quens.

1195 5792 1306 5860 (αδ)
1346 5791 1475 5857 Πῶς
1501 5791 1539 5859 ἢ
1572 5788 1802 5844 διάνοια
1826 5789 2120 5860 ὥρμησεν,
2147 5798 2249 5846 etc.
2269 5790 2411 5856 Bill.,
2437 5795 2694 5861 quomodo

2780 4129 3006 4200 τομίας,
3049 4130 3145 4186 καὶ
3178 4131 3480 4202 πράγματα
3513 4132 3658 4202 ἔχειν
3697 4133 3807 4185 ἀπό
3852 4151 3997 4197 τινος
4050 4135 4367 4204 σοφιστικῆς

2777 4222 2889 4274 τῶν
2921 4223 3264 4292 κρατούντων
3329 4222 3424 4276 καὶ
3453 4223 3718 4295 συνήθους
3746 4225 4068 4296 περιεργίας
4099 4226 4233 4295 (74)·
4275 4227 4370 4279 καὶ

2781 4313 3095 4385 θαυμαστὸν
3118 4314 3290 4368 οὐδέν.
3335 4316 3469 4368 Οὐδὲ
3495 4316 3604 4386 γὰρ
3633 4318 3862 4386 ἠγνόουν
3890 4318 3981 4371 τὸν
4010 4319 4232 4387 φθόνον,
4277 4319 4370 4371 καὶ

2780 4404 2863 4457 ὅτι
2889 4403 3073 4457 πολλοὶ
3099 4404 3208 4459 τῶν
3238 4405 3368 4476 περὶ
3406 4407 3467 4457 σὲ
3493 4405 3566 4458 τά
3588 4403 3799 4458 ἑαυτῶν
3826 4405 3916 4458 διά
3944 4403 4038 4457 σοῦ
4069 4405 4181 4474 (75)
4209 4404 4369 4475 θερα-

2783 4601 2862 4656 vel
2886 4602 3096 4654 animus
3132 4600 3186 4653 id
3215 4601 3507 4669 proposuit,
3535 4601 3614 4654 vel
3645 4609 3998 4653 atramentum
4028 4599 4263 4669 scripsit.

2856 4672 2966 4738 (69)
3012 4671 3073 4722 Τί
3122 4666 3234 4723 οὐκ
3257 4666 3347 4735 τιξ-
3403 4669 3576 4723 ἇλλο.
3607 4671 3740 4724 Cod.
3793 4669 3947 4723 Pass.
3983 4669 4120 4738 Τίνα
4158 4666 4250 4722 οὖν
4285 4688 4370 4734 τις

2786 4737 2962 4805 άλλον,
2988 4739 3214 4810 Ecquem
3243 4741 3408 4812 igitur
3439 4741 3608 4794 alium
3647 4741 3912 4810 quispiam
3958 4737 4252 4792 admiretur
4278 4757 4369 4795 eo-

2787 4827 2904 4863 rum
2935 4813 3045 4874 qui,
3072 4821 3176 4865 etc.

2860 4828 3420 4949 ἵξίῶωὸιῗΐμὰζομεν.
3460 4879 3595 4934 Cod.
3657 4877 3814 4934 Pass.
3857 4879 4248 4950 Θαυμάζωμεν,
4279 4899 4371 4934 su-

2789 4952 3108 5020 spexerimus
3137 4960 3186 5003 et
3218 4952 3472 5004 admirati
3522 4951 3798 5020 fuerimus.
3839 4950 3960 5006 Mox
4001 4951 4244 5019 ὲγκάλει,
4299 4953 4371 5006 ita

2789 5020 2942 5074 Pass.
2991 5019 3045 5073 In
3077 5022 3208 5075 edit.
3246 5022 3515 5089 ἐγκαλεῖς.

2861 5091 2975 5162 (71)
3016 5090 3414 5162 Θαιιμάσεται.
3448 5089 3523 5162 Ita
3560 5089 3720 5162 codd.
3747 5091 3883 5162 Reg.
3923 5097 3978 5146 et
3998 5089 4177 5158 Pass.,
4215 5100 4269 5147 et
4294 5095 4377 5148 sic

2792 5161 3026 5215 reddidit
3057 5161 3174 5214 Bill.
3210 5161 3264 5215 lu
3293 5162 3425 5216 edit.
3456 5161 3816 5231 Θαυμάζεται.

2865 5233 2977 5301 (7‘2)
3030 5233 3192 5285 Ἀλλ’
3223 5232 3314 5284 ὅτι
3351 5231 3806 5300 φιλοσοφοῦμεν
3831 5231 4204 5301 ἀγανακτεῖς,
4236 5233 4372 5300 quod

2794 5301 3247 5368 philosophantur,
3289 5303 3339 5354 id
3380 5311 3484 5364 est,
3530 5303 3656 5370 quia
3696 5304 4012 5371 parentibus
4047 5302 4374 5368 assidemus,

2443 5373 2517 5424 ait
2545 5372 2688 5436 Bill.,
2725 5382 2767 5436 ι)
2796 5388 3094 5440 eorumque
3121 5388 3306 5424 curant
3337 5374 3610 5440 gerimus;
3638 5371 3689 5421 id
3705 5388 3842 5425 enim
3878 5389 3969 5441 per
3988 5373 4377 5440 philosophiam

2798 5444 3066 5526 designari
3113 5453 3272 5526 puto,
3307 5446 3381 5495 ait
3437 5441 3557 5494 Bill.
3614 5442 3734 5494 Mox
3778 5444 3900 5498 cod.
3939 5442 4094 5499 Pass.
4133 5443 4220 5506 δὸς
4245 5445 4379 5515 ἡμῖν

2796 5529 2954 5564 τουτο
2990 5528 3182 5566 ειπειν.

2873 5583 2986 5647 (75)
3026 5583 3174 5634 Alias
3201 5579 3366 5635 XXV.
3403 5580 3617 5650 Scripta
3650 5597 3794 5636 anno
3829 5582 3955 5636 372.

2871 5652 2980 5719 (74)
3023 5651 3133 5703 Καὶ
3152 5652 3460 5717 συνήθους
3484 5654 3836 5721 περιεργίας.
3865 5651 4131 5715 (ζοηιὴείη
4163 5667 4379 5706 consuc-

2803 5733 2955 5791 tuque
2978 5722 3140 5773 auxia
3181 5722 3476 5790 diligentia.

2875 5793 2986 5859 (73)
3026 5791 3124 5844 Διά
3153 5792 3288 5846 σοῦ.
3330 5792 3384 5846 lu
3417 5791 3540 5847 cod.
3567 5791 3718 5848 Pass.
3759 5796 3874 5848 hace
3916 5793 4131 5848 desunt.
