5168 6648
833 527 906 583 91
2237 519 2575 576 EPISTOLA
2615 517 2850 572 XLVIII.
4050 522 4118 578 98

837 652 904 688 πε
914 651 1118 694 σοντες,

838 727 1168 788 ἀνάπτοντές
1208 729 1363 781 εἰσιν.
1394 727 1603 778 Ἐκεῖνο
1640 727 1740 796 μὲν
1776 722 1870 778 οὖν
1903 726 1964 778 οὑ
1996 724 2237 786 δέδοικα,
2271 724 2348 794 μή
2381 741 2430 776 τι

840 818 1019 892 πάθῃς
1054 820 1165 888 (77)
1202 819 1528 888 ἀφιλόσοφον
1566 820 1625 871 ὲν
1663 821 1774 881 τοῖς
1814 818 2108 888 λυπηροῖς,
2143 818 2238 870 καὶ
2272 834 2432 870 σεαυ-

840 910 932 963 τοῦ
979 911 1073 963 καὶ
1108 909 1266 979 ἡμῶν
1308 910 1545 976 ἀνάξιον.
1602 909 1740 962 Ἀλλ’
1791 911 2033 980 ἠγοῦμαι
2073 907 2170 961 νῦν
2217 907 2283 978 δὴ
2337 907 2432 962 καὶ

844 999 1082 1070 μάλιστα
1123 1000 1596 1070 γνωρισθήσεσθαι
1647 1000 1760 1070 (78)
1813 1001 1906 1053 τὸν
1953 999 2084 1068 ἐμὸν
2128 997 2428 1062 Βασίλειον,

841 1093 935 1145 καὶ
958 1093 1026 1161 ἢν
1051 1094 1110 1144 ὲν
1141 1094 1303 1146 παντὶ
1333 1093 1411 1162 τῷ
1441 1094 1619 1163 χρόνῳ
1649 1092 1914 1157 συνελέξω
1944 1091 2285 1159 φιλοσοφίαν,
2318 1089 2433 1143 διαί

839 1181 1243 1251 δειχθήσεσοαι,
1276 1184 1370 1235 καὶ
1402 1184 1773 1253 ὑπερσχήσειν
1803 1182 1902 1244 τὰς
1933 1182 2215 1254 ἐπηρείας,
2243 1181 2434 1250 ὥσπερ

843 1271 1031 1342 ὑψηλῷ
1065 1273 1270 1344 κύματι
1305 1275 1442 1344 (79),
1482 1276 1576 1328 καὶ
1613 1278 1798 1344 μενεῖν
1825 1275 2094 1337 ἄσειστον,
2131 1274 2306 1328 ἄλλων
2339 1290 2436 1326 τα-

845 1365 1214 1434 ρασσομένων.
1279 1365 1342 1418 Et
1395 1366 1449 1419 δὲ
1503 1366 1680 1430 δοκεῖ,
1737 1365 1834 1419 καὶ
1877 1365 2041 1430 αὐτὸς
2093 1364 2431 1435 παρέσομαι,

1168 635 1260 687 καὶ
1301 633 1393 686 τὸν
1440 634 1713 704 σπινθῆρα
1767 634 1868 702 τῆς
1914 632 2282 704 μικραφυχίας
2323 633 2436 702 (76)
2469 643 2512 696 Α
2543 628 3041 698 complures-sint,
3076 628 3168 698 qui
3202 649 3209 677 ι

2076 632 2282 702 ψυχίας
2323 633 2436 702 (76)
2469 643 2512 696 Α
2543 628 3041 698 complures-sint,
3076 628 3168 698 qui
3202 642 3487 683 commoda
3541 648 3638 684 sua
3679 649 3773 702 per
3821 644 3872 686 te
3923 647 4117 702 procu-

2537 727 2683 783 rent,
2719 734 2785 772 ac
2817 718 3292 788 pusillanimitatis
3339 722 3581 774 fomitem
3628 741 3655 774 a
3694 723 3947 778 cendant.
3988 726 4121 780 Illud

2538 825 2671 865 vero
2711 825 2822 864 non
2866 810 3076 874 metui,
3117 825 3186 864 ne
3235 812 3365 879 quid
3416 827 3445 863 a
3494 814 3818 885 philosopho
3857 817 4120 883 alienum,

2539 913 2706 972 atque
2735 912 2791 957 et
2827 910 2881 958 te
2912 914 2966 956 et
2999 902 3157 958 nobis
3192 905 3474 974 indignum
3507 907 3558 958 in
3590 906 3752 961 rebus
3785 907 4027 963 adversis
4057 925 4123 962 ac

2540 995 2810 1050 molestiis
2860 994 2956 1048 tibi
3009 994 3305 1050 accideret.
3369 998 3510 1063 Quin
3587 1000 3775 1069 potius
3832 1016 3979 1054 nunc
4036 1004 4120 1055 vel

2540 1087 2776 1142 maxime
2828 1086 3074 1140 futurum
3125 1088 3406 1153 existimo,
3447 1097 3506 1144 ut
3537 1075 3773 1146 Basilius
3805 1109 3960 1147 Inous
4020 1111 4116 1146 eo-

2541 1185 2927 1246 guoscatur,et
2949 1192 3034 1240 ea,
3070 1193 3232 1248 quam
3264 1194 3357 1247 per
3378 1196 3540 1235 omne
3587 1191 3798 1251 tempus
3827 1185 4119 1254 collegisti,

2539 1269 2813 1337 sapientia
2844 1270 3084 1338 pateﬁat,
3123 1286 3188 1326 ae
3214 1279 3271 1326 tu
3297 1272 3676 1343 improborum
3719 1277 3997 1331 hominmu
4034 1279 4120 1332 iu-

2536 1361 2715 1432 jurias
2749 1370 2803 1415 et
2854 1362 3247 1431 impressiones
3295 1381 3543 1435 superes,
3588 1370 3842 1438 velutque
3881 1371 3934 1423 in
3965 1372 4122 1426 altis-

841 1457 1002 1525 τυχὸν
1029 1455 1127 1525 μὶν
1157 1455 1252 1508 καὶ
1282 1455 1508 1525 γνώμης
1534 1457 1680 1518 τινὸς
1713 1458 2062 1526 κοινωνήσων
2092 1456 2271 1524 (εἰπερ
2311 1453 2439 1507 ὓδα-
2540 1455 2700 1509 simis
2727 1453 2876 1508 lIucli

2092 1456 2271 1524 (εἰπερ
2311 1453 2439 1507 ὓδα-
2540 1455 2700 1509 simis
2727 1453 2984 1508 ﬂuctibus
3021 1455 3282 1510 immotus
3311 1472 3557 1519 maneas,
3593 1458 3715 1521 aliis
3750 1461 3803 1513 in
3835 1463 4121 1530 perturba-

840 1563 931 1609 τος
954 1548 1128 1600 δεῖται
1159 1547 1423 1610 Θάλασσα,
1447 1547 1542 1600 καὶ
1580 1548 1646 1600 σὺ
1669 1547 1763 1600 τοῦ
1792 1547 2254 1618 συμϐουλεύοντος
2273 1544 2436 1618 [80])·

2536 1548 2688 1602 tione
2725 1563 2790 1602 ac
2831 1549 3071 1602 tumultu
3101 1551 3474 1607 versantibus.
3508 1553 3665 1618 Quod
3704 1554 3748 1609 si
3778 1555 3851 1608 ita
3883 1557 4118 1619 videtur.

843 1640 1062 1703 πάντως
1106 1641 1186 1703 δὲ,
1238 1640 1747 1711 ὠφεληθησόμενος,
1803 1641 1897 1694 καὶ
1957 1639 2335 1712 φιλοσοφήσων
2378 1638 2440 1691 τὸ
2535 1641 2655 1709 ipse
2704 1655 2884 1709 quoqu

2078 1641 2335 1712 ισοφήσων
2378 1638 2440 1691 τὸ
2535 1641 2655 1709 ipse
2704 1655 2924 1709 quoque
2980 1641 3168 1703 adero,
3227 1642 3460 1698 fortasse
3512 1646 3734 1716 quidem
3786 1655 3846 1700 ut
3901 1649 4119 1702 consilii

847 1731 1288 1803 συνυϐρίζεσθαι.

2536 1747 2758 1802 quoque
2818 1732 2916 1786 tibi
2983 1733 3190 1803 aliquid
3253 1736 3560 1806 impertiam
3619 1741 3685 1809 (si
3738 1749 3917 1796 tamen
3985 1741 4124 1797 mali

844 1841 984 1894 aqua
1073 1842 1214 1895 opus
1283 1834 1390 1888 est,
1451 1835 1506 1880 et
1558 1827 1652 1880 tibi
1694 1825 2052 1895 consultore)
2102 1845 2115 1880 :
2189 1824 2380 1895 procul
2448 1823 2616 1878 dubio
2673 1832 2894 1889 autem,
2948 1833 3008 1878 ιιι
3068 1827 3362 1883 utilitatem
3431 1830 3550 1900 ipse
3612 1832 3853 1902 capiam,
3909 1835 4122 1903 patien-

844 1921 1043 1990 tiaeque
1088 1923 1143 1975 in
1182 1922 1424 1977 ferendis
1471 1922 1824 1976 contumeliis
1860 1922 2074 1977 socium
2117 1936 2203 1975 me
2241 1921 2336 1974 tibi
2371 1919 2666 1990 praebeam.

1269 2037 1409 2092 σπη’.
1474 2038 1562 2108 To
1607 2038 1792 2107 arm
1850 2037 1982 2104 (ει).

3069 2036 3302 2092 XLVIII.
3350 2038 3584 2096 EIDEM.

845 2150 1181 2207 Sasimorum
1213 2150 1495 2222 Gregorius
1516 2153 1879 2220 episcopatum
1903 2133 2135 2213 recusat,
2177 2148 2408 2270 pluzirza
2445 2147 2731 2269 grasioqu‘e
2774 2143 2975 2203 Basilio
3003 2149 3274 2218 objiciens,
3313 2151 3451 2220 quod
3480 2153 3625 2204 illius
3656 2151 3905 2207 Ecclesia:
3939 2171 4122 2211 curam

2211 2236 2254 2270 ει
2296 2235 2312 2270 ι
2377 2234 2531 2270 eman
2574 2234 2691 2269 asse
2722 2258 2735 2270 .

2211 2234 2312 2271 8101
2341 2234 2735 2270 aenmnaasset.

912 2343 988 2394 Οὐ
1022 2340 1209 2413 παύσῃ
1241 2338 1578 2410 βλασφημῶν
1605 2339 1771 2408 ἡμᾶς,
1805 2337 1880 2400 ὡς
1902 2336 2262 2398 ἀπαιδεύτους
2292 2335 2425 2406 (82),
2459 2344 2502 2397 Β
2603 2333 2907 2391 Desinesne

2080 2336 2262 2398 εύτους
2292 2335 2425 2406 (82),
2459 2344 2502 2397 Β
2603 2333 2907 2391 Desinesne
2957 2350 3059 2390 nos
3094 2334 3313 2389 tandem
3355 2336 3664 2390 maledictis
3710 2337 4009 2402 incessere,
4063 2351 4121 2396 ut

840 2437 936 2489 καὶ
971 2435 1211 2495 σκαιοὺς,
1247 2433 1340 2485 καὶ
1374 2431 1626 2500 ἀφίλους,
1671 2432 1764 2483 καὶ
1805 2431 1925 2482 οὐδὲ
1960 2430 2060 2500 ζῇν
2098 2427 2310 2493 ἀξίους,
2348 2430 2429 2482 ὅτι

842 2528 1080 2581 συνιέναι
1116 2525 1530 2595 τετολμήκαμεν
1566 2525 1601 2578 ἃ.
1643 2523 2022 2593 πεπόνθαμεν;
2065 2525 2125 2574 οὺ
2164 2523 2273 2593 γὰρ
2305 2521 2431 2576 ἄλλο

841 2639 905 2690 γε
927 2621 1084 2673 οὐδὲν
1108 2617 1421 2689 ἀδικοῦμεν,
1451 2616 1612 2679 αὐτὸς
1639 2616 1705 2669 ἂν
1731 2616 1924 2678 εῐποις·
1949 2614 2067 2666 οὐδέ
2089 2632 2141 2667 τι
2171 2615 2431 2682 σύνισμεν

843 2715 1024 2775 αὐτοῖς
1064 2716 1195 2783 ἡμῖν
1240 2713 1352 2781 (85)
1399 2711 1430 2780 ἢ
1484 2710 1733 2780 μικρὸνῆ
1766 2706 1947 2777 μεῖζον
1980 2707 2110 2778 περὶ
2151 2707 2209 2758 σὲ
2243 2707 2431 2769 κακοῖς

842 2805 1112 2875 γεγονόσι,
1140 2803 1273 2874 μηδὲ
1299 2801 1683 2872 συγγνοίημεν·
1724 2801 1862 2871 πλὴν
1882 2799 2039 2852 τοῦτο
2082 2798 2243 2866 μόνον
2266 2798 2432 2864 ἔγνω-

845 2917 947 2970 μεν
993 2896 1357 2967 ἠπατημένοι,
1407 2894 1504 2962 ὀψὲ
1554 2894 1652 2964 μὲν
1699 2894 1869 2961 ἄγαν,
1927 2893 2173 2962 ἔγνωμεν
2215 2889 2291 2942 δέ·
2336 2889 2432 2943 καὶ

839 2995 932 3046 τὸν
988 2992 1176 3062 θρόνον
1234 2987 1573 3059 αἰτιώμεθα,
1635 2986 1710 3048 ὡς
1767 2983 2098 3054 admittite-{adv
2159 2997 2220 3033 σε
2271 2978 2431 3053 ἡμῶν

840 3084 1054 3154 ἀθρόως
1088 3085 1412 3151 ποιήσαντα·
1450 3081 1543 3133 καὶ
1580 3080 1861 3149 κάμνομεν
1890 3075 1960 3129 τὰ
1994 3076 2064 3127 σά
2096 3074 2432 3142 ἐγκαλούμε-

839 3193 942 3240 νοι,
967 3175 1063 3228 καὶ
1084 3173 1510 3242 ἀπολογούμενοι
1545 3171 1680 3242 πρὸς
1714 3169 1840 3232 τοὺς
1879 3166 2065 3234 σαφῶς
2094 3165 2302 3226 εἰδότας
2338 3163 2433 3216 καὶ

840 3274 910 3327 τὰ
934 3273 1126 3345 πρῶτα
1147 3275 1180 3342 ἡ
1190 3272 1326 3342 μῶν,
1352 3271 1447 3324 καὶ
1473 3270 1541 3323 τά
1569 3268 1682 3322 νῦν.
1718 3267 1890 3321 Τοῦτο
1909 3266 2019 3337 γὰρ
2042 3259 2117 3318 ὧν
2148 3266 2431 3333 πάσχομεν

840 3365 902 3417 τὸ
948 3365 1308 3432 γελοιότατον,
1360 3362 1393 3432 ἦ
1443 3361 1826 3423 ὲλεεινότατον,
1885 3360 2012 3419 τοὺς
2067 3357 2263 3418 αὐτοὺς
2309 3354 2425 3408 ἀδι-

841 3454 1053 3507 κεῖσθαι
1086 3454 1179 3506 καὶ
1211 3453 1578 3520 ἐγκαλεῖσθαι,
1616 3451 1750 3520 ὅπερ
1787 3448 1882 3500 νῦν
1915 3449 2048 3517 ἡμῖν
2078 3445 2201 3512 (84)
2228 3442 2429 3512 συμϐέ-

839 3547 1028 3615 δηκεν.
1061 3545 1383 3614 Ἐγκαλοῦσι
1413 3545 1468 3597 δὲ
1489 3544 1583 3595 καὶ
1610 3541 1757 3596 ἄλλοι
1792 3541 1889 3610 μὲν
1923 3538 2050 3594 ἀλλο
2078 3555 2128 3590 τι
2160 3578 2172 3599 ,
2197 3537 2291 3589 καὶ
2323 3535 2351 3587 ὅ
2377 3551 2430 3586 τι

837 3640 1069 3702 ἕκαστος
1095 3639 1381 3708 βούληται,
1410 3635 1553 3688 κατὰ
1583 3635 1676 3686 τὸν
1709 3630 1902 3684 ἑαυτοῦ
1933 3630 2153 3700 τρόπον,
2184 3629 2216 3696 ἢ
2241 3627 2304 3679 τὸ
2336 3625 2430 3696 μέ-

2539 2427 2805 2493 insulsos,
2833 2438 2891 2484 et
2918 2430 3183 2492 rusticos,
3222 2438 3275 2483 et
3306 2430 3515 2484 alienos
3549 2431 3617 2482 ab
3659 2433 3923 2500 amicitia,
3958 2449 4021 2487 ac
4052 2451 4122 2488 no

2537 2521 2650 2573 vita
2683 2522 2905 2590 quidem
2930 2521 3424 2592 dignos,quoniam
3453 2539 3539 2585 ea,
3572 2539 3693 2592 qua:
3728 2525 3872 2592 passi
3904 2543 4118 2585 sumus.

2538 2613 2844 2684 intelligere
2881 2629 2945 2668 ac
2992 2614 3300 2684 persentire
3338 2615 3458 2668 ausi
3489 2617 3716 2670 sumus?
3759 2633 3934 2687 neque
3971 2621 4119 2674 enim

2537 2707 2833 2778 quidquam
2875 2709 3020 2762 aliud
3063 2709 3310 2778 proferre
3370 2727 3557 2780 queas.
3612 2712 3665 2764 in
3718 2729 3828 2781 quo
3885 2729 3911 2766 a
3961 2717 4121 2770 nobis

2539 2797 2702 2855 laesus
2754 2801 2884 2867 sis;
2940 2816 3042 2855 nec
3097 2801 3204 2854 ulla
3264 2803 3491 2855 omnino
3549 2801 3601 2854 in
3647 2818 3727 2867 re,
3772 2806 3886 2858 sive
3932 2823 4119 2876 parva,

2537 2888 2652 2945 sive
2694 2905 2925 2960 magna,
2967 2893 3175 2946 conscii
3219 2908 3433 2957 sumus,
3477 2892 3585 2964 53
3632 2911 3734 2950 nos
3783 2897 3967 2966 inique
4017 2900 4120 2952 ali-

2539 2979 2670 3048 quid
2703 2979 2756 3033 in
2786 2989 2840 3035 te
2875 2981 3186 3047 admisisse,
3212 2984 3398 3051 (atque
3437 2985 3643 3037 utinam
3678 3002 3956 3056 nunquam
3987 3004 4120 3044 con-

2538 3072 2640 3128 scii
2688 3073 2927 3144 simus!)
2971 3073 3079 3128 nisi
3121 3075 3267 3143 quod
3316 3075 3560 3129 fraudem
3600 3079 3653 3130 in
3696 3094 3858 3147 quam
3912 3081 4120 3136 inducti

2538 3180 2757 3230 sumus,
2797 3166 2976 3221 serius
3010 3166 3228 3236 quidem
3275 3183 3436 3236 quam
3479 3169 3744 3237 oportuit,
3800 3171 3893 3225 sed
3938 3182 4118 3228 t:mien

2538 3257 2834 3322 aliquando
2879 3259 3228 3328 agnovimus.
3267 3260 3444 3329 Atque
3484 3261 3648 3329 hujus
3688 3264 3765 3317 rei
3805 3266 4024 3334 culpam
4062 3268 4116 3321 in

2536 3352 2904 3422 episc0palem
2961 3352 3219 3406 thronum
3269 3352 3629 3416 conferimus,
3670 3364 3858 3424 utpote
3917 3335 4011 3427 qui
4067 3367 4119 3414 te

2537 3453 2764 3511 repente
2800 3458 2968 3512 supra
3024 3459 3127 3498 nos
3163 3443 3407 3497 evexerit
3453 3464 3464 3498 :
3503 3461 3565 3499 ac
3607 3448 3959 3503 vehementer
3995 3448 4116 3503 lati-

2537 3549 2750 3603 gamur,
2793 3534 2921 3588 dum
2971 3541 3064 3588 tua
3138 3535 3295 3590 nobis
3345 3537 3701 3605 objiciuntur,
3756 3558 3929 3611 eaque
3974 3543 4117 3613 apud

2540 3627 2685 3688 illos,
2713 3627 2806 3697 qui
2859 3635 2914 3682 et
2957 3628 3192 3697 pristina
3233 3640 3420 3683 nostra
3459 3641 3512 3684 et
3558 3634 3850 3700 praesentia
3904 3633 4112 3705 perspi‘v

838 3747 966 3801 τρον
993 3707 1102 3798 τῆς
1135 3727 1277 3798 ὑπὲρ
1307 3725 1464 3798 ἡμῶν
1498 3724 1686 3795 ὀργῆς·
1718 3724 1766 3774 οἱ
1802 3719 2305 3790 φιλανθρωπότατοι
2345 3716 2425 3778 δὲ,
2456 3707 2498 3764 C
2532 3734 2636 3774 cue
2666 3729 2879 3784 norum,1

2076 3719 2305 3770 ,πότατοι
2345 3716 2425 3778 δὲ,
2456 3707 2498 3764 C
2532 3734 2636 3774 cue
2666 3729 2887 3784 norunt,
2941 3719 3310 3775 defendimus.
3345 3720 3461 3775 Hoc
3501 3724 3646 3776 enim
3693 3727 3959 3790 ouinium,
3993 3746 4117 3797 qua:

841 3820 1140 3891 ὑπεροψίαν
1181 3820 1275 3872 καὶ
1320 3817 1746 3888 περιφρόνησιν,
1798 3813 1890 3865 καὶ
1934 3812 1996 3864 τὸ
2053 3807 2427 3881 παρερρίφθαι

838 3913 986 3982 ἡμᾶς
1025 3910 1162 3981 μετὰ
1192 3908 1292 3979 τὴν
1331 3907 1540 3977 χρείαν,
1582 3903 1771 3973 ὥσπερ
1806 3900 1914 3953 τῶν
1954 3899 2166 3953 σκευῶν
2203 3900 2272 3951 τὰ
2309 3900 2429 3951 ἀτι-

843 4005 1078 4075 μότατα,
1125 4001 1221 4054 καὶ
1258 3997 1353 4052 τοῦ
1400 3997 1628 4069 μηδενὸς
1662 3993 1817 4059 ἀξια,
1861 3994 1892 4064 ἦ
1935 3992 2045 4045 τῶν
2085 3990 2428 4061 ὲρεισμάτων

833 4094 1033 4158 ταῦτα,
1067 4092 1207 4163 ὑπὲρ
1238 4085 1313 4146 ὧν
1344 4090 1399 4143 αἱ
1421 4089 1623 4159 ἀψίδες,
1650 4085 1686 4141 ἃ
1710 4086 1847 4156 μετὰ
1869 4086 1968 4156 τὴν
1988 4081 2152 4154 πῆξιν
2181 4082 2429 4152 ὑφαιρεῖο

837 4206 928 4242 ται
963 4187 1057 4241 καὶ
1089 4185 1430 4238 διαπτύεται.
1472 4181 1707 4242 Τούτους
1753 4179 1850 4249 μὲν
1888 4174 1980 4230 οὖν
2016 4177 2229 4248 χαίρειν
2265 4174 2427 4227 ὲάσο-

842 4292 975 4344 μεν,
1031 4273 1126 4325 καὶ
1174 4272 1354 4338 λέγειν
1401 4271 1430 4323 ὃ
1476 4287 1529 4322 τι
1589 4267 1657 4321 ἂν
1708 4267 1960 4335 λέγωσιν·
2015 4266 2190 4327 οὐδεὶς
2247 4264 2424 4332 ἐφέξει

839 4360 1090 4434 γλώσσης
1132 4362 1477 4432 αὐτονομίαν.
1525 4361 1634 4414 Καὶ
1674 4354 1739 4412 σύ
1781 4375 1871 4428 μοι
1910 4359 2002 4410 τὸν
2036 4358 2226 4428 μισθὸν
2255 4357 2426 4410 κατά-

839 4456 969 4510 δαλε
999 4456 1098 4520 τὰς
1130 4456 1409 4528 μακαρίας
1437 4454 1534 4507 καὶ
1569 4451 1734 4514 κενὰς
1767 4451 2008 4514 ἐλπίδας,
2043 4451 2109 4514 ἃς
2146 4449 2290 4502 κατά
2319 4449 2427 4502 τῶν

909 4610 1022 4682 (76)
1057 4606 1366 4682 Σπινθῆρα
1414 4606 1528 4682 τῆς
1579 4605 2007 4682 ιιι-ιεροιζισυχίςιςἶ
2043 4600 2313 4682 Gombel'.,
2351 4603 2428 4682 ξς-

840 4673 1082 4732 πιιιίιαιὶε
1114 4690 1163 4732 et
1197 4673 1306 4732 odii
1338 4673 1599 4747 fomitem.
1638 4675 1783 4738 Mox,
1813 4674 1951 4728 εἰσίν
1979 4676 2132 4729 deest
2179 4673 2234 4726 in
2265 4673 2425 4728 codd.

842 4749 1508 4891 “'I'ii)ebgi$:30¢xa,pﬁ
1538 4835 1594 4871 τι
1622 4815 1838 4884 πάθῃς.
1868 4814 2012 4878 Bill.,
2039 4830 2140 4867 non
2160 4822 2332 4867 metuo
2366 4829 2429 4867 ne

839 4891 962 4957 quid
995 4892 1091 4942 tibi
1116 4889 1345 4942 accidat.

912 4961 1024 5030 (7s)
1066 4959 1616 5030 Frwpzo-ﬂriaeqoaz.
1653 4954 1730 5030 Ita
1761 4954 1919 5030 codd.
1959 4952 2105 5006 IIarI.
2146 4969 2232 5030 _ac
2271 4951 2425 5030 Pass.

2530 3812 2794 3882 patimur,
2835 3813 3076 3868 maxime
3119 3814 3413 3868 ridiculum
3464 3825 3570 3879 est,
3619 3821 3700 3872 vel
3734 3822 3914 3888 jwtius
3957 3824 4117 3876 mise-

2529 3904 2784 3970 randum,
2813 3904 3072 3959 nimirum
3103 3906 3248 3976 quod
3277 3905 3439 3960 iidem
3465 3922 3516 3962 et
3545 3910 3745 3976 injuria
3779 3911 4116 3982 alliduntur,

2527 4001 2581 4048 et
2615 4003 2953 4051 accusantur
2984 4014 2996 4051 :
3029 3996 3081 4050 id
3109 3998 3255 4068 quod
3285 3998 3447 4053 nobis
3475 4001 3579 4054 hoc
3619 4011 3864 4072 tempore
3888 4006 4112 4060 accidit.

2529 4083 2810 4156 Objiciunt
2850 4103 3016 4158 porro
3055 4090 3144 4143 alii
3198 4091 3345 4144 aliud
3403 4093 3705 4162 quidpiam,
3754 4105 3808 4149 et
3847 4096 4113 4167 quidquid

2530 4179 2965 4250 uniuscujusque
2998 4180 3252 4236 voluntas
3284 4183 3492 4244 tulerit,
3556 4193 3717 4254 prout
3751 4188 3830 4239 vel
3871 4188 4116 4243 moribus

2530 4273 2833 4342 comparati
2853 4283 3002 4341 sunt,
3027 4274 3113 4328 vel
3143 4283 3331 4330 nostra
3361 4290 3528 4331 causa
3563 4277 3878 4334 irascuntur
3915 4299 3930 4335 :
3961 4281 4115 4336 beni-

2530 4363 2775 4432 gnissimi
2791 4373 2971 4420 autem
2989 4367 3192 4436 quique
3223 4368 3527 4438 neglectum
3554 4376 3607 4422 et
3630 4378 3908 4440 contempt
3929 4387 4113 4438 ouem,

2528 4465 2581 4510 et
2606 4455 2752 4526 quod
2781 4473 2902 4518 nos,
2937 4469 3293 4528 posteaquam
3337 4475 3504 4530 opera
3540 4468 3727 4515 nostra
3755 4477 3887 4516 usus
3913 4462 4114 4529 lucris,

2529 4609 2813 4684 dimcesim
2842 4626 2995 4684 suam
3028 4612 3082 4684 in
3132 4613 3333 4670 multos
3374 4615 3726 4683 episcopatus
3750 4615 3983 4684 partitus
4021 4632 4113 4671 esr

2531 4689 2634 4753 set,
2667 4680 3005 4753 Sasimisque
3034 4683 3255 4752 ignobili
3281 4680 3421 4748 loco,
3442 4693 3495 4737 et
3525 4680 3591 4737 ad
3617 4680 4106 4753 philosophandum

2531 4751 2886 4813 alienissimo.
2941 4762 3147 4806 tantum
3172 4755 3371 4820 virum,
3419 4755 3505 4808 cui
3536 4751 3659 4808 eum
3694 4771 3760 4808 eo
3797 4751 3988 4811 omnes
4019 4774 4115 4809 ue—

2530 4822 2892 4893 cessitudines
2934 4823 3373 4887 intercedebant,
3406 4825 3757 4893 praefecisset,
3789 4840 3894 4878 non
3923 4826 4115 4878 immn-

2531 4891 2638 4944 rito
2665 4907 2723 4945 se
2772 4907 2876 4962 per
2927 4893 3236 4960 lmjusmodi
3297 4891 3810 4962 honorisspeciem
3868 4902 4105 4948 contem-

2531 4967 2719 5033 ptum,
2769 4961 3175 5033 ignominiaque
3215 4964 3472 5018 allectum
3522 4961 3692 5018 fuisse
3738 4966 3821 5018 vir
3876 4966 4115 5033 optimus

842 5028 896 5082 In
920 5022 1036 5103 'ed_.'_
1060 5022 1447 5103 γνωρισθῆναι.
1487 5027 1657 5079 Paulo
1713 5025 1887 5103 inira,
1935 5039 2048 5103 pro_
2083 5022 2424 5103 φιλοσοφίαν,
2461 5048 2502 5102 D
2531 5022 2883 5103 ilugrgbaﬁjr.

2083 5022 2424 5103 φιλοσοφίαν,
2461 5048 2502 5102 ι)
2531 5022 2885 5103 querebatur.
2941 5031 3008 5103 Et
3049 5022 3180 5086 sane
3212 5049 3401 5087 eorum
3453 5037 3726 5098 amicitia,
3759 5050 3880 5103 quae
3910 5022 4108 5102 alioqui

840 5101 961 5153 eod.
998 5093 1146 5153 Harl.
1175 5093 1383 5164 σοφίαν,
1413 5109 1464 5152 et
1491 5114 1588 5168 pro
1624 5097 1907 5161 συνελέξω,
1949 5096 2072 5148 cod.
2115 5093 2270 5148 Pass.
2303 5110 2421 5145 συν-

840 5171 996 5233 ελέξα
1005 5189 1103 5240 μεν
1141 5169 1462 5238 collegimus.

912 5232 1021 5308 συ)
1084 5232 1308 5306 Ὥσπερ
1363 5237 1587 5306 ὑψηλῷ
1638 5237 1871 5308 κύματι.
1908 5232 2185 5308 ‘Comhel'.
2236 5232 2425 5308 ὄισπερ

840 5303 1042 5381 ὑψήλδν
1068 5310 1219 5380 κῦμά
1242 5303 1327 5381 τί,
1345 5303 1746 5381 haudfecusac
1769 5307 1864 5358 alti
1888 5305 2080 5372 ﬂuctus
2111 5303 2420 5381 procellam.

843 5374 986 5441 sint.
1019 5374 1460 5451 ταρασσομένων.
1485 5378 1617 5432 Cod.
1650 5376 1803 5430 Pass.
1832 5374 2258 5442 τινασσομένων,
2297 5375 2421 5426 aliis

837 5468 1093 5506 επιιεειε.

909 5525 1021 5591 (80)
1065 5519 1177 5591 Τοῦ
1235 5517 1810 5591 συμϐουλεύοντος..
1839 5513 2089 5591 Ita_eod.
2113 5530 2314 5591 “unus,
2366 5521 2420 5568 et

841 5583 1086 5646 Combel'.
1129 5590 1198 5642 At
1221 5583 1380 5642 codd.
1414 5587 1565 5642 Pass.
1603 5595 1655 5638 et
1688 5585 1830 5637 IIarI.
1866 5583 1958 5636 τοῦ
1993 5583 2420 5652 συμϐουλεύσον-

839 5678 948 5724 τος.
991 5660 1160 5716 Paulo
1191 5659 1355 5723 infra,
1411 5659 1472 5711 τὸ
1521 5655 1936 5724 συνυϐρίζεσθαι
1985 5655 2136 5708 deest
2197 5655 2250 5707 in
2293 5655 2420 5708 eoJ.

843 5729 994 5787 Pass.

911 5802 1023 5872 (8|)
1052 5801 1231 5872 Alias_
1260 5797 1454 5852 XXXI.
1491 5796 1703 5872 Scripta
1744 5811 1886 5848 anno
1919 5795 2038 5872 57:2.
2064 5795 2270 5847 ——ll:ec
2305 5795 2427 5872 epi-

840 5867 1015 5938 stola,
1077 5872 1154 5923 ait
1203 5869 1347 5932 Bill.,
1391 5885 1516 5921 cum
1547 5868 1760 5921 duabus
1800 5868 2040 5938 proxime
2069 5867 2427 5938 sequentibus

841 5936 1184 5997 stmuachosa
1239 5951 1293 5996 et
1351 5939 1624 6010 jurgatrix
1674 5948 1777 5992 est.
1825 5937 1958 5990 Nam
2012 5952 2133 5990 cum
2196 5936 2428 5990 Basilius

2532 5101 2740 5173 trabali
2783 5102 2940 5173 clavo
2984 5102 3086 5155 lixa
3118 5103 3422 5167 videbatur,
3471 5106 3540 5158 ob
3568 5121 3684 5158 eam
3731 5101 3954 5157 causam
3980 5121 4113 5173 pene

2529 5170 2792 5241 dissiluit.
2815 5171 3051 5226 Basilius
3080 5175 3299 5240 quidem
3328 5175 3468 5241 apud
3513 5177 3683 5228 honos
3717 5175 3864 5226 viros
3918 5170 3991 5228 co—
4018 5191 4112 5226 no-

2532 5241 2682 5312 mine
2734 5240 2984 5307 oIIendit,
3047 5240 3398 5312 iuiquiusque
3447 5260 3568 5298 cum
3625 5244 3885 5311 Gregorio
3937 5244 4113 5308 e;:isse

2526 5311 2871 5382 existimatus
2927 5319 3045 5373 est,
3095 5330 3258 5381 quam
3294 5311 3373 5367 vel
3406 5330 3504 5382 pro
3537 5330 3636 5368 Suo
3667 5318 3827 5368 solito
3852 5315 4110 5379 candore,

2528 5380 2610 5458 vel
2657 5395 2756 5464 pro
2801 5382 2946 5435 illius
2982 5380 3190 5464 tuleritis
3212 5392 3264 5435 et
3295 5380 3578 5464 dignitate,
3612 5386 3827 5464 νειμ-ο
3859 5384 4113 5464 anne-ilia:

2521 5449 2664 5515 jure.
2702 5449 2899 5524 Verum
2947 5449 3402 5524 ούδὲννάμαρτεῖν
3447 5456 3565 5506 ἐστι
3601 5449 3743 5507 θεοῦ.
3792 5454 3886 5507 καὶ
3939 5454 4115 5506 πάντα

2526 5521 2840 5592 κατορθοῦν,
2877 5530 2933 5574 ut
2951 5523 3051 5592 ille
3077 5523 3174 5576 ait.

2600 5590 2712 5658 (82)
2767 5591 3186 5658 Ἀπαιδεὺτους
3231 5592 3384 5646 deest
3420 5595 3474 5648 in
3502 5595 3625 5649 cod.
3664 5593 3815 5649 IIarI.
3845 5593 3990 5650 Mox.
4017 5594 4111 5647 καὶ

2531 5659 2776 5728 ἀφίλους.
2812 5661 2928 5714 BiII.
2964 5662 3141 5715 reddit
3173 5677 3188 5713 :
3220 5671 3268 5715 et
3312 5663 3376 5716 ob
3410 5666 3593 5718 amicis
3629 5667 3826 5731 inopes.

2607 5731 2718 5805 (81’?)
2756 5731 2967 5805 ᾼιῖντίὴς
3003 5732 3163 5805 imit.
3193 5734 3333 5805 _(‘.od_.
3369 5734 3496 5801 Reg.
3538 5737 3669 5805 ἡμῖν
3703 5735 3934 5805 ἑαυτοῖς.

2609 5803 2720 5868 (84)
2765 5803 2939 5867 "()gzsp
2963 5802 3079 5853 νῦν
3104 5803 3246 5869 ἡμῖν
3309 5803 3381 5854 Ila
3413 5802 3756 5858 i-oddfllarl.
3791 5811 3843 5856 οἱ
3865 5802 4020 5857 Pass.
4055 5803 4114 5858 In

2538 5870 2664 5945 edd.
2702 5874 2836 5940 ὅπερ
2869 5873 3083 5945 νῦν-καὶ
3116 5875 3266 5942 ἡμῖν.
3308 5874 3470 5928 Ι’;ιιι1ιι
3499 5886 3642 5945 post,
3671 5875 3765 5928 καὶ
3794 5873 3940 5927 ἄλλοι
3972 5876 4110 5944 μὲν,

2542 5940 2775 5994 Μιιιιιιιυ.
2806 5943 2898 5993 καὶ
2929 5943 3084 6005 ἄλλος
3113 5940 3229 6012 μὲν,
