5168 6648
1065 416 1136 475 99
2273 414 2330 468 S.
2375 409 2710 467 GilEGOllll
2751 410 3102 467 TllEOLOCl

4263 419 4364 478 100

1063 537 1216 592 velut
1238 535 1623 592 sordidissima
1663 550 1792 590 vasa
1822 543 1872 590 et
1910 534 2281 590 instrumenta
2315 533 2619 605 proieceris
2642 571 2657 596 ,
2691 551 2734 604 Α
2766 531 3104 603 βλασφημού·

2321 533 2619 605 proieceris
2642 571 2657 596 ,
2691 551 2734 604 Α
2766 531 3232 603 βλασφημούντων
3268 533 3488 606 ἐξεῦρες
3507 573 3521 597 ,
3552 536 3628 599 ὡς
3659 535 3748 589 διὰ
3776 536 3941 608 τιμὴν
3977 538 4213 610 ύῢρίζων
4239 544 4362 606 τοὺς

1066 629 1152 689 vel
1187 636 1450 698 tanquam
1496 624 1832 680 adminicula
1875 639 1963 690 ea,
2013 640 2137 696 qua:
2179 623 2485 679 fornicibus
2527 637 2662 693 sup-

1069 727 1378 789 ponuntur,
1460 731 1523 771 ac
1578 717 1742 772 simul
1785 724 1951 786 atque
2000 722 2282 769 structura
2348 713 2662 788 firmata‘et

1067 819 1358 882 compacta
1392 818 1499 877 cst,
1540 809 1776 865 subduci
1814 816 1869 864 et
1896 823 1998 878 pro
2031 807 2206 863 nihilo
2237 805 2426 862 haberi
2460 805 2657 861 solent.

1071 901 1275 957 Verum
1323 902 1427 957 hos
1461 915 1596 956 sane
1629 901 1809 954 valere
1845 901 2098 956 sinamus
2127 939 2143 964 ,
2183 909 2238 955 et
2281 912 2406 968 quae
2441 897 2657 963 dicunt,

1069 994 1300 1060 dicere;
1352 1009 1513 1048 nemo
1554 992 1754 1062 linguae
1794 992 2106 1048 libertatem
2155 990 2454 1048 coercebit.
2494 991 2572 1046 Ac
2600 998 2661 1044 tu

1068 1087 1259 1143 beatas
1286 1087 1407 1140 illas
1452 1099 1580 1156 spes
1606 1092 1660 1139 et
1682 1085 1889 1148 inanes
1919 1083 2194 1140 mercedis
2231 1083 2356 1138 loco
2386 1082 2659 1154 persolve,

1064 1193 1203 1248 quas
1215 1177 1484 1237 adversus
1498 1192 1594 1232 eos
1615 1175 1964 1246 excogitasti,
1984 1175 2080 1246 qui
2096 1183 2149 1230 te
2167 1189 2234 1230 eo
2269 1174 2494 1230 nomine
2525 1173 2663 1229 lace-

1065 1277 1212 1334 rant,
1242 1269 1388 1338 quod
1403 1269 1506 1324 sub
1519 1267 1748 1322 honoris
1775 1267 1960 1338 specie
1973 1266 2120 1322 leves
2147 1281 2252 1322 nos
2282 1275 2445 1336 atque
2477 1266 2546 1320 ad
2573 1279 2660 1321 res

1066 1360 1389 1431 huiusmodi
1414 1368 1700 1430 promptos
1721 1365 1777 1413 et
1803 1357 2000 1414 obvios
2023 1358 2426 1414 contumeliose
2461 1355 2660 1430 protri-

1063 1455 1233 1511 veris.
1293 1453 1408 1523 Ego
1436 1469 1592 1519 vero,
1627 1453 1761 1523 quid
1795 1452 1852 1506 in
1891 1453 2079 1508 animo
2119 1452 2372 1517 habeam,
2418 1450 2660 1522 explica-

1065 1549 1178 1616 bo;
1233 1564 1332 1602 nec
1386 1545 1521 1600 mihi
1581 1555 1868 1616 propterea
1927 1545 2209 1602 irascaris.
2252 1544 2440 1600 Dicam
2489 1543 2656 1609 enim,

1064 1654 1186 1711 qua:
1223 1635 1476 1708 ﬂagranti
1529 1636 1696 1690 etiam
1745 1635 1934 1690 dolore
1989 1636 2310 1707 prolocutus
2352 1649 2499 1697 sum,
2547 1649 2659 1689 non

1064 1746 1242 1802 usque
1288 1729 1428 1784 adeo
1472 1728 1559 1782 vel
1609 1727 1689 1781 ira
1731 1735 2009 1792 aestuans,
2046 1729 2130 1782 vel
2181 1726 2260 1782 rei
2307 1733 2504 1782 eventu
2537 1741 2662 1796 per-

1063 1823 1256 1878 culsus
1285 1829 1342 1877 et
1377 1821 1669 1885 attonitus,
1689 1827 1748 1873 ut
1782 1819 1926 1873 ratio
1961 1834 2021 1873 se
2054 1817 2417 1880 subduceret,
2446 1830 2510 1870 ac
2539 1831 2662 1885 qua:

2773 624 3012 694 κούφους
3033 625 3205 696 ἡμᾶς,
3232 627 3327 678 καὶ
3348 625 3673 697 προγείρους
3698 628 3837 697 πρὸς
3867 630 3935 683 τὰ
3954 629 4200 684 τοιαῦτα.
4225 632 4365 699 Ἐγὼ

2769 713 2827 767 δὲ
2862 715 2923 768 τὸ
2967 716 3120 786 ἐμὸν,
3165 715 3242 779 ὡς
3285 715 3394 787 ἔχω
3438 715 3574 787 (85).
3628 717 3876 788 δηλώσω,
3926 720 4020 774 καί
4062 736 4154 790 μοι
4199 720 4365 792 μηδὲν

2767 806 3050 878 ὀργισθῇς.
3106 807 3249 880 Ἐρῶ
3283 808 3414 882 γὰρ,
3441 808 3476 862 a
3514 811 3608 863 καὶ
3656 813 3786 880 παρ’
3831 813 3971 867 αύτά
4011 813 4104 866 τοῦ
4156 813 4364 876 πάθεος

2767 896 3231 971 ἀπεφθεγξάμην,
3260 900 3320 952 ού
3357 901 3610 955 τοσοῦτον
3644 902 3676 972 ἢ
3707 903 3785 974 τῷ
3819 903 3976 975 θυμῷ
4004 905 4188 968 ζέσας,
4217 906 4252 976 ἢ
4284 905 4363 975 τῷ

2768 986 3016 1054 γεγονότι
3076 988 3480 1058 καταπλαγεὶς,
3549 990 3691 1045 ὥστε
3744 992 4018 1063 κλαπῆναι
4079 996 4208 1058 τοὺς
4276 995 4364 1048 λο-

2767 1079 3023 1151 γισμοὺς,
3059 1080 3153 1134 καὶ
3185 1083 3401 1149 ἀγνοεῖν
3445 1083 3590 1153 ἅπερ
3633 1083 3819 1152 ελεγον
3861 1083 3993 1156 (86).
4031 1083 4170 1139 Οὔτε
4221 1085 4362 1139 ὅπλα

2767 1171 3062 1242 κτήσομαι,
3088 1171 3213 1225 οὔτε
3237 1173 3305 1226 τὰ
3323 1173 3560 1227 τακτικά
3581 1175 3925 1246 μαθήσομαι,
3945 1175 3982 1229 ἃ
4003 1174 4080 1246 μὴ
4096 1175 4360 1248 πρότερον

2767 1263 2992 1334 ἔμαθον,
3039 1264 3204 1336 ἡνίκα
3247 1265 3440 1338 καιρὸς
3486 1261 3629 1320 εἶναι
3671 1267 3874 1337 μᾶλλον
3909 1267 4106 1332 ἐδόκει,
4141 1267 4359 1348 πάντων

2766 1352 3145 1424 ὁπλιζομένων
3171 1354 3268 1408 καὶ
3295 1355 3642 1426 μαινομένων
3665 1351 3854 1425 (οἶσθα
3881 1356 3951 1410 τὰ
3982 1356 4091 1410 τῶν
4116 1356 4360 1411 ἀσθενῶν

2765 1445 3176 1516 ἀρρωστήματα
3219 1443 3384 1518 [87]),
3418 1445 3540 1500 οὔτε
3577 1447 3668 1501 τὸν
3701 1447 3918 1519 ’Λρήιον
3951 1447 4213 1519 Ἀνθιμον
4246 1448 4358 1519 (88)

2766 1537 3166 1608 ύποστήσομαι,
3206 1537 3412 1610 καίπερ
3448 1537 3627 1609 ἄωρον
3656 1538 3784 1591 ὄντα
3818 1539 4168 1611 πολεμιστὴν,
4202 1539 4359 1610 ψιλός

2765 1640 2825 1676 τε
2857 1622 2932 1677 ῶν
2958 1624 3053 1677 καὶ
3072 1624 3346 1696 ἀπόλεμος
3366 1625 3502 1696 (89),
3535 1627 3631 1681 καὶ
3659 1628 3797 1698 πρὸς
3823 1627 3892 1682 τὰ
3915 1629 4209 1700 τραύματα
4236 1631 4358 1683 ὲπι-

2764 1717 3124 1791 τηδειότερος.
3153 1719 3292 1772 Ἀλλ’
3322 1719 3518 1791 ἐκείνῳ
3547 1720 3646 1792 μὲν
3669 1721 3831 1786 αὐτὸς
3858 1721 4106 1793 πολέμει,
4132 1723 4181 1776 εί
4199 1721 4357 1776 τοῦτό

2769 1828 2851 1865 σοι
2881 1811 3032 1880 φίλον
3073 1812 3191 1881 (καὶ
3221 1811 3331 1883 γὰρ
3361 1813 3488 1874 τοὺς
3522 1812 3772 1876 ἀσθενεῖς
3801 1813 4063 1877 πολλάκις
4089 1814 4148 1867 αί
4175 1815 4358 1886 χρεῖαι

1064 1916 1347 1978 dicerem,
1383 1912 1717 1984 ignorarem.
1767 1908 1886 1964 Non
1933 1923 2085 1962 arma
2142 1907 2502 1977 comparabo,
2562 1921 2665 1960 nec
2694 1917 2737 1973 Β
2766 1901 2982 1956 ποιοῦσι
3003 1902 3105 1955 πολ

2315 1907 2502 1972 arabo,
2562 1921 2665 1960 nec
2694 1917 2737 1973 Β
2766 1901 2982 1956 ποιοῦσι
3003 1902 3361 1974 πολεμιστὰς)
3383 1904 3452 1974 ,ἢ
3481 1902 3633 1974 ζήτει.
3668 1905 3794 1969 τοὺς
3821 1904 4251 1977 πολεμήσοντας,
4277 1906 4356 1961 ετ.

1067 2005 1146 2060 rei
1181 2001 1441 2059 militaris
1482 2011 1655 2054 artem
1690 1999 1924 2064 discam,
1948 2013 2112 2068 quam
2144 1998 2297 2068 prius
2323 2013 2432 2052 non
2460 1997 2650 2062 didici,

1066 2114 1192 2152 cum
1230 2095 1397 2166 hujus
1437 2095 1518 2149 rei
1558 2094 1900 2150 commodius
1941 2099 2158 2162 tempus
2184 2106 2310 2146 esse
2339 2091 2652 2156 videbatur,

1065 2189 1331 2244 munibus
1386 2187 1640 2242 videlicet
1689 2201 1841 2240 arma
1901 2183 2289 2246 induentibus,
2339 2191 2393 2237 et
2449 2183 2654 2238 furiose

1065 2281 1210 2335 inter
1261 2295 1321 2334 se
1368 2275 1854 2347 congredientibus
1896 2273 2065 2344 (nosti
2111 2274 2456 2327 inlirmorum
2505 2289 2656 2327 mor-

1069 2370 1218 2439 bos),
1259 2385 1361 2424 nec
1393 2367 1650 2423 Martium
1678 2366 2001 2420 Anthimum
2029 2364 2332 2419 certamine
2360 2364 2653 2434 excipiam,

1063 2462 1316 2537 quamvis
1329 2460 1532 2531 alioqui
1547 2461 1897 2512 immaturum
1913 2457 2250 2519 bellatorem,
2267 2455 2524 2511 nimirum
2539 2455 2656 2526 ipse

1067 2555 1299 2610 inermis
1321 2569 1385 2608 ac
1415 2555 1492 2607 rei
1528 2552 1739 2608 bellica:
1765 2552 2010 2621 ignarus,
2033 2549 2462 2618 vulneribusque
2484 2550 2656 2618 magis

1063 2643 1371 2713 expositus.
1407 2639 1550 2707 Quin
1590 2651 1647 2695 tu
1683 2640 1865 2710 potius
1904 2653 2031 2693 cum
2065 2655 2152 2701 eo,
2180 2638 2226 2694 si
2255 2639 2328 2692 ita
2358 2638 2654 2704 videbitur,

1066 2733 1270 2787 bellum
1318 2746 1447 2800 gere
1488 2732 1653 2800 (nam
1715 2728 1962 2784 infirmos
2007 2745 2226 2800 quoque
2268 2728 2412 2799 sinpe
2466 2745 2658 2784 neces-

1072 2824 1212 2879 sitas
1244 2821 1356 2894 “
1401 2821 1518 2890 ipsa
1564 2817 1842 2891 pugnaces
1889 2819 2113 2888 efliril),
2169 2827 2264 2872 aut
2308 2820 2401 2889 qui
2456 2820 2657 2874 bellum

1073 2919 1271 2981 gerant
1319 2925 1526 2980 qumre,
1582 2925 1708 2964 cum
1761 2909 1854 2963 ille
1914 2909 2091 2962 mulas
2139 2917 2264 2962 tuas
2317 2908 2655 2977 arripuerit,

1065 3004 1317 3057 locorum
1364 2999 1650 3072 angustias
1700 3001 2026 3062 observans,
2063 3000 2526 3068 quemadmodum
2565 2999 2658 3053 ille

1063 3095 1309 3159 Amalec,
1340 3109 1464 3148 cum
1496 3093 1732 3147 transitu
1767 3089 2021 3146 lsraelem
2074 3099 2291 3145 arceret
2347 3087 2433 3143 ¹⁶”.
2484 3089 2653 3147 Nobis

1063 3197 1247 3242 autem
1276 3187 1508 3240 aliarum
1539 3184 1784 3238 onmium
1839 3199 2023 3237 rerum
2067 3184 2188 3236 loco
2237 3183 2478 3252 quietem
2533 3199 2660 3236 con-

2755 1994 2821 2048 ἄν
2851 2011 2943 2047 σου
2977 1994 3086 2047 τῶν
3115 1993 3355 2066 ἡμιόνων
3396 1994 3508 2064 (90)
3555 1993 3934 2065 λαμϐάνηται,
3968 1995 4037 2048 τὰ
4071 1996 4230 2050 στενά
4259 2012 4358 2068 τη-

2759 2084 2890 2155 ρῶν,
2949 2084 3043 2138 καὶ
3089 2082 3280 2156 ῶσπερ
3334 2085 3363 2138 ό
3414 2084 3662 2155 Ἀμαλὴκ
3716 2086 3923 2148 ἐκεῖνος
3943 2126 3958 2148 ,
4019 2086 4220 2156 εἴργων
4263 2084 4358 2138 τὸν

2767 2174 3006 2246 Ἰσραήλ.
3047 2175 3210 2246 Ἡμῖν
3243 2175 3300 2228 δὲ
3329 2175 3451 2229 ἀντὶ
3487 2176 3709 2230 πάντων
3746 2175 3930 2232 δοῦναι
3967 2178 4064 2249 τὴν
4100 2177 4354 2250 ἡσυχίαν.

2755 2264 2821 2316 Τί
2849 2268 2958 2338 γὰρ
2985 2265 3067 2318 δεῖ
3093 2265 3364 2338 μάχεσθαι
3403 2269 3531 2341 περὶ
3567 2267 3889 2340 γαλαθηνῶν
3919 2269 4029 2341 ι91)
4062 2271 4155 2324 καὶ
4206 2271 4356 2342 ὀρνί-

2757 2353 2886 2421 θων,
2917 2357 3012 2410 καὶ
3052 2357 3214 2412 τοῦτο
3256 2357 3576 2431 ἀλλοτρίων,
3611 2359 3690 2425 ὼς
3710 2361 3848 2432 δῆτα
3881 2362 4011 2435 περὶ
4041 2362 4229 2433 ψυχῶν
4261 2361 4358 2418 καὶ

2757 2449 3033 2516 κανόνων;
3072 2451 3138 2504 Τί
3184 2451 3243 2505 δὲ
3280 2453 3390 2506 τῶν
3425 2452 3698 2524 λαμπρῶν
3738 2454 3993 2526 Σασίμων
4029 2455 4357 2527 ἀποστερεῖν

2759 2542 2859 2609 τὴν
2889 2543 3244 2614 μητρόπολιν,
3277 2544 3575 2616 ἢγυμνούν
3597 2545 3692 2599 καὶ
3721 2544 4125 2600 ἀνακαλύπτειν
4155 2545 4218 2599 τὺ
4251 2546 4356 2616 τῆς

2761 2634 2989 2706 γνώμης
3016 2637 3350 2709 ἀπόρρητον,
3380 2637 3750 2710 συγκρύπτειν
3771 2637 3881 2709 (92)
3903 2637 4022 2692 δέον
4048 2654 4063 2704 ;
4095 2637 4254 2691 ’Λλλά
4289 2639 4354 2692 σὺ

2763 2728 2865 2799 μὲν
2902 2716 3320 2800 ἀνδρίζου,’κα“ι
3358 2728 3654 2799 κραταιοῦ,
3690 2730 4004 2784 καὶιπάντα
4043 2729 4169 2783 ἕλκε
4217 2729 4356 2800 πρὸς

2760 2818 2860 2885 τὴν
2894 2819 3124 2872 σεαυτοῦ
3165 2819 3276 2890 (95)
3311 2818 3496 2883 δόξαν,
3522 2818 3713 2892 ὥσπερ
3738 2822 3788 2874 oi
3821 2823 4058 2891 ποταμοὶ
4091 2821 4215 2883 τοὺς
4242 2836 4358 2892 χει-

2762 2911 3029 2982 μάρρους,
3072 2911 3210 2981 μήτε
3263 2909 3468 2978 φιλίαν,
3520 2911 3659 2981 μήτε
3706 2911 3994 2982 συνήθειαν
4042 2910 4138 2963 τοῦ
4185 2909 4354 2965 καλοῦ

2761 3002 3066 3073 προτιμῶν,
3115 3003 3209 3055 καὶ
3258 3003 3358 3072 τῆς
3409 3002 3712 3066 εὐσεϐείας,
3754 3004 3892 3074 μήτε
3934 3003 4031 3056 τοῦ
4077 3003 4232 3066 ποῖός
4268 3020 4354 3066 τις

2760 3086 2899 3145 εἶναι
2927 3091 3098 3158 δόξεις
3124 3093 3189 3145 ὲκ
3215 3091 3308 3145 τοῦ
3338 3091 3513 3146 ταῦτα
3546 3095 3720 3145 ποιεῖν
3753 3092 4072 3162 φροντίζων,
4097 3091 4213 3145 ἀλλ’
4235 3091 4355 3155 ἑνὸς

2760 3188 2836 3241 ῶν
2870 3187 2966 3242 τοῦ
3006 3188 3338 3259 πνεύματος.
3370 3188 3563 3259 Ἡμεῖς
3597 3189 3655 3241 δὲ
3683 3187 3843 3241 τοῦτο
3872 3188 4030 3259 μόνον
4061 3185 4354 3258 κερδανοῦ-

1065 3282 1222 3336 cede.
1258 3279 1398 3346 Quid
1429 3278 1576 3332 enim
1607 3293 1748 3348 opus
1771 3284 1852 3336 cst
1877 3292 1976 3346 pro
2007 3275 2336 3330 lactentibus
2363 3284 2417 3328 et
2440 3276 2655 3340 avibus,
2687 3257 2731 3317 (ἶ
2767 3296 2866 3350 μεν
2904 3280 3003 3349 τῆς
3043 3281 3106 3350 σῆ

2312 3293 2336 3328 s
2363 3284 2417 3328 et
2440 3276 2655 3340 avibus,
2687 3257 2731 3317 (ἶ
2767 3296 2866 3350 μεν
2904 3280 3003 3349 τῆς
3043 3257 3163 3350 σῆςή
3186 3279 3392 3349 φιλίας,
3435 3257 3498 3334 τὸ
3543 3279 3618 3352 μὴ
3656 3257 3933 3334 πιστεύειν
3974 3279 4169 3351 φίλοις,
4215 3278 4353 3351 μήτε

1060 3383 1116 3429 et.
1151 3372 1373 3444 quidem
1405 3370 1624 3435 alienis,
1658 3387 1766 3424 non
1814 3385 1978 3423 secus
2025 3384 2089 3420 ac
2133 3383 2232 3438 pro
2273 3366 2566 3421 animabus
2606 3374 2660 3420 et
2763 3370 2860 3423 τού
2887 3371 3023 3424 Θεοῦ
3050 3389 3101 3425 π‹

1814 3385 1978 3423 secus
2025 3384 2089 3420 ac
2133 3383 2232 3438 pro
2273 3366 2566 3421 animabus
2606 3374 2660 3420 et
2763 3370 2860 3423 τού
2887 3371 3023 3424 Θεοῦ
3050 3371 3319 3425 ποιεῖσθαί
3351 3390 3403 3426 τι
3433 3373 3853 3444 προτιμότερον.

1063 3467 1370 3522 canonibus
1410 3464 1738 3535 digladiari?
1783 3461 1924 3528 Quid
1975 3463 2140 3516 etiam
2198 3461 2502 3531 splendidis
2547 3463 2654 3517 illis
2697 3461 2930 3522 Sasimis
2963 3467 3441 3536 metrOpolitanam
3484 3468 3672 3522 urbem
3705 3469 3944 3537 privare,
4011 3482 4077 3521 ac
4143 3465 4350 3521 mentis

1065 3573 1351 3621 arcanum,
1383 3557 1531 3627 quod
1565 3554 1925 3626 premendum
1977 3563 2034 3608 et
2079 3553 2470 3607 occultandum
2512 3563 2654 3619 erat,
2696 3557 2910 3626 aperire
2944 3566 3000 3613 et
3041 3559 3342 3628 detegere?
3371 3558 3646 3625 Quocirca
3711 3568 3769 3613 tu
3816 3557 4042 3629 quidem
4117 3559 4352 3614 viriliter

1064 3667 1186 3723 age,
1224 3660 1279 3706 et
1311 3651 1648 3714 confortare,
1696 3650 1993 3719 omniaque
2026 3649 2095 3702 ad
2164 3657 2314 3702 tuam
2388 3650 2563 3720 ipsius
2629 3651 2885 3721 gloriam,
2935 3656 3398 3724 quemadmodum
3444 3655 3596 3710 ﬂuvii
3647 3665 3947 3721 torrentes,
3995 3656 4195 3723 trahe,‘
4252 3669 4353 3710 nec

1067 3747 1391 3809 amicitiam,
1427 3762 1526 3799 nec
1562 3745 1683 3799 vine
1725 3744 2182 3800 consuetudinem
2249 3753 2304 3798 et
2370 3744 2802 3801 familiaritatem
2869 3750 3074 3805 virtute
3115 3767 3181 3805 ac
3223 3753 3424 3821 pietate
3494 3752 3758 3822 potiorem
3801 3755 4029 3815 habens.
4080 3769 4183 3808 nec
4229 3767 4352 3824 qua:

1065 3854 1131 3893 ex
1187 3838 1274 3892 his
1332 3839 1496 3893 rebus
1555 3838 1839 3892 hominum
1890 3839 2079 3907 opinio
2130 3837 2198 3892 de
2243 3855 2303 3892 re
2356 3837 2541 3892 futura
2574 3840 2647 3894 sit
2681 3842 2982 3912 quidquam
3030 3858 3268 3908 curans,
3307 3845 3402 3900 sed
3443 3846 3536 3898 uni
3573 3847 3843 3901 duntaxat
3893 3847 4109 3918 spiritui
4159 3855 4212 3901 te
4253 3845 4351 3899 ad-

1066 3931 1275 3987 dicens.
1321 3929 1432 3984 Nos
1465 3947 1594 3984 Vero
1622 3930 1672 3983 id
1704 3931 1974 3984 duntaxat
2014 3931 2152 3984 lucri
2201 3947 2266 3985 ex
2304 3930 2548 3985 amicitia
2595 3939 2689 3986 tua
2729 3935 3034 4004 capiemus,
3077 3945 3138 3990 ut
3175 3937 3369 3994 amicis
3414 3939 3645 4010 posthac
3693 3940 3917 3995 minime
3953 3940 4207 4004 fidamus,
4248 3953 4351 3996 nec

1069 4026 1181 4083 Deo
1208 4027 1510 4097 quidquam
1545 4029 1925 4097 praeferamus.

1165 4209 1235 4245 ¹⁶⁶
1273 4216 1448 4272 Exod.
1488 4232 1625 4283 xvn,
1670 4217 1703 4270 8
1737 4232 1859 4286 sqq.

1275 4445 1286 4449 _
1305 4377 1402 4449 ᾨς
1430 4371 1566 4441 ἔχω.
1812 4368 2127 4449 ιιςςηῌλΗ
2157 4411 2173 4434 ,
2209 4368 2378 4449 Pass;
2399 4368 2475 4434 ὡς
2523 4371 2658 4449 ἔχειΖ

1071 4439 1243 4498 Paulo
1275 4445 1439 4504 intra,
1464 4439 1568 4512 pro
1600 4441 1741 4494 αύτά
1797 4439 2153 4506 τούῖπάθους,
2179 4442 2304 4494 cod.
2343 4439 2476 4512 Reg.
2529 4439 2659 4512 παρ’

1071 4515 1205 4571 αὐτὸ
1232 4514 1294 4566 τὸ
1328 4512 1515 4576 πάθος.

1145 4584 1256 4656 (86)
1294 4586 1478 4656 Ἀπερ
1499 4583 1733 4656 ἔλεγον.
1759 4581 1896 4656 Cod.
1926 4580 2083 4656 Pass.
2115 4580 2253 4656 ᾇπερ
2279 4579 2484 4656 ἕλεγρν.
2515 4579 2659 4656 lian-

1076 4649 1331 4722 lo‘post,
1381 4649 1453 4708 id.
1504 4649 1626 4707 cod.
1690 4669 1787 4722 pro
1824 4653 1859 4706 ἆ
1909 4652 1983 4723 μὴ
2040 4649 2304 4721 πρότερον
2335 4652 2492 4703 habet
2532 4649 2560 4700 ὃ
2587 4649 2661 4720 μὴ

1454 4791 1728 4848 ἀσθενῶν
1760 4789 2212 4871 ἀρῤωστήμιιτα.
2243 4789 2380 4871 ςξοᾴ.
2408 4788 2658 4871 ἀριστεύς

1080 4858 1253 4938 ματα,
1280 4865 1617 4934 inﬁrmorum
1649 4863 1906 4930 prarclara
1958 4864 2214 4924 facinora.
2241 4859 2374 4913 Cod.
2427 4858 2555 4927 Heg.
2593 4858 2662 4911 τὰ

1080 4937 1186 4985 τῶν
1231 4935 1469 4985 Ἀθηνῶν
1515 4933 1906 4985 ἀοιστεύαατα.
1964 4931 2098 4985 Cod.
2156 4930 2310 4985 Pass.
2346 4929 2453 4984 τῶν
2499 4929 2658 4985 Ἀθη-

1076 4933 1186 4990 τῶν
1231 4933 1469 5004 Ἀθηνῶν
1515 4933 1906 5004 ἀριστεύματα.
1964 4933 2098 4986 Cod.
2156 4933 2310 4985 Pass.
2346 4933 2453 4984 τῶν
2499 4933 2627 5000 Ἀθη

1079 5006 1640 5081 meammeam.-
1774 5075 1818 5081 -.
1890 5075 1910 5081 ,
2135 5069 2155 5081 .
2295 5070 2306 5081 .
2427 5070 2460 5081 .,
2514 5067 2610 5081 η...

1152 5067 1299 5146 (88Ῐ’
1336 5067 1733 5143 Τὸν”’Λρήιον
1774 5075 2069 5140 Ἀνθιμον.
2135 5069 2218 5132 Is,
2279 5070 2462 5146 inquit
2514 5067 2658 5146 Bil|.,

1080 5139 1397 5218 Ty‘anorum
1456 5139 1756 5219 episcopus
1784 5139 1941 5219 erat,
1989 5157 2227 5219 quocum
2259 5141 2325 5193 dc
2374 5139 2661 5219 Cappado-

1083 5212 1185 5271 cia:
1212 5212 1617 5287 episcopalibus
1646 5212 1958 5287 divideqdis
1987 5212 2188 5287 Basilio
2221 5212 2658 5287 contentiocrat.

1086 5288 1230 5344 Urbs
1247 5280 1415 5340 'eniui
1456 5301 1520 5338 ea
1554 5284 1807 5340 sectmdae
1841 5282 2197 5351 Cappadocia-
2227 5280 2541 5349 metropolis
2575 5295 2661 5333 re-

1086 5373 1218 5401 nnne
1242 5365 1427 5401 emata
1461 5356 1660 5401 fuerat-
1681 5352 1812 5401 Vide
1861 5366 1999 5401 orat.
2053 5351 2128 5401 De
2161 5351 2353 5401 Basilii
2391 5348 2658 5401 laudibus.

1083 5373 1218 5412 cens
1242 5365 1427 5410 creata
1461 5352 1812 5409 fuerat.Vide
1861 5366 1999 5405 orat.
2053 5351 2128 5405 De
2161 5351 2353 5403 Basilii
2391 5351 2658 5403 laudibus.

1088 5443 1112 5482 1
1146 5431 1215 5482 At
1233 5428 1324 5480 τὸν
1352 5427 1566 5496 Ἀρήιον
1596 5440 1695 5478 vox
1721 5424 1929 5497 poetica
1948 5432 2053 5478 est.
2079 5421 2532 5497 itaquit_§ottlbef._,
2553 5437 2658 5497 non

1084 5513 1284 5554 nomen
1315 5490 1617 5568 proprium,
1650 5490 1794 5568 quod
1830 5495 2050 5568 videtur
2075 5495 2213 5568 velle
2248 5491 2390 5568 Bil|._.
2425 5491 2520 5568 sed
2566 5490 2655 5541 ad-

1081 5562 1365 5640 jectivum.
1397 5562 1554 5637 quasi
1580 5567 1896 5619 bellicosum
1926 5564 2265 5640 Anthimum,
2297 5563 2402 5640 qui
2423 5562 2503 5640 sic
2525 5569 2663 5640 stre-

1087 5630 1198 5694 i'tue
1219 5639 1342 5708 jura
1401 5630 1646 5692 tueretur
1699 5649 1850 5690 nova:
1903 5630 2413 5703 metropoleosfet
2456 5630 2662 5685 Basilio

1087 5716 1376 5783 pugnaret.
1410 5728 1428 5758 ι
2623 5771 2632 5782 ,

1159 5779 1274 5852 (89)
1322 5779 1506 5845 Ψιλός
1533 5795 1596 5832 τε
1625 5777 1710 5831 ὢν
1739 5774 1838 5830 καί
1871 5775 2192 5844 ἀπόλεμος.
2228 5770 2498 5838 Combcf.,
2534 5770 2660 5827 lem

2768 4384 2888 4422 cum
2939 4367 3040 4422 sim
3072 4380 3364 4425 armatura:
3407 4373 3577 4438 miles,
3613 4390 3704 4427 nec
3736 4373 3869 4428 bello
3921 4385 4184 4431 assuetus.
4225 4376 4348 4435 illo:

2771 4438 2947 4526 ide
2960 4440 3117 4526 προς.
3127 4441 3265 4526 τρναύ
3274 4459 3436 4511 ματα.

2808 4510 2951 4588 _(_90)
2993 4510 3117 4588 “Of
3144 4510 3246 4588 -ῥκ
3277 4510 3564 4588 σοντῶγ
3595 4515 3892 4588 ﬁnieram
3924 4513 4180 4588 A_|l_u_dere
4211 4517 4342 4570 mihi

2772 4578 3007 4654 videtur,
3039 4579 3289 4654 ait_Bill.,
3320 4581 3386 4634 ad
3416 4581 3548 4636 illud
3579 4578 3802 4638 Achillis
3830 4585 3974 4654 apud
4011 4585 4299 4639 l‘lonmum
4325 4627 4342 4649 ,

2772 4647 2937 4723 Iliad.
2972 4665 3008 4723 ι,
3055 4651 3146 4723 ubi
3177 4658 3336 4721 negat
3371 4653 3494 4723 _sibi
3525 4667 3748 4708 causam
3785 4647 3906 4709 esse
3937 4669 4035 4708 cur
4089 4647 4342 4723 'l‘iojanis

2689 4724 2734 4779 D
2767 4719 2965 4771 bellum
2997 4719 3213 4795 inferat,
3239 4719 3471 4795 quodah
3495 4723 3577 4776 eis
3620 4739 3720 4778 nec
3750 4724 3919 4780 boves
3968 4740 4068 4779 nec
4097 4719 4221 4795 equi
4255 4727 4342 4781 sui

2766 4804 3004 4857 unquam
3037 4789 3322 4860 intercepti
3357 4791 3467 4845 sint
3496 4807 3510 4842 :

2770 4897 2853 4949 Οὐ
2883 4895 2991 4965 γὰρ
3039 4894 3259 4950 πώποτ’
3321 4897 3469 4967 ἐμὰς
3499 4898 3656 4965 βοῦς
3711 4899 4178 5040 ἧ.1ασαν,[ρὺδὲ
4227 4899 4347 4969 μὲν

4027 4985 4268 5033 immeo.

4027 4985 4172 5022 imm
4181 4989 4193 5022 l
4203 4989 4268 5033 νς.

2764 5069 2965 5126 Verum
2999 5072 3153 5127 Billio
3187 5073 3410 5128 miunne
3443 5077 3741 5131 assentitur
3772 5075 4017 5130 Combcf.
4046 5075 4143 5129 llic
4170 5077 4341 5140 enim,

2765 5142 2961 5216 inquit.
3011 5144 3157 5216 nulla
3205 5145 3419 5216 allusio
3458 5143 3768 5205 Homerica.
3815 5147 4030 5215 qualem
4085 5147 4346 5216 Cliglliu'll

2765 5211 2910 5284 12in"
2937 5213 3166 5284 sedipsa
3195 5230 3283 5268 res
3299 5214 3369 5267 ab
3396 5215 3656 5269 Anthimo
3688 5211 3859 5284 gesta,
3889 5231 4052 5284 quam
4083 5211 4345 5271 describit

2765 5280 3142 5355 Gregorittsin
3175 5284 3356 5338 Basilii
3385 5286 3683 5355 epitaphio.

2837 5352 2946 5424 (9|)
2983 5354 3124 5419 Περὶ
3181 5352 3555 5423 γαλαθηνῶνζ
3598 5354 3843 5409 Combef.
3897 5371 3993 5424 pro
4049 5355 4342 5418 subi-mnis,

2765 5423 2994 5505 agnellis
3034 5424 3286 5478 videlicet
3337 5441 3402 5477 ac
3459 5428 3746 5495 porcellis;
3779 5425 3872 5478 καὶ
3902 5423 4152 5498 ὀρνίθων,
4181 5426 4345 5496 galli-

2767 5509 2964 5546 11180118.

2839 5510 3404 5636 Serm-narrar.
3468 5563 3560 5618 Sir.
3613 5565 3774 5636 Reg,
3829 5564 4006 5631 llarl.,
4068 5563 4227 5620 Pass.
4276 5579 4344 5620 ac

2767 5631 3018 5686 Colnbel.
3053 5631 3108 5685 In
3144 5635 3275 5686 edit.
3311 5636 3662 5702 συγκύπτειν.

2837 5704 2947 5770 (95)
2981 5705 3134 5771 Πρὸς
3161 5704 3277 5770 τὴν
3303 5705 3584 5759 σεαυτοῦ.
3629 5709 3701 5760 Ita
3725 5705 3886 5763 codd.
3915 5704 4062 5761 llarl.
4085 5713 4140 5761 et
4158 5702 4338 5772 Pam.

2769 5771 3000 5828 Montac.
3033 5782 3086 5828 ct
3125 5775 3306 5832 Morel.
3355 5776 3408 5831 In
3449 5777 3535 5832 cd.
3567 5778 3780 5832 ἑαυτοῦ.
