4358 6480
842 574 974 628 NH'.
1023 575 1336 647 ΒΑΣΙΛΕΙῼ
1360 574 1494 647 (65).

1715 439 2044 500 EI‘IS’I‘OLA
2086 441 2265 497 LVIII.

3533 436 3635 490 114

2583 576 2760 634 LVIII.
2789 572 3072 630 BASILIO.

467 709 666 763 Narrat
699 709 981 781 Gregorius
1009 711 1270 781 quomodo
1299 711 1491 765 Basilii
1530 710 1855 780 defensorem
1888 729 1943 766 se
1970 711 2255 781 ostenderit
2285 722 2471 765 contra
2501 710 2888 778 philosophum,
2921 711 3012 780 qui
3043 707 3339 781 eonomine
3375 723 3492 781 eum
3532 707 3637 759 int-

389 781 598 844 pietatis
629 775 934 850 accusabat,
969 775 1106 850 quod
1133 781 1363 846 Spiritus
1394 783 1567 835 sancti
1587 775 1915 836 divinitatem
1937 779 2344 849 haudquaquam
2386 775 2564 849 aperte
2591 775 2946 850 conﬁteretur;
2985 781 3043 834 lu
3075 777 3194 850 Vita
3213 775 3637 850 A(_i_regori_i,_qtto

391 868 528 902 anim
563 852 760 920 scripta
791 851 860 902 sit
887 844 997 902 Ιισιιὶ·
1028 844 1276 918 epistola,
1305 851 1782 905 demonstravimus
1807 869 1824 915 ;
1859 868 2039 920 nempe
2057 844 2174 915 post
2203 844 2431 905 mensem
2460 844 2834 920 Septemlirem.
2861 852 2914 903 in
2947 866 3097 920 quem
3118 846 3302 902 incidit
3334 847 3472 899 beati
3499 844 3638 900 Mar-
3734 845 3737 848 ’

395 921 522 988 tyris
563 919 849 988 Eupsychii
877 921 1151 985 memoria,
1194 920 1329 974 unde
1356 921 1621 974 Basiliam
1655 919 2017 974 calumniandi
2043 937 2231 974 ansam
2261 923 2564 988 arsripuerat
2593 919 2903 973 monachus.

474 1057 617 1125 Ἐγώ
664 1073 724 1109 σε
788 1055 883 1109 κα).
910 1056 1026 1126 βίου
1077 1055 1418 1128 καθηγητὴν,
1440 1058 1536 1111 καὶ
1559 1057 1845 1128 δογμάτων
1878 1058 1958 1110 δι·
1993 1063 2036 1119 Λ
2087 1053 2096 1062 ’
2136 1057 2195 1128 Eg

1916 1077 1958 1110 '.-
1993 1063 2036 1119 Λ
2087 1053 2096 1062 ’
2136 1057 2248 1128 Ego
2283 1069 2354 1123 te,
2385 1066 2438 1112 et
2473 1073 2571 1128 pro
2601 1057 2727 1112 vita:
2750 1055 2909 1118 duce,
2941 1063 2995 1109 et
3025 1068 3124 1123 pro
3164 1053 3285 1108 ﬁdei
3318 1069 3381 1106 ac
3409 1053 3637 1123 dogma-

391 1147 676 1210 δάσκαλον,
701 1147 794 1200 καὶ
833 1147 941 1199 πᾶν
969 1147 997 1199 ὃ
1026 1165 1076 1200 τι
1110 1146 1176 1200 ἂν
1209 1146 1320 1217 (66)
1345 1147 1490 1200 εἴποι
1521 1166 1602 1212 τις
1628 1148 1737 1202 τῶν
1759 1149 1959 1212 καλῶν,

393 1235 596 1306 ἐθέμην
637 1251 696 1286 τε
745 1235 840 1288 ἀπ’
881 1235 1074 1306 ἀρχῆς,
1133 1235 1229 1289 καὶ
1273 1235 1369 1290 νῦν
1394 1234 1644 1307 τίθεμαι·
1686 1237 1777 1290 καὶ
1806 1239 1967 1300 εἴτις

393 1327 549 1390 ἄλλος
586 1326 877 1396 ἐπαινέτης
930 1327 1038 1380 τῶν
1076 1327 1205 1392 σῶν,
1249 1327 1282 1396 ἢ
1345 1330 1460 1398 μετ’
1502 1325 1637 1399 ἐμοῦ
1672 1327 1965 1400 πάντως,ἢ

397 1421 512 1488 μετ’
535 1419 656 1488 ἐμέ.
709 1418 972 1472 Τοσοῦτον
1017 1418 1256 1488 ἦττημαί
1287 1436 1382 1472 σου
1406 1419 1509 1490 τῆς
1536 1420 1845 1484 εὐλαϐείας,
1874 1419 1968 1473 καὶ

395 1508 536 1562 οὕτω
579 1508 831 1579 καθαρῶς
885 1511 1001 1579 εἰμὶ
1037 1510 1164 1572 σὸςῑ
1212 1512 1321 1563 Καὶ
1355 1510 1663 1581 θαυμαστὸν
1691 1511 1861 1565 οὐδέν.
1894 1503 1968 1563 Οὗ

394 1600 502 1670 γὰρ
528 1600 726 1653 πλείων
751 1602 784 1670 ἡ
826 1600 1099 1665 συνουσία,
1134 1600 1332 1655 πλείων
1361 1601 1472 1672 (67)
1501 1603 1648 1673 καὶὴ
1683 1606 1847 1672 πεῖρα
1866 1620 1878 1632 ·
1911 1594 1971 1654 οὗ

393 1691 448 1743 δὲ
472 1695 501 1761 ἡ
534 1696 699 1764 πεῖρα
740 1692 1118 1763 δαψιλεστέρα,
1146 1693 1240 1746 καὶ
1263 1695 1296 1761 ἡ
1334 1694 1607 1764 μαρτυρία
1641 1693 1967 1762 τελεωτέρα.

397 1781 505 1834 Καὶ
543 1782 597 1834 εἴ
624 1799 677 1834 τι
723 1782 850 1836 ἄλλο
887 1801 977 1852 μοι
1017 1782 1110 1834 τοῦ
1159 1781 1258 1852 ζῇν
1283 1781 1492 1850 ὄφελος,
1523 1785 1555 1853 ἡ
1582 1783 1649 1853 σὴ
1693 1783 1841 1852 φιλία
1879 1783 1972 1836 καὶ

398 1873 671 1925 συνουσία.
739 1874 886 1941 "Exte
948 1873 1044 1942 μὲν
1097 1871 1240 1925 οὕτω
1282 1872 1392 1941 (68)
1445 1872 1574 1944 περ).
1619 1871 1844 1943 τούτων,
1876 1872 1971 1926 κα)⁸

396 1963 596 2031 ἔχοιμι.
649 1963 715 2014 ’Λ
767 1962 824 2014 δὲ
881 1961 976 2014 νῦν
1031 1962 1249 2032 γράφω,
1292 1961 1489 2032 γράφω
1535 1962 1635 2032 μὲν
1672 1963 1770 2031 οὐχ
1809 1961 1970 2027 ἑκὼν,

396 2053 592 2121 γράφω
650 2053 706 2104 δὲ
750 2054 916 2123 ὅμως.
963 2053 1069 2106 Καί
1124 2069 1213 2122 μοι
1249 2052 1416 2123 μηδὲν
1445 2051 1813 2122 ἀχθεσθῇς-ἦ
1855 2052 1973 2106 λίαν

397 2141 558 2203 αὐτὸς
587 2140 1015 2212 ἀχθεσθήσομσιι,
1051 2143 1097 2194 εἰ
1119 2141 1193 2211 μὴ
1223 2141 1343 2194 κατ’
1369 2139 1580 2194 εὖνοιαν
1600 2141 1775 2194 ταῦτα
1795 2139 1974 2210 λέγειν

398 2247 456 2282 τε
488 2231 582 2282 καὶ
607 2231 834 2302 γράφειν
877 2233 1013 2302 πρὸς
1046 2234 1105 2284 σὲ
1135 2231 1516 2302 πιστευοίμην.

2066 1158 2181 1202 tum
2211 1149 2491 1219 magistro,
2529 1156 2583 1203 et
2606 1145 2868 1217 quidquid
2890 1145 3134 1214 praeclari
3163 1160 3192 1198 a
3222 1160 3496 1214 quoquam
3527 1145 3638 1199 dici

2066 1246 2266 1309 potest,
2295 1249 2407 1293 tum
2452 1237 2753 1308 antiquitus
2783 1237 2970 1301 habui,
3005 1246 3117 1290 tum
3157 1252 3305 1290 nunc
3341 1235 3553 1290 habeo:
3586 1244 3640 1290 ct

2065 1332 2109 1384 si
2143 1331 2266 1400 quis
2300 1331 2442 1385 alius
2477 1336 2691 1383 tuarum
2725 1328 2945 1381 laudum
2999 1327 3328 1397 praedicator
3354 1337 3459 1386 est.
3520 1343 3641 1380 om-

2068 1421 2197 1474 nino
2230 1422 2315 1475 vel
2361 1435 2572 1475 mecum
2609 1428 2713 1481 est,
2743 1419 2826 1472 vel
2854 1427 2977 1489 post
3013 1434 3117 1472 me.
3175 1416 3358 1490 Usque
3384 1417 3522 1472 adeo
3553 1433 3644 1472 me

2070 1511 2162 1565 tibi
2215 1511 2460 1565 devinxit.
2509 1511 2684 1580 pietas
2731 1517 2848 1567 tua,
2908 1518 3073 1580 atque
3110 1509 3246 1563 adeo
3292 1507 3394 1578 51
3429 1509 3643 1564 sincere

2071 1610 2124 1657 ct
2161 1619 2222 1658 ex
2255 1603 2439 1657 animo
2489 1617 2609 1656 sum
2638 1611 2767 1658 tuus
2801 1604 2814 1655 !
2867 1601 2976 1656 Nec
3015 1617 3144 1654 vero
3175 1600 3278 1655 hoc
3313 1601 3512 1654 mirum
3560 1601 3643 1654 vi-

2070 1692 2188 1746 deri
2228 1692 2409 1746 debet.
2453 1688 2587 1742 Nam
2617 1690 2710 1743 ubi
2745 1689 2976 1758 amplior
3001 1687 3126 1740 vita:
3155 1686 3499 1743 consuetudo
3537 1695 3641 1749 est,

2073 1781 2184 1836 illic
2203 1796 2421 1851 quoque
2452 1780 2689 1849 amplius
2714 1784 2799 1833 est
2829 1777 3260 1846 experimentum
3290 1793 3304 1829 :
3337 1776 3426 1830 ubi
3460 1783 3642 1830 autem

2076 1871 2298 1924 uberius
2329 1877 2412 1924 est
2450 1868 2928 1937 experimentum,
2978 1867 3090 1920 illic
3140 1866 3304 1920 etiam
3348 1865 3646 1936 perfettius

2075 1967 2159 2014 est.
2205 1958 2598 2014 testimonium.
2663 1957 2726 2011 Et
2785 1957 2830 2011 si
2894 1972 3053 2026 quem
3092 1957 3259 2010 alium
3301 1972 3366 2011 ex
3399 1955 3502 2009 hac
3536 1955 3645 2009 vita

2078 2050 2312 2104 fructmn
2356 2049 2512 2118 capio
2539 2089 2554 2113 ,
2584 2048 2732 2101 [tunc
2777 2063 2841 2101 ex
2872 2047 3116 2100 amicitia
3155 2054 3248 2100 tua
3271 2054 3325 2099 ct
3351 2048 3639 2100 contuber-

2078 2141 2170 2194 nio
2195 2139 2375 2210 capio.
2438 2138 2516 2192 Ac
2551 2138 2619 2191 de
2651 2138 2734 2191 his
2778 2137 2944 2191 rebus
2991 2137 3065 2189 ita
3095 2137 3297 2198 sentio,
3330 2136 3650 2205 utinmon

2079 2231 2346 2287 sentiam!
2387 2229 2518 2296 Qua:
2549 2237 2732 2283 autem
2764 2243 2912 2282 nunc
2945 2227 3150 2292 scribo,
3197 2227 3402 2282 invitus
3426 2227 3647 2296 quidem

399 2324 581 2380 scribo
615 2341 627 2376 :
666 2327 758 2380 sed
789 2335 967 2380 tamen
1009 2325 1213 2380 scribo.
1254 2325 1333 2380 Ac
1360 2325 1491 2380 mihi
1530 2342 1600 2380 ne
1640 2341 1707 2381 eo
1737 2326 1956 2382 nomine
2006 2340 2334 2382 succenseas
2376 2324 2576 2390 velim;
2625 2323 2826 2391 alioqui
2867 2337 3128 2392 perquam
3193 2322 3390 2377 acerbe
3451 2321 3649 2386 feram,

399 2418 445 2472 si
484 2418 640 2472 ﬂdctn
674 2419 768 2474 tibi
810 2436 917 2474 non
955 2419 1156 2485 iecero,
1208 2436 1292 2474 me
1317 2420 1432 2475 hmo
1462 2421 1842 2476 benevolentia
1869 2421 2096 2476 ductum
2123 2419 2294 2490 loqui,
2325 2426 2492 2488 atque
2514 2417 2581 2471 ad
2609 2425 2663 2471 te
2689 2416 2956 2472 scribere.

471 2531 660 2586 Πολλοὶ
705 2532 1108 2600 κατεγνώκασιν
1143 2535 1322 2606 ἡμῶν,
1378 2537 1452 2600 ὡς
1483 2536 1612 2609 περὶ
1647 2536 1744 2606 τὴν
1790 2536 1971 2590 πίστιν
2005 2550 2046 2604 Β
2145 2535 2192 2590 Μ

1928 2553 1971 2590 ιν
2005 2550 2046 2604 η
2145 2535 2298 2590 Multi
2343 2550 2466 2601 nos,
2495 2542 2556 2587 ut
2599 2534 2651 2586 in
2699 2533 2799 2587 li-Je
2844 2547 3038 2603 parum
3080 2531 3252 2586 fortes
3281 2540 3569 2595 accusant,
3613 2533 3649 2587 ii

399 2623 500 2675 οὐκ
553 2623 810 2694 ἰσχυρῶν,
858 2625 973 2677 ὅσοι
1013 2627 1378 2680 κοινοποιοῦσι
1409 2627 1476 2680 τὰ
1519 2627 1763 2699 ἡμέτερα
1796 2627 1975 2692 καλῶς

404 2711 702 2777 ποιοῦντες.
753 2713 864 2767 Καὶ
913 2716 962 2768 οι
1022 2717 1120 2787 μὲν
1164 2717 1418 2771 ἀσέϐειαν
1465 2719 1754 2787 ἐγκαλοῦσι
1807 2735 1975 2786 φανε-

406 2805 535 2874 ρῶς,
591 2806 640 2857 οἱ
688 2805 744 2857 δὲ
785 2804 1017 2860 δειλίαν·
1083 2809 1178 2861 καὶ
1235 2809 1491 2863 ἀσέϐειαν
1556 2811 1676 2879 μὲν,
1735 2812 1785 2862 οἱ
1838 2809 1974 2878 μηδὲ

405 2895 571 2962 ὑγιῶς
615 2895 792 2963 λέγειν
835 2895 946 2966 (69)
1001 2897 1381 2960 πιστεύοντεςο
1436 2897 1640 2950 δειλίαν
1687 2898 1764 2961 δὲ,
1799 2899 1848 2949 οἱ
1880 2896 1978 2967 τὴν

406 2985 702 3055 ὑποστολὴν
736 2985 1044 3057 αἰτιώμενοι
1085 2988 1217 3058 (70).
1255 2989 1364 3041 Καὶ
1403 2989 1472 3042 τὰ
1515 2989 1614 3059 μὲν
1645 2987 1755 3040 τῶν
1803 2988 1978 3043 ἄλλων

403 3076 455 3128 τί
482 3075 586 3146 χρὴ
609 3077 702 3128 καὶ
731 3076 908 3144 λέγειν
931 3080 1022 3144 ;Ὂ
1047 3079 1091 3132 δ’
1123 3074 1217 3132 οὖν
1247 3079 1439 3133 νεωστὶ
1468 3078 1686 3148 συνέϐη,
1713 3077 1867 3130 τοῦτό
1898 3095 1978 3131 σοι

406 3166 744 3236 διηγήσομαι.

476 3278 786 3348 Συμπόσιον
827 3277 917 3350 ἧν,
972 3281 1065 3335 καὶ
1116 3283 1209 3335 τοῦ
1255 3283 1556 3353 συμποσίου
1607 3286 1852 3354 μετεῖχον
1880 3283 1980 3338 οὐκ

407 3367 576 3435 ὀλίγοι
595 3368 704 3421 τῶν
761 3370 1038 3438 ἐπιφανῶν
1089 3371 1182 3424 καὶ
1214 3373 1344 3441 ἡμῖν
1383 3371 1572 3440 φίλων,
1604 3374 1662 3426 ὲν
1687 3373 1744 3425 δὲ
1773 3372 1983 3437 τούτοις

411 3461 503 3512 καὶ
536 3461 675 3530 ἀνήρ
696 3477 778 3523 τις
809 3461 917 3512 τῶν
955 3460 1240 3524 εὐλαϐείας
1264 3462 1434 3533 ὄνομα
1481 3464 1573 3516 καὶ
1613 3464 1796 3534 σχῆμα
1826 3481 1980 3535 περι-

411 3549 697 3620 κειμένων.
722 3550 887 3604 Οὔπω
930 3551 1089 3614 πότος
1115 3547 1204 3622 ἦν,
1237 3553 1330 3605 καὶ
1366 3554 1522 3622 λόγος
1547 3551 1615 3624 ἦν
1645 3555 1774 3625 περὶ
1805 3556 1979 3625 ἡμῶν,

410 3643 547 3713 ὅπερ
597 3644 655 3694 ὲν
707 3644 822 3706 τοῖς
887 3644 1208 3713 συμποσίοις
1254 3643 1398 3712 φιλεῖ
1460 3646 1812 3716 συμϐαίνειν,
1868 3647 1981 3700 ἀντ’

412 3734 571 3787 ἄλλου
623 3735 766 3798 τινὸς
807 3735 1110 3790 ὲπεισοδίου
1183 3737 1622 3808 προτιθεμένων·
1671 3740 1888 3793 πάντων
1926 3739 1985 3792 δὲ

413 3825 482 3879 τὰ
534 3826 605 3879 σὰ
656 3827 1066 3897 θαυμαζόντων,
1121 3829 1215 3883 καὶ
1245 3830 1646 3900 προστιθέντων
1681 3831 1829 3902 ἡμᾶς
1871 3829 1984 3902 (71)

413 3915 488 3978 ὡς
520 3915 588 3969 τὰ
623 3911 717 3969 ῖσα
757 3917 1200 3988 φιλοσοφοῦντας,
1235 3922 1330 3974 καὶ
1360 3920 1459 3992 τὴν
1507 3921 1690 3990 φιλίαν
1719 3901 1985 3988 λεγόντων
2011 3901 2056 3960 c

415 4007 624 4070 καὶτὰς
654 4008 903 4078 Ἀθήνας,
958 4012 1052 4064 καὶ
1099 4011 1198 4084 τὴν
1251 4014 1309 4067 ὲν
1341 4015 1512 4068 ἅπασι
1559 4013 1863 4085 σύμπνοιαν
1892 4014 1988 4069 καὶ

415 4099 683 4169 ὁμόνοιαν,
715 4099 883 4154 δεινὸν
928 4103 989 4155 τὸ
1043 4106 1275 4175 πρᾶγμα
1316 4108 1545 4160 ποιεῖται
1584 4107 1613 4158 ὁ
1640 4105 1801 4177 δῆθεν
1835 4105 1988 4173 φιλό-

419 4204 579 4255 σοφος
608 4187 742 4256 (72).
780 4189 885 4241 Καὶ
936 4191 989 4242 τί
1043 4191 1221 4256 τοῦτο,
1249 4193 1435 4264 φησὶν,
1469 4188 1514 4248 ὦ
1541 4188 1722 4258 οὖτοις
1761 4193 1906 4263 μάλα
1935 4211 1989 4247 τι

419 4278 663 4330 νεανικὸν
713 4279 982 4349 ἐκϐοήσας
1009 4299 1023 4314 ·
1075 4285 1151 4346 ὼς
1196 4283 1316 4338 λίαν
1363 4286 1521 4356 ὑμεῖς
1560 4285 1773 4354 ψευδεῖς
1797 4302 1858 4338 τε
1897 4285 1992 4358 κα)⁵

421 4367 644 4430 κόλακες
667 4369 812 4438 (T5)!
845 4370 924 4424 Τὰ
957 4371 1055 4442 μὲν
1083 4373 1217 4428 ἄλλα
1239 4375 1665 4429 ὲπαινείσθωσαν
1695 4376 1744 4428 oi
1777 4375 1989 4447 ἄνδρες,

421 4461 468 4510 εἰ
517 4460 700 4513 δοκεῖ·
751 4462 871 4514 οὐδὲ
919 4464 1079 4528 αὐτὸς
1121 4465 1406 4534 ἀντιλέγω.
1451 4467 1525 4520 Τὸ
1562 4467 1816 4537 μέγιστον
1843 4467 1901 4520 δὲ
1929 4467 1990 4521 οὐ

419 4549 630 4619 δίδωμι,
681 4551 780 4622 τὴν
825 4551 1143 4623 ὀρθοδοξίσν·
1189 4556 1366 4627 μάτην
1398 4556 1509 4626 (74)
1549 4556 1649 4626 μὲν
1693 4558 1992 4611 ἐπαινεῖται

425 4639 733 4704 Βασίλειος,
790 4641 966 4714 μάτην
1018 4644 1075 4697 δὲ
1118 4645 1436 4716 Γρηγόριος,
1485 4648 1514 4700 ὁ
1565 4647 1664 4717 μὲν
1712 4647 1993 4719 προδιδοὺς

427 4808 611 4890 "£65!
643 4809 794 4890 {Uias
833 4812 1022 4890 XXXI.
1055 4815 1273 4887 Scripta
1307 4833 1493 4873 mense
1525 4817 1830 4889 Septembri
1860 4820 1992 4874 anni

428 4877 552 4932 ὅτε.
585 4881 666 4931 vel
692 4882 855 4934 etiam
886 4883 1007 4937 373.

499 4947 610 5030 (66)
644 4949 764 5030 Καὶ
786 4951 908 5030 mir
935 4952 1044 5030 ρζι
1077 4955 1174 5030 ἀντ,
1228 4955 1309 5030 Ita
1353 4955 1514 5030 codd.
1566 4956 1716 5011 Ilarl.
1739 4964 1793 5012 et
1826 4956 1989 5030 Reg.,

431 5013 610 5068 ιιοτρι.
644 5029 696 5073 et
725 5017 967 5075 Combel‘.
1003 5022 1062 5075 In
1091 5025 1222 5077 edit.
1255 5023 1309 5076 εἴ
1329 5041 1381 5077 τι
1414 5025 1498 5080 ἄν.

499 5085 610 5161 (67)
645 5089 890 5161 "istam
913 5091 950 5155 ἡ
985 5095 1310 5158 συνουσία,
1339 5094 1582 5161 πλείων,
1609 5103 1717 5150 etc.
1754 5094 1833 5150 Ita
1867 5095 1989 5152 cod.

429 5152 559 5218 Iteg.
595 5152 650 5210 Ιιι
679 5159 808 5211 edit.
838 5152 1038 5214 πλεῖον.

2077 2642 2290 2696 nempe,
2324 2626 2418 2695 qui
2445 2636 2496 2680 et
2535 2633 2679 2679 recte
2703 2623 2923 2694 quidem
2953 2624 3266 2677 communia
3295 2624 3480 2678 omnia
3512 2625 3654 2678 inter

2077 2733 2178 2772 nos
2223 2732 2348 2772 esse
2398 2723 2667 2772 statuunt.
2709 2715 2890 2785 Atque
2940 2715 3034 2768 alii
3077 2714 3300 2784 quidem
3343 2716 3505 2783 plane
3548 2729 3652 2768 nos

2079 2807 2376 2878 impietatis
2425 2807 2770 2871 insimulant,
2818 2808 2910 2860 alii
2953 2805 3314 2861 timiditatis:
3355 2806 3651 2874 impietatis

2078 2899 2367 2963 nimirum,
2404 2899 2439 2952 ii
2473 2899 2566 2968 qui
2617 2913 2718 2952 nos
2744 2913 2812 2953 ne
2842 2898 2931 2968 pie
2964 2896 3184 2968 quidem
3219 2897 3367 2966 loqui
3397 2897 3500 2953 sibi
3527 2913 3652 2967 per-

2080 2989 2329 3056 suadent,
2349 2989 2658 3045 timiditatis
2673 2997 2877 3054 autem,
2897 2987 2992 3058 qui
3015 2987 3176 3042 nobis
3196 2988 3653 3044 dissimulationis

2080 3084 2286 3136 crimen
2306 3083 2630 3152 impingunt.
2661 3082 2735 3134 Ac
2754 3094 3038 3134 sermones
3054 3079 3284 3133 aliorum
3302 3078 3434 3150 quid
3452 3079 3656 3136 referre

2080 3173 2314 3229 attinet?
2339 3173 2493 3240 Quod
2521 3187 2650 3227 vero
2682 3187 2856 3242 nuper
2893 3171 3114 3236 accidit,
3143 3186 3210 3226 ex
3245 3186 3332 3226 me
3354 3171 3569 3226 audies.

2153 3285 2383 3356 Epulum
2429 3283 2702 3355 quoddam
2749 3275 2889 3350 erat,
2934 3283 2988 3338 in
3019 3298 3128 3353 quo
3160 3283 3421 3354 permulti
3456 3284 3655 3340 claris-

2084 3377 2207 3432 simi
2237 3376 2335 3430 viri
2365 3376 2633 3446 nobisque
2653 3374 2897 3429 amicitia
2919 3374 3202 3442 conjuncti
3233 3375 3654 3440 aceumbebant,

2084 3480 2247 3538 atque
2283 3469 2422 3522 inter
2460 3482 2556 3522 eos
2587 3468 2671 3521 vir
2716 3466 2937 3536 quidam
2983 3465 3202 3536 pietatis
3252 3479 3450 3519 nomen
3494 3465 3651 3520 habi-

2087 3568 2310 3628 tumque
2337 3573 2444 3628 prae
2474 3572 2534 3612 se
2566 3555 2767 3611 ferens.
2803 3555 3055 3609 Nondum
3100 3553 3168 3608 ad
3209 3555 3404 3624 pocula
3432 3562 3678 3621 ventum,

2085 3659 2224 3714 erat,
2259 3663 2406 3716 eum,
2432 3655 2491 3702 ut
2519 3648 2574 3702 in
2604 3647 2870 3702 conviviis
2904 3647 3017 3702 fere
3057 3647 3136 3710 tit,
3175 3645 3243 3699 de
3274 3645 3436 3701 nobis
3474 3659 3660 3701 sermo

2085 3745 2376 3805 excitatur,
2408 3741 2581 3798 instar
2607 3739 2750 3795 alius
2775 3737 3065 3808 cujusdam
3111 3737 3422 3793 adventitia:
3475 3737 3553 3792 rei
3601 3736 3658 3792 in

2088 3829 2324 3884 medium
2365 3827 2683 3898 propositis.
2729 3827 2998 3882 Omnibus
3052 3841 3220 3897 porro
3249 3826 3483 3883 virtutes
3535 3835 3661 3883 tuas

2089 3918 2442 3990 amplissimis
2495 3917 2750 3974 laudibus
2776 3915 3151 3982 elI‘erentibus,
3204 3931 3417 3987 nosque
3445 3916 3613 3973 etiam
3639 3957 3658 3984 ,

2089 4018 2147 4064 ut
2184 4010 2378 4064 iisdem
2400 4010 2522 4064 vitae
2544 4007 2741 4063 Studiis
2761 4007 2994 4074 deditos,
3029 4005 3482 4077 adiuugentibus,
3531 4008 3662 4063 ami-

2087 4101 2381 4171 citiamque
2419 4110 2662 4155 nostram
2708 4105 2764 4154 et
2795 4097 3034 4154 Athenas
3071 4097 3660 4163 commemorantibus.

2089 4194 2146 4249 in
2202 4194 2474 4263 rebusque
2526 4192 2782 4248 Omnibus
2826 4191 3184 4247 concordiam
3240 4189 3665 4261 animorumque

2089 4285 2570 4354 conspirationem,
2607 4283 2830 4354 indigne
2881 4283 3006 4338 tulit
3056 4283 3148 4338 hic
3177 4281 3554 4354 philosophus.
3597 4280 3664 4336 Et

2089 4375 2370 4447 quidnam,
2407 4377 2512 4430 hoc
2539 4383 2647 4440 est,
2677 4375 2878 4446 inquit,
2910 4375 3213 4430 admodum.
3243 4373 3451 4429 furiose
3484 4373 3665 4429 exclav

2091 4481 2280 4532 mans,
2311 4481 2345 4521 ο
2370 4466 2472 4521 viri
2499 4466 2522 4520 ?
2549 4481 2715 4537 quam
2750 4465 2908 4522 valde
2945 4465 3239 4520 mendaces
3259 4471 3315 4520 et
3347 4463 3663 4519 adulatores

2091 4559 2266 4615 estis!
2317 4559 2521 4613 Caetera
2565 4557 2783 4627 quidem
2824 4557 3116 4610 laudentur
3163 4571 3298 4612 sane
3341 4555 3444 4609 viri
3478 4555 3578 4620 illi,
3614 4552 3662 4610 si

2093 4645 2168 4701 ita
2211 4647 2389 4712 Iubet;
2427 4647 2561 4700 nihil
2593 4662 2838 4717 repugno
2880 4665 2893 4700 :
2940 4661 3128 4701 verum
3167 4645 3312 4715 quod
3359 4645 3656 4699 maximum

2093 4818 2248 4890 Pass.
2278 4817 2345 4870 At
2374 4816 2620 4890 Combef.
2652 4818 2748 4890 xui
2779 4819 3215 4889 προστιθεμένων
3247 4820 3412 4890 ἡμᾶς.
3443 4819 3499 4872 In
3526 4818 3658 4874 edit.

2095 4888 2626 4960 καῖπροστιθέντων
2653 4889 2748 4940 καὶ
2769 4888 2938 4958 ἡμᾶς.

2165 4955 2282 5028 (72)
2314 4959 2366 5008 Ὀ
2397 4955 2586 5028 δῆθενί
2610 4955 2966 5028 φιλόσοφος.
3002 4955 3078 5010 Ita
3119 4955 3275 5028 ch.,
3324 4957 3665 5026 philosophus

2093 5043 2190 5083 ceu
2223 5027 2527 5081 monachus.
2559 5027 2804 5082 Combel‘.
2844 5030 2986 5080 ποιεῖ
3011 5029 3038 5080 ὃ
3067 5044 3129 5095 γε
3157 5027 3460 5095 φιλόσοφος.

2165 5097 2277 5166 (73)
2318 5097 2409 5162 Ὠς
2441 5096 2583 5149 λίαν
2635 5097 2804 5166 ὑμεῖς
2834 5096 3075 5164 ψευδεῖς
3127 5112 3192 5150 τε
3243 5097 3342 5148 καὶ
3388 5097 3662 5160 κόλακες.

2096 5163 2220 5219 Haec
2252 5163 2450 5219 desunt
2483 5165 2536 5218 in
2568 5163 2691 5220 cod.
2722 5163 2870 5219 Pass.

498 5221 795 5314 gf:
820 5228 937 5295 μὲν
960 5229 1131 5285 οὕτω.
1175 5230 1247 5286 Ita
1281 5232 1402 5287 cod.
1439 5231 1594 5288 Pass.
1625 5233 1683 5288 In
1713 5235 1846 5290 edit.
1882 5233 1990 5305 ἔχω
2021 5225 2066 5281 D
2157 5235 2218 5314 _(7

1936 5252 1990 5304 ξω
2021 5225 2066 5281 Ῑ)
2157 5235 2278 5314 ,(74)
2318 5235 2388 5314 Td
2412 5235 2700 5314 μέγιστον
2724 5235 2797 5314 δέ
2817 5235 3130 5314 οὑ-ὃίρωμι,
3155 5234 3270 5300 τὴν
3287 5233 3657 5314 ὀρροδοξίαν·

433 5291 532 5362 μὲν
563 5291 655 5348 οὖν
680 5291 840 5348 οῧτωξ

502 5364 611 5441 (εἱθ)
633 5362 797 5441 μηδὲ
823 5364 1228 5441 ὑγίῷςλξγεέν.
1246 5367 1423 5441 Codd.
1451 5369 1610 5441 ἣδε..
1636 5370 1810 5437 IIar|.,
1834 5371 1992 5427 Pass.

502 5384 611 5446 ipa)
633 5384 797 5429 alnos
823 5384 1228 5486 vgqugystr.
1246 5384 1424 5450 boui].
1451 5384 1610 5441 ηεξ..
1636 5384 1810 5437 llarl.,
1838 5384 1992 5427 Pass.

430 5439 482 5483 et
503 5432 748 5516 Lombel.
784 5452 860 5516 pq
895 5435 916 5463 ’⁵
948 5435 1115 5504 ὑγιως
1143 5437 1306 5516 ἔχειν,
1335 5455 1423 5507 qui
1457 5457 1551 5516 nos
1587 5458 1656 5516 ne_
1677 5443 1758 5516 pie
1785 5443 1995 5516 quidem

431 5516 604 5584 agere,
633 5511 727 5584 aut
769 5507 860 5571 qui
891 5520 1074 5584 ineptos
1103 5507 1311 5584 quidem
1342 5526 1514 5584 sanos
1533 5511 1587 5563 in
1621 5511 1723 5584 ﬁde
1752 5507 1992 5566 credunt.

501 5572 610 5639 (70)
640 5572 1028 5650 _'r:z_00’_ro.._thtf
1075 5572 1424 5650 αξτιώμενοι.
1474 5572 1745 5650 (ζοιιιύοίη
1781 5582 1871 5650 qui
1898 5598 1994 5634 nos

430 5642 880 5718 prwvaricationis
918 5642 1248 5718 insimulant,
1297 5657 1388 5700 aut
1424 5647 1572 5703 nobis
1604 5642 1873 5705 subducta:
1905 5666 1988 5704 ve-

431 5711 606 5780 ritatis
634 5712 834 5764 crimen
856 5711 1167 5780 impingunt.

507 5779 615 5848 (7|)
643 5779 752 5835 Καὶ
785 5779 1222 5847 προστιθέντων
1253 5785 1426 5856 ἡμᾶς.
1461 5787 1536 5843 Ita
1569 5789 1728 5844 codd.
1765 5790 1912 5844 IIarl.
1937 5798 1993 5844 ct

2090 5304 2304 5372 μάτην.
2339 5312 2446 5357 etc.
2484 5305 2574 5358 Sic
2606 5320 2730 5357 cum
2759 5304 3006 5358 (Iombel‘.
3042 5304 3661 5372 interpunctioncmiap-

2111 5367 2399 5427 ioneinlam
2440 5389 2750 5442 censemus.
2793 5372 2850 5426 In
2882 5373 3014 5426 edit.
3049 5373 3112 5442 το
3143 5367 3400 5442 μέγιστον
3426 5372 3480 5423 δὲ
3506 5367 3668 5442 ωδε-

2148 5461 2252 5512 ›μι.
2305 5442 2414 5511 Τὴν
2464 5441 2774 5512 ὀρθοδοξίαν
2829 5444 3023 5512 μάτην.
3063 5439 3239 5512 Vertit
3291 5451 3469 5512 autem
3516 5439 3665 5512 Ilill.,

2092 5508 2230 5579 quod
2261 5508 2547 5564 maiimuin
2580 5525 2677 5571 est,
2711 5530 2811 5565 non
2831 5508 2968 5564 'illis'
2989 5511 3290 5565 concedam.
3323 5508 3667 5579 Orthodoxiw

2095 5578 2303 5659 nomine
2333 5581 2900 5659 frustrataiidatur...
2929 5582 3018 5659 ille
3045 5582 3168 5659 quia
3197 5578 3525 5659 sermonibus
3553 5579 3666 5659 suis

2104 5647 2603 5774 tieriltateuéprodit,
2647 5651 2729 5705 hic
2750 5653 2872 5720 quia
2901 5647 3158 5720 patientia
3196 5666 3292 5704 sua
3325 5647 3560 5706 eamdem
3591 5648 3669 5702 si—

2105 5736 2191 5772 mu
2244 5735 2337 5774 vro
2380 5732 2440 5774 tt.

2105 5736 2152 5772 ιη
2162 5732 2214 5774 ιιι
2244 5732 2440 5788 prodit.
