4358 6480
432 423 528 480 121

1780 422 2111 479 EPISTOLA
2155 424 2291 479 LXI.

3582 424 3682 480 122

434 543 553 596 λίαν
592 540 888 612 φιλοτίμως
933 558 993 594 τε
1050 542 1144 596 καὶ
1197 539 1509 613 προθύμως,
1563 539 1883 613 πληρώσατε
1937 544 2001 612 τῇ
2034 545 2075 599 Α
2100 556 2155 597 se

1961 544 2001 612 τῇ
2034 545 2075 599 Α
2100 556 2165 597 se
2214 541 2543 611 prmbiturus
2572 548 2658 597 est
2678 584 2691 605 ,
2748 540 2940 610 quales
2965 555 3061 594 vos
3093 552 3222 608 erga
3253 552 3555 608 pauperes,
3588 554 3682 591 ne-

435 633 797 705 κατοιχομένῃ
831 632 929 705 τὴν
954 632 1232 704 βούλησιν,
1278 632 1347 703 ἢν
1381 632 1633 703 παρεῖναί
1668 649 1725 684 τε
1765 631 1896 702 ύμῖν
1920 649 2007 683 νο-

437 725 714 796 μίσαντες,
748 725 842 777 καὶ
865 726 997 796 όρᾷν
1024 725 1092 780 τὰ
1123 724 1406 795 γινόμενα,
1452 723 1540 777 διὰ
1575 722 1676 792 τῆς
1719 722 2009 785 ἐπιδόσεως

432 814 809 877 ἀναπαύσατε,
846 816 932 869 ῖνα
982 814 1055 887 μὴ
1101 815 1168 869 τὰ
1201 818 1456 886 χρήματα
1498 815 1657 885 μόνον
1689 813 1848 884 ἔχητε
1878 814 2009 885 παρ’

433 908 622 978 αὐτῆς,
663 906 801 960 ἀλλὰ
833 908 927 961 καὶ
956 906 1053 977 τὴν
1082 908 1443 979 στηρίζουσαν
1465 906 1646 968 οῐκους
1677 906 1881 958 τέκνων
1909 922 2012 975 μη-

433 996 557 1068 τρὸς
605 996 856 1065 εὐλογίαν
904 994 980 1067 (5)
1039 996 1353 1068 πορίσησθε·
1388 996 1546 1050 τοῦτο
1598 995 2007 1066 ἐνθυμηθέντες,

431 1088 514 1139 ὅτι
543 1086 765 1157 βελτίων
796 1086 966 1159 μικρὰ
1003 1087 1160 1159 μερὶς
1187 1087 1262 1157 (6)
1299 1088 1437 1157 μετὰ.
1461 1086 1829 1157 δικαιοσύνης,
1871 1087 2012 1139 κατὰ

434 1177 494 1231 τὺ
514 1178 917 1250 γεγραμμένον,
948 1178 981 1249 ἢ
1015 1176 1324 1249 πλατυτέρα
1359 1177 1497 1249 μετὰ
1525 1176 1831 1248 μικρολογίς-
1850 1194 1875 1240 ς
1904 1177 2013 1245 (ἵνα

438 1269 513 1341 μὴ
549 1269 691 1335 λέγω
725 1287 777 1323 τι
833 1268 1194 1340 βλάσφημον),
1244 1269 1338 1323 καὶ
1379 1270 1460 1322 ὅτι
1513 1268 1696 1322 πολλοὶ
1740 1273 1831 1321 καὶ
1876 1269 2011 1322 ὅλων

435 1362 596 1414 οἴκων
622 1360 1030 1431 ἐκποιουμένων
1072 1360 1150 1431 (7)
1178 1362 1256 1426 είς
1306 1361 1602 1432 ἐκκλησίας
1630 1361 1937 1431 ἠνέσχοντο,
1962 1363 2010 1416 οἱ

437 1453 490 1506 δέ
523 1453 615 1506 καὶ
649 1454 780 1523 παρ’
818 1453 1022 1507 ἑαυτῶν
1055 1454 1233 1507 πᾶσαν
1270 1455 1580 1525 προήκαντο
1604 1453 1684 1523 (8)
1716 1453 1815 1524 τὴν
1853 1471 2010 1525 περι-

437 1545 642 1609 ιυσίαν,
673 1546 768 1598 καὶ
793 1545 892 1615 τὴν
932 1544 1223 1615 καλλίστην
1285 1544 1814 1617 ἐπραγματεύσαντο
1870 1562 2012 1615 πρα-

436 1636 721 1707 γματείαν,
752 1636 1003 1704 γενέσθαι
1032 1636 1119 1690 διὰ
1143 1637 1235 1689 τὸν
1268 1637 1384 1689 ἐκεῖ
1398 1636 1625 1690 πλοῦτον
1654 1636 1902 1707 πένητες.
1921 1635 2010 1704 Μὴ

436 1729 612 1782 τοίνυν
676 1729 938 1799 σπείρητε
996 1728 1346 1800 φειδομένως,
1398 1730 1488 1783 ἵνα
1548 1729 1818 1793 πλουσίως
1868 1728 2013 1799 θερί-

439 1836 566 1890 σητε
590 1820 690 1891 (9),
728 1820 844 1874 ἀλλ’
874 1822 1075 1889 ἀγαθὸν
1116 1821 1318 1891 κλῆρον
1360 1823 1454 1876 καὶ
1492 1823 1619 1893 ὐμῖν
1667 1822 1871 1887 αὐτοῖς,
1916 1822 2009 1875 καὶ

2110 630 2384 703 quaquam
2422 633 2821 688 illiberabiliter
2868 638 2922 685 ct
2959 629 3213 693 sordide,
3252 629 3347 684 sed
3388 627 3684 683 admodum

2112 724 2325 779 liberali
2354 730 2408 780 ct
2439 724 2605 779 alacri
2645 725 2830 778 animo
2864 722 3168 778 demortuae
3196 721 3531 776 voluntatem
3561 734 3685 790 pcr—

2113 817 2278 881 facite,
2305 831 2471 887 quam
2511 825 2563 871 et
2593 816 2749 871 vobis
2795 815 2988 871 adesse
3014 854 3030 877 ,
3061 826 3113 869 ct
3150 828 3235 879 ea,
3259 828 3380 883 quae
3417 814 3576 879 finiit,
3607 813 3687 866 in-

2111 909 2252 963 tueri
2296 909 2674 965 existimantes
2702 946 2717 971 ,
2768 924 2864 975 per
2924 905 3272 978 largitionem
3321 913 3559 961 vestram
3598 920 3687 959 re-

2106 1000 2313 1056 create.
2363 998 2441 1055 Ita
2477 999 2601 1065 fiet,
2648 1007 2708 1054 ut
2742 1000 2810 1053 ab
2843 1013 2904 1053 ea
2932 1039 2946 1061 ,
2977 1014 3085 1054 non
3113 997 3275 1053 modo
3306 996 3569 1067 pecunias
3589 995 3687 1049 ba-

2111 1090 2309 1154 beatis,
2366 1092 2461 1145 sed
2491 1098 2793 1145 maternam
2826 1090 2991 1143 etiam
3030 1087 3472 1143 benedictionem
3497 1127 3511 1152 ,
3552 1086 3687 1141 filio-

2111 1198 2233 1237 rum
2272 1182 2468 1237 domos
2523 1181 2938 1244 fulcientem",
2986 1177 3405 1249 consequamini
3454 1195 3468 1233 :
3520 1185 3689 1247 atque

2111 1275 2216 1330 hoc
2248 1274 2529 1329 vobiscum
2561 1274 2796 1344 cogitate
2816 1313 2831 1338 ,
2864 1273 3143 1326 meliorem
3183 1285 3306 1326 esse
3338 1281 3543 1340 partem
3573 1271 3690 1325 exi-

2112 1380 2274 1437 guam
2313 1364 2726 1434 cumrjustitia,
2787 1372 2848 1419 ut
2878 1363 3156 1433 Scriptura
3199 1361 3473 1437 loquitur,
3522 1376 3687 1432 quam

2112 1459 2359 1513 latiorem
2397 1464 2451 1512 et
2506 1456 2812 1511 uberiorem
2870 1471 2995 1511 cum
3062 1453 3284 1511 sordida
3332 1453 3663 1525 parcitate”I

2113 1550 2201 1619 (ne
2230 1548 2359 1619 quid
2402 1548 2544 1603 male
2572 1546 2882 1601 ominosum
2924 1544 3126 1615 dicam)
3149 1544 3175 1607 ,'
3196 1543 3439 1613 illudque
3471 1552 3691 1613 prater-

2111 1655 2209 1703 ca,
2263 1638 2573 1708 complures
2614 1635 2930 1698 exstitisse,
2963 1636 3055 1705 qui
3090 1642 3235 1690 totas
3276 1634 3443 1689 etiam
3492 1632 3689 1688 domos

2112 1730 2166 1784 in
2221 1729 2573 1784 ecclesiarum
2614 1736 2864 1792 sumptus
2921 1724 3147 1780 alienari
3201 1725 3350 1793 passi
3385 1723 3542 1780 sint:
3578 1737 3687 1777 non

2112 1820 2276 1875 etiam
2316 1818 2588 1881 defuisse,
2622 1817 2721 1888 qui
2768 1830 2868 1872 sua
2926 1826 3119 1885 sponte
3160 1814 3448 1871 facultates
3495 1829 3689 1876 omnes

438 1914 547 1974 τοῖς
588 1913 865 1981 φιλτάτοις
905 1913 1059 1983 ὐμῶν
1102 1912 1287 1966 τοῦτον
1330 1914 1649 1985 χαρίσασθε,
1684 1915 1850 1985 μηδὲν
1902 1916 2002 1983 ὐφ-
2034 1916 2073 1970 Β
2102 1928 2159 1967 su

1965 1933 2002 1963 ›-
2034 1916 2073 1970 Β
2102 1927 2232 1967 suas
2263 1908 2628 1981 profuderint,
2668 1925 2732 1964 ac
2769 1908 3195 1979 pulcherrimum
3243 1915 3512 1978 quaestum
3541 1906 3686 1962 fece-

445 2004 656 2067 ελόντες
700 2005 810 2059 τῶν
840 2006 1268 2076 γεγραμμένων,
1296 2006 1429 2060 ἀλλὰ
1473 2008 1649 2062 πάντα
1679 2008 1797 2078 μεθ’
1821 2007 2010 2077 ἡδονῆς

438 2092 530 2144 καὶ
559 2091 913 2164 φαιδρότητος
942 2094 1214 2158 ἐπιδόντες
1244 2097 1398 2165 ἡμῖν,
1426 2095 1458 2167 ἢ
1490 2096 1776 2159 ἀποδόντες
1798 2098 1909 2167 (ΙΟ)
1935 2097 2010 2161 ὡς

437 2185 609 2235 οἰκεῖα
642 2183 712 2236 τὰ
738 2185 831 2237 τοῦ
865 2185 1022 2251 Θεοῦ,
1058 2185 1132 2249 ὡς
1161 2186 1322 2239 τοῦτο
1358 2188 1516 2258 μόνον
1548 2188 2010 2259 κερδανοῠντες,’ὃ

437 2291 487 2326 τι
515 2273 579 2326 ἂν
606 2274 747 2345 ὐπέρ
779 2275 889 2328 τῶν
930 2276 1118 2346 ψυχῶν
1149 2276 1303 2348 ὐμῶν
1328 2277 1664 2350 ἀναλώσητε.
1697 2279 1760 2331 Τί
1796 2280 1904 2351 γὰρ
1933 2280 2012 2333 δεῖ

439 2369 791 2440 θησαυρίζειν
828 2369 1053 2441 λῃσταῖς
1078 2371 1188 2440 (H)
1229 2370 1323 2426 καὶ
1360 2372 1641 2436 κλέπταις,
1677 2374 1772 2427 καὶ
1801 2373 2010 2445 καιρῶν

441 2460 784 2530 μεταϐολαῖς,
820 2461 1007 2515 ἄλλοτε
1044 2463 1123 2528 είς
1161 2461 1354 2527 ἄλλους
1384 2462 1778 2534 μετατιθέντων
1805 2465 1900 2518 καὶ
1929 2466 2012 2535 ῥι-

436 2552 702 2614 πιζόντων
736 2554 837 2624 τὴν
877 2553 1111 2607 ἄστατον
1150 2555 1433 2627 εὐπορίαν,
1481 2555 1616 2609 ἀλλὰ
1668 2556 1742 2627 μὴ
1790 2558 1870 2619 είς
1912 2557 2012 2621 τὰς

434 2640 697 2709 ἀσφαλεῖς
738 2642 1025 2713 ἀποθήκας
1068 2643 1448 2713 ἀποτίθεσθαι,
1499 2645 1595 2700 καὶ
1640 2645 1749 2699 τῶν
1786 2645 2010 2700 ἐπιϐου-

437 2731 696 2785 λευόντων
728 2734 1101 2807 ίσχυροτέραςς
1135 2735 1209 2788 Τὸ
1243 2736 1342 2806 μὲν
1369 2732 1461 2790 οὖν
1497 2736 1712 2801 εὐτελὲς
1745 2737 1855 2808 (12)
1883 2738 2012 2810 περὶ

436 2823 570 2876 ἄλλα
607 2825 703 2877 καὶ
737 2825 917 2888 ἄλλοις
952 2826 1164 2892 δείξατε
1202 2828 1319 2896 (καὶ
1357 2828 1466 2899 γὰρ
1495 2827 1723 2899 εὔχομαι
1752 2830 2012 2894 δυνατοὺς

436 2918 581 2987 ὑμᾶς
610 2913 749 2972 εἶναι
791 2918 930 2989 μετὰ
960 2919 1375 2990 χρηστότητος),
1411 2921 1543 2991 ἡμῖν
1577 2921 1634 2975 δὲ
1670 2922 2010 2991 ἁγωνίσασθε

435 3010 526 3061 τὸν
552 3009 715 3063 καλὸν
750 3009 960 3077 ἀγῶνα,
998 3010 1147 3075 ὅστις
1184 3012 1399 3082 νικήσει
1431 3011 1521 3066 τὸν
1546 3012 1705 3069 ἄλλον
1729 3014 2008 3087 εὐλαϐείᾳ,

436 3103 529 3154 καὶ
570 3104 690 3165 ταῖς
734 3101 1111 3173 ὀφειλομέναις
1149 3102 1424 3172 εὐλογίαις
1472 3107 1538 3158 ἐκ
1583 3105 1720 3159 Θεοῦ
1747 3107 1861 3176 (i3)
1896 3110 2011 3171 τοῖς

437 3193 763 3263 εὐγνώμοσι.
793 3194 1024 3247 Πείσατε
1048 3190 1142 3249 οὖν
1168 3197 1316 3266 ἡμᾶς
1344 3197 1426 3249 ὅτι
1457 3197 1851 3268 χριστιανίζετε
1878 3217 2011 3272 γνη-

438 3250 587 3348 sime.
617 3250 833 3355 ’μᾶλλον
872 3286 930 3340 δι
973 3286 1083 3340 ἀπὸ
1126 3250 1312 3356 xiii;
1346 3250 2007 3363 apagitsvosap'xﬁé,'§;t
2036 3250 2081 3313 θ

436 3376 606 3439 οὕτως
634 3376 892 3441 εὐσεΰοῦς
929 3378 1023 3430 καὶ
1054 3376 1290 3441 δικαίας,
1334 3378 1583 3433 ἐντεῦθεν
1619 3381 1714 3433 καὶ
1743 3381 1874 3454 περὶ
1900 3383 2011 3437 τῶν

436 3466 611 3518 ἄλλων
641 3468 996 3537 όμονοήσατε·
1040 3467 1118 3533 ὡς
1163 3468 1231 3523 ἂν
1277 3470 1435 3540 ὑμεῖς
1481 3487 1541 3523 τε
1597 3471 1872 3543 ἀλλήλοις,
1914 3474 2009 3528 καὶ

436 3560 595 3628 ἡμεῖς
642 3560 770 3629 ὐμῖν
814 3559 1471 3631 ἰπευφραινοίμεθαμό),
1518 3562 1587 3616 τά
1628 3579 1689 3615 τε
1734 3562 1870 3616 ἄλλα
1913 3563 2008 3617 καὶ

435 3647 605 3713 δεξιὸν
646 3650 946 3720 ὑπόδειγμα
986 3650 1297 3720 γενομένοις
1325 3650 1438 3719 (15)
1486 3651 1636 3727 πάσῃ
1666 3655 1733 3724 τῇ
1780 3654 2010 3725 Ἐκκλη-

436 3739 550 3809 σία,
573 3741 670 3810 τῆς
697 3741 825 3812 περὶ
849 3739 1021 3795 ταῦτα
1056 3740 1497 3812 εὐγνωμοσύνης.

2113 2005 2222 2059 rint
2253 2047 2267 2070 ,
2303 2004 2408 2057 hoc
2445 2010 2528 2058 cst
2574 2008 2796 2072 propter
2844 2000 3043 2056 futura:
3092 2001 3218 2056 vitae
3271 2015 3404 2071 opes
3449 1999 3688 2069 inopiam

2112 2096 2342 2165 amplexi
2381 2095 2511 2150 sint.
2571 2094 2650 2150 Ne
2697 2094 2862 2164 igitur
2893 2108 3064 2165 parce
3106 2092 3326 2157 seratis,
3363 2099 3425 2146 ut
3467 2091 3693 2162 copiose

2111 2186 2422 2252 metatis";
2483 2199 2673 2240 verum
2734 2186 2931 2240 bonam
2981 2200 3105 2240 cum
3168 2183 3322 2240 vobis
3357 2183 3523 2253 ipsis,
3574 2190 3691 2237 tum

2111 2278 2453 2334 charissimis
2477 2278 2673 2333 vestris
2726 2277 3100 2333 haereditatem
3148 2277 3291 2332 hanc
3334 2274 3642 2346 elargimini
3672 2314 3689 2338 ,

2109 2368 2356 2439 nihilque
2382 2384 2446 2424 ex
2498 2369 2567 2425 iis
2608 2369 3016 2433 subtrahentes,
3058 2382 3179 2439 quae
3203 2375 3538 2425 testamento
3568 2382 3693 2438 per-

2113 2462 2317 2532 scripta
2346 2470 2498 2526 sunt,
2528 2477 2718 2518 verum
2753 2461 2937 2517 omnia
2986 2462 3108 2518 laeto
3157 2472 3319 2532 atque
3382 2461 3543 2516 hilari
3572 2459 3693 2514 ani-

2111 2568 2203 2607 mo
2246 2552 2403 2609 nobis
2436 2553 2743 2609 tribuentes
2774 2592 2789 2617 ,
2822 2553 2932 2609 imo
2953 2568 3083 2609 vero
3130 2552 3441 2619 reddentes,
3474 2560 3535 2607 ut
3569 2566 3695 2623 quae

2113 2643 2333 2714 proprie
2364 2641 2461 2698 Dei
2511 2644 2660 2709 sint,
2715 2659 2781 2699 ac
2832 2644 2982 2699 velut
3011 2644 3116 2699 hoc
3152 2643 3329 2699 solum
3379 2642 3691 2703 lucraturi,

2111 2735 2255 2805 quod
2310 2750 2411 2806 pro
2441 2736 2749 2791 animarum
2784 2742 3093 2792 vestrarum
3136 2736 3314 2791 salute
3356 2732 3695 2804 impenderi-

2113 2828 2202 2882 tis.
2236 2825 2377 2893 Quid
2401 2826 2546 2882 enim
2587 2826 2935 2899 praedonibus
2967 2835 3022 2881 et
3062 2825 3277 2881 furibus
3319 2826 3695 2882 thesaurizare

2111 2935 2251 2990 opus
2282 2926 2368 2976 est
2388 2920 2470 2984 ³ο,
2521 2928 2938 2991 temporumque
2997 2920 3400 2975 mutationibus
3451 2920 3695 2976 incertas

2111 3018 2167 3067 et
2196 3010 2416 3083 fragiles
2450 3026 2582 3083 opes
2616 3012 2683 3066 ad
2713 3013 2852 3067 alios
2881 3011 3130 3082 aliosque
3180 3011 3419 3067 subinde
3457 3011 3695 3066 transfe-

2112 3103 2360 3159 rentibus
2402 3110 2567 3172 atquc
2595 3103 2965 3174 agitantibus,
3009 3115 3074 3157 ac
3116 3117 3224 3156 non
3255 3102 3441 3172 potius
3475 3101 3531 3157 in
3576 3109 3694 3157 tuta

2112 3192 2338 3258 horrea,
2378 3201 2433 3249 et
2467 3194 2742 3259 firmiora,
2777 3209 2942 3265 quam
2991 3201 3052 3249 ut
3100 3194 3225 3250 ullis
3269 3193 3488 3251 insidiis
3512 3194 3695 3265 appeti

2114 3284 2366 3357 possint?
2389 3286 2467 3341 Ac
2497 3287 2891 3356 parcimoniam
2926 3288 3146 3359 quidem
3182 3286 3331 3343 circa
3362 3287 3468 3341 alia
3497 3296 3552 3342 et
3570 3286 3694 3343 aliis

2113 3379 2387 3433 ostendite
2436 3382 2588 3449 (opto
2625 3378 2770 3434 enim
2808 3393 2909 3435 vos
2961 3394 3087 3434 cum
3128 3378 3464 3449 benignitate
3502 3385 3694 3449 poten-

2114 3475 2196 3524 tes
2221 3483 2387 3534 essel,
2411 3470 2553 3541 apud
2581 3486 2683 3526 nos
2702 3478 2884 3526 autem
2915 3471 3115 3525 bonum
3155 3479 3434 3525 certamen
3464 3476 3694 3534 certate.

2113 3558 2220 3613 hoc
2249 3567 2354 3624 est,
2387 3569 2513 3615 uter
2535 3562 2765 3616 alterum
2794 3560 2903 3633 56
2930 3562 3133 3632 pietate
3162 3568 3416 3632 superet,
3441 3576 3505 3617 ac
3535 3561 3697 3617 benc-

2113 3649 2449 3707 dictionibus
2479 3652 2547 3708 iis
2567 3692 2582 3716 ,
2616 3668 2736 3723 qua:
2765 3653 2954 3723 probis
2988 3652 3126 3708 viris
3167 3668 3230 3709 cs
3262 3650 3375 3708 Deo
3401 3653 3691 3708 debentur.

2113 3740 2302 3799 Fidem
2326 3743 2509 3815 itaque
2543 3746 2701 3799 nobis
2724 3744 2909 3809 facite,
2942 3759 3041 3800 vos
3070 3759 3196 3800 vere
3220 3751 3274 3799 et
3298 3744 3515 3799 sincere
3535 3742 3695 3797 Chri-

438 3833 670 3887 stianam
710 3831 869 3886 fidem
918 3830 1100 3886 colere
1151 3844 1218 3885 ac
1272 3830 1544 3901 profiteri;
1577 3830 1710 3901 quin
1752 3830 1941 3901 potius
1978 3846 2009 3887 a
2049 3833 2194 3891 bono
2248 3835 2524 3905 principio
2574 3836 2793 3901 exorsi,
2825 3844 3042 3907 tamque
3074 3836 3166 3907 pio
3232 3844 3286 3892 et
3342 3835 3517 3905 justo,
3566 3834 3695 3888 hinc

439 3925 494 3980 in
532 3922 654 3980 aliis
684 3937 898 3993 quoque
931 3923 1097 3979 rebus
1126 3922 1428 3978 concordes
1462 3928 1641 3978 estote
1673 3940 1688 3977 :
1719 3928 1778 3977 ut
1811 3929 1867 3977 et
1900 3936 1998 3978 vos
2036 3922 2142 3994 ipsi
2172 3931 2388 3989 mutuo,
2410 3933 2466 3980 et
2523 3940 2627 3981 nos
2659 3926 2816 3981 vobis
2849 3911 3218 3989 oblectémur,
3260 3938 3386 3980 cum
3454 3923 3527 3980 ob
3563 3923 3692 3991 alia,

438 4030 552 4074 tum
603 4018 749 4089 quod
798 4018 1067 4073 univcrsze
1098 4016 1355 4074 Ecclesia:
1407 4016 1701 4088 probitatis
1733 4018 1787 4071 in
1815 4017 2129 4088 bujusmodi
2158 4018 2325 4077 rebus
2353 4029 2519 4092 atque
2545 4020 2804 4078 candoris
2823 4020 3134 4091 exemplum
3158 4017 3396 4075 fueritis.

510 4175 552 4207 "
577 4174 745 4230 Eccli.
785 4188 871 4240 ιιι,
901 4174 987 4230 ll.
1064 4173 1109 4207 "
1142 4172 1306 4230 Prov.
1345 4190 1459 4242 xvi,
1481 4173 1535 4229 8.
1614 4173 1658 4206 ”
1689 4172 1734 4228 ll
1754 4173 1885 4231 Cor.
1941 4190 2021 4243 Ix,
2062 4174 2117 4230 6.
2192 4175 2231 4208 "

1094 4173 1109 4206 '
1142 4172 1306 4230 Prov.
1345 4190 1459 4242 xvi,
1481 4173 1535 4229 8.
1614 4173 1658 4206 ”
1689 4172 1734 4228 ll
1754 4173 1885 4231 Cor.
1941 4190 2021 4243 Ix,
2062 4174 2117 4230 6.
2192 4175 2239 4208 ³⁸
2277 4174 2471 4231 Matth.
2501 4192 2580 4243 vi,
2617 4173 2815 4243 19,20.

509 4330 585 4399 t3)
620 4327 1023 4397 Στηρίζουσιιν
1063 4328 1267 4399 olieovc
1312 4326 1539 4399 τέκνων
1572 4325 1798 4399 μητρύς
1832 4328 2011 4399 εὐλο-

438 4396 599 4481 γῐμνΣ
632 4396 838 4481 Allndit
867 4400 935 4452 ad
968 4398 1099 4481 ιιι,ῃά
1134 4398 1310 4481 Εεοιί.
1338 4397 1482 4481 mhi
1498 4398 1549 4481 ε..
1576 4396 1883 4481 ριηεάὲῃειρο
1913 4412 2012 4465 ρας

440 4466 537 4522 tris
563 4469 941 4537 ﬁrmatdomos
972 4469 1231 4538 filiorum,
1261 4476 1311 4521 et
1344 4466 1643 4521 maledictio
1674 4467 1863 4520 matris
1890 4482 2012 4520 era-

440 4540 581 4591 dicat
608 4540 972 4601 fundamenta.
997 4538 1097 4593 Hic
1119 4549 1302 4592 autem
1334 4535 1531 4592 vitiose
1562 4537 1764 4607 legitur
1794 4537 1847 4589 in
1874 4537 2008 4590 edit.

443 4608 607 4679 μητρί
642 4608 994 4679 prepared:-

2191 4325 2238 4449 ήί
2249 4328 2304 4398 0)
2334 4328 2672 4393 Ἑπιδόντες
2698 4326 2842 4397 ἡμῖν
2863 4326 2901 4394 ἣ
2926 4326 3278 4393 ἀποδόντες.
3303 4324 3361 4380 In
3389 4325 3521 4381 edit.
3539 4324 3693 4379 deest

2115 4399 2147 4467 ή
2158 4415 2196 4467 μ
2221 4416 2269 4452 ν.
2294 4397 2541 4452 Combef.
2573 4398 2862 4459 ἀποδόντες
2898 4398 3029 4467 ἡμῖν
3057 4397 3152 4450 καὶ
3176 4397 3474 4467 ἐπιδόντες,
3502 4405 3693 4467 cuncta

2118 4465 2266 4521 nobis
2298 4467 2571 4522 reddentes
2597 4484 2659 4522 ac
2683 4465 3019 4537 elargieiites.
3052 4467 3196 4531 Mox,
3235 4467 3305 4520 τά
3337 4465 3478 4521 forte
3505 4466 3694 4520 delen-

2116 4537 2300 4677 du('Il'i.)
2344 4607 2405 4660 Τί
2440 4605 2680 4677 τὰρᾼδεῐ
2716 4606 3093 4677 θησαυρίζειν
3132 4605 3553 4677 λῃσταῖς-,ξειᾳ-
3584 4602 3693 4677 No-

1116 4676 1307 4746 μερίς.
1352 4674 1573 4747 Legitur
1611 4675 1665 4727 in
1700 4672 1863 4747 Prov.
1896 4689 2010 4737 xw,
2043 4652 2088 4706 θ
2120 4652 2233 4730 ιιιῖιί

1972 4689 2010 4737 ι.
2043 4652 2088 4706 ιδ
2120 4652 2235 4730 ...ις
2253 4652 3079 4745 14.5:marie.a..gz:.z:n.ca.z
3113 4652 3689 4747 έίῑῆθζξδῑῑιοιξί.

440 4743 723 4804 δι’Μειιιιε
741 4757 819 4801 est
838 4743 1026 4815 ραι-ιιιιὶ
1054 4743 1173 4799 cuiu
1193 4743 1409 4815 justitia
1438 4743 1599 4813 ouant
1628 4744 1781 4796 multi
1804 4743 2009 4812 fruetus

440 4836 560 4895 eam
603 4819 908 4895 iniquitate.
943 4815 1100 4870 Hunc
1148 4818 1338 4895 locum‘
1374 4829 1486 4870 sum
1533 4822 1686 4895 aptat
1728 4816 2011 4895 sentcntiae

440 4883 757 4959 Gregorius,
812 4886 931 4940 Bill.
978 4895 1156 4941 autem
1214 4883 1356 4956 μετὰ.
1402 4883 1755 4954 μικρολογίας
1791 4885 1952 4943 vertit
1992 4902 2007 4937 :

442 4957 570 5012 cuni
587 4957 852 5010 sordibus.

513 5027 591 5097 (7)
625 5027 814 5097 Οτκων
842 5022 1301 5097 ἐκποιουμένωιξ.
1348 5021 1441 5097 1ιὲ
1466 5022 1587 5097 cod.
1623 5021 1849 5097 lieg._|n
1873 5022 2007 5097 edit.

442 5091 875 5167 ἐμποιουμένων,
900 5091 1171 5167 vertitque
1200 5093 1321 5167 Bill.
1355 5112 1368 5145 :
1404 5091 1507 5167 Qui
1546 5100 1684 5167 totas
1712 5092 1870 5167 etiam
1908 5094 2010 5167 do:

444 5160 556 5220 nios
584 5160 816 5219 ecclesiis
859 5164 1036 5217 addici
1082 5160 1228 5231 passi
1274 5166 1400 5216 sint.
1452 5160 1677 5215 Rectius
1717 5160 1876 5223 forte,
1917 5163 2011 5231 qui

442 5240 603 5289 etiam
645 5246 784 5287 totas
830 5235 1015 5288 domos
1041 5234 1194 5303 quasi
1221 5233 1381 5287 inseri
1410 5240 1460 5284 et
1492 5231 1819 5298 incorporari
1846 5232 2012 5286 eccle-

444 5308 536 5360 siis
564 5304 913 5357 sustinebant.

514 5378 589 5443 (8)
612 5374 978 5443 Προήκαντο.
1006 5372 1082 5443 Ita
1108 5370 1229 5425 cod.
1256 5370 1387 5439 Reg.
1414 5368 1470 5423 In
1495 5369 1627 5443 edit.
1651 5372 2011 5442 προσήγοντο.

443 5440 751 5501 obtulerint.
778 5443 918 5504 Mox,
946 5442 1131 5495 οὐσίαν
1160 5457 1257 5510 pro
1288 5440 1622 5510 περιουσίαν.

515 5516 590 5580 (9)
628 5516 748 5567 "Ira
789 5513 1098 5577 πλουσίως
1142 5508 1431 5578 θερίσητε.
1478 5509 1733 5580 Meudose
1779 5509 1850 5580 in_
1871 5508 2006 5580 edit.

446 5577 729 5654 θερὴσητε.
752 5582 957 5654 Alludit
979 5577 1275 5649 Gregorius
1292 5582 1358 5633 ad
1383 5578 1512 5632 illud
1540 5580 1787 5647 Apostol.
1811 5577 1852 5632 ll
1875 5578 2004 5654 (lor.

445 5649 522 5713 ts;
551 5649 584 5707 6
612 5649 759 5718 {Qui
788 5668 943 5718 parte
978 5661 1220 5712 seminat,
1251 5665 1405 5715 parre
1430 5662 1478 5700 et
1509 5659 1693 5707 metet:
1725 5658 1775 5703 et
1800 5649 1889 5717 qui
1919 5665 2003 5700 se-

448 5727 611 5777 ntiunt
636 5727 689 5777 in
712 5720 1175 5784 benedictionibus,
1200 5721 1262 5776 de
1285 5719 1726 5773 benedictionibus
1754 5729 1804 5774 et
1828 5728 1998 5773 metet.

2121 4748 2483 4799 tltesaurizare
2512 4747 2656 4801 vobis
2688 4744 2961 4799 thesauros
2994 4748 3049 4798 in
3080 4756 3240 4806 terra.
3266 4745 3355 4797 ubi
3385 4745 3525 4812 fures
3556 4744 3688 4811 efro-

2116 4818 2269 4869 dium
2296 4826 2345 4868 et
2376 4817 2647 4884 furantur.
2689 4816 3065 4869 Tliesanrizate
3103 4827 3277 4868 autem
3307 4815 3448 4868 vobis
3479 4814 3692 4867 thesau-

2118 4904 2206 4940 ros
2230 4888 2281 4938 iu
2308 4887 2457 4949 coelo,
2482 4886 2569 4938 ubi
2600 4886 2741 4954 [ures
2773 4902 2875 4938 non
2903 4885 3180 4954 effodiunt,
3223 4901 3313 4938 nec
3344 4886 3615 4952 furantur.

2187 4956 2299 5026 (i2)
2339 4955 2407 5026 Τὸ
2443 4956 2569 5026 μὲν
2600 4952 2865 5021 εὐτελές.
2905 4953 3078 5026 vertit
3098 4952 3253 5026 _Bill.
3302 4954 3688 5026 frugaiitqtem.

2187 4974 2299 5026 με)
2341 4974 2407 5009 ιο
2443 4974 2569 5076 1μειν-
2604 4974 2865 5021 ευτελες.
2914 4974 3078 5008 verm
3131 4974 3253 5035 plu.
3302 4974 3688 5033 ,rugaiuarem.

2119 5025 2416 5101 Duocodnd.
2462 5024 2672 5101 @ng
2703 5025 3063 5101 μὲν-ἐντελές..
3093 5023 3293 5101 Sicque
3322 5023 3567 5079 Cotnbcf.
3594 5038 3689 5101 qui

2116 5098 2299 5158 vertit,
2332 5093 2493 5149 Circa
2528 5093 2637 5148 alia
2665 5093 2715 5148 et
2749 5094 2890 5157 aliis,
2924 5093 3063 5161 quod
3091 5095 3281 5163 rigoris
3316 5104 3394 5147 est
3426 5104 3473 5146 et
3500 5093 3691 5163 severi.

2118 5167 2242 5217 tatis
2278 5164 2572 5227 ostendite;
2618 5173 2677 5217 ut
2721 5173 2775 5218 ct
2816 5164 2978 5232 epist.
3017 5161 3224 5223 Lxxvu.
3272 5161 3690 5233 (paci/09(3);ch

2117 5236 2348 5304 φανῆναι
2387 5235 2587 5305 μᾶλλον
2613 5235 2645 5304 ἣ
2676 5230 2930 5307 ἐντελεῖς,
2959 5233 3105 5302 quod
3139 5233 3262 5307 βίη.
3286 5230 3492 5296 reddit,
3527 5230 3689 5283 Beniv

2117 5302 2442 5375 gnos’potius
2475 5302 2643 5375 quaint
2662 5302 2864 5375 seuerus
2896 5319 2991 5375 nos
3018 5302 3365 5375 prqrbeainns.

2190 5375 2302 5445 (15)
2328 5377 2430 5429 Ἐκ
2455 5371 2622 5436 Θεοῦ,
2646 5372 2866 5445 ea;_Deo.
2902 5371 2999 5445 Dei
3023 5373 3233 5445 scilicet
3262 5372 3594 5441 indulgentia
3623 5388 3688 5425 ac

2118 5442 2462 5507 liberalitate,
2501 5458 2608 5495 non
2641 5460 2673 5495 a
2708 5442 2813 5495 Deo
2848 5442 3003 5511 quasi
3035 5442 3302 5496 debitore.

2186 5515 2232 5583 (Ι
2247 5515 2298 5577 4)
2334 5509 2920 5583 Ἐπειιφραινοίμεθὰ.
2943 5512 3075 5564 Cod.
3103 5509 3610 5583 ἐπευφραινώμεθα.

2186 5577 2297 5650 (15)
2344 5577 2688 5650 Ὑπόδέὶγμα
2716 5577 3071 5649 γὶτνρμέἰόις.
3112 5577 3259 5637 (ἶυά.
3281 5577 3416 5652 Reg.
3445 5577 3500 5635 et
3528 5577 3683 5633 Cous»

2112 5652 2219 5707 bel'.
2254 5653 2553 5723 ὑπόδειγμα
2585 5652 2883 5725 γενόμενοι.
