4358 6480
409 453 514 506 19.5

1725 446 2062 503 EPISTOLA
2105 446 2286 502 LXIV.

3555 453 3646 508 l26

405 563 657 633 πρώτοις,
711 560 1038 634 ἐνθυμήθητι
1085 560 1196 628 (9.7)
1244 561 1324 612 ὅτι
1389 561 1481 612 καὶ
1536 559 1720 632 διέϐην
1778 562 1972 633 μέχρις
2008 573 2045 626 ,\
2073 579 2126 617 cc

1967 573 2045 626 :,\
2073 563 2286 634 cognati
2336 569 2688 632 acceperunt,
2741 570 2906 631 atque
2948 577 3048 632 ego
3097 578 3208 632 pra:
3262 565 3497 628 creteris,
3554 571 3688 634 qui.

406 655 558 726 ὑμῶν
601 647 933 724 ἐξεπίτηδες,
965 655 1031 722 τῇ
1075 653 1231 722 φήμῃ
1260 653 1680 723 τεταραγμένος,
1733 653 1824 705 καὶ
1859 671 1974 707 κοι-

407 745 641 813 νωνῆσαι
699 743 924 813 γνώμης
976 744 1100 813 ὑμῖν
1146 743 1422 812 πρόθυμος
1477 742 1762 812 ἐγενόμην,
1817 735 1976 814 ἡνίκα

407 833 597 902 καιρὸς
623 828 692 903 ἦν
724 831 804 884 ἔτι
834 831 962 901 περὶ
1011 830 1213 882 τούτων
1247 829 1593 899 βουλεύεσθαι
1614 848 1627 861 ο
1677 833 1770 884 καὶ
1802 833 1978 885 πάντα

411 924 610 994 μᾶλλον
639 923 672 994 ἢ
715 923 918 992 ταύτην
949 921 1060 990 (28)
1103 923 1235 991 ἡμῖν
1285 921 1702 990 ἐκοινωνήσατε,
1732 921 1842 973 εἴτε
1876 921 1977 972 ὑπέ

407 1018 506 1085 τῆς
542 1017 711 1085 αὐτῆς
745 1014 999 1085 ἀπορίας,
1045 1013 1142 1065 εἴτ’
1187 1015 1286 1066 οὐκ
1318 1009 1412 1065 οἶδ’
1451 1014 1480 1065 ὅ
1523 1030 1575 1065 τι
1609 1012 1976 1083 βουληθέντες.

410 1109 471 1159 Εί
503 1107 559 1158 δὲ
591 1108 702 1169 τοῖς
736 1105 1086 1167 τελευταίοις.
1139 1104 1371 1173 μάλιστα
1401 1103 1499 1173 μὲν
1540 1103 1640 1155 οὐκ
1668 1105 1754 1156 εῖα
1781 1104 1842 1156 τὸ
1871 1103 1977 1155 πά-

412 1199 502 1260 θος
536 1197 697 1250 πάλιν
727 1197 852 1266 ὑμῖν
883 1197 1143 1264 ἐντυχεῖν,
1184 1195 1279 1247 καὶ
1309 1195 1340 1264 ὴ
1371 1194 1448 1264 τῷ
1476 1195 1643 1264 πατρὶ
1678 1213 1981 1265 χρεωστου-

414 1286 550 1355 μὲνη
581 1285 714 1355 τιμὴ
744 1284 1009 1346 καὶιόσία,
1044 1278 1110 1354 ἦς
1140 1284 1290 1337 οὐδὲν
1343 1284 1615 1354 ἐδυνάμην
1654 1283 1980 1355 ποιήσασθαι

412 1375 818 1444 προτιμότερον,
845 1373 1131 1427 καὶταῦτα
1160 1373 1419 1439 ὑπογυίου
1453 1372 1544 1424 τοῦ
1573 1372 1774 1436 πάθους
1804 1373 1977 1438 ὄντος,

409 1465 572 1534 ἡνίκα
607 1466 707 1518 οὐκ
761 1465 958 1526 ἀσεϐὲς
1002 1463 1160 1533 μόνον
1203 1464 1338 1534 (29),
1378 1462 1493 1516 ἀλλ’
1533 1463 1654 1516 οὐδὲ
1698 1464 1833 1527 ὅλως
1867 1465 1974 1534 (30)

411 1557 708 1627 εὐπρεπὲς,
740 1557 843 1622 ἔξω
867 1555 960 1608 τοῦ
1011 1555 1201 1624 καιροῦ
1248 1556 1572 1625 φιλοσοφεῖν,
1616 1559 1709 1610 καὶ
1756 1557 1894 1628 ὑπὲρ
1921 1557 1981 1610 τὸ

411 1646 782 1715 ἀνθρώπινον·
837 1645 1026 1698 ἔπειτα
1079 1646 1172 1698 καὶ
1222 1647 1684 1716 προκατειλῆφθαι
1739 1648 1845 1700 ὑπὸ
1874 1649 1980 1702 τῶν

413 1737 749 1806 πραγμάτων
780 1735 1129 1807 ἐνομίσαμεν,
1167 1738 1340 1807 πέρας
1449 1737 1546 1807 ἤδη
1582 1739 1690 1807 (5|)
1720 1738 1827 1791 τῶν
1859 1741 1978 1793 κατ’

411 1830 574 1883 αὐτὸν
599 1829 848 1898 ἑχόντων,
880 1831 1062 1882 ὁποῖον
1100 1829 1272 1882 ἐδόκει
1299 1828 1378 1898 τῷ
1407 1829 1591 1896 ἄγοντι
1615 1829 1681 1881 τά
1708 1830 1974 1900 ἡμέτερα.

411 1921 594 1974 Ταῦτα
625 1922 722 1991 μὲν
751 1921 862 1989 (52)
888 1921 952 1989 δὴ
981 1919 1224 1973 τοιαῦτα.
1277 1918 1390 1972 Νῦν
1435 1918 1491 1971 δὲ
1537 1919 1629 1971 καὶ
1677 1919 1774 1989 τὴν
1805 1919 1980 1991 λύπην

413 2016 536 2076 ἄνες
565 2014 695 2083 ἡμῖν
739 2011 953 2064 πάντων
996 2006 1158 2062 οὖσαν
1205 2008 1574 2079 ἀλογωτάτην,
1616 2009 1691 2073 ὡς
1746 2011 1979 2079 ἐμαυτὸν

416 2105 583 2159 πείθω
605 2121 618 2136 ·
660 2104 756 2157 καὶ
782 2101 835 2155 εἴ
872 2103 924 2156 τί
959 2119 1039 2155 σοι
1071 2101 1229 2155 πλέον
1275 2101 1439 2164 δοκεῖ,
1485 2101 1857 2172 παράστησον,
1893 2102 1978 2155 ἵνα

419 2197 491 2268 μὴ
537 2195 629 2249 καὶ
674 2194 819 2264 ἡμᾶς
865 2194 924 2246 ὲν
952 2193 1029 2262 τῷ
1069 2191 1222 2263 μέρει
1270 2192 1363 2245 καὶ
1398 2191 1621 2243 σεαυτὸν
1651 2191 1843 2262 λυπῇς,
1889 2193 1982 2245 καὶ

415 2289 648 2358 πρᾶγμα
677 2285 891 2358 πασχῃς
919 2283 1124 2354 σφόδρα
1161 2283 1259 2353 τῆς
1307 2283 1406 2352 σῆς
1441 2283 1719 2351 εὐγενείας
1746 2283 1980 2349 ἀνάξιον,

415 2377 529 2432 ἀντ’
575 2375 748 2430 ἄλλων
794 2374 942 2445 ἡμᾶς
982 2371 1323 2442 αἰτιώμενος,
1368 2372 1492 2433 τοὺς
1537 2370 1688 2423 οὐδὲν
1731 2369 1982 2424 ἀδικοῦν-

417 2483 534 2533 τας,
562 2465 677 2518 ἀλλ’
704 2467 751 2517 εἱ
783 2464 862 2516 δεῖ
888 2463 934 2515 τ’
953 2461 1149 2532 ἀληθὲς
1187 2462 1381 2524 εἰπεῖν,
1403 2460 1469 2514 τά
1507 2460 1596 2513 ἶσα
1623 2461 1986 2532 τυραννηθέν-

418 2575 516 2620 τας
549 2556 654 2610 ὑπὸ
689 2555 798 2609 τῶν
825 2555 1020 2609 κοινῶν
1055 2553 1244 2624 φίλων,
1275 2555 1367 2607 καὶ
1403 2553 1495 2616 οὓς
1528 2553 1718 2623 μόνους
1764 2552 1984 2623 εὐεργέ-

420 2659 519 2705 τας
546 2642 812 2712 ἐνόμιζες.

2075 655 2238 708 etiam
2265 652 2389 711 vitae
2440 667 2565 721 spes
2613 651 2666 706 in
2710 667 2776 708 eo
2822 650 3140 717 deﬁxerant,
3188 668 3424 723 eumque
3469 657 3650 707 solum

2078 743 2422 806 subsidium,
2484 745 2661 796 solmn
2712 741 3090 796 consiliarium
3149 745 3406 812 probum,
3471 746 3648 799 solum

2077 832 2298 903 pictatis
2328 833 2542 888 socium
2586 833 2717 885 mihi
2749 849 2871 887 esse
2898 831 3190 886 ducebam.
3239 834 3300 888 At
3349 851 3499 901 vero,
3527 838 3650 906 qui-

2074 923 2312 997 busnam
2357 922 2519 978 rebus
2551 923 2603 976 in
2637 923 2777 976 hanc.
2808 925 3184 992 conjecturam
3231 925 3560 983 adduceris?
3591 926 3647 981 Si

2079 1016 2294 1086 primis,
2343 1017 2398 1070 in
2445 1024 2682 1070 mentem
2731 1017 2826 1069 tibi
2879 1017 3077 1075 veniat.
3119 1033 3226 1072 me.
3278 1017 3382 1073 hoc
3429 1014 3645 1076 rumore

2079 1107 2483 1177 perturbatum,
2507 1107 2691 1161 dedita
2714 1122 2876 1176 opera
2905 1108 2969 1160 ad
3002 1123 3097 1162 vos
3131 1124 3303 1177 usque
3323 1112 3648 1178 perrexissc,

2080 1202 2245 1264 atque
2286 1201 2343 1246 ιιι
2397 1193 2450 1246 in
2502 1193 2720 1248 consilii
2759 1194 3153 1263 sententiaeque
3203 1196 3518 1251 societatem
3559 1215 3651 1252 vo-

2080 1284 2292 1338 biscum
2329 1284 2567 1337 venirem
2601 1294 2854 1353 prompto
2901 1291 2953 1337 et
2992 1293 3183 1353 parato
3223 1285 3404 1340 animo
3444 1286 3635 1352 fuisse,

2079 1391 2203 1430 cum
2233 1375 2300 1429 de
2332 1375 2418 1428 his
2451 1375 2613 1428 rebus
2641 1373 2981 1429 deliberandi
3017 1383 3232 1445 tempus
3257 1375 3441 1430 adhuc
3482 1387 3599 1433 erat
3631 1398 3645 1433 :

2080 1480 2285 1534 vosque
2331 1463 2397 1518 de
2447 1463 2705 1517 omnibus
2737 1465 2919 1532 potius
2960 1466 3084 1521 aliis
3134 1467 3318 1529 rebus,
3373 1483 3536 1536 quam
3585 1469 3654 1524 de

2081 1553 2203 1619 liae,
2227 1553 2292 1608 ad
2321 1570 2405 1608 me
2437 1555 2713 1615 retulisse,
2748 1554 2863 1608 sive
2886 1553 3033 1622 quod
3056 1556 3242 1609 eadem
3269 1557 3434 1609 animi
3464 1559 3655 1612 anxie-

2081 1653 2193 1699 tate
2227 1645 2552 1714 consiliique
2583 1644 2765 1712 inopia
2811 1645 3154 1708 lahorarctis,
3187 1647 3302 1702 sive
3333 1649 3520 1701 nescio
3545 1665 3651 1718 qua

2081 1736 2186 1788 alia
2233 1750 2399 1806 causa
2447 1735 2616 1789 ducti.
2677 1734 2731 1787 Si
2793 1737 3102 1804 postremis,
3158 1738 3392 1792 maxime
3433 1738 3652 1808 quidem

2083 1826 2227 1879 haud
2262 1826 2477 1880 sinebat
2521 1827 2720 1890 luctus,
2753 1827 2805 1880 in
2848 1843 2956 1896 quo
2993 1842 3166 1892 eram,
3203 1835 3262 1880 ut
3305 1844 3403 1882 vos
3436 1838 3653 1884 rursum

2015 1912 2052 1966 Β
2082 1916 2453 1980 convenirem,
2501 1932 2563 1971 ac
2595 1919 2811 1973 debitus
2846 1919 2983 1987 patri
3022 1918 3216 1980 honor,
3266 1927 3321 1973 et
3360 1920 3654 1989 exsequiae.

2085 2008 2288 2079 quibus
2319 2009 2454 2061 nihil
2485 2011 2767 2080 antiquius
2797 2010 2996 2063 habere
3029 2010 3202 2079 potui,
3237 2012 3537 2081 praesertim
3571 2028 3658 2066 re-

2084 2102 2228 2156 centi
2281 2100 2460 2156 adhuc
2505 2102 2841 2167 calamitate,
2889 2118 3000 2171 quo
3047 2109 3293 2171 tempore
3337 2118 3447 2158 non
3496 2104 3658 2158 modo

2089 2192 2338 2262 impium,
2383 2192 2478 2247 sed
2517 2193 2742 2246 omnino
2779 2193 2943 2246 etiam
2979 2192 3294 2246 indecorum
3325 2203 3428 2259 est,
3460 2194 3662 2249 intem-

2089 2284 2300 2353 pestive
2329 2284 2729 2354 philosophari,
2768 2299 3042 2353 supraque
3077 2285 3369 2338 humanam
3416 2285 3663 2340 imbecil-

2089 2374 2321 2430 litatem.
2362 2373 2569 2430 Deinde
2617 2375 2782 2430 rebus
2826 2375 2960 2444 ipsis
3014 2391 3115 2429 nos
3162 2387 3465 2446 prmventos
3498 2385 3662 2446 atque

2091 2472 2389 2534 occupatos
2429 2464 2962 2533 essejudicavimus,
2991 2466 3193 2536 quippe
3219 2481 3343 2519 eum
3375 2466 3547 2536 ipsius
3575 2481 3664 2522 ros

2089 2567 2213 2606 eum
2240 2552 2352 2622 jam
2381 2553 2539 2607 linem
2576 2553 2862 2616 haberent,
2894 2556 3110 2624 qualem
3156 2557 3204 2609 ei
3237 2555 3412 2610 visum
3447 2556 3660 2618 luisset,

2089 2644 2180 2712 qui
2218 2658 2306 2699 res
2333 2655 2552 2700 nostras
2593 2645 2923 2700 moderatur.
2958 2647 3035 2699 Ac
3057 2646 3123 2700 de
3151 2647 3234 2702 his
3265 2649 3400 2701 satis
3427 2662 3456 2699 a
3490 2648 3648 2702 nobis

423 2739 630 2794 dictum
693 2737 782 2791 sit.
839 2735 996 2790 Nunc
1065 2742 1244 2790 autem
1306 2745 1360 2790 et
1403 2749 1693 2790 mmrorem
1746 2737 2024 2808 animique
2093 2738 2447 2794 olfensionem
2499 2740 2896 2808 iniquissimam
2947 2755 3193 2808 prorsus,
3251 2749 3309 2793 ot
3355 2740 3483 2793 mihi
3539 2755 3665 2808 per-

425 2828 648 2892 suadeo,
689 2835 852 2897 atque
903 2841 935 2881 a
970 2825 1180 2879 ratione
1229 2826 1646 2892 alienissimam,
1693 2828 1850 2883 nobis
1899 2830 2114 2886 remitte
2163 2839 2266 2885 :et
2300 2832 2345 2886 si
2376 2831 2507 2900 quid
2577 2831 2674 2885 tibi
2721 2831 2954 2899 amplius
2990 2831 3220 2892 videtur,
3286 2830 3524 2891 declara,
3590 2844 3658 2883 uc

428 2931 486 2976 tu
546 2937 643 2976 nos
699 2936 916 2990 quoque
956 2918 1199 2974 vicissim
1251 2934 1313 2973 ac
1363 2921 1601 2990 teipsum
1648 2937 1885 2978 man-ore
1923 2922 2148 2990 aliieias,
2219 2940 2442 2994 remque
2489 2924 2657 2979 facias
2723 2925 3008 2979 nobilitate
3065 2933 3155 2978 tua
3201 2940 3460 2994 perquam
3509 2925 3648 2976 indi-

429 3027 608 3082 gnam,
661 3012 893 3065 aiiorum
924 3011 1042 3064 loco
1099 3023 1200 3064 nos
1249 3025 1540 3078 accusans,
1590 3027 1620 3066 a
1655 3013 1858 3082 quibus
1893 3015 1970 3068 nil
2002 3015 2162 3070 laesus
2199 3031 2281 3079 es,
2321 3031 2530 3078 verum,
2582 3017 2627 3070 si
2669 3032 2791 3070 vere
2845 3015 3171 3084 loquendum
3222 3023 3349 3082 est,
3409 3015 3656 3069 eamdem

429 3102 535 3156 vim
562 3117 592 3155 a
631 3103 1014 3157 communibus
1041 3100 1255 3166 amicis,
1288 3117 1541 3172 quosque
1589 3113 1644 3157 tu
1678 3105 1827 3160 solos
1857 3105 1924 3160 de
1949 3113 2001 3162 te
2041 3107 2178 3162 bene
2211 3107 2434 3162 meritos
2464 3107 2837 3161 existiinabas.
2877 3121 3182 3176 perpessos.

463 3257 577 3312 ar.
618 3257 902 3327 ΕΥΣΕΒΙῼ
940 3257 1285 3327 ΕΠῙΣΚΟΠῼ
1323 3257 1782 3310 ΣΑΜΟΣΑΤΕΩΝ
1823 3257 1957 3328 (35).
2104 3258 2184 3330 δε

1944 3296 1957 3311 .
2104 3258 2215 3330 58
2237 3257 2422 3314 LXIV.
2465 3256 2762 3313 EUSEBIO
2800 3255 3278 3312 ὃΔΜΟδΛΤΕΝΞΙ
3318 3255 3665 3312 EPISCOPO.

501 3373 654 3424 Auno
689 3371 793 3424 574
839 3370 1095 3424 Eusebius
1129 3369 1552 3432 Samosatensis,
1591 3370 1813 3423 summis
1838 3369 1901 3422 de
1950 3369 2190 3424 Ecclesia
2235 3372 2436 3424 meritis
2475 3370 2687 3431 clarus,
2738 3370 2790 3422 in
2825 3369 3107 3423 Thracium
3148 3387 3179 3422 a
3240 3368 3450 3422 Valente
3474 3369 3670 3436 relega-

437 3449 518 3494 tus
560 3452 674 3502 est;
713 3457 815 3509 quo
855 3457 970 3492 cum
1017 3449 1243 3510 pergeret
1268 3439 1633 3492 sanctissimus
1667 3440 1970 3510 confessor,
2012 3457 2102 3508 per
2131 3440 2525 3508 Cappadociam
2555 3439 2788 3501 transiit,
2817 3441 3032 3509 ejusque
3062 3439 3339 3510 complerit
3373 3440 3569 3506 potitus
3593 3446 3673 3510 est

434 3511 669 3563 Basilius
703 3507 836 3578 (34).
869 3510 969 3562 Sed
1003 3507 1251 3578 Greqoriu
1279 3510 1622 3578 Nazianzcuo
1651 3509 1832 3561 eadem
1867 3507 2098 3575 felicitas
2133 3507 2451 3578 uouobtigit
2479 3525 2498 3571 ;
2548 3510 2736 3577 quippe
2763 3511 2853 3575 qui
2893 3507 2967 3560 ita
2991 3509 3277 3576 wgretubat
3304 3547 3318 3569 ,
3357 3518 3412 3578 ut
3448 3523 3520 3578 ne
3542 3507 3693 3574 qui-'

432 3581 553 3633 dem
600 3596 664 3634 ex
694 3576 904 3632 aedibus
945 3576 1256 3648 prospicere
1297 3585 1500 3646 posset.
1551 3577 1686 3631 Cum
1727 3579 1890 3648 igitur
1921 3593 2010 3645 per
2046 3581 2284 3631 morbum
2329 3576 2429 3647 ipsi
2460 3576 2567 3632 non,
2596 3578 2827 3630 licuisset
2873 3579 3043 3630 ridere
3081 3589 3325 3648 saucium
3362 3576 3670 3637 Eusebium,

431 3661 704 3718 postquam
751 3649 818 3700 ad
856 3647 1026 3718 locum
1070 3648 1245 3718 exsilii
1299 3649 1705 3718 pervenit,‘has
1739 3647 1807 3699 ad
1838 3663 1957 3699 eum
1992 3650 2204 3716 scripsit
2251 3649 2492 3709 litteras,
2539 3649 2727 3716 quibus
2776 3648 3092 3718 signi/iverit
3124 3647 3391 3718 (lu/orem,
3437 3661 3675 3718 ac_roga-

433 3714 502 3770 ait
530 3714 568 3779 ,⁷
602 3728 694 3779 ut,
748 3717 882 3788 quod
935 3733 1000 3770 ex
1046 3717 1167 3788 ejus
1200 3732 1480 3785 congressu
1521 3715 1596 3788 ad‘
1634 3718 1827 3788 anima:
1870 3714 2107 3788 salutent
2142 3720 2387 3788 consequi
2427 3714 2855 3788 nou—potuerat,
2888 3719 2943 3769 ιιι
2981 3716 3358 3788 εἱίνὶλρνεεὶὁιιιε
3395 3717 3463 3768 ad
3504 3714 3674 3767 Deum

436 3789 707 3841 obtineret.
741 3784 917 3856 Neque
956 3789 1092 3840 enim
1125 3787 1222 3839 viri
1249 3784 1321 3838 tot
1345 3785 1786 3856 persecutiouibus
1813 3803 1908 3854 pro
1940 3786 2219 3856 Evangelia
2243 3784 2452 3854 probati
2482 3789 2654 3840 minus
2691 3785 2937 3856 prodesse
2970 3786 3038 3839 ad
3073 3784 3240 3838 Deum
3288 3801 3490 3856 preces,
3516 3799 3676 3856 quam

437 3858 766 3980 alicujgf‘ex
810 3853 1010 3978 sanctis‘
1052 3856 1374 3925 martyribus
1404 3855 1758 3923 patrocinium
1779 3893 1794 3919 ,
1815 3853 1925 3908 sibi
1961 3853 2309 3924 persuadebat
2338 3857 2650 3927 Theologus.
2694 3854 2824 3908 Ηιιτ
2853 3865 3024 3909 autem
3058 3856 3279 3922 epistola
3313 3864 3427 3922 post
3459 3853 3675 3906 Pascha

437 3943 564 3980 auus
641 3951 654 3978 ι
721 3936 913 3980 scrmta
934 3941 988 3979 es
1018 3964 1031 3977 .

437 3943 564 3980 sum
593 3941 698 3980 «σοι
721 3941 913 3993 scripta
934 3941 1031 3979 est.

509 4019 638 4073 Ὅτε
683 4019 880 4089 παρῄει
935 4035 1025 4070 σου
1076 4019 1110 4088 ὴ
1163 4016 1440 4070 θεοσέϐεια
1469 4017 1556 4069 διὰ
1601 4018 1702 4087 τῆς
1751 4019 2006 4090 πατρίδος
2035 4038 2075 4093 C
2179 4021 2230 4088 Ql

1955 4036 2075 4093 οςο
2179 4021 2296 4088 Quo
2359 4029 2600 4090 tempore
2653 4020 2826 4090 pictas
2881 4027 2972 4074 tua
3024 4034 3120 4088 per
3165 4019 3395 4089 patriam
3433 4023 3676 4071 nostram

440 4112 613 4182 ἡμῶν,
645 4109 765 4162 οὔτε
798 4108 1066 4179 δωματίου
1116 4107 1226 4178 (55)
1259 4108 1533 4177 προκύψαι
1586 4103 1697 4171 οἷός
1740 4126 1798 4161 τε
1832 4111 2001 4179 ἥμην.

440 4207 498 4257 ἐν
532 4205 732 4276 ἐσχάτῃ
761 4201 1035 4274 ἀρρωστία
1086 4201 1304 4268 διάγων.
1362 4200 1579 4253 Ἐλύπει
1628 4200 1684 4252 δέ
1735 4219 1802 4272 με
1831 4203 1890 4254 οὐ
1920 4220 2007 4255 το-

443 4294 631 4349 σοῦτον
667 4296 701 4362 ἡ
731 4293 884 4355 νόσος
931 4293 1021 4345 τὸν
1067 4291 1339 4363 περὶτῶν
1387 4293 1632 4361 ἐσχάτων
1684 4291 1846 4360 φόϐον
1895 4293 2008 4347 ἐπ-

439 4388 646 4455 άγουσα
677 4384 811 4453 (56),
843 4385 955 4437 ἀλλ’
990 4386 1072 4436 ὅτι
1096 4384 1196 4454 τῆς
1225 4385 1374 4452 ἱερᾶς
1399 4400 1493 4436 σου
1526 4384 1620 4436 καί
1648 4384 1857 4454 ἀγαθῆς
1887 4402 2007 4438 συν-

445 4478 632 4546 τυχίας
675 4475 1108 4546 ἀπεστερούμην.
1159 4475 1440 4544 Τοσαύτην
1484 4474 1591 4544 ἔχω
1629 4475 1757 4544 περὶ
1789 4475 1849 4527 τὺ
1883 4474 2009 4528 ἰδεῖν

450 4585 540 4620 σου
569 4568 629 4620 τὸ
657 4568 831 4638 τίμιον
849 4567 1135 4639 πρόσωπον
1157 4565 1467 4638 ἐπιθυμίαν,
1486 4567 1616 4636 ὅσην
1644 4567 1789 4628 είκὺς
1807 4561 1874 4636 ἦν
1895 4565 2006 4634 (⁵57)

447 4659 535 4712 τὸν
567 4659 833 4728 χρῄζοντα
878 4659 977 4728 μὲν
1017 4657 1310 4728 θεραπείας
1347 4657 1454 4711 τῶν
1491 4657 1736 4726 ψυχικῶν
1763 4657 2012 4727 τραυμά-

447 4766 572 4815 των,
606 4748 807 4816 ταύτην
833 4748 892 4800 δὲ
936 4748 1087 4818 παρὰ
1119 4749 1214 4817 τῆς
1249 4748 1349 4817 σῆς
1379 4747 1710 4816 τελειότητος
1751 4747 1892 4810 ἕξειν
1926 4746 2011 4798 ἐλ-

452 4840 692 4902 πίζοντα.
739 4838 875 4890 ’Λλλ’
906 4838 953 4890 εί
989 4837 1081 4890 καὶ
1114 4837 1221 4888 τῶν
1261 4837 1543 4906 ἁμαρτιῶν
1577 4835 1685 4888 τῶν
1732 4837 1881 4905 ἐμῶν
1914 4835 2009 4904 γέ-

522 4974 633 5042 (27)
679 4973 1086 5042 Ἐνθυμήοητι.
1138 4972 1215 5026 Ita
1270 4972 1416 5038 Par.,
1447 4981 1499 5026 et
1541 4973 1621 5026 sic
1673 4971 1843 5026 reddit
1889 4971 2008 5024 Bill.

456 5045 596 5097 I'ldit.
630 5041 755 5095 εὕθυ
765 5041 981 5112 μήθητι.

526 5113 634 5175 (28)
670 5108 916 5176 Τιιύτιινζ
951 5113 1024 5165 Ita
1055 5113 1181 5181 legit
1203 5109 1444 5181 Combel'.
1479 5108 1619 5163 Edit.
1656 5110 1877 5180 ταύτης.

525 5183 638 5301 £29)
681 5184 800 5233 Οὐκ
839 5182 1052 5246 ἀσεϐὲς
1070 5179 1281 5250 μϋνον.
1316 5179 1493 5232 Malim
1527 5181 1586 5231 οὐ
1621 5182 1776 5250 μόνον
1803 5179 1902 5232 οὐκ
1931 5181 2019 5232 εὐ-

559 5252 635 5301 ἐε.
670 5267 769 5301 non
803 5254 954 5301 modo
989 5268 1088 5301 non
1137 5252 1303 5301 nium.
1339 5249 1427 5301 sed
1462 5249 1620 5301 etiam
1671 5264 1887 5301 prorsus
1940 5250 2019 5301 iu-

461 5249 635 5312 σεεές,
670 5267 769 5302 nou
803 5254 954 5303 modo
989 5249 1088 5304 non
1137 5252 1303 5318 pium,
1339 5249 1427 5302 sed
1462 5249 1620 5301 etiam
1670 5264 1887 5316 prorsus
1940 5250 2019 5301 iu-

458 5323 722 5373 decorum.

529 5391 638 5457 (30)
681 5387 830 5440 οὐδὲ
876 5387 1047 5453 ὅλως.
1092 5389 1169 5442 Ita
1209 5388 1330 5442 cod.
1386 5386 1508 5457 Reg)
1571 5395 1621 5439 et
1672 5387 1919 5442 Combel’.
1961 5386 2017 5440 ln
2052 5381 2094 5435 D

461 5459 589 5512 cdit.
628 5458 752 5528 οὑδέ
777 5458 966 5528 άλλως,
1003 5459 1144 5528 quod
1168 5457 1320 5528 Βίης,
1345 5459 1432 5510 sed
1457 5456 1652 5528 alioqui
1684 5457 2008 5528 indecorum.

534 5531 642 5598 (5|)
676 5527 863 5598 Πέρας
893 5526 1032 5598 ἦδηξ
1074 5529 1148 5581 Ita
1191 5526 1346 5580 codd.
1380 5526 1549 5579 nostri
1588 5535 1641 5578 et
1671 5526 1915 5581 Combel'.
1958 5527 2016 5579 lu

462 5597 591 5651 cdit.
619 5597 788 5666 πέρας
814 5597 869 5648 δὲ
900 5597 1018 5666 ήδη.

535 5668 642 5734 ιόἳ)
687 5665 873 5718 Ταῦτα
897 5665 1022 5734 μέν.
1057 5665 1131 5719 Ita
1156 5665 1339 5720 iidem.
1368 5665 1423 5718 In
1445 5665 1573 5719 edit.
1602 5665 1668 5716 τά
1706 5665 1822 5733 μέν.

534 5733 642 5805 (35)
683 5736 830 5805 Alias
872 5733 1098 5792 XXVIII.
1147 5735 1357 5805 Scripta
1393 5751 1535 5788 anno
1581 5735 1703 5788 5H.
1734 5737 2014 5805 "ul-Iberi:-

467 5803 584 5870 ε’φ.
623 5805 718 5858 llic
753 5804 1016 5860 Eusebius
1047 5803 1360 5860 orthodox-ai
1389 5805 1507 5860 lidci
1541 5819 1704 5858 causa
1733 5819 1762 5856 a
1796 5803 2016 5859 Valente

2107 4110 2394 4174 transibat,
2442 4110 2578 4164 adeo
2626 4109 2777 4179 gravi
2815 4109 3006 4162 morbo
3034 4109 3372 4172 laborabam,
3429 4115 3487 4160 ut
3535 4121 3603 4160 ne
3647 4120 3681 4158 e

2106 4199 2357 4252 cubiculo
2387 4198 2604 4267 quidem
2641 4198 2955 4268 prospicere
2993 4211 3233 4265 possem.
3266 4195 3346 4249 Me
3374 4208 3539 4263 porro
3569 4207 3680 4246 non

2107 4297 2217 4342 tam
2272 4290 2517 4351 morbus,
2578 4288 2828 4355 quamvis
2885 4288 3086 4356 alioqui
3141 4285 3680 4356 periculosissimus,

2105 4379 2477 4444 excruciabat,
2505 4395 2672 4448 quam
2709 4380 2854 4448 quod
2895 4380 3076 4433 fausto
3108 4387 3158 4432 et
3203 4387 3554 4432 sacrosancto
3586 4385 3681 4429 tuo

2109 4482 2405 4538 congressu
2456 4468 2727 4536 privabar.
2790 4466 2966 4520 Tanta
3026 4469 3229 4536 quippe
3283 4466 3469 4518 vultus
3523 4463 3682 4518 istius

2111 4557 2447 4612 honorabilis
2494 4557 2708 4611 videndi
2743 4556 3044 4626 cupiditate
3078 4565 3286 4617 teneor,
3316 4560 3524 4622 quanta
3555 4567 3679 4605 eum

2112 4650 2283 4704 teneri
2323 4665 2420 4718 par
2440 4657 2542 4714 est,
2571 4652 2664 4718 qui
2704 4648 3032 4717 spiritalium
3069 4645 3350 4700 vulnerum
3391 4643 3680 4698 curatione

2113 4738 2338 4809 indiget,
2367 4754 2596 4807 eamque
2626 4755 2654 4791 a
2681 4738 2998 4808 prastantia
3037 4745 3131 4791 tua
3165 4752 3223 4791 se
3246 4741 3676 4790 consecuturum

2115 4837 2318 4900 Sperat.
2351 4828 2465 4882 Etsi
2500 4840 2679 4884 autem
2718 4829 2821 4882 hoc
2846 4829 3086 4898 peccatis
3127 4820 3268 4883 meis
3296 4825 3680 4880 ascribendum

2117 4969 2357 5022 Ecclesia
2389 4975 2604 5038 pulsus,
2625 4974 2680 5018 et
2708 4967 2761 5019 in
2790 4963 3091 5038 Thraciam
3106 4963 3170 5038 d_e

2120 5038 2336 5091 Valente
2367 5032 2434 5090 a'b
2454 5037 2648 5089 exsilio
2673 5050 2947 5097 reversus,
2977 5032 3214 5086 Dolichaz
3240 5033 3308 5084 ab
3330 5032 3528 5083 Ariana
3548 5044 3686 5098 qua-

2117 5109 2239 5160 dam
2271 5107 2610 5169 muliercula,
2648 5107 2838 5173 tegula:
2877 5105 2987 5156 ictu
3021 5109 3248 5156 necatus
3271 5110 3374 5162 est,
3416 5097 3687 5173 vindicta-

2119 5192 2221 5244 qne
2240 5177 2430 5229 amicis
2461 5166 2761 5244 interdixit,
2787 5172 3244 5244 quemadmodum
3255 5178 3498 5244 testatur
3516 5166 3688 5244 Theo-

2120 5235 2341 5299 doretus
2373 5247 2465 5298 lib.
2493 5262 2545 5302 ν.
2575 5260 2693 5311 cap.
2716 5243 2768 5307 4,
2791 5235 2843 5297 ét
2871 5241 3210 5310 Nic-ephorus
3235 5241 3326 5311 lib.
3362 5253 3460 5300 xu,
3485 5252 3605 5306 cap.
3631 5235 3686 5288 5.

2193 5316 2304 5381 (δι)
2338 5313 2607 5366 'Fl:eodor.
2647 5310 2795 5366 'llist.
2829 5313 2922 5366 lib.
2969 5328 3041 5373 iv,
3067 5326 3199 5381 cap.
3238 5310 3321 5381 Ψ.

2195 5376 2308 5448 (55)
2353 5383 2499 5435 οὔτε
2527 5382 2840 5451 δωματίου.
2867 5381 3035 5435 Codd.
3065 5376 3223 5449 Reg”
3255 5377 3407 5432 Pass.
3443 5385 3497 5429 et
3524 5376 3688 5429 Com-

2121 5454 2224 5509 bcf.
2261 5452 2382 5505 οὔτε
2423 5451 2519 5502 τοῦ
2547 5451 2838 5521 δωματίου.

2192 5521 2448 5594 (ὗϐλτὸν
2480 5513 2765 5594 περιιὼν
2813 5518 3088 5594 ἐσχάτων
3119 5518 3305 5586 φόϐον
3357 5513 3687 5594 ἐπάγουσα,

2122 5589 2360 5663 quamvis
2399 5593 2612 5663 alioqui
2649 5591 2791 5663 liora:
2844 5589 3138 5663 nouissimw
3169 5597 3366 5663 Luctum
3409 5589 3685 5663 incutiens.

2193 5663 2304 5731 (37)
2341 5651 2648 5726 HINC-Tir.
2692 5659 2766 5714 Ita
2796 5659 2954 5715 codd.
2989 5657 3142 5730 lb~g.,
3167 5656 3320 5714 Pass.
3350 5663 3403 5710 ct
3441 5651 3687 5707 Combet‘.

2123 5733 2176 5787 lu
2203 5734 2332 5786 edit.
2371 5732 2522 5794 εἰκὸς
2555 5732 2712 5798 ἔχειν.

3177 4970 3440 5031 portatus,
3469 4967 3687 5013 ιιιοΐῑιιο
