4358 6480
385 454 491 511 M5

1716 451 2052 509 EPISTOLA
2087 453 2341 510 ωιχνιι.

3521 450 3626 508 NO

383 570 542 634 τάκις
570 569 710 622 έπτά
762 568 1129 638 προστίθεται.
1172 568 1238 619 Τί
1279 567 1335 620 δὲ
1386 570 1415 620 ό
1455 567 1855 638 χρεωφειλέτης
1895 569 1953 620 ὲν
1984 578 2029 631 Α

2061 584 2236 623 annon
2295 578 2355 623 ut
2403 580 2718 639 prmparcus
2768 580 2834 620 ac
2864 567 3028 621 nimis
3058 565 3345 621 rosu'ictus
3370 565 3627 620 notatur?

384 663 497 723 τοῖς
546 659 916 727 Εὑαγγελίοις,
962 659 991 710 ὁ
1033 657 1107 727 μὴ
1141 659 1499 726 συγχωρήσας
1536 656 1572 709 ἃ
1615 657 1955 728 συγκεχώρη.

382 767 503 815 ταις
537 750 599 803 οὑ
634 749 955 819 πικρότερον
979 748 1067 800 διὰ
1097 747 1256 799 τοῦτο
1289 748 1705 816 είσπράττεταις

2061 660 2374 731 septenario
2400 661 2544 715 enim
2568 660 2878 730 septuagies
2902 657 3103 726 septies
3125 657 3458 727 adjicitur“.
3483 654 3625 723 Quid

2058 750 2273 806 debitor
2308 753 2434 817 ille,
2476 752 2543 805 de
2568 768 2677 821 quo
2715 751 2769 805 in
2810 749 3118 819 Evangeliis
3166 751 3367 803 mentio
3411 750 3502 812 fit,
3528 750 3625 819 qui

384 842 569 895 eadem
594 878 608 904 ,
637 856 757 910 qua:
786 840 888 895 sibi
923 840 1150 894 remissa
1185 838 1420 907 fuerant,
1453 839 1676 894 minime
1710 840 2027 895 remisit“?
2062 857 2246 897 annon
2290 860 2355 899 co
2405 844 2628 899 nomine
2675 844 2927 898 acerbius
2981 843 3052 896 ab
3095 855 3161 897 eo
3185 839 3426 896 debitum
3470 856 3626 912 repe-

382 931 547 984 titur?

455 1039 520 1093 Τί
570 1039 627 1094 δὲ
675 1041 708 1110 ή
753 1039 996 1105 τύπωσις
1046 1042 1145 1112 τῆς
1198 1043 1364 1114 εὑχῆς
1403 1044 1555 1112 (36);
1609 1042 1710 1095 οὑκ
1758 1043 1951 1111 ἀφέσει

386 1128 633 1199 βούλεται
705 1131 805 1199 τὴν
872 1130 1066 1198 ἄφεσιν
1131 1132 1647 1203 πραγματεύεσθαι;
1703 1131 1951 1185 Τοσαῦτα

383 1223 596 1292 ἔχοντες
625 1224 1030 1295 ὑποδείγματα,
1066 1224 1436 1295 μιμησὼμεθα
1473 1224 1609 1277 Θεοῦ
1656 1224 1955 1293 φιλανθρω⁴

384 1314 533 1375 πίαν,
564 1315 657 1366 καὶ
694 1315 767 1385 μὴ
815 1314 1163 1385 βουληθῶμεν
1198 1316 1291 1384 ἀφ’
1332 1317 1488 1386 ἡμῶν
1518 1317 1709 1387 μαθεῖν
1750 1316 1949 1380 αὑτῶν,

382 1407 506 1458 ὅσον
564 1405 676 1475 (57)
731 1407 901 1459 κακὸν
959 1407 1231 1477 ἁμαρτίας
1273 1407 1558 1471 ἀντίδοσις.
1618 1408 1779 1478 Ὁρᾷς
1828 1408 1954 1459 ἀκο-

384 1495 600 1549 λουθίαν
645 1496 1032 1567 χρηστότητος.
1069 1496 1369 1567 Νομοθετεῖ
1406 1499 1649 1568 πρῶτον,
1686 1495 1805 1550 εἶτα
1845 1498 1952 1549 δια-

383 1586 663 1640 κελεύεται
691 1589 824 1655 (38),
857 1589 1218 1658 ὑπισχνεῖται,
1249 1590 1479 1653 ἀπειλεῖ,
1514 1589 1782 1651 ὀνειδίζει,
1847 1590 1949 1639 ἑπ-

382 1678 740 1744 ανατείνεται,
773 1680 1239 1748 κατέχει-’ἀπειλεῖ
1278 1680 1438 1733 πάλιν
1461 1696 1473 1710 ·
1508 1682 1634 1733 ὅταν
1663 1679 1947 1748 ὲκϐιασθῇ,

383 1770 596 1839 πληγὴν
618 1771 813 1837 ἐπάγει
836 1771 967 1839 (59),
1002 1771 1094 1822 καὶ
1125 1770 1330 1840 ταύτην
1356 1769 1495 1822 κατὰ
1521 1770 1735 1840 μικρὸν,
1766 1767 1947 1839 χώραν

386 1862 692 1929 ὑπανοίγων
738 1863 859 1923 ταῖς
904 1860 1239 1931 διορθώσεσι.
1274 1860 1365 1929 Μὴ
1410 1860 1587 1912 τοίνυν
1638 1858 1774 1929 μηδὲ
1820 1858 1959 1928 πλή-
1989 1892 2029 1945 Β

385 1952 562 2023 ξωμεν
590 1953 800 2025 ἀθρόως
822 1952 933 2021 (40)
958 1952 1050 2021 (οὑ
1081 1952 1189 2021 γὰρ
1218 1951 1513 2019 ἀσφαλὲς),
1542 1949 1677 2003 ἀλλά
1700 1950 1781 2019 τῷ
1804 1949 1952 2017 φόϐῳ

385 2045 847 2113 σωφρονίσαντες,
896 2048 961 2115 τῇ
1026 2044 1402 2115 φιλανθρωπίᾳ
1461 2044 1807 2113 νικήσωμεν,
1859 2044 1955 2096 καὶ

383 2133 634 2203 λάϐωμεν
685 2136 983 2206 ὑποχρέους
1027 2136 1137 2206 (41)
1198 2135 1484 2197 εὐλαϐείας
1548 2135 1626 2199 τῷ
1694 2133 1953 2186 συνειδότι

384 2225 575 2287 πλέον,
633 2225 665 2295 ἢ
722 2230 788 2296 τῇ
841 2228 977 2297 ὀργῇ
1025 2227 1431 2296 βασανίσαντες.
1490 2226 1580 2294 Μὴ
1634 2224 1969 2294 ξηράνωμεν

387 2315 556 2384 συκῆν
588 2315 667 2368 ἔτι
696 2321 1065 2388 καρποφορεῖν
1098 2318 1423 2387 δυναμένην,
1462 2317 1537 2386 μὴ
1570 2316 1645 2378 ὡς
1678 2315 1952 2385 ἀχρήστου

386 2406 760 2476 καταγνῶμεν,
802 2407 895 2460 καὶ
932 2407 1311 2478 καταργούσης
1347 2407 1437 2459 τὸν
1469 2406 1650 2465 τόπον,
1691 2407 1757 2474 ἢν
1792 2406 1954 2476 θερα-

387 2496 576 2549 πεύσει
617 2497 775 2567 τυχὸν
802 2498 1050 2568 τεχνίτου
1073 2498 1319 2569 γεωργοῦ
1360 2496 1663 2569 προστασία
1692 2497 1786 2548 καὶ
1831 2498 1953 2549 ἐπι-

391 2589 574 2657 μέλεια
618 2590 765 2659 Μηδὲ
795 2590 1059 2643 τοσοῦτον.
1079 2590 1235 2658 ἔργον
1276 2590 1370 2641 καὶ
1422 2588 1738 2658 περιϐόητον
1763 2588 1828 2639 δι’
1859 2591 1957 2639 έπ-

388 2682 576 2749 ήρειαν
601 2680 712 2749 (42)
752 2680 880 2744 ἴσως
922 2680 1015 2733 τοῦ
1051 2680 1286 2750 πονηροῦ
1322 2679 1415 2732 καὶ
1448 2678 1669 2748 φθόνον,
1693 2678 1865 2740 οὑτως
1898 2679 1956 2729 ὲν

391 2773 580 2841 βραχεῖ
599 2771 1009 2841 καταλύσωμεν,
1042 2770 1175 2824 ἀλλά
1206 2770 1554 2840 βουληθῶμεν
1583 2768 1955 2839 φιλάνθρωποι

388 2860 618 2929 φανῆναι
673 2860 871 2929 μᾶλλον
920 2861 954 2931 ἢ
1007 2860 1238 2923 ὲντελεῖς
1281 2861 1430 2927 (45),
1481 2860 1575 2912 καὶ
1627 2859 1955 2927 φιλόπτωχοι

390 2950 569 3012 πλέον,
599 2950 631 3020 ἤ
664 2951 984 3020 φιλοδίκαιοι
1002 2970 1016 2981 ·
1063 2951 1195 3021 μηδὲ
1222 2950 1330 3003 τῶν
1372 2951 1780 3003 ὑπεκκαιόντων
1808 2952 1960 3020 ἡμᾶς

389 3042 467 3103 είς
489 3040 647 3093 τοῦτο
690 3041 869 3104 πλέον,
909 3042 943 3110 ἢ
976 3040 1085 3093 τῶν
1115 3041 1449 3111 κατεχόντων
1482 3040 1832 3110 ἀνεχὼμεθα·
1864 3041 1958 3092 καὶ

388 3130 446 3181 τὺ
476 3129 720 3199 αίσχρδν,
741 3131 788 3182 εί
822 3132 895 3201 μή
930 3148 981 3183 τι
1011 3130 1157 3192 ἄλλο,
1190 3130 1600 3199 ἐνθυμηθέντες,
1632 3132 1680 3182 εί
1708 3130 1958 3199 δόξαιμεν

2127 1035 2369 1105 Denique
2398 1050 2580 1089 annon
2620 1036 2714 1090 illa
2770 1035 3101 1106 precationis
3155 1036 3328 1092 forma
3359 1041 3464 1095 huc
3500 1056 3626 1111 spe-

2050 1135 2183 1188 ctat,
2211 1133 2270 1178 ut
2302 1125 2518 1179 veniam
2538 1126 2692 1181 nobis
2716 1127 2874 1180 venia
2901 1130 3325 1195 comparemus?
3352 1131 3465 1201 68
3487 1131 3626 1189 Cum

2059 1218 2229 1285 igitur
2254 1225 2335 1270 tot
2356 1217 2606 1285 exempla
2650 1217 2806 1271 nobis
2845 1227 3046 1286 prmsto
3076 1219 3207 1283 sint,
3251 1217 3344 1274 Dei
3376 1222 3626 1292 benigni-

2051 1317 2216 1361 tatem
2254 1324 2316 1363 ac
2351 1307 2666 1361 facilitatem
2717 1309 3017 1372 imitemur,
3062 1324 3164 1363 nec
3198 1318 3464 1379 quantum
3496 1313 3626 1369 mall

2056 1401 2111 1453 in
2165 1401 2375 1469 peccati
2410 1401 2620 1454 ultione
2668 1402 2903 1469 positum
2948 1402 3038 1467 sit,
3076 1418 3141 1457 ex
3168 1404 3328 1458 nobis
3360 1403 3493 1475 ipsis
3540 1406 3624 1459 di-

2060 1506 2213 1545 scere
2252 1491 2306 1544 in
2359 1491 2598 1543 animum
2643 1491 2986 1547 inducamus.
3035 1492 3387 1564 Beuignitatis
3427 1497 3623 1551 seriem

2058 1582 2229 1635 vides.
2272 1580 2513 1635 Primum
2558 1583 2726 1651 legem
2759 1583 2952 1645 sancit,
2981 1584 3175 1640 deinde
3201 1586 3375 1655 jubet,
3407 1588 3627 1656 pollice-

2058 1678 2148 1724 tur
2174 1710 2189 1734 ,
2234 1673 2474 1723 minatur
2495 1710 2511 1735 ,
2549 1673 2825 1741 increpat,
2854 1687 3045 1741 pmnas
3079 1674 3332 1739 intendit,
3374 1679 3622 1743 cohibet;

2057 1763 2297 1817 minatur
2334 1779 2589 1829 rursum;
2641 1779 2763 1817 cum
2798 1766 3028 1819 adactus
3072 1767 3256 1832 fuerit,
3285 1771 3494 1838 plagam
3540 1771 3627 1824 in-

2058 1853 2199 1919 fert,
2252 1855 2415 1925 idque
2466 1856 2761 1925 paulatim,
2812 1858 2957 1910 viain
3019 1858 3227 1914 scilicet
3255 1861 3625 1916 emendationi

2056 1946 2329 2013 aperiens.
2359 1944 2725 2010 Quamobrem
2772 1962 2873 2002 nos
2915 1963 3133 2017 quoque
3158 1964 3378 2018 operam
3409 1950 3625 2017 demus,

2054 2051 2123 2089 ne
2157 2046 2375 2106 repente
2418 2036 2677 2091 feriamus
2740 2038 2938 2108 {ireque
2986 2040 3131 2093 enim
3166 2040 3226 2093 id
3257 2049 3433 2094 tutum
3468 2048 3576 2113 est)
3606 2082 3623 2106 ,

2054 2143 2241 2181 verum
2288 2137 2346 2182 ut
2387 2143 2483 2183 eos
2522 2143 2550 2181 a
2584 2129 2784 2197 quibus
2823 2129 2936 2183 iresi
2965 2145 3179 2195 sumus,
3215 2139 3360 2185 metu
3390 2134 3628 2202 castiga-

2054 2226 2160 2282 tos,
2197 2218 2530 2289 benignitate
2562 2233 2906 2287 superemus,
2954 2230 3118 2289 atque
3152 2220 3218 2273 ad
3242 2222 3627 2275 verecundiam

2054 2319 2107 2363 et
2131 2309 2490 2363 reverentiam
2522 2310 2916 2379 astringamus,
2950 2312 3040 2379 q-ui
3076 2312 3415 2366 conscientia
3443 2313 3627 2382 potius

2054 2416 2215 2469 quam
2268 2401 2555 2455 iracundia
2593 2410 2969 2471 torqueantur.
3009 2402 3088 2457 Ne
3143 2405 3425 2457 liculneam
3449 2443 3465 2468 ,
3505 2420 3627 2473 qua:

2057 2492 2268 2544 fructus
2289 2490 2465 2544 adhuc
2499 2489 2641 2545 ferre
2672 2502 2857 2561 queat,
2892 2491 3143 2546 siccitate
3174 2493 3499 2556 afficiamus.
3535 2510 3626 2557 ne,

2057 2592 2116 2636 ut
2160 2583 2405 2637 inutilem
2445 2592 2498 2638 et
2528 2584 2795 2637 inutiliter
2826 2584 3017 2637 locum
3046 2594 3429 2655 occupantem,
3465 2586 3625 2641 dam-
3711 2583 3727 2589 ”

2058 2689 2273 2739 nemus,
2335 2674 2425 2728 cui
2490 2674 2750 2728 industrii
2790 2675 3045 2744 agricola;
3070 2691 3204 2730 cura
3260 2686 3317 2731 et
3346 2678 3626 2747 diligentia

2059 2764 2292 2819 fortasse
2346 2764 2654 2818 medebitur
2680 2765 2748 2819 ³⁸.
2796 2763 2907 2819 Nec
2949 2774 3160 2819 tantum
3200 2775 3365 2837 atque
3413 2769 3629 2823 celebre

2058 2871 2195 2923 opus
2230 2856 2301 2909 ob
2331 2855 2533 2909 diaboli
2585 2855 2819 2912 fortasse
2851 2857 3257 2927 improbitatem
3299 2868 3462 2929 atque
3488 2860 3629 2914 invi-

2058 2945 2202 2999 diam
2230 2954 2338 2999 tam
2376 2946 2486 3000 cito
2525 2947 2826 3002 deleamus.
2872 2946 3014 3013 Quin
3064 2950 3247 3018 potius
3280 2952 3521 3004 animum
3553 2952 3629 3004 ita

2058 3051 2480 3105 comparemus,
2544 3045 2601 3090 ut
2655 3038 2923 3108 benignos
2968 3040 3151 3107 potius
3188 3056 3349 3109 quam
3389 3056 3628 3105 severos,
3698 3026 3708 3037 ’

2060 3134 2115 3179 et
2170 3142 2469 3196 pauperum
2528 3128 2710 3196 potius
2766 3144 2930 3198 quam
2987 3131 3163 3184 exacti
3206 3131 3348 3198 juris
3384 3141 3631 3186 amantes

389 3220 524 3288 πρὸς
563 3221 811 3289 πτωχοὺς
831 3219 1219 3287 ἀγωνίζεσθαι,
1247 3220 1295 3271 οἳ
1342 3219 1505 3272 τοῦτο
1543 3220 1686 3289 μέγα
1735 3219 1956 3270 πλεονε-
1985 3242 2029 3299 C

2064 3231 2163 3269 nos
2204 3218 2573 3285 praebeamus;
2625 3233 2726 3273 nec
2762 3234 2950 3273 eorum
2996 3222 3179 3289 potius
3208 3223 3301 3290 qui
3348 3238 3450 3276 nos
3476 3223 3542 3275 ad
3577 3222 3631 3275 id

388 3311 596 3373 κτοῦσι,
618 3310 699 3372 τὸ,
725 3311 829 3363 κᾶν
850 3310 1095 3373 ἀδικῶσι,
1127 3309 1391 3363 ἐλεεῖσθαι
1417 3310 1505 3363 διὰ
1524 3309 1623 3379 τὴν
1649 3309 1952 3379 συμφοράν.

390 3400 502 3453 Νῦν
526 3401 639 3454 οἴου
668 3401 872 3463 πάντας
916 3401 1012 3471 μέν
1056 3417 1138 3452 σοι
1193 3400 1558 3469 προσπίπτειν
1605 3398 1853 3467 πτωχούς
1895 3415 1954 3450 τε

391 3492 482 3543 καὶ
513 3492 948 3560 πτωχοτρόφους,
992 3490 1201 3552 πάντας
1226 3490 1281 3541 δὲ
1332 3489 1598 3558 μοναστάς
1636 3488 1728 3539 καὶ
1763 3486 1957 3556 παρθέ-

390 3598 512 3643 νους
550 3582 689 3652 ὑπὲρ
732 3580 909 3634 αὑτῶν
945 3579 1299 3641 ἱκετεύοντας.
1338 3579 1435 3641 Δὸς
1474 3581 1587 3639 τοῖς
1623 3579 1788 3630 πᾶσιν
1836 3578 1956 3630 ἀντὶ

390 3672 594 3724 τούτων
621 3674 720 3743 τὴν
748 3673 904 3741 χάριν
940 3671 1158 3741 (ἐπειδὴ
1184 3672 1278 3722 καὶ
1311 3668 1703 3739 συνετρίϐησαν
1734 3668 1953 3729 ἱκανῶς,

389 3764 463 3825 ὼς
492 3764 649 3834 δῆλον
687 3765 744 3828 ἐξ
778 3757 852 3816 ὦν
886 3764 1041 3833 ἡμῶν
1080 3762 1428 3831 ἐδεήθησαν),
1469 3761 1564 3814 καὶ
1597 3761 1704 3829 πρὸ
1741 3762 1958 3812 πάντων

391 3858 523 3924 ἡμῖν
568 3857 680 3916 τοῖς
730 3855 868 3925 ὑπὲρ
933 3854 1127 3908 αὑτῶν
1160 3852 1572 3922 πρεσϐεύουσιν.
1620 3849 1727 3911 Οὓς
1780 3849 1832 3902 εί
1877 3866 1959 3901 σοι

391 3946 563 3998 δεινὸν
608 3941 748 3999 εἶναι
790 3945 1037 4014 φαίνεται
1079 3945 1144 3997 τὸ
1190 3943 1317 4014 παρ’
1350 3942 1529 3997 αὑτῶν
1571 3940 1956 4011 ἀτιμασθῆναι,

393 4035 573 4105 πολλῷ
594 4037 828 4105 φανείτω
853 4036 1149 4105 δεινότερον
1176 4035 1235 4086 τό
1265 4051 1345 4086 σοι
1370 4031 1763 4103 παραινοῦντας
1790 4029 1962 4082 ταῦτα

398 4128 470 4197 μὴ
505 4127 858 4195 ἀκουσθῆναι.
890 4126 980 4197 Τῷ
1018 4128 1074 4180 δὲ
1122 4125 1271 4194 καλῷ
1305 4124 1500 4194 Παύλῳ
1532 4121 1641 4194 (44)
1674 4123 1959 4191 συγχωρή-

396 4232 539 4268 σειεν
567 4217 594 4267 ό
622 4216 775 4279 Θεὸς,
800 4216 835 4269 ἃ
875 4218 955 4278 είς
981 4218 1130 4286 ἡμᾶς
1164 4215 1467 4285 ἐξύϐρισεν.

2064 3308 2437 3371 inﬂammant,
2488 3324 2650 3377 quam
2693 3310 2787 3377 qui
2843 3311 3103 3375 retinent,
3133 3313 3395 3366 rationem
3427 3312 3619 3367 hahea-

2062 3414 2209 3451 mus.
2272 3398 2330 3451 ln
2373 3414 2484 3467 quo
2525 3397 2659 3454 illud
2701 3414 2941 3469 quoque,
2983 3401 3030 3456 si
3070 3402 3206 3455 nihil
3254 3402 3420 3467 aliud,
3469 3402 3632 3457 nobis

2060 3490 2518 3543 considerandum
2546 3500 2651 3553 est,
2678 3491 2939 3545 nimirum
2969 3502 3127 3561 turpe
3155 3507 3219 3546 ac
3260 3493 3463 3546 foedum
3486 3508 3640 3567 esse,

2043 3579 2105 3631 .si
2140 3593 2263 3631 cum
2307 3580 2643 3648 pauperibus
2693 3590 3015 3637 concertare
3039 3584 3362 3650 videamur;
3395 3584 3487 3651 qui
3530 3585 3634 3639 hoc

2064 3670 2316 3733 nomine,
2357 3681 2411 3723 et
2448 3670 2669 3738 quidem
2713 3687 2947 3741 magno,
2994 3675 3277 3744 superiore
3318 3676 3634 3730 conditione

2064 3769 2212 3822 sunt,
2249 3760 2419 3829 quod,
2454 3762 2672 3815 etiamsi
2714 3763 2919 3832 alioqui
2970 3765 3227 3833 injuriain
3270 3766 3528 3828 inferant,
3561 3767 3633 3819 ob

2063 3850 2431 3903 calamitatem
2467 3858 2648 3905 tamen
2688 3851 3006 3909 hominibus
3038 3855 3474 3909 misericordiam
3515 3870 3628 3908 mo-

2064 3946 2212 3992 vent.
2254 3938 2361 3993 Fac
2390 3955 2535 3995 nunc
2573 3948 2732 4009 putes
2772 3957 2964 3998 omnes
2995 3960 3285 4013 pauperes,
3314 3960 3379 3999 ac
3430 3961 3635 4015 paupe-

2065 4047 2185 4084 rum
2225 4031 2545 4085 aiendorum
2576 4033 2854 4089 studiosos
2897 4034 2964 4088 ad
3008 4051 3185 4105 genua
3216 4045 3308 4089 tua
3335 4037 3632 4105 prosterni,

2066 4136 2258 4175 omnes
2292 4122 2421 4175 item
2454 4126 2755 4179 monachos
2784 4134 2839 4178 et
2864 4126 3106 4194 virgines
3135 4141 3234 4193 pro
3262 4127 3395 4194 ipsis
3425 4126 3634 4194 suppli-

2064 4224 2272 4267 cantes.
2326 4211 2424 4267 ilis
2455 4214 2741 4278 omnibus,
2778 4215 3009 4269 istorum
3057 4216 3209 4281 loco,
3252 4217 3353 4269 hoc
3387 4216 3635 4269 beneficii

394 4308 461 4360 ila
518 4307 977 4377 (quandoquidem
1024 4310 1188 4363 etiam
1239 4308 1374 4361 satis
1433 4305 1615 4360 afﬂicti
1664 4311 1830 4372 atque
1855 4303 2042 4356 obtriti
2095 4311 2252 4367 sum,
2291 4311 2351 4357 ut
2392 4319 2459 4358 ex
2515 4319 2580 4359 eo
2615 4305 2818 4374 liquet,
2876 4306 3024 4376 quod
3088 4320 3190 4359 nos
3226 4304 3632 4375 olisccrarunt),

396 4416 458 4454 ac
485 4404 782 4472 praesertim
809 4403 988 4468 nobis,
1021 4418 1210 4457 eorum
1236 4403 1479 4463 nomine,
1507 4399 1954 4469 deprecantibus.
1994 4396 2149 4462 Quod
2175 4397 2219 4451 si
2254 4398 2351 4451 tibi
2375 4413 2539 4468 grave
2568 4408 2735 4467 atque
2804 4398 3085 4468 indignum
3121 4399 3369 4462 videtur,
3430 4414 3531 4451 nos
3565 4400 3633 4451 ab

396 4495 528 4564 ipsis
573 4498 911 4566 contemptui
972 4497 1188 4551 habitos
1240 4496 1443 4558 fuisse,
1480 4495 1653 4547 multo
1709 4494 1871 4545 velim
1906 4492 2001 4545 tibi
2042 4491 2262 4560 gravius
2295 4491 2587 4554 videatur,
2634 4506 2735 4546 nos
2770 4492 2882 4545 haec
2925 4492 3024 4545 tibi
3060 4494 3350 4546 suadentes
3409 4490 3635 4545 minimc

396 4590 660 4643 exaudiri.
687 4589 923 4645 Pulchro
955 4599 1133 4647 autem
1159 4590 1327 4645 Paulo
1349 4590 1557 4643 utinam
1580 4586 1722 4641 Deus
1743 4602 1806 4641 ea
1837 4602 1958 4657 qua:
1992 4587 2047 4640 in
2080 4600 2181 4640 nos
2214 4586 2609 4641 contumeliose
2631 4587 2983 4656 perpetravit,
3017 4586 3307 4641 condonet.

464 4765 509 4798 "
540 4765 730 4819 Matth.
764 4781 917 4833 mu,
947 4766 1036 4821 2|.
1114 4768 1157 4800 ³⁵
1193 4767 1380 4825 Matth.
1412 4767 1483 4824 28
1511 4785 1638 4839 sqq.
1709 4770 1754 4801 ³⁸
1786 4769 1919 4827 Luc.
1970 4787 2089 4836 xm,
2126 4773 2158 4825 7
2180 4788 2301 4842 sqq.

400 5057 591 5097 neruine
630 5040 937 5094 Dominicaa.

472 5061 520 5093 ιιι
630 5057 937 5094 υοιιιιιιιιιαε.

470 5057 591 5179 (1⁷)ἓῖ
621 5110 839 5182 Μαθεῖν
868 5111 969 5182 ἀφ’
991 5113 1163 5182 ἡμῶν
1191 5110 1413 5182 αὐτῶν,
1439 5111 1605 5163 ὅσον.
1638 5109 1773 5165 Cod.
1797 5127 1961 5182 unus.

404 5181 590 5267 μαθεῖν
623 5180 816 5266 αὑτοξις
839 5180 958 5263 ..ἀφ’
996 5180 1173 5267 maliv,
1205 5180 1632 5267 §cov.n.'l_lont:tg.
1680 5181 1961 5267 et'b'lmlel.

403 5248 592 5333 ραθεῖν
617 5250 813 5313 αὑτοὺς
836 5248 978 5303 ὅσον.
998 5248 1243 5305 Combcf.
1277 5250 1466 5320 μαθεῖν
1495 5250 1642 5320 ἡμᾶς
1673 5251 1768 5317 ἀφ’
1785 5251 1963 5321 ἡμῶν,

400 5336 540 5371 οσον.

606 5383 747 5463 Itym
777 5387 1360 5463 diagraleduaupillu
1376 5404 1486 5463 non
1506 5395 1675 5463 recte,
1700 5388 1961 5463 hortatur.

474 5457 581 5528 (39)
636 5457 889 5528 ᾉπειλεῖ
928 5458 1146 5511 πάλιν·
1199 5457 1345 5528 ὅταν
1378 5457 1687 5528 ἐκϐιασθῇ,
1717 5459 1963 5528 πληγὴν

400 5525 622 5597 ἐπάτει.
656 5524 1060 5597 Sielegenduui
1101 5541 1225 5597 cum
1258 5525 1503 5597 Quilibet

475 5596 581 5661 (40)
617 5592 942 5665 Πιιιὶεωλιεν
968 5596 1210 5665 ἁθρόως.
1238 5594 1483 5650 Combcf.
1515 5595 1676 5651 vertit
1714 5614 1726 5649 :
1759 5592 1841 5649 Ne
1871 5596 1964 5649 im-

401 5675 515 5729 petu
542 5665 814 5729 feriamus.

473 5733 581 5855 (il)
618 5732 896 5819 Λτξϐωέιεν
921 5734 1269 5802 ὑποχρέους.
1300 5732 1374 5789 ita
1403 5734 1522 5791 cod.
1556 5733 1686 5807 Reg.
1722 5743 1775 5789 et
1811 5733 1963 5791 Cont-

498 5839 510 5853 .
540 5802 594 5855 in
622 5804 751 5855 Cdli.
793 5802 1088 5855 ὑπόπλεως.

407 5800 510 5855 bcf.
540 5802 594 5857 in
622 5803 751 5857 edit.
786 5800 1088 5872 ὑπόχρεως.

656 4974 922 5037 Τύπωσις
973 4972 1085 5043 τῆς
1144 4974 1352 5042 εὐχῆς.
1414 4973 1682 5029 Orationis
1743 4973 1963 5043 regula,
2000 4979 2041 5033 ο

2138 4976 2246 5044 (42)
2276 4975 2383 5029 Kal
2409 4975 2758 5040 περιϐόητον
2787 4969 3190 5044 (ἥς-ἐπήρειαν.
3226 4967 3299 5021 Ita
3332 4966 3461 5044 cod.
3498 4966 3632 5044 Reg.

2067 5055 2121 5098 οι
2144 5035 2438 5106 Όοίιιὺθίά
2476 5035 2708 5095 Montac.
2746 5052 2799 5093 et
2836 5035 3021 5092 Morel.
3045 5041 3224 5091 delent
3252 5035 3363 5089 καί.
3408 5037 3461 5089 lu
3498 5038 3630 5090 edit.

2068 5116 2159 5167 καὶ
2183 5112 2501 5182 περιϐόητον
2537 5112 2706 5174 οὑτως
2729 5110 3102 5182 δι’ᾲὲπήρειαν.

2143 5174 2685 5250 (45)’Φιλᾶνορωποι
2730 5174 2969 5250 [niuei
3017 5175 3375 5250 ?)Aértsdsig.
3400 5174 3635 5250 ﬂenigui

2069 5243 2242 5318 potius
2274 5267 2431 5320 quam
2456 5243 2701 5320 judices;
2731 5243 2964 5320 ἐντελεῖς
2997 5246 3162 5303 enim,
3200 5245 3283 5320 ait
3319 5243 3537 5303 Suiilas,
3582 5246 3630 5295 οί

2071 5314 2345 5389 ἄρχοντές,
2390 5314 2743 5389 ἢάρξαντες,
2789 5314 3017 5389 judices.
3073 5315 3502 5389 ιιιίιθίείιςιιιιιε-ε-
3534 5327 3632 5364 nec

2070 5381 2236 5454 aliud,
2270 5381 2444 5457 inquit
2472 5381 2742 5457 Combe},
2772 5383 3169 5457 φιλάνθρωποι
3195 5381 3444 5457 μᾶλλονῇ
3488 5384 3633 5432 ὲντε-
3720 5417 3726 5423 .

2068 5450 2403 5525 lagona-In
2454 5456 2600 5526 quod
2661 5453 2868 5526 Probus
2925 5450 3249 5505 Ambrosio:
3318 5450 3477 5512 Vade,
3514 5466 3630 5517 age,

2068 5545 2170 5582 non
2204 5523 2591 5595 ut_judex,'sed
2632 5535 2683 5575 ut
2712 5523 3001 5595 episcopus,

2145 5596 2253 5663 (44)
2280 5585 2471 5658 ’Καλῷ
2504 5585 2839 5663 Παύλῳζίιιι
2868 5585 3036 5663 ἐοιω.
3065 5588 3371 5663 tresliegg.
3402 5594 3454 5637 et
3470 5585 3637 5663 Com-

2070 5656 2177 5719 bef.
2220 5656 2274 5717 l'n
2302 5666 2388 5718 ed.
2423 5656 2713 5717 Πλούτωνι.
2744 5660 2889 5730 Qung
2923 5662 2994 5715 sit
3026 5660 3127 5714 istc
3158 5656 3379 5720 Paulus,
3409 5657 3633 5709 minume

2069 5751 2335 5790 llUHIllUS.
