4358 6480
373 479 473 537 165

1769 474 2100 532 EPISTULA
2147 478 2304 534 XCII.

3503 481 3607 536 166

373 614 558 666 σομεν.
596 596 751 647 Ἔστι
789 594 844 646 δὲ
894 593 984 645 καὶ
1031 593 1184 646 τοῦτο
1217 594 1326 663 (Π)
1364 593 1618 655 ἐπιεικῶς
1659 596 1943 666 συμφορᾶς
1972 611 2014 664 Α
2052 610 2094 647 \‘t

1885 596 1943 657 Ξς
1972 611 2014 664 Α
2052 609 2267 654 vexare,
2303 607 2389 656 ac,
2448 593 2648 662 quibus
2704 602 2954 664 possunt,
3007 593 3366 648 incommodis
3396 593 3606 650 adicere

375 687 682 747 ἐλάττωσις.

2038 699 2149 737 non
2197 683 2476 736 desinunt.
2525 685 2593 736 At
2633 693 2690 737 ιιι
2725 700 2755 738 a
2797 685 2906 738 Deo
2953 687 3204 754 precibus
3253 692 3405 754 pete,
3445 692 3503 737 ut
3547 702 3607 738 se

373 778 662 846 propitiant
693 775 847 829 nobis
894 785 948 828 et
987 775 1260 844 placidum
1304 776 1560 844 prmbeat.
1614 773 1693 828 lta
1725 773 1958 826 duorum
2018 775 2248 828 alterum
2331 777 2630 844 continget,
2685 790 2878 844 nempe
2922 783 2982 829 ut
3031 777 3111 828 vel
3144 776 3243 830 has
3286 775 3609 832 acerbitates

371 870 592 924 omnino
638 869 941 940 fugiamus,
974 871 1056 923 vel
1085 879 1233 924 certe
1261 870 1602 938 perferamus
1634 886 1648 924 :
1680 882 1800 938 quae
1845 881 1934 920 res
1975 868 2134 937 plane
2164 877 2328 922 etiam
2363 883 2620 921 aerumna:
2656 868 2966 923 imminutio
2986 874 3092 923 est.

372 1028 485 1092 ιμ’.
539 1024 886 1092 ΝΕΚΤΛῘἾῼ
926 1023 1458 1092 ,Arxmmxxonn
1510 1023 1937 1074 ΚΩΝΣΤΛΝἸΊ-

860 1079 1272 1145 ΝΟιἩυΛΕΩΣ
1306 1079 1439 1159 (uni

2033 1019 2182 1074 XCI.
2234 1019 2582 1075 NECTAllIO
2651 1019 3191 1076 ARCHIEPISCOPO
3255 1019 3604 1076 CONSTAN-

2635 1089 3015 1144 TINOPOLIS.

439 1248 673 1299 Alteram
705 1247 838 1299 hanc
861 1246 929 1298 ad
967 1245 1268 1297 Nectarium
1295 1244 1572 1312 epistolam
1595 1245 1857 1310 hucusque
1883 1244 2211 1314 distulimus,
2238 1245 2376 1312 quod
2407 1244 2473 1295 ad
2497 1260 2613 1296 eum
2643 1243 2839 1297 scribat
2870 1261 2926 1296 se
2945 1243 3155 1306 morbo,
3182 1261 3282 1312 quo
3303 1246 3356 1298 in
3377 1245 3596 1314 superio-

369 1318 513 1368 ribus
561 1318 750 1370 litteris
799 1333 852 1369 se
900 1317 1078 1368 veaari
1112 1316 1467 1384 significabat,
1516 1325 1778 1384 utcunque
1809 1324 2121 1365 recreatum.
2169 1312 2250 1364 Ex
2295 1315 2376 1366 his
2426 1324 2599 1366 autem
2647 1315 2837 1384 litteris
2882 1314 3172 1382 intelligas,
3222 1314 3402 1380 lector,
3441 1312 3607 1384 quam

372 1387 539 1438 amico
580 1388 634 1438 in
681 1403 1028 1438 successorem
1079 1381 1228 1437 suum
1253 1381 1442 1436 animo
1493 1384 1652 1450 fuerit
1697 1381 2002 1451 Gregorius,
2045 1385 2134 1451 qui
2171 1384 2237 1434 ad
2275 1399 2392 1434 eum
2442 1385 2584 1434 ultro
2627 1383 2826 1443 scribit,
2874 1385 3023 1451 eique
3059 1381 3206 1436 alios
3245 1381 3610 1444 commendat;

369 1457 503 1522 quod
539 1456 790 1524 profecto,
818 1466 871 1508 ut
901 1455 1092 1508 Billius
1123 1454 1384 1518 observat,
1420 1454 1627 1522 ingenui
1650 1465 1696 1506 et
1732 1453 1945 1505 candidi
1975 1453 2198 1506 hominis
2234 1463 2332 1516 est,
2375 1469 2464 1506 nec
2496 1452 2606 1505 ulla
2649 1453 3014 1506 malevolentia
3058 1453 3356 1520 invidiaque
3391 1454 3606 1522 τυπίσι.

439 1611 512 1663 To
550 1611 646 1680 μὲν
694 1611 815 1663 καθ’
867 1612 1016 1680 ἡμᾶς
1061 1609 1195 1680 ἔχει,
1229 1610 1303 1672 ὡς
1331 1608 1439 1679 ἔχει
1465 1626 1478 1638 υ
1527 1607 1654 1661 ἄνευ
1704 1609 1939 1679 πολέμου

371 1701 461 1752 καὶ
509 1700 848 1770 πραγμάτων
901 1700 1225 1770 καθήμεθα,
1265 1705 1474 1771 σιωπῆς
1520 1699 1803 1753 ἀκίνδυνον
1844 1700 1939 1767 γέ-

373 1805 469 1858 ρας
504 1787 614 1858 (69)
664 1789 782 1840 avri.
829 1789 1043 1842 πάντων
1079 1791 1422 1858 τιμήσαντες.
1465 1789 1571 1840 Καί
1612 1805 1663 1840 τι
1703 1789 1796 1840 καὶ
1830 1788 1942 1858 (30)

370 1878 626 1947 ὼνάμεθα
658 1882 758 1949 τῆς
797 1881 1043 1949 ἡσυχίας,
1072 1879 1207 1948 ἐλέῳ
1237 1879 1372 1931 Θεοῦ
1418 1879 1616 1942 ἱκανῶς
1636 1879 1735 1950 τῆς
1760 1881 1933 1951 ἀρρω-

373 1969 522 2030 στίας
555 1969 951 2034 ἀνενεγκόντες.
982 1969 1052 2019 Σὺ
1075 1968 1130 2020 δὲ
1152 1967 1478 2020 κατευοὸοῦ
1509 1968 1938 2031 artiﬁcio/leve,

371 2060 444 2121 ὼς
467 2062 496 2111 ὁ
528 2059 668 2121 θεῖος
705 2058 866 2110 Δαόίδ
912 2075 1077 2129 φησι·
1121 2059 1214 2111 καί
1243 2077 1324 2112 σοι
1360 2059 1628 2111 συνδιέποι
1664 2057 1762 2128 τὴν
1793 2059 1944 2128 ἱερω-

372 2152 535 2220 σύνην
560 2155 588 2204 ὁ
619 2153 853 2222 τιμήσας
891 2152 1041 2214 Θεὸς,
1077 2152 1257 2220 πάσης
1310 2149 1569 2222 ἐπηρείας
1604 2149 1942 2220 ὑψηλοτέραν

369 2241 568 2309 ταύτην
612 2238 989 2310 χαριζόμενος.
1017 2241 1134 2293 Ἱνα
1180 2241 1235 2293 δὲ
1289 2239 1381 2292 τοῦ
1434 2239 1654 2310 θαρρεῖν
1694 2239 1941 2308 ἀλλήλοις

368 2331 636 2395 ἁπῗδειξιν
668 2330 866 2399 δῶμεν,
907 2333 999 2384 καὶ
1034 2333 1106 2400 μή
1151 2348 1205 2383 τι
1253 2332 1551 2401 πάσχωμεν
1602 2329 1940 2400 ἀνθρώπινον

368 2422 484 2492 Θεῷ
515 2423 927 2493 παριστάμενοι,
979 2423 1089 2491 ὲγὼ
1142 2424 1239 2494 μὲν
1279 2423 1450 2478 ταῦτα
1491 2423 1776 2494 πρεσῦεύω
1805 2424 1941 2496 πρὸς

369 2515 446 2574 οὲ,
475 2515 536 2565 σὺ
567 2514 624 2566 δέ
658 2532 747 2584 μοι
773 2514 1065 2584 προθύμως
1101 2516 1402 2569 ἐπίνευσον.
1436 2515 1542 2568 Τοῦ
1570 2518 1940 2587 γνησιωτάτου

372 2605 523 2672 ἡμῶν
555 2606 900 2676 Παγκρατίου
949 2607 1242 2677 κηδόμεθα,
1287 2608 1495 2661 πολλῶν
1536 2608 1720 2661 ἕνεκεν
1771 2611 1942 2677 ἀναγ-

368 2699 534 2759 καίως
570 2697 728 2750 τοῦτο
762 2699 1053 2759 ποιοῦντες.
1083 2698 1281 2752 Τοῦτον
1308 2701 1400 2752 καὶ
1426 2699 1744 2770 προσίεσθαι
1781 2699 1941 2770 θέλη-

373 2807 459 2840 σον
487 2789 748 2858 εὐμενῶς,
781 2789 873 2842 καὶ
905 2790 1166 2859 συστῆσαι
1194 2791 1303 2843 τῶν
1334 2791 1503 2860 φίλων
1531 2794 1641 2853 τοῖς
1669 2791 1944 2843 σπουδαιοο

370 2877 544 2947 τέροις
579 2877 710 2947 (51),
741 2878 877 2930 ὥστε
926 2878 1018 2931 τοῦ
1056 2880 1256 2932 σκοποῦ
1295 2882 1494 2949 τυχεῖν.
1537 2881 1594 2931 '0
1627 2880 1683 2932 δὲ
1720 2881 1939 2944 σκοπὸς,

374 2969 626 3038 στρατείᾳ
682 2969 787 3020 τινὶ
850 2970 949 3038 τὴν
1021 2970 1456 3041 ἀπραγμοσύνην
1526 2969 1740 3024 λαϐεῖν·
1818 2973 1942 3026 ἐπεὶ

373 3057 506 3124 μηδὲ
536 3057 648 3126 (52)
675 3053 754 3119 εἷς
809 3058 919 3126 βίος
965 3060 1368 3129 ἀνεπηρέαστος
1422 3062 1534 3124 τοῖς
1581 3065 1864 3131 πονηροῖς,
1914 3063 1943 3116 ὃ

372 3149 466 3199 καὶ
493 3148 652 3211 αὐτὸς
681 3149 987 3215 γινώσκεις.

2114 1607 2219 1663 Res
2246 1616 2448 1661 nostra:
2488 1623 2547 1662 se
2593 1607 2816 1670 habent,
2855 1615 2915 1661 ut
2944 1607 3147 1662 habent
3183 1627 3198 1663 :
3232 1609 3353 1664 sine
3386 1608 3530 1663 bello
3555 1616 3610 1662 et

2043 1698 2276 1765 negotiis
2309 1699 2585 1763 sedemus,
2627 1696 2829 1752 silentii
2878 1698 3161 1767 praemium
3197 1699 3268 1752 ab
3293 1699 3439 1752 omni
3469 1701 3607 1769 peri-

2040 1789 2164 1842 culo
2187 1803 2415 1841 vacuum
2444 1789 2698 1841 omnibus
2722 1789 2885 1844 rebus
2917 1796 3330 1858 anteponentes.
3356 1786 3498 1854 Quin
3541 1804 3609 1842 es

1973 1912 2014 1966 Β
2045 1881 2144 1933 hac
2182 1880 2345 1933 etiam
2398 1880 2581 1949 quiete
2611 1879 2857 1933 nonnihil
2902 1878 3118 1935 fructus
3147 1879 3610 1949 cepimus,-nimi-

2043 1987 2163 2027 rum
2226 1986 2289 2025 ex
2349 1970 2541 2024 morbo
2587 1969 2679 2024 Dei
2741 1970 3121 2024 misericordia
3191 1980 3467 2038 utcunque
3522 1984 3611 2022 re.

2043 2063 2234 2116 creati.
2280 2061 2362 2114 'l‘u
2404 2077 2533 2116 vero
2583 2077 2829 2130 prospere
2879 2061 3058 2114 incede
3101 2070 3150 2114 et
3211 2077 3368 2130 regna
3424 2059 3494 2124 ³⁸,
3549 2069 3610 2112 ut

2043 2149 2263 2203 Davidis
2292 2149 2473 2203 verbis
2514 2157 2679 2202 utar:
2715 2163 2778 2201 ac
2828 2147 2969 2202 Deus
3018 2149 3384 2203 sacerdotium
3435 2148 3608 2211 istud,

2041 2257 2150 2313 quo
2179 2249 2232 2296 te
2259 2241 2494 2302 ornavit,
2531 2248 2713 2294 tecum
2761 2240 3057 2310 gubernet,
3103 2239 3211 2308 79
3260 2249 3420 2308 atque
3461 2240 3610 2294 omni

2041 2332 2315 2386 calumnia
2358 2339 2411 2385 ct
2451 2331 2739 2384 vexatione
2770 2331 3057 2386 sublimius
3105 2332 3362 2401 praebeat.
3406 2329 3474 2384 Ut
3509 2346 3608 2384 au-

2042 2430 2149 2477 tem
2181 2432 2381 2476 mutua:
2413 2423 2672 2492 utrinque
2719 2421 2927 2475 fiducia:
2973 2431 3352 2492 argumentum
3391 2422 3607 2483 demus.

2043 2530 2167 2578 nec,
2212 2529 2335 2568 cum
2383 2513 2494 2569 Deo
2550 2521 2815 2575 astemus,
2858 2513 3100 2568 humano
3135 2515 3368 2583 quodam
3413 2513 3609 2567 all'ectn

2042 2607 2327 2674 ducamur,
2382 2609 2522 2661 hanc
2566 2607 2786 2678 quidem
2841 2607 3278 2676 deprecationem
3318 2607 3383 2662 ad
3422 2617 3475 2662 te
3531 2610 3610 2660 al-

2046 2701 2182 2766 l‘ero,
2233 2710 2289 2753 tu
2339 2715 2469 2754 vero
2518 2707 2768 2769 prompte
2809 2709 2862 2753 et
2909 2699 3140 2753 libenter
3184 2714 3385 2754 annue.
3431 2698 3612 2751 Multa:

2045 2808 2145 2846 nos
2198 2808 2380 2846 causa:
2423 2791 2738 2846 necessario
2793 2791 3075 2858 impellunt
3123 2798 3181 2844 ut
3232 2791 3610 2844 sincerissimo

2044 2894 2232 2939 nostro
2275 2885 2384 2938 lilio
2433 2882 2719 2936 Pancratio
2757 2883 3069 2936 consultum
3119 2881 3373 2935 velimus.
3403 2880 3610 2946 Quam-

2043 2976 2232 3029 obrem
2262 2990 2292 3028 a
2339 2985 2390 3028 te
2429 2982 2573 3043 peto,
2605 2980 2664 3025 ut
2689 2981 2742 3026 et
2773 2971 3007 3042 benigno
3039 2987 3161 3026 eum
3199 2972 3381 3026 animo
3411 2971 3610 3025 admit-

2046 3076 2151 3129 tas,
2212 3073 2266 3119 et
2309 3065 2514 3134 optimo
2547 3065 2744 3132 cuique
2786 3063 3087 3117 amicorum
3139 3063 3509 3126 commendes,
3553 3069 3613 3114 ut

2045 3171 2270 3221 scopum
2307 3170 2452 3216 eum,
2485 3167 2644 3222 quem
2689 3152 2791 3206 sibi
2825 3153 3100 3221 proponit,
3139 3160 3486 3221 assequatur.
3517 3149 3611 3204 Est

372 3247 548 3291 autem
586 3238 672 3290 hic
705 3254 926 3307 scopus,
985 3247 1043 3292 ut
1076 3254 1171 3309 per
1220 3239 1493 3309 quoddam
1549 3243 1759 3299 militia:
1803 3263 1975 3316 genus
2033 3247 2438 3302 immunitatem
2492 3259 2523 3297 a
2573 3244 2809 3314 negotiis
2859 3243 3111 3312 accipiat,
3170 3241 3608 3312 quandoquidem

373 3344 437 3382 ne
495 3344 665 3396 genus
714 3329 930 3400 quidem
985 3331 1106 3383 vita:
1165 3332 1333 3383 ullmn
1393 3340 1474 3384 est
1526 3335 1594 3387 ab
1647 3336 2017 3406 improborum
2102 3337 2301 3408 injuria
2371 3335 2647 3397 liberum,
2708 3331 3162 3403 quemadmodum
3205 3331 3321 3403 ipse
3390 3347 3612 3402 quoque

373 3426 510 3475 nosti
522 3463 535 3476 .

825 3535 937 3600 seu
981 3537 1295 3607 ΦΙΛΑΓΡΙῼ
1343 3538 1474 3608 (53).

2532 3536 2693 3593 XCII.
2737 3535 3123 3595 PHILAGRIO.

443 3652 520 3703 Ad
547 3667 739 3726 annum
771 3650 876 3726 σξη
905 3654 1160 3726 pertinent
1193 3655 1586 3726 aliwepistolm,
1615 3675 1748 3726 quas
1773 3661 1958 3713 amicis
2002 3661 2112 3713 suis
2145 3657 2355 3725 scripsit
2401 3656 2682 3724 Gregorius
2709 3693 2724 3715 ,
2778 3671 2894 3706 cum
2939 3662 3055 3726 post
3104 3651 3401 3726 abdicatam
3436 3654 3608 3726 sedem

372 3720 1028 3785 Constantinopolitanam.
1066 3721 1336 3775 Nazianzi
1359 3720 1671 3781 versaretur.
1706 3727 1838 3782 Cum
1870 3740 2043 3782 autem
2069 3730 2178 3782 illa!
2205 3720 2396 3780 liltera’
2427 3720 2561 3777 nihil
2592 3726 2835 3782 habeant.
2878 3723 3014 3774 unde
3052 3737 3231 3773 earum
3260 3723 3493 3775 ordinem
3526 3725 3608 3776 in-

373 3803 448 3844 ter
477 3807 585 3843 sese
613 3790 874 3859 possimus
909 3801 1160 3858 statuere,
1190 3809 1279 3845 eas
1310 3793 1775 3850 indiscriminatim
1799 3801 1874 3853 sic
1895 3799 2294 3862 collocabimus,
2326 3796 2518 3864 prioris
2548 3805 2752 3846 tantum
2787 3793 2987 3846 ordinis
3016 3791 3198 3842 habita
3230 3793 3454 3849 ratione.

440 3906 563 3968 ῐὶὦς
589 3905 698 3973 ἔχει
728 3921 808 3956 σοι
830 3904 898 3957 τὰ
921 3903 1012 3956 τοῦ
1037 3903 1323 3974 σώματος;
1375 3907 1408 3976 ἢ
1447 3908 1691 3978 δηλονότι
1741 3909 1945 3980 βραχὺς
1972 3915 2013 3971 C
2117 3907 2161 3974 Q

1885 3910 1945 3971 ὺς
1972 3915 2013 3971 c
2117 3907 2403 3974 Quomodo
2451 3921 2509 3961 se
2549 3905 2710 3958 habet
2762 3902 3008 3973 corporis
3054 3901 3134 3955 tui
3182 3902 3483 3956 valetudo?
3524 3907 3603 3957 An

371 4001 398 4050 ὁ
423 3998 596 4064 λόγος,
628 3997 774 4057 ὅπως
807 3994 872 4048 ἂν
899 3995 1008 4066 ἔχοι
1039 3996 1186 4064 (54);
1218 3999 1344 4068 περὶ
1385 3997 1440 4051 δὲ
1482 3999 1583 4067 τῆς
1620 4000 1797 4069 ψυχῆς
1841 4001 1941 4052 οὐκ

374 4091 639 4158 ἐρήσομαι
662 4086 796 4148 πῶς.
824 4083 954 4139 Οἶδα
984 4087 1093 4157 γὰρ
1132 4088 1212 4139 ὅτι
1247 4090 1338 4141 καὶ
1369 4089 1487 4142 λίαν
1512 4089 1723 4151 καλῶς·
1756 4091 1941 4160 ἐπειδὴ

374 4175 630 4244 γενναίως
684 4175 1066 4243 ὲμφιλοσοφεῖς
1131 4180 1242 4238 τοῖς
1303 4177 1528 4231 πάθεσιν
1591 4178 1683 4230 τοῦ
1755 4179 1941 4250 σώμα-

373 4283 460 4327 τος
485 4264 617 4333 (55),
648 4263 835 4333 ὥσπερ
873 4263 1098 4332 βάσανον
1129 4265 1346 4334 ἀρετῆς,
1378 4267 1490 4318 ἀλλ’
1520 4267 1617 4335 οὐχ
1647 4266 1777 4336 ὕλης
1804 4269 1946 4320 ἀνω-

377 4356 568 4426 μαλίαν
598 4355 708 4423 (56)
739 4355 799 4406 τὸ
837 4357 1065 4424 πρᾶγμα
1111 4354 1418 4424 δεξάμενος,
1463 4357 1547 4409 ἵνα
1654 4375 1734 4409 σοι
1757 4359 1816 4410 τὸ
1842 4377 1941 4410 κα-

371 4446 628 4497 κοπαθεῖν
657 4445 764 4514 (57)
796 4446 891 4514 τῆς
917 4446 1026 4496 τῶν
1053 4445 1224 4497 ἄλλων
1256 4447 1461 4512 ὑγιείας
1510 4447 1937 4518 μακαριώτερον.

373 4535 539 4596 Δίδως
584 4535 676 4586 καὶ
712 4535 914 4604 ταύτην
952 4535 1063 4605 (58)
1103 4535 1292 4606 ἱκανὴν
1333 4537 1430 4606 τῆς
1462 4538 1774 4607 φιλοσοφίας
1808 4539 1942 4591 ἁπό-

445 4686 489 4716 ³³
520 4685 662 4740 Psal.
699 4702 845 4751 κων,
879 4686 932 4739 5.

470 4840 560 4897 47)
599 4840 769 4890 Ἐστι
799 4836 866 4888 δὲ
885 4839 980 4890 καὶ
1026 4837 1218 4890 τοῦτο.
1256 4837 1333 4890 Ita
1372 4838 1490 4891 cod.
1543 4837 1674 4905 Reg.
1721 4835 1782 4889 Et
1823 4837 1940 4901 hoc,

378 4906 608 4968 scilicet,
635 4908 696 4958 τὸ
720 4910 1031 4976 καρῖερεῖν,
1063 4906 1202 4960 haud
1228 4907 1418 4976 exigua
1454 4909 1583 4959 ntali
1616 4908 1936 4959 imminutio.

378 4980 485 5032 Pro
528 4974 1095 5045 émetxdigjlontae.
1135 4984 1188 5029 et.
1225 4974 1410 5030 Morel.
1451 4977 1633 5045 legunt
1680 4975 1936 5038 ὲπιεικές.

450 5048 564 5116 (48)
601 5042 911 5116 Αιὶειοᾲιινί.
945 5043 1159 5116 Scripta
1189 5045 1334 5116 circa
1371 5042 1524 5116 idem
1546 5055 1780 5116 tempus.

449 5112 562 5184 (49)
596 5112 829 5184 Σιωπᾼῆς
864 5112 1189 5166 ἀκίνδυνον
1234 5114 1427 5181 τέρας.
1466 5113 1598 5169 Vide
1651 5112 1936 5168 Erasmum

380 5191 434 5242 in
459 5180 656 5254 ‘adagio
683 5199 706 5254 :_
732 5180 939 5235 Silentii
971 5193 1138 5235 tutum
1167 5180 1460 5250 pra'rnium.

453 5251 706 5322 (θθγιίαἰ
727 5268 778 5322 τι
803 5254 920 5322 καί.
960 5254 1204 5306 Combel'.
1239 5256 1330 5305 καί
1358 5271 1438 5305 τοι
1473 5254 1565 5305 καί
1607 5271 1681 5317 τι,
1727 5253 1852 5322 quin
1892 5261 1940 5305 et

379 5320 581 5394 aliquid
611 5340 638 5376 e
664 5320 946 5394 solitudine
962 5339 1036 5394 ac
1066 5323 1253 5394 quiete.

451 5388 563 5462 (5|)
613 5388 1118 5459 £aov6awrépo¢¢.
1174 5390 1309 5445 Cod.
1368 5401 1420 5445 et
1474 5389 1719 5445 Combel.
1781 5407 1946 5443 aito-J-

372 5467 566 5519 δαίτης.

613 5535 762 5586 Ἐπεὶ
788 5530 973 5600 μηδέε
991 5527 1146 5600 Pass.
1177 5529 1360 5599 ἐπειδὴ
1404 5528 1554 5598 μηδέ,

453 5552 562 5599 (ΟΖ)
613 5552 762 5586 ιπει
834 5552 960 5600 ηοε.
993 5552 1146 5583 ritas.
1177 5552 1360 5599 επειοη
1404 5552 1554 5598 μηοε.

453 5603 563 5663 (55)
595 5604 744 5656 Alias
773 5552 902 5654 {LL
943 5598 1153 5668 Scripta
1191 5601 1676 5668 eodemtempore.

453 5670 786 5740 (56)·οπως
813 5671 888 5740 ἂν
918 5666 1172 5740 exculta
1215 5668 1335 5740 cod.
1382 5666 1535 5740 lleg.,
1574 5667 1753 5731 Pass.,
1789 5666 1937 5721 Mon—

379 5736 516 5801 tac..
551 5736 733 5794 Morel.
764 5756 826 5792 ac
847 5737 1089 5807 Combel.
1121 5736 1175 5807 In
1210 5738 1341 5790 edit.
1377 5737 1493 5807 ἔχῃ.

457 5809 563 5870 (55)
607 5806 1062 5875 Ἒμφιλοσορεῖς
1090 5805 1210 5871 τοῖς
1247 5805 1497 5859 πάθεσιν
1518 5805 1620 5860 τοῦ
1646 5806 1933 5876 σώματος.

2044 3999 2256 4053 scilicet
2290 4011 2481 4067 parum
2525 3996 2618 4049 tibi
2669 4009 2814 4047 curae
2835 4000 2937 4054 est,
2978 3991 3251 4061 quomodo
3278 4008 3337 4047 se
3367 3993 3563 4048 habeat
3587 3997 3612 4048 ?

2041 4089 2117 4143 De
2166 4090 2344 4143 anima
2391 4095 2570 4142 autem
2622 4085 2767 4138 haud
2823 4084 3220 4154 percunctabor
3267 4083 3462 4152 ecquid
3511 4101 3607 4138 va-

2047 4180 2152 4235 leat
2190 4199 2203 4234 :
2239 4180 2356 4234 scio
2394 4180 2536 4233 enim
2585 4177 2880 4232 bellissime
2919 4177 3122 4237 valere,
3168 4175 3607 4245 quandoquidem

2046 4270 2102 4323 in
2130 4270 2379 4339 corporis
2435 4269 2642 4322 morbis
2694 4276 2916 4321 strenue
2970 4265 3391 4336 philosopharis,
3448 4268 3604 4334 quasi

2049 4375 2158 4413 non
2193 4360 2434 4412 materia:
2465 4365 2518 4411 et
2559 4358 2849 4409 liumorum
2882 4355 3280 4423 intemperiem,
3309 4353 3404 4408 sed
3431 4357 3607 4414 virtu-

2048 4448 2118 4500 tis
2147 4446 2575 4514 explorationem
2624 4458 2744 4497 eam
2787 4457 2901 4496 rem
2951 4443 3228 4511 acceperis
3264 4458 3277 4504 ;
3331 4450 3389 4494 ut
3416 4441 3496 4496 sic
3527 4443 3609 4499 in-

2049 4537 2304 4592 valetudo
2336 4546 2429 4590 tua
2467 4536 2696 4590 aliorum
2737 4534 2970 4588 sanitate
2991 4538 3044 4585 et
3071 4531 3445 4585 incolumitate
3478 4531 3609 4585 bea-

2045 4835 2100 4906 ln
2118 4837 2250 4889 edit.
2266 4835 2692 4904 legilurtantum
2713 4834 2929 4906 τοῖςγτοῦ
2947 4836 3397 4906 σώματοςΝειίἰι
3426 4846 3605 4893 tamen

2045 4905 2166 4957 Bill.
2193 4924 2205 4958 :
2233 4907 2284 4956 in
2317 4909 2552 4972 corporis
2580 4907 2780 4957 morbo.
2802 4905 3056 4959 Nonnulli
3087 4907 3244 4960 codd.
3276 4924 3381 4960 non
3408 4908 3608 4962 habent

2041 4974 2136 5026 τοῦ
2169 4974 2435 5043 σώματος.
2478 4973 2712 5027 Montac.
2753 4983 2808 5028 et
2841 4973 3029 5028 Morel.
3059 4975 3417 5042 ὲφιλοσόφεις.

1969 5047 2017 5104 D
2114 5043 2225 5110 (56)
2262 5045 2382 5110 Οὐχ
2421 5044 2575 5108 ὕλης
2611 5043 2975 5108 ἀνωμαλίαν,
3027 5043 3380 5109 intemperiem
3425 5056 3475 5100 et
3529 5047 3607 5098 in-

2042 5113 2394 5182 atqualilalem
2413 5113 2711 5172 humorum.
2734 5113 2981 5182 corporis
3008 5129 3220 5182 nempe,
3245 5115 3605 5178 aitCombet‘.;

2043 5183 2121 5234 sic
2149 5183 2291 5235 enim
2318 5182 2419 5235 hoc
2441 5197 2599 5251 sensu
2633 5184 2832 5248 passim
2854 5182 3146 5251 Gregorius
3171 5199 3232 5236 ea
3259 5199 3388 5237 voce
3412 5185 3600 5239 utitur.

2045 5251 2149 5305 Pro
2182 5253 2281 5321 οὐχ
2309 5251 2460 5320 ὕλης,
2494 5250 2727 5304 Montac.
2765 5259 2816 5304 et
2849 5250 3033 5305 Morel.
3053 5253 3118 5304 οὐ
3142 5253 3331 5321 τύχης,
3361 5270 3463 5306 non
3491 5254 3604 5321 fore

2049 5331 2188 5373 tuna:
2219 5322 2654 5389 inrequalitatem.

2119 5391 2355 5458 (57)Σοι
2399 5390 2462 5442 τὸ
2517 5389 2896 5443 κακοπαθεῖν.
2947 5389 3092 5450 Bill.,
3145 5391 3424 5444 calamitas
3481 5392 3624 5453 tua:

2050 5460 2244 5513 melius
2271 5460 2576 5526 inﬁrmitas,
2617 5459 2941 5523 invaletudo,
2991 5474 3155 5528 quam
3193 5460 3422 5513 aliorum
3456 5462 3594 5513 saui-

2046 5535 2142 5581 tati
2172 5530 2416 5583 onnonit.

2113 5544 2444 5667 ilﬁipilgb'q
2491 5597 2589 5649 καὶ
2629 5599 2874 5664 ταύτην,
2934 5603 3038 5650 etc.
3097 5596 3266 5648 Vertit
3317 5593 3471 5667 Bi‘ll._:
3529 5595 3605 5648 Tu

2043 5665 2160 5720 vero
2203 5667 2298 5718 hoc
2345 5683 2543 5735 quoque
2582 5668 2921 5734 philosophia:
2973 5675 3330 5735 argumentum
3381 5665 3492 5728 ede,
3548 5674 3604 5717 ut

2044 5738 2189 5789 nobis
2214 5732 2419 5788 easdem
2447 5732 2525 5787 res
2564 5732 2625 5787 ac
2655 5737 2716 5789 de
2747 5732 2931 5790 iisdem
2954 5732 3250 5802 prti'cipias.
3284 5732 3520 5789 Montac.
3548 5741 3604 5790 οι

2046 5805 2225 5860 Morel.
2251 5806 2310 5859 τὸ
2334 5807 2399 5857 τὰ
2433 5805 2672 5859 τοιαῦτα.
