4358 6480
755 420 861 478 I67

2009 425 2068 478 S.
2111 423 2435 478 GliEGOIiII
2473 423 2817 477 'I'IIEOLOGI

755 535 860 588 tior
888 535 979 590 sit.
1003 534 1083 588 Tu
1118 551 1247 591 vero
1277 536 1382 591 hoc
1414 552 1632 608 quoque
1667 537 1919 591 idoneum
1953 537 2308 607 philosOphiaa
2335 541 2378 595 Α
2409 536 2476 588 δε)

2262 551 2308 590 a3
2335 541 2378 595 Α
2409 535 2604 599 δειξιν,
2657 537 2718 588 τὸ
2770 532 2994 588 τοιαῦτα
3041 532 3287 604 καὶπερὶ
3343 534 3600 588 τοιούτων
3671 538 3981 591 ἐπιτάσσειν

755 626 1131 693 argumentum
1161 626 1303 690 edis,
1340 641 1463 681 cum
1506 628 1664 681 nobis
1693 628 1829 681 tales
1858 642 1963 687 res.
1992 643 2056 680 ac
2084 626 2150 680 de
2188 627 2308 680 tali-

758 713 859 768 bus
889 714 1134 782 praecipis
1182 733 1197 770 :
1242 731 1382 786 quas
1417 718 1633 772 tametsi
1672 697 2081 771 aliis'scribere
2110 715 2313 768 audea-

760 821 901 865 mus,
938 813 1119 860 tamen
1160 815 1214 861 te
1259 808 1444 876 judice
1478 824 1701 862 causam
1734 809 1916 862 dicere
1954 823 2019 860 ac
2044 807 2310 876 judicium

754 893 959 958 subire,
1011 894 1252 961 periculo
1299 912 1406 948 non
1457 907 1630 950 vacat.
1679 896 1945 950 Caeterum
1993 896 2313 949 conabimur

756 985 863 1038 tuis
883 985 1054 1051 jussis
1087 985 1308 1037 minime
1339 986 1732 1040 contradicere.

998 1116 1181 1170 XCIII.
1225 1117 1611 1174 SOPIIRONIO
1656 1119 2064 1176 ΡΒᾸΞΡΕΟΤΟ.

2416 631 2550 698 ἡμῖν
2571 644 2584 657 ·
2623 627 2660 680 ἃ.
2687 625 2789 679 κᾶν
2816 625 2992 687 ἄλλοις
3019 625 3309 695 θαρρῶμεν
3356 629 3610 696 γράφειν,
3645 629 3778 681 ἀλλᾶ
3818 630 3877 683 τό
3918 647 3982 696 γε

2416 716 2524 769 ὑπὸ
2571 717 2653 768 σοὶ
2701 718 2858 786 κριτῇ
2911 715 3237 768 κινδυνεύειν
3276 717 3376 768 οὐκ
3419 717 3677 784 ἀσφαλές.
3719 720 3984 790 Πειρασό-

2417 805 2562 876 μεθα
2589 805 2634 859 δ’
2664 807 2810 877 ὅμως
2835 799 2945 878 (59)
2969 806 3048 877 μὴ
3071 807 3372 876 ἀντιλέγειν
3396 809 3683 866 κελεύοντι.

2722 1129 2839 1195 tm.
2870 1129 3199 1201 ΣοψΡοΝιῃ
3233 1131 3509 1204 rman
3544 1131 3675 1202 (se).

757 1229 1141 1298 Complectendi
1170 1231 1521 1302 Sophronium
1551 1238 1809 1291 desiderio
1829 1248 2032 1293 tenetur
2068 1238 2387 1318 Gregorius;
2423 1253 2575 1318 rogat
2599 1245 2787 1299 saltem
2813 1256 2873 1299 ut
2913 1247 3017 1300 sibi
3045 1264 3137 1315 per
3170 1249 3422 1317 epistolas
3452 1251 3834 1318 congressionis
3866 1268 3981 1304 sttu-

2129 1311 2280 1363 brant
2312 1312 2592 1380 largiatur.

826 1416 996 1473 lIahet
1025 1422 1278 1489 quiddam
1309 1421 1414 1475 Iarti
1448 1431 1499 1477 et
1530 1424 1799 1479 commodi
1827 1437 2012 1480 noster
2041 1441 2312 1489 secessus.

753 1504 1010 1562 nimirum
1049 1513 1216 1565 otium
1264 1522 1317 1566 et
1352 1515 1591 1582 quietem
1626 1532 1640 1578 ;
1682 1517 1776 1568 sed
1825 1517 1875 1569 id
1925 1534 2030 1570 non
2067 1526 2178 1571 tam
2227 1520 2317 1572 Iae-

2487 1431 2637 1499 Ἔχει
2665 1448 2717 1483 τι
2760 1430 2928 1494 δεξιὸν
2952 1433 3084 1501 ἡμῖν
3117 1433 3150 1502 ἡ
3180 1431 3544 1503 ἀναχώρησις,
3589 1433 3650 1485 τὸ
3693 1433 3982 1503 ἄπραγμον

2411 1521 2503 1572 καὶ
2551 1521 2801 1590 ἡσύχιον·
2846 1521 2960 1574 ἀλλ’
3012 1521 3164 1574 οὔπω
3215 1523 3484 1587 τοσοῦτον,
3515 1524 3638 1576 ὅσον
3684 1524 3890 1589 σκαιὸν,
3924 1526 3982 1577 τὸ

755 1607 867 1652 tum
904 1617 966 1653 ac
994 1604 1337 1656 commodum
1373 1612 1475 1667 est,
1507 1619 1670 1672 quam
1710 1605 2140 1669 incommodum,
2169 1607 2315 1676 quod
2409 1611 2476 1678 τῆ

2259 1607 2315 1661 )tI
2409 1611 2507 1678 τῆς
2541 1613 2810 1682 ὑμετέρας
2851 1613 3104 1682 χωρίζειν
3152 1613 3331 1681 φιλίας
3379 1615 3472 1667 καὶ
3547 1615 3852 1677 συνουσεας,
3893 1633 3980 1667 το-

755 1704 786 1743 a
835 1699 1019 1744 vestra
1058 1695 1305 1747 ondcitia
1357 1703 1412 1747 et
1459 1694 1847 1756 familiaritate,
1890 1711 1947 1749 re
2004 1697 2143 1749 tanti
2200 1713 2316 1750 tuo-

2412 1700 2597 1753 σοῦτου
2633 1703 2976 1772 πράγματος.
3010 1703 3189 1756 ’Ἄλλοι
3220 1703 3322 1772 τῆς
3352 1704 3451 1774 σῆς
3483 1705 3812 1775 τελειότητος
3845 1707 3981 1760 ἁπο-

755 1779 943 1842 menti,
998 1795 1083 1832 me
1129 1781 1402 1851 sejungat.
1463 1782 1566 1836 Alii
1625 1785 1901 1852 pra-stanti
1966 1793 2057 1837 tua
2114 1787 2316 1838 virtute
2350 1856 2387 1867 η
2413 1791 2476 1845 λα

2263 1794 2316 1838 te
2350 1856 2387 1867 n
2413 1791 2666 1845 λαύουσιν
2689 1811 2701 1824 ’
2754 1797 2886 1863 ἡμῖν
2926 1794 2984 1846 δὲ
3029 1795 3167 1862 μέγα
3202 1794 3312 1862 (61)
3352 1795 3453 1848 κᾶν
3481 1798 3528 1848 εί
3560 1797 3717 1849 τοῦτο
3745 1797 3981 1867 ἔχοιμεν,

755 1867 1053 1933 fruuntur;
1104 1871 1261 1925 nobis
1302 1881 1482 1926 autem
1531 1872 1634 1926 hoc
1686 1888 1939 1941 magnum
1980 1881 2034 1926 et
2077 1874 2314 1940 amplum
2349 1856 2389 1909 Β
2420 1899 2476 1934 σι

2266 1887 2314 1924 ιιι
2349 1856 2389 1909 Β
2420 1883 2575 1934 σκιὰν
2603 1856 2818 1952 ὁμιλίας
2851 1882 2950 1952 τὴν
2987 1856 3047 1935 ὲν
3091 1856 3346 1951 τυῑςώΞ)
3391 1885 3726 1954 πράγμασιν.
3754 1856 3897 1957 ’Ἆρα
3925 1856 3981 1938 σε

755 1959 939 2022 fuerit,
973 1961 1018 2016 si
1050 1963 1318 2017 sermonis
1367 1971 1421 2017 et
1467 1965 1877 2032 congressionis
1915 1964 2162 2015 umbram
2207 1963 2319 2030 80

754 2052 1129 2115 habuerimus,
1165 2069 1286 2120 qua:
1335 2055 1388 2106 in
1431 2054 1679 2122 epistolis
1715 2054 2048 2108 continetur.
2079 2054 2160 2106 An
2193 2069 2320 2106 vero

751 2143 809 2190 te
858 2152 1076 2192 rursum
1128 2141 1468 2196 videbimus?
1515 2155 1583 2194 an
1624 2158 1840 2196 rursum
1893 2143 2321 2212 complectetnur

751 2227 920 2282 decus
962 2238 1207 2283 nostrum
1250 2239 1303 2285 et
1338 2242 1718 2285 ornamentum
1766 2250 1780 2287 :
1831 2233 1992 2302 idque
2040 2233 2162 2286 vita:
2217 2246 2320 2287 no-

753 2328 881 2372 stra:
929 2319 1173 2387 reliquiis
1228 2321 1486 2373 dabitur?
1539 2320 1594 2374 Si
1640 2321 1858 2391 quidem
1906 2323 2083 2386 detur,
2135 2322 2313 2375 omnis

752 2409 862 2463 Deo
913 2409 1088 2479 gratia
1149 2411 1414 2465 habeatur
1469 2428 1483 2464 :
1537 2411 1622 2466 sin
1672 2413 1876 2474 minus,
1916 2412 2029 2480 jam
2075 2412 2313 2466 maxima

752 2501 927 2554 nostri
978 2510 1130 2571 parte
1165 2504 1362 2557 mortui
1399 2519 1613 2559 sumus.
1663 2503 1742 2557 Tu
1780 2520 1907 2557 vero
1952 2503 2197 2575 Gregorii
2235 2503 2312 2558 tui

753 2594 1064 2658 recordare,
1097 2608 1161 2647 ac
1190 2610 1278 2650 res
1308 2604 1526 2650 nostras
1557 2611 1947 2650 commemora.

1230 2730 1414 2787 XCIV.
1455 2731 1831 2787 ΑΜΑΖΟΝΙΟ.

2418 1973 2659 2043 ὀψόμεθα
2686 1975 2878 2039 «sxw;
2926 1971 3034 2046 ἆρα
3083 1975 3521 2046 περιπυξόμεθα
3561 1975 3752 2045 τδ(65)
3785 1978 3981 2048 ἡμέτε-

2422 2080 2513 2132 ρον
2542 2064 2920 2134 σεμνολὸγημα
2945 2082 2960 2130 ;
3008 2066 3104 2118 καὶ
3133 2066 3290 2119 τοῦτο
3330 2066 3611 2136 δοθήσεται
3641 2067 3750 2137 (64)
3789 2068 3866 2136 τῷ
3887 2069 3981 2138 τῆς

2421 2153 2566 2222 ζωῆς
2594 2155 2748 2224 ἡμῶν
2775 2156 3046 2226 λειψάνῳς
3092 2159 3152 2209 El
3197 2157 3295 2227 μὲν
3334 2157 3535 2229 δοθείη,
3579 2160 3728 2211 πᾶσα
3765 2158 3842 2228 τῷ
3867 2159 3983 2228 Θεῷ

2421 2245 2612 2315 χάρις’
2649 2246 2696 2297 εί
2727 2245 2783 2298 δὲ
2822 2247 2918 2317 μὴ,
2952 2247 3291 2318 τεθνήκαμεν
3331 2249 3432 2319 ἤδη
3481 2249 3558 2319 τῷ
3599 2249 3831 2320 πλείστῳ
3873 2250 3982 2320 (65)

2423 2334 2596 2402 μέρει.
2631 2335 2702 2387 Σὺ
2730 2335 2784 2388 δὲ
2814 2335 3058 2407 μέμνησο
3079 2336 3173 2390 τοῦ
3202 2335 3294 2390 σοῦ
3319 2337 3638 2410 Γρηγορίου,
3668 2339 3760 2392 καὶ
3795 2338 3981 2410 διηγοῦ

2419 2423 2486 2478 τὰ
2513 2425 2753 2497 ἡμέτερα
2784 2425 2916 2495 (66).

2855 2733 2967 2798 τιν.
3007 2731 3357 2803 ΛΜΑΖΟΝΙῼ
3395 2732 3526 2801 (67).

751 2861 822 2920 Se
845 2864 898 2918 in
924 2863 1152 2918 adversis
1177 2865 1344 2934 quiete
1372 2863 1755 2934 philosophari,
1778 2865 1830 2918 in
1854 2864 2206 2934 disjunctione
2229 2863 2517 2919 amicorum
2557 2878 2670 2918 esse
2707 2863 2883 2916 animo
2921 2880 3170 2933 perquam
3200 2861 3400 2931 abjecto
3435 2863 3633 2930 fatetur
3671 2866 3976 2936 Gregorius.

823 2977 884 3032 Si
910 2976 1036 3048 quis
1076 2979 1449 3033 communium
1487 2979 1811 3045 amicorum,
1847 2997 1986 3051 quos
2016 2982 2316 3048 permultos

750 3084 872 3124 esse
924 3068 1173 3132 conﬁdo,
1223 3085 1288 3124 ex
1346 3078 1400 3124 te
1461 3079 1854 3138 percunctetur
1928 3090 1941 3126 :

755 3157 1094 3229 Gregorius?
1117 3160 1320 3230 etquid
1361 3175 1544 3214 rerum
1575 3161 1724 3229 agit?
1753 3160 1939 3216 Dicere
1966 3177 2034 3215 ne
2070 3160 2312 3227 dubites,

751 3266 876 3305 eum
917 3250 1100 3319 quiete
1130 3267 1194 3304 ac
1227 3252 1517 3320 tranquille
1543 3252 1937 3320 philosophari,
1989 3269 2096 3306 non
2145 3254 2316 3324 magis

749 3356 882 3406 eos,
925 3356 955 3394 a
1005 3342 1206 3411 quibus
1261 3342 1460 3411 injuria
1509 3342 1612 3412 ipsi
1662 3343 1810 3396 illata
1853 3351 1957 3407 est,
2008 3351 2314 3408 curantem,

751 3448 914 3503 quam
944 3449 1060 3494 eos.
1099 3434 1167 3488 de
1196 3434 1419 3503 quibus,
1463 3435 1516 3488 in
1551 3437 1798 3490 lucemne
1822 3446 1876 3490 et
1909 3436 2074 3490 vitam
2104 3435 2320 3504 prodie-

751 3525 880 3585 rint,
931 3525 1174 3593 ignotum
1222 3533 1385 3594 atque
1426 3527 1720 3580 obscurum
1763 3535 1848 3580 est
1887 3545 1900 3582 :
1950 3526 2084 3580 adeo
2116 3527 2319 3581 invicto

749 3621 834 3666 est
863 3613 1026 3665 animi
1061 3615 1287 3668 robore!
1323 3614 1476 3680 Quod
1508 3616 1554 3670 si
1593 3624 1648 3669 te
1697 3629 1892 3669 rursus
1935 3615 2075 3668 idem
2109 3623 2263 3686 roget
2299 3635 2314 3670 :

750 3703 1036 3768 Quomodo
1077 3704 1181 3759 l'ert
1219 3706 1522 3760 amicorum
1563 3707 2027 3775 disjuuctioncm‘l
2056 3705 2174 3760 Non
2199 3707 2312 3775 jam

751 3796 980 3848 ﬁdenter
1009 3795 1340 3864 respondeas
1374 3812 1496 3850 eum
1546 3797 1941 3866 philosophari,
1975 3812 2161 3850 verum
2193 3797 2314 3850 ani-

749 3902 837 3939 mo
865 3901 988 3941 esse
1034 3901 1295 3955 perquam
1332 3886 1521 3940 humili
1559 3895 1613 3940 et
1656 3887 1891 3956 abjecto.
1935 3886 2039 3939 Alii
2068 3887 2214 3941 enim
2255 3886 2310 3940 in

749 3977 871 4031 aliis
903 3977 1070 4030 rebus
1116 3977 1394 4031 molliores
1428 3985 1576 4040 sunt,
1618 3992 1718 4032 nos
1766 3985 1946 4030 autem
1979 3977 2033 4030 in
2070 3977 2311 4029 amicitia

745 4075 802 4124 et
860 4067 1072 4121 amicis.
1137 4066 1338 4120 I'Iorum
1405 4067 1459 4121 in
1515 4081 1746 4121 numero
1805 4067 2038 4121 eximius
2092 4082 2313 4137 quoque

750 4157 1079 4209 Amazonius
1107 4167 1208 4212 est.
1237 4156 1317 4210 Tu
1357 4172 1487 4211 vero
1527 4157 1627 4210 hac
1667 4172 1772 4210 una
1818 4173 1876 4212 re
1915 4155 2145 4212 fortasse
2178 4171 2310 4210 mm-

2494 2981 2594 3033 'Av
2616 2996 2700 3041 τις
2731 2977 2918 3048 ἔρηταί
2947 2977 3056 3046 (68)
3094 2995 3151 3030 σε
3175 2977 3283 3031 τῶν
3321 2977 3512 3031 κοινῶν
3541 2979 3707 3048 φίλων
3734 2980 3980 3049 (πολλοὺς

2009 3069 2112 3124 Ubi
2167 3086 2314 3124 nunc
2340 3054 2382 3113 θ
2412 3071 2469 3124 δὲ
2523 3067 2662 3124 εἶναι
2720 3069 2973 3139 πείθομαι
3016 3068 3279 3138 τούτους)’
3327 3069 3436 3123 Ποῦ
3480 3069 3536 3122 δὲ
3571 3070 3664 3124 νῦν
3709 3071 3738 3122 ὁ
3777 3071 3982 3141 Γρηγό-

2419 3178 2531 3232 ριος
2585 3161 2737 3230 (69);
2793 3161 3020 3231 πράττει
3067 3159 3122 3212 δὲ
3177 3160 3264 3224 τί;
3312 3159 3530 3230 θαρρῶν
3579 3161 3698 3212 εἰπὲ
3733 3161 3867 3232 (70).
3898 3163 3980 3215 ὅτι

2415 3253 2502 3322 ἐφ’
2560 3251 2789 3323 ἡσυχίας
2847 3251 3160 3320 φιλοσοφεῖ,
3216 3250 3449 3303 τοσαῦτα
3501 3249 3611 3304 τῶν
3655 3251 3982 3308 ἀδικούντων

2419 3341 2736 3411 φροντίζων,
2765 3343 2864 3395 ὅσα
2887 3341 2993 3394 τῶν
3022 3341 3142 3394 οὐδὲ
3171 3342 3217 3392 εί
3249 3341 3502 3409 γεγόνασι
3529 3346 3943 3415 γινωσκομένων
3962 3362 3978 3376 ⁸

2414 3433 2587 3497 οὕτως
2635 3434 2781 3486 ἐστὶν
2827 3435 3109 3503 ἀήττητος.
3161 3434 3257 3484 Ἂν
3305 3433 3362 3485 δέ
3411 3449 3469 3486 σε
3531 3434 3693 3487 πάλιν
3739 3437 3768 3488 ὀ
3821 3437 3981 3501 αὐτὸς

2415 3523 2765 3594 ὲπανέρηται·
2802 3521 2924 3584 Πῶς
2956 3521 3014 3573 δὲ
3039 3522 3135 3591 τὴν
3163 3521 3428 3586 διάζευξιν
3457 3521 3610 3593 φέρει
3641 3522 3749 3576 τῶν
3781 3524 3977 3592 φίλωνς

2417 3613 2613 3683 μηκέτι
2641 3614 2855 3684 θαρρῶν
2885 3612 3059 3675 εἴποις
3099 3613 3180 3664 ὄτι
3224 3612 3521 3680 φιλοσοφεῖ,
3555 3613 3691 3665 ἀλλὰ
3728 3615 3823 3666 καὶ
3861 3615 3980 3667 λίαν

2414 3703 2652 3770 ἀγεννῶς
2697 3702 2825 3771 ἔχει.
2869 3701 3060 3753 Ἀλλου
3113 3699 3212 3770 μὲν
3256 3701 3365 3771 γὰρ
3415 3701 3570 3764 ἄλλος
3601 3702 3777 3773 ἥττων
3810 3704 3978 3768 ἐστὶν,

2413 3793 2568 3862 ἡμεῖς
2602 3791 2660 3844 δὲ
2692 3792 2872 3860 φιλίας
2912 3793 3002 3843 καὶ
3031 3790 3217 3860 φίλων.
3254 3790 3470 3843 Τούτων
3521 3787 3602 3854 εἷς
3651 3794 3763 3844 ἐστι
3812 3794 3905 3845 καὶ
3951 3796 3978 3847 έ

2412 3885 2709 3954 Θαυμάσιος
2749 3884 3060 3955 Ἀμαζόνιος
3093 3885 3228 3954 (71).
3262 3884 3413 3953 Τάχα
3448 3884 3513 3939 ἂν
3542 3885 3621 3937 έν).
3649 3885 3794 3957 μόνῳ
3828 3886 3980 3957 Θερα-

2411 3975 2639 4039 πεύσαις
2666 3977 2830 4045 ἡμᾶς,
2862 3975 2956 4028 καὶ
2996 3976 3159 4047 ῥᾴους
3204 3975 3294 4027 ἐπὶ
3343 3975 3424 4027 σοὶ
3459 3978 3727 4045 ποιήσαις,
3764 3979 3810 4030 εί
3841 3995 3978 4048 μνη-

2416 4067 2661 4138 μονεύοις
2690 4067 2801 4137 (72)
2834 4067 3010 4137 ἡμῶν,
3053 4067 3145 4120 καὶ
3189 4067 3270 4120 ὅτι
3315 4068 3472 4121 τοῦτο
3519 4069 3709 4133 ποιεῖς,
3774 4069 3978 4134 πείΟοις

2411 4161 2524 4222 τοῖς
2550 4158 2887 4228 γράμμασιν.

750 4246 862 4298 rori
892 4255 1076 4302 nostro
1105 4248 1305 4302 mederi
1325 4263 1514 4317 queas.
1540 4263 1603 4302 ac
1636 4247 1967 4303 desiderium
1999 4248 2077 4302 tui
2107 4247 2298 4314 lenire,
2337 4248 2384 4303 si
2409 4251 2582 4305 nostri
2614 4264 2823 4304 memor
2853 4247 3045 4314 lucris,
3097 4254 3259 4319 atque
3310 4248 3470 4319 hujus
3519 4249 3596 4304 rei
3631 4249 3788 4304 Iidem
3844 4249 3974 4304 mihi

751 4351 848 4406 per
877 4337 1088 4392 litteras
1121 4337 1313 4391 iacias.

1264 4473 1427 4528 XCV.
1469 4472 1788 4530 LEONTIO.

2880 4468 2994 4536 ur.
3036 4469 3333 4542 ΔΕΟΝΤΙῼ
3373 4472 3506 4540 (75).

1169 4583 1320 4649 Quod
1351 4586 1465 4654 igne
1497 4584 1818 4640 Sodomitico
1840 4593 1889 4638 et
1917 4585 2201 4654 episcopali
2228 4585 2572 4642 dissolutione
2593 4583 2750 4652 fuerit
2775 4583 3048 4645 liberatus,
3071 4582 3173 4635 sibi
3202 4583 3524 4652 gratulatur.

821 4697 866 4754 0
904 4697 1140 4751 faustum
1172 4711 1236 4748 ac
1269 4697 1614 4750 commodum
1651 4696 1926 4759 morbum,
1958 4697 2309 4768 hostiumque
2341 4702 2387 4760 ι)

823 4831 935 4904 (59)
971 4831 1373 4904 Πειριισςόμεθα
1399 4830 1451 4904 δῖ
1479 4831 1652 4904 ὅμως.
1677 4832 1810 4885 Cod.
1913 4827 2204 4904 οὖνκΜυι,
2238 4833 2314 4904 μὴ

823 4851 935 4898 tot!)
971 4851 1373 4898 ιιειρίισομευα
1399 4851 1429 4880 ο
1479 4851 1652 4898 ομως.
1677 4851 1810 4885 ιλοη.
1839 4851 1869 4883 ο
1913 4851 2024 4884 ουν.
2063 4851 2204 4895 mox,
2278 4851 2312 4904 η

753 4900 1073 4967 ἀντιλέγειν,
1123 4900 1331 4951 minime
1377 4899 1626 4952 reluctari
1651 4917 1668 4962 ,'
1715 4909 1770 4953 cl.
1821 4901 1900 4953 sic
1941 4901 2179 4954 Scribere
2217 4851 2312 4954 «Ii:-

758 4970 986 5040 huisset,
1025 4970 1102 5021 ait
1137 4967 1409 5034 Combel'.,
1457 4985 1564 5022 non
1619 4971 1904 5032 coarctari,
1942 4978 1998 5022 ut
2027 4970 2220 5040 legitur
2257 4971 2312 5024 in

754 5039 886 5093 edit.

828 5106 941 5176 (60)
971 5105 1120 5159 Alias
1151 5103 1285 5176 LIX.
1325 5103 1536 5176 Scripta
1573 5103 2013 5176 emlem‘circiter
2043 5113 2306 5176 tempore.

829 5173 942 5245 (6i)
982 5176 1145 5243 Ἡμῖν
1172 5175 1239 5226 δὲ
1265 5173 1552 5244 μέγαζιιει
1593 5175 1713 5228 cod.
1762 5173 1892 5245 Reg.
1929 5175 1985 5228 In
2015 5173 2309 5245 οιΙὶιίήμῖν

756 5245 812 5298 δὲ
838 5245 994 5298 τοῦτο
1025 5245 1163 5312 μέγα

829 5284 1198 5382 (ἐξ)ἃὲἷὲἓὲ
1225 5311 1368 5377 τοῖς.
1416 5311 1560 5382 Cod.
1605 5317 1660 5366 et
1688 5311 1931 5382 Comhel'.
1958 5311 2058 5382 τῆς
2085 5312 2143 5382 ιν
2174 5314 2306 5374 τοῖς.
2409 5284 2490 5380 mi

828 5379 1112 5451 (63)7’Apa
1150 5381 1620 5451 xeptarvfdpwa
1659 5383 1748 5451 τό.
1791 5379 1863 5451 Ita
1905 5379 2062 5435 codd.
2089 5380 2222 5451 Reg.
2256 5389 2311 5436 et

758 5447 930 5521 Pass.
948 5450 1003 5504 In
1032 5447 1158 5521 edit.
1193 5447 1314 5521 ἄρα
1333 5467 1390 5502 σε
1414 5447 1950 5521 περιτζτυξόμεθεετό.

833 5519 940 5587 (64)
969 5519 1147 5573 Τοῦτο
1174 5517 1509 5584 δόθήσεταί.
1549 5517 1744 5572 Vocem
1755 5518 1944 5587 τοῦτο,
1977 5533 2100 5587 qua:
2123 5517 2310 5574 deerat

757 5588 812 5643 In
839 5585 983 5659 Bill.,
1006 5589 1418 5659 suppeditarunt
1438 5589 1546 5641 duo
1568 5587 1726 5659 codd.
1751 5585 2168 5659 R_egg._etPass.

830 5658 944 5729 (65)
980 5656 1127 5724 Ἦδή
1159 5657 1238 5723 τῷ
1273 5658 1558 5724 πλείστῳ.
1590 5657 1669 5713 Ita
1700 5656 2060 5729 codd.‘Begg.
2082 5666 2136 5714 et
2151 5656 2306 5714 Pass.

755 5727 812 5782 Ia
842 5727 972 5783 edit.
1012 5729 1114 5799 ἤδη
1135 5729 1304 5784 dccst.

2485 4697 2549 4748 Ὢ
2592 4696 2689 4764 τῆς
2736 4693 2912 4758 δεξιᾶς
2944 4694 3118 4758 νόσου,
3163 4695 3255 4746 καὶ
3305 4693 3403 4764 τῆς
3445 4693 3551 4746 τῶν
3599 4695 3806 4766 ἐχθρῶν
3835 4698 3972 4770 tm]-

2486 4827 2598 4896 (66)
2634 4827 2741 4879 Καὶ
2787 4825 2994 4897 διηγοῦ
3037 4826 3107 4879 τὰ
3139 4825 3410 4895 ἡμέτερα.
3451 4825 3597 4892 BiII.,
3627 4827 3863 4897 Gregorii
3894 4834 3974 4885 tui

2416 4897 2720 4952 memoriam
2755 4896 2884 4952 εοίε.
2918 4913 2978 4946 ac
3002 4913 3080 4948 res
3108 4909 3316 4948 nostras
3343 4913 3525 4950 narra.

2486 4965 2598 5035 (67)
2629 4965 2778 5018 Alias
2809 4963 3086 5017 LXXXIII.
3121 4964 3333 5033 Scripta
3365 4966 3555 5020 eodem
3582 4965 3808 5052 .irciter
3835 4975 3970 5022 tem-

2487 5052 2512 5088 I‘

2624 5104 2738 5174 ⁸Ἅνι
2784 5120 2873 5174 τις
2922 5101 3144 5174 ἔρηται.
3189 5101 3264 5156 Ita
3294 5101 3417 5157 Cod.
3455 5101 3613 5174 “83.,
3648 5103 3883 5160 Montac.
3917 5115 3972 5160 cI

2409 5171 2652 5226 Coinbel'.
2689 5171 2743 5223 In
2774 5172 2910 5241 edit.
2936 5172 3165 5241 εἴρηται.

2483 5241 2595 5327 (69)
2637 5242 2688 5293 ’0
2717 5240 3056 5308 Γρηγεξριος.
3093 5241 3242 5296 Unus
3274 5240 3398 5295 cod.
3435 5241 3590 5296 habet
3616 5243 3644 5295 ὀ
3673 5242 3973 5314 Γρηγόριος

2495 5329 2562 5364 ιν.

2483 5381 2596 5453 (70)
2635 5378 2874 5453 eamdi,»
2897 5378 3044 5453 εζπέ.
3079 5377 3209 5432 Cod.
3247 5378 3376 5450 Reg.
3402 5386 3454 5433 et
3480 5378 3724 5434 Combel'.
3753 5381 3972 5453 Θαρρὦ

2409 5449 2641 5519 φράσον,
2779 5448 3041 5519 ἡσυχίας.

2483 5519 2596 5589 (7i)
2619 5514 2972 5586 ’Λμὰζόνιόζκ
3004 5514 3176 5589 Τάχα.
3205 5515 3337 5570 Cod.
3354 5515 3714 5589 _'Ap.a.:6wo;,
3729 5519 3787 5589 ὃς
3806 5519 3970 5589 τάχα.

2487 5587 2601 5656 (72)
2636 5591 2700 5641 Εἰ
2717 5587 3136 5671 ﬁrmiore-date.
3165 5589 3240 5638 Ita
3269 5587 3390 5640 cod.
3413 5587 3465 5642 et
3486 5587 3730 5643 Combcl'.
3754 5588 3810 5642 In
3836 5587 3970 5644 edit.

2415 5657 2463 5710 εί
2505 5658 2866 5778 μνημονεύῃς.

2486 5729 2504 5778 l
2547 5727 2601 5778 3)
2641 5728 2788 5778 Alias
2823 5725 2866 5778 Ω

2486 5723 2952 5798 (‘13)"Alias'CllI.
2995 5723 3208 5794 Scripta
3239 5725 3428 5782 eodem
3460 5726 3677 5784 circiter
3709 5735 3951 5798 tempore
