5274 6660
1183 441 1285 496 ης,
2441 422 2496 474 s.
2540 417 2864 475 onsconn
2905 413 3248 470 'riiEOLoci
4312 407 4414 464 iss

1179 548 1486 607 curationis
1535 553 1616 597 est
1651 556 1850 611 expers
1885 559 1898 594 :
1933 538 2077 607 quod
2134 545 2315 590 autem
2375 534 2486 587 Deo
2531 534 2741 586 unitum
2773 546 2814 600 Α
2843 530 3000 582 τοῦτο
3025 531 3118 580 κα).
3150 526 3260 590 σὼζ

2375 534 2486 587 Deo
2531 534 2741 586 unitum
2773 546 2814 600 Α
2843 530 3000 582 τοῦτο
3025 531 3118 580 καὶ
3150 526 3399 590 σώζεται.
3426 525 3488 578 Εἰ
3511 526 3714 594 ἥμισυς
3739 523 3848 591 (49)
3876 524 4133 575 ἔπταισεν
4161 523 4190 574 ὁ
4221 522 4413 611 Ἀδὰμ,

1179 649 1286 702 est,
1317 640 1433 691 'hoc
1475 650 1697 706 quoque
1727 609 1977 687 salutem
2015 629 2395 696 consequitur.
2431 626 2487 680 Si
2522 625 2749 679 dimidia
2849 620 3020 688 ἥμισυ
3049 617 3142 670 καὶ
3175 616 3235 667 τὸ

2335 643 2395 680 ll'.
2431 626 2487 680 Si
2522 625 2749 679 dimidia
2849 620 3020 688 ἥμισυ
3049 617 3142 670 καὶ
3175 616 3235 667 τὸ
3269 614 3737 685 προσειλημμένον
3767 614 3861 665 καὶ
3902 613 3960 665 τὸ
3995 611 4316 682 σωζόμενον.
4353 609 4418 666 ΕΙ

1181 742 1392 787 tantum
1449 704 1516 782 es
1555 735 1712 797 parte
1759 724 2003 777 Adamus
2047 711 2232 791 lapsus
2259 729 2366 781 est,
2409 717 2750 772 dimidiatum
2850 712 2904 764 δὲ
2937 711 3056 772 ὁλος
3095 709 3235 775 (50),

2336 729 2366 781 L,
2409 717 2750 772 dimidiatum
2850 712 2904 764 δὲ
2937 711 3056 772 ὁλος
3095 709 3235 775 (50),
3278 708 3383 777 ὅλῳ
3420 706 3498 777 τῷ
3527 705 3837 775 γεννηθέντι
3870 706 4104 775 ἥνωται,
4149 705 4242 756 καὶ
4283 704 4419 766 ὅλως

1182 837 1401 892 quoque
1434 821 1508 874 sit
1545 817 1688 888 quod
1721 821 2066 884 assumptum
2113 819 2233 874 est,
2262 819 2316 864 et
2346 809 2490 879 quod
2521 807 2752 861 salutem

1181 913 1415 982 accipit;
1462 910 1506 964 si
1559 914 1742 961 autem
1787 914 1938 959 totus
1974 903 2242 974 peccavit,
2281 902 2379 954 toti
2411 913 2628 968 quoque
2661 911 2754 966 ge-

1182 1003 1300 1058 nito
1331 1000 1520 1054 unitus
1547 1005 1654 1059 est,
1689 1005 1856 1063 atque
1887 993 2036 1047 omni
2067 1007 2133 1046 ex
2167 1000 2322 1060 parte
2353 989 2588 1043 salutem
2621 1000 2753 1038 con-

1186 1089 1452 1159 sequitur.
1476 1086 1748 1152 Quocirca
1779 1097 1848 1137 ne
1887 1079 2182 1150 perfectam
2211 1078 2444 1131 salutem
2469 1074 2560 1129 isti
2592 1072 2753 1126 nobis

1183 1179 1482 1238 invideant,
1511 1185 1604 1230 aut
1635 1189 1762 1230 ossa
1805 1173 2004 1232 solum,
2047 1179 2100 1224 et
2127 1185 2348 1231 nervos,
2381 1177 2544 1237 atque
2574 1165 2754 1219 homi-

1183 1273 1271 1327 nis
1302 1270 1570 1341 picturam
1605 1265 1875 1320 Salvatori
1906 1263 2175 1318 tribuant.
2204 1260 2335 1314 Nam
2359 1259 2404 1312 si
2433 1259 2550 1330 ipse
2575 1256 2754 1311 inani-

1184 1370 1366 1430 matus
1401 1361 1563 1413 homo
1592 1365 1698 1418 est,
1731 1355 1834 1410 hoc
1880 1355 2045 1409 etiam
2091 1353 2275 1406 Ariani
2327 1353 2502 1412 aiunt,
2536 1358 2594 1401 ut
2624 1363 2752 1417 pas-

1183 1456 1396 1507 sionem
1430 1449 1702 1503 divinitati
1738 1447 2007 1508 tribuant,
2049 1445 2164 1514 88
2205 1453 2463 1511 tauquam
2500 1440 2753 1493 videlicet

1181 1545 1327 1615 quod
1372 1557 1574 1611 corpus
1604 1552 1803 1602 movet,
1838 1540 1980 1593 idem
2018 1552 2240 1607 quoque
2271 1537 2528 1605 patiatur.
2571 1531 2626 1584 Si
2657 1547 2755 1584 an-

1183 1646 1291 1691 tem
1347 1637 1621 1688 animatus
1651 1633 1894 1702 quidem,
1939 1645 2128 1684 verum
2163 1628 2367 1683 mentis
2393 1640 2612 1694 expers,
2645 1638 2755 1694 quo

1183 1726 1403 1781 tandem
1459 1725 1620 1778 inodo
1669 1722 1908 1775 hominis
1953 1736 2153 1776 nomen
2203 1717 2543 1774 sustinebit?
2574 1716 2756 1783 Neque

2853 801 3081 865 σώζεται
3127 800 3260 867 (51).
3307 799 3399 870 Μὴ
3444 798 3619 852 τοίνυν
3669 796 4108 867 βασκαινέτωσαν
4152 797 4283 866 ἡμῖν
4319 795 4421 864 τῆς

2853 891 3146 953 παντελοῦς
3199 889 3500 960 σωτηρίας,
3547 889 3680 960 μηδὲ
3720 888 3852 940 ὁστᾶ
3893 887 4082 956 μόνον,
4125 887 4219 939 καὶ
4253 885 4422 955 νεῦρα

2853 985 2945 1038 καὶ
2977 982 3292 1052 ζωγραφίαν
3318 979 3599 1052 ἀνθρώπου
3630 979 3706 1049 τῷ
3735 979 3942 1049 Σωτῆρι
3973 975 4418 1048 περιτιθέτωσαν.

2854 1075 2916 1126 ΕΞ
2948 1074 3047 1144 μὲν
3078 1073 3188 1143 γὰρ
3216 1072 3419 1140 ἄψυχος
3451 1073 3480 1124 ὁ
3509 1070 3815 1141 ἄνθρωπος.
3847 1067 4004 1121 τοῦτο
4041 1070 4133 1120 καὶ
4157 1065 4424 1136 Ἀρειανοὶ

2852 1166 3119 1235 λέγουσιν,
3151 1166 3215 1218 ἵν’
3239 1166 3331 1217 ἐπὶ
3353 1164 3452 1234 τὴν
3481 1162 3707 1233 026nm;
3736 1163 3797 1215 τὸ
3817 1162 3986 1224 πάθος
4013 1161 4326 1228 ἐνέγκωσιν,
4348 1158 4424 1221 ὡς

2851 1255 2946 1309 τοῦ
2981 1254 3254 1316 κινοῦντος
3285 1252 3346 1306 τὺ
3381 1253 3572 1322 σῶμα,
3607 1251 3796 1305 τούτου
3830 1253 3924 1304 καὶ
3957 1249 4422 1332 πασχοντοςοῶῖ).

2855 1347 2916 1399 Εἰ
2935 1347 2991 1400 δέ
3024 1345 3284 1416 ἔμψυχος,
3315 1347 3362 1397 εἱ
3401 1343 3499 1414 μὲν
3523 1344 3584 1396 οὺ
3615 1343 3818 1414 νοερὸς,
3846 1343 3961 1408 πῶς
3990 1345 4082 1396 καὶ
4108 1342 4423 1414 ἀνθρωποςς

2853 1439 2914 1490 οὗ
2956 1437 3063 1506 γὰρ
3111 1436 3270 1490 ἄνουν
3325 1433 3462 1497 ζῶον
3516 1435 3544 1486 ὁ
3600 1433 3901 1502 ἄνθρωπος.
3952 1433 4063 1486 Καὶ
4107 1434 4320 1500 ἀνάγκη
4365 1431 4428 1482 το

2857 1530 3036 1598 σχῆμα
3063 1529 3162 1597 μὲν
3188 1526 3524 1598 ἀνθρώπειον
3550 1521 3685 1577 εἶναι
3707 1525 3818 1595 (53)
3847 1525 3938 1577 καὶ
3959 1525 4056 1594 τὴν
4081 1523 4304 1593 σκηνὴν,
4331 1520 4428 1591 τὴν

2853 1618 3101 1688 δὲψυχὴν
3125 1618 3290 1669 ἵπποι)
3324 1616 3486 1680 τινος,
3521 1614 3554 1684 ἢ
3597 1613 3738 1683 βοὸς,
3763 1616 3796 1684 ἧ
3824 1613 3980 1668 ἄλλοι)
4017 1613 4125 1665 τῶν
4162 1612 4424 1680 ἀνοήτων.

2855 1707 3026 1760 Τοῦτο
3053 1706 3184 1775 γοῦν
3221 1706 3371 1758 ἐσται
3408 1707 3502 1758 καὶ
3529 1705 3591 1758 τὸ
3630 1705 3951 1774 σωζόμενονο
3987 1704 4080 1756 καὶ
4109 1700 4427 1770 διεψεύσθην

1181 1817 1326 1869 enim
1385 1814 1548 1868 homo
1593 1812 1791 1864 animal
1821 1821 1905 1865 est
1957 1818 2137 1865 mente
2168 1825 2383 1863 carens.
2415 1810 2588 1875 Atque
2621 1803 2752 1857 illud
2789 1871 2816 1875 ι
2856 1797 2966 1866 ἐγὼ
2985 1798 3136 1868 παρὰ
3169 1798 3264 1867 τῆς

2346 1825 2383 1862 5.
2415 1810 2588 1875 Atque
2621 1803 2752 1857 illud
2789 1871 2816 1875 ι
2856 1797 2966 1866 ἐγὼ
2985 1798 3136 1868 παρὰ
3169 1798 3265 1867 τῆς
3289 1797 3568 1867 ἀληθείας.
3602 1799 3761 1853 ἄλλου
3783 1795 4122 1865 τιμηθέντος,
4150 1793 4306 1855 ἄλλος
4335 1809 4429 1861 με·

1182 1923 1408 1963 nccesse
1439 1913 1543 1967 est,
1571 1913 1628 1956 ut
1663 1903 1874 1973 species
1897 1901 2115 1970 quidem
2144 1909 2198 1955 et
2224 1901 2372 1952 larva
2399 1899 2633 1950 humana
2657 1895 2750 1956 sit,
2787 1871 2829 1929 Β
2855 1888 3265 1958 γαλαυχοῦμενο

2346 1913 2372 1950 a
2399 1871 2633 1950 humana
2657 1895 2750 1956 sit,
2787 1871 2829 1929 Β
2855 1888 3310 1958 γαλαυχοῦμενος.
3339 1887 3400 1940 El
3418 1887 3476 1940 δὲ
3501 1889 3706 1959 νοερὸς,
3728 1887 3842 1942 ἀλλ’
3864 1888 3962 1939 οὐκ
3983 1887 4140 1946 ἄνους
4165 1885 4194 1935 ὁ
4219 1883 4429 1954 ἂνθρω-

1183 1999 1363 2052 anima
1392 2005 1571 2050 autem
1607 1999 1732 2065 equi
1773 1993 2102 2062 cuiuspiam,
2149 2001 2243 2044 aut
2271 1990 2448 2050 bovis,
2479 1997 2573 2040 aut
2610 1986 2752 2038 alius
2861 1998 2981 2044 πος,
3013 1979 3263 2034 παυσάσο

2149 2001 2243 2044 aut
2271 1990 2448 2050 bovis,
2479 1997 2573 2040 aut
2610 1986 2752 2038 alius
2861 1998 2981 2044 πος,
3013 1979 3414 2034 παυσάσθωσαν
3450 1979 3618 2041 ὅντως
3654 1979 4056 2048 ἀνοηταίνοντες
4086 1976 4218 2047 (54).

1183 2090 1438 2144 animalis
1473 2097 1711 2142 mentem
1756 2103 1865 2141 non
1917 2085 2191 2140 habentis.
2237 2084 2315 2138 Ac
2357 2080 2587 2152 proinde
2617 2079 2750 2132 illud
2788 2091 3008 2147 quoque
3046 2079 3178 2137 erit,
3220 2075 3310 2128 cui
3357 2074 3510 2130 salus
3557 2073 3856 2128 alferatur:
3885 2083 4050 2139 atque
4085 2087 4186 2142 ego
4214 2072 4285 2126 ab
4313 2072 4430 2140 ipsa

1183 2183 1425 2240 Veritate
1465 2182 1691 2237 delusus
1733 2197 1880 2241 sum,
1917 2191 1974 2235 ut
2005 2181 2119 2250 qui,
2157 2180 2265 2232 alio
2301 2180 2508 2232 honore
2549 2173 2762 2238 all'ecto,
2801 2174 2918 2242 ipse
2942 2171 3164 2242 glorier,
3195 2185 3392 2238 meque
3428 2169 3650 2238 jactem.
3683 2168 3741 2223 Si
3780 2177 3960 2222 autem
4013 2168 4210 2223 mentis
4263 2168 4433 2237 parti-

1181 2297 1332 2351 ceps,
1363 2295 1473 2334 non
1506 2289 1683 2330 autem
1718 2285 1899 2329 mente
1929 2291 2124 2328 carens
2159 2275 2321 2326 homo
2355 2280 2460 2330 est.
2496 2271 2748 2339 desipere
2783 2283 2909 2322 vere
2933 2281 2994 2319 ac
3019 2267 3216 2320 mentis
3245 2265 3425 2334 inopia
3453 2265 3701 2319 laborare
3729 2266 4000 2319 desinant.

1251 2347 1340 2433 λι,
1405 2371 1604 2440 inquit.
1674 2368 1934 2424 divinitas
1989 2369 2193 2422 mentis
2254 2368 2376 2422 loco
2429 2363 2753 2420 sufliciebat.
2941 2357 3334 2427 ’Λλλ’ήρκει,ι

2350 2384 2376 2416 [ι
2429 2363 2753 2420 sufﬁciebat.
2941 2357 3079 2410 Ἀλλ’
3108 2359 3296 2427 ἦρχει,
3325 2357 3510 2426 φησιν,
3541 2358 3575 2427 ἡ
3602 2355 3792 2424 θεότης
3822 2356 3943 2408 ἀντὶ
3970 2354 4064 2406 τοῦ
4100 2352 4211 2406 νοῦ.
4248 2352 4313 2405 Τί
4341 2347 4433 2406 οῦν

1183 2464 1322 2530 Quid
1359 2474 1540 2516 autem
1575 2463 1680 2515 hoc
1723 2461 1789 2516 ad
1831 2462 1955 2515 me?
1985 2460 2251 2514 Divinitas
2293 2457 2439 2513 enim
2471 2471 2596 2510 cum
2636 2455 2753 2510 sola
2859 2451 2992 2523 πρὸς
3019 2449 3118 2520 ἐμὲ
3149 2449 3266 2502 τοῦτ

2351 2457 2439 2511 lim
2471 2471 2596 2510 cum
2636 2455 2753 2510 sola
2859 2451 2992 2523 πρὸς
3019 2449 3118 2520 ἐμὲ
3149 2449 3335 2513 τοῦτο;
3371 2448 3572 2519 Θεότης
3602 2448 3712 2519 γὰρ
3739 2449 3877 2518 μετὰ
3915 2446 4115 2518 σαρκὸς
4149 2445 4313 2516 μόνης
4333 2444 4434 2498 οὐκ

1183 2571 1349 2609 carne
1380 2554 1542 2606 homo
1568 2568 1678 2606 non
1706 2561 1813 2613 est.
1843 2551 1954 2604 imo
1988 2567 2086 2604 nec
2117 2565 2242 2604 cum
2270 2551 2386 2604 sola
2423 2548 2627 2608 anima.
2650 2560 2751 2600 nec
2856 2544 3158 2614 ἄνθρωπος,
3193 2541 3266 2596 ἁλῖ

2356 2565 2386 2603 a
2423 2548 2627 2608 anima.
2650 2560 2751 2600 nec
2856 2544 3158 2614 ἄνθρωπος,
3193 2541 3308 2596 ἀλλ’
3343 2542 3463 2594 οὐδὲ
3493 2541 3671 2611 ψυχῆς
3715 2542 3911 2612 μόνης,
3951 2541 4070 2594 οὐδὲ
4110 2540 4434 2611 ἀμψοτέρων

1183 2659 1308 2698 cum
1331 2652 1583 2711 utraque,
1609 2642 1654 2696 si
1680 2657 1832 2696 mens
1855 2641 2017 2708 absit,
2047 2657 2168 2712 qua:
2195 2642 2359 2696 etiam
2391 2640 2566 2711 magis
2587 2639 2750 2693 homo
2854 2639 3020 2708 χωρὶς
3057 2635 3150 2690 τοῦ
3183 2633 3266 2688 νοῐ

2353 2659 2359 2693 l
2391 2640 2566 2711 magis
2587 2639 2750 2693 homo
2854 2639 3020 2708 χωρὶς
3057 2635 3150 2690 τοῦ
3183 2633 3300 2698 νοῦ,
3335 2635 3365 2687 ὁ
3397 2634 3491 2686 καὶ
3529 2633 3727 2702 μᾶλλον
3759 2632 4044 2704 ἄνθρωπος
4089 2631 4225 2702 (55).
4265 2632 4436 2701 Τήρει

1181 2734 1396 2788 censeri
1419 2729 1601 2789 debet.
1626 2731 1992 2797 Quamobrem
2026 2741 2201 2785 totum
2243 2731 2518 2785 hominem
2550 2731 2747 2791 retine,

1185 2838 1248 2874 ae
1289 2821 1629 2876 divinitatem
1675 2822 1933 2892 adjunge,
1984 2831 2044 2876 ut
2075 2837 2160 2876 me
2203 2821 2362 2890 plene
2416 2835 2480 2873 ac
2513 2821 2756 2888 perfecte

1184 2911 1456 2964 beneﬁcio
1509 2910 1746 2965 afficias.
1796 2913 1886 2976 At,
1944 2912 2148 2981 inquis,
2201 2911 2313 2965 duo
2361 2909 2600 2980 perfecta
2646 2925 2756 2965 non

1183 3002 1452 3072 capiebat.
1491 3001 1608 3056 Non
1647 3018 1812 3070 sane;
1844 3003 2114 3074 siquidem
2153 3016 2421 3073 corporeo
2451 3001 2616 3055 modo
2645 3016 2758 3056 rem

1186 3093 1482 3162 espeudas.
1527 3091 1637 3148 Vas
1667 3095 1812 3148 enim
1849 3096 2014 3148 unius
2045 3095 2211 3148 modii
2244 3111 2416 3164 capax
2453 3095 2598 3150 duos
2637 3109 2758 3149 mo-

2855 2725 2948 2782 οὗν
2974 2728 3065 2782 τὸν
3101 2712 3385 2795 ἄνθρωπον
3408 2727 3557 2790 ὅλον,
3599 2726 3692 2778 καὶ
3724 2725 3877 2795 μίξον
3910 2725 4010 2794 τὴν
4049 2723 4310 2794 θεότητα,
4348 2723 4436 2773 ἵνα

2860 2839 2925 2892 με
2965 2820 3162 2882 τελέως
3199 2819 3492 2889 εῦεργετῇς
3531 2816 3662 2884 (56).
3703 2816 3841 2869 Ἀλλ’
3882 2817 3982 2870 οὐκ
4018 2816 4237 2888 ἐχώρει,
4279 2815 4434 2886 φησὶ,

2857 2913 2952 2966 δύο
3006 2911 3208 2964 τέλεια.
3262 2909 3396 2963 Οὐδὲ
3448 2910 3577 2979 γὰρ,
3627 2909 3784 2979 εἴπερ
3830 2907 4154 2978 σωματικῶς
4197 2909 4435 2969 σκοπεῖς.

2873 3004 3118 3070 Ἀγγεῖον
3169 3001 3277 3072 γὰρ
3335 3001 3646 3070 μεδιμναίον
3695 3000 3758 3052 οὐ
3809 3003 4046 3070 χωρήσει
4096 3000 4436 3069 διμέδιμνον,

2861 3095 2980 3147 οὐδὲ
3009 3095 3120 3160 (57)
3158 3093 3408 3162 σώματος
3447 3094 3564 3154 ἐνὸς
3595 3093 3759 3155 τόπος
3793 3092 3886 3144 δύο
3917 3094 3950 3162 ἢ
3988 3093 4156 3144 πλείω
4189 3092 4434 3162 σώματα’

1187 3187 1310 3241 dios
1343 3187 1568 3241 minime
1605 3186 1940 3248 continebit,
1985 3202 2084 3240 nec
2123 3187 2374 3254 corporis
2409 3187 2574 3240 unius
2608 3186 2760 3240 locus
2787 3179 2828 3236 C
2860 3187 2909 3238 ei
2942 3186 2996 3238 δὲ
3022 3185 3098 3248 ὡς
3131 3201 3270 3254 vom;

2353 3203 2374 3240 ε
2409 3187 2574 3240 unius
2608 3186 2760 3240 locus
2787 3179 2828 3236 C
2860 3187 2909 3238 εἰ
2942 3186 2996 3238 δὲ
3022 3185 3098 3248 ὡς
3131 3186 3295 3254 νοητὰ
3327 3187 3422 3237 καὶ
3455 3182 3740 3253 ἀσώματα,
3781 3184 3970 3235 σκόπει
4000 3184 4081 3235 ὁτι
4115 3184 4208 3235 καὶ
4239 3182 4436 3252 ψυχὴν,

1189 3279 1300 3332 duo
1331 3286 1425 3331 aut
1457 3277 1612 3347 plura
1638 3293 1888 3348 corpora.
1921 3278 1978 3331 Si
2009 3286 2188 3332 autem
2223 3289 2280 3330 ut
2318 3279 2678 3346 intelligihilia
2709 3289 2762 3333 et

1191 3371 1517 3439 incorporea
1549 3384 1613 3424 ea
1644 3369 1986 3432 consideres,
2019 3369 2150 3423 illud
2187 3369 2584 3431 animadverte,
2615 3369 2761 3439 quod

1192 3462 1330 3515 idem
1363 3463 1499 3530 ipSe,
1538 3468 1594 3515 et
1625 3461 1891 3526 animum,
1923 3471 1975 3514 et
2006 3463 2298 3526 rationem,
2331 3471 2386 3515 et
2423 3470 2683 3524 mentem,
2707 3471 2762 3516 et

1192 3550 1456 3620 Spiritum
1510 3559 1760 3603 sanctum
1800 3551 2068 3614 continui,
2113 3557 2277 3619 atque
2319 3551 2480 3603 etiam
2513 3557 2640 3602 ante
2675 3565 2760 3604 me

1190 3641 1431 3694 mundus
1458 3640 1545 3692 hic
1585 3640 1711 3708 (hoc
1747 3647 1831 3694 est
1860 3640 2003 3708 quod
2039 3656 2102 3693 ex
2136 3639 2446 3694 visibilibus
2471 3649 2526 3694 et
2572 3641 2763 3694 invisi-

1192 3729 1393 3784 hilibus
1424 3731 1587 3783 rebus
1615 3731 1872 3798 constat),
1904 3728 2140 3792 Patrem,
2177 3728 2368 3783 Filium
2409 3739 2464 3784 et
2499 3729 2760 3801 Spiritum

1193 3828 1465 3874 sanctum.
1498 3818 1623 3874 llaec
1647 3821 1791 3874 enim
1823 3836 2034 3883 eorum,
2077 3836 2199 3891 qua:
2221 3821 2274 3874 in
2305 3822 2639 3876 intellectum
2670 3837 2765 3874 ea-

1195 3912 1354 3974 dunt,
1407 3921 1600 3966 uatura
1651 3920 1758 3975 est,
1806 3919 1865 3965 ut
1915 3912 2237 3982 incorporeo
2284 3923 2447 3982 atque
2502 3913 2763 3968 invisibili

1196 3999 1381 4063 modo,
1415 4009 1468 4054 ct
1512 4000 1654 4054 inter
1695 4015 1754 4055 se
1794 4009 1848 4053 et
1891 4016 2014 4054 cum
2045 4002 2369 4071 corporibus
2410 4001 2763 4065 misceantur,

1195 4089 1636 4160 quandoquidem
1666 4101 1720 4145 et
1755 4091 1990 4160 plurium
2040 4109 2232 4146 vocum
2263 4095 2412 4148 auris
2451 4108 2557 4148 una
2593 4109 2764 4164 capas

1196 4190 1302 4245 est,
1338 4190 1392 4236 et
1427 4181 1720 4235 multorum
1760 4197 1854 4234 ora
1894 4182 2084 4236 iisdem
2119 4184 2390 4253 aspectari
2432 4183 2610 4236 oculis
2636 4199 2764 4252 pos-

2862 3278 2954 3328 καὶ
3003 3275 3180 3343 λόγον,
3234 3275 3328 3326 καὶ
3372 3274 3518 3336 νοῦν,
3574 3274 3667 3327 καὶ
3717 3273 3940 3342 Πνεῦμα
3992 3274 4146 3341 ᾶγιον
4200 3273 4228 3324 ὁ
4279 3271 4440 3333 αὐτὸς

2863 3366 3136 3436 ἐχώρησα,
3182 3365 3275 3417 καὶ
3311 3365 3416 3434 πρὸ
3459 3365 3593 3435 ἐμοῦ
3624 3366 3718 3418 τὸν
3756 3365 4002 3434 Πατέρα,
4038 3366 4130 3416 καὶ
4162 3364 4248 3416 τὸν
4282 3364 4437 3425 Υἱὸν,

2869 3460 2961 3510 καὶ
3013 3457 3074 3508 τὸ
3120 3457 3273 3523 ἆγιον
3320 3456 3542 3524 Πνεῦμα
3585 3457 3716 3524 (58),
3755 3459 3783 3509 ὁ
3824 3458 4027 3526 κόσμος
4069 3449 4242 3518 οὗτος,
4279 3455 4340 3507 τὸ
4380 3455 4440 3521 ἐξ

2865 3549 3074 3617 ὁρατῶν
3108 3547 3250 3615 λέγω
3289 3548 3381 3600 καὶ
3411 3548 3659 3616 ἀοράτων
3698 3547 3968 3616 σύστημα.
3998 3545 4229 3614 Τοιαύτη
4258 3544 4368 3615 γὰρ
4405 3546 4440 3612 ή

2867 3637 2975 3689 τῶν
3011 3638 3215 3706 νοητῶν
3263 3636 3442 3706 φύσις,
3489 3637 3794 3706 ἁσωμάτως
3835 3637 3929 3689 καὶ
3976 3635 4302 3706 ἁμερίστως,
4350 3635 4442 3686 καὶ

2869 3728 3140 3797 ἀλλήλοις,
3187 3728 3281 3780 καὶ
3328 3727 3540 3796 σώμασι
3593 3727 3903 3795 μίγνυσθαι.
3943 3727 4092 3778 Ἐπεὶ
4133 3727 4224 3778 καὶ
4266 3725 4442 3793 φωναὶ

2869 3820 3087 3881 πλείους
3138 3820 3273 3888 ἀκοῇ
3318 3820 3415 3888 μιᾷ
3459 3819 3723 3887 χωρηταὶ,
3768 3819 3862 3870 καὶ
3899 3819 4049 3888 ὄψεις
4079 3818 4288 3870 πολλῶν
4331 3817 4440 3888 (59)

2869 3914 2980 3972 τοῖς
3015 3912 3196 3972 αὐτοῖς
3232 3912 3467 3980 ὁρατοῖς,
3509 3910 3603 3961 καὶ
3641 3909 3961 3978 ὁσφραντοῖς
3993 3910 4276 3980 ὄσφρησις,
4319 3908 4442 3962 οὔτε

2875 4001 2983 4052 τῶν
3029 4001 3332 4071 αἰσθήσεων
3383 4002 3896 4071 στενοχωρουμένων
3953 4003 4042 4053 ὑπ’
4093 4001 4361 4070 ἀλλήλων,
4406 3999 4441 4070 ἢ

2874 4093 3296 4163 ἐκθλιϐομένων,
3331 4091 3452 4144 οὔτε
3483 4092 3591 4144 τῶν
3629 4091 3898 4163 αἰσθητῶν
3932 4092 4336 4160 ἐλαττουμένων
4365 4091 4444 4161 τῷ

2873 4184 3064 4254 πλήθει
3093 4184 3193 4253 τῆς
3222 4177 3575 4254 ἀντιλήψεως.

1198 4279 1350 4335 sunt,
1384 4271 1689 4341 odorcsque
1721 4272 1924 4325 olfactu
1970 4273 2158 4326 eodem
2187 4274 2414 4342 percipi,
2443 4274 2515 4326 ita
2559 4282 2618 4325 ut
2663 4288 2763 4326 nec
2801 4288 3000 4328 sensus
3030 4284 3219 4328 mutuo
3243 4275 3703 4344 comprimantur,
3737 4274 3821 4328 vel
3885 4273 4270 4335 extruduntur,
4339 4287 4444 4328 nec

1197 4379 1288 4420 res
1343 4365 1575 4420 sensiles
1619 4365 1690 4416 ob
1738 4365 2104 4434 perceptionis
2165 4367 2379 4434 copiam
2433 4366 2852 4420 imminuantur.

1270 4537 1381 4607 (49)
1410 4540 1475 4592 ει
1506 4539 1751 4659 ῆέιισνς.
1783 4537 1939 4592 Colb.
1967 4540 2000 4593 9
2028 4547 2080 4594 et
2109 4540 2349 4593 Combef.
2379 4544 2425 4594 εἰ
2463 4543 2657 4611 ἥμισυ.

1275 4607 1386 4659 (50)
1423 4609 1488 4659 Εἰ
1572 4610 1601 4659 ὲ
1641 4608 1805 4659 ὅλου.
1847 4607 1961 4659 Vox
2014 4609 2237 4659 ἔπταισε
2276 4613 2356 4659 vel
2405 4613 2626 4659 excidit-

2797 4551 2844 4610 ι)
2871 4543 3016 4595 tonis
3044 4541 3120 4596 De
3156 4543 3379 4612 legibus,
3419 4543 3563 4599 umle
3609 4544 3900 4600 Africanus
3933 4543 4073 4612 apud
4102 4543 4440 4612 illiceronem

1275 4607 1386 4674 (50)
1423 4609 1488 4660 Εἰ
1534 4607 1601 4659 δὲ
1641 4608 1805 4672 ὅλος.
1847 4607 1961 4661 Vox
2014 4609 2237 4662 ἔπταισε
2276 4613 2356 4664 vel
2405 4607 2626 4671 excidit.
2679 4611 2761 4664 vel
2798 4607 2830 4610 ⁷
2870 4613 2924 4665 in
2959 4612 3174 4665 Somnio
3206 4607 3254 4667 si

2870 4613 2924 4665 in
2959 4612 3174 4683 Somnio
3211 4611 3290 4667 sic
3346 4612 3656 4682 Scipionem
3700 4615 3995 4683 alloquitur
4031 4633 4044 4667 :
4089 4611 4199 4665 Nec
4229 4614 4366 4666 enim
4397 4613 4442 4664 is

1202 4677 1551 4742 subauditur,
1577 4678 1826 4745 hancque
1856 4676 1984 4746 iBill.
2018 4681 2308 4746 supplevit.

1274 4747 1387 4817 (5i)
1412 4746 1538 4817 ΚαὶΔ
1562 4746 1713 4817 ῥλως
1751 4745 2014 4817 (ζώζεται.
2048 4745 2200 4801 Colb.
2233 4749 2286 4807 5,
2329 4748 2382 4812 9,
2429 4757 2478 4802 et
2519 4748 2765 4801 Comhef.

1201 4814 1298 4870 κα).
1326 4814 1445 4878 ὅλος
1476 4814 1719 4876 σώζεται.
1760 4815 1921 4868 Totus
1951 4819 2110 4870 etiam
2144 4819 2367 4870 salutem
2414 4819 2765 4878 consequitur.

1276 4886 1393 4958 £52),
1422 4886 1640 4938 Τούτου
1687 4885 1784 4937 καὶ
1824 4885 2184 4954 πάσχοντος.
2233 4886 2369 4940 Cod.
2401 4887 2532 4958 Reg.
2580 4885 2641 4951 Β,
2679 4889 2772 4940 καὶ

1202 4955 1297 5008 τοῦ
1331 4956 1640 5023 πάσχοντος.

1279 5025 1390 5093 (55)
1429 5019 1806 5093 Ἄνθρώπειον
1831 5019 2003 5080 εἶναι.
2035 5025 2110 5079 Ita
2139 5026 2294 5093 (2011).
2328 5027 2382 5084 5,
2411 5027 2464 5084 6,
2499 5025 2554 5086 9,
2583 5034 2636 5077 et
2663 5025 2774 5093 M0-

1206 5091 1306 5218 (riel.
1335 5111 1348 5157 ;
1401 5101 1456 5146 at
1489 5091 1638 5148 0011).
1671 5112 1700 5146 a
1725 5135 1739 5160 ,
1769 5093 2107 5166 ἀνθρώπινον
2155 5092 2312 5149 εἶναι.
2357 5099 2410 5149 In
2460 5097 2592 5149 edit.
2633 5091 2770 5148 εἶναι

1245 5174 1376 5217 ιξνδι.

1245 5174 1376 5217 ιξνδι.

1277 5233 1387 5300 (54)
1424 5234 1648 5297 Ὀντως
1676 5233 2151 5300 ἀνοητιιινοντες.
2183 5236 2254 5290 Ita
2287 5234 2440 5286 Colb.
2469 5236 2523 5288 5.
2549 5234 2602 5289 6.
2627 5235 2681 5293 9.
2717 5249 2771 5296 δι’

1207 5316 1254 5355 ei
1296 5303 1416 5356 eod.
1468 5301 1602 5371 Reg.
1658 5317 1720 5354 ac
1766 5303 1996 5357 Comhef
2066 5305 2157 5358 Sic
2208 5305 2369 5356 etiam
2404 5305 2529 5372 legit
2561 5304 2680 5356 liill.
2715 5303 2769 5356 In

1207 5375 1362 5444 edit.:
1385 5372 1577 5444 οὕτως,
1601 5372 1744 5440 quod
1770 5391 1876 5428 non
1903 5374 2154 5444 displicet
2185 5394 2197 5428 :
2228 5372 2457 5426 Tandem
2483 5374 2772 5441 aliquando

1207 5443 1438 5508 desipere
1460 5442 1720 5494 desinant.

1281 5513 1391 5580 (55)
1421 5515 1490 5564 Ὃ
1521 5513 1614 5563 καὶ
1643 5510 1882 5578 μᾶλλον
1905 5515 2230 5581 ἅνθρωπος.
2265 5511 2440 5572 Mulli,
2469 5513 2644 5580 inquit
2672 5511 2772 5564 Ril-

1210 5581 1340 5642 lius,
1379 5583 1651 5636 hominem
1695 5584 1807 5636 sola
1843 5593 2020 5638 mente
2048 5585 2373 5636 definierunt
2400 5600 2414 5643 ;
2447 5581 2602 5634 Plato
2631 5597 2768 5649 pra:-

1210 5652 1370 5718 cipue
1403 5653 1762 5705 substantiam
1797 5652 1968 5721 ipsam
1998 5653 2280 5706 rationalis
2321 5654 2519 5706 animae
2559 5652 2768 5712 haberi.

1212 5736 1411 5788 corpus
1463 5729 1639 5772 autem
1697 5721 1935 5784 hominis
1993 5723 2347 5774 simulacrum
2389 5729 2441 5772 et
2495 5722 2766 5777 umbram.

1213 5787 1345 5844 Vide
1380 5789 1539 5843 Mars.
1579 5789 1818 5843 l’icinum
1850 5792 1902 5844 in
1938 5802 2258 5860 argumento
2302 5807 2373 5844 ιιι
2409 5790 2604 5858 dialogi
2645 5793 2765 5845 l'la-

2869 4698 2923 4733 es
2952 4697 3100 4763 quem
3125 4681 3298 4749 [arma
3333 4681 3455 4734 ista
3480 4683 3758 4763 declarat;
3790 4681 3878 4736 sed
3896 4699 4070 4763 “mens
4107 4683 4366 4763 cujusque
4397 4683 4442 4760 is

2870 4759 2948 4802 est
2979 4752 3214 4820 quisque.
3260 4768 3360 4804 non
3405 4769 3467 4804 ea
3499 4754 3671 4822 ﬁgura
3711 4770 3826 4822 qum
3872 4752 4038 4820 digito
4084 4753 4441 4805 demonstrari

2869 4829 3055 4956 p013?)
3091 4889 3311 4954 Τελέως
3333 4890 3668 4958 εὐερῖνττῇς.
3705 4890 3960 4954 Montae.,
3984 4890 4171 4945 Morel.
4195 4897 4248 4944 et
4277 4889 4440 4943 Coin-

2873 4959 2979 5011 hef.
3011 4958 3229 5011 τελείως
3261 4961 3645 5011 εὺεογετήπε.

2894 4960 2979 5011 ief.
3011 4960 3229 5019 τελείως
3261 4961 3645 5031 εὐεργετήσῃς.

2945 5029 3057 5100 (57)
3079 5028 3254 5100 osos.
3284 5030 3438 5082 Coll).
3465 5032 3520 5091 5,
3554 5051 3603 5084 ιι.
3635 5029 3965 5100 θιγϐοιῐιιωΐ.
3998 5031 4116 5083 οὐδὲ
4146 5031 4274 5100 γάρ.

2868 5167 2922 5202 ἢ
2945 5096 3157 5236 (ἓξ),ζό
3188 5097 3356 5166 ἅγιον
3382 5101 3640 5168 Πνεῦμα.
3671 5099 3824 5153 Colb.
3849 5101 3902 5160 5,
3929 5101 3982 5161 6,
4010 5101 4102 5154 καὶ
4131 5100 4192 5151 τὸ
4221 5096 4445 5168 Πνεῦμα

2945 5237 3058 5301 (59)
3077 5238 3287 5303 Ὀψεις
3307 5238 3574 5292 πολλῶν.
3605 5238 3678 5290 Ita
3705 5238 3862 5292 Colb.
3886 5239 3941 5299 3,
3971 5255 4021 5292 a.
4055 5238 4315 5296 Montac.,
4339 5235 4448 5290 Ilo-

2872 5307 2970 5391 rel.
3008 5321 3071 5389 ac
3101 5305 3347 5391 Combe};
3405 5310 3637 5391 lunedit:
3686 5309 3836 5391 ὁψεις
3870 5307 4305 5391 πλειόνων.ο51ι)κ
4344 5322 4444 5391 pro

2870 5376 3105 5445 ὁρατοῖς,
3134 5376 3255 5427 cod.
3295 5375 3422 5446 Reg.
3460 5377 3522 5442 Β,
3581 5375 3812 5432 Montac.
3845 5394 3908 5433 ac
3947 5378 4192 5431 Combel‘.
4224 5377 4441 5448 ὁραταί,

2870 5455 2922 5525 et
2948 5461 3044 5525 pro
3073 5447 3417 5525 6'szppav10ig,
3449 5447 3696 5525 (30101)θῇ
3732 5447 4051 5525 ὁσφραντιαί.
4082 5446 4256 5525 Vertit
4295 5445 4442 5499 Bill.:

2873 5513 2941 5565 Ιζι
2969 5513 3463 5600 pluriumapoctus
3481 5518 3545 5570 ab
3571 5516 3755 5570 iisdem
3786 5513 3934 5600 rebus
3960 5520 4014 5600 in
4037 5519 4305 5600 acutorum
4325 5532 4448 5600 seu.-

2870 5601 2985 5636 sum
3011 5583 3317 5636 cadentibus
3345 5588 3463 5653 capi
3497 5596 3688 5655 potest,
3726 5601 3879 5656 atque
3918 5588 4054 5640 idem
4095 5587 4348 5640 odoratus
4379 5585 4446 5636 ab

2869 5654 3056 5706 iisdem
3084 5653 3371 5732 rebusque
3402 5657 3602 5724 olfactu
3622 5659 3940 5732 sentiuntur,
3965 5659 4041 5709 sic
4068 5664 4328 5732 uempe_ut
4357 5669 4449 5708 nec

2869 5739 3054 5795 sensus
3083 5741 3116 5774 a
3138 5740 3193 5795 se
3225 5725 3354 5790 ipsis
3389 5737 3570 5780 mutuo
3603 5729 4020 5789 comprimantur
4060 5738 4214 5795 utilite
4243 5726 4298 5780 iu
4345 5741 4447 5777 an-

2868 5794 3073 5856 gustias
3101 5793 3422 5854 redioantnr.
