5274 6660
875 527 978 583 185

2319 528 2651 584 EPISTOLA
2690 528 2775 583 CI.

4011 535 4110 591 i86

939 638 1050 692 Ποῦ
1095 638 1150 691 δὲ
1192 638 1287 691 καὶ
1336 637 1540 700 τέλειος
1590 638 1715 701 νοῦς
1773 640 2064 707 ἀνθρώπου
2106 640 2138 709 ἢ
2189 641 2440 707 ἀγγέλου,
2473 648 2516 701 Α
2613 640 2731 694 lam
2764 657 2892 696 vero
2921 657 3022 711 quo

2026 658 2064 692 lU
2106 640 2138 709 ἢ
2189 641 2440 707 ἀγγέλου.
2473 648 2516 701 Α
2613 640 2731 694 lam
2764 657 2892 696 vero
2921 657 3159 711 quonam
3196 653 3355 711 pacto
3403 658 3559 697 mens
3587 642 3843 705 hominis,
3884 652 3976 697 aut
4008 661 4109 698 an-

867 727 1148 796 συγκρίσει
1179 725 1450 796 θεότητος,
1496 726 1581 778 ἴνα
1608 727 1669 779 τὸ
1697 727 1882 797 ἕτερον
1910 726 2133 796 ἐκθλιϐῇ
2171 732 2439 800 παρουσίᾳ

866 818 958 869 τοῦ
995 817 1263 886 μείζονοςς
1286 816 1407 868 οὐδὲ
1438 816 1545 887 γὰρ
1567 816 1708 887 αὐγή
1735 834 1787 869 τι
1812 816 1922 885 (60)
1955 816 2091 888 πρὸς
2117 818 2288 887 ἣλιον,
2321 819 2439 871 οὐδὲ

864 910 1006 971 νοτὶς
1028 906 1181 977 ὀλίγη
1218 908 1351 979 πρὸς
1384 908 1653 976 ποταμὸν,
1697 908 1783 960 ἵνα
1813 908 1878 961 τά
1922 908 2094 978 μικρά
2130 909 2439 979 προανέλω-

869 1015 968 1068 μεν
990 998 1125 1066 (01),
1156 998 1305 1050 οἴκου
1344 998 1442 1067 μὲν
1471 998 1665 1067 αὐγὴν,
1699 999 1804 1067 γῆς
1836 998 1893 1051 δὲ
1934 999 2133 1059 νοτίδα,
2168 1002 2263 1052 καὶ
2298 998 2441 1051 οὕτω

866 1088 1087 1158 χωρηθῇ
1121 1088 1187 1140 τά
1222 1088 1390 1157 μείζω
1423 1088 1516 1139 καὶ
1550 1087 1872 1157 τελεώτερα.
1910 1088 2032 1151 Πῶς
2058 1089 2166 1160 γάρ
2201 1092 2441 1159 χωρήσει

864 1179 960 1231 δύο
989 1178 1187 1238 τέλεια.
1220 1174 1369 1241 οἶκος
1400 1179 1498 1248 μὲν
1528 1180 1703 1250 αὐγὴν
1734 1181 1829 1232 καὶ
1862 1179 2034 1249 ἣλιον,
2070 1180 2143 1250 γῆ
2173 1182 2229 1234 δὲ
2263 1181 2442 1235 νοτίδα

867 1270 961 1322 καὶ
995 1271 1257 1340 ποταμὸν,
1296 1270 1452 1323 τοῦτο
1490 1268 1927 1341 διασκεψώμεθα·
1966 1270 2060 1323 καὶ
2099 1271 2207 1342 γάρ
2242 1270 2441 1342 πολλῆς

865 1362 1034 1425 ὅντως
1068 1362 1130 1414 τὸ
1159 1363 1389 1431 πρᾶγμα
1412 1362 1690 1433 φροντίδος
1717 1361 1883 1426 ἄξιον.
1917 1363 1987 1415 Ἦ
2020 1364 2333 1431 ἀγνοοῦσιν,
2359 1364 2441 1417 ὅτι

867 1451 926 1503 τδ
964 1453 1098 1523 πρός
1138 1471 1188 1506 τι
1230 1454 1433 1505 τέλειον
1476 1454 1610 1524 πρὸς
1660 1453 1846 1523 ἓτερον
1889 1455 2096 1518 ἀτελὲς,
2145 1456 2220 1519 ὡς
2256 1455 2441 1526 βουνὸς

870 1547 1006 1612 προς
1041 1546 1184 1616 ὅρος,
1224 1548 1316 1599 καὶ
1356 1548 1551 1608 κόκκος
1599 1548 1801 1611 νάπυος
1853 1550 1987 1620 πρὸς
2033 1549 2264 1620 κύαμον,
2316 1551 2350 1620 ἡ
2387 1567 2441 1603 τι

868 1636 997 1688 ἄλλο
1036 1638 1141 1689 τῶν
1187 1638 1444 1707 μειζόνων
1486 1640 1833 1710 σπερμάτων,
1880 1641 1982 1693 κᾶν
2022 1642 2128 1693 τῶν
2163 1643 2442 1712 ὁμογενῶν

871 1728 1054 1797 μεῖζον
1087 1727 1332 1797 λέγηται·
1366 1732 1413 1781 εί
1435 1728 1491 1782 δὲ
1520 1728 1717 1798 βούλει,
1750 1732 1845 1784 καὶ
1874 1731 2102 1800 ἄγγελος
2124 1732 2259 1796 πρὸς
2287 1733 2439 1799 Θεὸν,

868 1819 962 1872 καὶ
1001 1819 1137 1889 πρὸς
1174 1820 1401 1887 ἄγγελον
1440 1821 1754 1891 άνθρωπος;
1795 1822 2007 1875 Τέλειον
2047 1819 2140 1875 οῦν
2181 1823 2443 1894 ἡμέτερος

864 1909 1011 1973 νοῦς,
1043 1911 1135 1963 καὶ
1158 1913 1509 1981 ἡγεμονικὸν,
1547 1913 1680 1965 άλλά
1710 1913 1888 1984 ψυχῆς
1922 1915 2013 1967 καὶ
2043 1914 2310 1984 σώματος,
2346 1915 2443 1985 οὐχ

2541 734 2666 803 geli,
2701 735 2745 789 si
2789 750 2912 787 cum
2957 735 3243 789 divinitate
3291 744 3661 803 comparetur,
3717 735 3956 805 perfecta
3999 737 4107 793 dici

2538 834 2723 895 queat,
2750 834 2809 877 nt
2838 827 3065 879 alterum
3098 827 3217 880 loco
3248 824 3441 877 cedere
3469 836 3697 893 cogatur
3727 827 3948 893 majoris
3974 842 4111 895 prte-

2539 916 2755 970 scntia?
2784 914 2970 984 Neque
2996 917 3138 969 enim
3186 917 3444 984 splendor
3485 915 3715 984 aliquid.
3757 917 3801 971 si
3836 932 3961 969 cum
3997 918 4111 971 sole

2539 1009 2874 1067 conferatur,
2909 1024 3008 1061 nec
3035 1007 3147 1076 89
3183 1008 3379 1058 humor
3406 1007 3660 1074 exiguus,
3695 1006 3738 1057 si
3770 1022 3892 1059 cum
3923 1007 4109 1071 fluvio;

2525 1089 2600 1150 ἰιι
2640 1112 2762 1165 qua:
2801 1112 2965 1166 parva
3017 1104 3147 1149 sunt
3182 1097 3332 1163 prius
3381 1096 3829 1155 subntoveamus,
3877 1112 3908 1150 e
3947 1096 4111 1148 domo

2541 1186 2911 1257 splendorem,
2942 1202 2972 1241 e
3006 1195 3151 1239 terra
3186 1185 3493 1247 humorem,
3542 1193 3704 1253 atque
3745 1185 3816 1237 ita
3847 1200 3966 1253 qua:
3996 1199 4111 1235 ma-

2534 1281 2657 1352 jora
2695 1289 2823 1335 sunt
2857 1292 2908 1335 et
2952 1279 3278 1347 perfectiora
3332 1278 3641 1347 capiantur.
3679 1276 3927 1343 Quonam
3966 1276 4110 1328 enim

2539 1374 2703 1427 modo
2735 1374 2844 1426 duo
2867 1372 3102 1441 perfecta
3128 1370 3509 1433 continebant,
3545 1370 3669 1422 hinc
3698 1385 3887 1439 nempe
3917 1368 4114 1423 domus

2540 1463 2886 1533 Splendorem
2923 1469 2977 1515 et
3011 1462 3203 1519 solem,
3240 1462 3364 1513 hinc
3404 1474 3620 1514 rursum
3653 1468 3796 1511 terra
3826 1459 4112 1511 humorem

2538 1559 2590 1604 ct
2636 1548 2884 1611 ﬂuvium,
2931 1549 3031 1602 hoc
3075 1548 3527 1609 consideremus;
3566 1562 3762 1616 magna
3811 1562 3952 1599 enim
3988 1562 4115 1615 pro-

2541 1640 2687 1695 fecto
2715 1655 2846 1694 cura
2876 1647 2931 1692 et
2965 1639 3441 1691 animadversione
3477 1653 3566 1692 res
3594 1638 3759 1706 digna
3804 1645 3909 1690 est.
3945 1639 4024 1688 An
4056 1636 4117 1688 il-

2542 1732 2633 1786 iud
2675 1746 2770 1785 eos
2810 1731 2967 1800 fugit,
3017 1730 3160 1798 quod
3216 1745 3300 1783 res
3351 1729 3563 1793 eadem,
3606 1745 3729 1798 qutc
3765 1743 3889 1781 cum
3932 1727 4113 1794 aliqua

2541 1823 2736 1875 collata
2763 1821 3002 1890 perfecta
3038 1831 3143 1883 cst,
3173 1821 3399 1875 alterius
3429 1820 3638 1874 ratione
3670 1818 3984 1889 imperfecta
4020 1818 4112 1881 sit,

2544 1921 2603 1964 ut
2647 1912 2803 1965 collis
2844 1927 2969 1964 cum
3013 1921 3198 1964 monte
3241 1912 3497 1973 collatus,
3531 1918 3584 1962 et
3632 1925 3860 1978 granum
3904 1908 4113 1976 sinapis

868 2002 1056 2063 άπλῶς
1088 2003 1314 2065 τέλειον,
1354 2003 1489 2056 Θεοῦ
1525 2005 1580 2056 δὲ
1614 2004 1799 2057 δοῦλον
1832 2006 1926 2058 καὶ
1962 2007 2288 2077 ὑποχείριον,
2330 2007 2441 2061 ἀλλ’
2476 1998 2516 2052 Β
2546 2018 2670 2055 cum
2705 2002 2846 2065 faba,
2877 2017 2951 2054 an:

2030 2007 2288 2077 ῃχείριον,
2330 2007 2441 2061 ἀλλ’
2476 1998 2516 2052 Β
2546 2018 2670 2055 cum
2705 2002 2846 2065 faba,
2877 2011 2967 2054 aut
2996 2003 3103 2054 alio
3133 2002 3389 2070 quopiam
3420 2001 3611 2070 majori
3644 2000 3873 2061 semine,
3898 1998 4113 2051 etiamsi

866 2093 929 2145 οὗ
958 2095 1401 2163 συνηγεμονικὸν,
1430 2094 1548 2146 οὐδὲ
1574 2094 1858 2164 ὁμότιμον.
1890 2096 2040 2148 Ἐπεὶ
2068 2098 2157 2149 καὶ
2188 2097 2443 2166 Μωῦσῆς,

865 2181 1065 2251 Φαραὼ
1084 2182 1181 2251 μὲν
1203 2182 1341 2245 θεὸς,
1366 2181 1500 2235 Θεοῦ
1522 2183 1576 2236 δὲ
1600 2182 1873 2253 Θεράπων,
1908 2186 1983 2248 ὡς
2008 2185 2442 2254 ἀναγέγραπται⁸

867 2275 962 2326 καὶ
997 2275 1223 2344 ἀστέρες
1252 2275 1422 2328 νύκτα
1462 2276 1560 2345 μὲν
1599 2276 2032 2347 περιλάμπουσιν
2061 2276 2193 2345 (62),
2220 2277 2354 2349 ἡλίῳ
2390 2278 2446 2332 δὲ

868 2367 1229 2434 κρύπτονται,
1256 2366 1359 2426 ὡς,
1391 2366 1511 2436 μηδ’
1541 2367 1623 2418 ὅτι
1653 2367 1822 2429 εἰσιν,
1853 2368 2033 2438 ἡμέρᾳ
2063 2368 2442 2437 γνωρίζεσθαι·

868 2455 964 2508 καὶ
1001 2455 1222 2525 λαμπὰς
1250 2457 1402 2526 ὀλίγη
1451 2457 1662 2529 μεγάλῃ
1698 2459 1942 2527 πυρκαῖᾷ
1975 2458 2085 2525 (63)
2122 2464 2442 2530 προσχωρή-

869 2559 1038 2604 σασα.
1073 2543 1196 2597 οὔτε
1234 2545 1557 2605 ἀπόλλυται,
1593 2544 1716 2597 οὔτε
1749 2545 2016 2613 φαίνεται,
2054 2545 2175 2597 οὔτε
2214 2547 2442 2618 χωρίζε-

869 2652 957 2685 ται
1023 2637 1158 2703 (6i),
1202 2636 1315 2688 ἀλλ’
1356 2637 1474 2688 ὅλον
1517 2637 1632 2689 ἐστὶ
1676 2637 1918 2706 πυρκαϊὰ
1958 2636 2092 2707 (6ἴί),
2142 2637 2236 2689 τοῦ
2274 2638 2443 2707 ὑπερ-

868 2723 1080 2791 έχοντος
1114 2727 1299 2794 ἑκνική
1309 2743 1517 2788 σαντος.

2547 2095 2636 2155 iis,
2666 2110 2787 2163 quae
2812 2094 3058 2159 ejusdcm
3098 2100 3226 2146 sunt
3250 2092 3488 2161 generis,
3524 2091 3703 2160 majus
3725 2090 3941 2144 dicatur
3969 2107 3982 2141 :
4017 2104 4115 2143 an-

2545 2187 2698 2255 gelus
2724 2185 2888 2238 etiam
2932 2185 2975 2238 si
3013 2184 3085 2237 ita
3129 2184 3302 2240 lubet,
3351 2198 3473 2235 cum
3514 2182 3645 2242 Deo,
3692 2190 3746 2235 et
3786 2181 3949 2234 homo
3991 2194 4118 2233 cum

2548 2274 2781 2342 angelo?
2800 2273 3070 2339 Quocirca
3096 2289 3250 2328 mens
3276 2281 3489 2333 nostra,
3517 2272 3756 2341 perfecta
3780 2271 3869 2322 illa
3896 2269 4115 2338 quidem

2545 2375 2652 2427 est,
2697 2374 2750 2419 ct
2787 2366 3155 2435 principatum
3200 2372 3370 2428 tenet,
3417 2378 3606 2417 verum
3664 2363 3719 2415 in
3773 2362 4010 2415 animam
4061 2368 4118 2413 et

2548 2472 2785 2527 corpus;
2818 2473 2925 2511 non
2957 2466 3139 2512 autem
3187 2457 3508 2526 simpliciter
3538 2455 3815 2525 perfecta;
3852 2453 3943 2507 Dei
3986 2467 4119 2507 vero

2549 2564 2706 2602 serra
2744 2559 2798 2602 et
2849 2550 3065 2603 subdita
3115 2555 3220 2610 est,
3257 2564 3363 2600 non
3414 2546 3757 2616 principatus
3791 2546 3961 2603 socia,
4017 2558 4118 2597 nec

2548 2639 2665 2707 pari
2704 2637 2913 2691 honore
2949 2637 3194 2707 praedita.
3225 2635 3680 2704 Quandoquidem
3709 2635 3871 2687 etiam
3913 2632 4114 2692 Moses.

2550 2727 2850 2782 Pharaonis
2873 2728 3092 2797 quidem
3116 2728 3250 2781 deus
3268 2728 3337 2789 ”,
3359 2726 3451 2780 Dei
3477 2736 3658 2779 autem
3688 2724 3925 2779 famulus
3947 2731 4117 2786 est",

866 2821 928 2865 nt
980 2812 1201 2868 Litteris
1257 2816 1433 2869 sacris
1481 2815 1757 2885 proditum
1810 2814 2078 2881 habetur;
2122 2826 2176 2869 ct
2216 2817 2386 2871 stella:
2422 2826 2635 2872 noctem
2672 2820 2985 2884 illustrant,
3022 2835 3049 2871 a
3080 2820 3196 2873 sole
3227 2828 3406 2872 autem
3436 2819 3805 2880 occultantur,
3838 2820 3910 2871 ita
3943 2825 4000 2870 ιιι
4030 2817 4115 2870 in-

866 2907 1041 2960 trrdiu
1088 2925 1155 2961 ne
1191 2926 1285 2963 eas
1342 2910 1561 2978 quidem
1613 2924 1735 2963 esse
1793 2910 2017 2977 δεηθεςί
2071 2911 2283 2978 possit;
2338 2918 2392 2964 et
2444 2913 2638 2981 exigua
2689 2916 2909 2966 lucerna
2961 2928 3159 2981 magno
3209 2912 3477 2965 accedens
3532 2927 3764 2966 accenso
3819 2927 3970 2981 rogo,
4018 2926 4118 2965 nec

865 3000 1253 3067 esstingnitur.
1287 3016 1387 3054 nec
1416 3002 1579 3064 lucet,
1628 3014 1729 3053 nec
1768 3000 2127 3069 disjungitur,
2164 3001 2258 3054 sed
2302 3008 2479 3053 totum
2520 3017 2685 3072 rogus
2724 3012 2808 3057 est
2853 3017 2917 3055 ac
2948 3001 3187 3066 llattima,
3230 3011 3527 3070 superante
3572 3001 3828 3054 nimirum
3866 3016 3932 3055 co
3971 3000 4117 3070 quod

865 3092 1213 3159 pra'stanlius
1244 3099 1341 3144 est.

945 3182 1106 3234 Ἀλλά
1159 3183 1501 3251 κατάκριτος,
1551 3183 1738 3252 φησὶν,
1788 3184 1815 3235 ὁ
1854 3182 2120 3251 ἡμέτερος
2167 3180 2309 3243 νοῦς.
2366 3181 2430 3232 Τί

2610 3179 2679 3232 At
2709 3192 2858 3233 mens
2888 3189 3094 3244 nostra,
3119 3180 3314 3249 inquit,
3346 3180 3601 3233 damnata
3622 3190 3725 3234 est.
3760 3180 3899 3246 Quid
3926 3193 4107 3241 autem

864 3270 951 3323 δαὶ
984 3274 1017 3341 ἡ
1054 3272 1220 3340 σαρξς
1274 3273 1333 3324 οὺ
1388 3274 1753 3344 κατάκριτος;
1811 3273 1880 3324 Ἥ
1926 3272 2018 3324 καὶ
2062 3273 2267 3340 ταύτην
2302 3272 2427 3324 ἀπο·
2465 3281 2505 3334 (ἶ
2539 3271 2703 3323 caro?
2754 3287 2935 3324 annon

2062 3273 2267 3340 ταύτην
2302 3272 2427 3324 ἀπο·
2465 3281 2505 3334 (ἶ
2539 3271 2703 3323 caro?
2754 3287 2935 3324 annon
2994 3270 3285 3324 damnata"
3338 3270 3520 3337 Quare
3579 3281 3673 3324 aut
3719 3274 3857 3327 hanc
3899 3290 4116 3344 quoque

868 3363 1130 3415 σκεύασαι
1161 3363 1247 3414 διὰ
1269 3364 1366 3434 τὴν
1395 3364 1686 3434 ἁμαρτίαν,
1721 3364 1753 3433 ἧ
1786 3364 2037 3416 κάκεῖνον
2064 3363 2305 3432 πρόσαγε
2330 3361 2440 3431 (66)

867 3451 954 3502 διὰ
985 3453 1084 3520 τὴν
1138 3454 1431 3523 σωτηρίαν.
1471 3455 1532 3506 Εἰ
1567 3455 1626 3506 τὸ
1674 3456 1856 3523 χεῖρον
1904 3453 2323 3524 προσείληπται,
2376 3453 2440 3503 ἶν’

868 3543 1102 3613 ἁγιασῢῇ
1137 3544 1225 3596 διά
1256 3545 1353 3613 τῆς
1388 3543 1735 3615 σαρκώσεως,
1784 3545 1845 3596 τὸ
1881 3547 2128 3614 κρεῖττον
2159 3545 2222 3595 οὐ
2270 3560 2440 3611 προσ-

866 3635 1225 3705 ληφῡήσεται,
1259 3637 1324 3688 ἶν’
1360 3636 1591 3705 άγιασθῇ
1623 3636 1712 3688 διὰ
1741 3635 1841 3705 τῆς
1867 3635 2363 3705 ὲνανθρωπήσεως;
2394 3635 2441 3686 εἰ

866 3731 897 3781 ὁ
927 3728 1093 3795 πηλὸς
1127 3727 1383 3798 ἐζυμώθη
1437 3729 1529 3781 καὶ
1558 3728 1676 3779 νέον
1716 3727 1945 3797 φύραμα
1988 3726 2231 3794 γέγονεν.
2274 3720 2319 3777 ὦ
2364 3742 2443 3777 σο-

868 3819 979 3887 φοὶ,
1021 3821 1053 3887 ἡ
1090 3817 1252 3871 εἰκὼν
1294 3820 1355 3872 οὐ
1390 3819 1795 3890 ζυμωοήσεται.
1834 3818 1929 3871 καὶ
1962 3818 2099 3889 πρὸς
2141 3817 2273 3869 Θεὸν
2312 3818 2441 3868 άνα-

869 3908 1200 3979 κραθήσεται
1245 3909 1379 3979 (67),
1429 3908 1695 3961 θεωθεῖσα
1727 3908 1819 3961 διὰ
1866 3909 1965 3978 τῆς
2008 3908 2287 3976 θεότητος;
2325 3908 2441 3958 Κά-

869 4001 1015 4050 κεῖνο
1052 3999 1107 4051 δὲ
1145 3999 1255 4066 (68)
1292 4000 1701 4070 προσθήσομεν
1735 4000 1783 4051 εί
1813 3998 2128 4051 διέπτυσται
2168 3998 2386 4059 πάντως
2414 3999 2454 4050 ὁΔ

869 4088 990 4152 νοῦς
1022 4091 1096 4152 ὡς
1130 4091 1498 4160 ἁμαρτητικὸς
1525 4091 1620 4144 καὶ
1650 4090 2000 4160 κατάκριτος,
2039 4088 2130 4141 καὶ
2158 4089 2248 4141 διὰ
2286 4087 2443 4140 τοῦτο

869 4180 1028 4251 σῶμα
1085 4182 1183 4248 μὲν
1234 4183 1651 4252 προσείληπται,
1712 4180 1835 4245 νοῦς
1883 4181 1938 4233 δὲ
1996 4180 2438 4249 παραλέλειπται,

874 4270 1167 4340 συγγνώμη
1212 4275 1323 4333 τοῖς
1357 4273 1605 4325 πταίουσι
1647 4273 1772 4343 περὶ
1804 4272 1946 4323 νοῦν.
1999 4272 2287 4341 Μαρτυρία
2335 4272 2442 4341 γὰρ

869 4357 1005 4410 Θεοῦ
1050 4360 1188 4411 κατὰ
1234 4361 1293 4412 σὲ
1326 4360 1435 4429 (69)
1487 4361 1672 4429 σαφῶς
1706 4362 1871 4424 ἔδειξε
1904 4362 1965 4413 τὸ
2007 4362 2103 4428 τῆς
2146 4360 2442 4427 θεραπείας

867 4449 1148 4502 ἀδύνατον.
1184 4452 1336 4503 Elite)
1379 4452 1439 4504 τὸ
1487 4452 1704 4522 μεῖξονο
1755 4453 1820 4505 σὺ
1866 4453 1963 4521 μὲν
2007 4451 2096 4502 διὰ
2130 4450 2290 4502 τοῦτο
2322 4453 2439 4503 ἀτι-

872 4531 1083 4609 μάζεις,
1151 4536 1196 4594 ὦ
1264 4543 1527 4611 βέλτιστε,
1592 4543 1684 4594 τὸν
1739 4542 1868 4612 ἐμὸν
1911 4542 2032 4594 νοῦν
2095 4541 2189 4611 (ὡς
2241 4558 2441 4611 σαρκο-

865 4631 1089 4701 λᾶτρης,
1110 4633 1265 4702 εἴπερ
1290 4632 1713 4703 ἀνθρωπολάτρη
1721 4651 1747 4695 ς
1764 4633 1874 4699 ἐγώ
1910 4632 2042 4698 (70),
2060 4632 2146 4686 ἵνα
2169 4633 2433 4704 συνδήσῃς

938 4743 985 4772 ⁵⁸
1018 4741 1187 4797 Exod.
1216 4759 1313 4803 vn,
1353 4744 1399 4797 l.
1477 4745 1518 4773 ’”
1577 4742 1693 4797 Jos.
1742 4759 1778 4808 t,
1820 4743 1904 4795 15.

2006 4744 2050 4773 ⁸¹
2084 4741 2099 4794 1
2136 4743 2262 4795 Cor.
2310 4759 2364 4804 ν,
2401 4743 2451 4797 7.

2544 3369 2765 3429 propter
2813 3368 3093 3429 peccatum
3135 3360 3332 3427 abjice,
3390 3368 3481 3412 aut
3526 3362 3671 3414 illam
3707 3364 3870 3416 etiam
3898 3372 4119 3433 propter

2542 3452 2770 3503 salutem
2803 3453 3058 3519 adjnnge.
3093 3450 3148 3504 Si
3190 3450 3335 3519 quod
3371 3450 3612 3504 deterius
3643 3462 3746 3512 est,
3773 3463 4114 3523 assumptum

2542 3549 2647 3603 est,
2702 3549 2761 3593 ut
2816 3557 2913 3610 per
2976 3541 3409 3595 incarnationem
3462 3542 3874 3609 sam-lilicctur;
3908 3561 4113 3609 annon,

2542 3631 2687 3699 quod
2713 3633 3065 3699 praestantius
3093 3643 3196 3694 est,
3231 3641 3564 3693 assumetur,
3595 3641 3651 3685 ut
3672 3649 3767 3701 per
3806 3634 4117 3689 humanita-

2543 3722 2614 3773 tis
2668 3724 3072 3790 susceptionem
3130 3725 3421 3778 sanctitate
3487 3722 3799 3777 afficiatur?
3842 3726 3895 3779 Si
3943 3728 4114 3781 lutum

2544 3811 2925 3866 fermentatum
2971 3822 3135 3875 cst,0
3173 3816 3450 3884 sapientes
3502 3814 3627 3877 viri,
3670 3830 3735 3869 ac
3791 3833 3927 3869 nova
3977 3834 4113 3872 con-

2543 3905 2756 3973 spersio
2780 3907 2992 3959 exstitit
3041 3907 3109 3970 “,
3166 3905 3344 3974 imago
3380 3906 3493 3975 ipsa
3535 3922 3639 3957 non
3674 3906 4111 3974 fermentabitnr,

2542 4006 2743 4049 etcum
2768 3995 2878 4050 Deo
2908 3998 3320 4066 temperabitur,
3349 4014 3443 4066 per
3464 3997 3805 4053 divinitatem
3843 4000 4116 4057 deificata?

2542 4086 2683 4153 Quin
2715 4088 2819 4141 hoc
2871 4103 3087 4158 quoque
3127 4089 3493 4159 adjiciemus:
3528 4092 3572 4144 si
3608 4107 3782 4149 mens.
3833 4099 3893 4145 ιιι
3922 4109 4108 4161 pecca-

2543 4180 2648 4232 trix
2686 4187 2739 4233 et
2770 4179 3045 4242 damnata,
3096 4182 3319 4234 omnino
3369 4190 3551 4250 spreta
3580 4192 3633 4235 et
3669 4183 3867 4251 rejecta
3909 4195 4012 4247 cst,
4043 4185 4115 4239 ob

2541 4285 2771 4339 eamque
2800 4285 3022 4323 causam
3075 4272 3279 4326 omissa
3317 4282 3497 4327 tuente
3528 4288 3731 4342 (‘OI'IIIIS
3768 4283 4111 4343 assumptum

2541 4369 2645 4423 est,
2680 4362 2887 4429 ignosci
2953 4362 3141 4431 utique
3183 4378 3278 4432 par
3316 4371 3396 4416 est
3428 4365 3515 4425 iis,
3557 4365 3648 4433 qui
3696 4364 3838 4417 circa
3876 4376 4110 4419 mentem

2542 4462 2785 4518 peccant.
2838 4449 2927 4503 Dei
2988 4451 3134 4504 enim
3182 4453 3524 4515 testimonio,
3569 4454 3637 4508 de
3685 4463 3776 4506 tua
3817 4457 4110 4521 sententia,

2543 4551 2728 4611 aperte
2748 4544 3187 4597 demonstratum
3213 4553 3318 4606 est,
3347 4560 3466 4599 eam
3499 4546 3647 4599 nulla
3685 4548 3896 4600 ratione
3927 4548 4108 4602 curari

2543 4649 2723 4703 posse.
2781 4634 3035 4690 Dicamne
3081 4636 3225 4705 quod
3265 4637 3443 4705 majus
3478 4636 3691 4693 cst?'l'u
3733 4639 3971 4709 quidem,
4016 4656 4111 4709 op-

941 4857 1053 4921 160)
1093 4857 1245 4910 Οὐδὲ
1269 4859 1378 4925 γὰρ
1402 4859 1554 4926 αὐγή
1582 4876 1656 4910 τι.
1692 4858 1780 4910 Sic
1812 4858 2063 4911 emendat
2102 4856 2346 4911 Combef.
2380 4858 2433 4909 In
2472 4869 2511 4921 υ
2542 4866 2706 4907 totum
2736 4872 2866 4907 unus
2895 4864 2970 4926 est
2997 4873 3022 4905 ι·

1495 4859 1554 4925 μοι)
1582 4876 1656 4910 τι.
1692 4858 1780 4910 Sic
1812 4858 2063 4911 emendat
2102 4856 2346 4911 Combef.
2380 4858 2433 4909 In
2472 4869 2511 4921 υ
2542 4866 2706 4907 totum
2736 4872 2866 4907 unus
2895 4864 2970 4926 est
2997 4872 3172 4923 rogus.
3205 4871 3309 4906 una
3341 4855 3578 4926 ﬂamma.

865 4928 995 4980 edit.
1024 4927 1145 5007 οῦδὲ
1178 4927 1285 5009 γάρ
1313 4928 1453 5009 αὑγῄ
1473 4945 1562 5009 ,τις
1595 4928 1732 4997 πῴς
1764 4929 1931 5009 ἥλιον,
1966 4928 2107 5009 quod
2140 4928 2292 4980 Bil|.:
2328 4927 2436 4980 Nc-

865 5012 964 5064 que
984 5000 1121 5047 enim
1152 4999 1333 5049 radius
1358 4996 1597 5065 quidam,
1624 4996 1669 5050 si
1702 5014 1818 5050 cum
1843 4998 1951 5052 sole
1978 4997 2302 5065 conferatur,
2327 5012 2437 5064 per-

892 5076 1034 5117 erms
1065 5075 1163 5119 est.

869 5065 1005 5199 r“(’6‘
1005 5084 1047 5198 1³)
1065 5075 1205 5188 εἶναι
1248 5135 1320 5187 τὰ
1370 5136 1551 5203 μικρὰ
1592 5136 2032 5203 προανέλωμεν.
2077 5135 2236 5190 Bi||.:
2286 5136 2433 5189 Libct

865 5205 1005 5256 enim
1034 5220 1196 5269 parva
1225 5205 1373 5270 prius
1402 5221 1628 5264 sumere,
1681 5207 1931 5257 nimirum
1971 5205 2159 5257 domus
2190 5206 2434 5272 splendo-

867 5289 997 5330 rem,
1020 5284 1068 5325 et
1096 5274 1279 5334 solem,
1317 5283 1472 5329 terra:
1505 5286 1678 5327 autent
1717 5276 1981 5327 humorem
2016 5286 2064 5327 et
2091 5277 2344 5342 pluviam,
2376 5286 2431 5328 ut

864 5343 945 5394 sic
973 5343 1178 5413 majora
1206 5352 1255 5396 et
1287 5344 1601 5411 perfectiora
1631 5345 1946 5413 concipiant.

937 5411 1050 5479 (63)
1080 5414 1347 5483 Νύκτα...
1371 5411 1853 5483 περιλάμπουση-
1890 5413 2125 5467 Montac.
2157 5423 2210 5467 et
2243 5413 2428 5467 Morel.

864 5483 1020 5551 νυκτὶ
1054 5498 1120 5533 πε
1128 5481 1510 5551 ριλάμπουσιν.

938 5550 1048 5618 (63)
1079 5550 1318 5619 Μεγάλῃ
1348 5550 1625 5619 πιφκατᾷ,
1644 5560 1749 5605 etc.
1785 5553 1901 5606 llill.
1933 5569 1946 5604 :
1981 5550 2174 5620 Magno
2198 5552 2433 5606 incendio

864 5619 1118 5690 adiuncta
1148 5635 1241 5690 nec
1254 5623 1607 5690 exstinguitur
1628 5638 1717 5674 nec
1742 5632 1975 5690 apparet.

939 5689 1225 5770 (64)οὔτε
1245 5690 1556 5758 χωρίζεται.
1582 5691 1738 5746 Colb.
1758 5689 1815 5746 5'
1844 5690 2190 5760 γνωρίζεται,
2232 5707 2322 5743 nec
2347 5691 2431 5742 di-

900 5769 1157 5811 noscatur.

863 5772 1157 5828 glusctntr.

936 5827 1049 5897 (65)
1084 5828 1266 5897 Ὅλον
1295 5829 1423 5882 ἐστί
1458 5828 1735 5897 πυρκαϊὰ.
1767 5829 1883 5883 Bill.
1911 5828 2134 5883 :Totum
2180 5828 2327 5882 istud
2349 5839 2425 5881 est

864 5896 1181 5955 incendium.
1239 5896 1395 5964 Legit
1430 5896 1674 5955 Combef.
1724 5900 1843 5953 ὅλον
1872 5899 1989 5951 ἐστὶ
2024 5900 2123 5968 μία
2161 5900 2421 5968 πυρκαϊὰ,

2612 4926 2721 4993 (66)
2750 4924 3040 4994 κάκεῖνον·
3072 4926 3355 4991 πρόσαγε.
3387 4923 3631 4977 Combcf.
3669 4925 3919 4976 κάκεῖνον
3946 4943 4109 4994 προσ⁹

2539 4996 2732 5063 άγαγε,
2772 4993 2880 5045 Fac
2908 4994 3237 5061 adjunateris.

2609 5064 2719 5133 (67)
2768 5063 3278 5133 Ἀνακραθήσεται.
3320 5064 3711 5133 temperabitur,
3759 5080 3880 5130 qua:
3928 5067 4106 5117 versio

2542 5131 2743 5187 Gra'cis
2780 5131 3104 5200 rcSpondet;
3137 5134 3229 5185 sed
3260 5148 3383 5183 cum
3413 5131 3631 5184 Patrum
3673 5135 3893 5185 t'ucilitts
3950 5136 4101 5188 abusi

2538 5204 2738 5257 fuerint
2778 5201 3036 5264 haeretici,
3089 5204 3269 5255 mallet
3298 5200 3544 5254 (lombef.
3576 5203 3986 5264 consociabimr,
4014 5221 4102 5256 co-

2573 5273 2828 5325 ulnbitur.

2536 5291 2828 5342 pummtur.

2610 5342 2721 5411 (68)
2778 5339 3163 5411 Κάκεῖναδέ.
3224 5338 3301 5393 Ita
3355 5341 3511 5395 Colb.
3545 5341 3597 5407 5,
3654 5355 3706 5403 a,
3750 5340 3982 5395 Montac.
4040 5358 4103 5398 ac

2540 5408 2725 5466 Morel.
2754 5411 2811 5462 ln
2848 5410 2979 5463 edit.
3008 5408 3062 5460 δέ
3099 5408 3272 5464 deest.

2610 5480 2721 5549 (69)
2753 5478 3053 5551 Mapfpplq
3082 5478 3191 5546 γὰρ
3215 5477 3362 5551 Θεοῦ
3382 5476 3542 5551 -κατὰ
3582 5477 3677 5533 σέ.
3718 5477 3772 5532 In
3804 5480 3925 5532 eod.
3969 5478 4101 5551 Reg.

2541 5550 2600 5614 Β,
2621 5547 2686 5603 et
2716 5547 2855 5618 apud
2884 5547 3071 5600 Morel.
3098 5547 3239 5618 κατὰ
3268 5550 3329 5618 σε
3365 5547 3582 5618 desunt.

2609 5620 2719 5688 (70)
2751 5615 3288 5688 ᾊνθρωπολάτρης
3306 5615 3437 5688 ἐγώ.
3460 5615 3528 5670 Ut
3557 5617 3853 5688 iulololatm
3884 5635 4092 5671 vocan~

2538 5686 2647 5751 tur,
2685 5686 2760 5741 ait
2794 5686 2911 5739 Bill.
2934 5725 2949 5746 ,
2979 5688 3072 5755 qui
3118 5686 3430 5740 simulacris
3463 5688 3675 5739 divinos
3720 5687 3954 5742 honores
4001 5691 4101 5741 tri-

2538 5760 2730 5820 buunt,
2765 5757 2837 5809 ita
2870 5756 3277 5826 Apollinaristte
3304 5756 3635 5826 orthodoxos
3659 5759 4098 5826 anthrtqmlatras

2532 5827 2896 5897 appellabant.
2921 5823 3068 5897 quod
3096 5832 3267 5897 totum
3294 5825 3563 5897 hominem
3588 5838 3617 5878 α
3649 5823 4101 5897 Christoassum-

2536 5893 2684 5965 ptum
2710 5896 2877 5950 fuisse
2890 5893 3195 5960 crederent,
3220 5895 3409 5965 sicque
3425 5894 3577 5947 illum
3601 5894 3861 5948 colerent.
3889 5893 4085 5951 Eodem
