4348 6480
730 397 830 449 18⁸1

1971 393 2028 450 8.
2074 394 2398 452 CREGORII
2438 395 2780 452 THEOLOGI

3859 399 3965 458 £83

727 510 855 561 time
888 506 970 560 vir
1009 511 1286 575 (tanquam
1313 506 1628 573 sarcolatra,
1651 506 1914 576 siquidem
1944 522 2044 576 ego
2073 509 2289 560 anthro-
2331 529 2365 577 Α
2397 509 2444 560 Θ.

2246 522 2289 560 ί)-
2331 529 2365 577 Α
2397 509 2528 560 Θεὸν
2555 509 2692 580 πρὸς
2718 510 2916 580 σάρκα,
2945 509 3018 572 ὡς
3050 509 3150 561 οὐκ
3197 509 3370 574 ἄλλως
3396 509 3616 580 δεθῆναι
3648 512 3963 583 δυνάμενον,

728 598 940 666 pola‘tra
967 600 1132 664 sum).
1163 597 1368 650 idcirco
1400 608 1631 652 mentem
1668 613 1840 651 meam
1876 599 2203 660 contemnis.
2240 607 2297 652 ιιι

2398 599 2490 650 καὶ
2537 600 2625 652 διὰ
2669 599 2826 652 τοῦτο
2869 599 3106 669 ἐξαιρείς
3154 599 3214 652 τὸ
3260 601 3590 670 μεσότοιχον.
3644 604 3702 654 ’0
3733 603 3790 655 δὲ
3833 605 3965 672 ὲμδς

731 689 898 742 Deum
925 703 1047 742 cum
1081 703 1247 742 carne
1269 688 1548 744 devincias
1577 690 1687 758 90
1710 689 1932 759 perinde
1955 699 2119 760 atque
2141 691 2300 744 aliter
2395 687 2448 738 λό

2244 706 2300 744 cr
2395 687 2550 754 λόγος
2590 688 2694 750 τίς,
2728 688 2820 740 τοῦ
2853 688 3184 756 άφιλοσόφου
3216 689 3310 740 καὶ
3350 689 3715 756 ἀπαιδεύτους
3755 694 3784 743 ὀ
3838 691 3961 753 νοῦς

727 780 952 845 astringi
1001 789 1257 848 nequeat,
1301 782 1371 834 oh
1398 781 1558 850 idque
1605 781 1987 834 intermedium
2036 782 2294 850 parietem

727 869 876 923 tollis
890 868 957 922 ⁸³.
972 869 1090 923 Mea
1111 875 1288 922 autem
1308 870 1467 930 ratio,
1487 868 1588 921 hoc
1601 876 1706 933 est,
1727 870 1960 926 hominis
1977 870 2197 924 minime
2217 886 2298 923 sa-

729 957 924 1023 pientis
954 964 1008 1010 et
1024 958 1242 1020 eruditi,
1283 973 1529 1026 quaenam
1561 959 1682 1012 est?
1704 958 2055 1020 Mensmenti,
2079 968 2138 1012 ut
2168 975 2293 1028 pro-

728 1044 1001 1113 pinquiori
1019 1052 1071 1098 et
1092 1043 1476 1112 conjunctiori.
1499 1045 1764 1113 jungitur,
1779 1061 1842 1098 ac
1869 1061 1964 1114 per
1980 1061 2097 1100 eam
2115 1047 2289 1107 carni.

727 1133 870 1186 inter
891 1133 1224 1185 divinitatem
1257 1143 1311 1185 et
1339 1134 1520 1186 carnis
1553 1134 1745 1186 molem
1771 1173 1786 1196 ,
1822 1135 2291 1188 intervenientem.

800 1223 970 1277 Porro
999 1232 1201 1283 autem.
1233 1239 1393 1293 quam
1433 1225 1786 1280 humanitatis
1828 1236 2147 1296 assumpta,
2184 1227 2290 1292 vel,

729 1322 789 1366 ut
817 1313 918 1384 ipsi
950 1314 1268 1383 loquuntur,
1305 1316 1721 1376 incarnationis,
1776 1332 1997 1372 causam
2040 1319 2289 1387 alteram,

729 1404 1032 1460 videamus.
1067 1403 1345 1472 Siquidem
1377 1413 1436 1457 ut
1467 1405 1610 1457 Deus
1631 1407 1834 1475 alioqui
1869 1409 2283 1479 incomprehen-

727 1495 937 1558 sibilis,
966 1495 1474 1563 comprehendatur,
1517 1512 1580 1549 ac
1620 1499 1722 1549 sub
1757 1513 1944 1559 carne,
1975 1502 2130 1569 quasi
2173 1501 2290 1554 velo

725 1584 984 1652 quodam,
1023 1599 1146 1636 cum
1186 1584 1496 1637 hominilms
1539 1593 1801 1644 versetur.
1833 1588 1966 1640 scita
2007 1603 2139 1641 sane
2166 1588 2280 1642 hinc

728 1675 865 1743 ipsis
893 1671 1039 1727 larva
1063 1683 1168 1736 est,
1199 1683 1252 1728 et
1281 1676 1586 1744 hypocrisis
1613 1676 1792 1729 fabula
1815 1696 1827 1731 :
1850 1685 1906 1730 ιιι
1937 1678 2150 1730 interim
2181 1694 2286 1731 non

725 1766 902 1818 dicam
933 1767 1040 1819 alio
1069 1781 1284 1835 quoque
1312 1765 1470 1818 modo
1494 1766 1608 1819 lieri
1637 1768 1899 1836 potuisse,
1920 1778 1976 1820 ut
2003 1770 2284 1824 uobiscum

2393 779 2473 848 τῷ
2498 779 2578 832 νοτ
2604 780 2877 849 μίγνυται,
2921 780 2996 842 ὡς
3046 781 3328 850 ἐγγυτέρῳ
3372 783 3464 834 καὶ
3499 784 3828 852 οἰκειοτέρῳ,
3869 784 3961 834 καὶ

2392 871 2480 924 διὰ
2513 871 2702 924 τούτου
2733 873 2893 944 σαρκὶ
2933 872 3306 942 μεσιτεύοντος
3339 873 3451 944 (71)
3485 875 3698 927 θεόττητι
3731 874 3826 928 καὶ
3859 892 3961 928 πα-

2393 977 2602 1030 χυτητι.

2461 1223 2558 1284 Τίς
2598 1222 2653 1275 δὲ
2697 1221 2792 1276 καὶ
2831 1223 2861 1276 ὁ
2903 1221 3061 1290 λόγος
3106 1219 3290 1284 αὐτοῖς
3333 1221 3432 1290 τῆς
3477 1221 3955 1293 ὲνανθρωπήσειικ,

2392 1313 2609 1382 ἴδωμεν,
2646 1314 2820 1366 εἶτουν
2861 1312 3210 1383 σαρκώσεως,
3261 1311 3336 1374 ὡς
3387 1313 3539 1364 αὐτοὶ
3583 1291 3850 1380 λέγουσιν.
3891 1315 3955 1366 El

2392 1403 2492 1474 μὲν
2535 1404 2621 1454 ἴνα
2650 1402 2870 1472 χωρηθῇ
2897 1401 3051 1463 Θεὸς,
3093 1400 3268 1462 ἄλλως
3299 1400 3580 1471 ἀχώρητοξ
3610 1402 3706 1465 ὢν,
3740 1403 3834 1456 καὶ
3877 1404 3954 1467 ὼς

2391 1494 2496 1546 ὑπὸ
2525 1495 2982 1564 παραπετάσματι
3010 1495 3076 1561 τῇ
3109 1492 3272 1562 σαρκὶ
3302 1496 3411 1554 τοῖς
3457 1493 3761 1563 ἀνθρώποις
3789 1513 3954 1565 προσ-

2389 1587 2640 1656 ομιλήσῃ,
2694 1585 2901 1653 κομψὸν
2958 1587 3018 1636 τὸ
3070 1587 3408 1653 προσωπεῖον
3469 1585 3678 1648 αὐτοῖς,
3744 1587 3837 1639 καὶ
3891 1587 3953 1638 τὸ

2387 1677 2568 1746 δράμα
2591 1676 2689 1744 τῆς
2718 1676 3056 1746 ὑποκρίσεως
3081 1693 3094 1707 ο
3130 1677 3215 1728 ἵνα
3253 1677 3326 1746 μὴ
3367 1676 3510 1743 λέγω
3540 1677 3620 1728 ὅτι
3663 1679 3756 1730 καὶ
3781 1679 3954 1741 ἄλλως

2389 1769 2645 1838 ὁμιλῆσαι
2691 1770 2822 1838 ἡμῖν
2869 1763 2978 1820 οἷόν
3015 1785 3073 1819 τε
3108 1764 3198 1838 ἦν,
3246 1768 3434 1838 ὥσπερ
3485 1770 3544 1821 ἐν
3594 1769 3740 1838 βάτῳ
3784 1771 3953 1840 πυρὸς

727 1865 1074 1921 versaretur,
1125 1857 1577 1926 quemadmodum
1622 1861 1772 1926 prius
1801 1859 1852 1911 in
1887 1859 2028 1926 ignis
2064 1862 2200 1914 rubo
2221 1862 2286 1921 “,
2323 1867 2360 1920 Ιι
2390 1875 2444 1910 7.:

2235 1863 2286 1921 ⁵⁸,
2323 1867 2360 1920 Ιζ
2390 1859 2481 1910 καὶ
2518 1857 2842 1928 ἀνθρωπίνῳ
2891 1857 3018 1910 εἴδει
3068 1858 3180 1925 (79.)
3215 1860 3275 1910 τὸ
3319 1859 3601 1929 πρότερον.
3658 1861 3721 1913 Εἰ
3766 1861 3822 1912 δὲ
3867 1860 3952 1913 ἵνα

723 1955 780 2000 et
804 1947 975 2002 forma
1009 1949 1243 2002 humana
1265 1950 1330 2001 "-‘.
1363 1948 1419 2000 Si
1453 1957 1630 2002 autem
1693 1957 1751 2002 ut
1795 1951 1959 2002 simili
1989 1969 2084 2020 per
2111 1953 2289 2007 simile

725 2038 1065 2091 sanctiﬁcato
1099 2038 1302 2107 peccati
1356 2037 1753 2092 damnationem
1795 2042 1988 2103 solvat,
2027 2043 2276 2110 profecto

723 2127 1176 2197 quemadmodum
1234 2145 1400 2183 carne
1438 2137 1658 2198 propter
1689 2145 1908 2184 carnem
1952 2132 2285 2195 damnatam,

723 2232 778 2274 et
822 2221 1002 2274 anima
1056 2229 1274 2290 propter
1334 2221 1570 2273 animam
1599 2235 1737 2289 opus
1765 2221 1974 2282 habuit.
2009 2224 2081 2275 ita
2123 2224 2286 2276 etiam

723 2321 905 2364 mente
928 2319 1145 2380 propter
1168 2319 1428 2375 mentem,
1470 2320 1656 2382 utpote
1685 2327 1805 2382 qua:
1837 2311 1889 2364 in
1942 2311 2150 2365 Adamn
2176 2329 2285 2368 non

725 2401 902 2453 solum
974 2403 1313 2470 peccaverit,
1374 2402 1469 2457 sed
1521 2411 1574 2456 et
1618 2404 1792 2472 prima
1856 2401 2046 2456 aﬂecta
2103 2403 2285 2468 fuerit,

725 2491 1182 2560 quemadmodum
1211 2493 1406 2547 medici
1440 2493 1494 2547 in
1524 2495 1732 2548 morbis
1776 2495 2096 2563 loquuntur.
2133 2493 2286 2560 Quod

723 2584 871 2636 enim
907 2587 1218 2638 mandatum
1259 2587 1488 2654 accepit,
1518 2585 1621 2638 hoc
1663 2585 1917 2638 mandato
1952 2600 2167 2654 quoque
2191 2587 2291 2638 mi-

724 2671 871 2726 nime
927 2674 1106 2741 paruit
1155 2693 1169 2727 :
1209 2673 1353 2742 quod
1403 2682 1582 2727 autem
1645 2674 1867 2726 minime
1925 2677 2134 2742 paruit,
2181 2675 2286 2728 hoc

720 2761 887 2813 etiam
919 2777 982 2815 eo
1011 2761 1250 2816 audacia:
1271 2768 1618 2832 progresSum
1653 2771 1759 2824 est,
1787 2769 1846 2815 ut
1877 2763 2008 2816 illud
2036 2764 2280 2830 violaret;

719 2851 867 2920 quod
922 2860 1101 2906 autem
1134 2853 1372 2915 violavit,
1405 2852 1506 2906 hoc
1535 2853 1588 2906 in
1627 2852 1816 2922 primis
1857 2868 2073 2922 quoque
2111 2855 2283 2909 salute

2384 1949 2518 2021 λύσῃ
2567 1949 2628 2000 τὺ
2681 1949 2999 2017 κατάκριμα
3042 1952 3142 2020 τῆς
3197 1950 3469 2019 ἁμαρτίας
3530 1950 3607 2019 τῷ
3665 1949 3834 2020 ὁμοίῳ
3894 1951 3954 2002 τὸ

2382 2040 2563 2107 ὅμοιον
2597 2040 2852 2106 ἁγιάσας,
2876 2038 3066 2109 ὥσπερ
3090 2040 3292 2112 σαρκὸς
3323 2040 3507 2110 ἐδέησε
3532 2040 3619 2092 διὰ
3646 2041 3743 2110 τὴν
3778 2040 3957 2110 σάρκα

2383 2129 2823 2200 κατακριθεῖσαν,
2860 2130 2952 2182 καὶ
2990 2129 3168 2199 ψυχῆς
3197 2130 3283 2183 διὰ
3325 2130 3423 2200 τὴν
3452 2131 3648 2201 ψυχὴν,
3693 2130 3834 2184 οὕτω
3863 2131 3957 2184 καὶ

2381 2220 2471 2274 νοῦ
2499 2220 2587 2274 διὰ
2614 2221 2704 2273 τὸν
2744 2219 2887 2280 νοῦν,
2917 2221 2978 2272 οὐ
3029 2221 3329 2273 πταίσαντα
3367 2222 3524 2292 μόνον
3553 2223 3612 2274 ὲν
3636 2220 3714 2291 τῷ
3755 2221 3948 2291 Ἀδὰμ.

2382 2314 2518 2368 ἀλλὰ
2540 2313 2635 2367 καὶ
2657 2311 3182 2383 πρωωπαθὴσαντα,
3204 2312 3392 2384 ὥσπερ
3415 2315 3462 2366 0i
3493 2313 3665 2384 ἰατροὶ
3711 2313 3958 2381 λέγουσιν

2384 2407 2476 2458 ἐπὶ
2503 2405 2613 2457 τῶν
2636 2405 3105 2476 ἀρρωστημάτων.
3137 2407 3200 2458 Ὀ
3226 2405 3334 2476 γάρ
3356 2405 3454 2475 τὴν
3477 2405 3695 2476 ἐντολὴν
3721 2404 3954 2469 ἐδέξατο,

2383 2495 2536 2548 τοῦτο
2576 2495 2671 2548 καὶ
2706 2494 2804 2565 τὴν
2847 2495 3063 2566 ἐντολὴν
3095 2496 3193 2548 οὐκ
3239 2495 3520 2564 ἐφύλαξεν·
3553 2495 3582 2548 ὃ
3615 2496 3671 2548 δὲ
3696 2496 3796 2548 οὐκ
3827 2495 3956 2563 ἐφύ-

2384 2587 2508 2650 λαξε
2531 2628 2545 2648 ,
2589 2585 2748 2638 τοῦτο
2794 2586 2887 2638 καὶ
2937 2587 3036 2658 τὴν
3089 2587 3402 2656 παράϐασιν
3457 2586 3784 2656 ἐτόλμησεν·
3829 2585 3857 2638 ὃ
3899 2585 3955 2636 δὲ

2387 2678 2621 2749 παρέϐη,
2664 2677 2823 2730 τοῦτό
2869 2679 2961 2731 καὶ⁵
3009 2679 3280 2748 σωτηρίας
3333 2678 3499 2730 ἐδεῖτο
3549 2678 3814 2747 μάλιστα;
3841 2676 3869 2728 ὃ
3900 2675 3958 2728 δὲ

2386 2769 2486 2837 τῆς
2533 2769 2802 2840 σωτηρίας
2836 2769 3024 2832 ἐδεῖτο,
3052 2768 3209 2822 τοῦτο
3235 2769 3330 2821 καὶ
3356 2767 3701 2839 προσελήφθη
3722 2783 3735 2795 ·
3769 2770 3813 2820 6:
3833 2764 3958 2830 νοῦς

2387 2857 2495 2928 ἄρα
2525 2857 2938 2928 προσείληπται.

723 2943 1029 3013 indigebat;
1053 2943 1194 3012 quod
1224 2951 1402 2996 autem
1427 2943 1602 3009 salute
1629 2943 1920 3011 indigebat,
1949 2943 2051 2996 hoc
2083 2945 2242 2998 etiam
2273 2956 2614 3018 assumptum
2629 2957 2748 3014 est;
2784 2949 2858 3000 ita
2883 2948 2960 3007 tit.
2987 2955 3046 3000 ut
3075 2962 3230 3001 meus
3256 2955 3532 3016 assumpta
3554 2948 3641 3001 sit.

797 3032 909 3087 lloc
965 3048 1140 3096 nunc,
1186 3035 1351 3086 velint
1419 3034 1629 3096 nolint,
1674 3032 2104 3087 demonstratum
2165 3042 2282 3098 est,
2312 3042 2354 3097 c
2459 3039 2514 3090 Τ‹

2241 3047 2282 3098 ’.,
2312 3042 2354 3097 c
2459 3037 2628 3090 Τοῦτο
2663 3039 2758 3091 νῦν
2786 3039 3176 3101 ἀποδέδεικται,
3205 3039 3308 3090 κᾶν
3342 3038 3416 3109 μὴ
3446 3037 3762 3107 βούλωνται,
3811 3055 3958 3106 γεω-

722 3124 1084 3194 geometricis,
1129 3131 1189 3176 ut
1233 3123 1334 3194 ipsi
1381 3123 1554 3184 aiunt,
1596 3140 1659 3177 ac
1705 3127 2037 3180 necessariis
2068 3126 2294 3178 demon-

723 3212 1103 3267 strationibus.
1163 3211 1243 3265 Tu
1301 3227 1429 3265 vero
1464 3213 1688 3282 prrinde
1737 3211 1908 3276 lacis,
1950 3229 2014 3266 ac
2061 3215 2128 3274 si,
2168 3215 2294 3268 Iteso

725 3302 966 3357 hominis
989 3303 1174 3367 oculo,
1204 3317 1265 3356 ac
1307 3301 1442 3372 pede
1473 3303 1700 3372 insuper
1739 3303 1968 3365 oll'enso,
2027 3304 2146 3373 pedi
2172 3304 2294 3372 qui-

723 3396 846 3446 dem
881 3394 1203 3446 medicinam
1245 3393 1554 3456 adhiberes,
1601 3394 1820 3447 oculum
1857 3403 2035 3447 autent
2080 3395 2295 3448 incura-

725 3492 840 3536 tum
894 3485 1229 3554 relinqueres
1262 3494 1414 3548 :aut,
1446 3501 1570 3538 cum
1621 3486 1795 3555 pictor
1856 3486 2060 3554 aliquid
2116 3485 2294 3540 minus

731 3583 877 3630 recte
930 3575 1217 3644 pinxisset,
1278 3562 1545 3646 picturam
1590 3577 1808 3646 quidem
1848 3577 2182 3639 immutares,
2212 3577 2294 3646 pi-

726 3677 930 3719 ctorem
984 3675 1187 3728 autem,
1251 3667 1400 3721 velut
1442 3685 1668 3722 munere
1705 3683 1806 3721 suo
1834 3677 1980 3721 recte
2026 3668 2290 3730 functum,

729 3758 1061 3826 praeterires.
1126 3757 1281 3822 Quod
1342 3760 1411 3824 si,
1473 3760 1557 3814 his
1607 3760 1913 3814 rationibus
1948 3759 2294 3828 prohibitieo

725 3849 1073 3918 confugiunt,
1109 3857 1167 3903 ut
1209 3848 1400 3912 Deum,
1426 3862 1629 3905 remota
1658 3851 1822 3906 etiam
1855 3859 2056 3913 mente,
2091 3851 2292 3904 homini

730 3941 961 3993 salutem
1004 3940 1200 3996 aﬂ‘urre
1228 3957 1390 4011 posse
1417 3942 1622 4006 dicant,
1665 3943 1852 4012 utique
1893 3943 2072 4011 potuit
2104 3941 2291 4004 etiam,

732 4039 941 4083 remota
971 4045 1139 4084 carne
1177 4047 1270 4101 per
1315 4032 1487 4086 solam
1535 4032 1892 4093 voluntatem,
1938 4031 2292 4099 quemadmo-

728 4122 856 4175 dum
886 4124 990 4176 alia
1023 4139 1239 4193 quoque
1268 4126 1452 4178 omnia
1475 4125 1610 4176 citra
1644 4124 1892 4192 corporis
1915 4137 2132 4191 operam
2166 4136 2295 4190 ope-

731 4220 881 4265 ratus
933 4221 1036 4274 est,
1077 4222 1133 4266 et
1164 4225 1436 4283 operatur.
1464 4213 1644 4278 Quare
1679 4229 1800 4266 cum
1849 4219 2027 4266 mente
2070 4226 2288 4264 carnem

731 4320 948 4372 quoque
983 4305 1131 4368 tolle,
1157 4317 1211 4358 ut
1237 4306 1393 4374 plena
1418 4315 1472 4360 et
1505 4306 1742 4375 perlecta
1764 4305 1860 4358 tibi
1887 4305 1955 4359 sit
1991 4305 2289 4360 temeritas.

2397 3131 2702 3199 μετρικαίς,
2753 3129 2828 3193 ὥς
2871 3146 3034 3198 φασιν
3089 3130 3262 3189 αὐτοὶ,
3309 3130 3401 3181 καὶ
3452 3129 3782 3195 ἀναγκαίαις
3821 3132 3960 3182 ἀπο-

2392 3217 2610 3284 δείξεσι.
2671 3219 2743 3272 Σὺ
2795 3219 2850 3271 δὲ
2891 3220 3064 3281 ποιεῖς
3107 3217 3507 3289 παραπλήσιον,
3558 3217 3744 3288 ὥσπερ
3788 3217 3857 3271 ἂν
3911 3220 3962 3270 εί

2392 3309 2666 3378 ὀφθαλμοῦ
2710 3308 2994 3380 ἀνθρώπου
3048 3309 3375 3370 πταίσαντος
3435 3308 3529 3360 καὶ
3581 3308 3741 3370 ποδὸς
3797 3325 3963 3377 προσ-

2393 3400 2735 3460 πταίσαντος,
2760 3399 2852 3451 τὸν
2883 3398 3019 3450 πόδα
3047 3397 3144 3467 μὲν
3171 3397 3522 3466 ἐθεράπευες,
3555 3395 3648 3448 τὸν
3675 3396 3732 3448 δὲ
3765 3396 3964 3464 ὀφθαλ-

2397 3493 2495 3563 μὸν
2550 3490 2922 3561 ἀθεράπευτον
2971 3490 3121 3550 εἴας’
3157 3488 3189 3558 ἢ
3221 3485 3511 3556 ζωγράφου
3558 3504 3611 3538 τι
3664 3485 3739 3556 μὴ
3784 3485 3964 3548 καλῶς

2394 3581 2721 3652 γράψαντος,
2749 3579 2810 3632 τὸ
2845 3578 2942 3649 μὲν
2970 3577 3178 3648 γραφὲν
3208 3576 3531 3648 μετεποίεις,
3557 3574 3646 3628 τὸν
3669 3576 3724 3628 δὲ
3752 3575 3965 3646 ζωγρεῖ-

2395 3691 2493 3742 φον
2521 3672 2596 3734 ὡς
2640 3669 3005 3742 κατορθοῦντα
3055 3668 3404 3738 παρέτρεχες.
3451 3668 3512 3720 Εἰ
3547 3667 3600 3719 δὲ
3633 3667 3737 3719 ὑπὸ
3765 3667 3966 3719 τούτων

2395 3759 2760 3832 ἐξειργόμενοι
2803 3758 2908 3811 τῶν
2955 3757 3257 3827 λογισμῶν,
3305 3756 3737 3824 καταφεύγουσιν
3785 3756 3876 3808 ἐπὶ
3905 3755 3966 3807 τδ

2393 3851 2618 3906 δυνατὸν
2646 3845 2786 3904 εἶναι
2811 3848 2948 3919 Θεῷ,
2979 3849 3072 3901 καὶ
3103 3847 3268 3918 χωρὶς
3299 3845 3411 3909 νοῦ,
3443 3846 3613 3899 σῶσαι
3645 3847 3733 3899 τὸν
3758 3847 3964 3917 ἄνθρω-

2397 3961 2516 4004 πον,
2565 3942 2784 3995 δυνατὸν
2837 3942 2903 4012 δή
2947 3958 3050 3993 που
3097 3941 3190 3991 καὶ
3235 3939 3402 4009 χωρὶς
3456 3939 3675 4007 σαρκὸς.
3727 3937 3870 4006 μόνῳ
3891 3936 3965 4005 τῷ

2395 4033 2712 4104 βούλεσθαι,
2745 4031 2930 4102 ὥσπερ
2962 4035 3056 4085 καὶ
3101 4031 3170 4082 τὰ
3207 4030 3340 4083 ἄλλα
3372 4030 3546 4082 πάντα
3579 4030 3792 4098 ἐνεργεῖ
3813 4070 3824 4084 ,
3875 4027 3966 4078 καὶ

2394 4127 2698 4195 ἐνήργηκεν
2743 4122 3067 4191 άσωμάτως.
3101 4120 3288 4172 Ἀνελε
3325 4115 3418 4171 οὖν
3468 4119 3605 4188 μετὰ
3633 4115 3728 4168 τοῦ
3757 4114 3848 4167 νοῦ
3874 4115 3961 4166 καῖ

2395 4212 2490 4282 τὴν
2525 4212 2721 4281 σάρκα,
2760 4210 2824 4261 ἵν’
2921 4226 3002 4261 σοι
3034 4207 3233 4261 τέλειον
3277 4207 3339 4258 τὸ
3376 4205 3474 4274 τῆς
3507 4205 3779 4266 ἀπονοίας.
3829 4201 3966 4254 Ἀλλ’

2398 4302 2711 4358 ἀπατῶνται
2764 4300 2868 4352 ὑπὸ
2910 4299 3003 4350 τοῦ
3050 4299 3406 4368 γράμματος,
3453 4295 3545 4347 καὶ
3578 4294 3663 4347 διὰ
3705 4293 3860 4345 τοῦτο
3899 4293 3966 4361 τῇ

734 4393 838 4448 Sed
868 4395 1077 4450 scilicet
1105 4411 1133 4449 a
1177 4397 1352 4451 littera
1390 4397 1759 4467 decipiuntur,
1795 4406 2188 4466 proptereaque
2218 4397 2283 4451 ad
2321 4393 2362 4446 D
2389 4411 2451 4446 σα

2252 4397 2283 4451 d
2321 4393 2362 4446 D
2389 4393 2552 4464 σαρκὶ
2613 4389 3043 4462 προστρέχουσι,
3098 4388 3194 4458 τὴν
3258 4385 3545 4456 συνήθειαν
3591 4385 3691 4454 τῆς
3750 4382 3964 4454 Γραφῆς

827 4619 874 4649 ⁸³
915 4616 1108 4687 Ephcs.
1137 4633 1196 4683 ιι,
1235 4618 1312 4672 ll.
1386 4619 1431 4650 “
1461 4617 1625 4671 Exod.
1661 4633 1739 4678 ιιι,
1772 4619 1825 4669 2.
1901 4618 1946 4648 ⁸⁵
1979 4615 2112 4670 Gen.
2144 4632 2296 4678 xvm,
2340 4615 2362 4668 t
2403 4630 2522 4684 sqq.

736 4815 921 4883 itaque
968 4814 1130 4867 modo
1177 4813 1472 4882 Gregorius
1519 4813 1836 4881 Apollinarii
1892 4827 2153 4881 sequaces
2182 4828 2300 4865 sar-

735 4887 973 4938 colatras
1025 4891 1204 4943 vocat,
1250 4884 1392 4951 quod
1449 4897 1668 4935 carnem
1698 4884 1869 4934 solam
1897 4883 1964 4933 ab
1994 4898 2060 4933 eo
2088 4897 2302 4951 assum-

2395 4819 2508 4864 erat
2538 4811 2749 4878 futurus
2779 4810 2853 4878 in
2885 4809 3007 4875 ﬁne.
3042 4809 3296 4878 disserunt
3321 4806 3557 4878 quidam.
3596 4804 3670 4878 ait
3713 4804 3965 4878 Augusti-

2401 4872 2660 4937 nusflih.
2698 4895 2782 4930 ενι
2836 4872 2908 4930 ne
2934 4880 3033 4930 civ.
3070 4877 3182 4934 Dei.
3208 4872 3453 4944 rapfi‘l,
3491 4875 3768 4926 Dominum
3817 4872 3958 4927 Chri.

739 4967 883 5024 plant
911 4955 1076 5006 fuisse
1111 4944 1522 5005 contenderent.
1559 4954 1824 5018 Superius
1869 4952 2013 5003 enim
2058 4950 2305 5019 probavit
2401 4950 2753 5024 stum,_etiam
2786 4956 2905 5024 ante
2935 4947 3297 5024 indumentum
3345 4945 3542 5024 carnis,
3574 4944 3972 5024 luisse-Immiti-

735 5012 830 5076 ἕδος
875 5025 968 5092 qui
1008 5031 1236 5092 mentem
1273 5023 1488 5080 tollunt.
1520 5012 1764 5092 animum
1810 5035 2027 5088 quoque
2060 5012 2308 5092 'prorsus
2406 5020 2526 5070 lem.
2569 5017 2669 5092 Est
2715 5018 2922 5092 quidem
2952 5015 3452 5092 dirinatlpotestatis
3483 5024 3531 5066 et
3566 5012 3865 5092 inuisibilia
3896 5013 3959 5062 in-

739 5090 944 5154 tollcre,
975 5100 1159 5159 utpote
1187 5091 1238 5142 in
1266 5107 1370 5158 qua
1399 5091 1529 5159 nihil
1565 5091 1634 5142 sit
1669 5099 1856 5159 tuente
1891 5090 2266 5159 prmstantius.

815 5163 927 5227 (7i)
965 5156 1414 5223 Μὲσιτεύοιέτος.
1454 5158 1684 5212 Montac.
1720 5167 1774 5209 et
1813 5156 1998 5209 Morel.
2031 5157 2104 5219 ὡς
2142 5173 2298 5227 μεσι-

737 5225 1002 5293 τεύοντος.
1065 5228 1234 5281 Vertit
1284 5229 1528 5282 (Qumbcl'.
1569 5247 1580 5280 :
1623 5228 1753 5293 Qum
1793 5228 1963 5279 media
2009 5225 2300 5279 intercedat

739 5304 874 5353 inter
892 5301 1138 5352 deitatem
1165 5309 1210 5348 et
1236 5299 1411 5348 carnis
1447 5297 1653 5348 molem.

811 5369 921 5435 (72)
968 5370 1070 5420 Ἐν
1125 5367 1472 5433 ἀνθρωπίνῳ
1527 5365 1692 5417 εῖδει.
1746 5363 1808 5416 In
1856 5365 2084 5415 humana
2110 5365 2302 5435 specie.

741 5432 991 5491 videlicet
1014 5439 1141 5488 dum
1173 5432 1254 5487 sui
1292 5435 1633 5503 prmseutiant
1684 5435 2008 5500 patriarchis
2035 5434 2302 5485 exhibuit.

739 5507 1015 5560 Christum
1039 5506 1106 5557 ab
1124 5505 1280 5557 initio
1305 5508 1443 5556 inter
1465 5503 1711 5556 homines
1744 5503 1911 5556 luisse
1929 5510 2308 5555 Conversatutu

740 5577 1125 5629 existimarunt
1167 5573 1384 5626 Patrum
1429 5573 1696 5625 nonnulli.
1731 5571 2054 5640 Congressus
2102 5581 2202 5630 est,
2235 5571 2313 5622 iu-

741 5646 860 5712 quit
894 5643 1286 5703 Tertullianus.
1349 5658 1466 5694 cum
1518 5641 1925 5712 patriarchiset
1975 5641 2308 5712 prophetis...

744 5708 976 5769 editum
992 5713 1112 5782 jam
1131 5713 1246 5766 inde
1259 5729 1290 5765 a
1313 5711 1624 5779 primordio,
1635 5711 1751 5778 jam
1764 5709 1885 5764 inde
1901 5708 2311 5778 Itominemquod

2408 5081 2736 5150 corporalis,
2768 5085 3315 5150 incommutabilisque
3354 5093 3577 5143 natnrrc,
3609 5084 3719 5133 sine
3743 5081 3856 5133 ulla
3890 5084 3968 5132 sui

2408 5159 2694 5208 mutatione
2717 5157 2877 5206 etiam
2907 5154 3217 5204 mortalibus
3249 5150 3543 5217 aspectibus
3567 5165 3837 5217 apparere,
3866 5166 3966 5200 non

2404 5242 2494 5292 per
2526 5227 2575 5276 id
2602 5223 2739 5292 quod
2772 5234 2870 5285 est,
2908 5223 2994 5275 sed
3022 5239 3109 5288 per
3139 5222 3340 5288 ιιιιιιιιηι
3374 5222 3509 5286 quod
3558 5220 3659 5292 sibi
3704 5219 3971 5292 subditum

2407 5287 2505 5347 est.
2538 5287 2676 5358 Quid
2709 5305 2884 5345 mitem
2912 5291 2990 5343 illi
3023 5287 3302 5344 subditum
3330 5306 3431 5341 non
3468 5291 3588 5342 est?
3621 5287 3819 5358 Verum
3849 5290 3973 5340 huic

2412 5356 2692 5416 sententia:
2715 5363 2769 5414 S.
2791 5361 2986 5412 Doctor
3015 5360 3193 5410 lavere
3215 5375 3323 5412 nou
3353 5358 3584 5412 videtur.
3605 5356 3764 5408 Addit
3788 5358 3933 5409 etiim
3957 5372 3970 5407 :

2413 5432 2588 5485 Multo
2625 5440 2702 5482 est
2734 5429 3034 5482 credibilius
3065 5428 3201 5496 quod
3229 5439 3277 5481 et
3331 5427 3614 5496 Abraham
3635 5427 3689 5477 in
3717 5424 3905 5496 tribus,
3926 5433 3976 5475 et

2411 5502 2506 5554 Lot
2533 5505 2582 5552 in
2615 5499 2816 5553 duobus
2864 5501 2988 5552 ciris
3039 5494 3320 5550 Dominum
3374 5494 3744 5565 agnoscebant,
3775 5494 3862 5545 cui
3885 5507 3978 5565 per

2410 5572 2727 5636 singularem
2755 5583 3025 5620 nunierum
3058 5561 3426 5636 loquebantur,
3449 5566 3610 5619 etiam
3636 5579 3756 5617 cum
3775 5578 3865 5617 eos
3885 5561 3980 5617 ho-

2412 5644 2574 5695 mines
2600 5656 2709 5693 esse
2729 5639 3137 5691 arbitrarentur.
