5274 6660
1209 391 1303 448 isi
2412 403 2470 459 s.
2514 371 2844 459 cnecoun
2884 401 3225 460 τηεοιοοι

2412 403 2470 459 s.
2514 371 2844 459 cnecoun
2884 401 3225 460 τηεοιοοι
4339 410 4439 468 m

1208 505 1619 576 [intermittere
1668 511 1922 565 convenit
1954 527 1968 566 :
2008 512 2224 569 Utinam
2274 518 2650 572 abscinduntur
2677 520 2769 587 qui
2796 522 2842 581 Α
2871 521 3113 591 ραλιπεῖν
3142 525 3291 591 ἁναγε

2356 518 2650 572 tcindantttr
2677 520 2769 587 qui
2796 522 2842 581 Α
2871 521 3113 591 ραλιπεῖν
3142 525 3456 591 ἀναγκαῖον.
3493 523 3756 592 ὀφ-ελον
3790 522 3890 576 καί
3931 522 4346 592 ἀποκόψονται
4385 527 4439 580 οι

1206 609 1295 647 eos
1358 597 1669 649 conturbant
1708 597 1778 662 “,
1850 613 1915 655 ac
1965 605 2266 660 secundum
2302 604 2668 669 Judaismnm,
2715 615 2769 662 et
2871 611 3289 666 ἁναστατοῦντι

2358 607 2668 669 tdaismnm,
2715 615 2769 662 et
2871 611 3345 678 ἀναστατοῦντες
3377 611 3552 680 ὑμᾶς,
3583 613 3675 666 καὶ
3704 612 3951 683 δεύτερον
3973 613 4326 683 Ἰουδαϊσμδν.
4349 615 4441 668 καὶ

1207 683 1500 738 secundam
1549 690 2047 756 circumcisionem,
2107 703 2160 748 et
2201 697 2438 751 secunda
2496 699 2768 752 sacriﬁcia
2870 701 3125 775 δευτέραν
3147 720 3290 775 περιπ

2353 697 2438 751 Ida
2496 699 2768 752 sacriﬁcia
2870 701 3125 775 δευτέραν
3147 705 3467 775 περιτομὴν,
3499 704 3592 756 καὶ
3619 703 3808 767 θυσίας
3831 704 4088 774 δευτέρας
4110 704 4436 774 εἰσάγοντες·

1209 775 1490 828 invehunt.
1533 775 1588 828 Si
1628 780 1774 831 enim
1820 796 2005 834 verum
2036 793 2120 836 est
2156 786 2300 852 quod
2335 795 2608 846 asserunt.
2640 787 2769 856 quid
2872 793 2920 844 εί
2945 793 3054 863 γὰρ
3086 792 3278 852 τοῦτο,

2360 795 2608 846 ιδερτυιιι,
2640 787 2769 856 quid
2872 793 2920 844 εί
2945 793 3054 863 γὰρ
3086 792 3244 846 τοῦτο
3264 834 3278 852 ,
3308 793 3359 845 τί
3394 791 3586 845 κωλύει
3618 794 3713 846 καὶ
3756 793 3920 847 πάλιν
3959 795 4285 864 γεννηθῆναι
4312 796 4443 864 Χρι-

1206 873 1352 917 vetat
1379 867 1509 933 quin
1543 866 1798 921 Christus
1843 887 2059 940 quoque
2103 873 2170 926 ad
2217 875 2405 929 eadem
2449 877 2564 929 haec
2605 878 2771 930 abro-

1204 955 1380 1021 gztntla
1411 970 1608 1010 rursus
1639 968 1918 1022 nascatur,
1942 967 1996 1013 et
2025 976 2220 1016 rursus
2256 978 2284 1016 α
2307 962 2444 1018 .luda
2485 965 2768 1034 prodatur,

1205 1049 1260 1093 et
1314 1042 1367 1096 in
1413 1058 1630 1098 crucem
1676 1045 1918 1110 tollatur,
1992 1057 2043 1102 et
2109 1051 2400 1120 sepultura:
2465 1053 2770 1119 mandetur,

1204 1144 1261 1184 et
1309 1143 1577 1204 resurgat,
1631 1144 1689 1189 ut
1749 1139 1952 1201 omnia,
1986 1155 2106 1209 qua:
2161 1141 2406 1209 ejusdem
2429 1144 2590 1198 seriei
2619 1155 2770 1207 sunt,

1208 1224 1556 1292 impleantur,
1605 1229 1796 1281 eodem
1854 1230 2134 1282 stellarum
2195 1238 2378 1294 motu,
2421 1231 2576 1301 juxta
2621 1232 2772 1286 Grae-

1206 1328 1396 1368 corum
1465 1315 1789 1380 circuitum,
1852 1315 2038 1371 eadem
2113 1317 2577 1374 circumferente?
2644 1320 2774 1386 Quae

1206 1405 1351 1458 enim
1395 1406 1512 1460 haec
1562 1406 1743 1462 fatalis
1791 1423 1912 1463 sors
1953 1407 2136 1472 fuerit,
2169 1417 2226 1462 ut
2255 1426 2322 1464 ex
2351 1411 2449 1476 iis,
2487 1427 2608 1482 quae
2660 1422 2773 1467 tum

1207 1496 1574 1566 contigerunt,
1629 1499 1772 1552 aliud
1822 1501 2018 1571 partim
2058 1498 2168 1564 tlat,
2212 1500 2360 1555 aliud
2396 1504 2591 1572 partim
2616 1503 2776 1558 omit-

1210 1587 1396 1639 tatur?
1441 1586 1554 1641 Hoc
1601 1590 1876 1657 sapientes
1921 1590 2022 1644 viri
2062 1591 2373 1658 ostendant,
2418 1601 2472 1647 et
2512 1594 2772 1649 librorum

1212 1677 1557 1732 multitudine
1584 1681 1904 1750 gloriantes.

1276 1767 1543 1833 Quoniam
1574 1779 1754 1825 autem
1781 1773 1852 1827 ob
1877 1774 2075 1829 librum
2094 1775 2244 1830 illum
2271 1774 2336 1829 de
2362 1774 2628 1830 Trinitate
2661 1776 2777 1830 ani-

1212 1859 1315 1912 mis
1357 1859 1551 1925 intlati,
1601 1861 1740 1917 falso
1798 1880 1918 1928 nos,
1962 1875 2020 1919 ut
2088 1866 2143 1920 in
2189 1864 2292 1920 ﬁde
2339 1866 2562 1920 minime
2589 1883 2772 1932 sanos,
2807 1847 2849 1901 Β

1211 1963 1489 2017 accusant,
1533 1970 1595 2006 ac
1619 1956 1909 2027 plerosque
1927 1959 2071 2011 velut
2091 1972 2215 2012 esca
2245 1958 2476 2028 quadam
2507 1958 2772 2020 alliciunt,

1210 2042 1342 2097 il1ud
1366 2045 1506 2099 scire
1537 2062 1758 2100 necesse
1779 2057 1883 2109 est,
1912 2050 2332 2119 Apollinarium,
2369 2050 2618 2118 quamvis
2657 2049 2775 2103 dei-

1209 2133 1338 2187 tatis
1366 2149 1560 2188 nomen
1593 2133 1818 2203 Spiritui
1850 2145 2041 2190 sancto
2066 2135 2299 2200 dederit,
2333 2137 2441 2188 vim
2461 2143 2641 2189 tamen
2662 2136 2777 2189 dei-

1208 2225 1339 2278 tatis
1395 2225 1618 2281 minime
1657 2227 2004 2283 custodiisse.
2037 2229 2316 2298 Siquidem
2365 2245 2431 2281 ex
2473 2244 2687 2297 magno,
2722 2237 2776 2281 et

1209 2315 1426 2382 majori,
1454 2325 1508 2370 et
1542 2319 1801 2380 maximo,
1839 2319 1941 2372 hoc
1989 2329 2094 2385 est,
2130 2336 2197 2375 ex
2241 2319 2446 2388 Spiritu
2482 2330 2691 2381 sancto.
2724 2327 2777 2374 et

1210 2402 1369 2468 Filio,
1422 2414 1476 2458 et
1535 2405 1716 2472 Patre,
1750 2418 2008 2478 tanquam
2050 2425 2115 2463 ex
2165 2409 2478 2478 splendore,
2516 2416 2570 2462 et
2599 2409 2775 2471 radio,

1208 2502 1262 2548 ct
1291 2497 1428 2559 sole,
1498 2495 1820 2551 Trinitatem
1887 2499 2221 2554 constituere
2268 2499 2435 2569 (quod
2470 2500 2686 2568 quidem
2722 2499 2776 2553 in

1212 2585 1364 2639 illius
1397 2587 1551 2640 libris
1581 2595 1766 2656 aperte
1798 2589 2063 2656 scriptum
2084 2589 2214 2657 est),
2245 2587 2464 2642 deitalis
2494 2589 2640 2640 scala
2671 2594 2776 2651 est,

1212 2694 1320 2730 non
1381 2678 1434 2730 in
1491 2680 1689 2730 uelum
1735 2679 2065 2742 subvehens,
2109 2677 2204 2732 sed
2246 2693 2274 2731 e
2321 2677 2460 2730 caelo
2493 2675 2776 2742 dejiciens.

1211 2769 1280 2822 At
1311 2786 1410 2840 nos
1439 2768 1604 2822 Deum
1639 2772 1856 2839 quidem
1886 2769 2102 2824 Patrem
2134 2778 2188 2824 et
2213 2767 2407 2822 Filium
2432 2777 2484 2821 et
2516 2765 2776 2836 Spiritum

1211 2869 1461 2913 sanctum
1514 2863 1901 2930 agnoscimus:
1937 2863 2050 2915 haec
2088 2868 2266 2916 autem
2332 2877 2439 2915 non
2491 2859 2633 2914 nuda
2683 2874 2780 2912 no-

1213 2953 1386 3014 mina,
1433 2951 1684 3022 dispares
1716 2954 2009 3022 dignitates
2054 2963 2147 3009 aut
2197 2953 2469 3022 potentias
2513 2951 2774 3010 secantia,

1214 3042 1307 3094 sed
1353 3057 1514 3094 unam
1558 3043 1933 3110 eamdemque.
1977 3049 2036 3095 ut
2087 3041 2526 3111 appellationem.
2576 3042 2648 3093 ita
2691 3039 2774 3093 di-

1213 3130 1458 3184 vinitatis
1488 3141 1763 3197 naturam,
1799 3142 1854 3187 et
1883 3131 2204 3194 essentiam,
2239 3145 2304 3184 ac
2326 3129 2642 3200 potentiam.

1289 3301 1447 3366 Quod
1475 3303 1519 3356 si
1550 3302 1674 3372 quis
1699 3303 1811 3356 liazc
1837 3301 2054 3372 quidem
2090 3316 2120 3354 a
2155 3301 2313 3356 nobis
2347 3308 2496 3354 recte
2521 3296 2784 3353 diciarhi—

1215 3399 1412 3451 tretnr,
1446 3407 1633 3444 verum
1659 3391 2042 3445 haereticorum
2067 3390 2506 3445 communionem
2537 3388 2780 3457 obiiciat,

1218 3481 1325 3535 hoc
1363 3491 1612 3534 nostrum
1645 3498 1767 3536 esse
1795 3483 2066 3551 quispiam
2103 3481 2392 3545 ostendat;
2445 3489 2497 3534 et
2537 3488 2666 3532 tunc
2694 3480 2776 3532 vel

1219 3572 1692 3643 persuadebimus,
1738 3575 1818 3627 vel
1865 3572 2203 3628 secedemus.
2235 3573 2374 3626 Ante
2400 3571 2665 3641 judicium
2696 3587 2786 3624 au-

1219 3674 1349 3728 tem,
1379 3682 1479 3721 nec
1520 3665 1665 3721 aliud
1715 3665 2011 3736 quidquam
2071 3665 2195 3720 novi
2248 3664 2428 3719 moliri
2468 3671 2642 3718 tntum
2679 3671 2782 3728 est,

1219 3758 1419 3812 nedum
1455 3771 1567 3811 rem
1595 3764 1824 3818 tantum,
1856 3762 1908 3810 et
1937 3753 2003 3808 de
2034 3755 2197 3810 rebus
2219 3753 2407 3808 tantis.
2438 3752 2547 3808 Nos
2567 3753 2784 3824 quidem

1219 3847 1347 3910 ista.
1385 3857 1438 3902 et
1487 3847 1628 3917 apud
1685 3845 1851 3902 Deum
1901 3858 1955 3904 et
1977 3846 2118 3918 apud
2176 3846 2453 3911 homines,
2497 3844 2785 3901 contestatl

1221 3954 1433 3999 sumus.
1470 3947 1524 3992 ct
1553 3946 1951 3993 contestamur.
2009 3939 2088 3992 Ac
2117 3953 2185 3991 ne
2213 3940 2359 3990 nunc
2402 3936 2642 4006 quidem.
2666 3951 2787 3990 cre-

1221 4029 1319 4084 das
1353 4031 1483 4083 mihi
1513 4031 1698 4093 velim,
1731 4031 1847 4083 haec
1877 4029 2313 4100 scripsissemus,
2354 4027 2458 4082 nisi
2491 4027 2786 4081 Ecclesiam

1222 4123 1449 4176 lacerari
1509 4131 1672 4192 atque
1725 4120 1958 4176 discindi
1999 4121 2330 4183 videremus,
2379 4119 2487 4189 93
2541 4131 2652 4172 tum
2696 4135 2789 4189 per

1223 4212 1358 4265 alias
1392 4213 1713 4282 praestigias,
1758 4220 1872 4265 tum
1920 4227 2015 4282 per
2053 4226 2293 4280 praesens
2344 4209 2601 4263 vanitatis
2653 4225 2788 4262 con-

1221 4304 1430 4358 cilium.
1485 4303 1638 4368 Quod
1704 4304 1749 4359 si
1805 4304 1929 4372 quis
1983 4303 2142 4357 nobis
2205 4302 2322 4356 haec
2374 4300 2679 4355 dicentibus
2736 4309 2790 4355 ct

1295 4416 1341 4446 “
1372 4415 1491 4468 Gal.
1521 4431 1583 4479 v,
1626 4416 1714 4469 15.

1297 4524 1408 4592 (80)
1454 4526 1527 4578 Τὰ
1567 4525 1760 4577 πάντα
1793 4525 1864 4579 τὰ
1893 4524 2002 4592 τῆς
2031 4525 2240 4592 αὐτῆς.
2284 4521 2473 4576 Morel.
2514 4522 2581 4574 τὰ
2609 4524 2782 4576 πάντα

1222 4593 1591 4666 τῆςᾲαὺτῆςη
1677 4664 1686 4666 _
1774 4665 1781 4666 ί
2075 4661 2087 4666 Α
2198 4663 2209 4666 _
2356 4662 2366 4666 _
2436 4664 2446 4666 4
2643 4660 2663 4666 ,ι

1296 4664 1409 4730 (81)
1449 4660 1607 4716 Κατὰ
1633 4664 1745 4728 τὴν
1772 4661 2145 4728 Ἑλληνικὴν
2178 4660 2787 4714 ἀνακύκ.1ωσιν.11υηο

1227 4733 1401 4784 orbem
1454 4732 1515 4784 ab
1561 4733 1755 4786 eisdem
1814 4732 2063 4795 abeundi,
2120 4733 2196 4784 ait
2246 4731 2387 4795 liill.,
2426 4741 2476 4782 et
2525 4731 2594 4781 ad
2638 4748 2784 4783 eant-

1225 4801 1344 4853 dem
1393 4819 1500 4854 rem
1551 4803 1836 4856 revertendi
1890 4803 2135 4855 conl'utat
2178 4801 2541 4867 Augustinus,
2586 4801 2680 4854 lib.
2729 4818 2783 4865 ι,

1228 4884 1352 4938 cap.
1385 4871 1475 4935 5i,
1512 4871 1582 4926 De
1618 4873 1783 4936 civit,
1818 4888 1938 4940 qua:
1970 4871 2155 4941 opinio
2191 4868 2594 4941 Platonicorum
2647 4869 2782 4941 fuit,

1229 4941 1322 5008 qni
1368 4942 1631 4994 circuitus
1654 4939 1958 5011 temporum
1989 4939 2342 5002 induxerunt,
2373 4940 2574 5011 quibus
2595 4939 2784 4992 eadem

1229 5024 1447 5076 semper
1489 5011 1658 5064 fuisse
1709 5009 1965 5064 renovata
2015 5021 2176 5078 atque
2217 5009 2444 5077 repetita
2502 5010 2554 5059 in
2603 5023 2783 5061 rerum

1231 5087 1465 5138 natura,
1517 5089 1676 5148 atque
1724 5081 1794 5134 ita
1833 5081 2089 5149 deinceps
2133 5078 2249 5132 fore
2302 5079 2420 5131 sine
2472 5080 2780 5149 cessatione

1232 5146 1644 5211 asseverarent,
1695 5160 1750 5203 ut
1805 5151 1943 5203 idem
1998 5146 2230 5217 August.
2287 5150 2487 5208 docet,
2534 5146 2626 5217 lib.
2669 5162 2779 5206 xu.

1230 5233 1350 5285 cap.
1391 5217 1470 5271 l5.
1499 5218 1611 5271 Cur
1649 5229 1827 5272 autem
1878 5219 2019 5271 hunc
2053 5216 2238 5270 orbem
2283 5216 2652 5285 necessarium
2683 5231 2784 5284 pu-

1233 5284 1406 5357 tarent
1444 5287 1732 5352 Platonici,
1761 5290 1984 5357 exponit
2011 5286 2193 5348 Vives,
2229 5287 2324 5340 lib.
2355 5301 2406 5349 ι,
2437 5300 2553 5351 cup.
2590 5284 2679 5343 3|,
2716 5299 2782 5338 ne

1239 5356 1492 5410 videlicet
1535 5375 1656 5410 cum
1697 5356 1881 5411 certus
1914 5367 2058 5411 esset
2102 5360 2404 5409 animarum
2451 5369 2711 5407 numerus
2751 5367 2780 5405 a

1237 5422 1365 5483 Deo,
1393 5442 1516 5479 cum
1567 5427 1824 5480 mundum
1855 5427 1998 5480 hunc
2037 5426 2506 5484 architectaretnr,
2537 5431 2775 5481 creatus.

1235 5495 1488 5548 deessent
1530 5496 1620 5561 qui
1672 5504 1868 5549 terram
1923 5496 2221 5550 incolerent
2264 5494 2545 5552 homines,
2578 5493 2780 5544 mundo

1236 5571 1437 5616 seti-run
1474 5573 1526 5618 et
1556 5566 1866 5619 hominibus
1895 5565 2054 5619 morti
2084 5564 2336 5618 subditis.
2367 5561 2778 5614 Ilevolntionem

1238 5631 1380 5711 hanc
1431 5635 1644 5688 videtur
1694 5635 1961 5704 attingere
2021 5631 2235 5689 Tullius
2288 5635 2342 5687 in
2401 5631 2614 5686 Somnio
2666 5629 2784 5683 Sci-

1273 5717 1430 5756 ιοιιιε.

1233 5716 1430 5842 ν’ἶὲἓὲί
1466 5773 1560 5840 Τίς
1590 5775 1696 5843 τὰρ
1727 5774 1763 5841 ἡ
1797 5772 2236 5841 ἀποκλήρωσις.
2279 5769 2354 5824 lta
2382 5769 2540 5825 codd.
2577 5786 2787 5833 onutes,

2874 884 2996 936 στὸν
3026 885 3104 944 εἰς
3133 883 3388 953 ἀθέτησιν
3415 884 3525 936 τῶν
3559 885 3734 938 αὐτῶν
3753 925 3768 946 ,
3799 883 3894 938 καὶ
3926 885 4249 955 προδοθῆναι
4281 885 4442 939 πάλιν

2875 971 2980 1024 ὑπὸ
3022 972 3210 1034 Ἰούδα,
3239 973 3333 1025 κα),
3365 973 3765 1043 σταυρωθῆναι,
3795 976 3890 1026 καὶ
3915 974 4168 1042 ταφῆναι,
4199 974 4292 1026 καὶ
4315 974 4442 1025 ἀνα-

2874 1061 3084 1128 στῆναι,
3130 1061 3217 1113 ἵνα
3259 1060 3514 1131 πληρωθῇ
3553 1061 3621 1114 τὰ
3673 1062 3848 1115 πάντα
3891 1061 3960 1114 τὰ
3998 1061 4098 1130 τῆς
4125 1059 4296 1128 αὐτῆς
4325 1058 4441 1128 (80)

2872 1146 3209 1210 ἀκολουθίας,
3240 1148 3382 1200 κατὰ
3415 1148 3515 1219 τὴν
3546 1148 3862 1220 Ἑλληνικὴν
3899 1148 4276 1202 ἁνακύκλωσιν
4299 1147 4437 1217 (81),

2872 1237 2940 1290 τὰ
2964 1237 3104 1291 αὐτὰ
3129 1237 3532 1309 περιφεροὺσης
3554 1238 3656 1308 τῆς
3697 1239 3869 1310 αὐτῆς
3907 1239 4018 1293 τῶν
4045 1237 4259 1309 ἄστρων
4283 1238 4443 1309 κινή-

2876 1344 3042 1392 σεω;;
3079 1328 3164 1391 τίς
3207 1328 3315 1399 γὰρ
3357 1331 3392 1399 η
3435 1329 3816 1400 ἀποκλήρωσις
3845 1329 3982 1400 (82),
4029 1331 4091 1383 τὸ
4121 1329 4222 1400 μέν
4266 1310 4316 1382 τι
4348 1345 4442 1398 γι-

2872 1418 3060 1472 νέσθαι
3079 1417 3188 1471 τῶν
3205 1419 3328 1472 τότε
3350 1418 3691 1489 συμϐάνπον,
3721 1421 3782 1472 τὸ
3817 1421 3875 1474 δὲ
3911 1419 4247 1490 παρεθῆναις
4287 1417 4442 1472 τοῦτο

2874 1509 3204 1574 δειξάτωσαν
3226 1510 3278 1561 ot
3314 1510 3486 1579 σοφοὶ,
3517 1511 3612 1564 καὶ
3638 1510 3716 1582 τῷ
3741 1511 3934 1584 πλήθει
3969 1511 4077 1564 τῶν
4109 1510 4328 1581 βιϐλίων
4350 1529 4441 1581 φι-

2875 1597 3276 1668 λοτιμούμενοι.

2960 1778 3178 1847 Ἐπειδὴ
3202 1777 3264 1831 δὲ
3280 1777 3500 1849 τῷπερὶ
3531 1776 3757 1849 Τριάδος
3783 1777 4130 1849 φυσιούμενοι
4161 1780 4325 1850 λόγῳ,
4351 1796 4444 1834 καο

2876 1869 3223 1938 ταψεύδονται
3259 1869 3355 1938 μὲν
3396 1869 3574 1938 ἡμῶν,
3603 1871 3678 1934 ὡς
3704 1871 3801 1940 οὐχ
3848 1870 4015 1937 ὑγιῶς
4046 1871 4278 1941 ἐχόντων
4317 1868 4445 1942 περ)Ι

2876 1962 2975 2030 τὴν
3011 1960 3213 2025 πίστιν,
3257 1958 3565 2022 δελεάζουσι
3597 1960 3654 2012 δὲ
3695 1962 3822 2023 τοὺς
3857 1961 4102 2026 πολλοὺς,
4145 1963 4320 2014 έκεῖνο
4361 1977 4448 2029 γι·-

2876 2049 3103 2103 νὼσκειν
3145 2051 3458 2117 ἀναγκαῖον,
3508 2051 3590 2104 ὅτι
3647 2050 4048 2123 Ἀπολλινάριος
4098 2053 4194 2123 μὲν
4241 2053 4304 2105 τὸ
4346 2053 4447 2123 τῆς

2877 2141 3128 2211 θεότητος
3161 2140 3331 2210 ὄνομα
3362 2139 3439 2209 τῷ
3487 2139 3626 2209 ἁγίῳ
3675 2141 3948 2208 Πνεὺματι
3993 2142 4137 2204 δοὺς,
4167 2144 4267 2212 τὴν
4296 2143 4444 2195 δύνα·

2880 2247 2972 2299 μιν
2998 2228 3098 2298 τῆς
3127 2227 3378 2298 θεότητος
3407 2227 3508 2280 οὐκ
3533 2227 3787 2296 ἐφύλαξε.
3822 2229 3895 2280 Τὸ
3938 2228 4047 2298 γὰρ
4089 2231 4152 2282 ἐκ
4185 2230 4442 2300 μεγάλου,

2877 2320 2969 2372 καὶ
3011 2318 3273 2389 μείζονος,
3317 2319 3411 2372 καὶ
3458 2319 3713 2388 μεγίστου
3769 2321 4022 2388 συνιστᾷν
4074 2321 4174 2390 τὴν
4219 2320 4443 2390 Τριάδα,

2878 2409 3068 2478 ὥσπερ
3108 2408 3168 2472 ἐξ
3217 2409 3411 2479 αὐγῆς.
3448 2411 3542 2462 καὶ
3571 2411 3805 2472 ἀκτῖνος,
3837 2410 3930 2462 καὶ
3959 2409 4132 2478 ἡλίου,
4161 2410 4254 2462 τοῦ
4289 2408 4450 2461 lived-

2881 2520 3067 2572 ματος,
3113 2503 3207 2554 καὶ
3233 2501 3326 2554 τοῦ
3358 2501 3485 2554 Υἱοῦ
3515 2503 3608 2554 καὶ
3637 2501 3731 2553 τοῦ
3767 2501 3980 2566 ῐιατρὺς
4009 2504 4168 2572 «ὅπερ
4208 2502 4315 2565 ι85)
4348 2519 4446 2554 σα-

2879 2593 2994 2660 φῶς
3030 2594 3088 2644 ἐν
3121 2596 3231 2655 τοῖς
3262 2591 3469 2645 ἐκείνου
3500 2593 3806 2661 γέγραπται
3847 2591 4067 2658 λόγοις),
4096 2591 4296 2660 κλίμαξ
4331 2589 4450 2642 ἐστὶ

2885 2685 3158 2753 θεότητος,
3192 2685 3293 2736 οὐκ
3334 2686 3411 2746 εἰς
3453 2683 3680 2752 οὐρανὸν
3717 2683 3925 2751 ἄγουσα
3955 2683 4086 2751 (8-1),
4120 2683 4231 2735 ἀλλ’
4262 2682 4319 2744 ἐξ
4367 2681 4453 2734 015-

2882 2774 3045 2844 ρανοῦ
3081 2775 3389 2840 κατάγουσα
3460 2773 3649 2839 Ἡμεῖς
3693 2772 3748 2824 δὲ
3794 2772 3932 2823 Θεὸν
3973 2772 4070 2840 μὲν
4110 2770 4450 2840 γινώσκομεν

2879 2865 2970 2916 τὸν
3003 2865 3240 2932 Πατέρα,
3274 2863 3365 2915 καὶ⁵
3387 2864 3478 2916 τὸν
3512 2863 3658 2920 Υἰὸν.
3682 2864 3777 2915 καὶ
3797 2861 3858 2914 τὸ
3880 2862 4032 2928 ἆγισν
4061 2862 4281 2932 Πνεῦμα
4299 2861 4411 2931 (85)
4435 2874 4444 2884 ·

2880 2954 3049 3006 ταῦτα
3077 2955 3134 3007 δὲ
3160 2955 3220 3006 οὺ
3252 2953 3471 3021 κλήσεις
3498 2953 3680 3022 ψιλὰς,
3731 2953 4028 3022 τεμνούσαις
4055 2953 4377 3022 ἀξιωμάτων
4413 2950 4448 3022 ἢ

2882 3043 3160 3112 δυνάμεων
3215 3043 3568 3112 ἀνισότητας,
3616 3041 3752 3094 ἀλλὰ
3807 3041 3934 3111 μίαν
3984 3042 4078 3094 καὶ
4137 3043 4234 3110 τὴν
4284 3042 4452 3106 αὐτὴν

2808 3173 2854 3233 c
2883 3133 3071 3203 ὥσπερ
3097 3132 3488 3202 προσηγορίαν,
3529 3132 3673 3186 οὕτω
3711 3132 3805 3186 καὶ
3834 3132 4088 3203 θεότητος
4126 3132 4310 3201 φύσιν,
4356 3132 4450 3185 καὶ

2881 3224 3090 3284 οὐσίαν,
3122 3225 3214 3276 καὶ
3240 3223 3488 3291 δύναμιν.

2952 3315 3017 3366 Εἰ
3054 3314 3111 3367 δέ
3142 3331 3225 3376 τις
3251 3312 3423 3365 ταῦτα
3452 3313 3551 3382 μὲν
3575 3313 3751 3384 ὀρθῶς
3777 3315 3946 3367 οἴεται
3976 3312 4249 3382 λέγεσθαι.
4280 3315 4451 3380 ἔγκα-

2883 3403 2966 3456 λεῖ
2999 3404 3056 3456 δὲ
3095 3403 3193 3474 τὴν
3246 3403 3356 3456 τῶν
3383 3403 3697 3474 ,αἱρετικῶν
3741 3404 4044 3466 κοινωνίαν,
4096 3402 4320 3466 δειξάτω
4368 3420 4452 3467 τις

2883 3495 3042 3548 τοῦτο
3085 3495 3190 3546 τῶν
3235 3495 3520 3565 ἡμετέρων
3569 3495 3715 3564 (86)·
3747 3495 3841 3547 καὶ
3885 3495 3917 3563 ἦ
3951 3494 4291 3563 πείσομεν,ῆ
4329 3495 4453 3547 ἀνα-

2885 3586 3225 3658 χωρήσομεν.
3276 3585 3388 3657 Πρὸ
3429 3584 3663 3655 κρίσεως
3711 3583 3768 3637 δὲ
3817 3584 3937 3638 οὐδὲ
3977 3582 4103 3636 ἄλλο
4135 3601 4185 3636 τι
4219 3600 4455 3638 καινοτο-

2891 3680 3010 3747 μεῖν
3038 3674 3297 3746 ἀσφαλὲς,
3348 3675 3421 3748 μη
3455 3675 3535 3730 ὅτι
3583 3677 3814 3747 πρᾶγμα
3857 3673 4131 3738 τοσοῦτον,
4187 3675 4282 3730 καὶ
4327 3675 4456 3746 περὶ

2886 3761 3238 3834 τηλικούτων.
3281 3762 3470 3834 Ἦμιῐς
3502 3763 3599 3835 μιν
3623 3759 3712 3818 οὖν
3757 3760 3927 3817 ταῦτα
3967 3763 4058 3817 καὶ
4098 3763 4458 3836 διεμαρτυρά-

2891 3853 3032 3924 μεθα
3085 3852 3216 3907 Θιὺν
3267 3853 3361 3908 καὶ
3410 3852 3748 3925 ἀνθρώπους,
3805 3852 3897 3908 κα).
3953 3850 4451 3926 διαμαρτυρόμιθα.

2889 3945 2998 3997 Καὶ
3038 3944 3158 3996 οὐδὲ
3190 3942 3306 4005 νῦν,
3343 3939 3401 3996 εὖ
3445 3943 3574 4005 ῐσθι,
3625 3942 3772 3994 ταῦτ’
3815 3942 3880 3995 ἂν
3911 3943 4248 4012 ἐγράψαμεν,
4277 3946 4324 3996 εί
4380 3943 4454 4014 μὴ

2887 4035 2984 4105 τὴν
3052 4033 3375 4102 Ἐκκλησίαν
3409 4033 3666 4102 ἑωρῶμεν
3705 4032 4108 4102 διασπωμένην,
4141 4033 4232 4084 καὶ
4265 4049 4457 4102 τεμνο-

2893 4125 3081 4194 μένην,
3121 4123 3214 4175 καὶ
3251 4125 3370 4183 ταῖς
3399 4120 3583 4182 ἄλλαις
3606 4121 3930 4190 τερατείαις.
3959 4121 4051 4172 καὶ
4089 4120 4161 4189 τῷ
4189 4121 4282 4172 νῦν
4311 4137 4457 4173 συνε-

2887 4213 3019 4282 δρίῳ
3062 4213 3158 4282 τῆς
3209 4212 3583 4282 ματαιότητος.
3637 4213 3698 4262 Εἰ
3734 4211 3791 4262 δέ
3855 4228 3937 4271 τις
3978 4211 4150 4263 ταῦτα
4192 4211 4456 4279 λεγόντων

2890 4304 3046 4375 ἡμῶν
3081 4306 3173 4356 καὶ
3205 4301 3737 4373 διαμαρτυρομένων,
3762 4301 3794 4372 ἢ
3820 4301 3906 4354 διὰ
3932 4302 4119 4372 χρείας
4148 4303 4298 4366 τινας
4320 4302 4453 4374 (87),

2894 4527 3156 4588 Ilontac.,
3182 4523 3368 4578 Morel.
3395 4530 3449 4576 et
3473 4523 3746 4580 Combet..
3773 4521 3932 4589 cujus
3951 4523 4452 4591 interpretationem

2819 4610 2863 4665 ι)
2891 4596 3191 4665 sequimur.
3239 4595 3294 4665 In
3338 4593 3469 4646 edit.
3507 4593 3894 4665 ᾁποπλήρωσις
3918 4631 3932 4653 ,
3989 4597 4257 4665 vertitque
4289 4593 4407 4646 Bill.
4435 4611 4450 4649 :

2891 4661 3021 4730 Qua:
3066 4664 3203 4716 enim
3241 4664 3351 4715 lucc
3386 4661 3664 4714 altribntio
3685 4664 3865 4728 fuerit,
3898 4671 3954 4712 ut
3983 4677 4046 4713 ea:
4082 4663 4149 4714 iis
4184 4678 4302 4729 quia
4345 4673 4456 4716 tant

2887 4732 3393 4801 contigerunt-aliud
3425 4734 3647 4801 factum,
3672 4730 3819 4801 aliud
3855 4732 4108 4801 omissum
4142 4732 4253 4801 sit?

2960 4799 3070 4873 (83)
3105 4803 3303 4870 Ὅπερ.
3325 4801 3414 4873 ita
3455 4800 3614 4873 codd.
3650 4799 3845 4852 nostri.
3875 4799 3940 4873 _l_n
3971 4800 4104 4852 edit.
4136 4799 4344 4873 ὥσπερ.

2959 4868 3069 4942 (84)
3104 4874 3210 4942 γΕίς
3241 4868 3530 4942 bima-dv-
3572 4869 3828 4942 _dr_ov0'a.
3875 4868 4134 4942 Montac.,
4178 4868 4367 4942 Morel.
4400 4874 4457 4925 et

2887 4939 3134 4998 Comlx-f.
3182 4943 3260 5004 εἰς
3294 4939 3521 5008 οὐρανὸν
3561 4939 3858 5005 ἀνάγουσα,
3898 4955 3999 4991 non
4030 4939 4083 4990 in
4111 4940 4296 4991 cretum
4335 4954 4456 4992 sur-

2888 5029 3004 5066 sum
3029 5009 3230 5064 vehens.

2961 5082 3072 5149 (85)
3117 5081 3185 5131 Τὸ
3219 5080 3390 5149 ἅγιον
3434 5075 3692 5145 Πνεῦμα.
3723 5076 3879 5130 Colb.
3907 5075 3962 5140 3,
4001 5074 4095 5128 καὶ
4137 5076 4199 5128 τὸ
4230 5075 4454 5146 Πνεῦμα

2887 5153 2949 5205 τὸ
2982 5151 3160 5205 ἅγιον.

2956 5168 3366 5288 (ἕέζοῖειεάτω
3401 5234 3489 5282 τις
3512 5215 3696 5288 τοῦτο
3721 5212 3838 5266 τῶν
3878 5211 4448 5288 ήμετέρωῃῌῼοῐη-ῂά

2891 5280 3150 5343 Ostendat
3191 5280 3476 5356 quispiam'
3503 5285 3557 5337 id
3601 5284 3670 5337 ad
3695 5300 3804 5356 nos
3845 5280 4100 5351 spectare.
4147 5282 4303 5337 Bill.:
4339 5280 4452 5336 Hoc

2889 5368 3186 5412 nostrorum
3205 5353 3485 5423 quispiam
3523 5353 3784 5423 ostendat.

2962 5428 3072 5494 (87)
3113 5428 3179 5478 Ὴ
3218 5417 3315 5477 διὰ
3341 5417 3793 5494 ’χρείαςντινὰς,
3833 5428 3938 5494 etc.
3977 5421 4132 5494 ροιι).
4186 5417 4335 5494 3,
4363 5417 4452 5494 διὰ

2885 5487 3082 5566 ἔχθρας
3124 5496 3308 5557 τινὰς,
3348 5487 3483 5563 ἦδιὰ
3513 5487 3673 5566 φόϐον
3710 5493 3852 5566 ἀνῶν
3893 5487 4064 5566 ’(ᾁνῷν
4107 5506 4202 5559 pro
4251 5487 4450 5558 ἀνθρώ-

2888 5561 3049 5633 πων),
3074 5573 3164 5616 aut
3199 5561 3406 5631 propter
3463 5561 3719 5633 quasdam
3753 5561 4057 5633 inimicitias
4115 5569 4207 5613 aut
4247 5569 4454 5633 propter

2893 5628 3246 5702 insipientium
3275 5628 3486 5685 metunt.
3541 5630 3709 5702 Paulo
3745 5641 3904 5699 post.
3947 5630 4033 5685 διὰ
4073 5628 4453 5700 μικροψυχίας,

2895 5705 3070 5760 reddit
3111 5703 3229 5758 Bill.
3259 5713 3465 5772 propter
3493 5701 3806 5754 simultates.
