5274 6660
1216 404 1317 460 196
2449 406 2504 459 S.
2539 400 2862 459 GREGORII
2896 400 3238 458 TlIEOLOGI

2449 406 2504 459 S.
2539 400 2862 459 GREGORII
2896 400 3238 458 TlIEOLOGl
4357 407 4455 462 196

1214 521 1306 589 qui
1361 520 1437 574 ita
1488 519 1774 582 sentiunt.
1835 534 1899 574 ac
1939 521 2173 582 docent,
2241 535 2344 590 pro
2410 522 2578 576 sociis
2626 522 2784 580 habe,
2815 526 2858 578 Α
2887 537 2986 582 τας
3025 522 3119 573 καὶ
3147 519 3297 572 διδάσ

2410 522 2578 576 sociis
2626 522 2784 580 habe,
2815 526 2858 578 Α
2887 537 2986 582 τας
3025 522 3119 573 καὶ
3147 519 3494 582 διδάσκοντας
3528 521 3616 590 ἔχε
3658 521 4001 583 κοινωνικοῦς
4029 519 4169 589 (97),
4204 522 4326 574 ἐπεὶ
4362 521 4451 574 καὶ

1213 612 1670 681 quemadmodum
1707 619 1762 666 et
1793 611 1898 682 ipsi
1941 611 2238 665 habemus:
2294 627 2390 665 eos
2420 621 2601 665 autem
2629 652 2641 672 ,
2691 612 2783 680 qui
2890 611 3088 677 ἡμεῖς’
3127 609 3252 670 τοὺς

2372 628 2390 664 5
2420 621 2601 665 autem
2629 652 2641 672 ,
2691 612 2783 680 qui
2890 611 3088 677 ἡμεῖς·
3127 609 3252 670 τοῦς
3297 607 3353 659 δὲ
3409 609 3608 677 ἑτέρως
3655 607 3876 676 ἔχοντας
3931 609 4274 680 ἀποστρέφου
4301 650 4317 674 ,
4362 613 4455 664 καὶ

1215 717 1376 755 secus
1409 701 1657 754 sentiunt
1690 716 1944 756 aversare
1968 743 1984 765 ,
2015 711 2179 771 atque
2218 719 2248 754 ιι
2301 700 2411 755 Deo
2441 711 2495 756 et
2542 701 2784 756 Ecclesia
2889 695 3201 767 ἀλλοτρίους
3245 699 3298 767 ήτ

2366 718 2411 755 :0
2441 711 2495 756 et
2542 701 2784 756 Ecclesia
2889 695 3201 767 ἀλλοτρίους
3245 696 3381 767 ἡγοῦ
3416 697 3634 749 καὶτοῦ
3685 698 3820 751 Θεοῦ
3873 699 3964 750 καὶ
4017 700 4116 768 τῆς
4163 699 4449 768 καθολικῆς

1214 793 1485 847 catholica
1527 793 1734 848 alienos
1773 793 2045 847 existima.
2093 793 2544 863 Quandoquidem
2580 803 2782 858 autem,
2900 786 3243 856 Ἐκκλησίας-
3286 788 3297 803 ’

2369 795 2544 848 uiden.
2580 803 2782 858 ευιι-ηι,
2900 786 3243 856 Ἐκκλησίας.
3286 787 3501 858 Ἐπειδὴ
3523 788 3579 840 δὲ
3611 789 3703 841 καὶ
3727 789 3853 857 περὶ
3882 790 3978 858 τῆς
4003 789 4152 852 Θείας
4189 790 4452 859 ὲνανθρω-

1213 891 1267 936 et
1295 882 1362 936 de
1390 883 1572 936 divina
1609 883 1965 938 humanitatis
1997 885 2372 953 assumptione
2396 923 2412 946 ,
2447 885 2562 938 sive
2607 885 2786 937 incar-
2887 877 3126 943 πήσεως,
3164 878 3296 929 εῖτοι

2370 910 2412 946 ε,
2447 885 2562 938 sive
2607 885 2786 937 incar-
2887 877 3126 943 πήσεως,
3164 878 3338 929 εῖτουν
3383 878 3708 948 σαρκώσεως
3735 880 3964 932 κινεῖταί
4000 897 4054 932 τι
4086 881 4327 950 ζήτημα.
4359 881 4453 934 καὶ

1214 975 1439 1026 natione
1464 1012 1478 1035 ,
1514 975 1744 1041 quaestio
1781 973 2028 1042 quaedam
2082 983 2331 1026 movetur
2359 1013 2374 1034 ,
2419 974 2523 1026 hoc
2568 989 2784 1043 quoque
2884 965 3040 1018 τοῦτο
3081 967 3297 1038 διορίξοι

2367 1013 2374 1034 ,
2419 974 2523 1026 hoc
2568 989 2784 1043 quoque
2884 965 3040 1018 τοῦτο
3081 967 3312 1038 διορίζον
3353 971 3484 1021 πᾶσι
3535 970 3661 1040 περὶ
3693 969 3883 1038 ἡμῶν,
3929 972 4012 1022 ὅτι
4069 972 4161 1022 τὸν
4207 972 4328 1021 Υίὸν
4358 971 4450 1022 τοῦ

1212 1065 1472 1116 munibus
1498 1063 1565 1116 de
1593 1063 1750 1116 nobis
1791 1063 1993 1115 allirma
2017 1102 2030 1124 ,
2064 1078 2164 1117 nos
2204 1063 2293 1116 Dei
2337 1060 2566 1123 Filium.
2598 1065 2688 1133 qui
2718 1081 2780 1118 ex
2884 1057 3051 1117 θεοῦ,
3108 1057 3198 1108 τὸν
3260 1075 3293 1124 γ

2368 1060 2566 1123 ‘ilium.
2598 1065 2688 1133 qui
2718 1081 2780 1118 εχ
2884 1057 3051 1117 Θεοῦ,
3108 1057 3198 1108 τὸν
3260 1058 3582 1126 γεννηθέντα
3627 1060 3690 1109 ἐκ
3736 1059 3830 1110 τοῦ
3877 1058 4122 1130 Πατρὸς,
4173 1060 4266 1111 καὶ
4319 1061 4451 1128 μετᾶ

1214 1151 1376 1206 Patre
1408 1153 1644 1222 primum
1674 1193 1689 1211 .
1730 1168 1793 1206 ac
1823 1153 2019 1206 deinde
2047 1169 2112 1206 ex
2143 1165 2331 1206 sancta
2363 1153 2530 1206 Maria
2573 1155 2784 1224 virgine
2882 1146 3038 1199 τοῦτο
3071 1149 3134 1198 ὲκ
3179 1150 3278 1216 τῆς

2367 1153 2530 1206 Maria
2573 1155 2784 1224 virgine
2882 1146 3038 1199 τοῦτο
3071 1149 3134 1198 ὲκ
3179 1150 3278 1216 τῆς
3326 1148 3486 1216 ἀγίας
3527 1149 3794 1219 παρθένου
3834 1151 4082 1220 Μαρίας,
4118 1151 4197 1212 εἰς
4241 1150 4299 1202 ἓν
4325 1151 4450 1216 ἄγο-

1211 1243 1428 1313 genitus
1456 1252 1561 1307 est,
1597 1243 1651 1297 in
1683 1260 1851 1297 unum
1895 1243 2125 1312 jungere
2147 1284 2161 1305 ,
2200 1260 2296 1297 nec
2327 1245 2466 1300 duos
2523 1247 2660 1302 lilios
2686 1264 2784 1301 no-
2886 1253 3005 1306 μενο
3039 1238 3129 1289 καὶ
3157 1239 3216 1290 οὗ
3252 1238 3294 1290 δε

2368 1262 2466 1300 [ms
2523 1247 2660 1302 [mos
2686 1264 2784 1301 ιιο-
2886 1253 3005 1306 μεν,
3039 1238 3129 1289 καὶ
3157 1239 3216 1290 οὐ
3252 1238 3343 1290 δύο
3373 1241 3520 1301 υἱοὺς
3562 1240 3918 1310 ὀνομάζομεν,
3949 1241 4064 1292 ἀλλ’
4105 1241 4201 1294 ἕνα
4238 1242 4332 1327 καὶ
4357 1242 4448 1295 τὸν

1213 1335 1444 1396 minare,
1493 1335 1586 1389 sed
1635 1351 1802 1388 unum
1833 1345 1886 1389 et
1914 1336 2164 1389 eumdem
2208 1336 2261 1388 in
2295 1337 2639 1406 inseparaliili
2670 1339 2781 1393 dei-
2881 1329 3043 1380 αὐτὸν
3077 1333 3134 1382 ἐν
3163 1331 3296 1383 ἀδιαι

2361 1339 2639 1406 separaui“
2670 1339 2781 1393 dei-
2881 1329 3043 1380 αὐτὸν
3077 1333 3134 1382 ὲν
3163 1331 3448 1400 ἀδιαιρέτῳ
3476 1333 3688 1400 θεότητι
3721 1333 3814 1384 καὶ
3845 1336 3977 1402 τιμῇ
4014 1333 4444 1402 προσκυνοῦμεν.

1213 1433 1321 1478 tate
1353 1433 1407 1479 et
1435 1427 1640 1480 honore
1663 1425 1911 1480 adorare.
1947 1424 2104 1490 Quod
2135 1425 2180 1478 si
2216 1427 2341 1494 quis
2371 1431 2452 1481 vel
2497 1445 2664 1490 nunc,
2697 1431 2778 1483 vel

1213 1531 1266 1568 tn
1304 1525 1606 1585 posterum.
1650 1516 1734 1569 his
1763 1515 1986 1570 minime
2014 1532 2274 1571 assensus
2313 1517 2495 1579 fuerit.
2527 1520 2641 1588 ipse
2673 1521 2780 1574 Deo

1213 1620 1265 1656 ιιι
1300 1605 1388 1656 die
1421 1603 1618 1670 judicii
1653 1605 1921 1658 rationem
1954 1605 2162 1659 reddet.

1279 1693 1354 1744 Ac
1386 1679 1571 1744 nosir'a
1618 1693 1838 1760 quidem
1881 1694 2146 1748 adversus
2187 1703 2455 1749 amentem
2494 1712 2682 1750 eorum
2713 1698 2780 1751 de

1213 1791 1389 1835 mente
1421 1784 1748 1836 sententiam
1783 1788 2064 1838 contentio
2095 1797 2148 1841 et
2177 1789 2446 1858 oppositio
2467 1828 2481 1849 ,
2519 1798 2578 1841 ut
2628 1789 2776 1843 brevi

2881 1419 2945 1472 El
2991 1419 3048 1471 δέ
3088 1437 3171 1481 τις
3209 1421 3267 1474 οὐ
3307 1422 3607 1474 συντίθεται
3651 1423 3860 1485 τούτοις
3895 1423 3928 1492 ἦ
3974 1424 4068 1476 νῦν
4113 1425 4146 1494 ἢ
4197 1424 4444 1496 ὕστερον,

2881 1509 3041 1570 αὐτὸς
3067 1509 3252 1576 ὑφέξει
3277 1510 3353 1578 τῷ
3381 1511 3499 1580 Θεῷ
3535 1512 3690 1580 λόγον
3724 1516 3780 1565 ὲν
3810 1515 3992 1584 ἡμέρᾳ
4019 1515 4270 1584 κρίσεως.

2962 1686 3023 1737 'll
3074 1686 3172 1756 μὲν
3218 1682 3311 1739 οῦν
3356 1687 3491 1756 πρὸς
3539 1686 3638 1756 τὴν
3682 1686 3908 1755 ἀνόητον
3949 1687 4129 1740 αὐτῶν
4170 1688 4295 1755 περὶ
4349 1687 4442 1740 τοῦ

2881 1774 2970 1825 νοῦ
2998 1775 3154 1838 δόξαν
3195 1775 3438 1836 ἔνστασις
3474 1775 3629 1844 ἡμῶν
3662 1777 3755 1826 καὶ
3787 1774 4076 1838 ἀντίθεσις,
4105 1776 4180 1838 ὡς
4215 1779 4272 1828 ὲν
4308 1777 4441 1845 βρα-

1213 1871 1542 1938 complectar
1567 1913 1582 1936 ,
1625 1873 1700 1924 ita
1751 1887 1811 1926 se
1867 1874 2067 1930 habet:
2109 1879 2208 1930 soli
2265 1878 2408 1929 enim
2443 1876 2590 1939 fere,
2631 1877 2773 1946 quod
2811 1865 2849 1916 Β
2879 1861 2986 1926 κεῖν
3017 1859 3239 1930 τοιαύτη
3284 1877 3296 1911 ³

2358 1892 2408 1929 m
2443 1876 2590 1939 fere.
2631 1877 2773 1946 quod
2811 1865 2849 1916 Β
2879 1861 2986 1926 χεῖ,
3017 1859 3239 1930 τοιαύτη
3284 1861 3376 1912 κα).
3418 1859 3589 1923 οὕτως
3626 1860 3857 1930 ἕχουσα’
3905 1864 4056 1932 μόνοι
4104 1863 4211 1934 γὰρ
4259 1865 4440 1933 σχεδὸν

1213 1963 1566 2028 proﬁtentur,
1602 1961 1702 2014 hoc
1729 1964 1894 2016 etiam
1921 1979 2106 2018 revera
2138 1967 2450 2034 patiuntur,
2495 1968 2564 2019 ob
2592 1982 2776 2020 amen-

1211 2053 1338 2104 tiam
1389 2054 1642 2108 nimirum
1675 2066 1907 2110 mentem
1958 2057 2432 2112 cireumcidentes.
2467 2056 2544 2113 Ne
2594 2067 2772 2114 autem

1209 2158 1310 2198 nos
1337 2143 1441 2198 hoc
1484 2147 1704 2201 nomine
1733 2159 2020 2210 accusent,
2061 2149 2205 2218 quod
2243 2149 2422 2203 Vitalii
2469 2150 2566 2204 viri
2616 2151 2773 2207 nobis

1211 2233 1522 2287 charissimi
1556 2234 1713 2290 [idem
1734 2275 1749 2296 ,
1798 2249 1960 2303 quam
1980 2276 1996 2300 ,
2050 2237 2120 2289 ita
2148 2239 2455 2306 postulante
2485 2240 2641 2293 beato
2671 2239 2772 2293 Da-

1216 2337 1387 2386 maso,
1419 2322 1604 2379 Romae
1634 2327 1892 2395 episcopo
1914 2365 1930 2388 ,
1969 2327 2160 2383 litteris
2189 2329 2558 2398 consignatam
2581 2330 2770 2395 edidit,

1217 2414 1368 2481 prius
1429 2414 1648 2482 quidem
1696 2417 2143 2485 probaverimus,
2216 2435 2361 2473 nunc
2427 2435 2555 2474 vero
2610 2437 2774 2492 repu-

1210 2502 1421 2556 diemus
1449 2543 1464 2567 ,
1499 2503 1567 2557 de
1615 2503 1714 2557 hac
1747 2520 1963 2574 quoque
2000 2521 2058 2559 re
2087 2522 2255 2576 pauca
2292 2508 2645 2564 disseremus.
2678 2510 2769 2565 Isti

1209 2595 1382 2656 enim,
1419 2610 1543 2648 cum
1577 2595 1719 2663 apud
1751 2596 1885 2649 ﬁdos
1937 2613 2068 2652 suos
2115 2599 2414 2667 discipulos
2456 2611 2509 2654 ct
2540 2617 2770 2656 arcano-

1213 2700 1329 2736 rum
1360 2685 1612 2738 conscios
1631 2725 1646 2748 ,
1677 2688 2134 2754 quemadmodum
2170 2688 2473 2754 Maniehzei,
2503 2693 2646 2762 apud
2675 2709 2770 2748 eos

1209 2790 1347 2843 quos
1375 2775 1576 2830 electos
1605 2786 1802 2830 vocant
1828 2817 1842 2839 ,
1876 2778 1943 2832 de
1973 2776 2276 2836 'divinitate
2331 2783 2647 2853 disputant,
2687 2792 2771 2838 to-

1211 2875 1326 2919 tum
1365 2883 1524 2921 suum
1575 2868 1824 2921 morbum
1857 2869 2196 2939 detegentes,
2234 2873 2316 2925 vix
2351 2873 2512 2928 etiam
2549 2889 2767 2930 carnem

1210 2953 1481 3011 Salvatori
1536 2959 1803 3012 tribmmt.
1849 2959 1983 3012 Cum
2034 2969 2216 3014 autem
2271 2966 2651 3019 communibus
2703 2967 2770 3020 de

1214 3047 1568 3102 humanitatis
1597 3049 1972 3118 assumptione
2004 3053 2308 3113 sententiis.
2343 3069 2481 3123 quas
2520 3053 2766 3124 Scriptu-

1214 3154 1273 3191 ra
1323 3138 1583 3202 exhibet,
1646 3141 2048 3194 convincuntur
2103 3157 2166 3195 ae
2230 3154 2592 3212 premuntur,
2652 3147 2768 3215 pias

1209 3230 1428 3298 quidem
1470 3230 1737 3284 dictiones
1771 3232 2121 3294 conﬁtentur.
2155 3249 2343 3287 verum
2375 3237 2519 3289 circa
2550 3252 2768 3290 sensum

1209 3333 1264 3375 ct
1305 3323 1712 3392 intelligentiam
1759 3322 1913 3378 dolos
1965 3333 2188 3378 nectunt
2215 3363 2232 3386 ,
2263 3341 2368 3377 non
2399 3327 2615 3394 quidem
2651 3329 2770 3380 ani-

1212 3432 1331 3476 nun,
1367 3431 1465 3468 nec
1495 3416 1719 3469 rationis
1755 3429 1818 3468 ac
1846 3417 2043 3471 mentis
2085 3426 2359 3484 expertem
2401 3433 2498 3470 nec
2529 3417 2774 3486 imperfe-

1209 3516 1358 3559 ctum
1381 3506 1488 3576 95
1521 3506 2162 3578 hominemconﬁtentes:
2189 3516 2444 3563 caeterum
2477 3510 2690 3571 animre.
2718 3519 2772 3562 et

1211 3598 1477 3658 rationis,
1533 3612 1597 3650 ac
1635 3598 1834 3651 mentis
1870 3598 1988 3651 loco
2037 3599 2375 3654 divinitatem
2431 3599 2769 3666 inducentes,

1211 3687 1437 3756 perinde
1474 3695 1637 3756 atque
1672 3687 1788 3756 ipsa
1844 3689 1958 3742 sola
1994 3703 2117 3741 cum
2167 3703 2332 3742 carne
2379 3696 2672 3758 temperata
2719 3697 2772 3743 et

1209 3778 1462 3846 copulata
1503 3776 1702 3839 fuerit,
1735 3784 1789 3828 at
1829 3792 1938 3831 non
1973 3776 2136 3831 etiam
2172 3777 2419 3831 humana:
2444 3789 2644 3832 nostra:
2685 3795 2771 3834 res

1210 3875 1266 3920 et
1306 3866 1698 3936 proprietates;
1745 3867 1957 3921 etiamsi
1993 3869 2083 3920 illa
2132 3868 2199 3921 ab
2237 3869 2384 3922 omni
2419 3879 2642 3937 peccato
2673 3885 2772 3939 pu-

1209 3961 1344 4012 ritas
1400 3959 1632 4011 humana
1672 3959 1984 4011 conditione
2040 3958 2328 4012 sublimior
2357 3968 2535 4026 esset,
2587 3975 2650 4015 ac
2688 3963 2770 4015 vi-

1210 4051 1473 4103 tiosarum
1501 4059 1807 4103 nostrarum
1835 4051 2177 4105 aﬂ'ectionum
2203 4054 2491 4123 expiatrix.

1282 4206 1394 4274 (97)
1435 4207 1571 4272 Ἔχε
1626 4207 2028 4271 κοινωνικούς.
2088 4205 2367 4261 CombeL:
2428 4206 2492 4261 1η
2539 4223 2772 4263 commu-

1211 4277 1365 4328 nione
1394 4275 1541 4337 Imbc,
1574 4276 1683 4327 illis
1713 4276 2071 4344 communione
2109 4277 2347 4344 jungere.
2797 4329 2799 4332 ι

1282 4345 1391 4412 (98)
1425 4348 1484 4395 "0
1510 4344 1974 4412 δογματίζουσιν.
2005 4343 2080 4397 Ita
2109 4343 2258 4399 Coll).
2289 4348 2341 4410 5,
2367 4346 2419 4407 6,
2455 4347 2510 4409 9,
2537 4362 2589 4408 a,
2619 4347 2770 4402 Mona

1210 4423 1317 4467 tae.
1357 4429 1417 4464 ac
1445 4413 1626 4467 Morel.
1671 4415 1900 4482 legitque
1933 4413 2048 4466 Bill.
2095 4415 2150 4466 In
2178 4416 2307 4467 edit.
2347 4417 2374 4468 ὃ
2406 4416 2576 4470 deest.

1285 4484 1393 4548 (99)
1432 4484 1746 4534 Οὑῖταλίου
1775 4483 2000 4535 πίστιν.
2033 4482 2282 4546 Vitalius,
2327 4487 2607 4539 honestate
2645 4486 2768 4539 vita:

2796 3206 2838 3262 C

2879 1949 2907 2000 ὂ
2944 1948 3358 2019 δογματίζουσιν
3399 1951 3532 2017 (98),
3574 1951 3742 2014 ὅντως
3783 1953 3876 2005 καὶ
3916 1953 4242 2023 πάσχουσιν,
4285 1957 4442 2027 ἀνοία

2879 2040 2970 2092 τὸν
3014 2040 3138 2094 νοῦν
3185 2043 3626 2112 περικόπτοντες.
3680 2045 3795 2095 Ἰνα
3832 2045 3888 2096 δὲ
3941 2045 4014 2116 μὴ
4066 2047 4440 2116 κατηγορῶσιν

2877 2131 3034 2201 ἡμῶν
3067 2133 3144 2195 ὼς
3175 2134 3272 2201 τὴν
3303 2134 3399 2185 τοῦ
3445 2133 3726 2204 ἀγαπητοῦ
3767 2135 4048 2188 Οὺῖταλίου
4088 2137 4269 2188 πίστιν
4304 2138 4436 2206 (99),

2879 2225 2946 2294 ἢν
2983 2224 3302 2294 ἀπαιτηθεὶς
3344 2225 3448 2277 ὑπὸ
3479 2225 3572 2277 τοῦ
3616 2229 3884 2297 μακαρίου
3913 2230 4166 2298 Δαμάσου
4209 2229 4303 2282 τοῦ
4340 2230 4438 2300 τῆς

2888 2315 3105 2386 Ῥώμης
3139 2317 3458 2377 ἐπισκόπου,
3507 2316 3782 2388 ἔγγραφον
3819 2319 4127 2385 ἐπιδέδωκε,
4178 2323 4438 2393 πρότερον

2880 2409 2978 2477 μὲν
3016 2409 3459 2478 ἀποδεχομένων,
3504 2409 3599 2462 νῦν
3649 2409 3705 2463 δὲ
3752 2412 4150 2481 ἀναινομένων,
4187 2415 4278 2465 καὶ
4311 2415 4438 2483 περὶ

2875 2498 3063 2550 τούτου
3113 2497 3316 2569 βραχέα
3365 2499 3712 2570 δηλώσωμεν.
3754 2498 3912 2556 Οὗτοι
3975 2502 4082 2573 γάρ
4134 2504 4295 2574 ἡνίκα
4340 2506 4438 2573 μὲν

2874 2592 2940 2644 ἂν
2985 2596 3096 2655 τοῖς
3129 2594 3370 2663 γνησίοις
3412 2594 3592 2646 αὐτῶν
3619 2594 3694 2662 (ί)
3734 2595 4032 2664 μαθηταῖς.
4069 2596 4162 2648 καὶ
4211 2596 4438 2666 μύσταις

2873 2682 2982 2734 τῶν
3029 2685 3351 2756 ἀπορρήτων
3399 2684 3717 2752 θεολογῶσιν
3745 2726 3758 2747 ,
3816 2685 4004 2756 ὥσπερ
4049 2688 4098 2738 οἱ
4149 2689 4437 2756 Μανιχαῖοι

2875 2779 2986 2837 τοῖς
3025 2776 3297 2838 ἐκλεκτοῖς
3345 2776 3650 2845 λεγομένοις
3683 2777 3798 2845 (2),
3847 2777 3975 2847 ὅλην
4006 2779 4102 2849 τὴν
4139 2779 4290 2830 νόσον
4341 2781 4438 2833 αὺο

2872 2869 2978 2920 τῶν
3010 2867 3086 2936 (ὅ)
3119 2867 3583 2932 ὲκκαλύπτοντες,
3644 2870 3792 2940 μόλις
3845 2870 3937 2923 καὶ
3983 2872 4081 2941 τὴν
4135 2873 4310 2941 σάρκα
4359 2871 4437 2942 τῷ

2875 2961 3086 3031 Σωτῆρι
3123 2959 3372 3014 διδόασιν.
3421 2964 3587 3016 Ὅταν
3627 2964 3682 3017 δὲ
3731 2968 3850 3030 ταῖς
3898 2969 4104 3027 κοιναῖς
4139 2965 4438 3036 ὑπολήψεσι

2875 3055 3002 3124 περὶ
3042 3054 3140 3123 τῆς
3174 3054 3654 3125 ὲνανθρωπήσεως,
3680 3055 3745 3120 ἃς
3785 3058 3818 3125 ὴ
3857 3057 4048 3126 Γραςινὴ
4087 3058 4434 3126 παρίστησιν,

2876 3146 3201 3214 ἐλέγχωνται
3234 3148 3328 3199 καὶ
3353 3148 3666 3211 πιέζωνται,
3700 3146 3801 3211 τάς
3841 3150 3939 3218 μὲν
3981 3150 4222 3211 εὐσεϐεῖς
4263 3148 4436 3215 λέξεις

2871 3235 3212 3303 ὁμολογοῦσι,
3247 3238 3376 3307 περὶ
3413 3237 3468 3289 δὲ
3498 3238 3590 3289 τὸν
3622 3237 3748 3290 νοῦν
3789 3239 4186 3310 κακουργοῦσιν
4209 3242 4308 3310 (ι).
4339 3241 4436 3294 οὑν

2872 3326 3075 3395 ἄψυχον
3115 3328 3245 3396 μὲν,
3282 3328 3402 3380 οὐδὲ
3440 3329 3629 3395 ἄλογον
3651 3369 3666 3393 ,
3715 3329 3836 3383 οὐδὲ
3890 3332 4080 3394 ἄνουν,
4121 3333 4242 3385 οὐδὲ
4274 3334 4436 3403 ἀτελῆ

2871 3418 3260 3487 ὁμολογοῦντες
3303 3419 3395 3471 τὸν
3443 3420 3723 3488 ἄνθρωπον
3748 3460 3762 3484 ,
3802 3421 3979 3491 ψυχὴν
4023 3423 4079 3475 δὲ
4130 3425 4224 3475 καὶ
4253 3424 4433 3490 λόγον,

2874 3509 2970 3561 καὶ
2999 3507 3146 3571 νοῦν,
3175 3509 3343 3579 αὐτὴν
3395 3510 3704 3577 εἰσάγοντες
3738 3511 3834 3582 τὴν
3859 3512 4116 3583 θεότητα.
4155 3514 4230 3576 ὼς
4271 3515 4434 3584 αὐτῆς

2871 3601 2936 3668 τῇ
2971 3600 3133 3670 σαρκὶ
3160 3600 3555 3671 συγκραθείσης
3599 3601 3782 3671 μόνης,
3814 3601 3927 3654 ἀλλ’
3957 3603 4077 3672 οὐχ).
4100 3603 4174 3672 lii)
4207 3606 4298 3656 καὶ
4330 3605 4434 3658 τῶν

2872 3694 3155 3765 ἡμετέρων
3191 3697 3284 3747 καὶ
3321 3693 3695 3765 ἀνθρωπίνων,
3739 3697 3787 3748 εἰ
3834 3696 4016 3748 καὶτὸ
4057 3697 4434 3768 ἀναμάρτητον

2873 3787 3119 3854 κρεῖττον
3145 3785 3178 3854 ἢ
3217 3786 3338 3839 καθ’
3372 3788 3520 3855 ἡμᾶς
3557 3781 3646 3857 ἦν,
3673 3785 3768 3839 καὶ
3797 3787 3907 3840 τῶν
3937 3788 4217 3859 ἡμετέρων
4252 3790 4436 3844 παθῶν

2872 3875 3190 3946 καθάρσιον.

2872 4205 3376 4275 ιιθιιθηᾼιιαὶιοτειιι,
3406 4205 3472 4259 de
3504 4204 3782 4258 Victorino
3808 4206 4140 4260 subdiacono
4171 4206 4432 4275 loquitur,

2871 4291 2998 4328 sane
3026 4274 3440 4328 ManicItttorum
3466 4313 3481 4338 ,
3514 4292 3616 4327 non
3662 4275 3878 4328 electum
3914 4292 3967 4328 se
4011 4292 4123 4328 esse
4167 4274 4434 4342 confessus

2869 4354 2968 4396 est.
3005 4347 3285 4398 Auditores
3317 4355 3489 4396 autem
3521 4344 3608 4411 qui
3663 4345 3997 4412 appelluntur
4035 4350 4174 4412 apud
4213 4364 4336 4405 eos.
4386 4361 4433 4400 et

2871 4415 3112 4465 carnibus
3155 4425 3450 4475 vescuntur,
3481 4422 3530 4464 et
3560 4429 3714 4480 agros
3753 4420 3949 4473 colunt,
3982 4426 4029 4466 et
4067 4417 4115 4466 si
4149 4418 4425 4477 coluerint,

2873 4497 3060 4535 uxores
3101 4482 3287 4534 habent
3317 4523 3328 4542 ,
3376 4499 3595 4550 quorum
3627 4483 3759 4533 nihil
3818 4484 4015 4548 faciunt
4053 4486 4142 4551 qni
4185 4497 4436 4538 vorantur

1211 4544 1540 4622 conspicuus
1579 4559 1634 4622 et
1680 4552 2099 4622 apostolicorum
2137 4544 2447 4621 dogmatutn
2491 4555 2763 4616 alumnus,
2800 4544 2841 4596 Ι)
2868 4551 3032 4604 electi.
3077 4552 3178 4605 Sed
3221 4553 3318 4618 ipsi
3349 4544 3616 4622 auditores
3651 4561 3772 4602 ante
3817 4544 4004 4603 electos
4047 4544 4214 4620 g'enua
4244 4557 4432 4622 ﬁgunt,

1211 4621 1282 4673 ab
1308 4621 1651 4694 _Apollinario
1689 4621 1903 4694 tan_d_em
1932 4629 2216 4694 correptus
2251 4631 2333 4675 est
2365 4623 2764 4694 atqueinhhze-

1215 4691 1381 4761 resim
1419 4698 1740 4761 pertractus.
1765 4688 2102 4761 Theodorei.
2127 4691 2218 4744 lib.
2247 4707 2312 4753 ν,
2363 4688 2484 4761 cap.
2523 4693 2574 4744 4.
2612 4691 2767 4746 Ilunc

1212 4760 1578 4828 Apollinarius
1611 4759 1969 4828 sectatoribus
2014 4761 2128 4812 suis
2172 4759 2472 4814 Antiochia:
2507 4762 2764 4828 praefecit.

1214 4827 1437 4896 Niceph.
1470 4829 1560 4882 lib.
1586 4843 1683 4888 ιιι,
1719 4842 1837 4898 cap.
1861 4827 1898 4898 ᾖ
1923 4867 1937 4888 ,
1973 4829 2063 4894 qui
2096 4837 2149 4881 et
2191 4829 2335 4882 illius
2377 4827 2539 4898 supra
2580 4833 2770 4884 memi-

1213 4907 1366 4952 nerat
1406 4898 1497 4952 lih.
1538 4912 1590 4948 xi
1618 4936 1632 4957 ,
1669 4913 1788 4964 cap.
1818 4895 1883 4948 12
1909 4937 1922 4956 ,
1960 4898 2047 4950 ubi
2087 4907 2140 4950 et
2185 4895 2600 4966 Apollinaristas
2629 4899 2771 4953 Vita-

1215 4969 1392 5020 lianus
1431 4968 1607 5019 dictos
1656 4967 1723 5017 ab
1759 4967 2111 5019 Antiochenis
2157 4969 2370 5020 scribit.
2404 4968 2538 5020 Cum
2575 4967 2770 5022 Vitalio

1215 5038 1321 5091 isto
1375 5053 1435 5090 se
1480 5035 1780 5088 Antiochiae
1830 5051 2222 5099 congressum,
2270 5048 2431 5100 atque
2489 5039 2654 5089 multa
2702 5040 2770 5092 de

1214 5115 1391 5175 mente
1436 5105 1636 5158 Christi
1685 5107 2009 5157 disseruisse
2067 5106 2256 5159 scribit
2307 5105 2521 5175 Epiph.,
2558 5108 2648 5159 lib.
2686 5123 2764 5160 ιιι.

1215 5174 1337 5228 limo
1361 5175 1480 5227 Bill.

1285 5246 1360 5313 (Ι)
1387 5243 1674 5310 Γνησίοις
1693 5240 1914 5313 αὐτῶν.
1951 5242 2101 5313 C_olh.
2143 5243 2473 5313 5,ίγνησίοις
2508 5245 2734 5297 ἑαυτῶν.

1285 5309 1360 5380 (2)
1411 5309 1743 5374 Ἑκζλεκτοῖς
1791 5309 2152 5377 λεγομένοις.
2198 5309 2426 5380 August.
2471 5314 2525 5366 in
2567 5315 2660 5366 lib.
2696 5315 2770 5368 De

1212 5382 1494 5436 Ineresibus
1560 5381 1626 5433 ad
1665 5380 2126 5443 Quodvultdcnm.
2195 5382 2386 5436 hmres.
2431 5397 2584 5444 ιινι,
2635 5392 2766 5438 ιοιιι.

1213 5450 1345 5514 νιιι,
1387 5466 1502 5520 pag.
1548 5449 1634 5509 14,
1674 5449 1996 5520 Manichacus
2027 5451 2313 5503 ecclesiam
2346 5467 2501 5503 suam
2532 5453 2771 5508 voluisse

1210 5519 1471 5575 constare
1496 5521 1708 5573 duabus
1743 5519 2190 5584 professionibus,
2236 5520 2543 5572 auditorum
2578 5529 2632 5574 et
2663 5523 2770 5576 ele-

1209 5599 1446 5653 ctornm,
1464 5590 1670 5642 scribit.
1707 5587 1776 5641 Ut
1805 5595 1982 5658 autem
2023 5588 2314 5658 intelligas.
2347 5590 2421 5641 ait
2455 5587 2598 5648 Bill..
2631 5607 2769 5657 quos

1210 5661 1416 5712 electos
1445 5696 1461 5720 ,
1522 5672 1767 5736 quosque
1821 5657 2096 5736 auditores
2124 5725 2135 5736 _
2164 5657 2424 5736 vocarent
2465 5658 2766 5736 Manichtei,

1216 5743 1395 5796 operae
1421 5725 1652 5797 pretium
1673 5727 1775 5797 erit
1800 5726 1961 5797 verba
1985 5725 2224 5794 ejusdem
2253 5728 2477 5795 August.
2512 5744 2572 5781 ex
2604 5730 2766 5797 epist.

1220 5793 1362 5850 nunc
1422 5793 1532 5849 ’256
1589 5795 1655 5848 ad
1708 5793 2024 5847 Deuteriutn
2062 5793 2376 5864 episcopum
2445 5798 2531 5850 hic
2601 5793 2771 5853 ascri-

2867 4631 2946 4694 ιιιΔ
2974 4623 3047 4673 cis
3086 4639 3280 4694 manus
3327 4619 3646 4694 supplicibus
3698 4619 4187 4694 imponatur,7non
4238 4619 4433 4678 o‘solis

2866 4691 3121 4756 episcopis
3144 4731 3157 4746 .
3202 4691 3279 4742 vel
3307 4690 3644 4757 presbyteris,
3686 4690 3776 4740 aut
3813 4690 4046 4742 diaconis
4077 4709 4254 4744 eorum
4277 4733 4291 4754 ,
4343 4695 4433 4746 sed

2867 4775 2898 4809 a
2929 4759 3240 4826 quibuslibet
3271 4760 3468 4812 electis.
3502 4757 3675 4811 Solem
3725 4759 3884 4812 etiam
3929 4769 3976 4812 et
4008 4761 4187 4812 lunam
4213 4779 4326 4813 cum
4357 4765 4432 4816 eis

2868 4828 3091 4881 adorant
3119 4839 3166 4882 et
3199 4838 3375 4881 orant.
3411 4827 3503 4879 Dic
3529 4843 3729 4896 quoque
3751 4827 4024 4882 Dominico
4041 4829 4287 4896 jejnnant
4316 4848 4431 4884 cum

2867 4897 3009 4962 illis',
3049 4911 3097 4952 et
3139 4915 3315 4951 omnes
3355 4897 3706 4965 blasphemia
3757 4898 3970 4951 credunt
3998 4939 4012 4960 .
4045 4911 4148 4952 etc.
4203 4901 4325 4953 lltec
4357 4903 4429 4955 ibi

2870 4967 3429 5033 Angust.£lectorutn
3456 4967 3620 5019 etiam
3640 4969 3904 5034 ipsorum,
3931 4975 3988 5022 ut
4017 4979 4069 5023 et
4095 4971 4428 5033 auditorum,

2869 5038 3111 5090 meminit
3177 5035 3502 5091 Posidonius
3555 5037 3894 5090 Calamensis
3942 5039 3997 5091 in
4051 5039 4146 5093 lib.
4189 5040 4264 5093 De
4313 5039 4430 5093 Vita

2869 5105 3070 5173 August
3102 5147 3115 5168 ,
3141 5121 3262 5175 cap.
3297 5105 3382 5157 16.

2941 5171 3015 5237 (5)
3045 5171 3246 5229 Νόσοὶρ
3271 5172 3485 5226 αὐτῶν.
3516 5171 3590 5226 Ita
3622 5172 3854 5229 Montac.
3889 5183 3942 5228 et
3977 5173 4161 5229 Morel.
4203 5176 4259 5230 In
4293 5179 4424 5232 edit.

2868 5244 3019 5315 νόσον
3071 5247 3286 5308 αὐτοῖς,
3338 5245 3605 5312 vertitque
3637 5243 3792 5296 Bill.:
3829 5248 4008 5298 Totum
4061 5248 4295 5299 morbum
4330 5249 4429 5315 ipsi

2867 5313 3175 5368 deteaentes.

2940 5330 3178 5451 ἱῇῇεῗὶἔὲί
3209 5383 3276 5435 δὲ
3307 5381 3413 5434 τὸν
3437 5380 3588 5451 γοῦν
3613 5381 4011 5450 κακουργοῦσι
4059 5384 4303 5438 Comhef.
4340 5386 4427 5438 in-

2869 5450 3306 5520 terpretationem
3337 5450 3641 5520 sequimur:
3671 5463 3906 5506 verterat
3930 5453 4068 5506 Bill.:
4097 5455 4254 5507 Circa
4280 5472 4425 5508 men-

2870 5530 2971 5572 tem
2997 5522 3177 5575 dolum
3205 5532 3433 5574 struunt.

2941 5591 3016 5656 (ὅ)
3055 5592 3207 5645 Ἀλλ’
3238 5592 3394 5659 οὐχί,
3426 5601 3534 5645 etc.
3565 5591 3846 5646 Comhel.:
3880 5592 3956 5644 Ac
3999 5608 4098 5644 non
4126 5593 4285 5644 etiam
4313 5608 4430 5657 (ματ

2871 5671 3051 5712 nostra
3075 5672 3194 5713 sunt
3217 5671 3371 5727 atque
3390 5661 3619 5715 humana
3641 5661 3805 5717 eidem
3829 5672 4211 5729 contemperata
4235 5663 4430 5729 fuerint

2869 5739 2918 5780 et
2952 5731 3216 5796 copulata.
