5274 6660
1190 378 1292 432 199

2417 384 2474 438 S.
2512 383 2842 438 CREGORU
2882 382 3225 438 THEOLOGI

4342 393 4448 448 200

1186 493 1370 549 dinem
1405 493 1687 550 hominum
1732 494 2074 552 Salvatorem
2102 501 2313 554 factum
2348 515 2503 566 esse,
2561 511 2618 556 et
2671 503 2766 555 ha-
2794 507 2841 563 Α
2873 500 3072 570 μένου,
3128 519 3265 569 φαντ

2362 515 2503 566 esse,
2561 511 2618 556 et
2671 503 2766 555 ha-
2794 507 2841 563 Α
2873 500 3072 570 μένου,
3128 503 3429 569 φαντασίας
3481 504 3542 557 δέ
3587 521 3735 570 τινος
3789 506 4076 579 ἀπατηλῆς
4133 510 4229 563 καὶ
4282 508 4445 580 δοκή-

1184 583 1300 638 bitu
1338 583 1617 639 inventum
1659 597 1719 642 ttt
1759 587 2070 644 hominem:
2125 592 2282 661 quasi
2321 591 2408 648 his
2441 594 2624 649 verbis
2654 611 2762 648 non

1186 677 1424 732 humana
1485 677 1660 734 forma
1727 681 2106 752 significetur,
2147 685 2240 738 sed
2302 684 2466 740 fallax
2515 688 2764 756 quaedam

1186 770 1397 838 Species
1424 779 1479 825 et
1512 773 1722 842 Opinio.

1254 859 1524 928 Quoniam
1556 864 1722 932 igitur
1766 880 1844 918 ea:
1873 881 2069 928 voces,
2105 867 2151 920 si
2187 878 2335 922 recte
2362 868 2758 938 intelligantur,

1182 967 1310 1006 cum
1351 954 1552 1023 pietate
1603 955 1912 1023 conjuncta:
1965 966 2128 1023 sunt;
2185 960 2230 1012 si
2280 974 2563 1028 perperam
2595 975 2764 1028 expo-

1183 1054 1405 1108 nantnr,
1445 1045 1725 1112 impietate
1765 1063 1873 1100 non
1900 1057 2111 1112 carent,
2148 1049 2278 1118 quid
2325 1051 2544 1112 mirum,
2585 1050 2630 1104 si
2670 1049 2762 1103 Vi-

1182 1135 1297 1188 talii
1325 1151 1544 1209 quoque
1573 1139 1735 1190 verba
1767 1153 1868 1190 nos
1896 1137 2138 1206 quidem,
2169 1139 2242 1191 ita
2279 1139 2545 1194 suadente
2569 1141 2762 1194 volun-

1180 1233 1321 1289 tate,
1355 1226 1411 1279 in
1467 1227 1617 1294 pium
1680 1243 1902 1281 sensum
1959 1228 2307 1297 accepimus,
2350 1229 2440 1282 alii
2477 1239 2657 1283 autem
2692 1230 2759 1283 ad

1179 1333 1393 1380 eorum,
1423 1334 1545 1388 quae
1585 1320 1786 1386 scripta
1822 1327 1971 1375 sunt.
2004 1329 2240 1373 mentem
2282 1331 2682 1390 exasperentur
2706 1331 2760 1375 et

1180 1405 1636 1460 inflammantur?
1663 1407 1818 1472 Quod
1864 1409 2027 1460 etiam
2086 1409 2140 1461 in
2192 1425 2359 1463 causa
2407 1409 2576 1463 fuisse
2614 1426 2757 1474 reor,

1177 1514 1278 1551 cur
1312 1499 1426 1568 ipse
1448 1516 1664 1569 quoque
1697 1498 1962 1554 Damasus
1985 1544 1998 1561 ,
2026 1516 2149 1553 eum
2187 1508 2372 1569 postea
2401 1503 2602 1554 rectius
2629 1502 2760 1555 edo-

1178 1599 1299 1644 ctus
1330 1590 1546 1654 fuisset,
1591 1592 1864 1660 simulque
1897 1592 1950 1644 in
1984 1593 2230 1661 pristinis
2263 1609 2358 1646 eos
2404 1593 2759 1662 expositioni-

1177 1683 1278 1735 bus
1308 1691 1552 1751 perstare
1578 1683 1862 1744 audiisset,
1905 1699 2000 1736 eos
2041 1686 2109 1736 ab
2146 1683 2402 1738 Ecclesia:
2429 1695 2574 1737 coetu
2607 1686 2760 1738 abdi-

1175 1774 1350 1838 carit,
1403 1773 1634 1842 fideique
1681 1775 1918 1828 libellum
1969 1792 2093 1827 cum
2127 1777 2581 1829 anathetnatismo
2608 1776 2757 1829 dele-

2873 607 3033 656 σεως.

2955 859 3168 929 Ἐπειδὴ
3215 860 3395 913 τοίνυν
3430 877 3485 913 αι
3530 864 3704 930 φωναὶ
3742 859 3899 918 αὗται
3937 865 4077 934 (18),
4119 865 4298 928 καλῶς
4346 871 4444 935 μὲν

2869 951 3176 1020 νοούμεναι,
3219 952 3356 1022 μετὰ
3409 954 3507 1022 τῆς
3559 955 3839 1019 εὐσεϐείας
3875 957 4002 1019 εἰσὶ,
4045 958 4227 1020 κακῶς
4263 958 4318 1010 δὲ
4361 957 4444 1022 ἐξ-

2869 1041 3191 1111 ηγούμεναι,
3219 1045 3278 1095 τὸ
3308 1044 3562 1106 δυσσεϐὲς
3590 1045 3791 1115 ἔχουσι,
3826 1048 3876 1099 τί
3907 1047 4238 1118 θαυμαστον,
4268 1051 4316 1100 εξ
4347 1049 4443 1101 καὶ

2867 1135 2994 1196 τοὺς
3041 1136 3322 1188 Οὐῖταλίου
3372 1135 3594 1204 λόγους,
3630 1141 3790 1208 ἡμεῖς
3827 1139 3926 1209 μὲν
3977 1141 4070 1192 ἐπὶ
4122 1140 4184 1192 τὸ
4225 1140 4444 1192 εὐσεϐέ-

2869 1242 3058 1298 στερον
3087 1228 3406 1297 ἐδεξάμεθα,
3440 1229 3582 1281 οὕτω
3612 1229 3705 1282 τοῦ
3746 1229 3921 1283 θέλειν
3959 1231 4254 1294 πείθοντος,
4291 1232 4442 1286 ἄλλοι

2867 1321 2923 1373 δὲ
2960 1321 3096 1389 πρὸς
3145 1322 3236 1374 τὸν
3278 1322 3386 1374 τῶν
3427 1323 3828 1392 γεγραμμένων
3865 1324 3988 1376 νοῦν
4030 1325 4438 1395 ἀγριαίνουσινς

2866 1413 2894 1464 ὃ
2921 1429 3009 1480 μοι
3041 1411 3206 1473 δοκεῖ,
3243 1412 3336 1464 καὶ
3377 1413 3628 1482 Δάμασος
3657 1415 3818 1476 αὐτὸς
3868 1414 4291 1484 μεταδιδαχθεὶς,
4349 1416 4442 1467 καὶ

2867 1497 2982 1568 ἅμα
3011 1500 3311 1569 πυθόμενος
3331 1501 3424 1552 ἐπὶ
3452 1500 3558 1552 τῶν
3589 1502 3869 1572 προτέρων
3898 1503 4080 1571 μένειν
4111 1503 4218 1570 (19)
4245 1506 4440 1566 αὐτοὺς

2866 1589 3196 1660 ἐξηγήσεων,
3233 1590 3652 1660 ἀποκηρύκτους
3696 1594 3891 1656 αὐτοὺς
3937 1594 4300 1663 πεποιῆσθαι.
4349 1596 4440 1647 καὶ

2865 1681 2925 1733 τὸ
2957 1685 3334 1752 γραμματεῖον
3361 1684 3786 1751 ἀνατετραφέναι
3811 1685 3924 1752 (20)
3956 1684 4054 1754 τῆς
4080 1686 4311 1746 πίστεως
4344 1689 4438 1738 σὺν

2864 1773 3320 1842 ἀναθεματισμῷο
3360 1776 3452 1825 καὶ
3487 1775 3622 1844 πρὸς
3667 1775 3836 1844 αὐτὴν
3875 1775 3972 1844 τὴν
4017 1776 4230 1845 ἀπάτην
4261 1775 4440 1828 αὐτῶν

1173 1867 1344 1920 verit:
1381 1875 1494 1918 tum
1527 1867 1686 1919 etiam
1727 1867 1873 1936 quod
1927 1866 2170 1920 fraudem
2199 1884 2318 1921 eam
2344 1909 2359 1930 ,
2396 1869 2448 1920 iu
2478 1883 2638 1936 quam
2669 1883 2762 1936 per
2794 1860 2836 1918 Β
2864 1864 3218 1934 δυσχεράνας,
3251 1884 3256 1893 ⁴

1927 1866 2170 1920 fraudem
2199 1884 2318 1921 eam
2344 1909 2359 1930 ,
2396 1869 2448 1920 iu
2478 1883 2638 1936 quam
2669 1883 2762 1936 per
2794 1860 2836 1918 Β
2864 1864 3218 1934 δυσχεράνας,
3251 1865 3319 1934 ῆν
3344 1865 3546 1918 ἔπαθεν
3567 1866 3626 1930 ἐξ
3660 1867 3977 1936 ἁπλότητος.

1173 1956 1576 2023 simplicitatem
1604 1959 1902 2018 inciderat,
1931 1960 2254 2026 permoleste
2286 1957 2470 2011 ferret.

1244 2045 1446 2099 Harum
1510 2047 1691 2116 itaque
1742 2064 1925 2101 rerum
1992 2064 2115 2100 eum
2175 2050 2461 2103 manifeste
2517 2050 2752 2104 convicti

1171 2147 1334 2198 sunt.
1381 2152 1486 2192 thn
1517 2137 1887 2208 indignatione
1913 2138 2237 2201 alliciantur,
2274 2139 2365 2191 Sed
2405 2141 2608 2209 pudore
2636 2141 2752 2195 suf-

1175 2230 1506 2292 fundantur;
1540 2247 1647 2285 non
1677 2230 1975 2285 mendaciis
2005 2247 2104 2284 nos
2154 2232 2432 2285 incessunt
2455 2272 2470 2295 ,
2507 2233 2599 2286 sed
2635 2233 2753 2286 ani-

1171 2338 1290 2375 mos
1327 2322 1674 2391 deprimant,
1725 2338 1789 2376 ac
1827 2337 2083 2392 magnum
2115 2321 2244 2375 illud
2284 2333 2336 2376 et
2370 2322 2748 2377 admirandqu

1170 2412 1508 2466 orthodoxia:
1529 2413 1764 2482 elogium
1794 2420 1848 2466 et
1874 2413 2203 2481 praeconium
2243 2428 2309 2466 ex
2349 2414 2545 2466 :edium
2585 2414 2750 2468 vesti-

1172 2507 1314 2560 bulis
1353 2516 1667 2576 eXpungant
1692 2546 1708 2568 ,
1753 2521 1863 2575 quo
1904 2505 2234 2575 ingressui-is
2273 2507 2456 2560 statim
2491 2523 2613 2561 cum
2647 2508 2751 2560 hu-

1168 2595 1404 2664 iusmodi
1434 2596 1737 2664 quzestione
1771 2610 1835 2650 ac
1868 2595 2217 2649 distinctione
2254 2603 2572 2656 occurrunt,
2607 2595 2752 2649 Ado-

1170 2687 1399 2741 randum
1442 2687 1692 2741 videlicet
1740 2702 1902 2749 esse,
1959 2702 2066 2740 non
2120 2687 2390 2740 hominem
2451 2686 2749 2753 Deiferum,

1171 2779 1267 2832 sed
1307 2777 1472 2830 Deum
1508 2777 1857 2832 carnifernm.
1895 2761 2014 2844 Quo
2043 2778 2171 2846 quid
2201 2779 2422 2833 stultius
2459 2780 2583 2850 fingi
2619 2795 2749 2849 pos-

1170 2873 1281 2934 sit,
1311 2887 1636 2940 magnopere
1665 2871 1790 2924 licet
1814 2871 1916 2923 hoc
1949 2871 2165 2924 nomine
2187 2873 2490 2938 glorientur
2519 2873 2640 2926 novi
2673 2873 2748 2926 illi

1169 2963 1419 3016 veritatis
1453 2963 1772 3031 praecones?
1806 2961 2068 3027 Quamvis
2107 2961 2252 3014 enim
2274 3003 2288 3024 ,
2321 2963 2392 3016 ob
2421 2963 2749 3018 inversionis

1169 3052 1506 3106 celeritatem
1533 3091 1549 3115 ,
1581 3052 1933 3120 sophisticam
1972 3051 2206 3119 aliquam
2256 3053 2485 3123 gratiam
2533 3054 2748 3116 habeat,

1169 3154 1224 3199 et
1255 3145 1402 3197 velut
1440 3145 1494 3197 in
1534 3145 1870 3198 calculorum
1900 3144 2284 3208 subductione,
2325 3145 2748 3200 ludificationem

2931 2043 3097 2095 Ταῦτ’
3131 2041 3224 2096 οὖν
3270 2045 3619 2114 ἐληλεγμένοι
3665 2047 3872 2114 σαφῶς,
3920 2048 3994 2117 μὴ
4042 2047 4440 2116 χαλεπαινέτω-

2865 2151 2984 2198 σαν,
3026 2136 3142 2188 ἀλλ’
3187 2137 3669 2210 ἐντρεπέσθωσαν,
3705 2139 3840 2208 μηδὲ
3892 2139 4435 2207 καταψευδέσθωσαν,

2857 2230 2993 2284 ἀλλά
3029 2231 3500 2284 συστελλέσθωσαν
3523 2271 3538 2294 ,
3575 2233 3670 2286 καὶ
3715 2233 3822 2284 τῶν
3870 2230 4128 2284 πυλώνων
4159 2231 4437 2300 ἑξαλειιρέυ

2855 2338 3036 2373 τωσαν
3089 2321 3150 2374 τὸ
3203 2322 3345 2392 μέγα
3385 2323 3477 2375 καὶ
3531 2322 3843 2392 θαυμαστὸν
3889 2323 4066 2376 αὐτῶν
4114 2326 4289 2376 έκεῖνο
4323 2323 4438 2393 (21)

2859 2415 3203 2486 πρόγραμμά
3248 2432 3307 2466 τε
3339 2416 3434 2466 καὶ
3473 2415 3733 2484 κήρυγμα
3771 2414 3870 2483 τῆς
3909 2414 4248 2485 ὀρθοδοξίας.
4299 2413 4437 2483 μετὰ

2857 2505 3169 2576 ζητήματος
3195 2505 3357 2568 εὐθὺς
3398 2505 3748 2568 ἀπαντῶντες
3777 2507 3886 2568 τοῖς
3917 2505 4145 2558 εἰσιοῦσι
4189 2504 4284 2558 καὶ
4323 2504 4438 2557 δια-

2859 2598 3128 2669 κρίσεως,
3177 2598 3238 2650 τὸ
3283 2597 3393 2650 δεῖν
3427 2603 3753 2668 προσκυνεῖν
3797 2600 3872 2670 μὴ
3917 2599 4203 2669 ἄνθρωπον
4250 2599 4438 2666 θεοφόο

2857 2707 2985 2761 ρον,
3023 2689 3158 2741 ἀλλὰ
3198 2679 3329 2740 Θεῦν
3375 2689 3732 2760 σαρκοφόρον.
3781 2684 3854 2742 Οὗ
3895 2690 3946 2740 τί
3979 2688 4090 2757 (‘22)
4135 2687 4328 2754 γένοιτ’
4369 2688 4436 2740 ἂν

2856 2781 3216 2852 ἀλογώτερον,
3255 2781 3358 2833 κᾶν
3392 2781 3469 2850 τῷ
3504 2782 3710 2851 ῥήματι
3759 2779 3934 2850 τούτῳ
3971 2781 4112 2850 μέγα
4142 2780 4252 2848 (25)
4300 2796 4435 2849 (ppo-

2856 2871 3020 2924 νῶσιν
3046 2873 3094 2922 οἱ
3135 2871 3243 2923 νέοι
3268 2870 3367 2938 τῆς
3410 2869 3664 2938 ἀληθείας
3699 2871 3976 2940 κήρυκες;
4010 2870 4168 2939 χάριν
4197 2870 4296 2938 μὲν
4329 2870 4436 2940 γὰρ

2855 2963 2967 3034 ἔχει
2995 2962 3119 3015 τινὰ
3148 2961 3465 3032 σοφιστικὴν
3498 2961 3576 3030 τῷ
3601 2962 3758 3030 τάχει
3792 2961 3894 3030 τῆς
3924 2961 4304 3031 ἀντιστροφῆς,
4345 2959 4437 3013 καὶ⁸

2857 3055 3232 3124 ψηφολογικὴν
3275 3054 3592 3125 τερατείαν,
3631 3055 3757 3116 τοὺς
3803 3052 4158 3116 ἀπαιδεύτους
4206 3053 4439 3124 τέρπου-

2859 3166 2957 3200 σαν
2982 3165 2995 3178 ’
3028 3148 3143 3200 ἐστι
3163 3147 3220 3200 δὲ
3240 3147 3349 3198 τῶν
3380 3146 3602 3213 γελοίων
3630 3145 3988 3216 γελοιότερον,
4019 3146 4112 3198 καὶ
4135 3145 4243 3197 τῶν
4269 3146 4433 3197 ἀσυν-

1169 3239 1482 3310 quamdam.
1525 3239 1898 3308 imperitorum
1931 3237 2143 3292 animos
2174 3239 2537 3292 oblectantem
2565 3256 2579 3294 :
2615 3240 2749 3293 nihil
2777 3204 2819 3261 α
2854 3239 2990 3292 έτων
3043 3239 3252 3290 ἀσυνετι

2347 3247 2579 3294 autem:
2615 3204 2819 3293 nihilc
2854 3239 2990 3292 έτων
3043 3238 3464 3309 ἀσυνετώτερον.
3517 3238 3578 3289 Εἰ
3628 3237 3738 3306 γάρ
3793 3254 3877 3299 τις
3927 3235 4247 3307 μεταϐαλὼν
4297 3235 4430 3305 τὴν,

1168 3345 1349 3388 tamen
1388 3349 1541 3402 :eque
1572 3332 1897 3394 ridiculum,
1941 3331 2078 3384 nihil
2119 3345 2271 3400 teque
2299 3331 2524 3385 stultum
2554 3338 2609 3385 et
2643 3340 2755 3386 sto-

1171 3427 1339 3480 lidmn
1360 3425 1656 3496 excogitari
1685 3433 1884 3493 potest.
1927 3421 2061 3475 Nam
2101 3422 2147 3475 si
2181 3424 2306 3491 quis
2337 3424 2622 3477 immutate
2652 3424 2753 3477 hoc

1169 3518 1473 3577 vocabulo,
1527 3517 1706 3580 homo,
1737 3525 1901 3583 atque
1954 3515 2080 3569 item
2117 3515 2218 3569 hac
2272 3529 2441 3578 voce,
2492 3531 2647 3578 caro,
2701 3516 2753 3569 in

1171 3609 1339 3663 Deum
1391 3611 1661 3676 (quorum
1719 3605 1927 3660 scilicet
1982 3606 2215 3659 alterum
2262 3605 2466 3668 nobis,
2525 3606 2754 3660 alterum

1171 3699 1309 3768 ipsis
1336 3699 1568 3766 placetl,
1604 3709 1790 3766 postea
1824 3697 2021 3750 eximia
2059 3699 2162 3751 ista
2189 3707 2242 3751 et
2269 3698 2534 3751 divinitus
2567 3697 2755 3767 cogni-

1170 3800 1225 3843 ta
1259 3791 1567 3844 inversione
1604 3797 1810 3853 utatur,
1845 3791 1974 3859 quid
2001 3789 2364 3843 conlicietur?
2391 3805 2582 3858 nempe
2620 3790 2752 3842 ado-

1173 3884 1282 3935 rari
1315 3881 1514 3935 debere
1539 3922 1554 3945 ,
1602 3896 1709 3933 non
1751 3897 1969 3934 carnem
2002 3879 2264 3933 deiferam
2292 3921 2308 3944 ,
2335 3878 2431 3933 sed
2457 3879 2625 3934 Deum
2652 3881 2753 3934 ho-

1169 3973 1505 4028 miniferum.
1535 3972 1581 4028 Ο
1609 3974 1882 4042 ingentem
1909 3973 2338 4027 absurditatem!
2374 3973 2751 4026 absconditam

1171 4071 1288 4132 post
1303 4062 1411 4132 97
1425 4061 1700 4116 Christum
1713 4064 2034 4131 sapientiam
2051 4062 2210 4117 hodie
2222 4063 2380 4116 nobis
2393 4063 2748 4117 annuntiant:

1173 4154 1224 4206 id
1251 4155 1393 4222 quod
1425 4169 1558 4208 sane
1593 4155 1849 4224 lacrymis
1889 4155 2112 4223 dignum
2142 4163 2247 4209 est.
2285 4152 2418 4206 Nam
2442 4155 2487 4209 si
2528 4156 2751 4225 triginta

1169 4246 1436 4299 duntaxat
1477 4245 1675 4299 abhinc
1705 4246 1863 4300 annis
1893 4245 2030 4300 lides
2061 4245 2276 4299 initium
2316 4246 2581 4316 sumpsit,
2626 4261 2750 4299 eum

1170 4336 1552 4406 quadringenti
1576 4337 1688 4404 jam
1715 4337 1826 4390 fere
1853 4339 1979 4390 anni
2019 4337 2274 4392 fluxerint
2298 4355 2328 4392 a
2359 4353 2467 4408 quo
2496 4338 2751 4393 Christus

1171 4427 1554 4484 manifestatus
1581 4438 1707 4493 est,
1743 4427 1905 4482 inane
1937 4429 2123 4498 utique
2157 4437 2310 4483 tanto
2355 4439 2599 4498 tempore
2649 4429 2751 4482 fuit

2855 3333 3185 3402 ἄνθρωπος,
3216 3331 3420 3403 φωνὴν,
3451 3331 3546 3384 καὶ
3580 3330 3701 3400 τὴν,
3733 3328 3912 3396 σὰρξ,
3938 3331 4016 3390 εἰς
4058 3328 4192 3380 Θεὸν
4227 3320 4339 3396 (ὧν
4375 3325 4435 3379 τὸ

2859 3426 2956 3495 μὲν
3003 3426 3133 3494 ἡμῖν
3171 3425 3414 3494 ἀρέσκει,
3448 3422 3509 3474 τὸ
3555 3422 3611 3480 δὲ
3649 3421 3900 3489 αὐτοῖς),
3942 3421 4134 3474 ἔπειτα
4183 3424 4248 3491 τῇ
4286 3422 4436 3473 ἀντι-

2857 3518 3065 3584 στροφῇ
3102 3514 3214 3583 (24)
3249 3516 3516 3586 χρήσαιτο
3551 3514 3619 3582 τῇ
3648 3511 3929 3582 θαυμασία
3972 3512 4146 3583 ταύτῃ
4190 3512 4285 3566 καὶ
4317 3512 4436 3564 θεο-

2853 3608 3080 3675 γνώστῳ
3112 3604 3247 3674 (25),
3277 3605 3328 3656 τί
3375 3604 3806 3676 συναχθήσεταις
3857 3605 3919 3657 τὸ
3954 3605 4064 3657 δεῖν
4109 3607 4435 3674 προσκυνεῖν

2857 3697 2934 3768 μὴ
2979 3698 3156 3767 σάρκα
3199 3696 3489 3768 θεοφόρον,
3543 3695 3680 3749 ἀλλά
3711 3697 3845 3749 Θεὸν
3891 3696 4334 3768 ἀνθρωποφόρον.
4371 3698 4434 3751 Ὢ

2853 3789 2953 3858 τῆς
2994 3788 3255 3851 ἀτοπίας1
3306 3788 3406 3858 τὴν
3460 3788 3960 3859 ἀποκεκρυμμένην
4015 3788 4154 3858 μετὰ
4198 3788 4432 3858 Χριστὸν

2855 3880 3047 3948 σοφίαν
3092 3880 3332 3950 σήμερον
3378 3881 3511 3948 ἡμῖν
3561 3878 4020 3948 καταγγέλλουσιν
4056 3877 4200 3948 (‘26),
4247 3878 4332 3947 ἐφ’
4384 3871 4431 3946 ᾧ

2853 3971 2946 4022 καὶ
2974 3970 3232 4040 δακρύειν
3274 3969 3443 4036 ἄξιον.
3485 3971 3547 4022 Ei
3580 3969 3687 4040 γὰρ
3741 3970 3845 4040 πρὸ
3889 3970 4183 4042 τριάκοντα
4226 3969 4434 4023 τούτων

2821 4061 2990 4126 τέτῶν
3047 4065 3080 4132 ἡ
3135 4063 3316 4124 πίστις
3360 4061 3592 4132 ἤρξατο,
3635 4062 4004 4132 τετρακοσίων
4057 4061 4241 4130 σχεδὸν
4293 4060 4430 4113 ἐτῶν

2851 4155 3150 4222 γεγονότων
3194 4153 3287 4223 ἀφ’
3339 4147 3400 4206 οὗ
3435 4153 3668 4224 Χριστὸς
3712 4153 4122 4223 πεφανέρωται,
4169 4152 4322 4206 κενὸν
4371 4155 4429 4204 ἐν

2850 4243 3090 4313 τοσούτῳ
3134 4245 3312 4315 χρόνῳ
3355 4244 3417 4296 τὸ
3466 4244 3796 4311 Εὑαγγέλιον
3829 4242 4022 4313 ἡμῶν,
4059 4243 4188 4312 κενὴ
4235 4241 4292 4293 δὲ
4337 4241 4431 4293 καὶ

2849 4338 2883 4407 ἡ
2928 4338 3111 4398 πίστις
3145 4336 3336 4405 ἡμῶν,
3386 4336 3481 4388 καὶ
3527 4335 3704 4404 μάτην
3741 4337 3790 4387 οἱ
3842 4335 3941 4404 μὲν
3985 4335 4431 4404 μαρτυρήσαντες

2852 4427 3270 4496 ἐμαρτύρησαν,
3317 4427 3493 4496 μάτην
3521 4426 3576 4478 δὲ
3628 4426 3722 4478 τοῦ
3757 4426 3888 4479 λαοῦ
3922 4427 4035 4495 (27)
4085 4426 4426 4498 προέστησαν

1175 4517 1522 4588 Evangelium
1549 4561 1563 4582 ,
1590 4518 1770 4573 inanis
1797 4521 1962 4572 etiam
2004 4519 2136 4574 fides
2174 4527 2361 4575 nostra
2389 4560 2404 4583 ,
2437 4519 2747 4588 frustraque
2781 4533 2824 4588 ι)
2853 4517 2902 4568 οἱ
2929 4516 3158 4568 τοιοῦτοι
3191 4533 3258 4567 κα

2343 4534 2361 4572 ι
2389 4560 2404 4583 ,
2437 4519 2747 4588 frustraque
2781 4533 2824 4588 ι)
2853 4517 2902 4568 oi.
2929 4516 3158 4568 τοιοῦτοι
3191 4515 3285 4567 καὶ
3335 4514 3643 4585 τηλικοῦτοι
3683 4516 4008 4586 προστάται.
4051 4516 4145 4567 καὶ
4176 4513 4284 4566 τῶν
4329 4512 4426 4584 μέ-

1173 4617 1442 4677 martyres
1496 4607 1760 4677 martyrio
1806 4608 2079 4676 perfuncti
2137 4617 2302 4674 sunt,
2357 4608 2556 4664 frustra
2609 4611 2746 4664 tales

1173 4699 1420 4768 tantique
1449 4697 1724 4752 antistites
1768 4699 1909 4767 plebi
1949 4700 2312 4769 praefuerunt,
2357 4716 2742 4772 versuumque.

1175 4805 1283 4842 non
1313 4795 1492 4841 autem
1531 4787 1655 4842 ﬁdei
1679 4827 1694 4851 ,
1735 4798 1820 4843 est
1847 4790 2040 4858 gratia.

1249 4965 1360 5030 (18)
1399 4968 1610 5019 Τοίνυν
1636 4968 1694 5018 αι
1721 4967 1908 5034 φωναί
1928 4963 2122 5022 αὗται.
2151 4966 2224 5020 ita
2249 4969 2404 5022 Colh.
2437 4969 2490 5031 5,
2513 4969 2565 5027 6.
2603 4968 2656 5028 9.
2690 4983 2741 5030 a,

1176 5035 1410 5120 Montac.
1438 5077 1452 5099 ,
1487 5035 1671 5090 Morel.
1705 5047 1758 5090 et
1797 5036 2040 5092 Combef.
2087 5037 2143 5090 In
2179 5038 2312 5092 edit.
2360 5038 2540 5092 τοίνυν
2584 5039 2745 5093 αὑταὶ¹

1217 5123 1326 5157 ωνα
1333 5125 1360 5155 ι.

1392 5174 1693 5242 Προτέρων
1718 5173 1942 5247 μένειν.
1984 5177 2138 5230 Colb.
2171 5179 2205 5233 '5
2246 5188 2298 5230 et
2335 5178 2581 5232 Combef.
2618 5195 2744 5247 προσ

1174 5244 1348 5314 τέρων
1375 5247 1554 5317 μένειν
1594 5245 1826 5307 σκοπόν,
1868 5247 1920 5298 in
1965 5247 2310 5314 pristinarum
2351 5266 2436 5301 eos
2465 5244 2744 5317 expositio-

1178 5330 1298 5366 num
1325 5315 1588 5380 proposito
1611 5325 1867 5382 perstare.

1249 5384 1360 5450 ('20)
1401 5383 1895 5451 'Aratetpa;éraz.
1941 5385 2094 5439 Coll).
2131 5386 2184 5449 5,
2229 5397 2282 5439 et
2322 5386 2565 5441 Combef.
2613 5388 2747 5440 ἀνα-

1177 5453 1543 5573 ὗεέραφέναι,
1592 5469 1712 5506 cum
1769 5456 2208 5509 auathcmatismo
2259 5458 2589 5510 monimentis
2635 5467 2736 5509 tra-

1219 5539 1232 5573 ι
1273 5532 1393 5573 ent.

1219 5532 1369 5574 idem
1380 5561 1393 5574 .

1251 5591 1361 5661 (2i)
1384 5591 1586 5644 Αὐτῶν
1620 5592 1836 5647 ἐκεῖνο.
1872 5595 1948 5647 Ita
1976 5593 2132 5649 Colh.
2164 5594 2218 5660 3,
2251 5595 2305 5661 6,
2332 5597 2388 5658 9,
2439 5613 2489 5649 a.
2517 5597 2574 5650 In
2608 5597 2740 5653 edit.

1181 5659 1360 5714 αὐτῶν
1395 5662 1494 5713 οὐκ
1529 5664 1724 5716 ἐκεῖνο.

1387 5725 1569 5803 βτί.
1605 5732 1740 5786 Cod.
1774 5731 1906 5803 Reg.
1941 5733 1980 5785 Β
2019 5742 2072 5786 et
2105 5734 2258 5789 Coll).
2295 5753 2346 5795 a.
2378 5739 2568 5788 τούτου
2597 5737 2670 5788 τί.

1250 5801 1360 5858 ίῖὖ)
1398 5800 1636 5861 Ῥήιιατι
1671 5800 2050 5875 τριττιείιιέγα.
2095 5803 2168 5856 Ita
2219 5807 2372 5858 (Lolli.
2424 5806 2476 5869 ὅ,
2513 5807 2565 5867 6,
2603 5807 2656 5871 9,
2690 5815 2742 5860 et

2847 4623 2990 4678 τρων
3017 4607 3050 4674 ἡ
3081 4607 3258 4677 χάρις,
3290 4604 3403 4658 ἀλλ’
3436 4606 3495 4658 οὐ
3523 4605 3622 4673 τῆς
3649 4605 3903 4670 πίστεως.

2849 4979 2978 5048 llr-g.
3011 4979 3072 5040 Β,
3098 4979 3355 5044 Montac.,
3381 4980 3570 5036 Morel.
3596 4989 3649 5035 et
3686 4981 3933 5038 Combef.
3963 4981 4018 5038 In
4051 4983 4181 5038 edit.
4216 4987 4423 5055 ῥήματι

2850 5049 2993 5100 μέγα
3022 5049 3200 5100 τοῦτο.

2849 5065 3003 5118 μεγα¹
3022 5066 3200 5103 τουτο.

2882 5118 3151 5240 ,(ἓέὲεῖῇ
3185 5119 3579 5188 ἀναστροφῇ.
3608 5121 3682 5174 Ita
3714 5121 3867 5176 Colb.
3891 5123 3946 5188 ’5,
3973 5123 4026 5188 6,
4048 5124 4102 5188 9,
4121 5141 4171 5177 a.
4201 5125 4258 5177 In
4283 5123 4419 5180 edit.

2882 5205 2911 5240 η
3101 5230 3114 5240 .

2845 5201 2912 5257 τῃ
2940 5201 3114 5242 deest.

2917 5257 3037 5331 (25)Δ
3084 5257 3458 5331 Θεογνῴστῳ.
3493 5258 3729 5331 Montar.
3783 5270 3838 5316 et
3888 5261 4074 5315 Morel.
4123 5263 4308 5331 legunt
4366 5273 4422 5316 et

2846 5325 3165 5398 θεογνὼστῳ
3205 5325 3268 5381 et
3300 5327 3664 5398 θεοπνεύστῳ.

2919 5396 3028 5469 (ili)
3057 5401 3100 5450 Σ
3108 5398 3324 5464 ἡμερον
3345 5399 3488 5467 ἡμῖν
3512 5396 4046 5467 καταγγέλλουσιν.
4080 5401 4214 5455 Male
4236 5402 4319 5453 vel
4347 5407 4426 5469 ty-

2847 5467 2931 5533 pis
2965 5467 3374 5527 festinantibus,
3406 5470 3484 5521 vel
3517 5472 3749 5527 calatum.
3805 5473 3857 5524 in
3907 5471 4037 5524 edit.
4071 5472 4273 5524 omissa
4317 5467 4422 5523 vox

2845 5535 3003 5614 hodie
3031 5538 3236 5591 :simili
3269 5540 3681 5614 praescriptione
3713 5541 3980 5614 haeresum
4021 5545 4288 5595 novitates
4313 5555 4419 5594 sx-

2845 5609 2970 5673 pins
2995 5617 3443 5675 compresserunt
3463 5609 3750 5662 Catholici.

2914 5675 3030 5753 (27)
3064 5673 3273 5753 ριᾶτῄην
3297 5677 3497 5753 δὲ-τοῦ
3525 5678 3707 5753 λαοί).-
3740 5678 3983 5753 Melitae.
4009 5689 4062 5753 et
4097 5678 4286 5734 Morel.
4321 5673 4415 5729 καὶ

2845 5745 2937 5795 τοῦ
2970 5745 3122 5811 λαοῦ,
3158 5747 3344 5816 sicque
3377 5748 3580 5818 legerat
3612 5747 3734 5803 Βίης
3759 5759 3810 5804 et
3837 5749 4170 5805 reddiderat.
