4348 6480
397 444 503 502 ως

846 545 996 613 ρίιν.
1033 555 1328 624 erasnm
1369 553 1500 621 (τε).

1777 443 2104 498 ΕΡΙΒΤΟΙΑ
2151 445 2332 500 CXIV.

3523 448 3629 500 210

2592 549 2725 605 CXL
2788 546 3102 602 l‘IUlAIJO.

1235 663 1476 718 Gratiam
1511 671 1566 715 ut
1607 663 1742 713 inter
1775 677 1827 713 se
1867 661 2264 722 communicem,
2302 667 2444 727 optat
2489 658 2787 728 Gregorius.

465 775 539 828 Σὺ
573 776 878 846 φιλοσοφεῖς
901 779 998 848 τὴν
1025 776 1279 850 ἐρημίαν,
1310 776 1402 830 καὶ
1434 776 1530 848 τὴν
1559 777 1793 846 ἄμετρον
1827 773 1968 826 οὕτω
1997 779 2040 834 Α
2141 771 2182 826 Τ

1893 792 1968 826 τω
1997 779 2040 834 Α
2141 771 2222 826 Tu
2285 773 2563 828 solitudini
2612 781 2774 842 atque
2820 776 2890 828 ita
2955 773 3244 828 immodico
3286 771 3495 843 jejunio
3542 773 3609 824 da

394 864 666 934 νηστείαν,
693 863 804 935 ἐγὼ
847 865 904 918 δὲ
949 866 1046 936 τὴν
1090 866 1319 936 σιωπήν.
1350 862 1680 933 Μεταδῶμεν
1716 860 1962 932 ἀλλήλοις
2063 883 2111 936 οι

1914 877 1962 923 ις
2063 880 2315 936 operam;
2352 880 2451 934 ego
2488 865 2724 920 silentio.
2781 864 3020 918 Gratiam
3067 865 3207 919 inter
3253 880 3350 919 nos
3386 877 3631 931 commu-

394 954 489 1009 τοῦ
522 956 885 1027 χαρίσματος·
921 956 1136 1011 ἐπειδὰν
1173 955 1234 1008 δὲ
1268 956 1346 1018 είς
1380 954 1437 1007 ἒν
1480 951 1784 1023 γενώμεθα,
1808 953 1958 1020 κοινῇ

395 1030 486 1098 τίν
533 1048 664 1100 θεὸν
701 1048 964 1118 ᾀσόμεθα,
1015 1045 1482 1118 καρποφοροῦντες
1524 1044 1709 1114 ὥσπερ
1744 1041 1961 1110 εὔλογον

398 1138 606 1208 σιωπὴν
635 1138 768 1209 (75),
795 1138 936 1191 οῦτω
969 1139 1061 1192 καὶ
1085 1139 1240 1207 λόγον
1267 1136 1464 1189 ἔνθεον.

827 1272 973 1326 PtB’.
1011 1271 1350 1341 ΚΕΛΕΥΣΙῼ
1390 1270 1523 1339 (74).

2063 955 2327 1008 nicemus.
2375 951 2512 1007 Cum
2564 962 2743 1006 autem
2784 969 2888 1007 una
2929 953 3154 1017 erimus,
3185 955 3394 1010 divinas
3443 952 3631 1007 laudes

2065 1046 2227 1100 simul
2254 1060 2531 1110 canemus,
2558 1053 2616 1099 ut
2649 1046 2846 1099 rationi
2877 1055 3300 1100 consentaneum
3332 1046 3626 1101 silentium.

1999 1165 2001 1167 -
2069 1135 2141 1190 ita
2174 1136 2336 1191 etiam
2377 1135 2620 1189 divinum
2662 1151 2964 1190 sermonem
2993 1136 3298 1192 oli'crentes.

2571 1267 2726 1321 CXII.
2766 1267 3123 1323 CELEUSIO.

779 1379 1075 1434 Celeusium
1106 1380 1450 1449 reprehendit,
1473 1378 1612 1449 quod
1643 1394 1797 1431 sacra
1815 1377 2024 1447 jejunio
2054 1395 2153 1432 non
2182 1395 2366 1444 servet,
2398 1388 2447 1432 et
2476 1377 2615 1447 [teda
2645 1380 2942 1445 spectacula
2966 1389 3240 1450 proponat.

463 1491 824 1563 Εἰσεδεξάμην
855 1510 911 1544 σε
944 1493 1038 1546 καὶ
1083 1491 1298 1544 σιωπῶν
1338 1489 1468 1560 (75).
1516 1490 1602 1542 ἵνα
1655 1487 1828 1559 μάθῃς
1865 1489 1957 1541 καὶ

391 1583 600 1654 σιωπῆς
625 1582 780 1650 λόγον
806 1585 873 1652 τῇ
902 1581 1123 1652 γραφίδι
1169 1580 1514 1650 λαλούμενον.
1556 1579 1787 1649 Λαλήσω
1827 1579 1882 1630 δὲ
1923 1578 1957 1631 ἃ

390 1671 784 1741 πρέπει¹φιλίᾳ
831 1672 926 1724 καὶ
971 1671 1192 1741 τοιούτῳ
1255 1669 1449 1740 καιρῷ.
1498 1669 1868 1739 Παρανομεῖς,
1928 1670 1956 1720 ὁ

387 1761 644 1831 δικαστὴς
688 1762 749 1813 οὐ
790 1761 1092 1832 νηστεύων·
1131 1760 1226 1814 καὶ
1274 1759 1389 1822 ναῦς
1430 1759 1682 1834 φύλάξεις
1707 1760 1832 1821 τοὺς
1860 1761 1953 1812 άν-

387 1854 687 1924 θρωπίνους
716 1855 928 1922 νόμους,
953 1854 1078 1916 τοὺς
1103 1852 1275 1915 θείους
1317 1852 1689 1923 περιφρονῶν;
1718 1851 1952 1922 κάθαρόν

387 1961 482 1997 σου
511 1944 622 2014 (76)
665 1944 726 1998 τὸ
753 1945 1117 2018 δικαστήριον,
1151 1945 1236 1996 ἵνα
1266 1945 1339 2014 μὴ
1362 1943 1503 1996 δυοῖν
1527 1943 1604 2005 ἓν,
1629 1943 1661 2012 ἢ
1697 1942 1818 2013 γίνῃ
1851 1960 1951 2034 ’ξα-

386 2035 556 2106 κὺς,ῆ
587 2035 801 2109 νομίζῃ.
836 2036 908 2089 Τὸ
953 2035 1259 2108 προτιθέναι
1307 2034 1435 2098 θὲας
1481 2035 1732 2104 αἰσχρὰς,
1763 2035 1951 2088 ἑαυτὸν

385 2127 501 2178 ἐστὶ
541 2125 859 2196 θεατρίζειν.
910 2127 1214 2196 Κεφάλαιον
1235 2125 1327 2179 τοῦ
1357 2125 1535 2194 λόγου,
1563 2125 1669 2178 ⁸ἴσθι
1701 2125 1951 2196 κρινόμε-

2132 1487 2328 1558 Excepi
2368 1497 2420 1542 te
2461 1489 2624 1544 etiam
2662 1499 2865 1553 tacens,
2907 1498 2964 1544 ut
3011 1491 3212 1546 silentii
3254 1494 3477 1564 quoque
3512 1510 3629 1550 ser-

2061 1593 2270 1633 monem
2306 1594 2426 1634 esse
2465 1579 2768 1649 intelligas,
2814 1595 2910 1650 per
2952 1582 3220 1635 calammn
3255 1598 3314 1638 sc
3344 1585 3626 1654 proteren-

2059 1674 2186 1720 tem.
2237 1666 2454 1736 Loquar
2494 1675 2670 1720 autem
2721 1683 2841 1736 quae
2903 1677 2956 1722 et
3004 1670 3257 1725 amicitiae
3323 1683 3522 1729 nostra:
3575 1687 3627 1730 et

2058 1757 2366 1827 hujusmodi
2387 1759 2611 1828 tempori
2636 1759 2981 1814 conveniunt.
3005 1759 3190 1830 Inique
3215 1763 3353 1833 agis,
3378 1781 3409 1818 ο
3436 1765 3624 1834 judcx,

2058 1850 2150 1918 qui
2185 1866 2289 1903 non
2317 1849 2553 1918 jejunas.
2596 1848 2660 1902 Et
2691 1851 2964 1920 quomodo
3016 1853 3159 1922 leges
3205 1854 3469 1910 humanas
3507 1873 3627 1912 ser-

2058 1942 2228 2004 vabis,
2257 1941 2348 2011 qui
2380 1940 2590 1996 divinas
2629 1945 2931 1997 contemnis
2975 1959 3037 1998 ac
3085 1960 3183 2014 pro
3225 1947 3397 2002 nihilo
3437 1933 3631 2004 ducis?

2059 2028 2233 2098 Purga
2279 2029 2518 2082 tribunal
2553 2036 2728 2093 tuum,
2787 2046 2854 2085 ne
2908 2031 3061 2100 102
3112 2033 3344 2088 duorum
3397 2036 3627 2091 alterum

2061 2121 2156 2174 tibi
2206 2121 2438 2184 accidat,
2495 2129 2554 2174 ut
2605 2133 2698 2176 aut
2747 2123 2921 2178 malus
2969 2125 3085 2190 tias,
3136 2135 3231 2179 aut
3276 2127 3624 2186 existimetis.

383 2235 491 2282 νος,
531 2220 559 2270 ὁ
593 2219 785 2290 κριτὴς
820 2219 952 2287 (77),
987 2217 1082 2271 καὶ
1123 2214 1284 2289 ἧττον
1328 2217 1688 2287 άμαρτήσεις.
1739 2215 1953 2268 Τούτων
1987 2215 2025 2270 Β
2056 2210 2100 2264 Ε

1911 2232 1953 2268 »ν
1987 2210 2218 2270 BFmda
2275 2212 2582 2283 spectacula
2649 2229 2974 2284 proponere,
3039 2215 3278 2286 seipsum
3343 2218 3628 2275 traducere

380 2307 530 2363 οὐδὲν
555 2305 699 2381 εἶχόν
722 2328 802 2364 σοι
843 2312 1143 2381 παρασχεῖν
1172 2309 1412 2380 ἄμεινον.

849 2617 991 2674 rtr'.
1021 2620 1106 2691 “re
1141 2619 1320 2692 ΑΥΤῼ
1359 2622 1492 2691 (78).

2053 2314 2158 2360 est.
2213 2303 2270 2359 ln
2323 2321 2555 2373 sununa,
2587 2323 2620 2362 ο
2652 2307 2842 2378 judex,
2893 2319 2944 2363 te
2994 2309 3258 2378 judicium
3316 2309 3625 2363 subiturum

2055 2411 2176 2450 esse
2226 2396 2397 2463 scito,
2449 2407 2502 2452 et
2557 2399 2740 2454 minus
2794 2401 3065 2469 peccatis.
3122 2400 3217 2455 His
3260 2400 3394 2456 nihil
3435 2403 3629 2457 melius

2058 2486 2340 2554 habebam,
2377 2489 2518 2557 quod
2552 2489 2648 2542 tibi
2686 2491 3000 2556 praeberem.

2609 2622 2792 2677 CXIII.
2832 2622 3057 2706 ῃιυειι.

1022 2733 1088 2787 Se
1121 2743 1377 2787 tacentem
1405 2749 1468 2786 ne
1480 2732 1684 2801 judirct
1709 2733 2042 2802 daumetque,
2079 2730 2377 2786 Celcnsium
2403 2734 2682 2804 Gregorius
2716 2738 2981 2791 admonet.

445 2839 535 2908 Μὴ
564 2843 712 2912 κρῖνε
747 2841 813 2910 μὲ
852 2841 1104 2909 σιγῶντα,
1136 2843 1256 2896 οὐδὲ
1284 2841 1391 2914 γὰρ
1416 2842 1525 2912 ἐγὼ
1551 2843 1611 2895 σὲ
1646 2843 1948 2912 φθεγγόμε-

371 2945 485 2993 νον,
510 2930 538 2982 ὂ
562 2933 686 3002 περὶ
713 2932 820 2985 τῶν
853 2933 1154 3004 βρωμάτων
1182 2937 1211 2987 ὁ
1250 2933 1456 2997 Παῦλος
1488 2934 1600 3004 (79)
1627 2934 1946 3006 ἐνομοθέτη-

375 3034 487 3073 σεν.
512 3020 573 3072 Ei
601 3021 655 3074 δὲ
685 3022 907 3091 κρίνεις,
937 3022 1102 3092 φοϐοῦ
1134 3025 1232 3095 τὴν
1256 3023 1528 3089 γλῶσσαν,
1569 3024 1642 3095 μὴ
1681 3025 1821 3079 κατὰ
1850 3026 1942 3079 σοῦ

377 3112 567 3184 κινηθῇ
600 3114 835 3187 πρῶτον,
860 3115 914 3168 εί
935 3132 992 3168 σε
1022 3115 1174 3169 λάϐοι
1199 3115 1289 3169 τοῦ
1322 3117 1529 3185 σιωπᾷν
1551 3115 1717 3181 ἄξιον.

824 3313 962 3366 sua
1011 3312 1098 3382 ro
1135 3312 1315 3383 ΛΥΤῼ
1353 3311 1485 3381 (80).

2124 2841 2201 2896 Ne
2233 2859 2317 2898 me
2350 2853 2616 2901 tacentem
2641 2849 2857 2917 judices
2889 2864 2950 2902 ac
2993 2849 3238 2915 damnes,
3275 2858 3627 2922 quemadmo.

2049 2932 2178 2986 dum
2228 2950 2326 2988 nec
2355 2953 2454 3005 ego
2498 2949 2549 2992 te
2601 2941 2930 3009 loquentem,
2958 2941 3102 3010 quod
3148 2942 3216 2997 de
3253 2947 3392 3000 cibis
3427 2946 3628 3006 Paulus

2051 3027 2410 3095 promulgavit
2466 3032 2532 3083 7‘.
2583 3031 2738 3097 Quod
2791 3035 2835 3089 si
2885 3035 3122 3104 judicas,
3165 3041 3292 3094 time
3343 3060 3409 3098 uc
3446 3045 3628 3113 lingua

2051 3130 2169 3169 mea
2204 3120 2468 3176 adversus
2503 3132 2554 3176 te
2587 3127 2819 3194 primum
2868 3131 3192 3197 concitetur,
3229 3135 3273 3189 si
3319 3144 3371 3188 te.
3411 3137 3628 3191 silentio

2049 3204 2275 3277 dignum
2313 3214 2685 3268 nanciscatur.

2613 3327 2796 3384 CXIV.
2831 3330 3059 3389 ElltEM.

814 3425 1108 3481 Celeusium
1135 3428 1483 3497 loquaciorem
1511 3429 1769 3484 hominem
1807 3434 2106 3492 taciturnus
2140 3439 2421 3510 Gregorius
2451 3445 2654 3513 egregie
2683 3449 2855 3516 carpit
2885 3457 2933 3501 et
2966 3450 3175 3502 irridet.

452 3537 669 3608 Ἐπειδὴ
697 3555 787 3608 μοι
820 3539 916 3608 τὴν
947 3540 1155 3609 σιωπὴν
1188 3541 1459 3608 ἐγκαλεῖς,
1496 3544 1590 3596 καὶ
1621 3545 1720 3613 τὴν
1751 3545 1936 3615 άγροι-
1964 3564 2009 3623 C
2109 3551 2169 3617 ρ.

1929 3564 2009 3623 νο
2109 3551 2376 3617 Quoniam
2417 3557 2695 3611 silentium
2738 3567 2791 3613 et
2832 3561 3191 3616 rusticitatem
3235 3563 3368 3616 mibi
3405 3565 3646 3637 objicis"

371 3629 515 3694 κίαν,
537 3623 582 3682 ὦ
607 3629 738 3683 καλὲ
761 3630 852 3684 ita).
875 3631 1084 3693 ἀστικὲ,
1115 3632 1245 3702 φέρε
1273 3649 1354 3686 σοι
1377 3634 1441 3704 δὴ
1467 3634 1562 3686 καὶ
1590 3635 1942 3706 μυθολογήσω

374 3721 540 3791 μῦθον
571 3723 671 3776 οὐκ
702 3723 960 3792 ἄμουσον,
987 3724 1040 3776 εί
1069 3741 1185 3787 πως
1225 3725 1332 3796 ἄρα
1364 3725 1537 3798 ταύτῃ
1575 3743 1634 3794 γε
1675 3727 1940 3798 δυναίμην

369 3816 612 3884 ἐπισχεῖν
649 3832 708 3869 σε
749 3815 846 3886 τῆς
891 3815 1173 3888 φλυαρίας.
1222 3817 1604 3871 Ἐπέσκωπτον
1643 3819 1700 3871 αἱ
1739 3818 1942 3889 χελιδό-

367 3925 455 3971 νες
480 3907 588 3959 τῶν
617 3895 938 3970 κύκνων,.τὸ
970 3908 1044 3979 μὴ
1078 3908 1280 3962 ἐθέλειν
1323 3908 1530 3978 ὁμιλεῖν
1565 3912 1678 3973 τοῖς
1725 3910 1937 3981 ἀνθρώ-

366 4014 508 4061 ⁴ιυοις,
546 3998 680 4067 μήτε
707 3997 1048 4069 δημοσιεύειν
1071 3999 1168 4069 τὴν
1193 4000 1474 4071 μουσικὴν,
1504 4000 1618 4053 ἀλλ’
1644 4001 1787 4072 ἀμφὶ
1813 4003 1938 4066 τοὺς

365 4089 635 4160 λειμῶνας
664 4090 867 4158 διάγειν
908 4091 1156 4152 καὶτοὺς
1200 4093 1493 4161 ποταμοὺς,
1541 4093 1631 4145 καὶ
1665 4093 1763 4164 τὴν
1802 4095 1933 4164 ἐρη-

369 4182 494 4252 μίαν
524 4181 880 4246 άσπάζεσθαι,
918 4183 1012 4236 καὶ
1064 4182 1266 4253 βραχέα
1316 4185 1416 4253 μὲν
1460 4183 1635 4254 ᾅδεινσ
1668 4183 1704 4237 ἃ
1744 4183 1800 4236 δὲ
1838 4186 1932 4238 καὶ

363 4274 558 4346 ᾄδοιεν,
613 4275 756 4345 ᾄδειν
798 4275 855 4327 ὲν
902 4274 1080 4342 σφίσιν
1128 4274 1308 4337 αὐτοῖς
1343 4274 1474 4343 (81),
1509 4274 1694 4347 ὥσπερ
1743 4276 1929 4344 αίσχυ-

362 4366 617 4436 νομένους
653 4367 750 4435 τὴν
791 4367 1073 4436 μουσικήν.
1119 4364 1304 4434 Ἦμῶν
1333 4365 1408 4432 δὲ,
1448 4365 1673 4434 ἔφασαν,
1710 4367 1844 4419 εἰσὶν
1872 4367 1928 4419 αἱ

362 4459 564 4522 πόλεις,
612 4459 702 4527 καὶ
749 4461 799 4512 ot
838 4458 1131 4530 ἄνθρωποι,
1158 4459 1252 4512 καὶ
1280 4459 1330 4511 οἱ
1363 4459 1616 4529 θάλαμοι,
1648 4460 1741 4513 καὶ
1771 4478 1928 4531 περι-

361 4548 628 4619 λαλοῦμεν
671 4552 784 4613 τοῖς
823 4549 1146 4621 ἀνθρώποις,
1189 4550 1283 4602 καλ⁸
1330 4549 1398 4602 τὰ
1455 4550 1696 4621 ἡμέτερα
1747 4553 1930 4615 αὐτοῖς

355 4639 706 4710 διηγούμεθα,
738 4640 908 4693 ταῦτα
936 4639 999 4710 δὴ
1028 4639 1202 4694 ταῦτα
1233 4640 1301 4694 τά
1329 4643 1529 4710 ἀρχαῖα
1559 4642 1651 4694 καὶ
1687 4643 1928 4706 Ἀττικά,

431 4799 479 4831 ⁷⁸
505 4797 663 4853 ltom.
694 4814 810 4862 xw,
839 4797 897 4852 5.

425 4914 539 4982 (7'2)
576 4916 727 4970 Alias
751 4915 861 4968 Cll.
891 4914 1312 4985 Scripta‘eodem
1344 4925 1604 4985 tempore.

426 4985 539 5056 (75)
575 4987 843 5054 Εὔλογον
894 4983 1148 5057 σιωπήν.
1200 4983 1744 5057 (Ζοωιωΐζεῦκαιρον
1796 5005 1924 5040 σιω-

355 5056 488 5122 πήν.
523 5054 866 5122 opportunum
906 5054 1192 5122 silentium.

424 5121 536 5193 (74)
565 5125 714 5178 Alias
734 5121 962 5193 LXXIV.
998 5122 1210 5193 Scripta
1237 5124 1423 5178 eodem
1451 5131 1794 5190 tempore.-—-
1820 5129 1922 5178 Ks-

354 5192 596 5266 έευσίῳ.
633 5193 767 5248 Cod.
807 5192 939 5266 [ἔρις.
975 5200 1028 5246 et
1065 5192 1309 5266 Combef.
1356 5193 1626 5266 Ιςελευσίῳ
1676 5194 1918 5266 ἄρχοντι.

356 5262 517 5316 Putat
575 5271 755 5316 tamen
808 5261 1116 5317 Tillemont.
1177 5263 1486 5317 (Zeleusium
1547 5261 1922 5318 ta'nttlt'n't’utnlo

358 5333 510 5385 urbis
559 5331 815 5384 Nazianzi
857 5331 1025 5386 fuisse
1075 5333 1410 5400 praefectum,
1452 5349 1550 5388 uec
1602 5334 1767 5386 alium
1820 5335 1921 5388 hoc

355 5417 500 5526 anno
549 5402 832 5481 prmsidcm
889 5401 1220 5471 gubernasse
1275 5401 1692 5472 Cappadociau't,
1730 5412 1926 5472 prieter

424 5487 686 5526 thtDlUlll.

405 5472 686 5523 lvmuium.

743 5539 1002 5594 σιωπῶν.
1038 5539 1160 5595 cod.
1229 5540 1360 5612 Reg.
1421 5551 1474 5596 et
1532 5540 1779 5596 Combel'.
1840 5544 1931 5595 καὶ

356 5625 524 5663 σιγων
532 5650 546 5663 .

579 5677 851 5750 ιςᾴοαρόν
881 5693 1017 5732 σου.
1059 5679 1134 5732 Ita
1176 5679 1296 5734 cod.
1333 5679 1460 5750 Reg.
1505 5691 1557 5734 et
1589 5682 1830 5737 Combel'.
1866 5684 1922 5737 In

361 5748 492 5804 edit.
525 5747 762 5817 καθάρου
802 5764 912 5817 σου.

429 5817 539 5886 (77)
587 5819 638 5870 ’0
669 5815 888 5886 ἆφιτρξς.
924 5819 1000 5872 Ita
1026 5817 1147 5872 cod.
1184 5817 1311 5888 ητις.
1349 5826 1401 5871 et
1431 5821 1672 5874 tlombef.
1710 5822 1765 5876 In
1794 5825 1920 5876 edit.

2045 3645 2126 3698 vir
2157 3645 2293 3699 belle
2324 3656 2378 3700 et
2411 3648 2617 3703 urbane
2638 3689 2652 3712 ,
2702 3664 2799 3720 age
2850 3651 3087 3706 fabulam
3123 3654 3345 3709 minime
3373 3657 3626 3711 inseitam

2044 3735 2141 3790 tibi
2170 3736 2440 3808 eliingam,
2472 3747 2530 3793 ut
2569 3743 2823 3811 experiar
2863 3759 2991 3797 num
3039 3744 3141 3799 hac
3189 3747 3378 3800 saltem
3413 3750 3626 3804 ratione

2042 3823 2276 3894 ineptam
2335 3828 2494 3881 istam
2551 3831 2938 3900 loquacitatem
2999 3849 3350 3904 compescere
3402 3853 3622 3907 queam.

2041 3911 2373 3972 llirundines
2410 3921 2682 3988 quondam
2734 3936 2940 3992 cycnos
2993 3926 3206 3980 cavillis
3253 3927 3623 3993 incessebant,

2040 4013 2327 4076 propterea
2355 4009 2500 4078 quod
2537 4013 2792 4067 nec‘eum
2826 4016 3141 4072 hominibus
3170 4020 3626 4075 consuetudinem

2043 4097 2261 4162 habere,
2287 4115 2386 4154 nec
2409 4103 2640 4155 canendi
2671 4114 2842 4159 artem
2872 4107 2925 4159 in
2954 4108 3227 4176 publicum
3252 4109 3493 4178 proferre
3515 4113 3627 4164 vel-

2040 4186 2172 4251 lent,
2193 4188 2285 4240 sed
2311 4189 2456 4242 circa
2488 4199 2641 4259 prata
2668 4193 2846 4246 solum
2868 4201 2922 4246 et
2947 4193 3170 4248 ﬂumina
3191 4198 3356 4250 vitam
3379 4209 3624 4268 agerent,

2035 4293 2100 4331 ac
2130 4280 2474 4334 solitudinem
2503 4283 2980 4351 amplecterentur,
3016 4303 3296 4358 paucaque
3341 4299 3622 4356 canerent,

2037 4387 2158 4440 quae
2183 4387 2311 4426 vero
2333 4384 2613 4436 cauerent,
2641 4376 2695 4429 in
2723 4393 2780 4430 se
2811 4378 2942 4446 ipsis
2965 4390 3224 4435 canerent
3243 4421 3257 4445 ,
3284 4382 3511 4450 perinde
3536 4392 3620 4435 at-

2037 4477 2144 4530 que
2169 4477 2265 4530 eos
2289 4463 2525 4520 musices
2558 4468 2905 4536 suppuderet.
2937 4470 3006 4523 At
3036 4479 3256 4536 nostrae,
3282 4474 3620 4543 inquiebant,

2038 4561 2167 4606 sunt
2189 4554 2370 4617 urbes,
2404 4558 2584 4610 nostri
2616 4560 2864 4614 homines
2889 4570 2945 4616 et
2979 4564 3203 4618 thalami
3238 4585 3250 4620 :
3286 4575 3452 4636 atque
3480 4568 3622 4636 apud

2040 4645 2286 4702 homines
2314 4651 2608 4720 garrimus,
2637 4668 2830 4724 resque
2865 4668 3080 4712 nostras
3107 4659 3242 4728 ipsis
3274 4665 3621 4730 exponimus,

1980 4925 2022 4978 ι)
2047 4920 2076 4972 ὁ
2100 4918 2375 4985 δικαστής.
2412 4917 2517 4972 Pro
2551 4922 2865 4990 κρινόμενος
2903 4925 3182 4992 legendum
3228 4926 3363 4980 forte
3409 4928 3622 4996 κρινοῦ-

2093 5005 2225 5049 ενος.

2253 5055 2400 5145 Δλλιίτιξι
2427 5055 2642 5145 ιλῖίιίν,ζ
2667 5058 2880 5145 Scripta
2908 5063 3114 5145 ποσὶοηλ
3131 5074 3390 5145 "1"."'”"“=

2105 5127 2216 5200 (79)
2252 5127 2552 5200 Περὶ-τῶν
2595 5127 2926 5200 ,ϐρωμάτων
2981 5135 3013 5184 o'
3064 5127 3322 5200 Παῦλος.
3378 5136 3432 5189 In
3491 5139 3613 5192 cod.

2038 5197 2145 5249 τῶν
2175 5197 2344 5276 deest.
2387 5195 2588 5253 Paulus
2620 5201 2685 5276 ad
2717 5199 2991 5276 Romanos
3025 5195 3393 5276 scribeus’sic
3440 5208 3618 5276 loqui-

2029 5275 2118 5320 tur
2147 5282 2252 5329 xw,
2285 5266 2336 5327 '5,
2398 5282 2514 5335 seq.
2575 5287 2586 5321 :
2646 5268 2699 5321 Is
2751 5271 2841 5335 qui
2909 5274 3191 5326 manducet
3246 5291 3346 5327 non
3397 5266 3620 5330 mtm'dn-

2027 5346 2230 5389 cantem
2272 5352 2373 5386 non
2400 5349 2671 5408 spernat,
2699 5349 2746 5391 et
2781 5342 2870 5408 qui
2919 5358 3022 5393 non
3061 5344 3344 5396 manduca!
3378 5347 3616 5399 mandu-

2029 5415 2362 5484 cantemnon
2391 5405 2606 5484 iudicet.
2643 5407 2762 5473 Quo
2793 5405 2936 5484 loco
2964 5413 3188 5484 κρίνειν,
3219 5430 3327 5467 non
3361 5416 3620 5484 simplici-

2030 5485 2113 5556 ter
2135 5475 2382 5556 judicare
2421 5477 2711 5556 signiticet,
2741 5480 2835 5556 sed
2867 5475 3354 5556 etiamaanznarc,
3385 5493 3441 5537 ut
3470 5475 3616 5556 saepe

2032 5548 2088 5621 in
2118 5546 2294 5621 sacris
2319 5542 2543 5599 Litteris
2571 5567 2581 5600 :
2619 5549 2762 5621 hunc
2794 5550 2969 5621 locum
2995 5552 3060 5604 ad
3087 5542 3422 5621 propositum
3451 5542 3612 5609 suu'm

2031 5616 2338 5683 Theologus
2377 5617 2773 5670 accommodat.
2810 5618 2881 5673 Ita
2924 5620 3043 5672 liill.

2105 5686 2217 5760 (till)
2251 5685 2399 5760 {tilias
2439 5684 2723 5760 l.‘Seripta
2758 5689 3242 5760 eodemtempore.

2104 5755 2210 5818 (8|)
2251 5752 2545 5831 ᾋδειξοὲι·
2569 5752 2784 5831 οξριίτιν
2813 5758 3033 5831 αὐτοῖς.
3072 5752 3126 5814 Iit
3178 5764 3373 5831 Seijtsis
3419 5780 3614 5821 cauere

2033 5823 2312 5888 tiiettttttll‘,
2345 5825 2469 5894 quia
2497 5827 2728 5882 unululis
2761 5830 2875 5883 suis
2903 5844 3062 5884 aures
3090 5832 3172 5885 vix
3205 5823 3424 5887 t'eriuut.
