4348 6480
389 438 498 495 937

1731 433 2063 491 EPISTULA
2105 432 2264 489 CXL.

3538 426 3643 485 238

392 556 631 624 νομίζειν
662 556 736 626 μὴ
769 555 1018 627 ἐξαρκεῖν
1057 556 1192 626 πρὸς
1250 556 1346 618 τὰς
1369 555 1619 618 τοιαύτας
1654 557 1958 626 φροντῖδας.
1992 565 2034 617 Α
2065 564 2109 607 ta

1926 574 1958 617 ;.
1992 565 2034 617 Α
2065 562 2177 608 tate
2211 560 2593 621 consumptus,
2630 558 2683 605 et
2726 548 2868 619 quod
2910 548 3131 619 quidem
3174 544 3447 615 ejusmodi
3492 548 3643 603 curis

408 647 623 717 Ἐπειδὴ
673 649 765 700 καὶ
794 649 950 717 ὑμεῖς
1001 648 1268 719 ὲϐαρεῖτε,
1302 647 1401 717 τὴν
1444 647 1790 717 ἀναχώρησιν
1830 650 1965 699 ὀνει-

395 735 648 798 δίζοντες,
674 737 766 789 καὶ
788 737 948 800 αὐτὸς
971 739 1068 789 οὐκ
1102 738 1294 808 ἔφερον
1322 738 1421 799 τὰς
1452 738 1603 807 παρὰ
1628 738 1845 789 πάντων
1878 755 1965 807 μοι

397 827 687 895 γινομένας
722 813 1104 899 καταϐοήσεις,
1135 829 1165 881 ὅ
1195 844 1253 881 τε
1301 828 1490 898 καιρὸς
1522 828 1775 897 χαλεπὸς,
1805 830 1964 881 ἀπειο

394 917 503 969 λῶν
524 920 653 988 ἡμῖν
706 919 915 989 ἐχθρῶν
956 920 1143 987 ἔφοδον
1186 920 1278 971 ἐπὶ
1308 918 1479 991 βλάϐῃ
1508 918 1600 971 τοῦ
1638 918 1817 971 κοινοῦ
1852 919 1965 987 (54)

394 1008 577 1078 πάσης
608 1012 706 1078 τῆς
766 1008 1117 1078 Ἐκκλησίας·
1172 1008 1324 1071 τέλος
1366 1010 1608 1080 ἡττήθην
1653 1003 1822 1079 ἧτταν
1856 1008 1968 1077 (55)

393 1097 475 1167 τῷ
504 1098 716 1168 σώματι
759 1099 858 1168 μὲν
879 1100 1169 1172 ὀδυνηρὰν,
1204 1103 1271 1171 τῇ
1297 1102 1353 1153 δὲ
1377 1102 1522 1171 ψυχῇ
1558 1103 1685 1164 ἴσως
1720 1102 1779 1153 οὐ
1803 1118 1968 1169 πονη-

398 1190 518 1260 ραν.
558 1190 871 1258 Ἐπιδίδωμι
901 1191 962 1243 τὸ
985 1193 1239 1245 ταπεινὸν
1266 1195 1424 1245 τοῦτο
1462 1194 1618 1263 σῶμα
1645 1192 1973 1273 1:113):qu-

397 1281 511 1348 σία,
568 1281 759 1350 μέχρις
806 1281 871 1334 ἂν
1004 1283 1224 1335 δυνατὸν
1266 1283 1398 1354 ('56),
1442 1283 1801 1354 αἱρετώτερον
1834 1278 1971 1334 εἶναι

396 1371 633 1439 νομίζων
658 1371 837 1424 ὁτιοῦν
877 1373 1068 1425 παθεῖν
1103 1374 1376 1444 σαρκικῶς
1412 1372 1632 1442 μᾶλλον,
1669 1372 1703 1441 ἢ
1729 1390 1969 1441 πνευμα-

396 1461 563 1524 τικῶς
598 1462 934 1533 πλήσσεσθαι
986 1465 1099 1534 (57)
1138 1464 1233 1518 καὶ
1260 1464 1520 1533 πλήσσειν
1558 1463 1685 1525 τοὺς
1713 1462 1967 1526 πολλοὺς,

398 1554 467 1605 τά
514 1553 682 1624 χείρω
712 1555 841 1624 περὶ
877 1555 1036 1625 ἡμῶν
1059 1555 1445 1627 ὑπειληφότας,
1483 1554 1539 1620 ἐξ
1578 1548 1653 1605 ὧν
1682 1554 1834 1605 αὐτοὶ
1864 1553 1969 1605 πά-

400 1660 609 1713 σχουσι.
651 1643 816 1697 Ταῦτ’
849 1641 942 1698 οῦν
978 1644 1129 1707 εἰδὼς
1159 1647 1249 1698 καί
1286 1645 1570 1713 συνεύχου,
1600 1644 1692 1696 καὶ
1716 1643 1813 1712 τὴν
1834 1642 1972 1710 γνώο

402 1752 511 1804 μην
554 1736 712 1805 ἡμῶν
772 1736 1065 1806 ἀποδέχου·
1106 1737 1167 1789 οὐ
1211 1740 1390 1808 χεῖρον
1429 1736 1472 1789 δ’
1498 1735 1627 1797 ἴσως
1657 1735 1851 1797 εἰπεῖν,
1880 1734 1976 1786 καὶ

396 1827 570 1880 τυποῦ
604 1828 738 1899 πρὸς
768 1830 1053 1882 εὐλάϐειαν
1086 1828 1214 1899 (58).

853 2020 983 2075 ιιιιν.
1026 2021 1339 2093 onmno
1376 2022 1490 2093 (39)

2074 644 2334 713 imparem
2396 658 2481 695 me
2537 640 2931 695 existimarem.
2993 640 3264 704 Quoniam
3323 653 3422 692 vos
3476 638 3642 691 etiam

2072 736 2205 789 mihi
2263 748 2457 803 graves
2511 734 2698 795 eratis,
2765 746 3045 786 recessum
3102 730 3532 800 exprobrantes,
3589 738 3645 783 et

2074 828 2190 895 ipse
2242 822 2662 878 vociferationes
2703 824 2770 876 ab
2814 822 3077 876 omnibus
3123 822 3255 874 mihi
3311 820 3486 876 factas
3535 833 3643 874 non

2075 917 2340 981 ferebam,
2397 931 2463 969 ac
2512 916 2737 969 difficile
2783 924 3000 985 tempus
3050 914 3289 967 hostium
3348 914 3643 967 adventum

2074 1009 2338 1061 minitans
2368 1007 2434 1059 ad
2467 1004 2725 1058 Ecclesia!
2756 1006 2925 1058 totius
2963 1020 3075 1057 rem
3104 1018 3449 1056 communem
3495 1003 3645 1055 labe-

2076 1098 2388 1150 factandam
2445 1114 2457 1149 :
2506 1094 2725 1147 tandem
2772 1094 2946 1145 victus
3003 1106 3124 1146 sum
3176 1089 3367 1160 praalio
3412 1089 3645 1142 molesto

2075 1188 2293 1257 quidem
2324 1188 2565 1255 corpori,
2608 1184 2703 1239 sed
2737 1184 2932 1236 anima:
2978 1180 3163 1235 forsan
3206 1195 3315 1233 non
3355 1178 3641 1232 damnoso.

2076 1278 2329 1332 lloncedo
2383 1277 2487 1329 hoc
2533 1276 2801 1343 abjectum
2869 1287 3073 1341 corpus
3134 1269 3413 1333 Ecclesiae,
3464 1268 3647 1339 quoad

2076 1368 2318 1427 licuerit,
2364 1366 2660 1435 optabilius
2707 1366 2861 1434 117
2905 1378 3028 1419 esse
3064 1363 3271 1415 ducens
3304 1361 3511 1430 perpeti
3549 1375 3648 1430 po-

2080 1458 2185 1510 tius
2217 1456 2484 1524 quidlibet
2512 1456 2566 1508 in
2602 1469 2789 1516 carne,
2820 1470 2983 1523 quam
3008 1451 3331 1521 spiritaliter
3364 1447 3563 1503 oerndi
3593 1457 3649 1501 et

2080 1548 2263 1600 Illltllis
2294 1562 2418 1601 esse
2450 1545 2761 1609 offensioni,
2809 1545 2903 1613 qui
2943 1544 3182 1612 pejorem
3227 1540 3296 1594 de
3342 1539 3501 1593 nobis
3530 1537 3651 1606 opi-

2080 1640 2295 1692 nionem
2330 1639 2661 1700 babuerunt,
2698 1652 2761 1689 es
2797 1635 2863 1689 iis
2904 1650 3024 1703 qua:
3060 1634 3160 1703 ipsi
3189 1633 3491 1702 patiuntur.
3524 1627 3649 1682 llaec

2078 1747 2202 1782 rum
2259 1730 2358 1784 tibi
2402 1731 2621 1799 cognita
2666 1730 2800 1793 sint,
2831 1728 2993 1781 etiam
3034 1741 3224 1795 preces
3266 1725 3560 1793 conjunge,
3595 1728 3651 1774 et

2078 1820 2369 1873 consilium
2418 1832 2669 1875 nostrum
2723 1819 3015 1890 approba;
3058 1832 3159 1871 nec
3208 1815 3368 1885 pejus
3420 1813 3650 1867 forsitan

2078 1914 2184 1966 erit
2208 1912 2411 1977 dicere,
2442 1920 2497 1967 et
2528 1911 2593 1965 ad
2627 1911 2883 1979 pietatem
2918 1908 3175 1963 informa.

2596 2020 2755 2075 CXL.
2796 2017 3119 2073 OLYMPIO.

479 2133 680 2204 Prtcter
712 2132 885 2184 varias
911 2132 982 2204 ad
1013 2132 1317 2202 Olympium
1345 2134 1623 2202 epistolas.
1647 2150 1779 2204 quas
1808 2136 1941 2197 suis,
1969 2144 2026 2186 ut
2059 2134 2348 2204 potuimus,
2384 2132 2512 2204 locis
2540 2130 2928 2204 assignaoimus
2953 2168 2969 2191 ,
3002 2139 3282 2204 supersunt
3310 2146 3414 2183 non
3441 2145 3646 2204 paucas

402 2219 533 2278 quas
565 2202 669 2278 _Itoc
715 2218 854 2278 anno
886 2199 1101 2278 quidem
1143 2199 1399 2278 scriptas}
1431 2199 1761 2278 prtefecturm
1802 2206 1875 2259 rel
1916 2199 2131 2278 mentio.
2165 2202 2605 2278 relusiguiﬁcatio
2636 2200 2823 2253 saltent
2853 2202 3058 2278 aliqua,
3083 2199 3329 2278 dubitare
3361 2216 3464 2252 non
3498 2200 3649 2278 sinit.

407 2268 520 2325 llas
557 2274 731 2341 itaque
776 2272 859 2323 hic
898 2274 1217 2325 collocamus
1249 2268 1268 2334 ξ
1316 2268 1557 2326 admistis
1582 2284 1755 2327 tamen
1804 2276 2071 2327 nonnullis
2107 2273 2175 2325 ad
2208 2268 2351 2325 alios
2372 2268 2550 2331 datis,
2598 2286 2715 2338 qua:
2753 2285 2871 2321 cum
2905 2268 3140 2335 ejusdem
3183 2270 3286 2341 sint
3313 2270 3645 2341 argumenti,

397 2338 872 2411 ejusdem'quoque
906 2344 1151 2405 temporis
1190 2342 1460 2395 censenda:
1487 2355 1631 2396 sunt.
1674 2347 1764 2398 Sic
1786 2346 1946 2411 juxta
1981 2361 2033 2397 se
2065 2345 2280 2395 invicem
2318 2343 2504 2409 posita:
2543 2342 2641 2393 sibi
2685 2353 2867 2411 mutuo
2914 2344 3088 2411 lumen
3137 2339 3429 2405 aﬂuudent.
3474 2338 3648 2411 Datus

399 2408 471 2462 (id
518 2408 1071 2483 Olympiumulitteras
1124 2429 1217 2480 per
1254 2413 1531 2465 Aurelium
1587 2408 1862 2483 perfugam
1934 2408 2334 2483 prtrmittendas
2385 2411 2736 2483 arbitramur.
2786 2408 2885 2461 llis
2941 2408 3411 2483 0iympio,__quem_
3446 2408 3650 2477 magnis

397 2479 637 2533 cumulat
694 2479 982 2543 laudibus,
1029 2479 1304 2535 Aurelium
1359 2484 1691 2536 commendat
1720 2479 1757 2545 ,“
1791 2501 1882 2537 nec
1934 2479 2036 2551 ipsi
2086 2486 2260 2536 solum
2296 2520 2311 2538 .
2364 2482 2451 2533 sed
2504 2479 2621 2551 eius
2648 2480 2827 2551 etiam
2894 2480 3035 2551 socio
3087 2488 3135 2551 et
3178 2479 3431 2546 udjutori,
3500 2494 3653 2547 quem

402 2554 667 2622 Asterium
688 2567 809 2622 esse
837 2551 1107 2622 esistimat
1146 2551 1541 2615 Tillemontius,
1568 2569 1658 2606 nec
1684 2544 1985 2615 immerito;
2020 2555 2205 2622 quippe
2238 2567 2387 2621 quem
2413 2558 2461 2603 et
2495 2549 2684 2601 litteris
2711 2550 2890 2601 eadem
2913 2547 2976 2601 de
3004 2563 3059 2601 re
3081 2544 3359 2617 Gregorius
3393 2556 3441 2600 et
3471 2544 3655 2615 poten-

404 2621 481 2672 tia
517 2637 635 2673 cum
668 2620 914 2689 Olympio
943 2624 1235 2676 consociat.

472 2733 641 2787 Πάλιν
670 2733 884 2804 γράφω,
919 2737 1173 2804 παρεῖναι
1201 2735 1350 2788 δέον·
1389 2735 1523 2789 ἀλλά
1557 2736 1709 2807 παρὰ
1742 2738 1835 2789 σοῦ
1884 2752 1973 2806 μοι
2007 2752 2047 2806 B
2148 2735 2189 2788 Β

1937 2752 1973 2788 >ι
2007 2752 2047 2806 [3
2148 2735 2361 2789 Rursus
2402 2735 2608 2797 scribo,
2660 2750 2783 2788 cum
2828 2734 3020 2787 adesse
3051 2739 3333 2803 oporteat;
3378 2732 3473 2786 sed
3519 2732 3654 2788 mihi

398 2826 463 2878 τὸ
496 2826 717 2895 θάρσος,
751 2817 797 2875 ὦ
824 2825 919 2876 καὶ
959 2824 1067 2877 τῶν
1114 2826 1501 2896 πνευματικῶν
1551 2826 1823 2898 βραϐευτὰ
1862 2827 1973 2896 (40)

402 2918 514 2984 (ἵνα
549 2916 762 2988 πρῶτον
781 2918 918 2970 εἴπω
949 2918 1011 2970 τὸ
1034 2919 1292 2988 πρῶτον),
1320 2921 1413 2972 κα)⁵
1442 2919 1549 2972 τῶν
1581 2921 1773 2973 κοινῶν
1811 2922 1977 2974 ἐπαν-

397 3008 634 3078 ορθωτὰ,
673 3009 768 3060 καὶ
799 3009 983 3061 θεόθεν
1011 3009 1080 3062 τὰ
1120 3010 1403 3080 ἀμφότερα
1432 3010 1581 3080 (41)·
1608 3014 1638 3065 ὁ
1665 3013 1758 3065 καὶ
1786 3012 1979 3082 μισθὸν

401 3096 687 3161 εὐσεϐείας
732 3096 932 3160 λαϐὼν,
962 3098 1023 3150 τὸ
1051 3098 1193 3151 κατὰ
1240 3100 1364 3152 νοῦν
1395 3102 1595 3170 χωρεῖν
1635 3118 1715 3153 σοι
1743 3102 1811 3152 τὰ
1846 3101 1981 3171 πρά·

402 3205 612 3258 γματα,
648 3188 741 3239 καὶ
788 3189 935 3257 μόνῳ
963 3188 1251 3257 τυγχάνειν
1284 3189 1485 3253 ἁλωτά,
1515 3189 1583 3242 τά
1630 3193 1704 3262 μὴ
1742 3195 1853 3254 τοῖς
1883 3191 1979 3245 ἄλ-

402 3277 515 3341 λοις
545 3276 817 3346 ἁλώσιμα.
852 3278 1073 3339 Σύνεσις
1101 3278 1208 3348 γάρ
1258 3296 1340 3331 σοι
1370 3280 1464 3333 καὶ
1496 3280 1716 3351 ἀνδρεία
1747 3280 1844 3351 τὴν
1878 3282 1977 3353 ἀρ-

403 3369 506 3438 χὴν
547 3368 788 3435 ἄγουσιν,
830 3370 864 3435 ὴ
910 3368 1009 3438 μὲν
1042 3369 1369 3436 εὑρίσκουσα
1408 3369 1470 3421 τὸ
1514 3370 1805 3439 πρακτέον,
1836 3372 1869 3439 ή
1923 3370 1979 3421 δὲ

405 3458 605 3530 ῥᾳδίως
653 3458 973 3511 ἐπιτελοῦσα
999 3459 1059 3511 τὸ
1096 3460 1337 3529 εὑρεθέν.
1380 3460 1489 3511 Καὶ
1529 3461 1592 3512 τὸ
1620 3459 1895 3529 μέγιστον,
1947 3461 1980 3529 ἡ

403 3550 505 3618 τῆς
531 3549 711 3619 χειρὸς
741 3548 1073 3620 καθαρότης,
1118 3544 1356 3621 ᾖπάντα
1394 3550 1699 3603 εὐθύνεται.
1756 3550 1865 3604 Ποῦ
1900 3568 1981 3602 σοι

406 3640 607 3709 χρυσὸς
636 3642 665 3693 δ
692 3639 908 3705 tam;
939 3640 1047 3693 οὐδ’
1095 3641 1330 3709 ἐγένετο,
1374 3642 1587 3711 πρῶτον
1623 3642 1836 3712 ἐξορὶαν
1879 3660 1979 3695 κα-

405 3732 686 3801 τακριοεὶς
727 3732 862 3801 (42),
913 3732 990 3794 ὡς
1049 3733 1260 3802 ἀφανὴς
1303 3732 1582 3801 τύραννος.
1629 3732 1737 3784 Ποῦ
1786 3732 1843 3784 δὲ
1879 3734 1983 3784 ἅπ-

407 3822 631 3891 ἐχθεια;
683 3822 1098 3893 κατακέκριται.
1158 3820 1269 3875 Ποῦ
1317 3822 1375 3874 δὲ
1411 3823 1599 3892 χάρις;
1650 3821 1885 3874 ἐνταῦθά
1930 3838 1982 3873 τι

406 3914 564 3983 κλίνῃ
602 3918 987 3986 (κατηγορήσω
1020 3916 1129 3987 γάρ
1164 3933 1256 3968 σου
1300 3916 1535 3987 μικρὸν),
1568 3915 1704 3967 ἀλλὰ
1732 3915 1866 3967 Θεοῦ
1898 3934 1985 3983 φι-

407 4002 750 4073 λανθρωπίαν
785 4005 1140 4073 μιμούμενος,
1174 4007 1239 4076 ῆν
1282 4008 1374 4057 καὶ
1420 4005 1513 4057 νῦν
1546 4007 1688 4057 altat
1726 4006 1793 4057 δι’
1828 4005 1983 4075 ἡμῶν

2080 2842 2110 2879 a
2142 2837 2193 2881 te
2224 2827 2419 2880 fiducia
2452 2827 2565 2881 lucc
2594 2827 2856 2889 nascitur,
2904 2841 2938 2877 ο
2966 2832 3018 2879 et
3056 2823 3418 2893 spiritualium
3452 2824 3656 2879 arbiter

2080 2919 2164 2986 (ut
2198 2917 2377 2987 primo
2402 2917 2542 2982 loco,
2576 2915 2721 2986 quod
2748 2916 2981 2985 primum
3010 2924 3117 2977 est,
3146 2914 3367 2983 dicam),
3398 2924 3451 2967 et
3479 2914 3656 2983 publi-

2081 3025 2269 3063 carum
2300 3026 2481 3064 rerum
2515 3017 2816 3074 corrector,
2848 3016 3012 3077 atque
3039 3016 3331 3076 utrumque
3355 3007 3653 3073 divinitus;

2082 3103 2173 3168 qui
2220 3103 2383 3155 etiam
2436 3102 2537 3154 hoc
2573 3100 2788 3169 pietatis
2819 3100 3099 3168 praemium
3152 3099 3431 3167 accepisti,
3478 3107 3538 3150 ιιι
3569 3113 3656 3151 res

2083 3193 2179 3245 tibi
2209 3208 2273 3246 ex
2318 3192 2482 3245 animi
2514 3191 2781 3245 sententia
2823 3191 3012 3252 fluant,
3050 3192 3393 3258 solusqueea
3432 3188 3653 3259 assequi

2082 3285 2282 3353 possis,
2327 3300 2449 3353 ιιιιιιξ
2485 3284 2739 3337 erunibus
2771 3283 2894 3337 aliis
2940 3289 3132 3351 negata
3168 3291 3313 3337 sunt.
3354 3280 3659 3336 Prudentis

2079 3374 2226 3426 enim
2287 3382 2339 3427 et
2377 3372 2713 3428 fortitudinis
2744 3370 2912 3424 ductu
2967 3379 3131 3439 atque
3173 3370 3431 3440 auspiciis
3487 3370 3657 3440 impe-

2082 3466 2225 3518 rium
2275 3464 2664 3531 administras;
2712 3476 2944 3531 quarum
2998 3462 3192 3527 altera,
3236 3476 3358 3530 quae
3406 3460 3656 3515 facienda

2083 3570 2231 3622 sunt,
2271 3559 2581 3627 excogitat;
2632 3559 2826 3621 altera,
2869 3557 3013 3627 quod
3060 3566 3145 3611 est
3174 3556 3540 3626 excogitatum
3579 3556 3660 3609 fa-

2084 3653 2190 3705 cile
2225 3651 2569 3720 exseqnitur.
2616 3650 2752 3712 lluc,
2791 3649 2936 3718 quod
2968 3649 3266 3703 maximum
3303 3657 3407 3710 est,
3450 3649 3661 3703 accedit

2084 3756 2279 3795 manus
2308 3741 2517 3808 purilas
2564 3748 2619 3792 et
2662 3739 2965 3809 integritas,
2998 3754 3105 3808 qua
3152 3740 3335 3792 omnia
3370 3748 3658 3809 reguntur.

2088 3830 2316 3884 Ubinam
2350 3831 2447 3885 tibi
2473 3848 2667 3884 aurum
2694 3831 2896 3899 injuste
2935 3831 3263 3885 collectum?
3303 3847 3370 3885 ne
3398 3833 3498 3884 fuit
3534 3833 3662 3901 qui-

2086 3922 2207 3974 dem
2241 3937 2502 3990 unquam,
2535 3930 2720 3989 utpote
2749 3928 2875 3974 ante
2907 3922 3089 3973 omnia
3119 3923 3504 3991 proscriptum,
3536 3933 3660 3977 tan-

2085 4028 2251 4081 quam
2282 4020 2459 4066 tectus
2492 4020 2545 4066 et
2575 4013 2847 4065 obscurus
2874 4019 3162 4080 tyrannus.
3198 4009 3299 4064 Ubi
3330 4012 3661 4068 inimicitia?

408 4094 675 4163 Αὐρήλιος
715 4094 824 4162 (45)
858 4097 886 4147 ό
918 4096 1009 4158 σὸς
1044 4095 1400 4165 στρατιώτης,
1435 4095 1493 4147 ὃν
1528 4097 1734 4165 ἄφρονα
1768 4096 1979 4163 φυγάδα
2011 4088 2053 4145 C
2090 4104 2120 4155 d

1944 4112 1979 4147 α
2011 4088 2053 4145 C
2090 4104 2345 4156 damnata
2378 4111 2483 4157 est.
2530 4102 2631 4156 Ubi
2666 4103 2855 4155 favor?
2886 4102 2973 4154 hic
3002 4101 3250 4154 nonnihil
3281 4102 3433 4156 Isbas
3476 4111 3531 4157 et
3565 4103 3661 4159 Ile-

409 4184 581 4247 καλῶ,
632 4187 725 4239 καὶ
769 4186 952 4256 ἱκέτην
997 4187 1271 4257 σώφρονα,
1316 4189 1396 4240 ὅτι.
1425 4186 1530 4240 ὑπὸ
1570 4188 1669 4249 τὰς
1712 4186 1982 4255 ἡμετέρας

411 4274 601 4326 ἑαυτὸν
648 4275 857 4328 τέθεικε
905 4276 1014 4344 (Η)
1049 4280 1253 4347 χεῖρας,
1290 4278 1382 4328 κα)¹
1428 4276 1514 4328 διὰ
1556 4276 1665 4327 τῶν
1699 4276 1982 4345 ἡμετέρων

407 4366 509 4427 τὰς
548 4367 668 4430 σὰς,
698 4368 887 4437 ὥσπερ
930 4369 1051 4422 τινὰ
1087 4368 1269 4421 εἰκόνα
1306 4368 1606 4437 βασιλικὴν,
1650 4367 1749 4436 τὴν
1794 4366 1983 4418 πολιὰν

410 4456 568 4525 ἡμῶν
617 4458 1046 4528 προϐαλλόμενος
1080 4458 1217 4528 (45),
1267 4459 1360 4510 καὶ
1407 4458 1504 4527 τὴν
1550 4458 1865 4528 ἱερωσύνην,
1917 4456 1984 4524 ἦν

484 4616 598 4681 (54)
635 4616 765 4669 Ἐπὶ
795 4616 998 4682 ,ϐλάϐῃ
1040 4616 1145 4670 τοῦ
1172 4617 1395 4669 κοινοῦ.
1425 4613 1610 4669 Morel.
1636 4614 1701 4667 In
1730 4615 1983 4669 damnum

411 4684 677 4752 publicum
708 4688 869 4737 totius
905 4684 1174 4752 Ecclesitr.

486 4754 597 4821 (55)
637 4754 930 4818 ἰιττήθην
982 4750 1189 4821 ἧτταν.
1228 4764 1334 4807 etc.
1391 4752 1578 4805 Morel.
1642 4753 1819 4806 Victus
1866 4771 1980 4805 sum

412 4822 563 4875 clade
591 4824 797 4888 corpori
822 4822 1030 4892 quidem
1066 4824 1354 4883 laboriosa,
1395 4825 1571 4874 animo
1602 4840 1719 4877 vero
1758 4825 1984 4889 fortasse

412 4908 515 4942 non
535 4894 811 4945 damnosa.
846 4892 1092 4946 Combef'.
1120 4900 1299 4945 autem
1327 4910 1362 4962 :A
1384 4892 1563 4945 Victus
1597 4909 1713 4946 sum
1748 4894 1862 4960 ejus
1898 4911 1984 4962 ge-

415 4962 553 5013 neris
602 4963 818 5014 rictoria
844 4978 960 5028 qua:
1005 4962 1211 5027 corpori
1239 4960 1446 5028 quidem
1491 4962 1725 5015 dolorem
1769 4960 1980 5030 a/ferat,

414 5041 471 5082 at
499 5047 617 5097 qua:
645 5033 823 5084 animo
854 5032 1038 5097 forsan
1056 5030 1311 5082 damnosa
1339 5048 1440 5082 non
1470 5032 1714 5084 exsistat.

486 5094 600 5166 (36)
636 5094 864 5166 Μέχρι(
887 5098 964 5151 ἂν
994 5094 1032 5168 ᾖ
1055 5100 1334 5152 δυνατόν.
1366 5099 1551 5151 Morel.
1588 5101 1797 5169 quando
1826 5102 1983 5167 fuerit

414 5168 671 5221 validum.
699 5168 1093 5222 Animadvertit
1139 5184 1270 5239 sane
1311 5169 1395 5239 vir
1423 5169 1617 5223 doctus
1648 5172 1790 5238 quod
1824 5174 1983 5239 paulo

415 5246 543 5289 ante
579 5252 780 5305 corpus
810 5239 996 5290 morbo
1022 5238 1329 5291 confectum
1365 5238 1662 5305 Gregorius
1703 5251 1980 5300 causetur,

415 5306 505 5358 cui
542 5321 674 5360 cura
704 5306 1033 5375 episcopalis
1060 5307 1261 5359 damno
1293 5308 1473 5359 futura
1522 5308 1591 5360 sit
1619 5318 1671 5361 et
1702 5310 1981 5371 acerbior;

418 5375 681 5445 ideoque,
717 5386 775 5428 ut
816 5384 923 5429 stet
970 5390 1165 5430 sensus
1194 5392 1355 5445 quem
1408 5378 1697 5445 excogitat,
1736 5378 1983 5430 emata»-

416 5461 516 5513 μαι
558 5444 734 5498 reddit
772 5446 1071 5497 concedam.

489 5514 599 5581 (57)
623 5513 1032 5582 ιινευματικῶς
1056 5516 1464 5581 πλήσσεσθαι,
1480 5524 1588 5569 etc.
1605 5514 1851 5569 Combef.
1878 5532 1992 5567 ver-

417 5581 629 5636 sionem
658 5581 958 5652 sequimur.
994 5583 1179 5639 Mouel.
1208 5586 1408 5651 Spiritu
1436 5586 1667 5650 percelli,
1705 5595 1753 5637 et
1795 5586 1987 5638 multos

414 5654 714 5719 percellere.
743 5661 852 5706 etc.

489 5720 601 5789 (38)
640 5722 836 5775 Τυποῦ
881 5723 1031 5789 πρὸς
1091 5724 1426 5777 δι’-.ἱιὶϐειαεο.
1481 5722 1667 5777 Morel.
1718 5722 1984 5777 Formrris

411 5791 573 5844 (tiam
604 5792 671 5841 ad
711 5796 1104 5845 rrucrutioncm.

2092 4195 2258 4247 cteris
2314 4196 2556 4263 (paulum
2603 4194 2749 4249 enim
2808 4202 2860 4247 te
2918 4193 3255 4260 accusabo);
3318 4209 3504 4247 verum
3565 4193 3661 4249 Dei

2092 4287 2479 4354 benignitatem
2511 4285 2749 4346 imitans,
2781 4299 2944 4353 quam
2984 4299 3129 4336 nunc
3175 4298 3396 4352 quoque
3432 4300 3527 4352 per
3558 4300 3660 4340 nos

2091 4377 2223 4445 petit
2268 4384 2429 4445 atque
2477 4376 2730 4443 implorat
2775 4375 3055 4437 Aurelius,
3100 4374 3257 4427 miles
3304 4382 3455 4435 tuus,
3498 4391 3659 4443 quem

2090 4468 2395 4520 dementem
2424 4465 2643 4535 quidem
2676 4465 2957 4534 perfugam
2988 4478 3143 4527 voco,
3197 4463 3517 4532 prudentem
3564 4481 3661 4518 au-

2162 4619 2274 4684 (39)
2314 4618 2463 4671 Alias
2488 4617 2765 4671 LXXVIII.
2810 4618 3025 4687 Scripta
3060 4625 3248 4671 testate
3279 4617 3405 4687 anni
3432 4617 3557 4687 582.
3591 4647 3662 4657 -

2103 4688 2422 4752 Ὀλυμπίῳ.
2452 4688 2587 4739 Cod.
2616 4688 2746 4756 Ileg.
2782 4688 2826 4739 Β
2873 4686 3105 4741 Montac.
3134 4696 3187 4739 et
3212 4686 3483 4751 Combef.,
3518 4687 3662 4738 Ἀλυ-

2092 4758 2217 4825 πίῳ.
2258 4757 2440 4808 Morel.
2488 4758 2724 4824 Ἀλυπίῳ
2753 4759 2833 4810 vel
2866 4756 3165 4825 Παλλαδίῳ.

2162 4822 2275 4891 (40)
2301 4822 2724 4892 Πνεινματικῶν
2741 4827 3064 4892 ,Βραίλειντὼ
3087 4822 3161 4877 lta
3188 4824 3309 4877 cod.
3334 4822 3469 4892 Reg.
3505 4823 3571 4878 ll.
3597 4839 3660 4876 ac

2093 4894 2276 4948 Morel.
2330 4911 2543 4963 unaque
2589 4896 2701 4948 haec
2733 4911 2856 4949 vera
2904 4897 3085 4957 lectio,
3118 4900 3191 4947 ait
3242 4894 3364 4946 Bill.
3409 4894 3468 4946 In
3526 4893 3656 4947 edit.

2092 4965 2504 5032 πραγματικῶν.

2162 5034 2272 5103 (il)
2310 5034 2383 5087 Τὰ
2407 5035 2733 5103 ἀμφότερα.
2768 5032 2822 5085 In
2864 5032 2984 5085 cod.
3016 5033 3085 5084 τά
3114 5032 3287 5085 deest.

2161 5100 2271 5167 (ω)
2303 5100 2542 5169 Πρῶτοι·
2592 5105 2829 5169 ἑξφίαν
2873 5103 3263 5169 κατακριθείς,
3308 5101 3452 5168 prius
3472 5100 3659 5153 exsilia

2090 5172 2421 5240 damnatum.
2455 5174 2530 5225 Ita
2563 5176 2685 5226 cod.
2714 5172 2874 5225 2022.
2913 5173 2978 5223 At
3006 5171 3134 5240 Reg.
3177 5170 3389 5240 πρῶτος
3419 5170 3654 5240 ὲξορξαν-

2094 5239 2147 5291 ln
2172 5240 2304 5295 edit.
2343 5242 2671 5309 quibusdam
2718 5243 2871 5294 deest
2905 5239 3146 5309 πρῶτος,
3198 5239 3259 5309 in
3295 5240 3415 5291 aliis
3448 5239 3658 5306 πρῶτον

2091 5310 2214 5373 ἔξω,
2247 5308 2391 5377 quod
2425 5310 2544 5363 Bill.
2585 5313 2733 5377 prius
2767 5312 3075 5361 damnatum
3120 5317 3169 5361 et
3215 5308 3454 5377 ejectum.
3494 5310 3659 5359 (ᾇυιιι⁴

2096 5380 2200 5432 bef.
2236 5376 2451 5449 πρῶτον
2480 5376 2603 5444 ἔξω,
2626 5382 2931 5448 vertitque:
2970 5377 3051 5432 Ne
3072 5378 3175 5446 fuit
3198 5376 3403 5449 quidem
3427 5391 3656 5440 unquam

2023 5443 2064 5496 D
2093 5443 2301 5515 parturn
2333 5460 2485 5499 extra
2517 5443 2664 5515 prius
2694 5443 3002 5500 damnatum
3037 5443 3090 5501 in
3128 5443 3241 5515 ipsa
3281 5446 3400 5513 ejus
3438 5456 3653 5506 natura,

2095 5519 2248 5584 quasi
2285 5527 2537 5586 tyrannus
2569 5528 2733 5571 tectus
2769 5520 3008 5584 omnique
3039 5518 3087 5569 ei
3122 5527 3303 5585 negato
3342 5515 3511 5566 aditu.

2166 5586 2277 5657 (όό)
2303 5586 2617 5657 Αὐρήλιος.
2647 5588 2778 5640 Cod.
2810 5587 3092 5657 Aoqutov.

2165 5650 2277 5723 (ιιι)
2326 5650 2845 5709 abem-two“.
2887 5650 2959 5707 ita
2984 5655 3104 5708 cod.
3140 5661 3196 5707 et
3226 5651 3357 5722 Reg.
3398 5650 3539 5703 Etlil.
3566 5650 3651 5723 τέ-

2096 5722 2446 5793 θηκεζρίιιιιι)
2468 5726 2628 5785 infra,
2652 5742 2750 5793 pro
2773 5728 2869 5787 τὰς
2900 5726 3015 5787 σάς,
3052 5723 3336 5793 ἰιά.νςοιΙιΙ.
3368 5723 3484 5793 ταῖς
3513 5722 3657 5793 σαῖς.

2169 5792 2279 5861 (to)
2310 5789 2816 5865 [tractetldp'syog
2856 5795 2927 5848 Ita
2961 5795 3061 5848 rod
3119 5792 3350 5847 Montac.
3378 5789 3561 5845 Morel.
3607 5798 3661 5841 et
