4348 6480
390 411 488 469 ΞΜ

1740 415 2069 473 EPISTOLA
2112 422 2199 476 CX
2211 420 2292 475 LI.

3542 426 3648 486 242

390 524 548 590 λάξαι
581 525 677 595 τὴν
704 521 886 580 οὖσαν.
936 529 1029 600 Μὴ
1058 530 1268 602 ἀνάσχῃ
1313 530 1475 601 μέχρι
1514 534 1612 603 τῆς
1662 534 1761 604 σῆς
1788 536 1961 605 ἀρχῆς
1991 544 2034 597 Α
2066 553 2107 591 e:

1925 553 1961 605 ις
1991 544 2034 597 Α
2066 552 2187 591 eam
2215 537 2497 607 quidpiam
2524 538 2794 601 addendo,
2829 540 2911 593 vel
2953 540 3221 612 integram
3246 540 3642 595 conservando.

390 611 529 668 εἶναι
562 616 735 679 πόλιν,
768 619 861 670 καὶ
894 614 1034 687 μετά
1074 620 1133 673 σὲ
1174 622 1366 690 μηκέτ’
1395 618 1568 675 εἶναι’
1626 624 1761 695 μηδὲ
1789 625 1968 680 δοῦναι

391 707 630 778 πονηρὸν
666 707 777 777 (58)
812 707 889 777 τῷ
927 710 1105 780 χρόνῳ
1158 708 1424 781 διήγημα,
1476 711 1660 765 λαϐεῖν
1704 713 1971 784 ἀριθμου⁴

396 797 566 867 μένην
620 799 679 849 ὲν
725 798 963 861 πόλεσιν,
1001 802 1094 854 καὶ
1126 802 1445 856 καταλιπεῖν
1489 805 1687 873 χωρίον
1717 805 1970 876 ἀοίκητον

388 887 488 957 τὴν
548 888 678 940 ποτὲ
733 888 889 940 πόλιν
952 889 1125 960 δρεσι,
1177 892 1272 943 καὶ
1334 895 1631 963 κρημνοῖς,
1678 895 1769 946 καὶ¹
1821 894 1971 957 ὖλαις

391 976 581 1045 μόναις
605 976 717 1045 (59)
739 976 1165 1048 γνωριζομένην.
1206 978 1389 1031 Ταῦτα
1418 980 1517 1049 μὲν
1541 981 1761 1034 ποιείτω
1784 983 1876 1035 καὶ
1891 982 1971 1036 λε·

388 1064 535 1132 γὲτω
566 1066 705 1135 πρὸς
730 1066 832 1136 τὴν
860 1066 959 1136 σὴν
989 1066 1103 1136 (60)
1115 1067 1575 1140 φιλανθρωπίανή
1608 1069 1701 1123 τοῦ
1723 1071 1969 1142 πλάσμαο

388 1168 481 1216 τος
506 1153 681 1216 πόλις.

2077 625 2154 682 Ne
2186 628 2414 697 patiaris
2446 644 2564 682 eam
2607 646 2781 699 usque
2810 629 2877 682 ad
2917 629 3297 697 praefecturam
3336 637 3486 682 tuam
3518 625 3649 678 civi-

2079 724 2243 771 tatem
2277 732 2421 779 esse,
2456 726 2509 771 et
2544 729 2663 788 post
2693 727 2745 773 te
2769 719 2882 787 jam
2930 734 3039 772 non
3070 734 3193 773 esse
3218 738 3232 783 ;
3262 734 3362 773 nec
3391 716 3638 771 commit-

2077 816 2183 873 tas,
2226 817 2283 862 ut
2328 810 2531 878 posteri
2580 810 2814 864 habeant
2846 811 2992 880 quod
3045 812 3114 865 de
3148 820 3199 865 te
3231 812 3370 865 male
3414 810 3642 878 loquan-

2079 905 2188 961 tur,
2220 900 2481 952 nimirum
2529 910 2579 954 te
2624 902 2764 955 inter
2796 901 3047 958 civitates
3098 909 3447 956 numeratam
3486 912 3643 950 acccc

2055 989 2247 1056 'pisse,
2280 997 2443 1059 atque
2488 1007 2631 1055 eam,
2669 1006 2791 1061 quae
2825 992 3105 1061 quondam
3143 993 3274 1046 urbs
3309 989 3475 1059 119
3501 995 3639 1043 erat.

2075 1088 2287 1132 vastum
2334 1091 2389 1135 et
2444 1083 2708 1136 incultum
2758 1084 2937 1136 locum
2996 1084 3305 1153 reliquisse,
3362 1078 3639 1133 montibus

2072 1169 2340 1227 duntaxat
2383 1182 2437 1225 et
2476 1174 2812 1243 praecipitiis,
2865 1188 2931 1227 ac
2977 1174 3264 1227 ruderibus
3298 1173 3430 1227 solis
3476 1184 3640 1239 agno-

388 1248 671 1302 scendam.
740 1248 920 1319 Atque
989 1249 1106 1305 hac
1152 1249 1300 1320 apud
1339 1259 1488 1305 tuam
1554 1252 1951 1309 humanitatem
1996 1256 2162 1316 faciat
2228 1272 2283 1318 et
2342 1264 2490 1318 dicat
2548 1267 2742 1322 civitas
2797 1282 2900 1333 ea,
2962 1282 3124 1337 quam
3185 1266 3496 1335 loquentem
3555 1262 3641 1317 in-

386 1338 669 1394 duximus.

468 1429 655 1500 ἸΙμῶν
685 1430 742 1485 δὲ
789 1432 865 1496 ὡς
897 1433 1067 1502 φίλων
1111 1434 1259 1499 δέξαι
1298 1437 1651 1507 παραίνεσιν·
1713 1440 1969 1510 σωφρονίο

387 1537 479 1574 σαι
524 1522 623 1591 μὲν
650 1522 874 1592 θέλησον
910 1526 1039 1587 τοὺς
1065 1524 1522 1597 ἐξημαρτηκότας
1562 1529 1642 1591 είς
1686 1529 1749 1581 τὸ
1800 1529 1969 1599 πρόσ-

2138 1441 2258 1495 Jan]
2292 1450 2556 1505 nostram,
2592 1443 2697 1496 hoc
2716 1450 2821 1508 est,
2852 1445 3013 1498 amici
3044 1446 3165 1506 viri,
3207 1445 3638 1502 admonitionem

2069 1534 2276 1601 accipe.
2307 1533 2543 1587 Causam
2580 1533 2723 1585 haud
2753 1534 2877 1587 dico
2925 1535 3055 1603 quin
3085 1547 3143 1589 tu
3188 1533 3244 1588 in
3289 1550 3408 1599 eos,
3453 1538 3543 1605 qui
3582 1539 3636 1589 in

383 1628 569 1682 ταγμα
594 1616 693 1683 τῆς
716 1614 814 1683 σῆς
838 1613 1102 1678 ἐξουσίας.
1130 1617 1295 1687 ’Υπὲρ
1324 1618 1433 1687 γάρ
1460 1619 1648 1672 τούτου
1686 1620 1797 1691 (61)
1815 1621 1967 1674 οὐδὲν
2068 1632 2100 1675 ιι

1917 1623 1967 1673 ὲν
2068 1632 2174 1675 tua:
2215 1615 2789 1689 potestatis'edictum
2842 1630 3159 1690 peccarunt,
3206 1620 3634 1676 animadvertas.

384 1703 717 1775 θαρροῦμεν,
759 1708 807 1758 εί
840 1708 931 1760 καὶ
974 1707 1049 1780 μὴ
1077 1708 1185 1762 ἀπὸ
1216 1709 1394 1762 κοινοῦ
1432 1712 1748 1781 σκέμματός
1802 1730 1965 1781 φασιν
2066 1709 2101 1764 ΙΝ

1919 1731 1965 1767 ιν
2066 1709 2200 1764 Nam
2228 1724 2330 1778 pro
2373 1710 2472 1762 hac
2503 1724 2562 1763 re
2599 1709 2810 1762 nullum
2856 1710 3082 1763 verbum
3125 1710 3309 1764 dicere
3348 1709 3632 1772 audemus.

383 1792 522 1847 εἶναι
545 1795 606 1847 τὸ
633 1794 857 1866 θράσος,
889 1796 1025 1849 ἀλλά
1058 1796 1168 1867 (62)
1195 1799 1569 1869 μειρακίσκων
1595 1801 1760 1854 τινῶν
1781 1802 1960 1873 ὁρμὴν
1996 1855 2034 1873 η
2065 1817 2096 1855 e

1915 1820 1960 1873 κν
1996 1855 2034 1873 ,ε
2065 1801 2168 1855 etsi
2221 1799 2398 1853 audax
2448 1800 2551 1853 hoc
2598 1800 2831 1865 (acinus,
2888 1814 3231 1869 nequaquam
3284 1814 3317 1853 α
3356 1801 3632 1858 communi

381 1857 689 1951 ἀλόγιστον..
721 1886 793 1939 Τὸ
813 1857 1007 1941 πλεῖον
1132 1857 1231 1960 τῆς
1260 1857 1431 1962 ὀργῆς
1460 1857 1837 1964 συγχωρῆσαί,
1851 1857 1962 1945 erat
1995 1857 2036 1909 Β
2065 1907 2098 1945 (ε

1918 1894 1962 1945 ιι
1995 1857 2036 1909 Β
2065 1891 2318 1953 consilio,
2352 1890 2450 1944 sed
2500 1905 2528 1943 a
2565 1892 2863 1944 temerario
2903 1888 3265 1960 quorumdam
3312 1888 3635 1946 adolescen-

382 1977 630 2049 λογισμῴ
679 1978 987 2049 χρήσασθαι
1030 1980 1258 2049 μείζονι.
1311 1982 1533 2052 Μητρὸς
1579 1983 1962 2054 ὑπερήλγησαν
2066 1993 2099 2038 ιι

1916 2001 1962 2036 ιν
2066 1993 2181 2038 tum
2219 1985 2422 2053 impetu
2457 1982 2758 2052 profectum
2791 1998 2916 2038 esse
2938 1990 3183 2035 narrant.
3217 1982 3486 2036 Caeterum
3521 1997 3633 2036 ma-

382 2072 770 2142 νεκρουμένης,
821 2071 922 2125 οὐκ
968 2072 1205 2143 ἤνεγκαν
1257 2072 1470 2127 πολῖται
1514 2075 1820 2139 καλεῖσθαι,
1870 2077 1965 2130 καὶ
2059 2075 2099 2145 jt

1918 2077 1965 2130 si.
2059 2075 2237 2145 jorem
2282 2074 2377 2128 irae
2415 2082 2621 2143 partem
2668 2074 2905 2137 remitte,
2958 2088 3019 2124 ac
3060 2071 3348 2125 sublimius
3395 2086 3511 2126 rem
3554 2078 3635 2127 te—

382 2158 521 2214 εῐναι
551 2162 822 2224 ἀπόλιδες,
851 2161 1155 2231 ἐμάνησαν,
1185 2164 1598 2235 παρενόμησαν,
1637 2164 1962 2233 ἀπέγνωσαν

380 2252 482 2321 τῆς
514 2252 723 2305 ἑαυτῶν
769 2255 1077 2325 σωτηρίας⁶
1126 2253 1397 2326 ἔκφρονας
1440 2253 1639 2320 αὐτοὺς
1684 2257 1747 2310 τὸ
1779 2259 1960 2329 παρά-

380 2343 533 2407 δοξον
574 2342 668 2395 τοῦ
721 2343 926 2408 πάθους
945 2344 1222 2414 ἐποίησεν.
1252 2341 1379 2416 Ἆρ’
1414 2340 1506 2398 οὖν
1545 2346 1633 2399 διά
1670 2346 1829 2400 τοῦτο
1856 2347 1961 2418 χρὴ

386 2437 520 2506 μηδὲ
549 2432 688 2489 εἶναι
724 2437 877 2489 πόλιν
908 2436 1005 2507 τὴν
1033 2436 1224 2501 πόλιν;
1261 2437 1564 2508 Μηδαμῶς,
1592 2433 1637 2492 ὧ
1670 2439 1959 2509 Θαυμάσιε,

384 2529 461 2599 μὴ
488 2528 646 2582 τοῦτο
665 2530 975 2601 ὲπιγράφῃς
993 2522 1128 2599 (65).
1159 2527 1318 2579 Ἀλλά
1340 2529 1389 2581 τί
1396 2546 1566 2599 μησον
1591 2529 1799 2593 πάντας
1821 2528 1964 2582 πολί-

379 2620 737 2688 τας,καὶ(64)
771 2618 1110 2683 πολιτευτάς,
1143 2619 1238 2686 καὶ
1269 2619 1671 2689 ἀξιωματικοὺς
1701 2620 1961 2673 ἱκετεύον-

352 2771 358 2776 ,
378 2728 506 2773 τας·
528 2711 744 2763 πάντων
761 2710 869 2781 γὰρ
900 2708 1013 2762 οἴου
1029 2708 1127 2779 τὴν
1142 2707 1428 2778 συμφορὰν
1448 2709 1651 2779 ὁμοίως
1674 2708 1959 2770 ἅπτεσθαι,

380 2803 475 2854 καὶ
487 2804 535 2853 εί
552 2800 629 2869 τῷ
647 2799 865 2870 μεγέθει
880 2800 991 2868 (65)
1006 2799 1107 2869 τῆς
1128 2800 1224 2868 σῆς
1240 2798 1488 2862 ἐξουσίας
1501 2798 1958 2868 ὲςρησυχάζουσιν,

379 2889 492 2945 οἷον
538 2888 842 2960 ὑποϐρύχια
873 2889 1167 2952 στένοντες.
1200 2889 1441 2959 Τίμησον
1471 2888 1526 2940 δὲ
1564 2888 1661 2957 τὴν
1691 2889 1963 2959 ἡμετέραν

381 2980 595 3042 πολιάν,
626 2976 707 3043 οἷς
738 2979 910 3032 δεινὸν
944 2981 992 3031 εί
1026 2978 1157 3031 ποτὲ
1199 2977 1298 3048 τὴν
1343 2978 1583 3048 μεγάλην
1632 2977 1784 3030 πόλιν
1811 2976 1961 3046 ἕχον-

379 3087 493 3134 τες,
516 3070 611 3122 νῦν
643 3071 778 3140 μηδὲ
810 3069 964 3122 πόλιν
997 3068 1213 3138 ἔχοιμεν
1236 3067 1369 3137 (66),
1399 3069 1495 3120 καὶ
1516 3066 1718 3137 Θηρίων
1746 3068 1963 3138 οἰκητή-

2062 2182 2187 2220 eum
2227 2165 2853 2221 considera.Doluerunt
2884 2171 3109 2216 matrem
3135 2162 3391 2233 opprimi,
3423 2177 3488 2217 ae
3514 2165 3631 2217 vel-

2065 2265 2124 2311 ut
2174 2257 2429 2322 enecari;
2465 2270 2571 2308 non
2609 2254 2851 2308 tulerunt
2878 2267 2936 2307 se
2962 2252 3162 2306 civium
3203 2266 3401 2305 nomen
3435 2251 3634 2305 habere

2061 2357 2115 2404 et
2155 2348 2377 2402 civitate
2422 2362 2632 2410 carere,
2687 2345 2872 2399 furore
2912 2345 3105 2415 perciti
3149 2351 3300 2408 sunt,
3350 2359 3380 2397 a
3425 2342 3637 2414 legibus

2064 2446 2434 2501 recesserunt,
2470 2436 2664 2491 salutis
2694 2450 2807 2491 suae
2835 2449 2986 2504 spem
3026 2435 3345 2503 abjecerunt
3372 2452 3385 2488 :
3412 2434 3635 2487 calami-

2065 2530 2194 2584 tatis
2226 2530 2443 2583 novitas
2471 2543 2567 2582 eos
2595 2527 2663 2581 de
2697 2528 2897 2582 mentis
2920 2534 3065 2580 statu
3115 2525 3445 2579 deturbavit.
3478 2524 3635 2579 Idcir-

2063 2637 2200 2676 cone
2224 2621 2413 2673 urbem
2439 2620 2609 2673 everti
2636 2618 2884 2688 oportet?
2910 2618 3065 2672 Absit
3092 2633 3119 2669 a
3150 2624 3223 2681 te,
3249 2618 3331 2670 vir
3355 2617 3631 2686 praeclare,

2064 2719 2123 2765 ut
2160 2712 2264 2766 hoc
2306 2718 2534 2763 statuas.
2575 2706 2717 2773 Quin
2751 2708 2932 2778 potius
2975 2714 3027 2760 te
3072 2714 3304 2769 moveat,
3353 2712 3407 2760 et
3433 2704 3631 2759 civium

2062 2804 2327 2865 omnium,
2356 2812 2408 2855 et
2438 2816 2626 2855 eorum
2666 2802 2761 2869 qui
2792 2800 3185 2869 rempublicam
3227 2797 3630 2860 administrant,

2063 2905 2115 2949 et
2171 2894 2524 2963 magistratus
2574 2901 2791 2963 gerunt,
2839 2892 3198 2961 deprecatio:
3233 2904 3424 2944 omnes
3485 2890 3630 2942 enim

2062 3002 2215 3055 aeque
2243 2992 2375 3054 puta
2408 2984 2718 3038 calamitate
2749 2984 2851 3036 hac
2890 2981 3051 3046 alhci,
3091 2980 3307 3035 etiamsi
3333 2978 3633 3033 auctorita-

2065 3079 2136 3131 tis
2173 3087 2277 3130 tuze
2317 3074 2688 3145 magnitudine
2718 3074 2962 3128 deterriti
3000 3072 3239 3142 quietem
3273 3077 3464 3140 agunt,
3503 3071 3638 3125 taci-

383 3177 500 3233 ριον
558 3161 767 3229 γένοιτο
824 3158 961 3228 μετὰ
1005 3158 1102 3227 τὴν
1134 3159 1232 3227 σὴν
1291 3157 1485 3228 ἀρχὴν,
1545 3158 1574 3209 ὅ
1616 3172 1674 3207 τε
1719 3156 1847 3219 ναὸς
1902 3155 1961 3209 δν
1988 3175 2033 3235 C
2066 3174 2100 3220 ι(

1919 3155 1961 3209 ὗν
1988 3175 2033 3235 C
2066 3174 2225 3236 teque
2258 3165 2644 3234 ingemiscunt.
2682 3162 2880 3217 Nostra
2927 3162 3088 3217 etiam
3141 3170 3193 3215 te
3224 3170 3435 3215 moveat
3477 3159 3636 3214 cani-

382 3252 685 3322 ὴγείραμεν
720 3248 832 3317 (67)
865 3248 942 3317 τῷ
1000 3247 1138 3317 Θεῷ,
1190 3249 1284 3301 καὶ
1315 3250 1348 3317 ἡ
1398 3247 1527 3316 περὶ
1573 3244 1759 3299 τοῦτον
1802 3246 1958 3316 ἡμῶν

381 3343 691 3414 φιλοκαλία.
741 3340 875 3393 Οὐδὲ
929 3339 1038 3410 γάρ
1080 3340 1130 3391 εἰ
1173 3338 1485 3409 ἀνδριάντες
1534 3336 1957 3407 κατενεχθήσον-

379 3453 467 3488 ται
500 3433 637 3503 (68),
690 3430 847 3484 τοῦτο
894 3429 1085 3492 δεινὸν,
1134 3429 1183 3481 εί
1234 3428 1329 3482 καὶ
1365 3428 1540 3490 ἄλλως
1588 3426 1759 3479 δεινόν
1810 3426 1956 3497 (69)⁰

384 3525 520 3596 μηδὲ
558 3523 687 3593 περὶ
739 3515 945 3575 τόύτων
1005 3519 1232 3589 νομίσῃς
1285 3521 1418 3588 ἡμῖν
1464 3513 1602 3571 εῖναι
1636 3518 1727 3570 τὸν
1777 3519 1952 3586 λόγον,

379 3614 463 3681 οἷς
524 3614 654 3686 περὶ
708 3614 776 3667 τὰ
816 3611 1099 3683 κρείττονα
1133 3613 1165 3679 ἡ
1217 3608 1440 3679 σπουδὴ,
1471 3608 1583 3662 ἀλλ’
1616 3610 1665 3661 εἰ
1719 3626 1955 3677 συγκατ-

380 3707 728 3777 ενεχθήσεται
756 3703 965 3765 τούτοις
992 3702 1144 3764 πόλις
1186 3701 1422 3772 ἀρχαία,
1460 3700 1553 3752 καί
1600 3718 1653 3752 τι
1704 3699 1955 3770 λαμπρὸν

380 3797 700 3866 ὶνεγκοῦσα,
730 3794 949 3859 ζώντων
978 3791 1134 3863 ἡμῶν
1162 3792 1257 3845 καὶ
1276 3790 1527 3862 ὁρώντων
1550 3790 1661 3843 τῶν
1690 3789 1840 3861 παρὰ
1870 3792 1954 3844 σοὶ

376 3889 727 3960 τιμωμένων,
752 3886 846 3940 καί
869 3902 991 3938 τινα
1035 3885 1188 3955 ἰσχὺν
1211 3882 1353 3953 ἔχειν
1375 3882 1766 3954 νομιζομένων.
1816 3882 1954 3935 Ἀλλ’

380 3984 410 4034 ὀ
465 3981 563 4051 μὲν
613 3980 741 4048 περὶ
793 3976 999 4030 τούτων
1047 3975 1204 4044 λόγος
1249 3973 1521 4038 τοσοῦτος.

2064 3257 2186 3317 ties,
2212 3255 2300 3310 cui
2322 3267 2485 3323 grave
2512 3262 2567 3306 et
2592 3252 2848 3306 acerbum
2883 3250 3069 3314 fuerit,
3107 3250 3155 3303 si
3184 3262 3434 3317 magnam
3458 3263 3636 3318 quon-

2063 3346 2189 3401 dam
2225 3344 2414 3399 urbem
2441 3344 2728 3406 babentes,
2761 3358 2906 3397 nunc
2948 3357 3018 3397 ne
3062 3342 3252 3397 urbem
3283 3340 3504 3411 quidem
3538 3340 3634 3393 ha—

2064 3436 2308 3499 beamus,
2358 3432 2453 3489 sed
2496 3444 2620 3504 post
2669 3433 3047 3504 praefecturam
3099 3441 3244 3486 tuam
3298 3434 3353 3487 in
3394 3430 3630 3486 ferarum

2063 3526 2295 3580 lustrum
2355 3532 2706 3580 convertatur
2762 3524 3025 3594 templum
3092 3524 3269 3591 illud,
3323 3524 3468 3592 quod
3523 3520 3633 3575 Deo

2060 3618 2458 3682 esstruximus,
2499 3633 2769 3687 omneque
2822 3627 3070 3673 nostrum
3118 3619 3172 3672 in
3214 3632 3281 3672 eo
3316 3616 3630 3672 exornando

2061 3708 2326 3762 studium.
2378 3708 2563 3778 Neque
2606 3710 2772 3774 enim,
2816 3709 2862 3763 si
2900 3716 3095 3763 statuae
3135 3708 3481 3776 dejiciantur,
3529 3707 3631 3760 hoc

2060 3811 2225 3866 grave
2270 3806 2325 3853 et
2374 3799 2631 3852 acerbum
2673 3807 2778 3865 est,
2828 3798 3045 3854 etiamsi
3095 3799 3297 3867 alioqui
3339 3798 3629 3859 acerbum;

2062 3902 2165 3941 nec
2197 3888 2265 3943 de
2298 3888 2385 3944 his
2421 3889 2581 3943 nobis
2607 3904 2730 3944 esse
2762 3904 3069 3945 sermonem
3106 3889 3414 3953 arbitreris,
3449 3888 3540 3958 qui
3577 3888 3631 3940 in

2065 3979 2439 4047 praestantiora
2480 3979 2879 4047 incumbimus;
2917 3995 3105 4034 verum
3134 3981 3181 4036 si
3223 3980 3357 4035 urbs
3385 3979 3629 4048 antiqua,

378 4084 434 4129 et
471 4090 592 4144 qua:
658 4071 843 4126 eximii
906 4069 1115 4138 aliquid
1162 4083 1227 4123 ac
1268 4068 1513 4137 praeclari
1548 4068 1693 4132 tulit,
1746 4083 1854 4123 una
1890 4084 2014 4123 cum
2056 4071 2167 4127 illis
2205 4082 2447 4139 corruat,
2490 4074 2650 4128 nobis
2707 4074 3019 4130 viventibus
3057 4089 3122 4129 ac
3167 4074 3499 4137 videntibus,
3538 4073 3631 4140 qui

380 4170 434 4222 in
461 4168 671 4221 honore
709 4165 850 4235 apud
883 4172 935 4218 te
965 4179 1178 4227 sumus,
1219 4163 1500 4233 gratiaque
1530 4172 1583 4218 et
1626 4164 1956 4219 auctoritate
2006 4167 2256 4221 nonnihil
2291 4169 2470 4222 valere
2532 4168 2932 4223 existimamur.
2963 4167 3069 4223 Sed
3098 4168 3165 4223 de
3220 4168 3305 4221 his
3345 4167 3506 4221 rebus
3542 4179 3631 4220 sa-

378 4267 453 4319 tis
486 4279 515 4316 a
554 4263 713 4317 nobis
744 4260 952 4315 dictum
982 4258 1074 4313 sit.

450 4354 585 4407 Οὐδὲ
612 4354 722 4423 γὰρ
749 4354 796 4404 εί
832 4352 1050 4403 πλείονα
1084 4349 1348 4416 εἴποιμεν,
1389 4346 1733 4417 ἰσχυρότερόν
1771 4363 1826 4399 τι
1850 4347 1958 4399 τῶν

377 4443 491 4495 σῶν
522 4442 827 4511 εὑρήσομεν
858 4438 1153 4508 λογισμῶν,
1178 4432 1260 4498 οἷς
1290 4434 1440 4498 ἔθνος
1468 4433 1719 4489 τοσοῦτον
1742 4425 1955 4502 ἄγεται,

375 4533 475 4587 καὶ
501 4531 692 4602 ἀχθείη
738 4546 800 4598 γε
835 4529 1004 4582 πλείω
1033 4527 1145 4598 (70)
1198 4527 1291 4577 καί
1336 4526 1527 4595 μείζω,
1568 4526 1664 4579 καὶ
1705 4528 1797 4579 ἐπὶ
1836 4528 1956 4596 μεί-

450 4682 566 4753 (58)
596 4684 809 4737 Δοῦναι
834 4686 1116 4752 πονηρόν.
1143 4682 1221 4736 Ita
1247 4683 1369 4736 cod.
1400 4680 1532 4753 Reg.
1569 4681 1627 4735 In
1648 4679 1782 4735 edit.
1804 4679 1957 4733 deest
1990 4677 2034 4732 ι)

373 4753 583 4807 δοῦναι.

452 4821 564 4891 (59)
598 4822 819 4891 ν’Υλαις
843 4822 1081 4889 μόναις.
1131 4819 1267 4877 Cod.
1305 4820 1460 4884 ὕλαις
1493 4822 1673 4891 μόνον.
1722 4816 1951 4871 Utrum-

374 4905 497 4961 que!
516 4890 752 4961 reddidit
784 4891 907 4943 Bill.

454 4959 565 5025 (60)
606 4960 762 5026 Πρὸς
780 4961 894 5027 τὴν
915 4960 1059 5027 σήν.
1093 4958 1171 5013 Ita
1218 4960 1343 5014 eod.
1391 4959 1624 5013 Montac.
1666 4957 1856 5012 Morel.
1894 4969 1959 5007 ae

375 5028 627 5099 Combel'.
660 5029 716 5081 In
744 5031 883 5099 edit.
929 5030 1057 5099 περὶ
1085 5030 1187 5099 τὴν
1212 5031 1331 5099 σήν.

453 5096 566 5167 (6))
617 5097 796 5166 ’Υπὲρ
824 5100 934 5167 γὰρ
962 5093 1197 5151 τὸύτοὺ.
1229 5093 1364 5167 Cod.
1408 5096 1549 5167 ὑπὲρ
1581 5093 1885 5167 γάρτοῦτο.

453 5164 565 5236 (62)
618 5164 1024 5221 Φασίνεῖναι.
1060 5168 1193 5219 Cod.
1250 5166 1315 5219 R.
1363 5181 1428 5220 ac
1485 5164 1732 5219 Combef.
1779 5164 1960 5233 φαμὲν

376 5234 553 5296 εἶναι,
577 5236 869 5304 profectum
902 5252 1015 5289 esse
1045 5236 1442 5304 existimamus.

453 5303 911 5374 (ﬁliiﬁlii-roum
955 5304 1311 5374 ὲπιῃοὰςρῃς.
1358 5303 1442 5357 Ne
1479 5305 1575 5356 hoc
1616 5303 1855 5369 imperes,
1894 5315 1957 5355 ne

376 5376 480 5428 hoc
505 5375 727 5433 indices,
754 5391 816 5428 ne
841 5374 937 5428 hoc
969 5385 1198 5427 statuas.

451 5444 568 5510 (64)
613 5446 874 5512 Τίμησον
894 5460 1125 5508 παν-τας
1144 5448 1420 5507 πολίτας,
1451 5441 1569 5500 καὶ,
1592 5449 1698 5494 etc.
1724 5439 1802 5494 Ita
1827 5439 1949 5494 cod.

380 5513 439 5567 In
475 5514 1007 5583 editasipqcovph
1041 5515 1250 5575 πάντας
1284 5514 1507 5583 πολίτας
1535 5527 1615 5561 τε.

455 5582 568 5651 (65)
609 5577 719 5635 Καὶ
750 5577 801 5634 ἐι
832 5577 923 5646 τῶ
939 5584 1193 5650 μεγέθει,
1234 5590 1337 5635 etc.
1374 5582 1488 5633 Etsi
1509 5588 1718 5651 propter
1748 5577 1950 5644 ntagni-

380 5650 620 5707 tudinem
649 5653 991 5704 auctoritatis
1019 5661 1125 5704 tua:
1159 5661 1353 5712 tacent,
1392 5650 1551 5703 veluti
1592 5650 1736 5700 intra
1783 5663 1837 5700 se
1870 5662 1954 5715 ge-

379 5730 602 5776 mentes.
637 5720 743 5774 Pro
766 5719 1088 5790 ὑποϐρύχια,
1122 5720 1368 5775 Combef.
1405 5717 1753 5790 ὑποϐρύχιον.

454 5790 570 5859 (66)
612 5793 798 5845 Πόλιν
826 5787 1083 5860 smper.
1119 5790 1254 5846 Cod.
1292 5790 1439 5842 πόλιν
1473 5787 1687 5858 ἔχομεν.

2133 4344 2319 4414 Neque
2348 4344 2493 4398 enim
2525 4343 2569 4396 si
2602 4342 2756 4411 plura
2781 4342 3102 4405 dixerimus,
3127 4343 3357 4397 validius
3378 4347 3632 4413 quiddam

2064 4434 2369 4503 fortiusque
2400 4432 2511 4487 tuis
2556 4432 2859 4485 rationibus
2900 4441 3062 4500 atque
3113 4434 3358 4488 consiliis
3388 4438 3634 4491 invenie-

2062 4540 2206 4591 mus,
2265 4523 2465 4592 quibus
2525 4522 2804 4591 provincia
2846 4530 2996 4576 tanta
3056 4522 3410 4591 gubernatur,
3471 4538 3633 4596 atque

2133 4674 2438 4746 (67)_Nadc
2463 4673 2535 4725 ὃν
2558 4674 2897 4746 ἡτειρᾳμεν.
2933 4670 3128 4741 Liquet
3157 4674 3309 4741 hinc,
3353 4678 3429 4730 ait
3463 4678 3627 4732 Coni-

2064 4742 2197 4807 bei’.,
2225 4742 2637 4814 ‘Qiocaasareain
2667 4781 2681 4803 ,
2738 4742 3073 4814 basianzum
3125 4759 3278 4807 che,
3320 4762 3484 4814 quam
3545 4750 3627 4804 sic

2064 4826 2221 4883 pater
2253 4810 2548 4883 Gregorius
2582 4812 2871 4883 magniﬁco
2898 4810 3353 4883 temploornavitl

2136 4882 2248 4949 (68)
2289 4884 2357 4933 Et
2403 4878 2763 4949 ἀνδριάντες
2792 4879 3353 4947 κατενεχθήσονται.
3394 4882 3496 4938 Hic
3530 4886 3629 4939 ob-

2068 4947 2265 5012 sem,
2301 4950 2376 5001 ait
2431 4948 2587 5013 Bill.,
2628 4947 2875 5020 Gregorii
2927 4964 3143 5016 quoque
3189 4958 3434 5020 tempore
3484 4958 3635 5011 ardes

2063 5034 2251 5075 sacras
2288 5020 2489 5071 statuis
2536 5026 2588 5071 et
2637 5017 2966 5087 imaginibus
3016 5028 3239 5072 ornatas
3283 5017 3468 5075 luisse.
3518 5023 3631 5078 Ve-

2065 5104 2205 5149 rum,
2252 5089 2428 5155 inquit
2472 5085 2882 5147 Combe-{.{non
2916 5088 3090 5156 magis
3133 5087 3268 5141 dicit
3310 5098 3522 5146 statuas
3560 5094 3626 5146 ad

2064 5158 2249 5225 templi
2280 5166 2535 5209 ornatum
2562 5163 2869 5225 spectantes
2900 5170 3062 5223 quam
3106 5157 3170 5209 ad
3210 5160 3363 5213 urbis
3394 5161 3625 5223 decora;

2066 5224 2295 5295 ideoque
2335 5241 2441 5279 non
2474 5226 2685 5277 videtur
2714 5224 2842 5296 hinc
2866 5236 3041 5296 ratum
3062 5237 3436 5293 argumentum
3462 5232 3627 5296 hujus

2065 5292 2248 5350 θεουιὶ
2298 5297 2437 5349 ritus
2469 5307 2749 5364 sacrarum
2799 5292 3091 5364 imaginmn
3119 5292 3183 5347 ac
3230 5292 3553 5364 statuarum,
3596 5314 3627 5352 a

2063 5366 2265 5434 quibus
2298 5364 2497 5434 statuis
2526 5361 2823 5434 abhorrent
2869 5360 2982 5434 fere
3008 5360 3320 5416 Graecorum
3359 5360 3549 5421 mores
3570 5368 3625 5422 in

2065 5431 2230 5489 rebus
2270 5433 2464 5496 sacris,
2504 5445 2627 5483 cum
2666 5431 2882 5499 pictura
2923 5432 3084 5499 plana
3136 5434 3428 5501 plurimum
3472 5437 3625 5491 dele—

2062 5512 2516 5639 Ctiggir.'A.Uwc
2559 5568 2780 5639 δεινόν.
2821 5568 2957 5623 Cod.
3001 5568 3200 5631 ἄλλοις.
3238 5569 3311 5623 Ita
3350 5570 3516 5627 etiam
3570 5583 3625 5629 et

2064 5637 2251 5695 Morel.
2280 5644 2371 5708 qui
2403 5647 2554 5691 nutat
2583 5637 2756 5699 άλλως
2786 5640 3041 5691 mendose
3069 5640 3185 5708 _legi
3216 5654 3246 5691 a
3279 5639 3515 5695 Hontac.

2137 5712 2248 5779 (70)
2289 5706 2395 5763 Καὶ
2440 5709 2646 5779 ἀχθείη
2700 5723 2767 5774 γε
2820 5708 3022 5760 πλείω.
3067 5706 3188 5760 Bill.
3228 5708 3452 5779 ‘Quibus
3491 5729 3616 5778 pro-

2065 5776 2238 5834 vincia
2276 5791 2425 5833 tanta
2464 5778 2785 5847 gubernatur
2827 5786 2982 5845 atque
3027 5776 3335 5830 sublimiora
3373 5776 3612 5851 imperia.
