4348 6480
722 435 828 494 943

1936 429 1992 481 S.
2035 425 2363 482 CRECORll
2404 419 2748 478 TIIEOLOGI

3865 414 3972 468 245

726 557 990 618 regantur
1030 549 1213 620 plures
1249 547 1407 616 120
1434 545 1778 615 majoresque
1831 545 1992 597 etiam
2037 545 2090 596 in
2133 544 2296 597 suhli-
2329 564 2368 611 Α
2399 541 2443 603 ξι

2261 544 2296 594 i-
2329 564 2368 611 Α
2399 541 2514 603 ζοσι
2549 541 2667 600 ταῖς
2698 537 2915 606 ἀρχαῖς.
2962 533 3167 584 Ἐκεῖνο
3203 528 3260 582 δὲ
3304 531 3599 599 ἀναγκαῖον
3632 530 3831 598 γνῶναι
3877 532 3972 596 τὴν

726 639 994 694 mioribus
1038 639 1298 707 imperiis.
1335 635 1448 690 lloc
1474 643 1656 690 autem
1688 643 1796 687 tua}
1829 633 1995 686 animi
2027 633 2295 703 magnitu-

724 731 862 794 dini,
891 731 958 786 de
987 731 1054 784 iis
1099 729 1192 801 qui
1215 729 1328 799 jam
1359 729 1412 782 in
1457 736 1580 782 tuas
1625 741 1817 780 manus
1847 725 2175 788 inciderunt,
2207 737 2300 776 no-

727 831 842 874 tum
888 835 1011 874 esse
1041 827 1280 888 oportet,
1309 817 1454 887 quod
1500 831 1726 886 prorsus
1765 815 1950 869 miseri
1999 821 2055 868 et
2099 812 2298 880 ahjecti

728 919 875 970 sunt,
908 923 1009 962 nec
1047 925 1170 962 cum
1205 908 1295 968 iis,
1325 906 1417 975 qui
1461 905 1674 960 facinus
1705 904 1838 958 illud
1875 909 2179 973 patrarunt,
2209 916 2303 970 pe-

728 998 974 1052 tulantiae
1017 999 1184 1052 ullius
1228 997 1362 1050 socii
1411 1003 1576 1063 atque
1622 1001 1909 1049 consortes
1941 991 2296 1053 exstiterunt,

729 1089 1188 1158 quemadmodum
1242 1088 1398 1140 multi
1447 1102 1512 1141 ex
1551 1087 1636 1150 iis,
1684 1087 1777 1152 qui
1830 1093 1942 1137 tum
1989 1081 2300 1142 adfuerunt,

731 1180 891 1234 nobis
938 1179 1095 1232 fidem
1132 1178 1360 1232 faciunt.
1411 1177 1486 1232 De
1525 1177 1610 1230 his
1655 1175 1818 1229 rebus
1855 1175 1958 1228 hoc
2004 1172 2299 1232 constitue,

731 1271 876 1340 quod
911 1270 1168 1339 expedire
1204 1269 1555 1338 iudicaveris,
1588 1274 1704 1320 tum
1744 1267 1810 1320 ad
1843 1266 2006 1333 hujus
2036 1264 2158 1316 vitae
2195 1262 2306 1331 glo-

733 1363 892 1426 riam,
929 1369 1044 1414 tum
1076 1363 1142 1415 ad
1172 1360 1451 1430 sequentis
1486 1361 1611 1414 vitae
1636 1375 1808 1428 spem.
1833 1357 1942 1411 Nos
1978 1371 2130 1417 vero,
2155 1353 2300 1423 quod

733 1452 832 1505 tibi
867 1452 1160 1506 decernere
1191 1454 1244 1506 in
1274 1460 1511 1506 mentem
1541 1450 1769 1515 venerit,
1805 1463 1913 1503 non
1940 1447 2158 1516 quidem
2185 1445 2304 1499 sine

2401 633 2496 701 σὴν
2517 628 2865 700 μεγαλόνοιαν
2878 641 2945 676 πε
2952 625 3005 693 p‘.
3028 621 3132 674 τῶν
3151 638 3317 692 προσε
3327 622 3733 691 μπεπτωκότων
3748 621 3974 692 (71),δτι

2399 718 2677 781 παντελῶς
2715 718 2853 768 εἰσιν
2894 714 3088 774 ἄθλιοι,
3116 712 3540 783 ἀπερριμμένοι,
3570 712 3665 766 καὶ
3709 712 3976 782 μηδεμιᾶς

2403 809 2629 872 ἀταξίας
2658 809 2769 868 τοῖς
2806 801 3156 875 ἡμαρτηκόσι
3203 801 3648 869 κοινωνήσαντες.
3693 799 3768 862 ὡς
3795 799 3978 851 πολλοὶ⁹

2405 899 2678 954 πείθουσιν
2723 897 2873 965 ἡμᾶς
2923 893 3032 946 τῶν
3084 891 3206 944 τότε
3256 890 3559 961 παρόντων.
3612 888 3755 959 Πρὸς
3808 889 3979 942 ταῦτα

2408 991 2690 1061 βούλευσαι
2720 988 2748 1040 ὅ
2777 1003 2830 1038 τι
2869 983 2935 1038 ἂν
2965 981 3264 1053 συμφέρειν
3291 981 3520 1051 νομίσῃς
3547 979 3682 1049 (72),
3715 979 3808 1034 καὶ
3844 979 3980 1048 πρὸς

2407 1082 2505 1150 τὴν
2551 1077 2798 1132 ἐντεῦθεν
2845 1075 3023 1140 δόξαν,
3073 1071 3334 1142 καὶπρὸς
3366 1072 3464 1134 τὰς
3505 1070 3712 1124 ἐκεῖθεν
3737 1069 3978 1131 ἐλπίδας.

2423 1172 2611 1239 Ἡμεῖς
2643 1167 2700 1220 δὲ
2724 1167 2785 1220 τὸ
2821 1163 3106 1234 παραστὰν
3154 1161 3394 1232 οἴσομεν,
3445 1162 3546 1214 οὐκ
3597 1160 3817 1223 ἀλύπως
3862 1160 3979 1229 μὲν,

2409 1263 2628 1331 οἴσομεν
2653 1259 2730 1312 δέ.
2774 1257 2838 1309 Τί
2876 1255 2986 1326 γὰρ
3017 1254 3082 1308 ἂν
3109 1253 3204 1306 καὶ
3234 1251 3539 1323 πράξαιμεν
3571 1251 3790 1322 ἓτερον;
3821 1251 3898 1334 ,Εἰ
3926 1250 3985 1301 δὲ

2409 1351 2479 1403 τὰ
2505 1351 2672 1420 χείρω
2701 1349 2962 1416 νικήσειε,
2993 1343 3405 1414 χαλεπανοῦμεν
3444 1343 3581 1410 (75),
3625 1343 3719 1396 καὶ
3757 1345 3824 1411 τῇ
3857 1340 3985 1393 ποτὶ

2412 1439 2564 1492 πόλει
2603 1433 2966 1503 ἐπιϐαλοῦμεν
2997 1431 3249 1500 δάκρυον.

737 1555 970 1596 maerore
1004 1542 1261 1607 feremus,
1309 1542 1405 1598 sed
1445 1552 1626 1597 tamen
1671 1543 1930 1596 feremus.
1978 1539 2120 1605 Quid
2164 1538 2310 1592 enim
2349 1533 2496 1588 aliud
2549 1528 2890 1584 faceremus?
2951 1525 3109 1591 Quod
3149 1526 3195 1580 si
3245 1524 3485 1579 deterior
3529 1525 3798 1580 sententia
3839 1523 3988 1575 vice-

736 1635 830 1700 rit,
861 1638 1055 1690 aceibe
1095 1636 1353 1702 feremus,
1391 1647 1446 1690 et
1487 1653 1604 1692 eam
1653 1651 1773 1705 qua:
1803 1637 1956 1706 prius
1989 1635 2119 1689 urbs
2171 1639 2309 1694 erat,
2349 1627 2603 1699 lacrymis
2638 1636 3050 1696 prosequemur.

1281 1750 1483 1805 CXLII.
1526 1749 1754 1804 EIDEM.

2836 1736 3012 1790 PMB‘.
3067 1733 3156 1802 To
3193 1731 3375 1800 Αγτο
3413 1729 3523 1799 (τι)

741 1864 1051 1916 Proximam
1080 1865 1437 1931 superioribus
1481 1865 1694 1925 litteris,
1729 1881 1862 1932 quas
1889 1865 2046 1932 paulo
2096 1857 2534 1932 post_subsecuta
2569 1863 2668 1932 est,
2723 1850 2900 1932 sedent
2939 1863 3201 1932 occupare
3233 1845 3380 1898 debet
3420 1841 3645 1910 epistola
3689 1855 3855 1906 cun,
3888 1852 3992 1905 qua

1443 1915 1866 2003 Olympiuiu',ut
1889 1915 2260 1984 'Naziaiizenis
2296 1936 2504 1996 parcat.
2541 1915 2692 1978 enixe
2721 1920 2958 1990 postulat
2985 1915 3286 1986 Gregorius.

813 2044 869 2096 l-Zt
898 2059 1228 2114 congressus
1254 2047 1331 2099 tui
1357 2047 1626 2115 cupiditas
1651 2046 1854 2100 ardens
1886 2053 1992 2108 est,
2027 2053 2081 2100 et
2108 2058 2308 2112 rogan-
2339 2047 2381 2101 B
2481 2037 2530 2088 El

2278 2071 2308 2092 η-
2339 2047 2381 2101 Β
2481 2037 2543 2089 Εἰ
2573 2035 2666 2088 καὶ
2693 2036 2722 2086 ὁ
2749 2031 2912 2094 πόθος
2935 2030 3047 2100 (75)
3076 2029 3175 2096 τῆς
3206 2027 3304 2096 σῆς
3338 2023 3626 2092 συντυχίας
3655 2021 3876 2091 θερμὸς,
3901 2021 3995 2072 καὶ

739 2136 875 2188 tium
909 2137 1212 2190 necessitas
1245 2153 1475 2204 magna;
1513 2138 1604 2192 sed
1642 2137 1866 2190 morbus
1916 2135 2061 2190 vinci
2104 2135 2311 2203 nequit.

740 2227 816 2278 Ae
848 2235 1134 2295 propterea
1171 2227 1610 2295 deprecationem
1658 2229 1798 2282 hanc
1825 2227 2022 2283 litteris
2065 2227 2317 2280 commit-

742 2324 858 2367 tere
901 2329 1005 2366 non
1041 2314 1309 2368 dubitavi.
1340 2315 1550 2370 Moveat
1595 2323 1648 2370 te
1696 2323 1881 2370 nostra
1912 2315 2164 2380 canities,
2197 2329 2318 2382 qua:

740 2411 797 2458 te
823 2404 935 2471 jam
984 2405 1236 2468 antehac,
1285 2414 1344 2458 ut
1395 2422 1493 2476 par
1536 2415 1674 2468 erat,
1723 2417 1776 2461 et
1820 2405 2041 2476 quidem
2077 2421 2319 2474 persaepe

744 2494 936 2546 movit.
970 2492 1180 2547 Moveat
1211 2503 1262 2549 te
1303 2511 1523 2564 quoque
1567 2497 1792 2550 morbus
1829 2496 1938 2558 hic,
1969 2495 2078 2554 cui,
2110 2495 2156 2548 si
2189 2494 2319 2563 quid

744 2597 1066 2653 arroganter
1093 2585 1382 2639 dicendum
1415 2597 1517 2648 est,
1557 2595 1766 2655 partem
1815 2587 2052 2654 aliquam
2081 2588 2319 2654 suscepti

744 2672 836 2724 Dei
874 2688 1037 2725 causa
1071 2672 1303 2726 sudores
1325 2675 1698 2727 contulerunt.
1727 2673 1809 2728 0b
1840 2689 2070 2742 eamque
2095 2688 2319 2726 causam

745 2763 958 2816 civibus
988 2778 1173 2830 parce,
1205 2779 1438 2832 quorum
1477 2765 1532 2819 in
1578 2781 1680 2818 nos
1714 2766 1857 2818 oculi
1894 2765 2126 2834 coniecti
2170 2773 2318 2825 sunt,

747 2859 1006 2918 tanquam
1033 2852 1127 2920 qui
1167 2852 1556 2908 auctoritatem
1589 2869 1653 2906 ac
1689 2853 1942 2907 fiduciam
1969 2853 2114 2922 apud
2136 2862 2189 2907 te
2235 2853 2326 2905 ha-

748 2941 994 2995 beamus.
1028 2942 1165 2996 Aliis
1196 2944 1348 3000 item.
1383 2943 1475 3012 qui
1503 2952 1705 2997 nostra:
1730 2959 1876 2997 curae
1903 2943 2135 3010 subjecti
2167 2951 2318 3004 sunt,

747 3045 930 3098 parre.
965 3029 1244 3100 Siquidem
1268 3033 1478 3086 nullum
1515 3049 1577 3088 ex
1612 3033 1874 3088 facilitate
1904 3042 2068 3102 atque
2113 3033 2328 3086 miseri-

749 3122 937 3174 cordia
992 3121 1378 3176 detrimentum
1427 3125 1590 3180 rebus
1630 3124 1932 3187 inferetur,
1981 3124 2327 3193 quandoqui-

750 3213 874 3263 dem
903 3219 960 3264 tu
987 3221 1196 3266 terrore
1234 3216 1388 3282 plura
1431 3215 1682 3278 conficis.
1713 3231 1874 3286 quam
1905 3217 1995 3269 alii
2043 3215 2328 3284 suppliciis

751 3307 806 3352 et
844 3301 1114 3355 cruciatu.
1160 3301 1284 3356 Tibi
1319 3321 1449 3358 vero
1480 3321 1576 3371 pro
1619 3306 1704 3359 his
1739 3307 1901 3360 rebus
1934 3308 2092 3360 talem
2119 3322 2246 3374 erga
2275 3315 2328 3360 te

2418 2127 2641 2198 ὴχρεία
2669 2123 2779 2178 τῶν
2821 2121 3094 2191 δεομένων
3142 2117 3388 2188 μεγάλη·
3435 2115 3550 2167 ἀλλ’
3591 2114 3625 2182 ὴ
3671 2111 3824 2174 νόσος
3864 2111 3996 2179 ἀήτ-

2416 2234 2594 2287 τητος.
2630 2215 2728 2268 Διά
2766 2212 2926 2266 τοῦτο
2971 2213 3263 2282 γράμμασι
3305 2204 3596 2258 πιστεῦσαι
3639 2201 3750 2273 (76)
3793 2200 3998 2269 ταύτην

2418 2309 2516 2376 τὴν
2564 2305 2860 2377 πρεσϐείαν
2889 2301 3189 2372 ἐθάρρησα.
3234 2298 3519 2368 Αἰδέσθητι
3567 2297 3664 2366 μὲν
3696 2296 3852 2365 ήμῶν
3897 2293 3998 2362 τὴν

2419 2396 2632 2457 πολιὰν,
2657 2394 2726 2465 ἣν
2765 2392 2998 2463 ᾑδέσθης
3023 2391 3123 2461 ἤδη
3175 2387 3354 2450 καλῶς
3384 2384 3555 2438 ποιῶν
3579 2385 3673 2436 καὶ
3715 2381 3995 2465 πολλάκις.

2419 2464 2706 2554 Δὶδέσθητι
2755 2482 2812 2535 δὲ
2859 2483 2954 2534 καὶ
3005 2480 3100 2550 τὴν
3153 2475 3465 2550 ἀρρωστίαν
3521 2473 3726 2543 ταύτην
3776 2472 3911 2542 (77),

2425 2576 2586 2645 μέρος
2609 2592 2660 2626 τι
2687 2573 2781 2626 καὶ
2808 2573 2857 2624 οἱ
2884 2570 3025 2624 κατὰ
3053 2569 3186 2623 θεὸν
3229 2567 3450 2638 ἱδρῶτες
3475 2565 3921 2632 συνεισήνεγκαν,
3949 2563 4000 2612 εἰ

2422 2683 2472 2717 στι
2502 2667 2582 2718 δεῖ
2617 2667 2708 2719 καὶ
2742 2661 3180 2728 νεανιεύσασθαι.
3221 2659 3332 2712 Καὶ
3371 2659 3460 2712 διὰ
3490 2655 3648 2708 τοῦτο
3676 2659 3858 2724 φεῖσαι
3901 2652 4000 2723 μὲν

2424 2759 2530 2810 τῶν
2573 2757 3000 2825 πολιτευομένων
3030 2751 3164 2822 πρὸς
3189 2751 3335 2820 ἡμᾶς
3382 2747 3704 2818 βλεπόντων,
3749 2745 3824 2807 ὡς
3852 2745 4001 2813 ἐχόνο

2425 2866 2532 2900 των
2584 2847 2742 2918 ἡμῶν
2775 2846 2884 2913 (78)
2935 2845 3028 2896 ἐπὶ
3073 2842 3168 2894 σοῦ
3209 2839 3537 2912 παρρησίαν.
3569 2839 3756 2889 ⁶θεῖσαι
3796 2835 3853 2888 δὲ
3893 2833 4003 2885 τῶν

2427 2938 2599 2992 ἄλλων
2626 2938 2733 2989 τῶν
2760 2935 2864 2988 ὑπὸ
2893 2933 2990 3004 τὴν
3015 2933 3290 3003 ἡμετέραν
3313 2929 3586 3000 φροντίδα.
3619 2927 3728 2980 Καὶ
3769 2926 3875 2996 γὰρ
3913 2924 4003 2976 οὑ-

2426 3030 2583 3096 δεμία
2616 3027 2788 3097 ζημία
2824 3028 2936 3086 τοῖς
2981 3023 3300 3093 πράγμασιν
3343 3023 3408 3073 ὲκ
3449 3020 3548 3088 τῆς
3573 3015 4000 3087 φιλανθρωπίας,

2428 3117 2550 3170 ῐετιε)⁵
2578 3119 2655 3184 τῲ
2689 3115 2838 3184 φόϐῳ
2874 3112 2985 3179 (79)
3022 3112 3242 3164 πλείονα
3267 3106 3631 3178 κατορθοῖς,ἢ
3666 3109 3787 3168 ταῖς
3827 3121 4001 3173 τιμω-

2433 3206 2574 3276 ρίαις
2602 3207 2796 3275 ἕτεροι.
2837 3205 2927 3256 Σο).
2970 3204 3027 3256 δὲ
3072 3201 3193 3255 ἀντὶ
3236 3201 3442 3253 τούτων
3493 3199 3725 3265 γένοιτο,
3784 3197 3844 3248 τὸ
3891 3195 4001 3263 (80)

2430 3297 2670 3349 τοιούτου
2714 3301 2893 3365 τυχεῖν
2922 3296 3015 3348 τοῦ
3045 3292 3254 3364 κριτοῦ,
3288 3288 3398 3356 οἷός
3443 3308 3548 3360 περ
3591 3291 3657 3344 ἂν
3683 3289 3841 3351 αὒτὸς
3871 3287 4003 3358 γένῃ

748 3389 992 3454 judicent
1043 3393 1304 3459 consequi
1359 3393 1663 3464 contingat,
1711 3395 1926 3462 qualem
1972 3402 2024 3448 te
2066 3396 2328 3464 supplici-
2356 3386 2401 3447 C
2429 3403 2465 3438 τι

1998 3411 2024 3448 e
2066 3396 2328 3464 supplici-
2356 3386 2401 3447 C
2429 3389 2541 3450 τοῖς
2569 3387 2860 3456 δεομένοις,
2885 3389 2979 3440 καὶ
3009 3389 3139 3456 ἡμῖν
3165 3387 3276 3446 τοῖς
3304 3382 3715 3454 πρεσϐεύουσιν.

756 3483 876 3536 bus.
933 3496 995 3533 ac
1053 3482 1244 3546 nobis,
1279 3483 1372 3553 qui
1433 3500 1530 3552 pro
1572 3486 1705 3555 ipsis
1757 3485 2144 3554 deprecamur,
2193 3503 2326 3554 prai-

758 3573 958 3627 bueris.

1206 3685 1359 3753 121
1384 3683 1611 3737 CXLIII.
1658 3683 1887 3738 ISIDEM.

2870 3689 3046 3742 PMI".
3089 3688 3176 3758 τᾳ
3213 3687 3394 3757 arm
3434 3687 3566 3756 (8|).

836 3799 934 3852 llic
963 3799 1231 3874 commode
1257 3800 1487 3874 sea/fert
1515 3799 1740 3862 epistola
1767 3815 2092 3874 CM.lll,rqutt
2127 3801 2412 3872 Gregorius
2447 3806 2674 3872 plurima
2702 3822 2756 3859 se
2777 3805 2842 3858 ab
2881 3804 3126 3874 Olympio
3171 3804 3420 3870 beneficia
3453 3803 3713 3874 accepisse
3759 3813 4004 3869 testatur,

759 3885 848 3923 nec
877 3881 1050 3941 tamen
1083 3868 1252 3941 ullum
1277 3868 1378 3941 sibi
1407 3881 1600 3920 metum
1634 3885 1766 3941 esse.
1791 3887 1852 3922 ne
1878 3868 2040 3936 ipsius
2071 3868 2764 3941 beiiiguitatem-exhauriat.
2798 3868 3091 3928 Patrdnuin
3128 3868 3472 3926 nihilominus
3512 3873 3679 3924 alium
3714 3890 3808 3940 pro
3833 3868 4008 3928 Leon;

761 3941 832 4014 tio
852 3939 1133 4014 deprecans
1161 3938 1396 4001 adhibet,
1431 3955 1545 3991 eam
1581 3940 1779 3992 scilicet
1812 3957 1970 4008 quam
1997 3951 2044 3993 et
2075 3938 2281 4010 imperii
2313 3955 2362 3997 et
2388 3948 2663 4012 potestatis
2697 3946 2895 3998 sociant
2932 3955 2981 3998 et
3011 3955 3305 3997 consortem
3331 3942 3576 4006 habebat,
3614 3938 3790 4011 aenipe
3819 3945 4007 4014 Olynt-

758 4011 829 4074 pii
860 4009 1154 4078 confugerit.

830 4129 971 4194 Quid
1024 4127 1194 4180 multa
1251 4125 1562 4194 pertulisse,
1613 4135 1665 4178 et
1716 4125 1974 4180 beneficia
2025 4129 2327 4197 accep7sse,

764 4218 1076 4275 hominibus
1106 4217 1304 4270 all'ert?
1353 4216 1748 4271 humanitatem
1795 4233 1858 4270 ac
1894 4219 2330 4274 misericordiam

759 4310 942 4372 docet,
974 4307 1244 4376 ellicitque
1271 4314 1329 4359 ut
1354 4306 1421 4358 ad
1445 4322 1541 4360 eos
1567 4322 1689 4362 sese
1719 4308 2018 4372 inﬂectant,
2047 4312 2139 4378 qui
2184 4310 2331 4380 ipso-

781 4475 833 4518 ιι
863 4467 976 4519 haec
1000 4465 1182 4518 versio
1211 4480 1310 4518 nec
1339 4465 1524 4525 verba,
1555 4479 1653 4516 nec
1686 4479 1905 4517 sensum
1933 4465 2131 4517 reddit.
2165 4464 2327 4534 Optat

763 4535 1064 4601 Gregorius
1109 4542 1202 4595 ut,
1259 4535 1351 4601 qui
1407 4543 1614 4585 tantam
1675 4535 1942 4604 gubernat
1976 4535 2326 4604 provinciam

767 4607 952 4674 plures
989 4603 1336 4672 maioresque
1375 4604 1637 4672 gubernet
1682 4603 2096 4657 sublimioribus
2145 4605 2332 4658 infulis

767 4682 1019 4727 ornatus.

837 4743 952 4812 t7!)
991 4741 1643 4812 Προσεμπεπτωκότων.
1678 4739 1754 4791 Ita
1791 4738 1917 4812 cod.
1956 4739 2192 4798 Montae.
2221 4742 2333 4796 Mo-

770 4813 868 4865 rel.
897 4808 962 4865 ac
987 4808 1234 4864 Combef.
1270 4811 1325 4864 In
1357 4811 1488 4864 edit.
1516 4808 2046 4879 προσπεπτωκότων.
2325 4817 2328 4820 ’

841 4881 952 4938 (72)
993 4882 1283 4946 Νρμίσῃς.
1328 4881 1401 4932 Ita
1440 4877 1571 4931 cod.
1615 4877 1670 4930 In
1715 4879 1846 4932 edit.
1880 4878 2146 4947 νομίζεις,
2184 4880 2330 4948 quod

771 4950 892 5004 Bill.
924 4950 1058 5016 quod
1097 4965 1161 5001 ea:
1195 4966 1294 5000 usu
1320 4965 1432 5001 esse
1454 4948 1747 5014 judicabis.

846 5015 958 5082 (73)
997 5018 1299 5081 [νικήσειε.
1337 5018 1815 5083 χαλεπανοῦμεν,
1848 5025 1949 5069 θῐο
1982 5015 2056 5068 Ita
2103 5018 2200 5070 cod
2265 5017 2332 5071 R.

770 5103 834 5141 ac
866 5088 1116 5139 Combet‘.
1158 5090 1225 5138 At
1263 5087 1498 5138 Montac.
1526 5095 1580 5139 et
1615 5085 1800 5138 Morel.
1831 5087 2091 5154 νικήσειε,
2137 5087 2198 5138 ἓν
2239 5104 2338 5154 χα-

775 5156 1039 5227 ριούμεθα
1073 5156 1251 5224 μόνον.
1276 5158 1340 5223 τῇ
1385 5156 1513 5206 ποτὲ
1559 5155 1730 5214 πόλει,
1765 5155 1962 5227 vicerit,
2006 5171 2164 5227 unum
2205 5157 2342 5227 duu-

775 5222 926 5278 tuxat
974 5222 1261 5276 tribuemus
1285 5222 1457 5277 :Heam
1490 5240 1606 5292 quw
1642 5222 1907 5292 quondam
1949 5223 2073 5276 urbs
2113 5235 2248 5277 erat.
2283 5224 2340 5276 In

774 5296 907 5346 edit.
944 5298 1244 5362 νικήσειεν,
1285 5293 1341 5345 ἓν
1371 5291 1805 5362 χαλεπανοῦμεν,
1850 5294 1942 5343 καὶ
1969 5295 2036 5362 τῇ
2077 5293 2341 5362 πρότερον

775 5363 949 5416 πόλει.
998 5361 1096 5416 Bill
1129 5403 1142 5425 ,
1199 5361 1416 5424 vicerit,
1465 5378 1573 5415 rem
1625 5377 1788 5414 uuam
1841 5361 2022 5414 acerbe
2073 5361 2336 5428 feremus,

775 5448 991 5500 eamque
1042 5448 1157 5501 qua:
1210 5433 1356 5500 prius
1413 5431 1536 5485 urbs
1587 5439 1701 5485 erat
1761 5433 2010 5499 lacrumis
2063 5447 2340 5500 proseque-

778 5517 913 5552 mur.

849 5570 963 5638 (74)
1003 5569 1153 5638 Alias
1191 5567 1446 5622 CLXXII.
1487 5568 1700 5636 Scripta
1738 5569 1897 5637 paulo
1923 5578 2046 5637 post
2085 5569 2336 5637 superio-

778 5636 1006 5692 rem(—-
1035 5636 1118 5702 Τῷ
1153 5638 1335 5701 αὐτῷ.
1371 5637 1422 5690 id
1461 5649 1545 5692 est
1567 5677 1582 5700 ,
1627 5636 1937 5706 Ὀλυμπίῳ(
1973 5639 2046 5690 Ita
2097 5636 2280 5706 plures
2309 5652 2339 5691 e

775 5707 937 5761 codd.
967 5710 1206 5772 nostris;
1233 5715 1286 5759 at
1317 5707 1460 5776 [3.75,
1497 5708 1740 5776 Εὑσεὸίῳ
1773 5708 1928 5775 φίλῳ.
1967 5707 2023 5760 In
2049 5707 2179 5760 edit.
2217 5711 2340 5774 qui-

779 5777 1030 5840 husdam.
1066 5787 1119 5831 et
1153 5779 1206 5831 in
1231 5777 1353 5831 cod.
1383 5775 1516 5846 Reg.
1549 5775 1847 5846 θεμιστίῳ·
1885 5779 1962 5831 sic
1995 5779 2160 5833 etiam
2188 5777 2339 5831 Mon-

2363 4666 2410 4724 D

2509 4131 2572 4183 Τί
2608 4131 2668 4184 τὸ
2697 4130 2866 4184 πολλὰ
2896 4129 3108 4192 παθεῖν,
3143 4129 3237 4182 καὶ
3265 4129 3324 4180 τὸ
3350 4123 3408 4180 εὖ
3439 4127 3631 4180 παθεῖν
3657 4130 3768 4190 τοῖς
3800 4127 4010 4199 ἀνθρώ-ο

2436 4238 2560 4283 ποις
2600 4221 2909 4292 χαρίζεται;
2947 4221 3188 4273 διδάσκει
3235 4219 3662 4289 φιλανθρωπίαν.
3708 4219 3799 4270 κα)⁵
3839 4219 4010 4272 κλίνει

2436 4316 2548 4376 τοῖς
2588 4313 2878 4382 δεομένοις.
2930 4313 3094 4364 Οὐδὲν
3145 4313 3252 4382 γὰρ
3303 4311 3414 4380 (82)
3453 4310 3689 4364 τοιοῦτον
3737 4311 4010 4380 παίδευμα

2441 4474 2547 4519 tac.
2575 4465 2878 4533 Utrumque
2913 4464 3074 4516 habet
3108 4463 3293 4516 Morel.

2511 4536 2622 4602 (73)
2664 4536 2731 4586 Εἰ
2763 4529 2859 4586 eiul
2889 4537 2920 4586 ό
2952 4534 3156 4597 πόθος.
3194 4533 3269 4586 Ita
3303 4531 3425 4585 cod.
3455 4529 3589 4602 Reg.
3622 4530 3690 4586 R.
3721 4532 3908 4588 Morel.
3945 4549 4011 4587 ae

2441 4603 2674 4657 Combef
2724 4604 2784 4654 Εἰ
2824 4607 2980 4656 deest
3010 4604 3062 4654 in
3093 4603 3276 4655 editis.

2509 4675 2622 4742 (76)
2665 4672 2977 4742 Γργάμμασι
3030 4671 3377 4742 πιστεῦσαι.
3415 4669 3519 4742 Διιιι
3567 4670 3690 4742 eod.
3757 4681 3813 4725 et
3875 4671 4008 4742 Reg.

2439 4739 2678 4864 ἓιιιιιιιιε.
2737 4741 2924 4794 Morel.
2991 4748 3045 4793 et
3098 4741 3344 4792 Combel'.
3414 4739 3474 4793 In
3529 4741 3662 4794 edit.
3722 4741 4011 4793 πιστεῦσαι

2477 4821 2611 4864 eest.

2477 4821 2611 4865 eest.

2511 4880 2624 4948 (77)
2678 4877 3032 4948 ’Λρῤωστίαν
3048 4878 3290 4944 ταύτην.
3326 4878 3405 4931 Ita
3427 4879 3550 4932 cod.
3583 4877 3715 4948 Reg.
3745 4879 3936 4932 Morel.
3959 4888 4014 4932 et

2441 4947 2774 5022 Corpliel‘Jn
2802 4947 2934 5022 _edit.
2970 4948 3163 5022 αυτῄν.

2515 5019 2623 5086 (78)
2675 5018 2968 5086 Ὲχόντων
2994 5014 3461 5086 1’;yt§r.lta_cod.
3495 5014 3630 5084 Reg.
3669 5024 3725 5070 et
3760 5015 3830 5071 II.
3861 5017 4014 5070 Mon-

2445 5084 2552 5140 tae.
2586 5087 2771 5139 Morel.
2806 5096 2862 5138 et
2897 5084 3144 5154 Combef.
3182 5085 3236 5154 In
3267 5084 3404 5137 edit.
3428 5085 3581 5154 ἡμῶν
3609 5086 3778 5141 deest.

2516 5156 2628 5224 (79)
2675 5155 2834 5207 Ἐπεὶ
2867 5153 2946 5224 τῷ
2971 5155 3160 5224 ςθόϐῳ.
3190 5152 3268 5206 Ita
3297 5155 3419 5208 eod.
3453 5152 3516 5209 et
3557 5155 3618 5209 Β.
3653 5156 3708 5220 5,
3747 5172 3812 5209 ac
3846 5155 4013 5209 Com-

2445 5227 2552 5279 bel'.
2591 5222 2644 5276 In
2672 5226 2802 5276 edit.
2836 5223 2928 5275 ἐπὶ
2955 5222 3033 5291 τῷ
3059 5223 3231 5291 φόϐῳ.
3663 5275 3667 5279 ,

2517 5294 2628 5362 (80)
2669 5293 2931 5362 Γένοιτο,
2954 5291 3306 5362 τιό-.-μακραὶ
3336 5292 3392 5345 In
3414 5291 3546 5347 edit.
3577 5293 3639 5346 τό
3668 5293 3844 5348 deest.

2521 5358 2632 5432 (8|)
2674 5362 2823 5432 Alias
2858 5358 3114 5432 CLXXV.
3151 5359 3366 5428 Scripta
3405 5363 3594 5432 eodem
3624 5364 3842 5416 circiter
3877 5372 4011 5416 tem-

2446 5446 2595 5501 pore.
2615 5429 2683 5470 '—
2717 5429 2799 5495 Τῷ
2824 5429 3008 5501 αὐτῷ,
3039 5433 3088 5482 Id
3112 5440 3215 5501 est,
3254 5431 3552 5501 Ὀλυμπίῳ.
3577 5432 3713 5487 Cod.
3753 5432 4013 5499 Ἀλυπίῳ.

2446 5500 2583 5569 (ὶοι1.
2622 5501 2751 5568 IIeg.
2810 5500 3050 5567 Ἀλυπίῳ
3105 5499 3346 5569 ἄρχοντι.
3387 5499 3624 5556 Montae.
3669 5509 3724 5555 et
3762 5502 4015 5554 Combet‘.

2461 5568 2717 5640 Ἀλυπίῳ,
2751 5570 2832 5640 vel
2872 5568 3170 5640 Ὀλυμπίῳ,
3200 5568 3387 5624 Morel.
3420 5569 3678 5640 ’Δλυπίῳ,
3711 5572 3792 5624 vel
3825 5569 4016 5638 Ὀλυμ-

2450 5639 2577 5698 πίω,
2616 5638 2896 5691 autetiam
2929 5639 3226 5706 Παλλαδίῳ.

2487 5706 2868 5828 ,έξῖλοὺδὲν
2902 5706 3030 5776 γάρ.
3077 5707 3153 5761 Ita
3180 5705 3316 5762 cod.
3367 5717 3421 5763 et
3473 5707 3715 5764 (Zombef.
3769 5706 3826 5761 In
3878 5705 4016 5761 edit.

2487 5803 2537 5828 si
2599 5793 2706 5828 γαρ

2446 5793 2563 5829 owe
2599 5793 2706 5846 γαρ
