4348 6480
408 392 515 448 249

829 541 1022 609 euq.
1067 544 1381 616 omnum
1416 547 1547 616 (ιο).

1731 404 2067 463 ειδῐςτοιΑ
2123 404 2349 463 CXLVI.

3532 415 3637 478 250

2450 580 2453 585 -
2556 552 2639 608 CX
2652 551 2782 607 LVI.
2841 552 3164 609 OLYMPIO.

474 656 691 738 Cajteris
721 659 791 741 ad
818 659 1116 744 Olympium
1140 663 1378 744 Gregorii
1406 667 1594 744 litteris
1626 670 1956 744 adjttugenda
1978 684 2056 727 est
2086 674 2206 744 lucc,
2220 673 2467 742 epistola,
2480 690 2607 744 gua:
2640 684 2811 729 tamen
2841 676 3002 744 paulo
3028 676 3233 729 tardius
3262 675 3421 729 scribi
3443 678 3637 743 potuit.

406 725 655 780 Omnium
696 730 832 781 enim
860 725 939 796 sit,

995 733 1172 813 licunt,
1201 746 1261 813 _ut
1291 736 1368 813 ita
1406 736 1604 803 dicam,
1643 733 1959 813 libellorum,
2003 760 2130 812 quos
2170 733 2416 813 Olympio

2512 746 2745 811 regorius
2788 744 2998 807 obtulit,
3032 746 3076 797 is
3118 753 3407 811 postremus
3458 745 3640 798 haberi

943 751 953 779 1

406 749 655 810 munmm
696 749 832 781 enim
860 749 953 796 sup
995 749 1172 796 ticum,
1206 749 1261 787 ut
1293 749 1368 788 tta
1406 749 1604 803 arcam,
1643 749 1959 807 libellorum,
2003 760 2130 812 quos
2174 749 2416 813 Olympio
2464 749 2745 811 Gregorius
2788 749 2998 807 obtulit,
3032 749 3076 797 is
3118 753 3357 811 postremt

402 806 590 863 possit,
620 814 674 850 tn
705 815 805 868 quo
828 749 1060 868 prie/icti
1096 802 1467 873 benignitatem
1487 824 1520 861 a
1549 826 1603 863 se
1629 810 1939 865 exhaustam
1967 823 2018 866 et
2050 812 2257 865 tandem
2290 828 2400 880 pra:
2420 815 2705 867 saturitate
2724 814 2999 882 fastidium
3028 813 3357 883 reformidat.

473 910 641 963 Τοῦτο
670 906 739 981 ἦν
770 914 905 982 ὅπερ
937 913 1119 981 ἔλεγον
1148 915 1337 987 ὥσπερ
1367 918 1431 971 ἐκ
1461 936 1605 984 τινος
1639 923 1975 993 προφητείας
2002 932 2047 987 Α
2075 993 2083 1000 _
2147 921 2190 974 ll

1917 940 1975 986 ας
2002 932 2083 1000 Α.
2147 921 2259 975 lloc
2298 922 2509 977 scilicet
2563 932 2701 987 erat,
2751 924 2896 994 quod
2920 925 3068 979 velut
3108 940 3173 979 ex
3213 922 3474 978 vaticinio
3500 938 3634 992 quo-

404 1003 483 1064 εἰς
524 1002 701 1055 πάντα
740 1002 912 1068 δεξιοῦ
952 1020 1044 1057 σου
1082 1006 1195 1075 (ll)
1229 1008 1532 1078 τυγχάνων,
1556 1012 1649 1064 καὶ
1681 1012 1971 1082 ἀπλήστοις

401 1094 499 1163 τῆς
541 1093 642 1163 σῆς
676 1094 1011 1164 ἡμερότητος
1052 1097 1477 1169 ἐμφορούμενος,
1517 1104 1598 1156 ὅτι
1639 1102 1851 1155 δέδοικα
1898 1104 1971 1173 μὴ

403 1183 623 1236 κενώσω
670 1186 729 1237 τὸ
769 1185 1149 1256 φιλάνθρωπον
1195 1189 1349 1259 ὑμῶν
1387 1192 1444 1243 ἐν
1489 1195 1600 1256 τοῖς
1648 1193 1967 1265 ἀλλοτρίοις.

415 1273 544 1326 Ἰδοὺ
576 1275 683 1345 γὰρ
716 1277 864 1344 ἀγὼν
886 1278 1015 1347 ἐμὸς
1049 1278 1227 1351 (εἴπερ
1253 1281 1383 1350 ἐμὸς
1412 1284 1543 1351 (12),
1578 1287 1604 1337 ὁ
1636 1285 1743 1337 τῶν
1776 1285 1967 1355 ἐμῶν),

401 1364 495 1417 καὶ
530 1366 589 1417 οὐ
628 1366 763 1436 μετά
794 1367 892 1437 τῆς
932 1368 1052 1439 ἴσης
1088 1373 1395 1441 παρρησίας
1434 1374 1689 1444 ποιοῦμαι
1726 1378 1849 1438 τοὺς
1892 1376 1971 1428 λό-

400 1469 550 1519 γους.
612 1456 833 1526 Πρῶτον
872 1461 972 1528 μὲν
1011 1462 1093 1513 ὅτι
1132 1462 1282 1530 ἐμός.
1330 1464 1401 1515 Τὸ
1444 1465 1551 1536 γὰρ
1592 1466 1731 1536 ὑπὲρ
1773 1466 1966 1519 ἑαυτοῦ

398 1541 624 1603 δεῖσθαι,
677 1547 725 1597 εί
772 1549 864 1600 καὶ
917 1550 1348 1622 χρησιμώτερον,
1390 1554 1523 1607 ἀλλὰ
1568 1557 1965 1627 ταπεινότερον.

405 1633 631 1688 Ἔπειτα
665 1638 951 1709 ὑφορῶμαι
984 1641 1072 1693 τὸν
1104 1642 1261 1713 κόρον
1293 1644 1369 1707 ὡς
1400 1644 1461 1697 τὸ
1493 1647 1589 1715 ἡδὺ
1623 1646 1833 1710 λύοντα,
1876 1649 1969 1700 καὶ

402 1727 564 1777 πᾶσιν
614 1729 1022 1798 ἐναντιούμενον
1081 1735 1193 1795 τοῖς
1248 1734 1453 1797 καλοῖς.
1518 1737 1670 1805 Ἔχει
1728 1738 1823 1806 μὲν
1877 1734 1969 1790 οὖν

398 1816 542 1869 οὕτω
573 1819 766 1882 ταῦτα,
814 1824 906 1873 καὶ
940 1820 1144 1885 εἰκάζω
1178 1823 1290 1892 (13)
1322 1824 1438 1877 λίαν
1478 1824 1671 1895 ὀρθῶς.
1702 1830 1887 1895 Ὅμως
1913 1826 1968 1878 δὲ

398 1907 479 1976 τῷ
504 1925 562 1960 τε
602 1908 721 1979 Θεῷ
758 1911 1003 1983 Θαρρὦν,
1046 1907 1090 1981 ᾧ
1131 1915 1452 1985 παρέστηκα
1492 1915 1633 1983 (14),
1666 1917 1762 1969 καὶ
1798 1919 1861 1987 τῇ
1901 1919 1969 1987 σῇ

400 1999 529 2068 περὶ
570 2000 631 2051 τὸ
674 1997 732 2053 εὖ
784 2006 957 2055 ποιεῖν
1001 2001 1113 2074 (15)
1161 2005 1567 2078 μεγαλοψυχίᾳ,
1613 2008 1711 2079 τὴν
1766 2009 1972 2062 ἱκεσίαν

397 2088 602 2159 ταύτην
631 2091 929 2164 ἐθάρρησα.

2069 1014 2192 1067 dam
2215 1014 2484 1077 dicebam,
2511 1029 2635 1067 cum
2676 1026 2728 1071 te
2772 1016 2827 1069 in
2870 1016 3122 1069 omnibus
3153 1015 3316 1069 rebus
3348 1014 3638 1067 commodo

2069 1111 2123 1156 et
2150 1103 2409 1159 benevolo
2457 1118 2657 1169 uterer,
2688 1120 2753 1159 ac
2792 1115 2884 1160 tua
2934 1105 3155 1159 lenitate
3186 1110 3347 1172 atque
3374 1102 3638 1157 facilitate

2071 1193 2381 1261 inexplebili
2455 1197 2689 1264 quadam
2738 1194 3000 1249 aviditate
3068 1210 3156 1248 me
3206 1193 3632 1263 ingurgitarem;

2071 1298 2263 1352 nempe
2296 1300 2381 1339 me
2411 1289 2605 1350 vereri,
2640 1301 2707 1339 ne
2734 1286 3126 1354 benignitatem
3154 1290 3393 1336 vestram
3428 1282 3481 1334 in
3512 1281 3636 1334 alic-

2070 1372 2158 1425 nis
2205 1375 2369 1428 rebus
2398 1375 2767 1435 exhaurirem.
2797 1374 2931 1428 Nam
2968 1388 3096 1428 ecce
3122 1371 3417 1426 discrimen
3454 1385 3633 1424 meum

2072 1462 2362 1532 (siquidem
2398 1481 2576 1519 memu
2614 1474 2717 1527 est,
2747 1459 2890 1534 quod
2942 1478 3186 1519 meorum
3216 1462 3323 1531 est)
3356 1475 3499 1516 :nec
3521 1460 3635 1529 jam

2075 1556 2188 1621 pari
2220 1572 2343 1608 cum
2378 1557 2576 1627 ﬁducia
2596 1558 2995 1624 verborumque
3025 1556 3275 1609 libertate
3291 1564 3342 1609 te
3365 1553 3632 1622 alloquor.

2072 1643 2483 1717 Primum,quia
2532 1664 2710 1702 meum
2746 1658 2851 1703 cst.
2891 1646 3026 1701 Nam
3061 1663 3158 1716 pro
3200 1648 3380 1715 seipso
3420 1659 3633 1714 regare,

2068 1753 2379 1807 quanquam
2432 1739 2621 1793 utilius
2684 1748 2847 1808 atque
2898 1737 3326 1798 conducibilius,
3374 1733 3634 1788 humilius

2070 1836 2249 1880 tamen
2295 1836 2350 1880 et
2409 1826 2676 1895 abjectius
2730 1836 2835 1882 est.
2878 1825 3083 1882 Deinde
3117 1826 3243 1896 quia
3297 1825 3634 1880 saturitatem

2071 1928 2381 1987 suspectam
2414 1919 2611 1982 habeo,
2650 1929 2707 1973 ut
2731 1934 2851 1989 qua!
2892 1920 3218 1975 suavitatem
3250 1917 3553 1985 extinguat,
3580 1920 3635 1966 et

2073 2009 2318 2077 pulchris
2371 2009 2626 2063 omnibus
2688 2010 2854 2063 rebus
2912 2010 3252 2065 adversetur.
3304 2009 3482 2075 Atque
3523 2004 3636 2057 haec

2073 2102 2292 2169 quidem
2325 2102 2397 2154 ita
2436 2117 2496 2155 se
2554 2101 2774 2166 habent,
2811 2116 2874 2155 ac
2910 2115 3170 2170 perquam
3202 2106 3348 2153 recte
3376 2094 3633 2164 coniicio.

398 2182 765 2240 Nihilominus
792 2198 971 2241 tamen
1006 2186 1138 2253 Deo,
1174 2190 1263 2244 cui
1297 2198 1439 2258 asto,
1474 2198 1677 2262 tuaque
1705 2192 1759 2246 in
1801 2192 2080 2249 beneﬁciis
2131 2191 2331 2249 dandis
2389 2194 2715 2249 liberalitate
2754 2194 2950 2258 fretus,
2994 2195 3137 2247 hanc
3199 2191 3295 2245 tibi
3359 2188 3634 2259 supplica—

399 2278 601 2331 tionem
630 2279 824 2335 oﬂ'erre
856 2282 1079 2337 minime
1106 2283 1371 2339 dubitavi.

474 2370 655 2423 Ἔστω
688 2372 944 2435 κάκιστος
984 2374 1201 2427 πάντων
1246 2376 1590 2441 Νικόὄουλος,
1617 2377 1677 2441 ὃς
1707 2377 1764 2430 ἐν
1801 2378 1974 2433 ἀδικεῖ
2006 2392 2046 2449 Β
2143 2373 2191 2429 Si

1916 2380 1974 2432 ιεῖ
2006 2392 2046 2449 Β
2143 2373 2226 2429 Sit
2254 2389 2386 2429 sane
2418 2374 2731 2429 mortalium
2764 2373 3007 2428 omnium
3051 2370 3505 2427 sceleratissimus
3537 2370 3633 2425 Ni-

404 2459 563 2528 μόνον
607 2462 689 2513 ὅτι
730 2462 796 2515 δι’
824 2465 973 2533 ἡμᾶς
1016 2466 1163 2518 ἐστιν
1209 2466 1497 2537 ἐπίφθονος
1544 2467 1685 2537 (16),
1728 2471 1820 2523 καὶ
1870 2470 1963 2523 τοῦ

398 2549 609 2615 δέοντος
645 2552 1113 2625 ὲλευθεριὼτερος.
1155 2557 1336 2611 Ἔστω
1374 2558 1466 2611 καὶ
1501 2558 1837 2625 δικαιότατος
1874 2562 1968 2614 άν-

400 2640 653 2709 θρώπων,
676 2644 704 2694 ὁ
729 2642 823 2695 νῦν
850 2647 981 2714 ἡμῖν
1016 2646 1286 2715 πολεμῶν.
1319 2649 1655 2720 Αἰσχύνομαι
1694 2652 1803 2722 γὰρ
1834 2670 1966 2705 κατ-

399 2737 616 2804 ηγορεῖν
644 2735 737 2788 ἐπὶ
769 2735 869 2804 τῆς
901 2738 998 2807 σῆς
1032 2737 1341 2809 ὀρθότητος,
1370 2734 1431 2791 οὗ
1459 2741 1647 2812 πρώην
1688 2743 1966 2813 ὖπερεμά-

398 2841 549 2892 χουν·
574 2825 689 2878 ἀλλ’
718 2828 818 2880 οὐκ
845 2824 959 2881 οἶδα
991 2828 1044 2881 si
1069 2847 1152 2883 σοι
1190 2834 1601 2902 παραστήσεται
1629 2832 1832 2887 δίκαιον
1853 2837 1965 2905 (17)

398 2915 542 2985 ὑπὲρ
592 2916 766 2969 ἄλλων
809 2919 1243 2991 ἁμαρτημάτων,
1293 2923 1353 2975 ὲν
1399 2923 1576 2985 ἀλλοις
1622 2925 1966 2979 ἀπαιτεῖσθαι

396 3005 576 3075 δίκην,
607 3008 700 3059 καὶ
731 3008 936 3061 τούτων
965 3010 1282 3081 ἀλλοτρίων,
1305 3012 1400 3065 καὶ
1423 3013 1540 3066 οὐδὲ
1563 3014 1843 3067 ἑκουσίων·
1876 3017 1967 3069 τὸν

396 3095 541 3148 οὕτω
562 3098 681 3167 κινή
691 3114 859 3150 σαντα
880 3100 1006 3163 τοὺς
1022 3101 1257 3165 οίκέτας,
1276 3103 1368 3154 καὶ
1385 3102 1637 3155 τοσοῦτον
1660 3105 1969 3176 ἀγανακτή-

400 3202 589 3249 σαντα,
620 3186 759 3240 ὦστε
793 3188 1031 3243 ἐνδοῦναι
1073 3191 1152 3261 τῷ
1185 3193 1503 3259 ἐγκαλοῦντι
1537 3193 1963 3265 προθυμότερον,

398 3276 543 3346 ἥπερ
594 3279 799 3341 ἐκεῖνος
860 3281 969 3350 (18)
1017 3281 1297 3346 ὲὸούλετος
1350 3283 1510 3338 Ἀλλὰ
1560 3284 1642 3335 δεῖ
1698 3284 1967 3337 δουλεύειν

399 3368 758 3433 Νικόϐουλον,
804 3370 837 3439 ἦ
892 3372 1017 3434 τοὺς
1062 3372 1250 3426 τούτου
1301 3374 1522 3437 παῖδας,
1578 3375 1607 3426 ὃ
1654 3375 1802 3427 δοκεῖ
1854 3378 1969 3438 τοῖς

399 3459 760 3529 ὲπηρεάζουσι
794 3460 906 3528 (19)
927 3476 941 3524 ;
963 3462 1285 3532 αἰσχύνομαι
1317 3464 1426 3534 γὰρ
1453 3465 1552 3533 τὴν
1582 3465 1837 3517 ὑπόθεσιν
1870 3466 1967 3534 τῆς

399 3551 662 3620 ἐπηρείας
701 3553 794 3604 καὶ
836 3552 930 3604 τὸν
977 3553 1182 3623 καιρὸν,
1223 3555 1272 3605 εί
1316 3554 1407 3605 σοῦ
1450 3572 1509 3607 τε
1549 3556 1825 3625 ἄρχοντος,
1874 3557 1968 3607 καὶ

398 3642 557 3711 ἡμῶν
612 3644 760 3713 παρά
811 3644 893 3697 σοὶ
943 3645 1254 3714 δυναμένων
1304 3646 1460 3698 τοῦτο
1502 3649 1807 3717 γενήσεται.
1856 3646 1967 3698 Νῦν

2065 2467 2317 2532 cobulus,
2364 2467 2520 2535 cujus
2567 2466 2671 2520 hoc
2738 2482 2905 2518 unum
2960 2466 3223 2518 duntaxat
3286 2464 3466 2518 scelus
3517 2474 3623 2529 est,

2065 2557 2211 2627 quod
2250 2564 2472 2627 propter
2494 2571 2595 2611 nos
2641 2555 2946 2611 invidiosus
2983 2570 3046 2608 ac
3087 2555 3311 2609 liberior
3335 2562 3440 2618 est,
3470 2571 3633 2624 quam

2066 2664 2164 2718 par
2192 2650 2285 2702 sit.
2319 2647 2402 2701 Sit
2430 2649 2557 2702 item
2611 2663 2829 2703 rursum
2878 2648 3122 2701 onmium
3167 2646 3515 2715 iustissimus
3564 2647 3633 2712 is,

2065 2742 2323 2809 quinunc
2356 2754 2459 2793 nos
2488 2747 2788 2809 oppugnat.
2822 2738 2990 2793 Pudet
3018 2739 3163 2793 enim
3196 2752 3282 2792 me
3314 2737 3455 2806 apud
3488 2748 3633 2791 tuam

2065 2829 2430 2899 integritatem
2447 2844 2572 2882 eum
2598 2843 2857 2882 accusare
2877 2845 3038 2897 quem
3064 2844 3238 2898 nuper
3258 2828 3634 2883 defendebam.

2065 2919 2133 2971 At
2155 2917 2295 2971 haud
2329 2918 2445 2971 scio
2478 2932 2547 2970 an
2598 2916 2758 2987 124
2795 2932 3010 2985 aequum
3073 2918 3487 2971 existimaturus
3535 2917 3634 2979 sis,

2066 3011 2132 3064 de
2172 3011 2369 3064 alienis
2400 3012 2640 3080 peccatis
2680 3025 2871 3080 poenas
2909 3012 2977 3064 ab
3024 3010 3148 3064 aliis
3181 3009 3382 3078 expeti,
3408 3008 3477 3063 de
3514 3009 3637 3062 alie-

2068 3103 2175 3163 nis,
2215 3102 2461 3171 inquam,
2490 3116 2553 3155 ac
2583 3118 2650 3156 ne
2680 3102 3009 3155 voluntariis
3037 3100 3257 3171 quidem
3289 3120 3303 3154 :
3338 3100 3391 3153 in
3426 3100 3635 3153 crimen

2066 3194 2247 3247 vocari
2313 3192 2616 3257 hominem,
2650 3193 2745 3261 qui
2795 3208 2969 3262 usque
3022 3192 3160 3246 adeo
3210 3190 3447 3245 famulos
3502 3205 3635 3244 suos

2069 3285 2356 3353 permovit,
2414 3284 2605 3352 sicque
2664 3298 2777 3336 rem
2817 3284 3035 3352 indigne
3067 3283 3211 3345 tulit,
3241 3289 3300 3334 ut
3331 3280 3635 3335 accusatori

2067 3374 2372 3443 promptius
2426 3376 2616 3435 etiam,
2658 3389 2819 3443 quam
2866 3375 2958 3427 ille
2998 3373 3232 3434 volebat,
3265 3371 3635 3427 cesserit?Au

2068 3474 2350 3533 propterea
2399 3462 2745 3527 Nicobulum,
2776 3472 2869 3517 aut
2907 3464 3027 3531 ejus
3060 3477 3277 3532 pueros,
3313 3462 3367 3515 in
3401 3462 3637 3515 servitu-

2068 3562 2177 3608 tem
2228 3554 2422 3607 adduci
2474 3554 2781 3621 oportebat;
2831 3552 3286 3621 quemadmodum
3314 3551 3382 3604 iis
3404 3550 3497 3620 qui
3530 3550 3635 3620 ipsi

2070 3643 2251 3698 infesti
2275 3653 2423 3707 sunt,
2448 3644 2662 3712 placet?
2712 3643 2837 3696 Mihi
2864 3645 3011 3697 enim
3042 3642 3301 3712 pudorem
3326 3641 3521 3694 incutit
3553 3642 3639 3693 in-

400 3730 675 3800 βοηθεῖται
717 3730 788 3783 τά
833 3731 1099 3801 δημόσιας
1155 3732 1247 3785 νῦν
1297 3732 1516 3797 αὔξεται
1567 3733 1635 3785 τὰ
1690 3722 2035 3804 βουλευτήυο
2065 3736 2117 3806 ju

1921 3735 1967 3804 ἡ·
1993 3722 2035 3779 ‘3
2065 3736 2225 3806 iuriae
2243 3750 2409 3790 causa
2444 3744 2785 3806 tempusque,
2811 3736 2878 3797 si,
2904 3744 2955 3789 te
2979 3734 3227 3804 prieside,
3251 3748 3314 3787 ac
3342 3748 3465 3787 cum
3492 3733 3638 3801 apud

402 3839 493 3893 ρια
515 3822 628 3890 (2η)
650 3861 666 3887 ,
692 3823 784 3875 ὅτε
806 3822 967 3874 λυπεῖ
997 3822 1066 3875 τὰ
1100 3822 1239 3885 ῐδιας
1268 3824 1576 3894 Μηδαμῶς,
1607 3818 1651 3876 ὦ
1675 3823 1962 3894 θαυμάσιε,

401 3913 479 3980 μὴ
514 3909 672 3963 τοῦτο
716 3912 1051 3981 παραστήτω
1075 3914 1139 3981 τῇ
1174 3914 1237 3982 σῇ
1273 3911 1626 3983 καθαρότητι.
1652 3912 1809 3966 Ἀλλὰ
1844 3930 1957 3965 συν-

398 4003 481 4065 εὶς
524 4002 623 4072 μὶν
662 4001 740 4072 τῷ
777 4001 965 4072 πτηνῷ
999 4002 1153 4072 τάχει
1199 4006 1298 4073 τῆς
1333 4003 1571 4066 διανοίας
1618 4003 1717 4075 τὴν
1761 4004 1854 4073 ἀφ’
1897 3998 1966 4074 ἦς

397 4092 571 4147 ταῦτα
604 4093 810 4161 γίνεται
855 4094 1200 4162 κακοήθειαν,
1246 4094 1513 4157 αίδεσθεὶς
1551 4094 1606 4147 δὲ
1646 4096 1794 4163 ἡμᾶς
1840 4095 1966 4158 τοὺς

400 4186 528 4248 σοὺς
550 4184 859 4246 ἐπαινέτας,
889 4183 1267 4253 φιλάνθρωπον
1292 4184 1513 4237 σεαυτὸν
1542 4184 1824 4254 παράσχου
1856 4186 1965 4246 τοῖς

398 4275 737 4346 κινουμένοις
777 4276 970 4346 κριτὴν
1012 4273 1148 4344 (21),
1191 4275 1267 4338 ὡς
1311 4276 1409 4327 οὐκ
1456 4273 1762 4345 ἀνθρώποις
1807 4274 1965 4343 μόνον

469 4455 583 4525 (10)
617 4455 763 4525 Alias
795 4452 1073 4507 CLXXIX.
1106 4454 1319 4525 Scripta
1358 4454 1547 4525 eodem
1580 4455 1802 4525 circiter
1828 4461 1965 4506 tem-

398 4522 640 4594 pore.'_-—
671 4524 982 4594 Ὀλυμπίῳ.
1014 4524 1151 4594 God.
1183 4522 1339 4578 Pass.
1384 4524 1665 4593 Ὀλυμπίῳ
1721 4524 1961 4594 ἄρχοντι.

400 4591 534 4647 Cod.
570 4591 630 4647 Β.
666 4593 720 4647 3.
757 4591 998 4661 Εὑσεὸίῳ
1025 4592 1181 4661 φίλῳ.
1517 4591 1523 4592 ί
1634 4591 1642 4593 “
1762 4591 1773 4594 ⁷

473 4662 583 4714 (11)
618 4662 825 4714 Δεειοῦ
862 4676 1000 4713 σου.
1066 4661 1295 4714 Montac.
1329 4667 1385 4713 et
1438 4659 1624 4714 Morel.
1668 4659 1837 4714 δεξιός
1859 4676 1939 4711 σοι

473 4662 583 4729 (11)
618 4662 825 4724 Δεξιοῦ
862 4676 1000 4713 σου.
1066 4661 1295 4715 Montac.
1329 4667 1385 4713 et
1438 4661 1624 4714 Morel.
1668 4661 1837 4723 δεξιός
1859 4676 1960 4712 σοι.

470 4731 582 4816 si?!
608 4730 977 4816 ξίτεξερ.έιξέσ·
1003 4732 1068 4816 ἔρ
1085 4729 1222 4816 ςοά..
1240 4728 1543 4816 Faustae.
1565 4730 1960 4816 seruasse;

470 4797 584 4867 (15)
606 4801 715 4854 Kal
749 4798 973 4857 εἰκάζω.
1000 4800 1135 4851 Cod.
1182 4797 1315 4866 Reg.
1372 4798 1606 4851 Montac.
1677 4798 1864 4851 Morel.
1910 4805 1965 4851 et

402 4869 645 4923 Comhef.
671 4870 766 4919 κα).
798 4868 872 4929 ὡς
890 4866 1114 4929 εἰκάζω,
1145 4877 1299 4935 atque
1327 4879 1381 4919 ut
1408 4868 1649 4930 coniicio.

472 4938 582 5005 (14)
615 4937 980 5003 Παρέστηκα.
1016 4936 1089 4989 Ita
1124 4937 1242 4989 rod.
1282 4944 1337 4989 et
1373 4936 1502 5005 Reg.
1547 4946 1598 4987 ιιι
1634 4936 1787 4991 Pass.
1824 4936 1967 4988 Mon-

399 5015 506 5059 tac.
542 5006 727 5060 Morel.
767 5020 831 5058 ac
858 5005 1129 5067 Combel.,
1175 5007 1364 5074 sicque
1401 5007 1529 5074 legit
1562 5006 1683 5058 Bill.
1726 5008 1780 5059 In
1827 5006 1958 5059 edit.

398 5076 773 5144 παρέστησαν.

470 5145 590 5226 (1Ξῇ
606 5144 743 5211 Περὶ
786 5142 850 5226 τι)
905 5137 974 5195 εὖ
991 5142 1224 5226 τποιεῖτ.
1263 5140 1354 5226 _lta
1563 5141 1961 5226 et‘R._\’erum

397 5214 525 5266 cod.
551 5210 689 5279 Heg.
715 5211 843 5281 περί
868 5228 921 5262 τι
958 5210 1017 5263 εὖ
1045 5214 1236 5265 ποιεῖν.
1263 5210 1319 5264 1η
1350 5210 1480 5264 edit.
1517 5214 1645 5281 περὶ
1673 5212 1786 5265 τοῦ.

474 5282 581 5311 [HM
625 5279 827 5311 ’ΒΑ-οι..
850 5280 1168 5311 ὁσΙ-ρηωιυ.
1209 5279 1440 5311 anknl'
1472 5300 1484 5311 .
1514 5280 1711 5311 Iun-3A2-
1735 5282 1783 5311 Ιι.

474 5282 581 5347 (Ili)
625 5279 827 5335 Ἐστὶό⁴⁵
844 5279 1440 5346 ἐπίφθονος.ϐοιη1)ε1
1472 5279 1711 5335 :lutiidia
1732 5282 1961 5342 laborat,

398 5362 494 5403 aut
528 5352 751 5433 incidite
796 5350 1037 5433 habetur,
1090 5348 1209 5433 Bill.
1264 5348 1473 5433 1.395453
1524 5350 1752 5433 ﬂagrat,
1800 5349 1959 5433 .quod

400 5420 574 5487 magis
604 5421 840 5471 activum
868 5418 1099 5471 videtur.
1130 5417 1271 5477 Mox,
1304 5417 1767 5488 ἐλευθερώτερος.
1796 5420 1959 5472 Com-

400 5488 511 5541 hel'.
570 5487 881 5541 Liberaliori
901 5488 1136 5556 ingenio,
1177 5489 1261 5539 vir
1299 5488 1506 5542 scilicet
1553 5488 1839 5556 ingenuus,
1869 5488 1957 5541 cui

399 5556 649 5625 opponit,
678 5557 823 5625 quod
848 5554 1183 5625 addiceudus
1215 5557 1279 5608 sit
1318 5556 1581 5625 servituti.

470 5626 583 5689 (17)
640 5624 1095 5691 Πὰραστήσεται
1144 5625 1396 5678 δίκαιον.
1446 5624 1581 5678 Cod.
1637 5625 1696 5677 τὸ
1733 5626 1959 5685 δίκαιον,

406 5695 545 5763 quod
570 5693 803 5763 Combe!
826 5691 1016 5763 :rNum
1032 5694 1125 5760 jus
1143 5694 1236 5747 tibi
1260 5710 1635 5760 persuasurum
1651 5696 1835 5757 sit.ut,
1855 5704 1961 5748 etc.

472 5763 585 5829 (18)
637 5761 788 5816 Οὐδὲ
841 5762 1169 5817 ἑκουσίων·
1238 5763 1504 5816 rbi-05nd
1560 5763 1959 5829 κινήσαντα...

2071 3834 2125 3881 ιε
2154 3826 2255 3896 ipsi
2282 3826 2581 3888 valeamus,
2608 3826 2739 3879 illud
2768 3826 3068 3894 contingat.
3097 3823 3325 3877 Nuncne
3349 3822 3464 3876 lisci
3486 3837 3637 3874 com-

2071 3917 2248 3972 modis
2310 3915 2655 3970 consulitur?
2699 3914 2925 3969 Nuucne
2988 3922 3255 3983 augentur
3304 3912 3633 3973 tribunalia,

2070 4006 2199 4058 dum
2236 4020 2324 4059 res
2354 4005 2577 4074 privata:
2626 4003 2911 4057 laborant?
2940 4001 3035 4065 Ne,
3079 4017 3285 4072 quaeso,
3332 4002 3418 4053 vir
3462 4001 3635 4053 admi-

2072 4096 2264 4157 rande,
2292 4110 2359 4149 ne
2402 4097 2526 4156 hoc,
2585 4094 2832 4163 inquam,
2870 4093 3096 4163 puritati
3127 4103 3290 4162 atque
3336 4091 3633 4159 integritati

2074 4194 2179 4240 tute
2213 4189 2266 4239 iu
2298 4194 2530 4240 mentem
2578 4186 2780 4239 veniat.
2817 4184 3017 4239 Verum
3050 4199 3150 4253 pro
3191 4183 3399 4236 volucri
3435 4182 3634 4251 ingenii

2071 4276 2149 4328 tui
2199 4275 2478 4330 celeritate
2541 4288 2605 4327 ac
2661 4273 2996 4343 perspicacia
3047 4272 3446 4342 improbitatem
3491 4286 3632 4330 eam,

2069 4451 2593 4520 ἀγανακτήσαντα,
2629 4450 2785 4505 ὥστε
2824 4451 3167 4505 ἐνδοῦναι...
3202 4451 3354 4519 ἥπερ
3384 4449 3632 4520 ἐκεῖνος.

2072 4519 2148 4591 ita
2178 4522 2301 4574 cod.
2342 4522 2469 4591 Reg.
2513 4522 2575 4591 It.
2632 4531 2686 4577 et
2739 4520 2892 4577 Pass.
2947 4520 3134 4574 Morel.
3168 4536 3230 4573 ac
3280 4520 3522 4591 Comhef.
3567 4519 3634 4591 ᾼι

2072 4590 2303 4644 Montane.
2350 4586 2445 4643 τὸν
2487 4590 2609 4660 οὔτε
2649 4593 3011 4660 κινήσαντα...
3052 4590 3520 4660 ἀγανακτήσαντα.
3574 4586 3631 4640 In

2069 4660 2200 4713 edit.
2243 4661 2363 4713 οὐδὲ
2426 4659 2686 4711 ἑκουσίων
2729 4658 2853 4722 τοὺς
2890 4658 3012 4711 οὕτε
3070 4660 3464 4727 κινήσαντας...
3498 4659 3631 4727 ἀγατ

2071 4733 2461 4800 νακτήσαντας,
2501 4727 2654 4800 time
2693 4728 3010 4782 ἐκδοῦναι...
3044 4725 3200 4800 εἰπερ
3229 4730 3454 4800 ἐκεῖνος,
3489 4725 3630 4800 qtmd

2072 4796 2191 4852 Bill.
2226 4796 2238 4853 Ξ
2276 4798 2348 4851 De
2372 4798 2581 4859 alienis,
2638 4798 2875 4866 inquam,
2908 4813 2969 4850 ac
2999 4814 3061 4850 ne
3090 4796 3398 4851 roluntariis
3415 4796 3631 4866 quidem

2069 4883 2273 4935 prunam
2302 4868 2368 4919 iis
2385 4867 2634 4934 irrogari,
2658 4865 2748 4935 qui
2775 4885 2864 4920 nec
2881 4867 3110 4934 famulos
3133 4883 3255 4919 suos
3277 4865 3627 4935 concitarunt,

2072 4932 2460 5003 admissumque
2499 4932 2708 5002 laciniis
2751 4932 2889 4989 adeo
2919 4936 3133 5003 indigno
3153 4945 3203 4987 et
3247 4932 3432 4987 acerbo
3454 4933 3631 4985 animo

2072 5007 2324 5067 tulerunt,
2357 5014 2413 5056 ut
2438 5022 2538 5073 eos
2588 5006 2889 5059 accusatori
2921 5007 3211 5073 promptius
3266 5005 3425 5057 etiam
3471 5018 3629 5071 quant

1995 5061 2037 5115 Ῑ)
2066 5074 2264 5128 volebat
2292 5061 2606 5127 dediderint.

2134 5144 2245 5210 (19)
2286 5142 2413 5207 Τοῖς
2468 5142 2879 5210 ἐπηρεάζουσι.
2916 5144 3045 5207 Quae
3083 5149 3387 5209 sequuntur
3433 5140 3631 5210 desunt

2062 5213 2117 5265 in
2133 5208 2287 5278 etlit.;
2327 5213 2421 5267 sed
2446 5208 2909 5266 restituunteodd.
2944 5213 3071 5280 Reg.
3107 5208 3175 5272 Β,
3205 5211 3262 5263 8.
3294 5212 3346 5271 Ξ,
3374 5218 3426 5262 ει
3467 5208 3621 5262 Pass.

2063 5281 2251 5335 Morel.
2294 5290 2348 5335 et
2397 5280 2663 5342 Comhel'..
2719 5282 2833 5349 ipse
2865 5279 3033 5335 etiam
3080 5280 3339 5345 Montac.,
3380 5279 3507 5331 licet
3546 5279 3628 5331 vi-

2062 5356 2219 5405 liose.

2136 5419 2247 5487 (20)
2276 5418 2406 5473 Νῦν
2451 5418 2693 5480 αὔξεται
2729 5417 2801 5470 τὰ
2842 5416 3187 5487 βουλεητήρ

2067 5484 2238 5541 εοᾱᾱῖ
2270 5489 2461 5549 nostri,
2497 5487 2682 5540 Morel.
2735 5495 2789 5539 et
2836 5484 3080 5540 Uomhef.
3129 5486 3183 5538 In
3209 5486 3337 5538 edit.
3378 5485 3446 5538 τά
3474 5484 3626 5548 αὔξει

2064 5557 2133 5609 τὰ
2159 5557 2531 5625 βουλευτήρια,
2575 5556 2859 5623 redditque
2909 5554 3041 5625 Bill.
3084 5554 3301 5606 Nuncne
3339 5554 3626 5625 tribunalia

2068 5623 2296 5694 augebit,
2336 5623 2454 5677 cum
2482 5641 2599 5677 eum
2638 5641 2719 5677 res
2747 5625 2967 5692 privata:
2988 5623 3354 5694 discruciant?

2139 5689 2253 5761 (Ἡ)
2295 5694 2419 5758 Τοῖς
2474 5689 2849 5761 κινουμένοις
2898 5692 3125 5761 κριτήν.
3154 5690 3258 5761 ,ιιι
3290 5689 3451 5745 codd.
3493 5689 3627 5761 Reg.

2069 5774 2121 5817 ct
2174 5759 2323 5818 Pass.
2373 5764 2558 5816 Morel.
2618 5759 2866 5818 (lombcf.
2896 5768 2949 5815 et
2981 5759 3080 5814 Bill
3151 5760 3204 5815 in
3240 5761 3524 5827 versione;
3573 5760 3628 5812 in

3192 5433 3269 5470 ta.
3311 5418 3389 5469 Ita
3438 5431 3627 5469 omnes
