4348 6480
715 405 824 463 255

1929 402 1985 461 S.
2027 405 2356 467 GREGORII
2393 403 2734 464 THEOLOGI

3849 396 3960 453 256

717 517 938 568 modum
969 514 1098 582 ipsw
1130 529 1347 583 quoque
1373 514 1651 586 plagarum
1685 524 1826 570 nota:
1853 516 2096 573 indicant
2125 523 2150 574 ?
2182 520 2294 576 lloc
2322 528 2365 583 Α
2399 541 2434 593 μ

2236 537 2294 576 oc
2322 528 2365 583 Α
2399 523 2554 593 μεϊα,
2582 517 2741 571 τοῦτο
2775 513 3119 585 τεθαύμακα.
3159 513 3250 586 Μὴ
3293 514 3472 568 τοίνυν
3511 513 3800 583 παρέργως
3827 513 3953 581 δέξῃ

718 601 1177 656 sane‘demiratus
1209 618 1352 657 sum.
1386 602 1656 668 Quocirca
1690 619 1758 657 ne
1787 603 1839 656 id
1862 644 1877 667 ,
1915 607 2058 675 quod
2088 606 2288 663 factum

716 702 819 753 est,
858 691 1134 762 susdeque
1192 693 1466 760 accipias;
1498 708 1684 747 verum
1717 696 1863 765 quod
1889 697 2113 761 accidit,
2147 699 2290 768 ipse-

719 791 826 835 met
855 782 923 836 ad
969 799 1069 838 nos
1101 783 1402 854 profectus,
1432 784 1593 839 nobis
1630 787 2044 856 expone._Adsit
2072 805 2290 859 quoque

714 874 981 930 diaconus
1013 875 1149 942 ipse.
1179 883 1237 926 ut
1264 875 1535 935 criminis,
1567 876 1726 944 cujus
1771 876 2092 940 arcessitur,
2127 880 2292 931 ratio-

715 979 840 1018 nem
888 966 1102 1027 subeat,
1137 979 1202 1018 ac
1233 964 1300 1019 de
1349 966 1586 1020 hominis
1633 967 1824 1019 obtriti
1869 967 1980 1020 vita
2021 969 2283 1033 judicium

714 1054 972 1122 excipiat.
1016 1052 1202 1123 Neque
1247 1054 1392 1108 enim
1439 1065 1546 1108 tam
1573 1064 1733 1125 turpe
1760 1065 1923 1126 atque
1965 1059 2281 1112 indecorum

716 1144 928 1197 facinus
963 1144 1018 1198 in
1069 1147 1277 1200 nostris
1328 1147 1721 1215 prapemodum
1753 1148 1930 1202 oculis
1982 1146 2282 1217 perpetrari

715 1235 859 1290 ferre
889 1252 1201 1306 possumus.

1171 1366 1325 1435 127
1363 1365 1470 1420 CL.
1507 1363 1824 1422 ASTERIO.

2390 611 2452 665 τὸ
2477 608 2728 679 γεγονὸς,
2779 604 2914 658 ἀλλὰ
2958 605 3020 658 τὺ
3076 605 3288 676 συμϐὰν
3308 643 3323 669 ,
3363 602 3533 656 ἐλθὼν
3568 602 3654 656 διὰ
3693 600 3919 654 σεαυτοῦ
3940 639 3954 662 ,

2394 699 2742 770 παράστησον
2785 697 2939 766 ἡμῖν.
2983 694 3248 764 Παρέστω
3272 694 3330 746 δὲ
3371 694 3465 746 καὶ
3492 695 3520 746 ὁ
3554 693 3816 754 διάκονος,
3863 691 3956 743 καὶ

2389 791 2546 858 λόγον
2575 788 2785 856 ὑφέξων
2831 786 2931 857 τῆς
2961 785 3317 856 κατηγορίας,
3364 784 3457 837 καὶ
3503 782 3670 835 τύπον
3715 781 3955 851 ληψόμε-

2392 897 2480 943 νος
2507 881 2618 949 (49)
2661 879 2789 949 περὶ
2834 881 2933 948 τῆς
2973 877 3067 929 τοῦ
3107 875 3479 947 συντριϐέντος
3525 873 3689 941 ζωῆς.
3731 872 3806 923 Οὐ
3847 869 3956 940 γὰρ

2391 969 2696 1040 ἀνεχόμεθα
2720 966 2976 1036 τοιαύτην
3014 965 3400 1036 ἀσχημοσύνην
3431 962 3729 1016 τολμᾶσθαι
3773 959 3954 1030 σχεδὸν

2389 1063 2446 1114 ἐν
2469 1065 2587 1124 ταῖς
2611 1063 2907 1132 ἡμετέραις
2931 1058 3120 1127 ὕψεσιν

2866 1365 2994 1420 PN'.
3032 1365 3323 1434 ΑΣΤΕΡΙῼ
3354 1363 3488 1432 (50).

791 1515 872 1570 Ea:
903 1519 1087 1591 p_rimis
1120 1518 1279 1591 ltujtts
1312 1520 1549 1588 epistola:
1583 1521 1652 1572 ad
1683 1521 1950 1574 Asterium
1981 1521 2150 1576 verbis
2176 1521 2422 1591 colligere
2460 1536 2760 1589 possumus,
2791 1521 2966 1588 plures
3001 1519 3243 1591 Gregorii
3277 1518 3357 1591 ad
3395 1534 3511 1570 eum
3570 1517 3777 1569 litteras
3817 1516 3960 1591 egeri:

713 1584 873 1659 disse.
905 1584 1040 1640 Cum
1065 1584 1200 1640 enim
1229 1584 1528 1659 frequenter
1547 1591 1838 1654 scripserit.
1867 1602 1916 1644 et
1958 1584 2594 1658 paucissiinwvsupersint
2637 1584 2892 1657 cpistolw,
2936 1584 3126 1659 multa:
3155 1589 3404 1659 perierint
3450 1602 3652 1659 necesse
3683 1595 3790 1659 est.
3826 1585 3960 1638 Illud

715 1657 830 1736 scio
864 1671 946 1709 me
979 1673 1122 1736 sepe
1149 1673 1212 1710 ac
1230 1655 1305 1712 ile
1321 1655 1700 1736 inultisrcbu's
1745 1655 2049 1736 litterasad
2074 1669 2125 1713 te
2156 1655 2918 1736 dedisse,inquitnliregorius.
2950 1657 3080 1736 _llis
3114 1659 3304 1736 litteris
3358 1655 3634 1736 Georgium
3657 1656 3959 1736 diaconum,

716 1725 883 1776 virum
915 1727 1186 1791 eximium,
1222 1727 1595 1780 commendat:
1637 1744 1740 1780 non
1780 1731 1946 1781 alium
1988 1731 2123 1782 hunc
2152 1745 2265 1782 esse
2301 1725 2550 1797 putamus
2585 1725 2868 1798 Georgium
2909 1728 2972 1780 ab
3011 1744 3070 1781 eo
3109 1729 3194 1780 cui
3231 1730 3472 1794 superior
3507 1725 3731 1792 epistola
3763 1725 3962 1791 scripta

711 1802 812 1848 cu.

784 1931 965 1986 Laetor
1012 1948 1117 1996 me,
1168 1941 1224 1987 et
1253 1934 1515 1997 scribere,
1574 1942 1629 1988 et
1679 1941 1856 1986 tamen
1912 1933 2014 1987 hoc
2065 1935 2280 1989 nomine
2313 1939 2355 1996 Β
2451 1935 2498 1988 Χ

2249 1950 2280 1989 e
2313 1939 2355 1996 Β
2451 1935 2640 2004 Χαίρω
2689 1934 2785 1988 καὶ
2837 1934 3096 2006 γράφων,
3153 1932 3247 1986 καὶ
3293 1931 3694 2003 ἐγκαλούμενος
3749 1933 3830 1984 ὅτι
3884 1929 3965 2000 μὴ

714 2021 991 2086 accusari,
1023 2022 1169 2092 quod
1217 2037 1326 2077 non
1358 2023 1629 2086 scribam,
1679 2021 1724 2075 si
1770 2023 1990 2090 quando
2022 2022 2125 2076 hoc
2157 2039 2290 2078 con-

719 2113 940 2181 lingat...
960 2112 1093 2165 Nam
1113 2128 1310 2167 suaves
1340 2129 1558 2182 quoque
1600 2112 1978 2167 occursationes
2009 2120 2114 2166 tute
2140 2120 2292 2166 sunt;

714 2203 1041 2272 Quanquam
1081 2203 1216 2257 illud
1252 2205 1368 2256 scio
1399 2219 1482 2257 me
1529 2218 1673 2272 saepe
1699 2217 1763 2256 ac
1793 2202 1860 2257 de
1904 2203 2092 2258 multis
2125 2204 2290 2258 rebus

717 2294 926 2346 litteras
980 2291 1048 2346 ad
1101 2301 1154 2348 te
1202 2293 1450 2356 dedisse,
1504 2301 1668 2362 atque
1721 2293 1859 2347 adeo
1923 2308 1986 2348 ea
2037 2310 2287 2365 quoque,

715 2395 839 2449 quae
867 2383 1119 2450 precibus
1149 2397 1178 2434 a
1218 2391 1271 2436 te
1303 2382 1564 2451 petieram
1588 2421 1603 2445 ,
1646 2391 2004 2438 consecutum
2041 2399 2185 2440 esse.
2221 2383 2290 2438 At

716 2473 762 2525 si
793 2471 926 2525 nihil
953 2473 1124 2535 aliud.
1148 2485 1298 2528 certe
1323 2489 1538 2537 eorum,
1568 2474 1661 2542 qui
1688 2474 1964 2529 beneﬁciis
1985 2489 2014 2526 a
2039 2482 2092 2529 te
2111 2471 2288 2526 allecti

715 2572 867 2625 sunt,
893 2564 1185 2618 multitudo
1221 2565 1418 2620 litteris
1468 2567 1605 2620 meis
1646 2567 1966 2620 testimonio
1993 2573 2098 2620 est.
2134 2564 2289 2629 Quod

716 2653 763 2707 si
798 2662 856 2706 tu
889 2655 1108 2722 quidem
1134 2656 1378 2708 amicitia
1430 2657 1754 2725 loeupletior
1795 2671 1877 2720 es,
1910 2669 2093 2724 ,quam
2125 2654 2290 2707 ullius

715 2754 842 2799 vota
893 2745 1103 2814 ferant,
1148 2761 1249 2816 ego
1279 2755 1492 2800 contra.
1519 2746 1574 2800 in
1607 2745 1842 2816 petendo
1874 2741 2287 2799 timidior'sum.

716 2837 839 2906 Ipse
865 2854 998 2893 sane
1034 2839 1252 2893 virtutis
1281 2839 1645 2910 principatum
1672 2839 1909 2903 habeas;
1941 2837 2075 2890 mihi
2106 2846 2288 2890 autem

715 2929 1053 2996 ignoscatur,
1108 2928 1543 2998 importunitatis
1586 2937 1769 2980 notam
1804 2925 2060 2995 lugicnti;
2109 2939 2289 2994 quan-

717 3015 1007 3085 doquidem
1061 3016 1324 3084 optimum
1379 3029 1501 3068 esse
1541 3013 1798 3075 modum,
1843 3011 2118 3080 Sapientis
2165 3025 2286 3064 ser-

717 3122 879 3161 mone
922 3107 1193 3176 proditum
1225 3114 1328 3160 est.
1361 3105 1632 3159 Cictcrum
1671 3102 1782 3157 Deo
1823 3103 2010 3172 gratia:
2051 3100 2290 3154 habean-

719 3208 828 3260 tur,
860 3197 954 3266 qui
990 3196 1088 3249 tibi
1122 3195 1253 3249 illud
1288 3196 1540 3265 pnebuit,
1569 3203 1628 3247 ut
1661 3194 1729 3248 de
1763 3193 1885 3246 aliis
1917 3192 2052 3245 bene
2079 3206 2284 3245 merea-

2391 2026 2620 2095 γράφω,
2664 2025 2846 2077 εἴποτε
2884 2024 3042 2077 τοῦτο
3083 2024 3370 2094 συμϐαίνει
3408 2025 3541 2095 (Si).
3578 2023 3802 2094 Χρηστὰ
3851 2023 3961 2090 γάρ

2392 2130 2483 2166 σου
2515 2115 2606 2167 καὶ
2630 2115 2698 2190 τά
2723 2114 3063 2185 ἐγκλήματα.
3101 2115 3210 2167 Καί
3238 2114 3320 2167 τοί
3345 2132 3407 2182 γε
3441 2114 3700 2178 πολλάκις
3729 2113 3840 2184 (52)
3869 2111 3962 2165 καὶ

2389 2206 2516 2276 περὶ
2546 2206 2756 2259 πολλῶν
2785 2207 3094 2270 ἐπιστείλας
3117 2202 3254 2272 οἶδα,
3278 2207 3374 2260 καὶ
3411 2206 3512 2277 μέν
3534 2223 3618 2258 τοι
3652 2206 3746 2258 καὶ
3783 2203 3961 2274 τυχὼν

2389 2297 2519 2365 περὶ
2570 2288 2644 2348 ὧν
2681 2295 2908 2366 ἐδεήθην
2956 2313 3073 2351 σου.
3125 2297 3236 2348 Καὶ
3293 2297 3342 2349 εί
3399 2297 3472 2367 μή
3499 2312 3572 2374 ⁶τι
3619 2294 3766 2356 ἄλλο,
3797 2294 3855 2346 τό
3895 2308 3958 2360 γε

2389 2386 2594 2457 πλῆθος
2623 2385 2731 2439 τῶν
2770 2382 2828 2440 εὖ
2859 2386 3205 2441 πεπονθότων
3238 2390 3506 2458 μαρτυρεῖ
3538 2404 3626 2457 μοι
3669 2387 3738 2438 τά
3781 2385 3962 2454 γράμ-

2393 2494 2555 2544 ματα.
2607 2479 2669 2530 El
2709 2477 2764 2530 δὲ
2811 2478 2874 2530 σὺ
2928 2477 3024 2547 μὲν
3062 2477 3433 2548 ἀφθονώτερος
3462 2472 3513 2529 εἷ
3549 2477 3647 2546 τὴν
3676 2476 3879 2544 φιλίαν,
3926 2476 3966 2545 ἦ

2388 2584 2472 2630 τις
2497 2567 2562 2619 ἂν
2586 2567 2798 2633 εὔξαιτο
2826 2568 2960 2636 (55),
2991 2567 3102 2635 ἐγὼ
3137 2568 3195 2620 δὲ
3247 2569 3374 2637 περ).
3423 2569 3522 2630 τὰς
3569 2569 3813 2638 αἰτήσεις
3855 2567 3962 2618 δει-

2388 2657 2624 2726 λότερος.
2672 2658 2743 2709 Σὺ
2788 2657 2886 2727 μὲν
2934 2657 3022 2727 ἔχε
3063 2659 3130 2710 τά
3178 2658 3371 2727 πρῶτα
3409 2658 3507 2726 τῆς
3554 2657 3785 2727 ἀρετῆς
3836 2657 3962 2724 ἐμοὶ

2389 2749 2446 2800 δέ
2481 2747 2776 2818 συγγνώμη
2811 2749 2872 2800 τὸ
2903 2747 3154 2818 φορτικὸν
3184 2748 3467 2815 φεύγοντι,
3502 2747 3691 2816 ἐπειδὴ
3729 2748 3835 2798 πᾶν
3867 2747 3962 2815 μέ-

2390 2855 2516 2909 τρον
2544 2839 2763 2908 ἄριστον
2790 2839 2902 2907 (54)
2936 2835 3076 2891 οἶδεν
3101 2840 3130 2891 ό
3169 2837 3262 2890 τοῦ
3299 2837 3464 2905 σοφοῦ
3497 2838 3672 2905 λόγος.
3710 2837 3856 2908 Πλὴν
3882 2835 3963 2904 τῷ

2388 2929 2508 2998 Θεῷ
2543 2929 2720 2999 χάρις,
2761 2930 2842 2982 ὅτι
2885 2945 2966 2980 σοι
3013 2927 3074 2980 τὺ
3117 2922 3176 2980 εὗ
3207 2929 3379 2979 ποιεῖν
3422 2927 3773 2997 ἐνεχείρισεν,
3818 2925 3960 2976 οὕτω

2388 3020 2562 3072 κοινὸν
2590 3021 2887 3088 ἐπιστήσας
2933 3021 3065 3089 ἡμῖν
3097 3018 3391 3088 εὐεργέτην
3433 3035 3490 3070 τε
3537 3017 3649 3087 (55)
3699 3017 3794 3070 καὶ
3838 3033 3963 3068 συν-

2388 3110 2643 3180 ἀρχοντα.
2687 3109 2842 3161 Ἐπεὶ
2894 3108 2988 3160 καὶ
3028 3107 3123 3160 νῦν
3171 3107 3460 3177 ἐγχειρίζω
3501 3123 3584 3158 σοι
3629 3105 3716 3158 διὰ
3760 3106 3963 3174 ταύτης

2391 3214 2493 3265 μου
2541 3197 2640 3265 τῆς
2693 3195 2984 3264 ἐπιπολῆς
3003 3236 3018 3259 ,
3062 3196 3155 3250 τὸν
3199 3195 3424 3263 ἀδελφὸν
3466 3197 3560 3248 καὶ
3619 3195 3970 3248 συνδιάκονον

720 3289 832 3353 ris,
864 3302 1320 3356 communemque
1357 3287 1794 3346 benefactorcin,
1828 3283 2147 3352 imperiique
2196 3297 2284 3336 so-
2311 3262 2354 3319 ο
2389 3287 2437 3355 in

2241 3297 2284 3334 )-
2311 3262 2354 3319 ο
2389 3262 2546 3355 ημῶν
2590 3262 2893 3355 Ϋεώργιον,
2941 3262 3118 3353 -άνδρα
3161 3285 3268 3338 τῶν
3315 3262 3608 3356 ἐίξαιρέτων
3641 3283 3754 3354 (56)
3796 3286 3958 3354 ἡμῖν,

718 3377 863 3432 cium
905 3378 1063 3431 nobis
1106 3377 1366 3446 praefecit.
1413 3378 1492 3430 Ac
1542 3383 1831 3445 propterea
1880 3389 2023 3427 nunc
2070 3387 2286 3441 quoque

720 3481 817 3534 per
851 3466 991 3519 hanc
1021 3481 1195 3520 meam
1227 3466 1514 3536 epistolam
1543 3463 1770 3517 fratrem
1799 3477 1861 3515 ac
1887 3462 2283 3515 condiaconum

721 3565 970 3610 nostrum
1003 3556 1294 3626 Georgium
1319 3557 1424 3611 tibi
1459 3554 1636 3617 trado,
1673 3554 1851 3608 virum
1889 3561 1945 3606 et
1980 3552 2137 3606 nobis
2171 3553 2286 3606 exi—

2392 3375 2486 3426 καὶ
2539 3377 2605 3444 τῇ
2661 3373 2959 3444 Ἐκκλησία
3011 3373 3472 3444 χρησιμώτατον,.
3511 3373 3678 3437 ἀξιῶν
3729 3372 3964 3443 θάρσους

2391 3464 2554 3516 αὑτὸν
2587 3467 2764 3533 τυχεῖν
2792 3462 2903 3532 (57)
2937 3466 2994 3516 ἐν
3025 3461 3106 3526 οἷς
3139 3465 3276 3534 πρός
3318 3481 3470 3527 τινας
3501 3464 3836 3533 διαφέρεται,
3868 3462 3965 3514 καὶ

2394 3554 2471 3623 μὴ
2506 3554 2952 3624 συναρπασθῆναι
2981 3556 3048 3623 τῇ
3081 3553 3375 3624 τυραννίδι.

724 3647 892 3700 mium
943 3662 1008 3701 ac
1056 3649 1348 3711 sclectum,
1403 3653 1457 3700 et
1509 3645 1766 3699 Ecclesiae
1819 3658 2032 3699 summe
2068 3642 2283 3707 utilem,
2321 3658 2524 3712 rogans
2557 3652 2617 3697 ut
2667 3646 2720 3698 in
2776 3645 2845 3699 iis
2881 3646 3082 3708 rebus,
3156 3647 3210 3698 in
3261 3645 3462 3715 quibus
3517 3660 3638 3698 cum
3687 3642 3966 3698 nonnullis

724 3741 1022 3805 contendit,
1057 3740 1305 3795 ﬁduciam
1337 3740 1600 3803 obtineat,
1632 3755 1735 3794 nec
1779 3737 1966 3807 iniqua
1994 3745 2048 3790 et
2085 3736 2374 3806 tyrannica
2406 3737 2647 3806 potentia
2681 3737 2865 3804 abripi
2902 3737 3121 3790 sinatur

1233 3893 1363 3951 CLI.
1402 3891 1766 3948 NECTARIO.
1826 3930 1829 3931 ν

2816 3891 2990 3944 PNA'.
3033 3891 3382 3960 ΝΕΚΤΑΡΙῼ
3420 3889 3556 3959 (58).

937 4025 1247 4080 Nectarium
1275 4034 1426 4096 rogat
1457 4035 1514 4078 ut
1551 4023 1830 4094 Georgium
1859 4022 2020 4076 variis
2051 4021 2449 4077 calamitatibus
2483 4025 2732 4094 afﬂictum
2758 4027 3164 4080 domesticorum
3207 4025 3387 4077 comiti
3411 4024 3751 4078 commendet.

795 4181 1061 4236 Przeclare
1084 4181 1236 4233 multi
1259 4179 1326 4234 de
1347 4187 1528 4234 mente
1547 4186 1640 4232 tua
1663 4177 2036 4247 conjecturam
2063 4177 2290 4242 faciunt;

727 4273 838 4327 imo
862 4271 1040 4341 potius
1070 4287 1178 4325 non
1207 4270 1579 4338 conjecturam
1611 4269 1840 4331 ducunt,
1874 4268 1966 4322 sed
1998 4268 2157 4322 nobis
2178 4268 2295 4337 glo-

2470 4182 2661 4246 Καλῶς
2711 4187 2758 4237 οἱ
2803 4183 2986 4236 πολλοὶ
3025 4183 3374 4252 στοχάζονται
3417 4183 3528 4253 (59)
3576 4185 3675 4252 τῆς
3720 4181 3819 4251 σῆς
3853 4181 3974 4234 δια-

2398 4271 2573 4336 νοίας·
2611 4273 2810 4343 μᾶλλον
2838 4272 2894 4326 δὲ
2930 4273 3030 4326 οὐκ
3071 4271 3397 4335 εἰκάζουσιν,
3435 4270 3552 4324 ἀλλ’
3593 4272 3723 4340 ἡμῖν
3766 4268 3969 4339 φιλοτι-

801 4495 912 4562 tio)
947 4495 1142 4546 Τύπον
1166 4491 1529 4559 ληψόμενος.
1574 4490 1697 4544 Bill.
1747 4492 1822 4544 Ac
1868 4492 2167 4544 deliominis
2199 4491 2290 4544 ob-
2317 4471 2369 4529 D
2464 4486 2518 4562 (εξ

2247 4491 2290 4540 i-
2317 4471 2369 4529 D
2613 4485 2742 4562 ῌᾶν
2762 4485 2980 4562 μέτρον
3029 4486 3295 4554 ἄριστον.
3336 4484 3584 4542 ComIIel'.
3628 4503 3640 4538 :
3697 4483 3964 4553 Quidquid

731 4566 842 4618 triti
875 4565 979 4616 vita
1011 4565 1236 4627 formam
1273 4573 1426 4628 atque
1459 4562 1750 4627 exemplum
1773 4563 2018 4628 accipiat.
2049 4562 2294 4615 Obscura

731 4648 957 4708 prorsus
994 4632 1182 4708 versio
1209 4649 1222 4683 :
1248 4631 1466 4708 “clamor
1481 4641 1650 4708 ferte
1693 4633 1738 4684 si
1774 4645 1868 4708 per
1897 4645 2092 4708 .vocein
2127 4629 2296 4690 τύπος

734 4698 1124 4768 intelligeretur
1167 4699 1449 4765 judicium.
1481 4698 1662 4762 Τύπος
1703 4698 1847 4752 enim
1892 4699 2154 4768 judicium
2177 4707 2297 4752 erat

732 4786 842 4839 quo
883 4767 949 4823 iis
991 4769 1435 4839 interdicebatur
1462 4768 1599 4829 l'oro,
1655 4767 2136 4839 quicreditoribus
2162 4782 2296 4839 _non

733 4835 878 4908 paria
903 4839 1161 4896 facerent.
1195 4837 1632 4908 et_quadrarent
1671 4835 1932 4890 rationes.
1963 4835 2097 4889 Vide
2149 4836 2288 4888 Con-

731 4903 955 4962 stantini
980 4909 1185 4961 Iexicou
1219 4905 1283 4957 ad
1318 4903 1536 4958 Verbum
1571 4903 1758 4967 τύπος.

805 4979 914 5045 (50)
947 4978 1092 5028 Alias
1118 4973 1348 5027 CXXVI.
1381 4975 1590 5042 Scripta
1613 4976 1758 5045 circa
1792 4972 1930 5026 idem
1957 4981 2190 5045 tempus.

803 5040 916 5114 (51)
953 5045 1130 5098 Τοῦτο
1156 5040 1666 5111 συμϐαίνειξϋοιι.
1719 5043 1872 5096 Pass.
1913 5042 2072 5093 τοῦτο
2114 5040 2297 5110 συμόἧ

729 5135 844 5171 νυν.

805 5186 914 5252 (59.)
956 5183 1050 5234 Τοί
1079 5199 1163 5252 γε,
1190 5180 1510 5252 πολλάκις.
1563 5177 1640 5233 Ita
1693 5179 1816 5233 cod.
1855 5188 1909 5233 et
1955 5179 2198 5235 Combcl‘.
2242 5179 2298 5232 In

732 5251 839 5309 edit
852 5293 864 5305 .
891 5253 970 5304 τοί
994 5268 1057 5318 γε
1089 5251 1276 5304 πολλά.

806 5323 916 5388 (55)
969 5315 1389 5386 ’Ᾱεοθονώτερος
1415 5315 1610 5388 εζτὴν
1643 5319 1885 5388 φιλίαν,
1915 5317 1965 5388 ἦέ
1989 5334 2080 5388 τις
2103 5316 2180 5388 ἂν
2201 5319 2301 5371 εῦ-

735 5385 912 5455 ξατο.
951 5385 1035 5441 Ita
1067 5389 1224 5442 codd.
1266 5388 1398 5455 Reg.
1457 5385 1519 5439 Β.
1551 5395 1604 5439 et
1635 5387 1786 5440 Pass.
1829 5401 1892 5440 ac
1929 5385 2175 5442 Cnnibel'.
2205 5387 2298 5455 qui

737 5460 910 5514 reddit
935 5458 1117 5522 :Quod
1149 5460 1193 5510 si
1226 5469 1279 5509 tu
1293 5456 1748 5523 amicitiwlegibus
1767 5456 2037 5508 liberalior
2063 5471 2116 5508 es
2143 5472 2300 5523 quam

739 5511 877 5581 ullus
923 5511 1190 5592 ojiaverit.
1220 5527 1450 5578 Montac.
1501 5534 1555 5576 et
1598 5511 1783 5578 Morel.
1840 5511 2214 5593 ἀφθονώτερος
2251 5520 2303 5576 εἷ

739 5597 835 5664 τὴν
880 5598 1077 5664 φιλίαν.
1122 5598 1206 5658 τἰς
1235 5595 1317 5648 ἄν.
1374 5596 1427 5647 In
1475 5595 1610 5664 edit.
1641 5593 2012 5664 ἀφθονώτερος
2036 5595 2069 5662 ἢ
2101 5596 2183 5656 τὶς
2211 5595 2300 5664 νᾶν

741 5663 976 5730 εὔξαιτο.
1049 5665 1218 5719 Vertit
1249 5673 1426 5716 autem
1474 5663 1592 5715 Bill.
1673 5664 1825 5725 Quod
1886 5663 1933 5717 si
1995 5672 2050 5716 tu
2093 5663 2300 5732 quidem

745 5739 974 5787 omnium
1007 5746 1123 5788 rota
1169 5734 1488 5787 liberalitate
1523 5743 1613 5785 tua
1640 5747 1854 5799 superas

2396 4557 2755 4610 mediocritate
2785 4559 3034 4610 Optimum
3071 4566 3168 4609 est.

2467 4626 2577 4695 (55)
2608 4620 2942 4695 Εὐεργέτην
2975 4641 3054 4677 τε.
3096 4624 3171 4677 Ita
3199 4624 3321 4677 cod.
3359 4623 3490 4695 Reg.
3515 4633 3583 4695 -et
3627 4621 3870 4695 Quilibet
3905 4620 3965 4674 Iit

2395 4690 2524 4748 edit.
2558 4690 2619 4746 τέ
2653 4690 2826 4748 deest.
2864 4694 3006 4758 Mox,
3046 4695 3168 4746 ἐπεὶ
3203 4695 3298 4746 καὶ
3351 4690 3464 4747 νῦνζ
3514 4691 3588 4744 Ita
3627 4690 3760 4759 Reg.
3805 4691 3964 4744 I‘ass.

2399 4763 2630 4817 Montac.
2659 4763 2778 4818 Bill.
2804 4777 2866 4814 ac
2886 4762 3132 4816 Combel'.
3171 4764 3225 4815 In
3247 4763 3375 4816 edit.
3399 4763 3492 4813 ἐπὶ
3517 4762 3607 4813 καὶ
3634 4760 3749 4810 νῦν.

2466 4833 2578 4901 (56)
2622 4830 2744 4885 Τῶν
2763 4830 3103 4901 ῥξαιρέτων.
3135 4831 3270 4884 Cod.
3313 4830 3481 4901 Pass.
3529 4830 3618 4901 τον
3668 4827 3965 4901 ἐξαίρετον.

2633 4899 2831 4963 Ἄξιὼν
2879 4895 3139 4968 θάρσους
3184 4900 3371 4969 αὑτὸν
3413 4898 3635 4969 τυχεῖν.
3690 4895 3808 4951 Ilill.
3868 4895 3968 4948 Di-

2397 4967 2654 5039 gnumque
2680 4970 2770 5034 qui
2817 4970 2978 5039 iuiis
2996 4970 3156 5039 rebus
3180 4967 3430 5039 ﬁduciam
3461 4968 3712 5039 obtineat.

2470 5035 2582 5105 (58)
2623 5041 2772 5091 Alias
2804 5035 3080 5091 CCXXVI.
3115 5039 3327 5105 Scripta
3354 5037 3502 5105 circa
3534 5037 3695 5105 idem_
3731 5045 3966 5105 tempus.

2469 5102 2585 5175 (59)
2623 5107 2830 5170 Καλῶς
2860 5111 2913 5159 ol
2965 5107 3180 5158 πολλοὶ
3219 5102 3625 5175 άτοχάζυντᾳι.
3668 5102 3972 5175 Ρειτωηιίιι-

2400 5193 2498 5230 cus
2528 5173 2781 5231 senarius
2808 5184 2914 5239 est,
2935 5175 3111 5242 inquit
3145 5175 3353 5238 Morel.,
3387 5174 3473 5227 cui
3516 5173 3708 5226 alludit
3739 5190 3752 5225 :

2505 5279 2728 5346 Μάντις
2751 5279 2800 5349 γ’
2828 5279 3072 5347 ἄριστος
3113 5279 3280 5344 ὅστις
3316 5277 3528 5338 simia“
3554 5277 3773 5342 καλῶς.

2403 5383 2506 5448 Qui
2536 5383 2661 5436 bene
2690 5382 2953 5448 conjiciet,
2999 5391 3168 5434 uatem
3209 5383 3346 5434 hunc
3376 5380 3640 5448 perhibeto
3678 5381 3930 5446 optimum
3950 5420 3967 5444 ,

2403 5453 2545 5521 apud
2576 5453 2646 5505 Μ.
2676 5451 2915 5505 Tullium
2969 5451 3022 5503 in
3044 5465 3220 5521 opere
3247 5450 3325 5503 De
3357 5450 3704 5521 divinatione.
3731 5449 3968 5521 _Iib._n_;

2405 5516 2546 5574 unde
2570 5536 2692 5574 mox
2734 5523 2934 5574 habent
2955 5516 3112 5574 codd}
3147 5521 3317 5572 nostri
3355 5518 3588 5572 Montac.
3631 5532 3694 5570 ac
3721 5516 3968 5574 Combel'.

2402 5592 2500 5643 ούκ
2531 5590 2857 5652 εἰκάζουσιν.
2889 5589 2943 5640 In
2983 5590 3116 5644 edit.
3147 5599 3326 5641 autem
3355 5589 3416 5640 οὐ
3447 5585 3812 5654 στοχάζονται.
3839 5584 3973 5642 Vide

2403 5659 2614 5714 Erasm.
2665 5662 2718 5712 in
2777 5658 3026 5727 Adagio:
3072 5657 3222 5710 Vates
3274 5659 3495 5724 optimus
3543 5656 3632 5724 qui
3667 5657 3790 5710 bene
3840 5671 3972 5710 cou-

2397 5729 2514 5798 jicit
