4348 6480
786 415 895 470 963

1355 519 1533 576 CLVI.
1562 519 1767 575 EIDEM
1780 556 1795 571 .

2004 406 2059 462 S.
2102 407 2427 467 GHEGOHII
2470 407 2810 466 THEOIDCI

3924 415 4028 470 εει

2896 523 3085 590 ΡΝςῖο.
3121 524 3206 593 τᾳ
3247 525 3423 595 ΑΥΤῼ
3455 523 3587 594 (92).

790 634 996 691 Laudat
1032 634 1295 689 Asterium
1341 634 1479 704 quod
1517 633 1758 701 prwsidis
1798 634 2016 702 adjutor
2047 645 2098 688 et
2133 634 2328 695 socius.
2364 633 2688 756 publicisque
2723 634 2930 688 deditus
2958 638 3266 699 commodis,
3317 637 3486 689 locum
3523 645 3695 688 tamen
3725 635 3810 688 det
3850 637 4028 700 ofﬁciis

2276 720 2433 756 anne:
2461 720 2547 756 ue.

2276 720 2547 758 αηιιιιιιω.

857 818 1082 888 Magnus
1111 821 1253 875 inter
1276 820 1528 875 homines
1573 819 1854 887 Hercules,
1892 832 1952 877 ut
1999 821 2181 876 ferunt
2204 821 2357 892 (libet
2385 833 2431 890 Α
2527 822 2574 875 Μ

2310 829 2357 878 et
2385 833 2431 890 Α
2527 822 2715 890 Μέγας
2758 825 2815 876 ὲν
2859 821 3165 893 ἀνθρώποις
3211 825 3240 876 6
3277 823 3553 895 Ἡρακλῆς
3581 823 3718 894 (93),
3761 823 3836 886 ὼς
3874 820 4027 891 λόγος

783 913 928 964 enim
957 911 1078 974 tibi,
1113 912 1328 966 erudito
1355 927 1419 965 ac
1459 912 1666 969 diserto
1696 915 1836 980 viro,
1876 921 2096 968 tuorum
2138 929 2356 984 quoque

785 1003 990 1071 aliquid
1043 1002 1098 1056 in
1148 1004 1468 1056 memoriam
1524 1005 1844 1074 revocare),
1900 1013 1955 1058 at
2014 1021 2123 1060 non
2173 1013 2358 1060 tantus

786 1093 1002 1155 fuisset,
1037 1093 1142 1148 nisi
1192 1093 1398 1146 Iolaum
1447 1097 1805 1148 certaminum
1838 1095 2050 1150 socium
2080 1097 2359 1152 habuisset

783 1198 847 1235 ac
897 1186 1198 1252 prtesertim
1249 1185 1510 1239 adversus
1558 1186 1816 1255 hydram,
1863 1203 2060 1241 smvam
2110 1189 2252 1243 hanc
2304 1197 2359 1244 et

777 1275 973 1329 multis
1011 1277 1281 1344 capitibus
1317 1275 1600 1345 praeditam
1635 1276 1905 1340 belluam;
1939 1279 2098 1348 cujus
2145 1280 2234 1334 ille
2261 1295 2357 1334 ca-

782 1365 894 1432 pita
926 1364 1236 1429 desecabat,
1266 1366 1355 1420 hic
1405 1375 1591 1420 autem
1625 1367 1733 1436 igni
1765 1369 2062 1431 cremabat,
2093 1370 2356 1439 quemad-

781 1457 1001 1509 modum
1037 1457 1248 1511 scilicet
1277 1473 1376 1512 vos
1407 1458 1796 1528 improbitatis.
1828 1459 2023 1514 Multos
2051 1467 2106 1514 et
2140 1461 2356 1516 Actoris

781 1546 876 1600 lilii
907 1549 1112 1601 curruli
1150 1550 1451 1604 certamine
1496 1552 1848 1618 superabant,
1886 1561 1946 1604 ut
1975 1549 2210 1606 Homero
2239 1553 2356 1622 pla-

779 1648 886 1700 eet,
917 1637 1149 1715 dutn..illi
1187 1647 1245 1692 et
1273 1641 1598 1709 corporibus
1627 1649 1680 1695 et
1723 1649 1842 1697 arte
1877 1643 2080 1712 gemini
2117 1642 2357 1698 habenas

777 1738 833 1782 et
859 1728 1128 1797 ﬂagellum
1162 1731 1304 1786 inter
1329 1747 1389 1787 se
1438 1733 1796 1802 partirentur,
1845 1733 2241 1803 victoriamque
2277 1733 2359 1786 al-

777 1825 863 1870 ter
909 1818 1064 1872 alteri
1107 1821 1448 1878 conciliaret.
1497 1821 1760 1877 Vectores
1800 1823 2002 1877 multos
2043 1831 2225 1878 servat
2255 1838 2356 1892 gu-

777 1908 1038 1962 bernator
1072 1928 1085 1962 :
1114 1919 1168 1962 at
1207 1926 1313 1963 non
1342 1911 1570 1980 proinde
1600 1919 1861 1975 servaret,
1887 1912 1993 1967 nisi
2024 1913 2200 1968 bonus
2230 1929 2357 1983 pro-

777 2004 893 2051 reta
923 1997 1028 2067 ipsi
1067 2000 1271 2052 auxilio
1298 2011 1462 2065 esset,
1503 2002 1597 2071 qui
1643 2009 1698 2056 et
1750 2010 1941 2058 ventos
1981 2003 2257 2067 observat,
2301 2011 2356 2058 et

775 2089 1034 2158 scopulos
1067 2101 1470 2160 prannonstrat,
1501 2093 1768 2164 navisquae
1813 2095 1960 2148 velut
2006 2096 2201 2148 oculus
2233 2095 2356 2162 qui-

2463 909 2574 978 (ῖνα
2603 927 2661 962 σε
2690 910 2867 979 λόγιον
2896 912 3024 965 ὄντα
3066 913 3160 965 καί
3189 931 3332 975 τινος
3380 912 3676 982 ἀναμνήσω
3719 911 3830 963 τῶν
3865 909 3992 980 σῶν)
4012 926 4024 939 ·

2457 999 2572 1052 ἀλλ’
2593 1001 2693 1052 οὐκ
2715 1001 2781 1054 ἂν
2813 1003 3055 1066 τοιοῦτος
3083 1000 3170 1073 ἦν,
3209 1003 3255 1055 εἰ
3299 1003 3372 1072 μὴ
3398 1002 3489 1054 τὸν
3527 1001 3722 1054 Ἰόλαον
3758 997 3872 1070 εἶχε
3905 1017 4030 1052 συν-

2457 1087 2872 1162 αγωνιζόμενον,
2893 1095 2987 1146 καὶ
3008 1093 3149 1146 κατὰ
3169 1093 3268 1161 τῆς
3285 1092 3492 1163 ’Υδρας
3515 1092 3630 1158 (94)
3664 1089 3917 1160 μάλιστα,
3935 1088 4027 1142 τοῦ

2458 1189 2655 1261 πικροῦ
2687 1188 2876 1242 τούτου
2924 1187 3018 1239 καὶ
3072 1184 3444 1253 πολυκεφάλου
3497 1182 3706 1253 Θηριου,
3741 1176 3810 1252 ἧς
3854 1183 3883 1233 6
3931 1179 4028 1248 μὲν

2459 1281 2709 1352 ὲξέτεμνε
2727 1280 2838 1352 (95)
2868 1278 2966 1342 τὰς
2992 1277 3250 1346 κεφαλὰς,
3273 1279 3302 1330 6
3319 1276 3376 1330 δὲ
3401 1276 3686 1340 ὲπέκαιεν,
3727 1273 3915 1343 ὥσπερ
3928 1284 4030 1333 τας

2455 1369 2557 1440 τῆς
2581 1369 2774 1432 κακίας
2799 1367 2910 1437 (96)
2930 1367 3106 1436 ὑμεῖς.
3134 1366 3366 1429 Πολλοὺς
3389 1365 3732 1436 παρήλαυνον
3752 1363 3803 1415 οἱ
3847 1363 4028 1414 Ἀκτο-

2459 1461 2648 1531 ρίωνες
2687 1461 2961 1532 ἅρμασιν,
3007 1460 3084 1522 ὡς
3122 1459 3345 1529 Ὁμήρῳ
3392 1457 3538 1509 δοκεῖ
3591 1455 3762 1525 (97)·
3820 1451 4026 1520 δίδυμοι

2455 1550 2563 1622 γὰρ
2593 1547 2732 1622 ἦσαν
2761 1553 2854 1604 καὶ
2885 1551 2950 1604 τὰ
2978 1548 3205 1619 σώματα
3235 1549 3328 1602 καὶ
3353 1548 3453 1618 τὴν
3484 1546 3710 1616 τέχνην·
3745 1546 3774 1597 6
3803 1543 3902 1612 μὲν
3929 1541 4028 1598 τὰς

2455 1641 2643 1712 ἠνίαςσ
2679 1643 2708 1694 6
2751 1639 2808 1694 δὲ
2848 1640 2948 1711 τὴν
2984 1641 3223 1710 μάστιγα
3255 1637 3617 1708 μεριζόμενοι,
3652 1633 3746 1686 καὶ
3781 1632 3842 1684 τὸ
3872 1631 4028 1700 νικᾷν

2455 1729 2704 1802 ἀλλήλοις
2731 1729 3165 1799 συνερανίζοντες
3191 1729 3320 1796 (98).
3356 1727 3590 1788 Πολλοὺς
3633 1720 3884 1784 διασώζει
3932 1735 4028 1771 xu-

2456 1821 2721 1890 ϐερνήτης
2773 1821 3093 1891 πλωτῆρας·
3145 1819 3259 1872 ἀλλ’
3296 1818 3395 1872 οὐκ
3436 1817 3503 1870 ἂν
3541 1815 3743 1885 ὁμοίως
3777 1810 4023 1872 διέσωζε,

2457 1911 2531 1981 μὴ
2575 1910 2724 1980 καλῷ
2774 1912 2984 1982 πρωρεῖ
3025 1909 3403 1982 βοηθούμενος,
3445 1909 3502 1970 ὃς
3540 1906 3634 1960 καὶ
3678 1903 3886 1974 διαθρεῐ
3912 1900 4024 1970 (99)

2453 2003 2578 2064 τοὺς
2612 2001 2886 2071 ἀνέμους,
2930 2003 3023 2054 καὶ
3079 2001 3178 2064 τὰς
3229 1999 3462 2068 ὑφάλους
3511 1995 3886 2065 προδείκνυσι,
3931 1991 4028 2044 καὶ

2454 2092 2662 2158 γίνεται
2708 2092 2810 2161 τῆς
2847 2092 2972 2163 νηὸς
3014 2086 3124 2144 οἷόν
3159 2109 3243 2153 τις
3269 2089 3562 2159 ὀφθαλμός.
3610 2085 3862 2139 Τοιοῦτον
3893 2083 4026 2152 ἡμῖν

773 2178 899 2232 dam
935 2181 1170 2235 exsistit.
1206 2181 1366 2236 Tales
1410 2192 1599 2238 nostro
1633 2183 1844 2251 judicio
1879 2201 1977 2239 vos
2021 2187 2174 2240 estis.
2219 2185 2351 2238 Nam
2387 2185 2427 2242 II
2455 2201 2489 2237 κ

2309 2201 2351 2238 rn
2387 2185 2427 2242 li
2455 2185 2548 2237 ua).
2576 2185 2637 2236 τδ
2663 2185 2945 2255 ὑμέτερον.
2976 2184 3240 2254 Λαμπρὺν
3268 2183 3374 2252 γὰρ
3408 2181 3536 2234 δντα
3563 2180 3656 2232 τὸν
3677 2179 3908 2249 ἄρχοντα
3932 2172 4026 2228 καὶ

773 2284 900 2322 cum
929 2285 1130 2338 praeses
1156 2288 1224 2326 ex
1256 2271 1441 2342 seipso
1460 2275 1645 2328 clarus
1675 2275 1768 2337 sit.
1797 2283 1856 2328 tu
1901 2275 2156 2342 adjuncta
2185 2291 2350 2346 opera

774 2369 867 2414 tua
915 2370 970 2416 et
1019 2361 1244 2425 auxilio,
1272 2364 1564 2418 clariorem
1609 2381 1736 2420 eum
1785 2365 1989 2421 reddis.
2025 2366 2195 2433 Quem
2223 2383 2347 2421 cum

775 2458 964 2512 tnultis
993 2458 1307 2512 nominibus
1347 2457 1652 2523 laudemus,
1685 2464 1800 2510 tum
1850 2457 1954 2510 hoc
2003 2457 2346 2527 pmissimum

774 2550 995 2603 nomine
1041 2549 1410 2610 admiramur,
1453 2547 1600 2617 quod
1664 2563 1790 2601 cum
1857 2556 2058 2600 tantam
2113 2547 2349 2615 publicis

773 2640 1076 2694 commodis
1107 2640 1537 2694 benevolentiam
1572 2639 1928 2701 conservctis,
1962 2647 2142 2692 tamen
2169 2640 2347 2692 locum

775 2744 992 2798 quoque
1019 2729 1270 2781 amicitia:
1298 2726 1491 2781 olIiciis
1519 2727 1684 2795 datis,
1717 2728 1970 2780 nimirum
2003 2743 2108 2780 non
2134 2743 2346 2781 morum

777 2821 1066 2886 asperitate
1094 2817 1259 2888 (quod
1306 2818 1460 2871 multi
1502 2831 1692 2870 eorum
1739 2817 1960 2880 iaciunt,
1995 2817 2086 2884 qui
2126 2816 2346 2870 modum

2451 2275 2580 2344 παρ’
2615 2275 2828 2336 ἑαυτοῦ,
2860 2275 3237 2346 λαμπρότερον
3281 2273 3441 2336 αὐτὸς
3491 2270 3699 2341 ἐργάζῃ
3733 2271 3799 2338 τῇ
3837 2283 4026 2336 συνερ-

2447 2363 2576 2434 γίᾳ·
2615 2366 2674 2420 ὂν
2713 2366 2884 2419 πολλὰ
2934 2367 3010 2436 (Ι)
3060 2363 3428 2425 ἐπαινοῦντες,
3475 2361 3633 2415 τοῦτο
3675 2359 4026 2429 θαυμάζομεν

2452 2457 2705 2528 μάλιστα,
2754 2459 2834 2510 ὃτι
2887 2458 3154 2525 τοσαύτην
3203 2458 3277 2528 (Ξ)
3330 2459 3441 2518 τοῖς
3485 2451 3762 2523 δημοσίοις
3815 2447 4026 2501 εὔνοιαν

2455 2546 2737 2614 σώζοντες,
2769 2548 2952 2619 χώραν
2992 2547 3162 2600 δίδοτε
3211 2547 3307 2600 καὶ
3342 2549 3454 2608 τοῖς
3504 2544 3754 2612 φιλικοῖς,
3785 2540 3846 2593 οὑ
3895 2555 4027 2609 τρα-

2453 2638 2645 2708 χύτητι
2676 2639 2878 2709 τρόπου
2907 2639 2969 2691 τὺ
3007 2638 3231 2708 ἀκριϐὲς
3259 2634 3675 2701 ἐνδεικνύμενοι,
3706 2629 3848 2685 κατὰ
3895 2628 4022 2690 τοὺς

2451 2728 2678 2793 πολλοὺς
2700 2729 2808 2784 τῶν
2845 2730 3121 2800 ἀμέτρων,
3165 2729 3462 2800 ἡμερότητι
3501 2725 3558 2778 δὲ
3589 2723 3787 2794 μᾶλλον
3827 2721 3888 2774 τὸ
3924 2719 4025 2790 τῆς

2449 2821 2626 2891 ἀρχῆς
2658 2821 2929 2892 αὐστηρὸν
2961 2820 3388 2882 τιθασσεύοντες.

776 2918 961 2964 tenere
993 2910 1287 2979 nesciunt),
1353 2909 1496 2978 juris
1563 2908 1797 2979 rigorem
1842 2914 2201 2973 ostentantes,
2230 2924 2413 2964 verum
2451 2913 2869 2969 mansuetudine
2928 2914 3108 2968 ootius
3175 2911 3389 2982 imperii
3454 2908 3830 2964 austeritatem
3876 2903 4024 2960 tuiti-

775 3015 981 3074 gantes.

1241 3117 1444 3174 CLVII.
1490 3115 1884 3174 THEODORO.

2920 3119 3088 3174 er'.
3121 3120 3426 3190 exosum
3457 3120 3556 3188 (δ).

841 3235 983 3288 Anni
1007 3235 1112 3290 382
1139 3236 1318 3303 finem,
1353 3237 1433 3289 vel
1461 3239 1722 3304 sequentis
1749 3237 1960 3289 initium
2001 3234 2200 3290 redolet
2234 3234 2344 3305 htec
2373 3236 2620 3302 epistola.
2649 3237 2802 3301 cuius
2837 3238 3111 3292 exordium
3145 3239 3276 3291 belle
3317 3235 3593 3305 respondet
3621 3235 3859 3303 epistolis
3899 3233 4022 3305 I53,

770 3321 928 3374 quant
955 3323 1095 3359 anno
1120 3306 1328 3359 labente
1355 3321 1479 3358 mea:
1509 3306 1907 3359 collocavimus.
1941 3304 2400 3374 Quemadmodum
2430 3308 2566 3362 enim
2592 3309 2644 3362 in
2666 3309 2891 3372 epistola
2921 3309 3023 3361 155
3041 3308 3223 3361 scribit
3257 3304 3513 3373 Buspbrio
3545 3307 3626 3358 liis
3667 3306 3870 3360 verbis:
3901 3304 4021 3359 Non

773 3373 916 3427 ultra
953 3376 1108 3429 vobis
1134 3377 1316 3445 gravis
1336 3390 1454 3438 ero,
1477 3386 1608 3440 etc.,
1635 3377 1712 3429 sic
1745 3375 1816 3429 ad
1850 3375 2214 3430 Theodorum:
2244 3373 2362 3431 Non
2396 3377 2509 3445 jam
2543 3380 2698 3433 vobis
2731 3380 3034 3432 molestiam
3068 3378 3361 3432 exhibebo.
3410 3375 3596 3444 Itaque
3640 3392 3758 3429 cunt
3805 3385 4024 3428 exeunte

775 3453 982 3496 tantum
1011 3462 1151 3498 anno
1181 3444 1306 3504 582.
1337 3445 1522 3514 vixque
1563 3456 1684 3498 ante
1727 3462 1924 3498 annum
1968 3446 2079 3514 583
2115 3444 2704 3513 episcopusiNazianzi
2750 3447 3029 3500 ordinatus
3077 3448 3146 3501 sit
3191 3445 3462 3506 Eninlius,
3500 3447 3552 3498 in
3599 3447 3846 3514 conﬁniis
3895 3445 4025 3514 anni

777 3515 1050 3578 utriusque
1080 3514 1190 3566 Im'c
1218 3513 1444 3587 epistola
1481 3516 1670 3587 merito
1699 3515 2009 3587 collocatur.
2049 3513 2232 3568 Severe
2262 3531 2486 3573 canones
2520 3529 2666 3587 optat
2696 3517 2984 3579 observari,
3018 3527 3268 3587 rogatque
3302 3516 3632 3570 Theodorum
3676 3526 3732 3568 ut
3771 3513 4023 3568 Nicobuli

771 3598 963 3650 pueros
983 3592 1204 3649 paterno
1227 3585 1346 3636 uelit
1376 3580 1529 3637 oculo
1557 3585 1876 3652 conspicere.

844 3693 1158 3762 Spiritualia
1190 3696 1350 3750 linem
1396 3695 1634 3748 habent:
1673 3709 1782 3748 non
1821 3693 1936 3763 jam
1974 3693 2131 3747 vobis
2175 3692 2348 3746 moIe-
2373 3696 2420 3756 Ω
2521 3692 2561 3743 Τ

2306 3708 2348 3744 :-
2373 3696 2420 3756 c
2521 3691 2602 3744 Τὰ
2649 3691 2747 3760 μὲν
2787 3691 3134 3761 πνευματικὰ
3160 3691 3236 3761 (4)
3261 3692 3434 3761 πέρας
3461 3691 3575 3762 ἔχει
3595 3709 3609 3724 ⁸
3639 3693 3822 3748 οὐκέτι
3856 3712 4023 3766 προσ-

771 3785 932 3838 stiam
960 3786 1249 3840 exhibebo.
1275 3786 1449 3848 Coite,
1488 3801 1586 3839 vos
1629 3785 1777 3854 ipsos
1808 3785 2034 3850 munite,
2063 3783 2219 3852 132
2249 3783 2345 3836 ad-

772 3891 989 3929 versum
1014 3891 1114 3930 nos
1137 3875 1366 3930 consilia
1399 3877 1550 3930 inite.
1573 3874 1807 3929 Vincant
1833 3878 1925 3946 qui
1954 3891 2052 3929 nos
2075 3874 2340 3929 oderunt:

773 3966 840 4020 ad
865 3982 1095 4036 unguem
1129 3967 1489 4021 observentur
1534 3961 1800 4030 canones,
1841 3981 1870 4019 a
1917 3967 2097 4029 nobis,
2143 3964 2344 4035 quibus

809 4161 956 4242 _(9'2)
996 4163 1143 4220 Alias
1171 4162 1428 4218 CXXVII.
1484 4162 1698 4234 Scripta
1746 4165 1907 4233 paulo
1974 4173 2096 4234 post
2178 4179 2343 4234 supe-

775 4248 1058 4370 ﬂagito
1105 4301 1415 4369 Ἡρακλῆς.
1469 4303 1548 4354 Ita
1609 4302 1767 4355 codd.
1823 4300 1946 4354 Par.
2002 4301 2133 4370 Heg.
2180 4302 2339 4370 1405.

776 4368 837 4424 Β.
862 4371 915 4429 3,
945 4385 1152 4423 necnon
1187 4370 1445 4435 Hontae.,
1477 4370 1686 4430 Morel..
1733 4370 1853 4423 Bill.
1903 4386 1965 4423 ac
2007 4368 2252 4425 Coinbel.
2285 4369 2342 4423 In

774 4439 905 4492 edit.
951 4438 1254 4508 Ἡρακλεῖς.
1289 4439 1434 4497 Mox.
1465 4439 1540 4502 ὡς
1567 4439 1742 4506 λόγος,
1776 4440 1855 4494 sic
1888 4439 2052 4492 iidetn
2084 4439 2244 4492 codd.
2280 4455 2344 4494 ac

775 4507 1029 4561 Comhel'.
1054 4507 1109 4559 In
1143 4510 1272 4561 edit.
1303 4509 1378 4570 ὡς
1405 4510 1434 4559 6
1459 4508 1631 4574 λόγος.

847 4576 958 4694 (94)
1009 4576 1116 4628 Kal
1173 4575 1483 4641 κατὰ,τῆς
1529 4575 1758 4644 Ὕδρας.
1817 4574 1872 4628 In
1929 4575 2052 4629 cod.
2097 4585 2151 4630 et
2208 4575 2341 4646 Heg.

847 4684 850 4694 ,
900 4647 1068 4694 deest.
1116 4643 1292 4694 Ilvdra
1331 4644 1547 4694 Lermea
1607 4660 1834 4694 serpens
1878 4654 2017 4694 erat.
2065 4653 2123 4694 ut
2173 4655 2341 4694 noema

777 4643 870 4697 καί
900 4647 1068 4697 deest.
1116 4643 1292 4713 llytlra
1331 4644 1547 4698 Lernaea
1607 4643 1834 4713 Serpens
1878 4654 2017 4706 erat,
2065 4653 2123 4698 ut
2173 4643 2344 4714 poeta:

779 4715 1005 4778 lingunt,
1044 4715 1263 4766 unicum
1293 4714 1555 4782 duntaxat
1603 4729 1802 4780 corpus
1832 4714 2038 4766 habens
2083 4723 2138 4764 et
2183 4716 2343 4782 quin-

776 4783 1034 4849 quaginta
1081 4782 1278 4850 capita.
1331 4781 1454 4836 Ilaec
1506 4781 1764 4836 Hercules
1807 4797 1994 4835 secare
2030 4798 2341 4903 aggressus,

779 4850 905 4903 huic
949 4853 1023 4903 rei
1075 4851 1250 4918 impar
1293 4849 1505 4913 fuissvt,
1537 4867 1648 4904 uno
1675 4851 1819 4904 enim
1852 4853 2058 4914 occiso,
2127 4867 2196 4904 uo
2226 4861 2341 4905 sta-

2447 3777 2596 3851 Θήσω
2633 3779 2858 3850 διοχλεῖν
2896 3781 3045 3850 ὑμῖν.
3096 3782 3356 3844 Συνὶοιτε,
3399 3782 3727 3852 φράσσοισθε
3765 3784 3864 3851 (5),
3895 3785 4025 3854 βου-

2445 3869 2686 3923 λεύοισθε
2734 3873 2853 3924 καθ’
2883 3872 3056 3942 ἡμῶν.
3088 3873 3411 3926 Νικάτωσαν
3440 3875 3488 3926 οἱ
3528 3875 3807 3945 μισοῦντες
3839 3877 4020 3946 ἡμᾶς’

2447 3961 2897 4032 φυλαττέσοωσαν
2941 3965 3182 4035 ἀκριϐῶς
3214 3968 3262 4018 οἱ
3309 3968 3551 4032 κανόνες,
3597 3969 3690 4037 ἀφ’
3729 3970 3884 4040 ἡμῶν
3921 3971 4022 4042 άρο

2518 4159 2748 4233 Οζοισίν
2769 4160 2830 4229 μ’
2861 4162 3095 4233 ἵπποισι
3120 4163 3485 4230 παρήλασαν
3525 4166 3860 4233 Ἁκτφιωνε

2515 4229 2736 4292 Πλήθει
2765 4232 2991 4290 πρόσθε
3012 4229 3332 4298 βαλόντες.
3451 4271 3466 4286 .
3579 4273 3594 4287 .
3680 4229 3723 4288 ⁷.
3838 4275 3853 4290 .

2518 4302 2583 4351 οι
2603 4298 2654 4351 δ’
2674 4298 2748 4366 dp
2765 4301 2919 4352 ἕσαν
2937 4300 3169 4374 δίδυμρι
3189 4307 3255 4374 -ῌό
3274 4304 3389 4369 μὲν
3402 4304 3662 4374 ἐμπεδον
3681 4305 4015 4374 ἡνιόχευεν,

2772 4405 2787 4420 .
2903 4409 2919 4440 .
3031 4375 3063 4422 ό
3101 4371 3153 4422 δ’
3183 4371 3296 4434 ἄρα
3329 4372 3573 4440 μάστιγι
3608 4371 3876 4428 κέλευεν.

2517 4435 2676 4510 {ictis
2700 4452 2791 4510 me
2804 4439 2949 4506 equis
2978 4435 3348 4506 prwverterunt
3376 4435 3580 4497 Actoris
3608 4446 3711 4510 ﬁlii

2516 4504 2858 4574 Multitudine
2894 4504 3216 4574 superantes.
3333 4551 3346 4562 .
3461 4549 3474 4561 .
3589 4504 3620 4564 ,⁷
3719 4553 3732 4564 .

2521 4573 2593 4627 lli
2638 4589 2756 4627 vero
2805 4573 2963 4629 erant
2981 4580 3172 4646 gemini
3193 4595 3212 4632 :
3242 4578 3327 4630 Itic
3362 4581 3568 4642 quidem
3604 4583 3830 4649 ﬁrmiter
3866 4585 4018 4636 auri-

3690 4651 3943 4717 gabatur;

2518 4755 2556 4785 ,ί
2649 4757 2663 4770 .
2777 4758 2791 4771 .
2905 4755 2920 4768 .
2964 4783 2988 4785 Β
3031 4715 3134 4769 Ille
3165 4732 3282 4770 vero
3309 4717 3522 4785 ﬂagello
3557 4649 3909 4780 impﬁaiztztblay

2660 4783 3168 4858 Zureparfié'ortec.
3383 4783 3506 4840 Par.
3557 4789 4012 4858 ἀντερανίζοντες.

2520 4854 2632 4924 (99)
2677 4856 2776 4919 ’ος
2833 4853 3232 4924 κρὶΛδιιιθρεῖ.
3299 4854 3375 4907 Ita
3427 4858 3528 4910 cod
3619 4853 3738 4910 Par.
3797 4869 3852 4912 et
3907 4853 4017 4914 duo

778 4919 874 4991 tim
915 4920 1330 4991 repullulabant,
1385 4921 1487 4973 nisi
1535 4921 1712 4991 Iolaus
1753 4921 1937 4991 socius
1983 4922 2340 4991 certaminum
2444 4919 2652 4991 HcggI;
2681 4924 2762 4976 sic
2792 4933 2847 4974 et
2879 4921 2997 4974 Bill.
3031 4938 3092 4974 ex
3121 4919 3467 4990 conjectura.

779 4986 1209 5073 abscissacapita
1225 4991 1572 5044 excussisset.
1593 4988 1728 5042 Hinc
1743 4986 2342 5056 Ovidiusﬂetamorplt.
2378 5010 2421 5064 ι)
2520 4986 2604 5073 ᾗ).
2637 4996 2739 5043 Ὃν
2759 4991 2980 5045 πολλὰ.
3013 4991 3091 5044 lta
3124 4986 3249 5046 cod.
3291 5003 3344 5045 ct
3386 4995 3631 5050 Combel'.
3668 4996 3731 5049 In
3778 4997 3910 5050 edit.
3939 4991 4016 5048 ὧν

780 5056 922 5110 libro
948 5072 1002 5109 lx
1034 5074 1048 5110 :

947 5164 962 5178 .
1042 5165 1056 5179 .
1137 5165 1150 5178 .
1231 5166 1274 5196 .4
1321 5167 1332 5180 .
1405 5166 1420 5180 .
1498 5167 1512 5181 .
1592 5125 1702 5181 Nec
1734 5126 2138 5196 profuithydrw

850 5193 1091 5248 Crescere
1120 5211 1217 5264 (per
1240 5194 1510 5264 damnum,
1543 5193 1875 5264 geminasque
1901 5193 2160 5250 resumere
2187 5214 2340 5251 vires.

853 5264 1030 5331 (95)'0
1057 5263 1174 5332 μὲν
1191 5263 1484 5331 ἐξέτεμνε.
1503 5263 1578 5316 Ita
1597 5263 1903 5320 cod.etduo
1926 5264 2091 5331 Regg.
2127 5266 2180 5317 In
2209 5271 2340 5321 edit.

782 5329 1026 5403 ἐξέτεμε.
1056 5329 1194 5391 Mox.
1231 5335 1284 5385 in
1315 5329 1444 5386 edit.
1469 5333 1724 5396 ὲπέκαεν,
1758 5335 1851 5387 sed
1875 5334 1994 5387 cod.
2037 5329 2338 5403 sequimur.

853 5400 964 5469 (96)
983 5402 1204 5466 ’Ὠσπερ
1228 5403 1335 5466 τὰς
1357 5403 1466 5468 τῆς
1485 5405 1714 5466 κακίας.
1743 5403 1818 5455 Ita
1838 5404 1961 5456 cod.
1984 5411 2039 5455 et
2057 5400 2301 5456 Gotnbel'.
2323 5422 2340 5460 :

782 5467 1233 5538 Quemadmodum
1265 5488 1350 5522 vos
1379 5467 1552 5537 cupita
1581 5473 1948 5538 improbitatis,
1982 5479 2068 5524 etc
2121 5473 2178 5524 In
2207 5473 2342 5527 edit.

783 5535 968 5607 ὥσπερ
1013 5539 1081 5592 τά
1115 5544 1214 5609 τῆς
1257 5535 1469 5603 κακίας,
1519 5535 1663 5609 quod
1691 5541 1809 5595 Bill.
1841 5560 1855 5595 :
1890 5540 2340 5606 Quemadmodum

784 5621 870 5659 vos
909 5610 1314 5675 improbitatem.

856 5676 963 5746 (_97)
1007 5679 1101 5742 Ὠς
1154 5678 1372 5746 Ὁμήρῳ
1425 5677 1603 5732 δοκεῖ.
1667 5678 1884 5736 Homer.
1950 5677 2110 5732 Iliad.
2169 5691 2341 5743 nm,

785 5743 888 5798 038
917 5757 967 5798 et
1001 5762 1150 5816 seqq.
1184 5766 1195 5800 :

2447 5079 2620 5114 πολλα
2629 5105 2637 5113 .

2520 5133 2598 5204 (2)
2627 5133 2758 5204 "et;
2811 5130 3136 5204 coquetur:
3198 5131 3275 5183 Ita
3337 5132 3496 5185 codd.
3565 5133 3674 5186 duo
3738 5133 3903 5204 Ilegg.
3961 5145 4016 5190 et

2448 5198 2693 5254 Coinbel'.
2730 5199 2787 5252 In
2822 5199 2952 5252 edit.
2983 5200 3065 5250 ὅτι
3097 5198 3272 5253 deest.

2520 5269 2597 5338 (5)
2637 5271 2787 5322 Alias
2831 5267 3116 5320 LXXXIII.
3168 5269 3409 5324 Exeunte
3457 5285 3601 5323 anno
3641 5270 3768 5332 382,
3809 5272 3889 5326 vel
3930 5272 4014 5326 in-

2449 5349 2614 5392 eunte
2642 5339 2750 5392 383
2777 5339 3002 5405 scripta.

2520 5408 2597 5478 (4)
2633 5409 2709 5460 Τὰ
2736 5407 2852 5474 μὲν
2883 5406 3268 5478 πνευματικά.
3325 5405 3557 5460 Montac.
3598 5415 3651 5460 et
3691 5409 3877 5478 Morel.
3915 5407 4017 5478 μέν

2447 5475 2649 5529 delent.
2680 5478 2846 5529 Paulo
2886 5475 3048 5538 infra,
3081 5493 3178 5545 pro
3225 5477 3451 5548 διοχλεῖν
3493 5479 3642 5544 ὑμῖν,
3688 5481 3810 5531 cod.
3855 5475 4013 5533 Pass.

2447 5544 2674 5613 διοχλεῖν
2702 5546 2866 5613 ὑμᾶς.

2481 5561 2674 5614 ιοχλειν
2702 5561 2866 5614 υμας.

2521 5613 2599 5682 (5)
2645 5613 3043 5681 Φρὰσσοισθε.
3100 5613 3356 5678 Montac.,
3413 5614 3598 5669 Morel.
3653 5629 3716 5666 ac
3765 5616 4014 5672 Combcl'.

2449 5684 2762 5752 φράξοισθε,
2791 5685 3082 5753 loquimini,
3113 5685 3254 5753 quod
3295 5688 3466 5752 magis
3495 5687 3752 5738 colurret.
