4348 6480
356 439 463 498 973

1736 430 2065 495 EPISTOLA
2112 434 2241 493 CLX
2255 430 2311 495 ν.

3497 426 3601 484 974

358 556 531 626 πέρας
570 554 701 626 ἔχει.
747 553 1213 627 Ὑπεχωρήσαμεν
1258 557 1333 627 τῷ
1369 558 1577 627 φθόνῳ,
1610 557 1928 625 φιλοσοφοῦυ
1959 565 2001 616 Α
2032 570 2075 608 rt

1886 557 1928 609 in
1959 565 2001 616 Α
2032 570 2121 608 res
2149 552 2366 615 reddas,
2396 550 2563 621 atque
2591 548 2657 603 ad
2695 546 2955 602 ulteriora
2995 562 3339 616 promovoas,
3406 548 3603 602 erube-

361 662 462 715 μεν
496 646 579 714 ἐφ’
614 646 843 715 ἡσυχίας
895 646 972 715 τῷ
1006 648 1158 715 Θεῷ,
1213 648 1335 701 καθ’
1377 650 1521 719 ἡμᾶς
1564 648 1763 710 αὐτοὺς
1801 662 1928 713 συγ-

359 733 621 803 γινόμεθα
644 738 764 797 ταῖς
785 735 967 804 εὐχαῖς
989 775 1002 797 ,
1046 736 1152 789 τῶν
1197 740 1254 789 ὲν
1296 737 1444 808 μέσῳ
1478 738 1680 791 κλόνων
1711 739 1802 792 καὶ
1838 737 1927 790 θο-

362 820 540 890 ρύὸων
601 823 1043 895 ἠλευθερώμεθα.
1098 828 1168 878 Σὺ
1219 827 1273 879 δὲ
1325 830 1455 897 ἡμῖν
1505 828 1751 899 ἀνδρίζου
1782 870 1796 887 .
1837 829 1931 881 καὶ

360 911 653 979 κραταιοῦ,
692 915 783 965 καὶ
817 914 1228 984 ὑπεραγωνίζου
1262 916 1359 987 τῆς
1389 917 1619 987 Τριάδος
1659 918 1737 979 είς
1770 916 1929 968 δύνα-

364 1015 474 1069 μιν.
538 1002 644 1055 Καὶ
705 1005 936 1074 ὁπραῢς
998 1005 1137 1057 ἔστω
1193 1008 1477 1076 μαχητὴς,
1542 1007 1571 1059 ὃ
1634 1008 1725 1059 καὶ
1783 1007 1929 1075 ἡμᾶς

360 1090 539 1161 ἐώρας
567 1092 675 1163 (60)
728 1095 1014 1159 ποιοῦντας
1035 1115 1047 1127 ·
1099 1098 1157 1149 οὐ
1192 1098 1297 1168 γὰρ
1332 1098 1588 1168 βούλομαι
1637 1098 1929 1167 κέρκωπας

364 1182 464 1251 μὲν
487 1184 811 1254 εὐδοκιμεῖν,
846 1189 1071 1257 ⁴ᾕρεμεῖν
1096 1189 1152 1241 δὲ
1179 1188 1417 1253 λέοντας.
1444 1190 1553 1242 Καὶ
1576 1188 1731 1258 ἡμῶν
1761 1188 1928 1258 ὑπερ-

359 1272 519 1342 εύχου
588 1277 791 1347 σφόδρα
849 1280 1207 1349 καμνόντων,
1266 1280 1332 1333 ἵν’
1406 1281 1685 1352 εἰρηνικῆς
1748 1280 1927 1349 τύχοι-

364 1378 463 1429 μεν
490 1363 599 1433 (61)
633 1365 730 1434 τῆς
763 1366 940 1431 ἐξόδου
966 1408 980 1431 ,
1020 1369 1120 1439 ἤδη
1160 1370 1293 1440 πρὸς
1332 1369 1489 1422 τοῦτο
1518 1370 1758 1431 νεύοντες
1790 1369 1922 1439 (62).

2027 656 2241 699 scentes
2268 641 2515 697 videlicet
2540 657 2647 695 non
2675 642 2810 694 tales
2854 655 2953 693 nos
2986 638 3451 708 prscbere,qualcs
3483 655 3604 694 esse

2028 734 2331 788 arbitraris.
2380 734 2450 786 At
2509 740 2712 786 nostra:
2760 731 2980 800 quidem
3029 745 3117 785 res
3174 725 3350 781 lincm'
3377 731 3597 784 habent.

2029 824 2248 878 Invidia:
2290 823 2582 885 cessimus,
2631 820 2739 873 Dco
2784 820 3076 889 tranquille
3128 819 3598 888 philosophantur,

2025 916 2130 975 soli
2161 915 2430 984 degimus,
2470 921 2632 981 atque
2682 913 2733 963 in
2767 910 3021 979 precibus
3067 925 3372 970 versamur,
3412 912 3598 962 mundi

2035 1007 2354 1075 strepitibus
2397 1020 2461 1058 ac
2501 1001 2827 1057 tumultibus
2858 1000 3069 1054 liberati
3113 1016 3304 1053 sumus
3358 999 3438 1053 Tu
3472 1017 3601 1054 vero

2035 1099 2267 1151 viriliter
2309 1112 2406 1166 age
2452 1104 2505 1149 ct
2551 1093 2864 1149 confortare
2912 1092 2981 1149 ⁸³.
3033 1107 3095 1143 ac
3151 1106 3247 1160 pro
3293 1089 3598 1155 Trinitate,

2032 1200 2298 1261 quantum
2332 1189 2481 1241 vires
2517 1194 2623 1239 tute
2654 1186 2851 1245 ferent,
2884 1184 3105 1237 dimica.
3138 1183 3200 1236 Iit
3225 1184 3318 1251 qtti
3348 1199 3601 1236 mansue-

2033 1289 2121 1333 tus
2163 1287 2271 1341 est,
2303 1292 2516 1347 pugnax
2554 1275 2666 1338 fiat,
2700 1272 3154 1342 quemadmodum
3186 1272 3347 1326 etiam
3392 1288 3492 1325 nos
3521 1271 3599 1324 fa-

2031 1385 2153 1424 cere
2185 1369 2445 1422 videbas:
2478 1381 2655 1435 neque
2678 1364 2821 1417 enim
2853 1363 2985 1414 mihi
3014 1363 3209 1430 placet,
3249 1370 3305 1415 ut
3343 1360 3600 1415 simiiﬂo-

360 1462 517 1507 reant
553 1457 905 1527 celebresque
926 1461 1057 1525 sint,
1092 1461 1275 1514 leones
1314 1470 1492 1515 autem
1524 1461 1831 1529 quiescant.
1866 1462 1941 1513 Ac
1981 1477 2078 1528 pro
2108 1461 2290 1522 nobis,
2325 1458 2418 1529 qui
2476 1455 2690 1526 magnis
2732 1452 2992 1507 aerumnis
3071 1452 3390 1521 premimur,
3431 1450 3599 1507 Deum

361 1562 608 1616 precare,
647 1557 705 1601 ut
761 1558 1010 1618 pacatum
1056 1567 1087 1604 e
1136 1552 1243 1604 vita
1282 1552 1613 1617 discessum,
1651 1552 1716 1605 ad
1766 1566 1924 1621 quem
1962 1552 2073 1620 jam
2108 1552 2401 1620 vergimus,
2427 1562 2841 1617 consequamur.

817 1665 980 1718 PEE'.
1012 1666 1099 1735 Τῼ
1130 1666 1311 1735 Arri;
1342 1666 1475 1735 (σε).

2574 1662 2781 1715 CLXV.
2828 1662 3049 1713 ElltI‘ISI.

358 1776 493 1831 Cum
528 1782 702 1834 nescio
721 1782 1082 1855 quiddmolesti
1121 1783 1391 1838 Timotheo
1422 1786 1748 1855 contigisset.
1782 1784 2058 1855 nimioque
2086 1782 2427 1855 eiiurdolore
2451 1780 2651 1855 factum
2693 1779 2970 1855 accepisset
3012 1775 3316 1855 Gregorius,
3346 1773 3487 1829 datis
3531 1773 3598 1827 ad

814 1853 965 1905 illum
1005 1853 1218 1919 litteris,
1264 1855 1437 1907 amica
1468 1847 1627 1909 timid
1653 1864 1703 1907 et
1729 1856 1843 1908 acri
1875 1847 2110 1907 nonnihil
2142 1847 2530 1922 objurgatione,
2557 1850 2789 1901 animum
2816 1847 2927 1907 eius
2960 1848 3143 1899 erexit.

430 1960 775 2033 Πυνθάνομαι
808 1966 868 2017 σὲ
914 1965 1055 2035 πρὸς
1089 1968 1151 2020 τὸ
1180 1968 1353 2031 πάθος
1396 1968 1737 2038 ἀφιλοσόφως
1765 1968 1930 2039 ἔχειν,
1965 1976 2004 2027 II
2104 1968 2146 2017 Τ

1883 1986 1930 2031 ν,
1965 1976 2004 2027 Β
2104 1968 2180 2019 Te
2197 1965 2563 2019 calamitatem
2595 1963 2817 2017 minime
2849 1962 3229 2030 philosophica
3258 1960 3442 2013 animo
3462 1959 3600 2014 ferre

358 2053 455 2104 καὶ
483 2053 583 2106 οὐκ
627 2054 863 2124 ἐπῄνεσα
884 2074 897 2087 ·
942 2057 1022 2109 δεῖ
1051 2058 1160 2129 γὰρ
1204 2060 1410 2131 τάληθῆ
1454 2064 1686 2131 γράφειν
1710 2102 1725 2125 ,
1753 2060 1929 2124 ἄλλως

356 2160 418 2200 τε
471 2147 562 2198 καὶ
604 2147 739 2218 πρὸς
768 2147 936 2219 ἄνδρα
972 2150 1153 2217 φίλον,
1208 2152 1301 2203 καὶ
1333 2151 1733 2219 καλοκαγαθίας
1768 2168 1931 2222 μετα-

357 2237 698 2307 ποιούμενον.
737 2241 884 2309 Ἐχω
932 2240 1042 2311 γὰρ
1096 2240 1239 2294 οὕτω
1284 2242 1409 2311 περὶ
1455 2243 1657 2295 τούτων
1682 2282 1696 2305 ,
1740 2242 1815 2305 ὥς
1867 2258 1928 2309 γε

359 2328 595 2397 ἐμαυτὸν
635 2328 807 2382 πείθω
832 2369 846 2392 ,
877 2330 970 2383 καὶ
1015 2331 1133 2384 λίαν
1167 2331 1278 2401 (64)
1318 2332 1512 2403 ὀρθῶς.
1548 2331 1687 2385 (ibes
1719 2333 1780 2385 τὸ
1812 2332 1929 2384 λίαν

358 2420 565 2482 ἀπαθὲς
612 2420 851 2485 ἐπαινῶ,
894 2420 1017 2474 οὔτε
1062 2421 1124 2475 τὸ
1174 2422 1314 2491 ἄγαν
1366 2422 1687 2495 περιπαθὲς.
1726 2422 1800 2475 Τὸ
1834 2422 1931 2492 μὲν

358 2508 470 2579 γὰρ
522 2508 921 2583 ἀπάνθρωπον,
963 2512 1026 2564 τὸ
1081 2511 1139 2565 δὲ
1189 2511 1514 2580 ἀφιλόσοφον
1568 2511 1702 2581 (65).
1772 2510 1933 2564 Ἀλλά

355 2599 441 2652 δεῖ
482 2598 579 2669 τὴν
630 2600 803 2672 μέσην
851 2602 1169 2669 βαδίζοντα,
1219 2602 1326 2655 τῶν
1372 2604 1470 2672 μὲν
1519 2602 1658 2669 ἄγαν
1690 2602 1932 2672 ἀσχέτων

360 2688 788 2761 φιλοσοφώτερον
811 2690 920 2760 (66)
949 2690 1254 2760 φαίνεσθαι,
1284 2691 1393 2745 τῶν
1413 2692 1470 2744 δὲ
1499 2692 1930 2762 φιλοσοφούντων

357 2778 613 2851 ἀμέτρως
652 2780 1131 2853 ἀνθρωπινώτερον
1191 2781 1322 2853 (67).
1380 2784 1492 2837 Καὶ
1541 2785 1589 2836 εἰ
1648 2783 1745 2853 μὲν
1796 2783 1931 2853 πρὸς

359 2869 519 2923 ἀλλον
568 2870 693 2923 τινὰ
747 2871 1088 2936 ἐπέστελλον,
1136 2873 1265 2935 ίσως
1320 2874 1386 2926 ἄν
1444 2889 1536 2943 μοι
1581 2874 1933 2945 μακροτέρων

360 2960 550 3030 ἐδέησε
600 2960 793 3029 λόγων,
844 2962 942 3014 καὶ
988 2962 1056 3016 τὰ
1106 2962 1203 3033 μὲν
1248 2964 1553 3033 συμπαθεῖν
1596 2964 1726 3030 ἔδει,
1752 2965 1821 3017 τά
1875 2963 1932 3016 δὲ

363 3051 712 3120 παραινέσαι,
732 3052 800 3105 τά
831 3051 887 3105 δὲ
918 3053 1046 3115 ἴσως
1095 3054 1440 3124 ἐπιτιμῆσαι.
1490 3054 1564 3107 Τό
1582 3071 1638 3107 τε
1665 3054 1774 3126 γὰρ
1810 3071 1935 3106 συν-

360 3140 565 3207 αλγεῖν,
599 3142 780 3195 ἱκανὸν
820 3142 899 3205 είς
935 3142 1305 3213 παραμυθίαν,
1338 3144 1432 3197 καὶ
1462 3144 1631 3196 δεῖται
1664 3144 1723 3196 τὸ
1752 3144 1936 3215 ἀρῤω-

2031 2058 2216 2119 audio,
2247 2072 2347 2109 nec
2386 2055 2547 2107 laudo
2574 2068 2589 2105 :
2619 2069 2744 2107 vera
2762 2053 2906 2105 cnim
2939 2051 3182 2106 scribere
3197 2056 3433 2119 oportet,
3465 2063 3603 2117 prae-

2031 2150 2218 2203 sertim
2255 2149 2319 2202 ad
2359 2148 2633 2201 hominem
2669 2147 2930 2209 amicum,
2964 2162 3027 2200 ac
3075 2144 3364 2213 probitatis
3399 2151 3453 2197 et
3504 2141 3603 2197 ho~

2033 2241 2263 2294 nestatis
2303 2240 2635 2293 studiosum.
2673 2238 2747 2293 De
2777 2239 2865 2292 bis
2898 2238 3041 2290 enim
3084 2237 3247 2290 rebus
3283 2237 3362 2289 sic
3400 2236 3600 2302 sentio,

2029 2338 2085 2384 ct
2139 2329 2380 2398 quidem,
2432 2339 2490 2382 ιιι
2542 2329 2673 2381 mihi
2726 2330 3052 2398 persuadeo,
3112 2326 3438 2381 ret-tissime.
3490 2325 3601 2381 Nec

2032 2421 2175 2473 enim
2202 2421 2424 2474 nimiam
2456 2420 2811 2474 indolentiam
2844 2420 3033 2489 probo,
3066 2434 3164 2473 nec
3190 2418 3413 2470 nimiam
3448 2416 3602 2471 dolo—

2036 2508 2110 2560 ris
2145 2509 2520 2562 acerbitatem.
2563 2507 2699 2561 IIlud
2735 2507 2882 2561 enim
2916 2505 3275 2559 inhumanum
3300 2512 3403 2567 est,
3442 2503 3545 2558 hoc
3570 2522 3601 2557 ει

2032 2597 2356 2666 philosopho
2406 2597 2668 2651 alienum.
2735 2595 2935 2649 Verum
2984 2596 3221 2649 medium
3280 2594 3353 2646 ita
3418 2605 3604 2648 tenere

2031 2688 2286 2740 convenit
2322 2687 2478 2757 137
2512 2694 2572 2740 ut
2603 2695 2657 2741 et
2692 2688 2782 2752 iis,
2814 2687 2906 2756 qui
2940 2685 3106 2739 nimis
3126 2684 3389 2739 elI'rcnato
3417 2684 3604 2737 dolore

2035 2779 2340 2847 praecipites
2381 2786 2640 2849 aguntur,
2692 2779 3055 2848 sapientiores
3096 2793 3198 2831 nos
3244 2777 3603 2846 praebeamus,

2033 2879 2087 2924 et.
2124 2871 2192 2925 iis
2231 2871 2324 2940 qui
2369 2870 2658 2925 immodice
2698 2869 3178 2939 philoso'pbantur,
3226 2867 3600 2921 humaniores.

2032 2962 2111 3015 Ac
2138 2962 2183 3016 si
2215 2961 2433 3030 quidem
2467 2960 2534 3013 ad
2575 2960 2744 3014 alium
2788 2961 3079 3030 quemdam
3129 2960 3451 3020 scriberem,
3486 2959 3605 3011 lon—

2032 3050 2169 3120 giori
2199 3050 2435 3105 fortasse
2465 3050 2709 3105 oratione
2732 3065 2871 3119 opus
2896 3050 3233 3109 habuissem,
3256 3065 3449 3117 meque
3481 3064 3602 3117 par-

2035 3142 2128 3193 tim
2185 3141 2357 3193 vicem
2411 3149 2559 3193 tuam
2605 3140 2811 3202 dolere,
2863 3141 3060 3209 partim
3107 3154 3349 3200 mouere,
3408 3138 3603 3205 partim

364 3225 525 3279 στοῦν
577 3228 676 3297 τῆς
728 3229 792 3281 ὲκ
816 3228 912 3281 τοῦ
945 3230 1277 3298 ὑγιαίνοντος
1321 3232 1636 3301 θεραπείας.
1688 3233 1839 3285 Ἐπεὶ
1874 3233 1929 3285 δὲ
1971 3296 1997 3301 Δ
2033 3240 2081 3285 el

1888 3233 1929 3285 se
1971 3296 1997 3301 Δ
2033 3232 2196 3285 etiam
2229 3231 2523 3300 objurgare
2552 3230 2909 3300 Oportuisset.
2939 3227 3073 3281 Nam
3100 3237 3155 3282 et
3196 3226 3605 3280 commiseratio

363 3316 499 3385 πρὸς
546 3296 715 3388 ἄνδρα
769 3296 1197 3391 πεπαιδευμένον
1248 3296 1507 3393 ποιοιίμαι
1555 3324 1681 3386 τοὺς
1716 3324 1928 3392 λόγους,
1958 3296 1999 3351 C
2037 3337 2080 3374 ιη

1887 3341 1928 3387 ς,
1958 3296 1999 3351 C
2037 3296 2312 3390 magnam-
2333 3296 2415 3374 adv
2454 3296 2739 3373 levandum
2787 3319 3029 3373 dolorem
3063 3320 3169 3372 vim
3199 3319 3395 3382 habet;
3431 3325 3485 3370 et
3513 3316 3604 3385 qui

361 3407 524 3475 ἀρκεῖ
540 3407 793 3461 τοσοῦτον
809 3411 1000 3462 εἰπεῖν*
1022 3410 1182 3464 Γενοῦ
1208 3412 1438 3465 σεαυτοῦ
1456 3412 1672 3465 καὶτῶν
1716 3412 1932 3482 βίϐλων,

362 3492 451 3559 αἷς
478 3497 887 3568 καθωμίλησας,
916 3502 974 3554 ὲν
1001 3498 1089 3563 αῐς
1112 3501 1297 3554 πολλοὶ
1332 3503 1431 3572 μὲν
1468 3502 1601 3571 βίοι,
1653 3503 1836 3556 πολλοὶ
1880 3504 1935 3555 δὲ

362 3590 574 3657 τρόποι,
604 3590 797 3645 πολλαὶ
820 3590 879 3643 δὲ
906 3592 1087 3662 ἡδοναὶ
1107 3594 1199 3646 καὶ
1242 3594 1511 3663 λειότητες
1564 3596 1671 3666 (68)
1701 3612 1711 3621 ·
1748 3596 1935 3648 πολλαὶ

360 3677 441 3735 δὲ.
482 3677 558 3740 ὡς
603 3679 665 3731 τὸ
697 3680 867 3743 εἰκὸς,
904 3683 1180 3752 συμφοραὶ
1215 3684 1309 3735 καὶ
1353 3683 1708 3755 τραχύτητες.
1742 3683 1935 3735 Πλέκει

363 3770 421 3821 δὲ
453 3769 632 3824 ταῦτα
660 3770 736 3829 ,δι’
770 3772 1014 3842 ἀλλήλων
1052 3776 1079 3825 ὁ
1112 3773 1242 3835 Θεός
1264 3790 1278 3803 ·
1314 3774 1435 3842 ἐμοὶ
1471 3774 1637 3838 δοκεῖ,
1670 3775 1754 3826 ἵνα
1800 3775 1935 3844 μηδὲ

363 3860 426 3912 τὸ
464 3860 665 3914 λυποῦν
705 3861 1072 3935 ἀθεράπευτον
1103 3858 1158 3936 ᾖ,
1190 3862 1323 3934 μηδὲ
1362 3865 1423 3916 τὸ
1457 3864 1744 3936 εὐφραῖνον
1770 3868 1934 3919 ἀπαι-

363 3952 712 4023 δαγιὶιγητον,
755 3955 867 4015 καὶ,
892 3954 979 4007 ἵνα
1008 3955 1067 4007 τὸ
1097 3957 1154 4006 ὲν
1180 3954 1390 4019 τούτοις
1422 3957 1653 4010 ἄστατον
1679 3958 1772 4010 καὶ
1794 3958 1935 4011 ἀνώ-

369 4040 537 4109 μαλον
595 4040 945 4109 θεωροῦντες,
1000 4042 1133 4112 πρὸς
1184 4043 1345 4094 αὐτὸν
1411 4044 1568 4112 μόνον
1627 4044 1931 4115 βλέπωμεν.

367 4129 550 4181 Ταῦτα
610 4126 700 4182 οὖν
750 4130 938 4200 ὥσπερ
988 4130 1185 4183 κανόνα
1227 4136 1320 4183 καὶ
1372 4131 1625 4201 γνώμονα
1667 4134 1937 4203 προσάγο-

370 4234 470 4287 μεν
505 4218 614 4287 (69)
647 4218 724 4287 σῷ
780 4219 961 4273 πάθει.
1015 4221 1123 4273 Καὶ
1160 4222 1207 4273 εί
1254 4220 1353 4290 μὲν
1379 4220 1771 4291 ὲπαινούμενόν
1818 4239 1937 4276 τινα

366 4310 539 4376 ἔγνως
560 4310 668 4363 τῶν
700 4310 816 4362 λίαν
842 4311 1222 4363 ὑποπεσόντων
1260 4314 1371 4373 τοῖς
1398 4313 1688 4379 ἀλγεινοῖς,
1718 4315 1751 4383 ἧ
1784 4313 1937 4383 τιτῷ

366 4402 551 4468 ἀλγεῖν
568 4400 986 4471 κατορθώσαντα
1022 4402 1154 4471 (70),
1189 4403 1303 4473 χρῶ
1333 4403 1412 4473 τῷ
1440 4402 1698 4456 λυποῦντι
1724 4405 1823 4458 καὶ
1841 4404 1935 4457 τοῦ

368 4492 596 4555 πένθους
653 4493 892 4546 ἀπόλαυε
970 4492 1084 4562 (71)
1152 4493 1345 4562 (οὐδεὶς
1402 4494 1593 4563 φθόνος
1653 4498 1937 4566 συμφορᾶς

440 4631 483 4663 ⁸⁹
514 4628 655 4684 Psal.
691 4644 817 4692 xxx,
843 4629 933 4683 25.

444 4743 556 4811 (60)
605 4741 780 4809 Ἡμᾶς
807 4741 1011 4809 ἐώρας.
1053 4742 1185 4797 Cod.
1221 4752 1275 4796 et
1311 4742 1557 4812 Conibel’.
1604 4744 1748 4812 ἡμᾶς
1782 4743 1930 4811 ὁρᾷς.

442 4813 553 4880 (61)
614 4815 919 4879 Τύχοιμεν.
989 4812 1062 4863 Ita
1120 4813 1291 4866 codex
1342 4823 1397 4865 et
1435 4811 1814 4867 Combelisius.
1874 4815 1933 4866 In

367 4882 533 4938 editis
560 4880 830 4949 τύχωμεν.

442 4949 556 5017 (61)
594 4947 903 5019 Νεύοντες.
937 4948 1010 5001 Ita
1038 4949 1192 5004 codd.
1228 4947 1385 5019 Βσςᾳη
1426 4947 1579 5005 Pass.
1611 4952 1666 5014 2,
1687 4960 1741 5005 et
1770 4952 1931 5005 Com-

370 5019 479 5076 bcf.
519 5019 575 5071 In
608 5018 738 5071 colit.
768 5020 1039 5081 νεύοντας.

443 5089 555 5157 (65)
595 5089 745 5142 Alias
790 5087 1116 5158 CLXXXIX.
1170 5087 1381 5156 Scripta
1410 5088 1570 5158 paulo
1600 5099 1722 5158 post
1772 5105 1933 5158 supe-

369 5155 597 5228 riorem.
666 5158 858 5211 -Cod.
904 5155 1063 5225 Reg,
1097 5155 1335 5228 Montaci.
1368 5166 1421 5209 et
1451 5155 1637 5228 Morel.
1686 5155 1932 5228 Τιμοθέῳ

372 5226 814 5298 καὶ-,Στρατῃγίῳ
848 5230 1093 5298 σοφιστῇ.
1128 5228 1260 5281 Cod.
1301 5226 1645 5297 Στρατειρίῳ.
1684 5226 1813 5282 Cod.
1864 5226 1928 5283 RV.

369 5304 426 5350 ct
456 5294 703 5367 qombef.
731 5294 1085 5367 Στραγειρίῴ.

443 5363 556 5435 (64)
599 5365 703 5428 Ὠς
729 5349 1089 5435 γε’ἐραὐτῦν
1122 5366 1323 5435 πείθω,
1354 5365 1453 5417 καί
1495 5366 1654 5419 .tt'ar.
1708 5366 1782 5418 Ita
1807 5368 1927 5419 cod.

468 5432 598 5501 Reg.
632 5449 696 5487 at:
724 5432 969 5491 Combef.
1014 5437 1074 5490 In
1103 5435 1235 5490 edit.
1269 5433 1344 5497 ὣς
1374 5451 1436 5501 γε
1486 5436 1721 5504 ἐμαυτὸν
1761 5436 1931 5489 πείθω

424 5520 509 5554 αν.

424 5520 509 5554 αν.

445 5571 558 5638 (65)
611 5572 1029 5643 ’Δφιλόσοφοη
1078 5573 1155 5628 Ita
1194 5573 1354 5627 codd.
1406 5572 1538 5643 Reg.
1582 5573 1638 5628 Β.
1681 5578 1734 5636 5,
1769 5584 1823 5629 et
1868 5574 1931 5629 ιι.

374 5638 633 5714 mentae,
676 5638 867 5697 Morel.
896 5638 956 5697 ct
998 5644 1265 5707 Combel'.,
1311 5638 1511 5713 sit-quc'
1547 5644 1671 5714 legit
1709 5646 1825 5699 Bill.
1877 5645 1933 5699 In

369 5710 477 5761 edit
489 5745 502 5758 .
515 5708 818 5777 φιλόσοφον.

445 5780 558 5845 (66)
618 5780 1118 5850 Φιλοσοθςώτεμογ.
1180 5784 1422 5838 Comlwl'.
1494 5804 1504 5837 :
1562 5783 1755 5848 .llajori
1815 5802 1933 5837 ron-

2035 3428 2178 3481 azger
2202 3421 2305 3475 est,
2347 3412 2468 3481 ejus
2503 3412 2597 3481 qui
2631 3412 2841 3480 integra
2882 3410 3194 3464 valetudine
3236 3410 3407 3462 utitur
3438 3409 3607 3462 medi-

2034 3520 2151 3560 CitlII
2196 3518 2415 3557 manum
2464 3503 2711 3571 requirit.
2752 3500 3020 3565 Quoniam
3070 3508 3251 3553 autem
3302 3496 3434 3551 mihi
3482 3512 3605 3549 cum

2034 3597 2251 3650 erudito
2282 3596 2399 3647 viro
2431 3608 2613 3647 sermo
2646 3599 2753 3655 est,
2786 3592 2900 3644 ba'c
2926 3589 3113 3642 dicere
3138 3589 3371 3643 sulliciet
3405 3604 3420 3641 :
3448 3587 3528 3640 Ad
3554 3596 3608 3640 tc

2038 3689 2174 3752 redi,
2206 3695 2367 3756 atque
2398 3686 2464 3738 ad
2493 3701 2588 3739 eos
2619 3684 2808 3748 libros,
2841 3698 2981 3751 quos
3011 3680 3311 3735 familiares
3344 3678 3603 3739 habuisti,

2039 3781 2090 3831 in
2125 3778 2326 3848 quibus
2365 3784 2417 3830 ct
2449 3776 2633 3828 multa:
2666 3774 2787 3827 vita:
2820 3782 2969 3835 sunt,
3003 3780 3057 3826 et
3090 3771 3241 3824 multi
3276 3772 3399 3823 vita:
3434 3768 3605 3829 modi,

2036 3878 2089 3922 rt
2114 3871 2293 3922 multa:
2322 3868 2626 3936 voluptates
2653 3873 2705 3919 et
2735 3865 2986 3919 lenitates
3020 3882 3034 3918 :
3060 3862 3214 3916 multi
3247 3877 3393 3924 vero,
3430 3869 3489 3914 ut
3514 3876 3613 3929 par.

2034 3970 2142 4023 est,
2187 3959 2396 4013 adversi
2446 3973 2608 4012 casus
2661 3965 2716 4011 et
2748 3958 3098 4025 asperitates.
3135 3953 3281 4009 Deus
3315 3954 3459 4009 enim
3492 3953 3608 4007 Iucc

2036 4053 2141 4104 alia
2177 4051 2301 4103 aliis
2334 4053 2499 4105 nectit
2534 4066 2546 4099 :
2578 4049 2649 4101 ob
2694 4047 2745 4101 id
2790 4048 3023 4110 scilicet,
3054 4062 3177 4100 meo
3208 4046 3430 4115 quidem
3454 4046 3607 4113 judi-

2036 4146 2143 4204 cio,
2173 4150 2231 4195 ut
2275 4156 2374 4194 nec
2403 4155 2609 4193 mmror
2634 4139 2901 4192 medicina
2927 4146 3137 4199 careat,
3171 4153 3271 4191 nec
3305 4138 3489 4190 lwtitia
3515 4152 3609 4190 ex-

2038 4250 2160 4302 pers
2188 4232 2495 4301 disciplinae
2518 4231 2628 4294 sit;
2666 4238 2850 4299 atque,
2884 4237 2943 4282 ut
2976 4228 3399 4283 inconstantiam
3434 4236 3485 4281 et
3512 4240 3605 4279 va-

2040 4325 2309 4386 rietatem,
2353 4338 2475 4391 qua:
2520 4322 2573 4373 in
2622 4321 2710 4375 his
2758 4322 2923 4375 rebus
2979 4329 3057 4374 est
3090 4359 3104 4382 ,
3152 4318 3603 4387 contemplantes,

2040 4414 2229 4465 oculos
2280 4411 2335 4463 in
2378 4426 2501 4464 eum
2540 4408 2923 4477 conjiciantus.
2971 4407 3095 4461 ΙΙωο
3144 4408 3308 4475 igitur
3348 4415 3605 4476 tanquam

2042 4515 2287 4553 normam
2324 4513 2387 4553 ac
2413 4499 2678 4568 regulam,
2716 4507 2808 4550 tuo
2836 4497 3010 4550 dolori
3047 4497 3425 4550 admovemus.
3453 4496 3528 4549 Ac
3560 4496 3607 4550 si

2041 4747 2237 4800 stantia
2283 4761 2345 4798 ac
2388 4745 2638 4813 firmitate
2663 4744 2933 4812 prwditos.
2967 4745 3099 4805 Cod.
3146 4744 3275 4815 Reg.
3314 4746 3606 4814 φιλοσοφώ-

2039 4832 2218 4869 τατον.

2112 4886 2220 4955 (67)
2265 4882 2822 4955 Ἀνθρωπινώτερον.
2872 4884 3006 4938 Cod.
3076 4883 3206 4953 Reg.
3258 4892 3312 4938 ct
3359 4883 3600 4939 Ccmbcl'.

2038 4951 2544 5037 ἀνθρωπικῴτερον.

2111 5020 2217 5092 (68)
2254 5023 2359 5076 Καὶ
2397 5020 2716 5086 λειότητες.
2777 5020 3015 5092 Μοηιιιο.
3060 5031 3111 5075 ct
3163 5022 3349 5076 Morel.
3399 5024 3492 5075 καὶ
3522 5040 3603 5075 τε·

2038 5092 2332 5161 λειότητες,
2359 5103 2406 5143 et
2439 5109 2657 5143 summm
2686 5092 2919 5144 virtutes.
2974 5091 3089 5145 Mox
3132 5108 3251 5160 qua:
3302 5102 3606 5160 sequuntur

2038 5164 2261 5216 deerant
2302 5164 2352 5214 in
2385 5162 2517 5214 edit.
2562 5176 2734 5227 usque
2768 5161 2832 5212 ad
2866 5161 3053 5213 πλέκει
3083 5161 3159 5213 δέ.
3200 5161 3305 5213 Sed
3348 5178 3410 5215 ea
3447 5164 3603 5215 nobis

2038 5233 2293 5355 antibant
2322 5230 2484 5285 codd.
2510 5230 2665 5299 Reg.,
2695 5228 2821 5294 8.3,
2854 5230 3114 5296 Montac.,
3144 5230 3328 5284 Morel.
3358 5240 3411 5284 et
3439 5232 3600 5285 Com-

2125 5318 2277 5355 tsms.

2109 5303 2277 5356 lisius.

2109 5373 2218 5439 (69)
2256 5371 2657 5437 Προσάτομεν.
2700 5367 2773 5439 Ita
2808 5370 2929 5421 cod.
2970 5378 3024 5423 et
3072 5369 3137 5423 li.
3167 5386 3231 5422 ac
3258 5369 3501 5424 Combcf.
3543 5370 3598 5423 In

2038 5440 2167 5493 edit.
2204 5438 2482 5509 προσάγω.
2519 5439 2649 5490 Ibid.
2676 5438 2753 5505 τῷ
2785 5440 3042 5509 abundat.

2117 5510 2225 5576 (70)
2258 5508 2749 5576 Κατορθώσαντα.
2775 5508 3019 5565 Combcf.
3054 5509 3303 5577 :Atiquid
3329 5509 3465 5577 quod
3497 5510 3602 5563 uir-

2045 5582 2169 5632 tutis
2212 5589 2284 5631 est
2323 5580 2644 5647 pra’stitisse.

2114 5649 2221 5705 ι71)
2251 5645 2510 5713 Ιιένθους
2532 5649 2817 5702 ἀπόλαυε.
2857 5645 2910 5699 In
2940 5648 3067 5703 edit.
3095 5647 3311 5710 πείθους
3340 5646 3598 5701 ἀπόλαϐε.

2043 5720 2170 5771 limi.
2207 5719 2260 5773 II.
2290 5719 2344 5783 3,
2386 5718 2599 5777 “rx-£003;
2630 5718 2885 5770 ἀπόλαυε.
