5274 6660
1222 391 1318 448 391

1223 592 1414 660 ipsete
1445 592 1744 660 spectando
1773 592 2158 654 animadverti,
2191 592 2425 660 primum
2451 595 2576 648 vitae
2599 603 2654 648 et
2679 608 2792 645 mo-

1223 697 1342 736 rum
1381 683 1753 752 tranquillitas
1784 690 1950 752 atque
1983 681 2332 751 simplicitas,
2371 681 2698 750 animusque
2726 681 2791 734 ad

1221 780 1323 827 has
1354 773 1477 827 vitae
1522 774 1742 828 fraudes
1788 782 1843 828 et
1892 772 2226 842 imposturas
2272 787 2465 842 parum
2509 771 2793 842 appositus

1221 871 1276 919 et
1327 865 1575 920 idoneus.
1615 863 1753 918 Tum
1797 863 1927 936 quia
1961 863 2242 934 praestanti
2270 879 2331 917 es
2373 863 2543 916 animi
2591 863 2789 924 indole,

1220 963 1511 1025 menteque
1537 957 1642 1008 alta
1671 962 1725 1007 et
1755 963 1959 1016 erecta,
1992 964 2157 1021 atque
2191 955 2256 1006 ad
2279 954 2790 1021 contemplationem

1222 1047 1324 1100 levi
1363 1057 1416 1100 et
1445 1047 1718 1116 expedita.
1757 1045 1873 1100 Huc
1899 1044 2110 1100 accedit
2143 1046 2386 1100 adversm
2418 1060 2552 1099 cura
2582 1045 2791 1099 valetu-

1219 1141 1385 1203 dinis,
1419 1149 1474 1194 et
1503 1141 1756 1210 corporis
1797 1139 2086 1194 infirmitas
2110 1158 2123 1192 :
2162 1151 2286 1191 nam
2313 1139 2417 1191 hoc
2441 1152 2658 1206 quoque
2681 1151 2788 1188 non

1218 1232 1333 1285 leve
1367 1231 1432 1284 ad
1467 1230 1865 1300 philuSOphiam
1895 1228 2111 1298 pondus
2136 1227 2335 1281 habere
2363 1225 2579 1279 Platoni
2610 1227 2788 1280 visum

1216 1330 1319 1394 est,
1351 1321 1495 1387 Quin
1537 1325 1702 1376 etiam
1745 1336 1805 1375 es
1847 1327 2030 1382 etate,
2062 1329 2120 1372 ut
2151 1317 2263 1386 jam
2305 1317 2472 1371 animi
2507 1317 2791 1386 perturba-

1218 1413 1396 1466 tiones
1425 1411 1792 1466 inﬂectantur.
1827 1413 1935 1465 Nec
1968 1424 2096 1464 vero
2122 1416 2443 1478 paupertate
2475 1415 2582 1459 tam
2611 1404 2786 1474 frangi

1217 1503 1348 1556 mihi
1383 1502 1605 1564 videris,
1639 1517 1802 1571 quam
1834 1501 2077 1571 gloriari,
2118 1500 2237 1552 Jam
2276 1498 2424 1568 quod
2463 1498 2788 1551 erubescere

1216 1593 1348 1656 scis,
1387 1594 1442 1647 in
1471 1609 1536 1648 eo
1580 1607 1688 1646 non
1735 1592 2020 1645 rhetorum
2056 1603 2263 1642 morem
2301 1586 2493 1641 refers.
2543 1584 2648 1640 Sed
2691 1600 2787 1639 ne-

1213 1700 1319 1754 que
1349 1683 1578 1738 scelésta
1609 1674 1705 1736 tibi
1742 1682 1928 1751 lingua
1953 1687 2065 1744 est,
2100 1693 2203 1733 nec
2243 1677 2422 1732 malus
2451 1675 2674 1734 effectus
2702 1691 2784 1740 es,

1213 1792 1315 1830 nec
1345 1777 1818 1831 circumforaneus
1855 1791 1936 1837 es,
1973 1789 2077 1829 nec
2105 1773 2359 1842 denique,
2395 1779 2454 1825 ut
2493 1787 2605 1825 rem
2652 1786 2785 1840 pau-

2485 389 2552 447 ‘S.
2594 390 2925 446 GREGORII
2965 388 3308 446 THEOMNII

1291 499 1423 566 Quae
1455 510 1634 554 autem
1666 508 1748 556 est
1774 493 1888 556 haec
1917 509 2126 555 natura:
2157 499 2444 570 aptitudo?
2481 503 2550 558 Ut
2573 503 2790 573 quidem
2822 507 2866 563 Α

4359 400 4465 455 299

2979 503 3138 555 Ἀλλὰ
3167 506 3247 565 τίς
3275 503 3680 573 ἐπιτηδειότῃςς
3713 505 3790 569 ὡς
3820 506 3948 574 γοῦν
3977 508 4101 578 ἐμοὶ
4125 509 4464 581 θεωρήσαντι

2895 594 3196 664 κατεφάνη,
3244 593 3456 664 πρῶτον
3492 593 3592 664 μὲν
3641 597 3671 648 ό
3713 596 3917 664 τρόπος
3950 598 4044 651 καὶ
4087 600 4150 652 τὸ
4201 601 4314 670 (7'2)
4366 601 4461 655 τοῦ

2893 683 3056 752 ῆοους
3099 683 3324 752 γαληνόν
3372 702 3432 737 τε
3479 686 3572 738 καὶ
3615 686 3858 757 ἄτεχνον,
3890 688 3985 744 καὶ
4025 689 4160 760 πρὸς
4215 691 4314 754 τὰς
4366 671 4463 746 τοῦ

2895 777 3011 846 βίου
3061 780 3300 849 στροφὰς
3333 780 3536 843 ταύτας
3570 782 3962 852 ἀνεπιτήδειον.
3999 783 4230 836 Ἔπειτα
4261 785 4324 838 τὸ
4364 785 4464 856 τῆς

2890 868 3068 939 ψυχῆς
3096 869 3297 938 εὐφυὲς
3330 871 3424 923 xui.
3458 871 3695 939 ὑψίνουν,
3741 872 3835 925 καὶ
3873 873 4010 942 πρὸς
4039 872 4271 944 Θεωρίαν
4307 875 4462 928 εὐκί-

2892 977 3070 1029 νητον.
3104 961 3296 1031 Τρίτον
3329 963 3361 1032 ὴ
3394 963 3688 1031 νοσοκομία
3710 963 3846 1032 (75),
3875 965 3969 1016 καὶ
3999 962 4062 1017 τὸ
4089 964 4183 1017 τοῦ
4212 964 4463 1036 σώματος

2890 1050 3112 1114 ἀσθενές
3133 1067 3147 1081 ο
3182 1051 3367 1121 ἐπειδὴ
3399 1053 3493 1105 καὶ
3524 1052 3683 1105 τοῦτο
3709 1055 3769 1106 οὺ
3805 1055 4001 1124 μικρὸν
4026 1056 4107 1118 εἰς
4140 1055 4460 1124 φιλοσοφίαν

2891 1138 3026 1194 εἶναι
3070 1141 3219 1194 δ’)κεί
3246 1141 3322 1212 τῷ
3355 1143 3600 1200 Πλάτωνι
3642 1143 3775 1211 (74).
3809 1145 3918 1196 Καὶ
3947 1145 4056 1215 μὴν
4105 1146 4200 1200 καὶ
4246 1146 4461 1216 ἡλικίας

2891 1231 3062 1294 οὕτως
3094 1230 3258 1301 ἔχεις,
3305 1232 3380 1298 ὡς
3420 1232 3519 1302 ἤδη
3549 1233 3616 1285 τὰ
3666 1233 3810 1304 πάθη
3865 1233 4140 1288 κλίνεσθαι
4173 1235 4306 1304 (75)..
4351 1238 4462 1290 Καὶ

2888 1326 2955 1392 τῇ
2971 1321 3132 1392 πενίᾳ
3146 1301 3565 1393 οὐκάμπτεσθαί
3601 1342 3690 1394 μοι
3721 1301 3898 1388 omisi;
3948 1326 4146 1395 μᾶλλον
4246 1301 4452 1380 διαλλω-

2889 1411 3160 1476 πίζεσθαι.
3199 1413 3272 1464 Τό
3309 1430 3368 1466 τε
3401 1413 3752 1483 αἰσχύνεσθαι
3785 1416 4004 1479 ειδέναι,
4033 1418 4094 1470 οὐ
4127 1420 4268 1473 κατὰ
4299 1421 4462 1490 ῥήτο-

2891 1521 3010 1574 ρας.
3055 1504 3191 1557 Ἀλλ’
3222 1505 3341 1557 οὐδὲ
3373 1507 3524 1576 φωνὴ
3563 1507 3736 1576 μιαρά
3774 1524 3877 1571 σοι,
3923 1509 4044 1565 οὐδὲ
4087 1510 4313 1579 γέγονας
4356 1529 4460 1565 κα-

2888 1593 2981 1654 κὸς
3016 1592 3150 1661 (76),
3200 1593 3320 1645 οὐδὲ
3375 1596 3631 1664 ἀγοραῖος
3676 1592 3746 1659 εἴ,
3777 1597 3898 1650 οὐδέ
3939 1615 3994 1650 τι
4046 1599 4158 1652 τῶν
4203 1600 4460 1654 τοιούτων

2886 1681 3048 1749 ἔχεις,
3100 1682 3166 1734 ἶν’
3195 1680 3336 1737 εἴπω
3371 1686 3671 1754 συντόμως,
3701 1680 3785 1749 οἷς
3827 1687 4049 1741 πλάττει
4081 1690 4172 1742 τὸν
4202 1693 4460 1763 ἀγοραῖον

2889 1773 3223 1844 Δημόκριτος
3256 1775 3284 1826 ὁ
3317 1776 3582 1843 κρείττων
3630 1779 3709 1840 είς
3738 1777 4095 1848 δημαγωγίαν
4139 1783 4460 1853 ’Δριστοφάέ

1211 1868 1297 1921 eis
1336 1865 1701 1936 complectar,
1757 1865 2055 1934 quidquam
2109 1876 2296 1916 eorum
2355 1859 2542 1923 habes,
2586 1859 2787 1927 quibus
2819 1855 2860 1908 B
2888 1879 3015 1925 νους
3044 1863 3179 1931 (77).
3224 1864 3294 1916 Ἀ]

2376 1860 2542 1923 Iabes,
2586 1859 2787 1927 quibus
2819 1855 2860 1908 Β
2888 1879 3015 1925 νους
3044 1863 3179 1931 (77).
3224 1864 3382 1918 Ἀλλὰ
3417 1867 3602 1938 ῥήτωρ
3635 1868 3988 1939 καλούμενος,
4037 1872 4213 1925 πάντα
4260 1875 4459 1943 πρότε-

1213 1958 1484 2013 forensem
1508 1955 1782 2010 hominem
1808 1953 2153 2009 Democritus
2172 1951 2324 2020 fingit
2345 1959 2508 2020 atque
2538 1952 2780 2014 instruit,

2890 1969 2984 2022 ρον
3009 1953 3042 2023 ἢ
3079 1953 3220 2007 κατὰ
3240 1954 3302 2007 τὸ
3335 1950 3466 2025 ἦθος
3487 1956 3657 2020 τελεῖς
3687 1960 3766 2021 εἰς
3799 1961 4034 2032 ῥήτορας
4062 1962 4196 2031 (78).
4231 1964 4320 2034 Μὴ
4349 1965 4461 2017 τοί-

1212 2051 1296 2102 vir
1329 2049 1542 2102 scilicet
1579 2045 1861 2116 popularis
1903 2043 2320 2114 gubernationis
2353 2043 2544 2112 peritia
2573 2043 2785 2096 Aristo-
2887 2062 2983 2098 νυν
3013 2044 3246 2115 θελήσῃς
3281 2062 3295 2097 1

2376 2043 2544 2096 ieritia
2573 2043 2785 2096 Aristo-
2887 2062 2983 2098 νυν
3013 2044 3246 2115 θελήσῃς
3281 2047 3545 2116 προέσθαι
3570 2051 3670 2120 τῆς
3699 2050 4015 2120 φιλοσοφίας
4049 2055 4174 2120 ὅσον
4202 2057 4459 2128 προεελη..

1213 2138 1618 2208 phane‘potior.
1657 2134 1855 2190 Verum
1889 2149 2016 2190 cum
2052 2133 2242 2191 rhetor
2291 2132 2524 2194 voceris,
2567 2131 2782 2202 quidvis
2889 2151 3016 2206 φας,
3047 2135 3181 2205 μηδὲ
3214 2136 3283 2189 τὰ

2374 2132 2524 2194 reris,
2567 2131 2782 2202 quidvis
2889 2151 3016 2206 φας,
3047 2135 3181 2205 μηδὲ
3214 2136 3283 2189 τὰ
3331 2137 3562 2222 δειξτερα
3596 2139 3726 2210 ἔχῃς
3759 2141 3874 2211 (79)
3923 2146 3982 2197 ὲν
4025 2148 4137 2210 τοῖς
4181 2148 4457 2219 δευτέροις

1210 2241 1390 2285 tamen
1443 2230 1646 2300 potius,
1693 2241 1857 2297 quam
1903 2223 2086 2294 quoad
2133 2239 2316 2278 mores
2363 2225 2580 2286 attinet,
2640 2223 2783 2276 inter
2891 2226 3149 2297 μᾶλλονῆ
3183 2225 3250 2279 τὰ
3289 2247 3293 2259 ι

2375 2225 2580 2286 attinet,
2640 2223 2783 2276 inter
2891 2226 3149 2297 μᾶλλονῆ
3183 2225 3250 2279 τὰ
3289 2227 3480 2299 πρῶτα
3509 2229 3568 2281 ἐν
3593 2233 3707 2294 τοίς
3741 2235 4035 2302 μεγίστοις.
4073 2238 4136 2290 Et
4167 2238 4223 2289 δὲ
4258 2240 4351 2292 καὶ
4387 2239 4458 2292 τὰ

1211 2327 1455 2380 rhetores
1491 2321 1756 2379 censeris.
1811 2317 2085 2394 Quocirca
2129 2317 2244 2372 noli
2301 2315 2354 2370 id
2399 2316 2774 2386 philosophiae,

2885 2317 3077 2388 πρῶτα
3102 2317 3210 2370 τῶν
3244 2316 3476 2371 ἐνταῦθα
3521 2318 3766 2392 δοίημεν,
3805 2325 3880 2396 μὴ
3909 2327 4120 2400 ἀνάσχῃ
4150 2329 4456 2400 ἀριστεύειν

1208 2416 1353 2484 quod
1381 2415 1494 2484 jam
1529 2411 1810 2482 accepisti,
1837 2410 2128 2480 projicere,
2165 2422 2266 2461 nec
2299 2409 2572 2462 secundas
2593 2410 2776 2478 potius
2882 2409 2940 2459 ὲν
2972 2407 3199 2471 κολοιοῖς
3233 2407 3291 2478 (8η

1987 2423 2128 2472 cere,
2165 2422 2266 2461 nec
2299 2409 2572 2462 secundas
2593 2410 2776 2478 potius
2882 2409 2940 2459 ὲν
2972 2407 3199 2471 κολοιοῖς
3233 2406 3367 2478 (80),
3402 2408 3560 2472 ἀετὸς
3587 2407 3724 2504 εἶναι
3757 2414 4070 2487 δυνάμενος.

1211 2509 1264 2561 in
1311 2507 1570 2562 secundis
1613 2505 1796 2571 rebus,
1853 2519 2016 2574 quam
2055 2503 2262 2572 primas
2309 2503 2363 2557 in
2421 2501 2675 2563 maximis
2720 2500 2946 2556 habeas.
3005 2502 3181 2572 Atque
3251 2511 3312 2556 ut
3353 2503 3516 2559 etiam
3568 2500 3774 2574 primas
3829 2508 4154 2581 eloquentiae
4217 2510 4312 2565 tibi
4363 2510 4458 2565 de-

1211 2613 1355 2662 mus,
1407 2613 1474 2652 ne
1518 2598 1792 2651 sustineas
1840 2597 1982 2660 inter
2030 2593 2286 2667 graculos
2333 2593 2623 2663 excellere,
2657 2607 2784 2646 cum
2819 2593 3003 2663 aquila
3032 2608 3155 2649 esse
3185 2594 3384 2662 possis.

1284 2718 1440 2791 14⁷
1479 2718 1774 2786 Quousque
1800 2717 1872 2770 ob
1901 2732 1989 2790 res
2029 2733 2226 2787 parvas
2253 2711 2529 2789 humique
2558 2727 2779 2789 reptan—

1210 2819 1292 2865 tcs
1321 2808 1596 2870 inflantur,
1633 2816 1796 2877 atque
1837 2808 1980 2862 inter
2011 2808 2447 2864 adolescentulos
2481 2819 2529 2864 et
2567 2808 2778 2876 fabulas

1212 2901 1472 2962 ludimus,
1517 2907 1572 2954 et
1610 2914 1638 2953 a
1671 2899 1954 2968 plausibus
2003 2899 2058 2953 in
2096 2899 2268 2952 altum
2303 2899 2642 2951 attollimur?
2684 2899 2782 2952 Mi-

1210 3006 1429 3061 gremus
1465 2990 1615 3052 hinc,
1644 2989 1746 3042 viri
1791 2987 2111 3052 efﬁciamur,
2159 2989 2374 3043 somnia
2406 2988 2778 3056 projiciamus,

1213 3081 1434 3136 tnnbras
1492 3088 1912 3149 praetereamus,
1977 3079 2099 3131 aliis
2157 3077 2283 3131 vitae
2349 3078 2780 3144 oblectamenta,

2955 2723 3134 2794 Μέχρι
3181 2723 3326 2786 τίνος
3378 2720 3676 2793 φυσὼμιθα
3724 2722 3838 2783 τοῖς
3869 2721 4083 2791 μικροῖς
4127 2721 4222 2772 καὶ
4279 2720 4456 2790 χαμαὶ

2886 2813 3218 2883 ἐρχομένοις,
3252 2814 3347 2866 καὶ
3389 2814 3651 2884 παίζομεν
3685 2815 3745 2866 ὲν
3778 2796 4153 2883 μειρακίσκοες
4187 2816 4281 2864 καὶ
4321 2811 4458 2865 πλά-

2889 2919 3078 2972 σμασι,
3107 2905 3202 2955 καὶ
3245 2903 3350 2956 ὑπὸ
3379 2904 3487 2955 τῶν
3520 2905 3730 2972 κρότων
3779 2901 4082 2974 αἱρόμεθα;
4112 2901 4458 2972 Μετασῶμεν

2889 2990 3160 3058 ἐντεῦθεν,
3208 2992 3400 3064 ἄνδρες
3446 2991 3752 3063 γενώμεθα,
3788 2991 4032 3064 ῥίψωμεν
4075 2993 4145 3045 τὰ
4178 2992 4454 3064 ὀνείρατα,

2888 3081 3335 3153 παραδράμωμεν
3379 3083 3478 3143 τὰς
3509 3083 3688 3146 σκιὰς,
3721 3082 3904 3146 ἄλλοις
3931 3082 4194 3154 παρῶμεν
4218 3083 4287 3137 τὰ
4331 3101 4459 3155 τερ-

1212 3175 1440 3242 plusque
1481 3170 1689 3225 doloris
1732 3185 1896 3240 quam
1940 3169 2238 3238 voluptatis
2299 3168 2577 3234 habentia,
2617 3169 2784 3238 relin-
2811 3149 2854 3204 C
2889 3149 2994 3224 πνα
3027 3149 3120 3224 τοῦ
3148 3149 3295 3242 *βεο-υ,

2376 3169 2577 3234 bentia,
2617 3169 2784 3238 relin-
2811 3149 2854 3204 ο
2889 3149 2994 3224 πνα
3027 3149 3120 3224 τοῦ
3148 3149 3295 3242 *βέο-υ,
3327 3173 3420 3225 καὶ
3447 3172 3609 3226 πλέον
3643 3173 3896 3244 ὀδυνηρά.
3942 3149 4164 3237 Ἀλλοίδς
4195 3149 4459 3245 πραγμα-

1207 3279 1462 3334 quamus.
1504 3262 1656 3317 Alios
1699 3269 1997 3330 occupatos
2047 3268 2289 3324 teneant,
2343 3261 2572 3329 jactent,
2609 3260 2786 3314 ludifi-

1210 3361 1403 3409 centur
1435 3353 1658 3413 invidia,
1690 3360 1745 3407 et
1780 3360 2018 3422 tempus,
2053 3359 2107 3406 et
2143 3350 2385 3406 fortuna.
2431 3351 2589 3418 Quod
2633 3352 2784 3405 scili-

1210 3455 1295 3500 ret
1354 3461 1534 3498 rerum
1587 3445 1946 3500 humanarum
2001 3443 2430 3497 inconstantiam
2484 3443 2781 3512 appellant.

1210 3539 1425 3591 valeant
1455 3536 1657 3600 throni,
1707 3537 2072 3606 principatus,
2108 3550 2262 3604 opes,
2301 3535 2642 3603 splendores,
2672 3536 2786 3590 ela-

1211 3631 1410 3692 tiones,
1463 3644 1647 3692 casus,
1700 3627 1826 3682 vilis
1873 3627 1990 3680 haec
2039 3637 2090 3680 et
2140 3627 2498 3704 despicabilis
2537 3627 2783 3696 gloriola,

1283 3805 1394 3870 (72)
1444 3805 1497 3854 '0
1528 3805 1743 3872 τρόπος
1772 3805 1866 3856 καὶ
1905 3804 1990 3856 τό.
2028 3803 2101 3856 Ita
2135 3802 2259 3856 cod.
2295 3799 2407 3873 Reg
2452 3811 2507 3857 ct
2535 3803 2778 3858 Combcf.

1208 3874 1268 3937 in
1298 3875 1430 3927 edit.
1465 3877 1494 3927 ό
1518 3875 1717 3944 τρόπις
1737 3875 1852 3926 ἐστὶ
1885 3875 1978 3944 καὶ
2003 3873 2080 3925 τό.

1281 3945 1392 4014 (73)
1441 3945 1505 3997 Ἢ
1548 3941 1896 4014 νοσοκομία.
1933 3943 2106 4014 Bill._:
2143 3941 2378 4014 Adversa
2409 3943 2676 4014 valetudo.

1280 4009 1391 4083 (74)
1430 4013 1604 4067 Δοκεῖ
1637 4013 1717 4078 τῷ
1746 4009 2032 4083 Πλάτωνι.
2064 4009 2144 4083 Ita
2177 4011 2414 4069 Montac.
2453 4020 2506 4065 et
2535 4010 2780 4083 Combef.

1209 4084 1268 4146 in
1292 4081 1427 4136 edit.
1464 4084 1524 4136 τὸ
1554 4083 1820 4146 Πλάτωνι,
1858 4082 2073 4136 Platoni
2100 4082 2266 4134 visum
2288 4091 2402 4144 est;
2434 4095 2497 4134 ac
2531 4081 2781 4150 proinde,

1212 4155 1290 4206 ait
1328 4153 1478 4218 Bill.,
1514 4154 1861 4207 Academiam
1895 4151 2229 4206 insalubrem
2246 4151 2440 4205 Atticas
2465 4151 2644 4204 locum
2673 4153 2785 4206 ele-

1211 4225 1358 4291 gisse
1397 4223 1630 4285 dicitur,
1685 4229 1744 4276 ut
1794 4221 1958 4276 nimis
2009 4222 2185 4274 bonus
2232 4222 2484 4290 corporis
2537 4221 2781 4291 habitus,

1212 4289 1469 4361 tanquam
1523 4292 1691 4346 nimia
1748 4293 1874 4345 vitis
1917 4290 2160 4345 luxuries
2211 4298 2607 4356 amputaretur.
2650 4289 2784 4347 Vide

1214 4361 1459 4416 Ficinutn
1503 4363 1557 4416 in
1591 4361 1714 4431 ejus
1757 4362 1894 4415 Vita.
2310 4366 2311 4369 “

1283 4433 1395 4501 (75)
1459 4432 1535 4484 Τὰ
1583 4428 1742 4497 πάθη
1795 4431 2131 4501 κλινεσθαι.
2189 4429 2433 4486 Combef.
2483 4447 2496 4483 :
2546 4428 2614 4481 Ut
2654 4429 2781 4501 jam

1210 4500 1630 4568 perturbationes
1678 4511 1832 4568 atque
1884 4500 2012 4554 vitia

1213 4573 1355 4636 .‘llox,
1389 4587 1484 4640 pro
1516 4569 1839 4631 κὰπτεσθαι,
1874 4569 2125 4630 morderi,
2166 4571 2345 4625 reddit
2380 4569 2495 4622 Bill.
2530 4569 2779 4640 δςᾲμπτεο

1213 4641 1358 4701 σθαι,
1391 4637 1607 4712 frangi;
1644 4642 1833 4710 sicque
1867 4641 2160 4710 legendum
2204 4647 2517 4712 proponunt
2544 4637 2780 4692 MOntac.

1212 4721 1266 4765 et
1300 4711 1545 4763 (lontbcl'.

1206 4797 1216 4807 ·
1283 4781 1395 4850 (76)
1432 4779 1594 4850 οὐδὲ
1641 4778 1891 4850 γέγονας
1935 4780 2140 4850 κακός.
2192 4777 2265 4832 Ita
2299 4778 2450 4850 rcod.
2500 4775 2666 4842 9022,
2718 4792 2782 4850 ac

1211 4848 1459 4909 Combef.
1484 4852 1631 4904 Alias
1647 4848 1851 4911 κακῶς,
1871 4865 1960 4901 nec
1983 4849 2137 4902 matre
2163 4849 2355 4902 indolis
2381 4850 2536 4901 homo
2552 4864 2642 4910 es;
2676 4849 2778 4910 vel,

1214 4920 1348 4973 male
1396 4931 1552 4974 natus
1587 4937 1659 4972 rs.
1692 4919 1812 4971 llill.
1849 4937 1862 4970 :
1902 4915 2013 4972 Nec
2048 4920 2188 4972 male
2224 4922 2398 4987 [actus
2441 4936 2513 4971 es.
2550 4917 2607 4970 In
2647 4919 2776 4972 edit.

1209 4991 1331 5043 οὐδὲ
1362 4990 1590 5056 γέγονας
1623 4987 1827 5052 κακῶς,
1871 4999 1926 5041 at
1960 4990 2098 5042 forte
2135 4990 2418 5056 legendum
2451 4988 2572 5041 οὐδὲ
2604 4988 2782 5056 γέγωο

1211 5078 1306 5122 v1;
1335 5059 1540 5122 κακῶς,
1573 5074 1733 5128 neque
1767 5058 1969 5112 clamas
2007 5060 2355 5126 impudenter,
2388 5072 2540 5112 more
2568 5059 2781 5113 scilicet

1211 5131 1572 5199 quorumdam
1611 5129 2079 5197 philosophorum.

1281 5200 1392 5265 (77)
1452 5196 1807 5264 Δημώιρττος
1857 5203 1889 5251 ὀ
1937 5200 2219 5264 κρείττων
2264 5201 2345 5262 εἰς
2402 5196 2780 5266 δημαγωγίαν

1223 5269 1700 5337 Ἀριστοφάνους.
1739 5270 1818 5320 Ita
1876 5270 1999 5322 cod.
2039 5268 2103 5320 li.
2149 5284 2212 5321 ac
2255 5267 2499 5337 Combef.
2533 5267 2669 5337 Huic
2705 5269 2778 5320 Ie-

1211 5333 1377 5394 rtioni
1410 5333 1552 5392 favet
1575 5339 1718 5406 quod
1737 5339 1803 5390 de
1828 5337 2134 5391 Democrito
2168 5340 2357 5391 scribit
2389 5336 2590 5390 Suidas
2613 5333 2778 5407 εῆρξε

1205 5411 1264 5469 βξ
1312 5412 1368 5461 ἐν
1426 5409 1724 5478 ’Δϐὁήροις,
1763 5407 1850 5459 διὰ
1892 5408 1989 5478 τὴν
2040 5407 2230 5460 ἑαυτοῦ
2283 5407 2471 5478 σοφίαν
2502 5407 2774 5476 τιμηθείς,

1207 5479 1420 5548 pra'fuit
1463 5488 1513 5531 et
1544 5476 1915 5530 Abderitarum
1949 5476 2299 5546 'reipublica’:
2332 5476 2621 5548 qnihmwr
2650 5493 2775 5544 pro-

1209 5547 1322 5614 pter
1351 5550 1512 5617 ipsius
1547 5549 1864 5614 sapientiam
1909 5548 2123 5600 habitus
2172 5549 2296 5615 fuit.
2347 5547 2451 5612 Qui
2493 5547 2656 5600 etiam
2692 5565 2780 5602 re'

1210 5620 1360 5686 spuit
1407 5621 1686 5678 Athenas,
1746 5619 2166 5688 cognominatus
2225 5619 2326 5670 fuit
2379 5617 2669 5685 sapientia,
2721 5628 2777 5671 et

1210 5691 1577 5744 clarissimth
1633 5690 1774 5742 inter
1828 5688 2186 5756 philosophos
2237 5703 2432 5742 nomen
2488 5689 2771 5741 obtinuit:

1207 5776 1331 5817 eum
1367 5762 1548 5828 itaque
1590 5761 1785 5812 merito
1830 5758 2182 5828 Aristophani
2232 5758 2444 5813 comico
2493 5758 2776 5827 anteponit

2063 4500 2316 4568 fatiscant
2367 4509 2416 4553 et
2479 4495 2778 4552 concidant.
2811 4495 3273 4560 Dadmonemur,
3330 4499 3406 4551 ait
3468 4497 3631 4568 Bill.,

2885 3264 3087 3316 τευέτω
3126 3264 3257 3333 (81),
3292 3264 3384 3318 καὶ
3421 3264 3878 3335 μεταρριπτείτω,
3913 3265 4007 3318 καὶ
4035 3264 4296 3330 παιζέτω,
4330 3266 4462 3333 φθό-

2886 3371 2997 3417 νος,
3029 3353 3122 3422 καὶ
3155 3355 3364 3425 χρόνος,
3404 3357 3499 3408 καὶ
3530 3356 3690 3427 τύχη.
3733 3358 3798 3408 Ὀ
3836 3357 3902 3427 δή
3946 3374 4078 3426 φασι
4110 3357 4220 3410 τῶν
4252 3358 4459 3428 ἀνθρωο

2887 3448 3057 3501 πίνων
3108 3450 3169 3501 τὸ
3215 3440 3448 3504 ἄστατον
3481 3452 3575 3504 καὶ
3626 3450 3910 3520 ἀνώμαλον
3957 3452 4092 3520 (82),
4143 3452 4455 3523 ὲρῤἐτωσαν

2886 3537 3422 3607 Θρόνοι,δυναστείαι,
3441 3539 3681 3602 πλοῦτοι,
3708 3541 4110 3612 λαμπρότητες.
4137 3543 4457 3613 ἐπάρματα,

2886 3625 3176 3700 πτώματα,
3195 3627 3253 3680 τὸ
3267 3628 3478 3692 εὐτελὲς
3502 3629 3652 3682 τοῦτο
3666 3627 3912 3702 δοξάριον
3926 3632 4018 3685 καὶ
4036 3619 4398 3698 ἀπόπτυστον,
4413 3626 4459 3700 ᾧ

2885 3802 3200 3871 Gregorius.
3247 3803 3303 3856 In
3337 3802 3468 3858 etlit.
3502 3799 3586 3867 οἷς
3622 3802 3844 3857 πλάττει
3871 3803 3964 3855 τὸν
3995 3803 4252 3870 ἀγοραῖον
4276 3803 4459 3866 Δημό-

2885 3888 3068 3943 κριτον
3116 3873 3194 3934 εἰς
3237 3872 3591 3943 δημαγωγίαν
3647 3872 4058 3943 Ἀριστοφάνης.
4102 3874 4249 3943 quod
4280 3871 4400 3926 Btll.
4438 3891 4452 3943 ξ

2886 3942 3086 4006 Quibus
3115 3943 3492 4010 Aristophanes
3516 3942 3776 4011 forensem
3808 3942 3960 3994 illum
3992 3942 4351 3994 Democritum
4384 3942 4456 4001 ad

2881 4012 3189 4079 popularem
3221 4011 3650 4080 gubernationem
3688 4013 3838 4080 ﬁngit
3883 4021 4037 4080 atque
4071 4012 4309 4065 instruit.

2955 4082 3066 4150 (78)
3111 4081 3308 4153 Τελεξς
3342 4083 3430 4146 εὶς
3449 4082 3733 4153 ῥήτορας.
3764 4081 4033 4153 Rhetores
4065 4082 4212 4135 enim
4240 4083 4455 4153 antiqui

2884 4151 3302 4206 obtrectationis
3356 4161 3410 4204 et
3473 4151 3869 4205 maledicentia:
3925 4151 4059 4210 vitio
4127 4165 4325 4219 magna
4380 4151 4456 4208 ex

2884 4232 3036 4292 parte
3085 4220 3423 4292 laborabant.
3457 4219 3582 4274 [hec
3628 4219 3747 4274 Bill.

2884 4287 2910 4412 ὲ
2954 4291 3066 4358 (79)
3108 4289 3190 4343 Τὰ
3237 4289 3484 4357 δεύτερα
3520 4292 3688 4358 ἔχῃς.
3741 4289 3873 4344 Cod.
3925 4287 4051 4344 Par.
4104 4297 4161 4343 et
4203 4291 4452 4347 Combef.

2914 4377 3045 4412 γειν.

2947 4377 3045 4412 ειν.

2913 4378 3066 4497 χῗὲδ)
3131 4429 3486 4498 Ἀριστεύεη,
3541 4428 3611 4480 ἐν
3657 4427 3938 4492 κολοιοῖς,
4002 4426 4117 4498 Hoc
4164 4430 4456 4498 proverbio

3703 4505 3961 4568 prmstare
4019 4497 4175 4552 inter
4215 4500 4454 4567 optimos

2885 4578 2940 4622 et
2993 4569 3481 4637 pmstantissimos
3549 4567 3718 4622 viros
3768 4569 4206 4636 qualemcunque
4270 4570 4452 4637 locum

2884 4625 3072 4692 tenere
3109 4653 3271 4706 quam
3331 4637 3578 4709 primum
3610 4637 3750 4709 inter
3787 4625 4049 4709 'perditos
4098 4625 4153 4691 et
4201 4625 4456 4709 prodiga;

2885 4717 2968 4761 tos
3014 4727 3026 4761 :
3076 4715 3268 4787 contra
3334 4722 3496 4787 quam
3547 4707 3888 4787 deMCaesare
3955 4707 4183 4787 legitur,
4250 4707 4454 4776 qui'in

2886 4793 3052 4846 parvo
3088 4777 3322 4846 quodam
3360 4785 3412 4830 et
3449 4777 3670 4846 ignobili
3701 4778 3900 4846 oppido
3944 4777 4152 4846 primus
4191 4792 4313 4830 esse
4339 4792 4456 4829 ma-

2887 4848 3048 4909 chnt,
3082 4861 3244 4915 quam
3279 4845 3794 4907 ltonuesecundus.
3833 4846 3938 4899 Sed
3966 4846 4213 4916 profecto
4242 4854 4300 4899 ut
4323 4846 4452 4900 olim

2887 4914 3329 4970 Crotoniatarum
3379 4925 3689 4984 postremus
3737 4914 4073 4984 reliquorum
4138 4914 4454 4975 Graecorum

2886 4989 3093 5055 primus
3128 5001 3250 5041 esse
3278 4987 3583 5048 diecbstur,
3627 4986 3699 5038 ita
3730 4986 3824 5054 qui
3862 4987 3943 5038 vel
3979 4993 4283 5040 extremum
4314 4989 4457 5038 inter

2884 5072 3045 5115 veros
3075 5057 3420 5112 Christianos
3452 5063 3598 5109 tenet
3644 5057 3846 5126 locum,
3875 5055 4040 5126 etiam
4071 5056 4279 5124 optimo
4323 5069 4458 5126 gen-

2883 5127 2985 5189 tili,
3023 5129 3106 5179 vel
3133 5142 3199 5180 eo
3222 5125 3315 5194 qui
3347 5127 3489 5179 inter
3520 5125 3770 5185 homines
3809 5125 4014 5178 mundo
4045 5127 4297 5179 addictos
4331 5125 4458 5194 pro—

2883 5197 3167 5250 batissime
3193 5197 3341 5256 vivit,
3377 5197 3723 5265 praestantior
3761 5197 4070 5265 censendus
4101 5205 4205 5265 e_st.

2955 5268 3066 5336 (8i)
3128 5260 3392 5331 Ἀλλουῤ
3425 5263 3901 5334 πραγματευέτω.
3949 5262 4246 5336 Cod._Par.
4287 5272 4347 5336 _e_t
4393 5260 4455 5314 Β.

2878 5335 2933 5398 3,
2965 5332 2971 5336 ’
3003 5337 3196 5398 ἄλλους
3251 5332 3704 5406 πεττευέτωααὶ
3757 5333 4192 5406 μεταρῥιπτείτω
4239 5332 4457 5403 φθόνος,

2878 5407 3027 5459 Alios
3059 5407 3397 5474 ludiﬁcentur
3423 5415 3468 5458 et
3491 5405 3698 5473 jactent
3734 5405 3957 5462 invidia.
3993 5413 4099 5458 etc.

2950 5476 3062 5544 (82)
3109 5472 3182 5528 Ὃ
3208 5474 3282 5540 δή
3320 5491 3466 5542 φασι
3494 5472 3630 5527 τῶν
3671 5476 4058 5540 ἀνθρωπίνων
4092 5473 4157 5526 τὸ
4191 5472 4460 5525 ἄστατον

2878 5547 2973 5600 καὶ
3014 5545 3352 5614 ἀνώμαλον.
3388 5550 3517 5616 Quae
3551 5547 3908 5616 sequentibus
3935 5545 4116 5613 aptius
4147 5543 4301 5613 jnngt
4333 5556 4458 5594 cre-

2879 5617 3081 5677 dnnus,
3134 5617 3247 5669 haec
3279 5618 3444 5669 verba
3488 5615 3584 5666 lltll
3633 5615 3825 5666 ’refcrt
3872 5616 3937 5666 ad
3980 5631 4042 5667 ea
4088 5631 4210 5683 qua:
4255 5627 4454 5683 pra-re-

2878 5687 3038 5750 dunt,
3089 5687 3372 5754 redditque
3408 5710 3419 5737 ;
3459 5684 3524 5736 lit
3572 5686 3809 5752 fortuna.
3845 5686 3921 5738 sic
3959 5681 4316 5738 enimireru‘m
4360 5681 4463 5732 hu-

2881 5773 3159 5810 manarum
3195 5756 3608 5815 inconstantiam
3637 5756 3924 5824 appellunt.
