4348 6480
322 440 430 495 193

1637 429 1964 484 EPISTOLA
2005 426 2286 481 CI.XXtX.

3462 432 3569 485 99d

351 554 526 607 ιᾶλλον
578 553 851 624 ἀδοξήσειέ
904 571 985 616 τις
1030 554 1318 623 αἰρόμενος
1353 550 1483 621 (85),
1515 550 1548 619 ἢ
1600 548 1901 618 γελώμενος
1930 554 1973 608 Α
2002 562 2068 600 ex

1853 565 1901 611 ος
1930 554 1973 608 Α
2002 562 2068 600 ex
2095 561 2199 614 qua
2232 546 2352 614 plus
2384 547 2562 615 capiat
2594 544 2880 599 dedecoris
2920 545 3216 614 quispiam.
3254 547 3302 599 si
3326 562 3446 601 eam
3482 564 3570 603 re-

321 648 392 699 τὰ
418 648 518 716 τῆς
564 646 805 717 μεγάλης
851 647 1058 717 ταύτης
1084 646 1289 717 σκηνῆς
1316 643 1542 711 παίγνιά
1566 660 1625 696 τε
1651 643 1744 696 καὶ
1772 640 1897 694 θεα-

324 739 615 809 τρίσματα.
682 737 872 807 Ἡμεῖς
916 738 973 786 δὲ
1013 737 1105 789 τοῦ
1144 736 1303 804 λόγου
1340 734 1774 805 περιδράξωμεν,
1805 733 1900 784 καὶ

324 828 457 881 Θεὸν
485 829 605 882 ἀντὶ
652 828 868 880 πάντων
899 829 1043 898 ἔχειν
1072 827 1343 897 ἑλώμεθα,
1387 827 1449 878 τὸ
1479 826 1635 896 μόνον
1681 824 1899 893 διαρκὲς

322 919 526 987 ἀγαθὸν
550 919 645 972 καὶ
678 919 945 989 ἡμέτερον
965 936 979 950 ο
1009 920 1074 971 ἵν’
1104 921 1235 989 ἡμῖν
1270 919 1363 971 καὶ
1393 919 1456 971 τὸ
1477 916 1709 969 ἐνταῦθα
1754 915 1901 967 εὐδο-

326 1011 505 1079 κιμεῖν
532 1010 777 1080 γένηται,
817 1012 932 1071 τοῖς
961 1008 1041 1061 ἔτι
1076 1010 1292 1078 μικροῖς
1322 1006 1452 1076 (84),
1489 1006 1585 1059 καὶ
1610 1004 1767 1058 τοῦτο
1800 1003 1898 1073 ζη-

322 1100 527 1161 τοῦσιν,
568 1100 601 1167 ἢ
645 1099 708 1151 τὸ
760 1098 969 1151 ἐκεῖθεν
1025 1098 1270 1161 πάντως’
1334 1096 1519 1167 ἐπειδὴ
1542 1094 1642 1164 τῆς
1695 1093 1901 1164 ἀρετῆς

326 1187 507 1253 ἆθλον,
538 1189 669 1241 Θεὸν
696 1189 951 1258 γενέσθαι
987 1189 1121 1259 (85),
1150 1188 1347 1259 καὶτῷ
1375 1187 1728 1258 καθαρωτάτῳ
1763 1187 1899 1255 φωτὶ

324 1282 853 1353 καταστράπτεσθαι,
893 1281 969 1352 τῷ
1002 1283 1061 1333 ὲν
1088 1282 1153 1351 τῇ
1187 1280 1382 1350 τρισσῇ
1412 1277 1599 1349 μονάδι
1631 1276 1740 1346 (86)
1774 1275 1900 1328 θεω-

326 1373 591 1444 ρουμένῳ,
622 1368 690 1444 ἦς
733 1371 828 1425 νῦν
869 1372 1103 1445 μετρίως
1132 1370 1331 1441 ἔχομεν
1372 1368 1472 1432 τὰς
1521 1369 1713 1436 αὐγάς.
1756 1365 1898 1436 Πρὸς

322 1459 495 1515 ταῦτα
522 1460 593 1513 ίὉι
616 1460 748 1533 (87),
767 1461 1047 1532 πρόϐαινε,
1080 1457 1276 1527 πτεροῦ
1292 1461 1357 1530 τῇ
1373 1459 1597 1529 διανοίᾳ,
1620 1456 1782 1510 λαὸοὖ
1801 1456 1898 1526 τῆς

323 1554 540 1606 αἰωνίου
565 1553 729 1625 ζωῆς,
746 1554 993 1625 μηδαμοῦ
1024 1555 1153 1623 στῇς
1174 1552 1279 1605 τῶν
1314 1553 1562 1617 ὲλτῖίδων,
1582 1553 1684 1615 ἓως
1710 1546 1768 1603 οὗ
1785 1550 1897 1621 (88)

326 1642 485 1715 ἔλθῃς
528 1644 619 1695 ἐπὶ
662 1643 723 1695 τὸ
749 1644 918 1713 ἄκρον
948 1645 1140 1712 ἐφετὸν
1164 1644 1257 1697 καὶ
1293 1644 1558 1714 μακάριον
1579 1662 1590 1673 ·
1628 1646 1719 1695 καὶ
1754 1644 1894 1713 ήμές

323 1733 651 1796 ἐπαινέσεις,
680 1732 739 1787 εὑ
766 1729 899 1796 οἶδα,
940 1733 1033 1786 νῦν
1063 1734 1161 1804 μὲν
1183 1733 1359 1801 ὀλίγα,
1390 1732 1570 1804 μικρῷ
1596 1733 1650 1785 δὲ
1678 1732 1899 1803 ὕστερον

324 1822 697 1895 ἀφθονώτερα,
744 1826 965 1878 ἐπειδάν
994 1825 1110 1897 ἴδῃς
1154 1825 1378 1878 σεαυτὸν
1421 1827 1478 1877 ὲν
1504 1820 1583 1888 οἷς
1613 1823 1900 1895 ὑπισχνού-

325 1914 485 1983 μεθα,
519 1918 612 1969 καὶ
640 1917 715 1987 μὴ
758 1917 925 1987 κενὴν
963 1917 1238 1989 μακαρίαν
1265 1915 1435 1970 ταῦτα
1475 1916 1733 1988 εὑρίσκης
1765 1916 1895 1987 (89),

325 2010 460 2078 μηδὲ
489 2009 726 2074 διανοίας
771 2009 1184 2081 ἅναπλασμοὺς,
1217 2009 1353 2064 ἀλλὰ
1394 2008 1732 2081 πραγμάτων
1764 2010 1897 2063 ἁλή-

323 2100 380 2152 Θι
389 2117 492 2155 ιαν.

2004 645 2182 707 portet
2223 644 2384 705 atque
2428 636 2727 706 superbiat,
2767 652 2932 706 quam
2987 639 3030 691 si
3083 637 3309 693 irrideat
3362 654 3573 708 magnae

2004 728 2168 795 hujus
2225 742 2402 781 seenze
2458 727 2689 791 ludicra,
2752 743 3036 797 nugasque
3084 729 3402 785 theatricas.
3457 728 3571 786 Nos

2003 817 2237 872 Verbum
2294 819 2749 887 complectamur,
2804 834 2868 873 ac
2917 834 3017 889 pro
3084 819 3341 875 omnibus
3403 822 3570 878 rebus

2001 912 2169 966 Deum
2222 910 2425 965 habere
2476 919 2745 979 optemus,
2802 911 3000 972 solum,
3039 912 3283 981 inquam,
3335 927 3572 981 perenne

2002 1003 2134 1056 illud
2190 1002 2389 1055 bonum
2438 1009 2491 1055 et
2522 1008 2790 1054 nostrum.
2831 1003 2912 1053 lta
2960 1001 3071 1063 liet,
3108 1010 3166 1053 ut
3219 1001 3305 1056 hic
3353 1016 3571 1071 quoque

2001 1094 2347 1164 splendorem
2397 1107 2781 1162 assequamur,
2813 1093 3055 1162 quandiu
3099 1094 3357 1146 nimirum
3402 1107 3571 1161 parvo

1999 1187 2179 1243 adhuc
2217 1186 2398 1239 animo
2448 1201 2658 1248 sumus,
2714 1186 2877 1255 idque
2933 1186 3261 1255 appetimus,
3295 1192 3387 1237 ant
3418 1192 3571 1239 certe

2000 1279 2052 1333 in
2105 1277 2287 1331 futuro
2331 1293 2475 1341 aevo,
2523 1277 2965 1347 quandoquidem
3011 1277 3231 1351 virtutis
3285 1278 3568 1344 praemium

1998 1380 2103 1434 est,
2144 1370 2312 1423 Deum
2345 1368 2484 1431 ﬁeri,
2519 1384 2581 1421 ac
2611 1369 2905 1437 purissimo
2936 1368 3030 1420 illo
3053 1366 3258 1420 lumine
3291 1366 3565 1427 irradiari,

1998 1462 2141 1531 quod
2175 1462 2227 1515 in
2260 1461 2403 1514 trina
2444 1460 2651 1513 unitate
2682 1459 3080 1524 consideratur,
3114 1456 3273 1525 cujus
3311 1470 3455 1509 nunc
3482 1470 3570 1507 ra—

2000 1554 2102 1609 diis
2136 1555 2325 1608 leviter
2376 1561 2585 1606 tantum
2641 1552 3078 1622 perstringimur.
3129 1548 3208 1601 Ad
3267 1547 3380 1601 hare
3433 1561 3570 1599 con-

2005 1649 2183 1708 tende,
2244 1645 2592 1717 progredere,
2642 1646 2826 1698 animo
2859 1642 3046 1705 volita,
3100 1640 3264 1695 vitam
3309 1644 3568 1692 aeternam
3661 1693 3664 1697 ,

2000 1742 2201 1810 arripe,
2234 1753 2503 1807 nusquam
2538 1753 2663 1807 spes
2701 1747 2822 1791 tuas
2871 1736 3023 1796 siste,
3075 1746 3360 1802 quousque
3405 1728 3470 1782 ad
3506 1728 3570 1780 il-

2001 1833 2092 1886 lud
2127 1846 2337 1886 summe
2370 1829 2726 1899 expetendum
2770 1833 2825 1880 et
2857 1826 3076 1880 beatum
3119 1823 3321 1877 bonum
3373 1821 3569 1889 perve-

2001 1921 2171 1975 neris.
2212 1919 2289 1972 Ac
2333 1934 2452 1981 nos,
2488 1917 2616 1969 mihi
2649 1915 2832 1978 crede,
2866 1913 3135 1975 laudabis,
3173 1923 3320 1963 nunc
3348 1906 3569 1977 quidem

2002 2011 2248 2081 parcius,
2300 2010 2462 2079 paulo
2503 2018 2626 2077 post
2674 2017 2853 2061 autem
2908 2004 3130 2059 uberius
3171 2011 3225 2056 et
3266 1998 3567 2069 copiosius,

2001 2117 2195 2170 nempe
2227 2116 2349 2154 eum
2395 2117 2449 2152 Ill
2497 2113 2561 2152 eo
2601 2113 2784 2151 rerum
2829 2105 2997 2159 statu,
3032 2110 3191 2164 quem
3223 2092 3319 2145 tibi
3346 2090 3570 2160 pollice-

323 2207 466 2257 mur,
529 2194 767 2265 teipsum
833 2194 1213 2267 conspexeris,
1248 2209 1312 2249 ac
1366 2210 1475 2250 non
1517 2196 1733 2252 inanem
1801 2194 2135 2261 felicitatem,
2185 2210 2285 2251 nec
2328 2195 2525 2249 mentis
2582 2193 2854 2264 ﬁgmenta,
2909 2190 3005 2251 sed
3053 2204 3236 2245 rerum
3283 2186 3569 2239 veritatem

322 2280 437 2334 haec
465 2296 588 2338 esse
620 2284 918 2341 inveneris.

765 2438 930 2493 PUG'.
970 2439 1058 2510 Τῼ
1094 2440 1276 2510 ΑΥΤῼ
1317 2440 1449 2509 (90).

2518 2425 2792 2481 CLXXIX.
2836 2424 3064 2479 EIDEM.

396 2570 462 2625 In
491 2572 716 2645 epistola
752 2573 964 2645 Πελλαία
998 2573 1062 2627 ab
1093 2574 1316 2645 abrupto
1347 2575 1531 2642 incipit
1558 2573 1844 2645 Gregorius
1881 2585 1898 2623 :
1927 2569 2067 2645 Quid
2105 2564 2220 2618 ais?
2251 2577 2379 2645 num
2416 2569 2466 2615 te
2498 2558 2793 2645 hlis'verbis
2825 2564 3311 2645 permovemustet
3331 2555 3573 2645 docendi

323 2625 533 2715 ιξξυιμιιέ
551 2625 1173 2715 depone—sione:
1198 2625 1806 2715 ῴέὶιὶᾶἷῖιὸηῷόὲἐάιξι
1825 2625 2161 2715 superiorem
2191 2634 2384 2713 referre
2411 2648 2472 2684 ac
2501 2630 2774 2699 designare
2805 2625 3099 2696 epistolam.
3134 2625 3259 2679 1am
3284 2636 3574 2694 permotum

325 2706 647 2776 Eudoxium,
684 2721 741 2765 ut
774 2706 944 2771 Betim
971 2706 1269 2770 arctissinie
1301 2706 1685 2783 complectatur
1713 2721 1951 2783 perurget
1986 2706 2284 2777 Gregorius.

392 2845 458 2897 Τί
492 2847 597 2915 φῇς
623 2862 639 2910 ;
666 2845 925 2917 πείθομέν
958 2864 1016 2900 σε
1040 2850 1154 2911 τοῖς
1183 2848 1362 2915 λόγοις
1406 2847 1636 2910 τούτοις,
1678 2846 1772 2899 καὶ
1800 2861 1898 2915 με·-

320 2931 533 3002 ταθήσῃ
561 2932 670 3001 (91)
699 2934 799 3003 τὴν
830 2934 1133 2999 παίδευσιν,
1164 2936 1259 2988 καὶ
1305 2934 1425 3005 μεθ’
1461 2935 1619 3005 ἡμῶν
1655 2933 1900 3003 ταχθήσῃ

322 3019 431 3073 τῶν
464 3022 591 3073 ποτὲ
625 3022 767 3075 κατὰ
796 3023 876 3087 σὲ,
916 3024 1011 3077 νῦν
1029 3025 1106 3089 δὲ,
1140 3027 1189 3078 εἰ
1211 3025 1367 3088 δίδως
1404 3028 1597 3088 εἰπεῖν,
1631 3024 1773 3095 ὑπὲρ
1805 3022 1897 3087 σέ;

323 3112 357 3181 ἢ
396 3111 480 3163 δεῖ
508 3112 601 3165 σοῦ
626 3114 950 3185 κατεπᾲδειν
982 3117 1328 3188 μακρότερας
1378 3115 1661 3187 μηδαμῶς,
1686 3110 1731 3167 ὦ
1771 3113 1900 3166 θαυ-

326 3202 510 3269 μάσιε,
552 3204 626 3273 μὴ
665 3203 808 3256 τοῦτ’
833 3200 1151 3278 ἀναμείνης.
1191 3207 1427 3278 Αίσχρὸν
1455 3205 1565 3277 γὰρ
1608 3205 1670 3258 τὸ
1716 3204 1899 3256 πλεῖον

2073 2837 2213 2905 Quid
2268 2836 2388 2890 ais?
2433 2848 2565 2888 num
2622 2840 2675 2887 te
2726 2832 2811 2886 his
2847 2829 3028 2887 verbis
3075 2844 3478 2900 permovemus,
3522 2840 3577 2888 et

1999 2927 2231 2983 docendi
2266 2939 2465 2979 munus
2494 2924 2755 2993 depones,
2788 2928 2952 2991 atque
2995 2920 3063 2975 ad
3104 2936 3227 2985 nos,
3261 2920 3356 2990 qui
3400 2937 3576 2991 quon-

2002 3021 2124 3074 dam
2156 3019 2234 3073 tui
2265 3018 2470 3073 similes
2497 3028 2738 3077 eramus,
2774 3026 2920 3067 nunc
2968 3019 3172 3073 autem,
3207 3013 3251 3067 si
3288 3027 3385 3082 per
3418 3022 3470 3066 te
3502 3013 3577 3065 ita

2007 3110 2156 3179 loqui
2194 3110 2378 3171 liceat,
2412 3115 2467 3160 te
2520 3106 2833 3175 superiores
2875 3118 3086 3167 sumus,
3134 3110 3190 3156 te
3224 3103 3580 3174 aggregabis?

2004 3201 2084 3253 Au
2111 3209 2166 3253 tu
2199 3197 2427 3266 longiori
2463 3195 2623 3269 148
2647 3194 2896 3250 oratione
2922 3191 3315 3249 demulcendus
3345 3192 3447 3247 es?
3475 3190 3576 3252 Ne,

324 3292 535 3359 ἔχοντα,
569 3292 630 3342 τὸ
676 3293 784 3345 πᾶν
829 3293 1117 3351 ἐλλείπειν.
1166 3296 1230 3349 El
1266 3297 1374 3367 γὰρ
1419 3298 1453 3366 ἡ
1499 3294 1641 3367 ἀρχὴ
1688 3294 1796 3365 (92)
1842 3293 1970 3349 τὸϐ
2002 3305 2034 3359 q

1859 3293 1902 3346 τὸ
1928 3293 1970 3349 C
2002 3302 2207 3359 quaeso,
2261 3284 2487 3339 miriﬁce
2519 3286 2621 3346 vir,
2667 3298 2735 3337 ne
2765 3282 2817 3336 id
2871 3290 3179 3351 exspectes.
3215 3281 3398 3352 Turpe
3433 3283 3576 3337 enim

322 3386 492 3453 ἥμισυ
544 3384 638 3435 τοῦ
669 3384 866 3447 παντὸς
922 3386 1147 3452 γίνετα.,
1202 3388 1294 3440 τίλῦ
1349 3387 1589 3457 ἡμίσεως
1637 3386 1698 3439 τὸ
1746 3385 1908 3439 πλέον

324 3470 375 3520 τί
437 3470 565 3523 ἄλλο
624 3487 723 3536 γε,
787 3471 819 3541 ἢ
873 3471 935 3524 τὸ
988 3475 1133 3531 xiv:
1190 3475 1253 3527 Ei
1310 3475 1407 3544 μὲν
1467 3471 1560 3528 οὖν
1617 3475 1910 3545 ἀρκοῦντες

323 3560 485 3629 ἡμεῖς
521 3560 600 3622 εἰς
633 3562 977 3631 παραίνεσιν,
1026 3563 1136 3634 ἔχει
1167 3563 1338 3619 ταῦτα
1366 3566 1565 3627 καλῶς.
1604 3568 1699 3619 καὶ
1741 3568 1906 3637 μηδὲν

328 3653 487 3706 πλέον
513 3653 898 3723 ὲπιζητείσοω.
927 3656 988 3708 Εἰ
1020 3656 1075 3709 δὲ
1098 3657 1179 3709 δεῖ
1201 3674 1282 3709 σοι
1302 3657 1397 3709 καὶ
1427 3657 1738 3727 κρείσσονος
1771 3674 1907 3727 συμ-

326 3744 543 3807 ϐούλου,
604 3744 744 3814 μετὰ
792 3744 988 3815 βουλῆς
1044 3748 1142 3817 μὲν
1174 3748 1470 3800 οἰνοποτεῖν
1518 3748 1765 3818 Σολομών
1823 3766 1905 3802 σοι

329 3831 759 3901 παρακελεύεται
787 3832 924 3900 (95),
968 3833 1053 3886 ἵνα
1106 3834 1181 3913 μὴ
1214 3837 1280 3905 τῇ
1328 3836 1424 3890 τοῦ
1468 3835 1582 3904 βίου
1622 3836 1762 3909 μέθῃ
1813 3838 1907 3891 καὶ

326 3924 443 3994 δίνη
473 3914 829 3995 περίτραπῇς.
894 3923 1033 3992 Ἐγὼ
1058 3925 1116 3979 δέ
1146 3927 1201 3979 τί
1231 3944 1376 3997 φημι
1411 3927 1605 3999 μικρὸν
1628 3930 1729 3999 τῆς
1768 3946 1907 3998 συμ-

330 4016 523 4087 εὲουλῆς
570 4016 957 4087 παρατρέψαςο
1014 4017 1169 4072 Μετὰ
1218 4017 1354 4071 Θεοῦ
1401 4018 1678 4088 βουλεύου,
1714 4020 1808 4072 καὶ
1845 4020 1906 4072 οὐ

330 4112 723 4182 διαμαρτήσεις
748 4111 841 4165 τοῦ
874 4112 1105 4177 δέοντος.

2009 3390 2113 3445 est,
2145 3395 2269 3435 eum
2303 3380 2394 3447 qui
2427 3376 2743 3445 ampliorem
2772 3374 2970 3429 habeat
3004 3384 3234 3444 partem,
3266 3382 3441 3428 totum
3469 3389 3579 3427 non

2010 3471 2258 3538 adipisci.
2316 3469 2448 3522 Nam
2498 3484 2544 3523 sl
2581 3467 2713 3535 print
2741 3466 2906 3536 ipium
2954 3465 3119 3520 totius
3172 3466 3250 3520 rei
3293 3465 3581 3519 dimidium

2007 3575 2113 3628 est,
2141 3563 2284 3634 quod
2320 3560 2603 3616 dimidium
2653 3560 2885 3621 excedit,
2923 3557 3053 3628 quid
3089 3555 3258 3617 aliud.
3293 3571 3458 3625 quam
3502 3565 3581 3607 to-

2008 3667 2123 3711 tum
2154 3670 2277 3710 esse
2308 3654 2517 3724 queat‘l
2548 3653 2627 3706 Ac
2656 3652 2701 3707 si
2735 3651 2951 3719 quidem
2975 3649 3207 3703 consilio
3235 3657 3421 3703 nostro
3451 3662 3584 3702 eon-

2010 3755 2190 3801 tentus
2225 3762 2305 3805 es.
2349 3745 2609 3815 praeclare
2641 3759 2729 3799 res
2767 3744 2951 3803 habet,
2983 3757 3085 3795 nec
3114 3741 3411 3810 quidquam
3444 3754 3585 3809 prte-

2010 3845 2155 3892 terea
2196 3837 2527 3907 requiratur.
2569 3833 2663 3888 Sin
2706 3841 2887 3895 autem
2922 3834 3018 3886 tibi
3051 3831 3432 3902 praestantiore
3466 3842 3584 3881 mo-

2012 3928 2192 3983 nitore
2243 3942 2379 3997 opus
2408 3934 2512 3988 est,
2549 3925 2680 3979 illud
2727 3925 2946 3994 quidem
2999 3930 3185 3976 monet
3225 3922 3485 3975 Salomon
3513 3920 3584 3991 “,_

2013 4027 2074 4074 ut
2100 4035 2224 4074 cum
2257 4018 2487 4073 consilio
2537 4018 2723 4072 vinum
2758 4016 2931 4078 bibas,
2962 4031 3031 4069 ne
3071 4013 3258 4067 mundi
3302 4013 3466 4082 hujus
3500 4020 3587 4070 te-\

2013 4115 2277 4169 mulentia
2307 4124 2359 4169 et
2392 4112 2658 4183 vertigine
2712 4112 2913 4181 agaris.
2972 4111 3081 4181 Ego
3132 4117 3313 4164 autem
3354 4106 3587 4163 consilio

339 4202 439 4259 isto
474 4203 719 4258 nonnihil
775 4205 1080 4268 immutato,
1127 4206 1232 4260 hoc
1271 4206 1395 4263 dico
1425 4228 1437 4261 :
1476 4208 1606 4263 Cum
1680 4209 1788 4267 Deo
1853 4210 2144 4265 consilium
2171 4224 2327 4280 cape,
2354 4208 2506 4263 etab
2537 4206 2715 4260 ollicio
2750 4205 2976 4260 minime
3006 4202 3313 4259 aberrabis.

406 4381 450 4410 "’
489 4380 823 4443 Eccli.nxr,
851 4381 939 4435 52.

407 4559 519 4626 (85)
566 4560 659 4625 τις
690 4560 1024 4626 αἰρόμενος.
1070 4555 1301 4627 Montac.
1350 4563 1403 4627 e_l
1434 4554 1615 4610 Morel.
1659 4555 1895 4627 αἰωρού-
1928 4560 1971 4614 ι)

338 4625 520 4699 μενος.
554 4629 710 4682 Hunc
746 4625 927 4699 loeumr
966 4628 1127 4699 vertit
1158 4626 1277 4699 Bill.
1313 4644 1326 4677 :
1360 4625 1442 4699 Ea;
1478 4642 1541 4679 ea
1571 4627 1689 4693 plus
1735 4625 1895 4699 dede:

333 4694 475 4752 coris
508 4700 771 4766 quispiam
812 4698 1009 4762 capiat,
1048 4697 1094 4749 si
1148 4696 1322 4749 animo
1352 4695 1618 4766 re/Teratur
1658 4712 1815 4766 quam
1851 4694 1899 4749 si

334 4764 649 4830 irrideatur,
683 4783 744 4820 ac
776 4766 995 4836 denique
1029 4765 1424 4836 magnwhuju;
1469 4781 1636 4818 scena:
1657 4764 1899 4836 ludicra,

336 4854 586 4905 nugceque
619 4837 884 4891 theatriraz
913 4834 919 4836 ⁷
944 4836 1154 4889 Etenim
1198 4834 1267 4885 τὰ
1304 4834 1529 4905 παίγνια
1557 4835 1666 4903 regi
1701 4842 1897 4905 potest,

338 4904 424 4961 vel
468 4924 496 4959 a
525 4908 813 4976 participio
839 4905 1165 4974 γελώμενος.
1199 4904 1514 4976 μεθ-γελῶν.
1547 4905 1627 4958 vel
1670 4919 1698 4955 a
1725 4904 1901 4976 verbo

338 4972 774 5055 ἐρῤἐτώσανηύι
802 4972 997 5029 omnia
1030 4976 1169 5055 inter
1215 4973 1557 5053 ἀπόπτυστον
1600 4982 1653 5027 et
1682 4972 1749 5025 τὰ
1803 4972 1901 5055 τῆς

343 5041 653 5117 μεγάλης...
674 5047 935 5117 legantur
963 5043 1385 5114 παρενθετικῶς.
1423 5046 1710 5112 partietpto
1741 5041 1907 5109 γτλώ·

345 5116 506 5185 μενος
536 5116 751 5185 passive
782 5124 1020 5182 sumpto.

414 5180 554 5252 (84)
579 5183 713 5249 Τοῖς
749 5185 833 5236 ἔτι
859 5180 1114 5252 μὶκροῖς.
1155 5182 1229 5236 Ex
1285 5182 1497 5235 ccelesti
1544 5180 1906 5249 philosophia,

343 5255 545 5325 inquit,
586 5255 687 5325 hoc
718 5254 1051 5321 assequeris,
1083 5263 1139 5305 ut
1172 5262 1233 5325 et
1258 5253 1311 5325 in
1345 5252 1446 5325 hac
1476 5252 1582 5303 vita
1612 5252 1820 5325 clarum
1858 5255 1911 5299 et

343 5318 559 5378 celebre
610 5324 679 5378 sit
756 5318 953 5376 nomen
1003 5332 1154 5375 tuum
1216 5321 1508 5391 (siquidem
1561 5318 1797 5372 nondum
1846 5334 1910 5391 eo

346 5401 639 5461 provectus
678 5393 757 5447 sis
788 5400 844 5445 ut
876 5393 1169 5445 humanam
1204 5388 1429 5460 gloriam
1461 5390 1735 5459 spernas),
1771 5396 1824 5441 et
1852 5388 1904 5440 in

348 5464 533 5515 futuro
564 5480 681 5517 aevo
711 5462 1052 5531 splendidum
1082 5472 1133 5531 et
1164 5461 1393 5514 illustre.

419 5533 532 5613 (85)
572 5534 719 5613 9e63-
743 5527 1043 5613 ’γεζέσθω.
1083 5530 1318 5613 hluntac;
1365 5537 1419 5610 et
1459 5527 1644 5583 Morel.
1686 5528 1913 5598 πλησιον

343 5600 481 5655 Θεοῦ
515 5600 788 5668 γενέσθαι,
821 5601 928 5655 Deo
962 5604 1255 5669 proximum
1284 5600 1420 5669 ﬁeri.

421 5666 539 5740 (86f
574 5671 663 5737 Τῷ
691 5673 762 5724 ἐν
800 5671 873 5738 τῇ
919 5666 1139 5738 τρισσῇ
1184 5666 1417 5738 μονάδι.
1463 5668 1588 5740 Bill.
1626 5686 1639 5720 :
1673 5666 1825 5740 Quod
1863 5667 1917 5718 in

352 5737 544 5800 triplici
596 5742 817 5794 unitate.
871 5737 975 5795 Sed
1014 5757 1114 5795 vox
1173 5737 1369 5803 triplici
1422 5738 1612 5793 durior
1660 5737 1912 5799 nimium,

351 5827 450 5866 nec
484 5811 711 5882 probata
742 5811 1024 5881 theologis.

2072 4557 2182 4626 (S7)
2224 4558 2380 4626 Πρὸς
2431 4557 2618 4613 ταῦτα
2674 4558 2795 4610 ἴθι-
2833 4555 2923 4610 Sic
2956 4557 3100 4610 enim
3154 4557 3462 4623 legendum,
3514 4558 3590 4621 ait

2006 4625 2155 4684 BNL.
2204 4625 2352 4680 utin
2396 4626 2581 4681 Frob..
2632 4642 2740 4680 non
2777 4626 2911 4689 ίσθε,
2949 4635 3007 4678 ut
3058 4629 3109 4678 in
3168 4626 3381 4691 Hervag
3435 4637 3487 4680 et
3532 4628 3589 4681 in

2007 4698 2329 4767 quibusdam
2366 4697 2495 4767 edit.
2549 4696 2923 4767 Μοχηπτεροῦ
2960 4700 3026 4767 τῇ
3061 4696 3289 4765 διανοίᾳ.
3330 4696 3414 4767 rlta
3442 4696 3587 4767 rod.

2009 4767 2129 4821 l’ar.
2164 4776 2218 4819 et
2255 4766 2500 4836 Combel.
2551 4765 2608 4818 In
2655 4766 2790 4819 edit.
2833 4765 3134 4836 πτερὸν-τῇ
3168 4766 3394 4836 διανοίᾳ.
3439 4766 3591 4818 Mon-

2013 4845 2117 4890 tac.
2157 4845 2211 4906 ct
2244 4835 2427 4888 Morel.
2466 4836 2664 4906 πτεροῦ
2698 4836 2795 4905 τὴν
2832 4836 2921 4906 διά
2958 4854 3089 4906 οι

2081 4904 2191 4973 (88)
2235 4907 2384 4969 ’Ἕως
2428 4902 2517 4959 οὗ.
2560 4899 2633 4959 ua
2688 4899 3006 4959 οιιὶ1.202⁶2..
3067 4905 3119 4957 In
3161 4906 3289 4958 edit.
3324 4899 3382 4952 rs
3417 4904 3588 4959 deest.

2088 4975 2193 5037 (897
2241 4975 2434 5027 Ταῦτα
2467 4986 2775 5041 ευρισκῃς.
2812 4975 2946 5029 Cod.
2984 4973 3111 5043 llcg.
3154 4975 3447 5043 εὑρίσκοις.

2087 5046 2195 5110 (90)
2237 5046 2384 5097 Alias
2412 5045 2552 5098 CXX
2611 5045 2825 5113 Scripta
2858 5044 3049 5113 eodem
3087 5060 3253 5097 anno.

2087 5116 2164 5185 (9|
2239 5114 2365 5185 Καὶ⁸
2390 5112 2880 5185 μεττιθήσῃςιὶίιι.
2912 5133 2929 5185 ς
2969 5112 3033 5165 Et
3066 5114 3412 5185 eruditionem
3446 5128 3588 5164 com-

2016 5183 2265 5237 mutabis.
2320 5183 2556 5239 Montne.
2596 5195 2648 5238 et
2685 5183 2873 5236 Morel.
2909 5184 2994 5235 ἴνα
3022 5183 3322 5253 μεταθήσῃ.

2087 5220 2994 5323 £32311‘3'il£'¥,”'dL}J{"iGﬂia;
3022 5220 3376 5323 ῖᾶιὶἷιῗ”ίῖὲ⁸έ.,
3403 5253 3595 5323 sicque

2017 5326 2299 5393 legendum
2342 5321 2805 5393 proponitwmll.
2859 5321 2916 5375 In
2972 5321 3101 5393 edit.
3156 5324 3189 5391 η
3265 5324 3372 5393 γὰρ
3429 5322 3592 5392 ἀρχή,

2019 5391 2170 5450 deest
2204 5397 2269 5446 εί.
2308 5391 2398 5448 δίε
2436 5394 2645 5457 llorat.,
2679 5391 2898 5460 lEpist.
2939 5409 2995 5452 ll,
3031 5392 3100 5444 40
3134 5410 3147 5445 :

2303 5485 2593 5538 Dimidium
2626 5484 2783 5553 facti,
2818 5485 2907 5553 qui
2934 5483 3105 5550 coepit,
3138 5482 3309 5533 habet.

2095 5575 2205 5645 (93)
2246 5578 2740 5640 Παρακελεύεται.
2804 5573 2994 5645 Plures
3041 5571 3200 5645 cﬂodd.
3252 5581 3304 5624 et
3346 5566 3592 5645 Comiter.

2025 5638 2410 5699 διακελεύεται.
2443 5649 2589 5705 Mox.
2619 5647 2712 5697 τοῦ
2749 5646 2881 5713 βίου.
2914 5644 3003 5697 Sic
3057 5642 3181 5695 Par.
3201 5654 3251 5694 ct
3283 5650 3395 5697 tres
3427 5638 3592 5707 chg.

2029 5717 2172 5770 Edit.
2203 5717 2449 5770 nonnulli
2478 5718 2569 5769 τοῦ
2603 5718 2765 5769 οἴνου.
