5274 6660
1189 381 1292 436 321
2404 378 2460 428 S.
2495 373 2824 430 ιςιιιςιιοῐιιι
2864 371 3211 428 τηεοιιοοι
4332 371 4439 430 528

1191 507 1290 560 pro
1322 507 1381 545 re
1414 492 1556 546 tristi
1577 498 1632 545 et
1655 488 2080 545 commiserabili
2113 489 2440 557 deprecetur
2474 507 2487 543 :
2519 489 2753 558 orphani
2789 494 2829 550 Α
2857 489 2956 550 A5;
2982 488 3096 557 (sa)
3124 489 3274 558 χεῖρα

2351 495 2440 541 tur
2474 507 2487 543 :
2519 489 2753 558 orphani
2789 494 2829 550 Α
2857 489 2956 550 Δΰς
2982 488 3096 557 (35)
3124 489 3280 558 χεῖρα
3299 487 3366 555 τῇ
3391 486 3668 558 συμφορᾷ,
3691 485 3759 557 ἢν
3784 487 3947 550 αὐτὸς
3973 486 4432 558 δοκιμάσειςωιι).

1188 575 1584 652 periclitantur,
1630 590 1704 644 ct,
1750 589 1810 634 ut
1851 582 2086 634 humana
2130 579 2340 632 incerta
2393 588 2546 643 sunt,
2589 595 2762 650 quor-
2863 585 3044 636 Δεῖται
3085 582 3186 650 μὲν
3223 583 3271 650 γι

2393 588 2546 643 sunt,
2589 595 2762 650 quor-
2863 585 3044 636 Δεῖται
3085 582 3186 650 μὲν
3223 580 3332 652 γὰρ
3361 581 3619 652 οὐδεμιᾶς
3662 582 3980 652 προσθήκης
4015 585 4095 646 εἰς
4125 583 4366 647 εὐδοξίαν
4400 587 4436 638 it

1191 689 1311 726 sum
1357 688 1446 724 res
1491 672 1710 725 interim
1769 670 1974 724 recidet
2023 669 2319 722 obscurum
2363 676 2467 731 est,
2501 683 2565 722 ac
2609 684 2763 722 vere-
2866 673 2932 744 σὴ
2958 671 3266 744 ἁρχὴ,οὐδὲ

2363 676 2467 731 est,
2501 683 2565 722 ac
2609 684 2763 722 rere-
2866 673 2932 744 σὴ
2958 673 3124 744 ἁρχὴ,
3146 671 3266 724 οὐδὲ
3287 671 3396 741 γὰρ
3415 670 4136 745 λαμπρότητοςἙωσφόρος·
4163 675 4212 726 εί
4239 673 4298 726 δέ
4317 692 4436 726 τινα

1191 780 1315 815 Ιιιιιι·
1353 780 1422 817 ne
1458 763 1634 833 patrio
1695 765 1814 818 scio
1855 762 2200 832 migrandum
2246 762 2319 816 sit
2364 761 2531 830 patri,
2581 776 2613 814 a
2651 777 2764 828 quo
2865 763 2960 815 καὶ
3000 761 3274 833 προσθήκη

2364 761 2531 830 patri,
2581 776 2613 814 a
2651 777 2764 828 quo
2865 763 2960 815 καὶ
3000 761 3318 833 προσθήκην
3355 760 3537 833 ζητεῖς
3569 763 3705 830 (85),
3737 763 3838 816 οὐκ
3876 763 3941 816 ἂν
3982 762 4184 833 μείζων
4209 761 4433 833 ταύτης.

1190 853 1492 906 multorum
1582 853 1950 921 orphanormn
2031 850 2214 920 inopia
2283 849 2566 904 sublevata
2654 858 2762 904 est.
2868 848 2928 906 εὖ
2960 853 3092 917 ἴσθι,
3128 853 3250 905 οὐδὲ

2352 849 2566 904 blevata
2654 858 2762 904 est.
2868 848 2928 906 εὖ
2960 853 3092 917 ἴσθι,
3128 853 3250 905 οὐδὲ
3277 852 3632 924 λαμπροτέρα
3661 852 3889 920 γένοιτο,
3923 852 3997 914 ὡς
4023 852 4205 906 πολλοὶ
4229 853 4435 923 τάληθῆ

1191 941 1429 998 Proinde
1482 945 1588 996 hoc
1636 943 1882 997 beneﬁcii
1938 941 2236 1012 gratiaque
2265 940 2522 994 omnibus
2564 939 2764 995 tribue.
2869 943 3182 1014 βουλόμενοι
3205 942 3274 996 λέ·

2350 940 2522 994 unibus
2564 939 2764 995 tribue.
2869 943 3182 1014 βουλόμενοι
3205 942 3408 1012 λέγειν,
3443 943 3542 1014 τὴν
3565 943 3664 1014 σὴν
3686 943 4087 1012 καλοκαγαθίαν
4113 943 4433 1007 διδάξουσιν.

1190 1039 1409 1108 Porrige
1437 1053 1657 1092 manum
1687 1038 2008 1098 calamitati,
2041 1051 2204 1106 quam
2233 1044 2289 1089 tu
2361 1035 2479 1104 ipse
2544 1035 2822 1104 probabis.
2866 1037 3022 1091 Nulla
3067 1038 3288 1107 quidem
3337 1039 3524 1108 gloria:
3581 1039 3900 1093 accessione
3949 1038 4239 1108 imperium
4279 1044 4434 1090 tuum

1185 1149 1330 1202 opus
1388 1133 1595 1202 habet,
1655 1131 2112 1203 quemadmodum
2169 1144 2271 1186 nec
2348 1125 2570 1184 Lucifer
2631 1130 2942 1198 splendore.
3021 1131 3128 1187 Sed
3191 1141 3370 1188 tamen
3405 1111 3466 1188 ἐἰ
3547 1133 3826 1188 cumulum
3880 1133 4115 1201 aliquem
4197 1143 4434 1200 quaeras,

1188 1227 1374 1280 nullus
1428 1225 1558 1284 isto,
1592 1225 1723 1279 mihi
1752 1224 1935 1292 crede,
1968 1240 2070 1281 nec
2101 1223 2277 1294 major
2309 1238 2412 1280 nec
2445 1223 2764 1295 pneclarior
2801 1228 3119 1298 contigerit,
3156 1239 3213 1284 ut
3257 1229 3509 1298 pcrtnttlti
3538 1229 3784 1282 veritatis
3807 1226 4063 1289 studiosi,
4106 1226 4432 1296 probitatem

1188 1328 1337 1374 tuam
1402 1320 1700 1379 docebunt.

1787 1432 1895 1486 CC.
1929 1429 2163 1485 EIDEM.

3357 1431 3431 1482 Συ.
3471 1430 3558 1500 τι)
3595 1430 3775 1499 arm
3809 1428 3940 1498 (86).

1260 1551 1321 1606 Si
1371 1568 1471 1606 non
1524 1552 1699 1607 eodem
1732 1569 1792 1605 nc
1821 1553 2088 1618 superiore
2119 1567 2257 1604 anno
2296 1552 2424 1605 data
2454 1562 2532 1606 est
2569 1553 2680 1605 ha'c
2739 1553 2964 1619 epistola
2997 1592 3012 1613 ,
3073 1561 3128 1604 ut
3159 1562 3295 1604 certe
3323 1551 3559 1617 proxime
3590 1552 3841 1618 sequenti.
3877 1547 4079 1602 Etenim
4113 1548 4191 1602 his
4218 1549 4432 1610 litteris,

1187 1625 1454 1688 provincia
1494 1624 1638 1682 circa
1678 1624 1832 1690 ﬁnem
1871 1623 2000 1673 anui
2038 1621 2366 1674 decedentem
2412 1622 2716 1675 Nemesium
2741 1662 2755 1680 ,
2791 1622 3078 1682 laudibus,
3112 1631 3166 1672 ut
3196 1639 3357 1686 supra
3397 1622 3460 1672 de
3493 1621 3739 1689 Olympio
3767 1620 4017 1679 vidimus.
4057 1623 4271 1690 etirotis
4299 1637 4430 1687 pro-

1189 1695 1442 1759 sequitur,
1479 1689 1737 1755 simulque
1765 1691 2029 1756 admonet,
2057 1691 2157 1744 sibi
2188 1690 2253 1743 ab
2277 1709 2336 1745 eo
2357 1707 2422 1746 ea:
2453 1693 2836 1760 pollicitatione
2856 1693 3052 1751 deberi,
3085 1707 3235 1760 quem
3271 1692 3572 1743 inchoatum
3601 1690 4059 1758 inmerfectumque
4096 1689 4160 1742 de
4185 1691 4435 1759 religione

1187 1777 1522 1829 congressum
1547 1762 1854 1829 reliquerat.

1261 1875 1344 1928 Tu‘
1385 1877 1603 1944 quidem
1649 1888 1942 1944 prauuram
1981 1889 2200 1944 quoque
2249 1873 2302 1926 in
2352 1871 2753 1941 philosophiam
2790 1877 2830 1932 Β

1187 1967 1571 2028 cottvcrlebas,
1629 1977 2023 2034 convertcsque
2078 1980 2319 2027 rursum,
2376 1963 2481 2016 hoc
2532 1963 2670 2023 scio,
2709 1961 2757 2014 si

1186 2059 1319 2128 quid
1380 2073 1468 2112 res
1532 2065 1732 2111 nostra:
1796 2057 1907 2109 Deo
1951 2071 2098 2110 curae
2149 2063 2297 2108 sunt.
2357 2055 2512 2109 Nunc
2566 2063 2758 2108 tamen

1186 2147 1698 2202 commodissimum
1743 2155 1892 2199 esset
1937 2154 1990 2199 te
2051 2148 2367 2208 convenire,
2411 2159 2560 2205 cum,
2600 2143 2758 2212 juxta

1187 2237 1334 2305 quod
1365 2237 1618 2304 optabas,
1657 2252 1686 2287 a
1733 2235 1969 2302 publicis
2004 2235 2238 2303 negotiis
2288 2233 2528 2294 feriaris,
2557 2242 2760 2300 tuaque

1189 2328 1476 2397 prudentia
1563 2327 1881 2397 ingeniique
1951 2329 2207 2380 acumine
2285 2327 2583 2396 tranquille
2651 2327 2761 2380 frui

1191 2420 1338 2478 licet,
1391 2416 1550 2486 cujus
1593 2433 1717 2471 cum
1771 2419 1992 2487 paulum
2037 2418 2334 2487 p.tt'ticipes
2381 2417 2511 2471 facti
2561 2416 2763 2472 fuisse-

1191 2525 1337 2568 mus,
1373 2525 1434 2562 ac
1468 2510 1617 2562 velut
1659 2509 1926 2577 fulgetrze,
1959 2525 2082 2578 quae
2117 2511 2400 2563 oculorum
2428 2509 2547 2564 acie
2587 2509 2760 2563 teneri

1191 2617 1300 2651 non
1364 2608 1588 2668 potest,
1653 2600 1849 2668 majori
1905 2609 2058 2669 parte
2113 2615 2174 2654 ea
2239 2599 2490 2655 frustrati
2543 2616 2758 2655 sumus.

1195 2690 1394 2744 Verum
1459 2691 1563 2743 hoc
1622 2700 1814 2759 optare
1871 2690 2091 2759 quidem
2157 2705 2442 2759 magnum,
2496 2691 2760 2760 consequi

1190 2794 1372 2835 autem
1401 2782 1565 2834 haud
1618 2782 1776 2835 facile
1806 2789 1910 2843 est,
1957 2783 2032 2834 ita
2060 2781 2310 2837 videlicet
2343 2783 2499 2836 nobis
2531 2783 2764 2836 habente

1190 2888 1440 2942 corpore,
1485 2872 1942 2942 quemadmodum
1979 2872 2161 2925 habet.
2213 2874 2291 2924 Ac
2324 2873 2368 2924 si
2400 2870 2622 2939 quidem
2658 2871 2762 2924 hoc

1190 2965 1453 3034 ιτοιιεριιιιί
1483 2965 1782 3032 possimus,
1815 2964 1951 3017 nihil
1991 2979 2097 3016 non
2150 2963 2477 3017 habebimus
2509 2963 2655 3031 (nam
2693 2962 2764 3016 dc

1195 3068 1380 3108 nostra
1411 3057 1677 3124 religione
1706 3071 2062 3124 congressum
2101 3070 2317 3123 quoque
2364 3055 2654 3122 quemdam
2695 3071 2760 3108 ex

1189 3145 1592 3212 pollicitatione
1617 3145 1804 3208 debes,
1826 3161 1986 3213 quem
2010 3145 2327 3198 inchoatum
2357 3143 2762 3211 quodammodo

2941 1869 3175 1930 Ἐποξεις
3207 1871 3305 1938 μὲν
3335 1871 3466 1940 ἡμῖν
3503 1869 3598 1922 καὶ
3627 1869 3728 1940 τὴν
3764 1871 3938 1940 ἀρχὴν
3970 1870 4307 1940 φιλοσοφίαν,
4337 1871 4434 1924 καὶ

2857 1957 2953 2011 οἷδ’
2980 1962 3061 2012 ὃτι
3089 1961 3357 2030 ποιήσεις,
3387 1962 3440 2012 εἰ
3465 1977 3528 2028 γε
3572 1960 3650 2030 τῷ
3688 1960 3807 2030 θεῷ
3835 1961 3946 2028 (87)
3983 1961 4132 2032 μέλει
4161 1961 4269 2014 τῶν
4293 1963 4400 2032 ήμε
4423 1993 4432 2000 -

2859 2052 3050 2121 τέρων.
3092 2051 3281 2120 Ὅμως
3304 2050 3361 2103 δὲ
3391 2052 3676 2121 κράτιστον
3708 2047 3774 2120 ἦν
3801 2051 3894 2104 νῦν
3928 2052 4281 2120 συγγίνεσθαί
4327 2071 4432 2114 σοι,

2860 2142 3022 2210 ἡνίκα
3061 2141 3255 2212 σχολὴν
3285 2142 3459 2210 ἄγεις,
3490 2142 3626 2212 ὅπερ
3664 2143 3881 2206 ἐπόθεις
3915 2143 4051 2212 (88),
4083 2144 4193 2196 ἀπὸ
4215 2143 4324 2195 τῶν
4346 2143 4429 2216 δη-

2865 2235 3090 2304 μοσίων,
3141 2235 3233 2286 καὶ
3276 2233 3398 2287 καθ’
3429 2235 3657 2304 ἡσυχίαν
3680 2234 3856 2300 ἔξεστι
3889 2234 3987 2304 τῆς
4018 2235 4116 2305 σῆς
4142 2235 4434 2290 ἀπολαύειν

2861 2324 3153 2388 συνέσεως,
3180 2320 3246 2394 ἦς
3271 2325 3425 2393 ὀλίγα
3445 2325 3806 2394 μετασχόντες
3821 2325 3956 2395 (89),
3988 2326 4082 2380 καὶ
4118 2328 4218 2379 ὃσα
4243 2343 4307 2393 γε
4332 2329 4434 2381 ἀσ-

2858 2421 3074 2488 τραπῆς
3103 2417 3344 2489 τῆςῦψει
3385 2417 3496 2484 (90)
3545 2416 3620 2487 μὴ
3649 2419 4044 2488 κρατουμένης,
4069 2418 4163 2470 τοῦ
4192 2418 4435 2480 πλείονος

2860 2509 3258 2578 διημάρτομεν.
3304 2507 3462 2561 Ἀλλὰ
3489 2507 3648 2561 τοῦτο
3686 2507 3944 2573 εὔξασθαι
3990 2509 4090 2580 μὲν
4135 2510 4297 2578 μέγα,
4335 2509 4437 2563 λα-

2861 2600 2975 2651 ϐεῖν
3013 2599 3068 2651 δὲ
3105 2600 3166 2651 οὐ
3208 2600 3424 2680 ῥᾷστον,
3454 2598 3626 2662 οὕτως
3655 2599 3868 2669 ἔχοντος
3903 2601 4054 2670 ἡμῖν,
4081 2600 4271 2670 ὥσπερ
4295 2600 4434 2671 ἔχει,

2861 2690 2955 2742 τοῦ
2993 2689 3261 2760 σώματος.
3294 2691 3356 2742 El
3397 2692 3495 2760 μὲν
3523 2687 3616 2742 οὖν
3658 2693 3750 2743 καὶ
3787 2691 3977 2744 τούτου
4008 2693 4119 2760 (91)
4151 2692 4429 2761 τύχοιμεν,

2862 2779 2924 2833 τὸ
2969 2782 3077 2832 πᾶν
3123 2779 3314 2850 ἕξομεν
3367 2780 3486 2848 (καὶ
3533 2781 3642 2850 γάρ
3681 2798 3802 2833 τινα
3850 2782 3944 2834 καὶ
3976 2786 4267 2851 χρεωστεῖς
4303 2784 4434 2852 ἡμῖν

2869 2872 3154 2924 συνουσίαν
3183 2871 3239 2935 ὲξ
3258 2871 3598 2940 ὑποσχέσεως
3625 2871 3732 2938 (9‘2)-
3756 2873 3883 2940 περὶ
3900 2871 3993 2924 τοῦ
4017 2873 4174 2940 λόγου
4196 2874 4288 2926 τοῦ
4311 2873 4431 2927 καθ’

2863 2963 3029 3032 ἡμᾶς.
3049 2963 3114 3030 ἣν
3141 2979 3257 3024 πως
3286 2962 3447 3030 ἀτελῆ
3472 2963 3760 3027 κατέλιπες
3819 2963 3975 3035 [95])·
4001 2965 4127 3017 εἰδὲ
4155 2965 4248 3035 μὴ,
4279 2965 4434 3018 αὐτοὶ

2869 3053 2967 3124 μὲν
3018 3053 3117 3122 τὴν
3168 3053 3370 3122 ζημίαν
3421 3054 3640 3123 οἴσομεν
3683 3055 3926 3119 ἄκοντες.
3970 3057 4042 3107 Σὺ
4087 3057 4144 3108 δὲ
4177 3057 4282 3109 ἴσθι
4315 3057 4432 3126 μεθ’

2867 3145 3022 3213 ἡμῶν
3055 3143 3151 3206 ὣν,
3186 3144 3319 3195 ὅπου
3356 3161 3459 3215 περ
3505 3143 3572 3196 ἂν
3609 3145 3726 3214 εἴης
3767 3147 3900 3210 (94),
3948 3147 4040 3199 καὶ
4069 3147 4283 3216 ὁδηγυῖο
4313 3150 4433 3210 ταῖς

1188 3246 1245 3290 et
1276 3238 1659 3306 imperfectum
1704 3237 2022 3306 reliquisti).
2061 3236 2155 3288 Sin
2187 3236 2388 3296 minus,
2419 3250 2518 3289 nos
2543 3234 2763 3303 quidem
2793 3234 2835 3259 ν
2865 3237 3162 3307 ἡμετέραις
3201 3236 3271 3305 εὐ]

2351 3251 2388 3296 5,
2419 3250 2518 3289 nos
2543 3234 2763 3303 quidem
2793 3234 2835 3259 ν
2865 3237 3162 3307 ἡμετέραις
3201 3236 3402 3305 εὐχαῖς.
3438 3236 3546 3288 Καὶ
3587 3237 3747 3298 αὐτὸς
3774 3237 3830 3290 δὲ
3868 3238 3973 3290 ἶσοι
4005 3240 4133 3306 παρ’
4172 3239 4303 3308 ἡμῖν
4338 3237 4434 3307 μέ·-

1191 3328 1296 3380 hoc
1327 3327 1586 3379 danmum
1639 3328 1814 3381 invito
1845 3328 2030 3380 animo
2064 3325 2314 3381 ferimus.
2357 3324 2436 3379 Tu
2484 3341 2614 3379 vero
2659 3325 2765 3378 hoc

1191 3420 1287 3474 tibi
1325 3420 1614 3488 persuade,
1639 3429 1712 3481 te,
1735 3435 2066 3488 quocunque
2096 3422 2149 3472 in
2188 3419 2308 3472 loco
2341 3418 2442 3477 sis.
2472 3417 2760 3471 nobiscum

1191 3529 1317 3566 esse
1355 3532 1367 3566 :
1406 3521 1571 3580 atque
1609 3513 1827 3564 utinam
1844 3511 2100 3580 precibus
2136 3509 2343 3562 nostris
2365 3506 2597 3561 ducibus
2623 3523 2754 3577 pro-

1192 3618 1411 3672 sperum
1443 3604 1540 3654 iter
1574 3601 1796 3655 habeas.
1832 3600 1991 3670 166
2030 3599 2172 3664 Quin
2215 3598 2347 3651 illud
2385 3612 2602 3667 quoque
2658 3598 2755 3651 tibi

2864 3344 2992 3388 νων,
3015 3327 3118 3389 ἓως
3137 3327 3202 3378 ἂν
3219 3326 3468 3396 πνέωμεν
3491 3326 3625 3394 (95),
3641 3323 3718 3390 οἷς
3737 3329 3930 3380 σαυτὸν
3951 3329 4276 3398 ἐνέγραψας,
4295 3329 4434 3382 οὐδε-

2867 3418 2994 3487 μιᾶς
3052 3417 3250 3486 στήλης
3299 3415 3660 3487 ἀτιμοτέροις,
3710 3420 3802 3471 καὶ
3848 3419 3929 3472 ἔτι
3982 3420 4180 3489 μᾶλλον
4228 3421 4432 3490 ἐγγρά-

2860 3506 2980 3575 ψεις
3005 3506 3137 3568 ι9ϐ),
3166 3506 3382 3558 ἐπειδὰν
3429 3507 3560 3576 γένῃ
3591 3507 3726 3559 Θεοῦ
3759 3509 3853 3560 καὶ
3904 3509 4093 3577 σαφῶς
4145 3512 4434 3582 ἡμέτερος,

2859 3598 2892 3667 ἢ
2931 3596 3024 3648 σοῦ
3060 3596 3170 3663 (97)
3197 3613 3260 3664 γε
3289 3597 3467 3666 ἡμεῖς,
3500 3599 3548 3648 εί
3575 3595 3732 3650 τοῦτο
3755 3597 4005 3664 λέγεσθαι
4027 3600 4192 3666 ἣδιον.

1194 3697 1320 3750 item
1387 3697 1740 3762 persuadeas,
1805 3703 1888 3756 te,
1954 3693 2196 3762 quandiu
2250 3694 2501 3761 spiritum
2573 3692 2860 3754 ducemus,
2930 3691 3071 3761 apud
3137 3708 3236 3744 nos
3300 3706 3616 3744 mansurum
3687 3707 3829 3755 esse,
3871 3692 3924 3744 in
3984 3693 4209 3758 quibus,
4283 3692 4430 3743 nulla

1191 3791 1446 3843 columna
1482 3789 1837 3843 iuferiorilms
1897 3797 1991 3841 aut
2021 3788 2521 3856 contemptioribus
2557 3789 2816 3856 teipsum,
2891 3786 3226 3846 inscripsisli
3268 3805 3280 3838 λ

3341 3794 3506 3854 atque
3570 3787 3734 3837 etiam
3809 3786 3983 3854 magis
4069 3786 4433 3852 inscripturus

1190 3901 1286 3948 es,
1317 3901 1440 3941 cum
1489 3886 1556 3939 ad
1604 3885 1770 3938 Deum
1828 3894 1879 3939 te
1927 3883 2280 3952 ailjunxeris,
2332 3887 2727 3954 perspicueque
2767 3890 2956 3938 uoster
3003 3881 3195 3944 fueris,
3241 3891 3355 3944 aut,
3397 3883 3441 3936 si
3487 3883 3560 3935 ita
3604 3882 3750 3952 loqui
3796 3882 4019 3936 suavius
4062 3892 4175 3947 est,
4207 3881 4430 3940 uostui.

1771 4041 1902 4096 CCI.
1946 4039 2176 4094 EIDEM.

3337 4038 3450 4091 mn
3500 4038 3587 4108 τᾳ
3623 4039 3804 4108 arm
3833 4037 3963 4103 (98).

1265 4175 1590 4231 Discedendo
1629 4174 1920 4233 Nemesius,
1951 4181 2044 4223 aut
2075 4172 2184 4224 alia
2219 4171 2451 4239 qualibet
2485 4186 2779 4232 occasione,
2814 4187 2916 4224 non
2954 4170 3102 4238 longe
3131 4186 3163 4220 α
3195 4166 3432 4240 Gregorii
3458 4170 3745 4222 solitudine
3787 4176 3894 4222 iter
3910 4169 4054 4236 fecit,
4102 4170 4432 4240 attritamque

1507 4263 1610 4296 non
1632 4259 1799 4297 risum
1838 4244 2118 4310 prieteriit.
2155 4238 2308 4305 Quod
2337 4256 2663 4308 suntmopere
2693 4241 2910 4304 dolens,
2939 4241 3038 4291 hac
3064 4239 3283 4306 epistola
3316 4238 3549 4291 dolorem
3590 4257 3743 4291 suum
3778 4240 4112 4308 signi/ierim.

1265 4377 1536 4444 Quiddam
1572 4378 1672 4428 hoc
1707 4377 1828 4430 est?
1858 4375 2162 4430 inscientes
2202 4389 2304 4428 nos
2328 4377 2638 4442 prmtcristi.
2675 4390 2774 4428 nec

2951 4373 3016 4425 Ti
3048 4373 3233 4436 τὸῦτο;
3253 4372 3600 4442 παρέδραμες
3626 4373 3770 4441 ἡμᾶς
3799 4373 4187 4441 ἀγνοήσαντας,
4217 4375 4307 4426 καὶ
4336 4373 4429 4426 λα-

1195 4471 1371 4537 tuagis
1433 4469 1602 4536 arripi
1652 4468 1916 4537 potuisti,
1996 4479 2160 4534 quam
2225 4466 2362 4518 echo
2411 4465 2481 4517 ab
2522 4465 2621 4522 iis.
2667 4466 2758 4533 qui
2796 4449 3052 4514 Ι)6ἐσοαι
3082 4463 3181 4514 οὐκ
3209 4458 3276 4532 ἦν

2345 4480 2362 4516 )
2411 4465 2481 4517 ab
2522 4465 2589 4519 iis
2609 4507 2621 4522 .
2667 4466 2758 4533 qui
2796 4449 2838 4503 Ῑ)
2865 4463 3052 4514 θέσθαι
3082 4463 3181 4514 οὐκ
3209 4458 3297 4532 ἦν,
3328 4464 3389 4515 οὐ
3416 4462 3614 4532 μᾶλλον
3644 4479 3704 4529 γε
3735 4463 3768 4531 ἢ
3795 4463 3893 4531 τῆς
3921 4462 4084 4531 facit;
4127 4465 4251 4525 τοὺς
4290 4466 4428 4528 πλη-

1193 4577 1318 4612 cant
1373 4576 1730 4628 propmquatu
1792 4575 1850 4610 se
1900 4559 2106 4612 habere
2161 4556 2512 4618 existimant,
2560 4573 2622 4609 ac
2665 4572 2763 4625 per

1192 4650 1482 4719 oppositas
1513 4666 1673 4702 voces
1707 4649 2075 4718 decipiuntur.
2111 4647 2242 4700 Nam
2278 4648 2480 4716 alioqui
2516 4647 2616 4699 hac
2653 4662 2759 4698 una

1265 4799 1378 4866 (83)
1409 4801 1537 4864 Δός.
1560 4798 1695 4853 Cod.
1735 4799 1864 4866 Reg.
1899 4801 2041 4862 δούς,
2067 4800 2337 4866 porrigens
2368 4814 2602 4850 ntanum.

1267 4870 1379 4935 (84)
1412 4869 1776 4936 Δῳιιμιὶσεις.
1820 4873 1892 4922 Ita
1927 4870 2049 4922 cod.
2071 4879 2126 4922 et
2159 4869 2412 4926 .\lontac..
2455 4870 2643 4935 sicque
2679 4866 2755 4919 le-

1197 4939 1275 5007 git
1306 4938 1426 5008 Bill.
1462 4938 1516 4989 In
1551 4941 1678 5008 edit.
1706 4939 2040 5008 δοκιμάσεις.

1266 5007 1374 5072 (85)
1410 5006 1635 5071 Ζητεῖς.
1668 5007 1740 5059 Ita
1771 5003 1892 5060 cod.
1919 5017 1972 5060 et
2001 5005 2246 5059 Combef.
2274 5006 2324 5056 in
2352 5006 2484 5057 edit.
2512 5003 2753 5074 ζητοίης.

1264 5074 1379 5142 (8(3)
1416 5077 1558 5126 Alias
1603 5075 1926 5129 CLXXXIV.
1967 5077 2177 5144 Scripta
2226 5076 2371 5126 circa
2421 5077 2578 5128 linem
2630 5075 2756 5128 anni

1194 5142 1321 5202 5815,
1355 5152 1446 5196 attt
1475 5145 1579 5196 587
1620 5146 1855 5198 initium.

1264 5212 1374 5281 (87)
1409 5213 1482 5264 El
1509 5231 1571 5281 γε
1604 5212 1683 5279 τῷ
1728 5213 1867 5279 Θεῷ.
1913 5213 1986 5266 lla
2021 5213 2166 5275 rod.,
2212 5212 2394 5265 Morel.
2425 5221 2477 5266 ct
2507 5213 2752 5266 Comhef.

1194 5282 1285 5347 qui
1322 5297 1446 5334 ιιιοι
1485 5285 1610 5349 legit
1643 5284 1811 5350 μέλοι.
1853 5285 1906 5335 lu
1936 5283 2066 5335 edit.
2101 5285 2152 5335 εἴ
2173 5301 2222 5334 τι
2259 5281 2333 5350 τῷ
2357 5281 2489 5350 Θεῷ.

1264 5350 1372 5426 (88)
1391 5355 1596 5426 Ἀγίας,
1629 5350 1772 5426 ὅπερ
1799 5353 2053 5426 ἐπιῖθεις.
2087 5354 2160 5404 Ita
2183 5355 2342 5405 codd.
2373 5351 2750 5405 stest-12022.

1195 5415 1251 5469 lu
1275 5415 1412 5490 ξυιιιι.
1451 5415 1586 5490 ὅπερ
1620 5415 1830 5485 ervilia;
1855 5423 2070 5474 desunt.

1266 5487 1376 5561 (35:9)
1417 5487 1619 5559 Ὁλίγα
1644 5494 2066 5561 μετασχόντες.
2109 5497 2180 5544 ita
2215 5491 2337 5561 cod.
2373 5490 2523 5557 lleg.,
2563 5489 2749 5544 Morel.

1193 5573 1256 5612 at:
1291 5556 1620 5629 Combelfln
1645 5556 1780 5615 edit.
1814 5556 1965 5628 ὁῖίγα
1995 5577 2055 5625 γε
2093 5560 2467 5629 μετασχόντες.

1264 5628 1375 5697 (9⁸))
1413 5628 1524 5692 Τῆς
1553 5631 1706 5696 ὄψει.
1740 5631 1923 5683 Morel.
1954 5638 2007 5681 et
2033 5628 2373 5697 (Σιιιιιιιιείςτῇ
2400 5631 2535 5696 ὕψει.

1259 5695 1375 5759 (9i)
1408 5699 1514 5750 Kal
1549 5695 1782 5759 τούτου,
1820 5699 1892 5751 lla
1946 5698 2066 5751 coal.
2111 5699 2239 5767 licg.
2287 5695 2449 5764 “'05,
2472 5700 2656 5754 Morel.
2691 5708 2744 5752 ct

2863 4553 2975 4605 σίον
3012 4552 3156 4622 ἔχειν
3181 4553 3348 4622 αὐτὴν
3385 4554 3720 4621 νομίζοντας,
3757 4553 3848 4605 καὶ
3879 4553 4273 4622 ἀπατωμένους
4303 4558 4427 4619 ταῖς

2859 4645 3260 4715 ἁντιῤῥήσεσιν·
3296 4644 3328 4714 ἧ
3358 4644 3514 4696 τοῦτο
3541 4645 3698 4714 μόνον
3725 4643 3790 4696 ἂν
3823 4644 3932 4697 τῶν
3963 4647 4178 4698 πάντων
4203 4650 4426 4719 ἐτυρανο

2859 4796 3104 4850 Cetobef.
3138 4798 3193 4852 In
3219 4800 3350 4852 edit.
3383 4801 3477 4852 καὶ
3499 4799 3720 4851 τούτων.

2929 4867 3040 4929 (92)
3075 4870 3418 4922 Συνουσιάν
3443 4869 3510 4931 ἐξ
3548 4868 3952 4934 ὑποσχέσεως.
4011 4870 4086 4922 Ita
4129 4868 4253 4922 cod.
4289 4867 4422 4937 llcg.

2861 4936 3019 4998 “03,
3053 4937 3238 4990 Morel.
3267 4946 3319 4990 ct
3353 4938 3600 4991 Comlu-f.
3636 4940 3693 4990 lu
3722 4939 3854 4990 cdd.
3893 4939 3984 4990 καὶ
4010 4938 4234 4992 τούτων.

2925 5005 3039 5074 (95)
3079 5005 3420 5071 Κατέλιπες.
3465 5009 3537 5058 Ita
3575 5007 3701 5060 coll.
3741 5007 3883 5059 1022
3919 5016 3974 5062 et
4014 5007 4080 5059 li.
4135 5009 4323 5062 Morel.
4357 5023 4424 5062 ac

2856 5073 3102 5128 Combef.
3147 5076 3200 5126 lu
3231 5077 3364 5128 edit.
3393 5076 3735 5142 κατέλειψας.

2855 5144 3038 5268 “(99
3075 5145 3265 5226 "p.101;
3303 5161 3412 5212 περ
3449 5145 3526 5198 ἂν
3569 5147 3718 5211 εἴης.
3767 5145 3904 5199 Cod.
3944 5147 4101 5207 “05,
4137 5148 4259 5200 ὅποι
4291 5164 4418 5218 περ.

2951 5255 2962 5267 .
2992 5231 3057 5264 αν
3091 5231 3174 5268 ης.

2925 5227 2962 5267 ι.
2992 5231 3057 5264 αν
3091 5231 3174 5274 ης.

2926 5231 3057 5351 illi?
3071 5231 3224 5348 Jqu
3249 5283 3324 5334 ἂν
3351 5283 3640 5350 πνέωμεν.
3684 5282 3756 5336 lta
3799 5284 3920 5337 cod.
3955 5283 4136 5338 Morel.
4173 5297 4225 5338 et
4255 5285 4420 5339 (Zom-

2857 5354 2948 5407 bef
2995 5354 3060 5405 At
3087 5353 3298 5424 coda".
3329 5354 3382 5409 5.
3423 5363 3478 5406 et
3507 5351 3736 5406 Moulac.
3763 5355 3867 5416 ἕως
3899 5353 3963 5406 ἂν
3989 5355 4330 5424 ὲμπνέωμεν.
4359 5357 4417 5412 la

2853 5424 2984 5476 edit.
3024 5423 3406 5491 συμπνέωμεν.

2925 5491 3032 5564 (9(5)
3074 5491 3433 5564 Vin-pridem.
3458 5492 3529 5564 Ita
3553 5493 3674 5546 cod.
3698 5491 3845 5564 _MOZS
3883 5491 3940 5546 lu
3964 5493 4095 5547 edit.
4114 5493 4416 5564 ἐγγράψας.

2901 5562 3051 5699 “(Eni75
3081 5561 3319 5681 “gis-'06.
3373 5565 3446 5614 lta
3485 5560 3728 5616 Combef.
3788 5560 4164 5633 proponitque'
4194 5560 4316 5618 Bill.
4355 5564 4414 5619 In

2853 5641 2982 5682 C(Itl.
3020 5641 3050 5682 ἢ
3089 5641 3188 5681 σοι.

2922 5697 3213 5767 (98)Ἀιὶιι5
3239 5697 3500 5755 CXXXV.
3543 5699 3760 5769 Scripta
3791 5704 3978 5757 eodem
4009 5712 4272 5771 tempore.
