5274 6660
398 538 504 594 335
1773 520 2106 579 EPISTOLA
2159 520 2330 581 00111.

1773 520 2106 579 EPISTOLA
2159 520 2330 581 00111.
3546 510 3652 569 334

398 666 489 703 νον
516 646 609 701 τὸν
638 644 843 701 ἀνωθεν
877 646 1082 715 ἥκοντα
1115 641 1205 695 τὸν
1244 640 1369 695 νοῦν
1400 640 1473 712 μὴ
1503 640 1667 710 ἔχειν,
1706 639 1843 693 ἀλλὰ
1879 650 1977 709 την
2006 646 2051 703 Α
2078 646 2263 694 textus
2322 648 2481 707 corpu

1568 658 1667 702 ειν,
1706 639 1843 693 ἀλλά
1879 650 1977 709 την
2006 646 2263 703 Atextus
2322 648 2554 707 corpore
2626 631 2877 687 avulsum
2939 650 2950 685 :
3021 629 3295 684 Secundus
3365 629 3518 681 homo
3587 629 3648 683 de

400 736 631 805 θεότητα
662 734 758 788 τοῦ
788 731 1128 801 Μονογενοῦς
1155 731 1256 800 τὴν
1289 728 1381 783 τοῦ
1418 728 1509 781 νοῦ
1547 727 1707 797 φύσιν
1736 727 1977 797 ἀναπλη-

404 827 680 898 ρώσασαν,
726 825 892 896 μέρος
935 822 1189 892 γενέσθαι
1227 820 1323 874 τοῦ
1369 819 1707 890 ἀνθρωπείου
1740 818 1979 890 συγκρά-

408 934 575 987 ματος
612 915 726 984 (19)
765 915 828 968 τὸ
862 912 1240 985 τριτημόριον,
1283 910 1464 980 ψυχῆς
1501 926 1560 961 τε
1595 909 1690 961 καὶ
1731 908 1980 979 σώματος

406 1008 548 1062 κατά
580 1008 642 1061 τδ
684 1005 1024 1077 ἀνθρώπινον
1070 1002 1199 1073 περὶ
1243 1001 1407 1056 αὑτὸν
1446 999 1636 1063 ὄντων,
1678 998 1771 1052 νοῦ
1814 998 1869 1051 δὲ
1906 998 1981 1069 μὴ

404 1099 578 1161 ὄντος,
617 1096 754 1151 ἀλλά
785 1096 876 1149 τὸν
906 1092 1117 1147 ἐκείνου
1147 1091 1310 1145 τόπον
1337 1089 1434 1143 τοῦ
1475 1089 1612 1143 Θεοῦ
1647 1090 1822 1157 Λόγου
1847 1088 1979 1142 ἀνα-

407 1186 766 1258 πληροῦντος.
790 1184 902 1240 Καὶ
923 1183 1078 1237 οὔπω
1100 1180 1263 1235 τοῦτο
1294 1180 1488 1233 δεινόν·
1512 1179 1650 1233 ἀλλὰ
1679 1181 1741 1233 τὸ
1762 1180 1983 1234 πάντων

408 1274 817 1348 χαλεπώτατον,
861 1275 944 1327 ὅτι
1004 1272 1165 1327 αὑτὸν
1209 1270 1301 1324 τὸν
1351 1269 1616 1341 μονογενῆ
1672 1269 1834 1337 Θεὸν,
1894 1269 1985 1323 τδν

410 1365 602 1437 κριτὴν
638 1364 749 1418 τῶν
801 1363 1022 1418 πάντων
1055 1362 1203 1434 (20),
1247 1361 1341 1415 τὸν
1392 1361 1637 1431 ἀρχηγὸν
1681 1360 1781 1429 τῆς
1818 1360 1983 1431 ζωῆς,

408 1450 500 1504 τὸν
550 1448 886 1519 καθαιρέτην
937 1448 1032 1500 τοῦ
1085 1446 1338 1511 θανάτου,
1387 1447 1580 1516 θνητὸν
1624 1446 1763 1500 εἶναι
1819 1465 1987 1501 καταο

412 1539 690 1602 σκευάζει,
716 1541 811 1592 καὶ
835 1541 902 1609 τῇ
927 1538 1031 1608 ibi;
1061 1538 1225 1593 αὐτοῦ
1261 1538 1474 1609 θεότητι
1508 1538 1680 1601 πάθος
1706 1537 1984 1602 δέξασθαι,

413 1633 507 1684 καὶ
536 1630 596 1684 ὲν
637 1632 704 1700 τῇ
742 1630 1031 1702 τριημέρῳ
1062 1628 1247 1700 ἐκείνῃ
1288 1628 1550 1699 νεκρώσει
1581 1628 1678 1681 τοῦ
1713 1628 1986 1699 σώματος,

412 1722 509 1775 καὶ
545 1722 645 1793 τὴν
680 1720 908 1791 θεότητα
935 1719 1483 1792 συναπονεκρωθῆναι
1518 1719 1597 1790 τῷ
1630 1717 1862 1789 σώματι,
1894 1719 1990 1772 καὶ

412 1815 556 1867 οὕτω
590 1812 742 1885 παρά
777 1812 871 1865 τοῦ
913 1811 1128 1883 Πατρδς
1164 1811 1328 1865 πάλιν
1369 1810 1478 1864 ἀπὸ
1508 1809 1602 1863 τοῦ
1637 1808 1869 1863 θανάτου
1911 1809 1986 1864 δι-

414 1903 726 1972 αναστῆναι.
750 1903 831 1957 Τά
850 1902 893 1955 δ’
920 1901 1055 1956 ἀλλα
1081 1902 1184 1954 ὅσα
1219 1900 1540 1971 προστίθησι
1570 1901 1689 1963 ταῖς
1715 1899 1990 1964 τοιαύταις

416 1997 665 2059 ἀτοπίαις
694 1995 904 2067 μακρὸν
924 1994 990 2049 ἂν
1014 1994 1099 2065 εἴη
1126 1994 1403 2060 διεξιέναι.

2081 728 2209 783 caelo
2240 730 2284 780 ⁸.
2329 726 2533 781 Deinde
2583 723 2861 777 hominem
2895 720 3045 774 illum
3093 722 3311 776 ccclitns
3346 719 3651 773 venientem

2080 826 2265 875 mente
2293 818 2521 872 minime
2548 814 2836 887 praeditum
2883 827 3007 868 esse
3042 812 3259 874 asserit,
3293 825 3480 865 verum
3524 807 3655 863 Uni-

2081 910 2249 981 geniti
2286 908 2546 963 deitatem
2595 904 2797 960 mentis
2826 910 3079 957 naturam
3121 902 3489 971 supplentem.
3537 908 3654 954 tero

2083 998 2209 1051 tiam
2257 996 2512 1050 humana!
2578 991 3068 1061 coagmentationis
3135 998 3185 1044 et
3248 988 3656 1057 conjunctionis

2069 1094 2293 1155 'partem
2334 1083 2664 1139 exstitisse:
2714 1080 2856 1151 quod
2904 1080 3164 1134 nimirum
3194 1079 3376 1133 anima
3426 1085 3482 1132 et
3528 1093 3656 1131 cor-

2086 1189 2189 1245 pus
2214 1173 2372 1242 juxta
2406 1170 2799 1226 humanitatem
2827 1169 2882 1223 in
2908 1182 2974 1223 eo
3005 1168 3139 1232 sint,
3170 1182 3326 1222 mens
3351 1178 3535 1222 autem
3560 1167 3660 1221 mi-

2086 1265 2233 1319 nime
2259 1281 2275 1331 ;
2306 1277 2493 1318 verum
2525 1261 2646 1331 ejus
2678 1260 2858 1315 locum
2888 1257 3053 1314 Verbi
3084 1258 3346 1314 divinitas
3380 1259 3657 1330 suppleat.

2088 1353 2199 1409 Nec
2248 1354 2355 1409 hoc
2405 1352 2586 1409 adhuc
2637 1365 2801 1422 grave
2856 1356 2983 1414 est;
3039 1348 3157 1412 sed,
3207 1348 3353 1418 quod
3414 1347 3658 1402 omnium

2087 1442 2532 1515 indignissimum
2587 1449 2753 1511 atque
2815 1440 3247 1499 atrocissimum,
3303 1439 3481 1508 ipsum
3536 1439 3659 1492 uui-

2088 1535 2329 1604 genitum
2358 1532 2549 1597 Deum,
2597 1528 2843 1586 omnium
2896 1530 3309 1599 judicem,vit:e
3358 1535 3658 1587 auctorem,

2090 1625 2285 1680 mortis
2310 1623 2730 1686 exstinctorem,
2761 1620 3051 1677 mortalem
3082 1634 3206 1675 esse
3235 1619 3416 1685 docet,
3445 1633 3510 1671 ac
3541 1633 3661 1688 pro-

2089 1718 2220 1772 bare
2282 1715 2498 1777 nititur,
2558 1715 2891 1783 propriaque
2943 1727 3045 1770 sua
3099 1710 3386 1767 divinitate
3435 1724 3658 1779 passum

2089 1822 2234 1874 esse,
2282 1813 2449 1875 atque
2480 1805 2535 1858 in
2569 1804 2824 1858 triduana
2852 1804 2944 1858 illa
2969 1802 3221 1873 corporis
3250 1808 3429 1857 morte
3457 1799 3662 1855 divini-

2092 1906 2261 1952 tatem
2288 1910 2509 1966 quoque
2537 1893 2701 1950 simul
2736 1908 2858 1949 cum
2894 1905 3126 1963 corpore
3161 1900 3430 1946 mortuam
3464 1891 3655 1955 fuisse,

2091 1993 2281 2060 sicque
2313 2004 2507 2045 rursus
2541 1987 2719 2043 Patris
2748 2002 2914 2057 opera
2956 2001 2987 2041 a
3027 1992 3202 2040 morte
3237 1984 3307 2039 ad
3358 1984 3524 2038 vitam
3580 1999 3660 2039 reo

418 2100 685 2146 vocatam.
716 2088 834 2142 Atia
862 2096 1044 2144 autem
1083 2088 1297 2151 omnia,
1335 2101 1455 2157 quae
1486 2087 1799 2157 hujusmodi
1829 2086 2262 2141 absurditatibus
2299 2083 2507 2153 adjicit,
2550 2083 2772 2151 longum
2802 2079 2966 2135 fuerit
2993 2092 3446 2134 commemorare.

488 2184 550 2238 Et
586 2182 767 2237 τοίνυν
812 2182 863 2235 οῑ
909 2179 1134 2236 τοιαῦτα
1176 2181 1499 2252 φρονοῦντες
1546 2183 1604 2232 ὲν
1642 2179 1859 2251 ἐξουσίᾳ
1898 2178 1991 2232 τοῦ
2023 2190 2065 2244 Β
2164 2177 2401 2232 Proinde
2440 2175 2487 2229 si
2519 2175 2571 2228 iit

1577 2198 1604 2231 ν
1642 2179 1859 2251 ἐξουσίᾳ
1898 2178 1991 2232 τοῦ
2023 2190 2065 2244 Β
2164 2177 2401 2232 Proinde
2440 2175 2487 2229 si
2519 2175 2611 2238 iis,
2641 2172 2733 2243 qui
2775 2171 2903 2225 talia
2950 2171 3219 2235 sentiunt,
3247 2177 3425 2224 emtas
3460 2168 3660 2224 habere

420 2274 674 2341 συνάγειν
708 2274 971 2341 γίνονται,
1016 2272 1291 2325 σκοπείτω
1318 2288 1410 2325 σου
1442 2273 1475 2341 ἡ
1512 2273 1568 2324 ὲν
1600 2270 1817 2342 Χριστῷ
1846 2268 1994 2323 εὑδό-

420 2381 582 2434 κιμος
608 2364 892 2435 φρόνησις,
919 2362 1000 2415 ὅτι
1026 2362 1101 2432 μὴ
1133 2360 1539 2430 συμϐαινόντων
1565 2360 1720 2430 ἡμῶν
1745 2355 1827 2423 οἷς
1849 2359 1993 2413 ὲκεί-

421 2472 502 2509 νοι
540 2453 797 2527 φρονοῦσι
823 2454 958 2523 (21),
1002 2454 1064 2507 τὸ
1110 2453 1294 2506 λαϐεῖν
1342 2453 1539 2516 αὐτοὺς
1581 2452 1833 2520 ἐξουσίαν
1874 2468 1995 2505 συν-

421 2542 616 2606 ἀξεως,
646 2541 799 2595 οὐδὲν
830 2541 1015 2611 ἕτερόν
1050 2543 1218 2604 ἐστιν,
1258 2542 1292 2612 ἢ
1324 2541 1719 2613 ἀληθεστέρους
1747 2541 1842 2595 τοῦ
1874 2541 1994 2595 καθ’

422 2634 571 2705 ἡμᾶς
610 2632 879 2703 δόγματος
916 2632 1259 2702 νομισθῆναι.
1298 2634 1358 2687 Et
1397 2633 1508 2702 γὰρ
1542 2632 1618 2696 ὡς
1646 2630 1997 2695 εὐσεϐοῦντες

425 2726 620 2777 ἐκείνοι
669 2724 941 2777 διδάσκειν
988 2723 1064 2785 ὡς
1115 2723 1395 2793 φρονοῦσι,
1449 2724 1544 2777 καὶ
1594 2725 1884 2794 κηρύττειν
1940 2725 1998 2777 ἐν

425 2814 709 2885 παρρησίᾳ
738 2815 800 2867 τὸ
831 2813 952 2867 καθ’
990 2814 1216 2877 ἑαυτοὺς
1246 2814 1631 2886 ὲπιτρέπονται
1660 2814 1837 2884 δόγμα
1860 2814 1995 2885 (22),

424 2906 584 2975 δῆλον
614 2906 697 2958 ὅτι
734 2905 1108 2972 κατέγνωσται
1134 2908 1163 2959 6
1196 2906 1295 2975 τῆς
1343 2906 1668 2976 Ἑκκλησίας
1717 2906 1893 2973 λόγος,
1924 2906 1999 2969 ὼς

424 2996 526 3065 τῆς
550 2995 809 3066 ἀληθείας
835 2997 963 3065 παρ’
991 2996 1175 3058 αὐτοῖς
1211 2996 1398 3065 οὕσης.
1440 2996 1542 3048 Δύο
1583 2996 1691 3065 γὰρ
1725 2996 2000 3060 ἐναντίους

427 3085 619 3153 λόγους
668 3087 799 3155 περὶ
842 3086 937 3138 τοῦ
982 3085 1147 3139 αὑτοῦ
1201 3086 1523 3155 πράγματος
1571 3084 1792 3155 ἀληθείς
1838 3081 1997 3149 εἶναι,

431 3176 592 3245 φύσις
617 3178 718 3229 οὐκ
750 3176 882 3246 ἔχει.
910 3176 1033 3239 Πῶς
1055 3171 1148 3228 οὖν
1176 3174 1435 3244 ὑπέμεινέ
1469 3192 1563 3227 σου
1591 3176 1623 3243 ή
1657 3173 2000 3244 μεγαλοφυὴς

430 3269 524 3321 καὶ
563 3268 741 3338 ὑψηλὴ
782 3268 1011 3332 διάνοια,
1061 3267 1136 3338 μὴ
1167 3267 1474 3339 χρήσασθαι
1510 3268 1576 3336 τῇ
1612 3266 1831 3335 συνήθει
1866 3267 2003 3335 παρο

430 3358 595 3429 ῥησία
622 3361 701 3421 εἰς
728 3359 1011 3428 διόρθωσιν
1034 3358 1129 3411 τοῦ
1154 3357 1407 3410 τοσούτου
1434 3356 1631 3421 κακῶς
1676 3356 1812 3409 Ἀλλ’
1834 3358 1881 3408 εί
1910 3358 2003 3409 καὶ

437 3450 513 3519 μὴ
558 3450 825 3519 πρότερον
869 3448 1028 3502 τοῦτο
1067 3450 1278 3515 γέγονε,
1311 3447 1404 3499 νῦν
1439 3446 1567 3514 γοῦν
1599 3447 1939 3516 διαναστήτω
1968 3449 2000 3516 ή

2096 2268 2245 2329 licet,
2294 2266 2429 2320 illud
2476 2265 2638 2319 velim
2690 2264 2893 2334 cogitet
2938 2272 3102 2333 atque
3147 2260 3421 2330 expendat
3474 2267 3565 2313 tua
3604 2260 3661 2313 in

2095 2357 2318 2413 Christo
2357 2356 2589 2411 illustris
2638 2353 2951 2425 prudentia,
2990 2351 3137 2421 quod
3184 2351 3345 2405 nobis
3376 2364 3485 2404 non
3518 2350 3659 2404 idem

2096 2448 2467 2505 sentientibus
2512 2460 2576 2499 ac
2622 2444 2724 2511 illi,
2768 2455 2945 2498 canus
2987 2439 3225 2498 habendi
3273 2446 3517 2510 potestas
3552 2439 3662 2494 illis

2098 2542 2267 2602 facta.
2302 2538 2443 2593 nihil
2493 2536 2641 2591 aliud
2673 2537 2767 2602 sit,
2798 2546 2962 2605 quam
2999 2548 3189 2588 eorum
3222 2531 3529 2585 doctrinam
3562 2546 3663 2586 no-

2099 2639 2217 2685 stra
2261 2628 2527 2684 veriorem
2571 2625 2900 2682 existimari.
2954 2622 3090 2678 Nam
3127 2624 3173 2679 si
3218 2623 3347 2688 illis,
3393 2631 3449 2675 ut
3481 2629 3535 2676 et
3579 2621 3664 2691 pie

2100 2719 2488 2783 sentientibus,
2522 2733 2610 2781 ea,
2664 2732 2785 2787 quae
2828 2715 3099 2779 sentiunt,
3146 2714 3346 2769 docere
3390 2714 3667 2782 libereque

2100 2813 2450 2885 promulgare
2498 2811 2858 2882 permittitur,
2903 2810 3027 2878 quis
3072 2823 3181 2861 non
3223 2805 3366 2860 videt
3411 2804 3667 2859 Ecclesia!

2100 2905 2402 2960 doctrinam
2458 2901 2851 2966 condemnari,
2911 2899 3133 2969 perin'de
3176 2912 3240 2952 ac
3298 2898 3529 2952 veritate
3598 2896 3669 2950 ab

2102 2997 2320 3050 illorum
2374 2996 2623 3065 partibus
2682 2990 2891 3047 stante?
2936 2989 3121 3060 Neque
3172 2988 3319 3043 enim
3357 3003 3538 3042 rerum
3573 3001 3669 3041 na-

2101 3096 2225 3141 tura
2274 3084 2412 3149 t'ert,
2440 3086 2578 3139 duas
2615 3083 2682 3137 de
2712 3084 2903 3137 eadem
2935 3095 2993 3136 re
3040 3081 3351 3135 contrarias
3387 3078 3667 3133 doctrinas

2102 3193 2264 3232 veras
2307 3191 2450 3233 esse.
2492 3174 2778 3241 Quomodo
2824 3173 2988 3242 igitur
3015 3171 3265 3226 excelsus
3307 3178 3362 3224 et
3401 3178 3669 3239 praestans

2104 3265 2323 3318 animus
2369 3272 2498 3317 tuus
2557 3262 2623 3316 ad
2680 3261 2817 3315 tanti
2877 3260 3002 3314 mali
3053 3259 3451 3314 correctionem
3512 3258 3672 3330 169

2104 3363 2372 3411 consueta
2430 3355 2681 3409 libertate
2756 3368 2867 3407 non
2939 3352 3017 3405 uti
3095 3350 3403 3406 sustinuit?
3472 3349 3668 3404 Verum

2103 3447 2322 3501 etiamsi
2371 3445 2613 3500 nondum
2664 3444 2869 3498 factum
2919 3449 3023 3507 est,
3076 3458 3221 3495 nunc
3256 3442 3450 3497 saltem
3488 3441 3671 3493 inimi-

432 3508 838 3607 ἀμίμητος(25)
872 3553 965 3588 σου
989 3508 1585 3606 ἐπ”ἀρετῇντελειότηῆ
1618 3537 1711 3589 καὶ
1739 3508 2001 3599 διδαξάτω
2029 3508 2071 3565 C
2106 3536 2295 3589 tabilis
2340 3543 2433 3589 tua
2487 3550 2515 3589 ιι

1618 3537 1711 3589 καὶ
1739 3508 2001 3599 διδαξάτω
2029 3508 2071 3565 C
2106 3536 2295 3589 tabilis
2340 3543 2433 3589 tua
2487 3535 2838 3604 numerisque
2886 3533 3145 3588 omnibus
3193 3532 3443 3585 absoluta
3498 3532 3670 3585 virtus

431 3630 526 3680 τὸν
565 3629 955 3681 εὐσεϐέστατον
1001 3628 1244 3697 βασιλέα,
1294 3629 1377 3681 ὅτι
1418 3627 1571 3679 οὐδὲν
1618 3627 1805 3698 κέρδος
1850 3628 2000 3679 ἔσται

434 3717 535 3786 τῆς
565 3717 758 3786 λοιπῆς
793 3715 959 3769 αὑτοῦ
1003 3716 1129 3787 περὶ
1160 3716 1261 3778 τὰς
1300 3715 1625 3783 Ἐκκλησίας
1664 3715 1919 3784 σπουδῆς,
1951 3718 1999 3767 εί

431 3808 495 3860 τὸ
533 3808 744 3860 τοιοῦτο
792 3806 962 3860 κακὸν
1010 3807 1102 3858 ἐπὶ
1146 3806 1466 3876 καθαιρέσει
1510 3806 1610 3875 τῆς
1654 3806 2000 3875 ὑγιαινούσης

438 3898 693 3967 πίστεως,
725 3898 815 3952 διὰ
839 3898 941 3967 τῆς
964 3898 1277 3969 παρρησίας
1310 3897 1487 3950 αὐτῶν
1520 3896 1835 3967 κατισχύσει
1868 3897 1999 3965 (21).

776 4143 889 4194 ΣΡ.
929 4138 1488 4208 ΟΥΔΛΕΝΤΙΝΙΑΝῼ
1526 4138 1658 4206 (25).

2109 3624 2379 3676 excitetur
2419 3638 2482 3675 ac
2540 3623 2947 3691 pientissimum
3007 3622 3389 3691 imperatorem
3436 3620 3673 3686 doceat:

2108 3714 2245 3767 nihil
2286 3729 2350 3767 es
2386 3714 2601 3783 reliquo
2634 3713 2810 3783 ipsius
2844 3729 2972 3782 erga
3010 3713 3287 3768 Ecclesias
3322 3713 3504 3768 studio
3532 3714 3673 3767 redi—

2110 3815 2293 3859 turum
2331 3821 2455 3861 esse
2506 3806 2794 3868 utilitatis,
2827 3808 2872 3859 si
2909 3806 3017 3859 tale
3049 3805 3251 3859 malum
3278 3805 3344 3860 ad
3377 3806 3496 3860 ﬁdei
3529 3821 3675 3860 sana:

2111 3896 2452 3950 eversionem
2508 3911 2602 3964 per
2667 3911 2855 3951 eorum
2911 3895 3216 3950 libertatem
3290 3895 3673 3967 licentiamque

2112 3986 2395 4053 prawaleat
2408 4026 2420 4038 .

2529 4138 2701 4194 00111.
2740 4138 3247 4195 νΑιΕΝτιΝιΑΝΟ
3268 4162 3286 4182 ο

512 4272 743 4326 Εωιεναε
799 4272 1034 4342 Gregorii
1072 4270 1323 4339 epistolas
1347 4285 1463 4338 qua:
1483 4281 1782 4337 supersunt,
1830 4271 2078 4324 extremis
2121 4273 2236 4340 ejus
2262 4272 2380 4342 uitta
2420 4272 2735 4339 temporibus
2783 4274 3009 4338 scriptas
3046 4273 3208 4339 fuisse
3251 4273 3369 4327 licet
3394 4273 3674 4340 afﬁrmare.

440 4341 573 4395 Cum
618 4352 790 4395 autem
835 4341 944 4394 illa:
982 4343 1123 4394 ontni
1163 4355 1379 4408 prorsus
1414 4349 1714 4410 temporum
1759 4342 2059 4394 charactere
2083 4343 2207 4410 sint
2238 4341 2525 4403 destitutw,
2550 4342 2604 4394 in
2639 4350 2788 4394 tanta
2820 4358 2995 4395 rerum
3026 4342 3366 4407 obscuritate,
3403 4359 3517 4394 cum
3547 4344 3677 4410 ipsis

441 4428 638 4463 annum
667 4412 937 4479 assignare
969 4411 1216 4477 possibile
1244 4426 1345 4462 non
1376 4409 1465 4469 sit,
1500 4418 1583 4461 sat
1620 4412 1719 4479 erit
1744 4410 1878 4461 hunc
1904 4411 2040 4463 inter
2074 4409 2198 4462 illas
2222 4410 2457 4463 ordinem
2489 4427 2716 4473 servare,
2752 4422 2806 4462 ut
2839 4427 2955 4478 qua'
2985 4413 3130 4477 prius
3163 4411 3305 4464 datae
3344 4409 3675 4469 videbuntur.

440 4481 603 4547 priori
651 4496 852 4550 quoque
885 4480 998 4532 loco
1037 4480 1393 4550 collocentur;
1431 4494 1559 4550 quia
1593 4478 1781 4542 eidem,
1818 4480 2058 4533 eodemve
2089 4479 2153 4532 de
2181 4489 2485 4549 argumento
2515 4481 2745 4547 scriptae,
2782 4480 2944 4549 juxta
2970 4497 3023 4533 se
3055 4481 3266 4533 invicem
3302 4491 3589 4550 ponantur,
3624 4493 3678 4532 ut

442 4546 679 4602 inut-sani
707 4546 807 4602 sibi
835 4549 1001 4602 lucem
1024 4558 1075 4603 et
1108 4548 1403 4601 claritatem
1428 4546 1719 4614 pra'beant.

514 4733 537 4763 ¹
568 4731 586 4786 1
614 4729 742 4785 Cor.
772 4745 859 4798 sv,
891 4729 980 4785 Π.

517 4883 629 5005 alii)
683 4882 1064 4966 ’Λνθρωπείου
1100 4879 1535 4949 συγκράματος.
1565 4876 1698 4948 Reg.
1736 4888 1791 4934 et
1826 4876 1919 4934 Or.
1951 4879 2007 4944 2,
2043 4884 2086 4939 ι)
2183 4879 2294 4948 (25)
2332 4880 2392 4932 Ἡ
2423 4881 2529 4949 apt

446 4957 513 5009 ἀν
554 4953 785 5009 οωπίνου
823 4966 1208 5009 συγκριματος.
2110 4950 2359 5004 Combef.
2396 4949 2529 5009 Qua:

1598 4880 1698 4948 leg.
1736 4888 1791 4934 et
1826 4876 1919 4934 Or.
1951 4879 2007 4944 2,
2043 4884 2086 4939 ι)
2183 4879 2294 4948 (25)
2332 4880 2392 4932 Ἡ
2423 4881 2734 4949 ἀμιμητος.
2780 4880 2853 4933 Ita
2886 4880 3056 4933 Coisl.
3087 4881 3137 4940 1,
3167 4879 3324 4948 ch.,
3359 4878 3589 4933 Montac.
3628 4893 3681 4935 et

2110 4950 2359 5004 Combef.
2396 4949 2569 5009 Quam
2612 4949 2897 5003 lectionem
2932 4957 3154 5003 secutus
3185 4958 3268 5003 est
3308 4948 3428 5005 Bill.
3460 4948 3517 5003 In
3547 4950 3676 5004 edit.

484 4974 513 5007 ν

585 4950 785 5027 ωπίνου
823 4950 1208 5027 συγκρίματος.

519 4972 785 5073 agonum
823 4972 1208 5027 σύγκριμα-τος.

519 5027 534 5090 (
576 5022 629 5088 υ)
677 5021 899 5089 Κριτὴν
926 5037 1043 5090 τως
1066 5018 1325 5090 πάντων.
1360 5016 1435 5069 lta
1477 5015 1608 5085 Reg.
1636 5026 1710 5090 _et
1743 5016 1835 5073 0r.
1863 5018 1918 5073 2.
1951 5017 2009 5090 ln

445 5083 579 5147 edit.
613 5083 736 5143 ’τῶν
781 5083 953 5144 deest.
1010 5087 1193 5141 Refert
1232 5084 1467 5157 Montae.
1502 5083 1586 5157 ei
1636 5083 1768 5157 Reg.
1819 5086 2011 5157 κριτὴν

447 5161 684 5221 πάντων,
721 5157 889 5211 ὅντων
922 5157 1183 5227 ἀρχηγόν.
1214 5156 1284 5227 At
1314 5156 1367 5207 in
1383 5153 1664 5227 _Met_lic_eo,
1698 5153 1875 5226 inquit
1906 5153 2013 5227 Mo-

450 5231 575 5291 rel.,
613 5228 821 5304 _l_egitu_r
865 5222 1090 5304 tanta—ni
1118 5224 1312 5304 κριτῂν
1339 5222 1446 5304 τῶν
1479 5224 1752 5304 ἁπάντων.
1774 5222 2009 5304 'ln_cod.

451 5312 579 5351 vero
613 5293 889 5364 θ’τῇηείεεὶ
918 5296 959 5355 1,
989 5293 1179 5364 κριτὴν
1211 5293 1316 5364 τῶν
1343 5293 1531 5364 ὄντων,
1561 5294 1650 5364 τὸν
1674 5295 1935 5363 ἀρχηγόν.

522 5364 633 5436 (21)
669 5366 795 5417 Ὀτι
823 5363 908 5436 μὴ
943 5357 1391 5436 συμϐαινόντων
1408 5358 1573 5429 ἡμῶν
1590 5357 1679 5427 οἷς
1702 5357 2011 5436 εξςρὀιλοξιςγι.

454 5431 644 5488 ΒίΙἸίιιὲ
692 5431 879 5500 :quod
934 5449 1051 5484 cum
1091 5431 1238 5483 nobis
1287 5446 1402 5482 cum
1460 5447 1639 5482 eorum
1680 5431 2012 5499 dogmatibus

449 5522 556 5558 non
586 5506 878 5561 conveniat,
910 5512 1069 5555 cretus
1104 5500 1325 5553 habendi
1352 5509 1656 5563 potestatem
1681 5501 1791 5555 illis
1818 5501 2015 5553 factam

451 5590 586 5634 esse,
623 5573 754 5625 nihil
792 5572 940 5624 aliud
981 5580 1056 5623 est
1087 5586 1245 5638 quam
1284 5583 1463 5622 eorum
1498 5569 1788 5623 doctrinam
1834 5580 2015 5623 nostra

456 5644 705 5697 veriorem
745 5644 1068 5695 existimare.
2022 5656 2027 5661 ·

2110 4950 2359 5004 Combef.
2396 4948 2569 5013 Quam
2612 4949 2897 5003 lectionem
2932 4957 3154 5003 secutus
3185 4958 3268 5003 est
3308 4948 3428 5005 Bill.
3460 4948 3517 5003 In
3547 4950 3676 5004 edit.

2112 5018 2433 5088 ἀμώμητος,
2466 5018 2761 5085 inculpata.

2186 5084 2719 5157 (2ι)’Κατιονχύσει.
2755 5086 2974 5157 Addunt
3004 5085 3170 5140 Coisl.
3194 5086 3265 5157 _l,
3284 5084 3440 5154 Reg.,
3468 5102 3677 5157 necnon

2118 5155 2350 5211 Mo‘ntac.
2383 5164 2436 5209 ct
2462 5156 2647 5209 Morel.
2687 5156 2995 5227 ἐρρωμένον
3027 5172 3085 5207 σε
3120 5155 3214 5207 καὶ
3247 5156 3679 5275 ὑπεὲτυχόμενον

2118 5225 2271 5275 ἠιιῶν
2307 5228 2334 5275 ὁ
2374 5226 2607 5275 Χριστὸς
2646 5227 2932 5275 γαοίσαιτο
2970 5226 3088 5275 ταῖς
3130 5224 3292 5275 αὑτοῦ
3336 5226 3348 5241 '
3397 5226 3679 5275 κκλησίαιε

2114 5225 2271 5295 ἡμῶν
2307 5228 2334 5277 6
2374 5226 2607 5295 Χριστὸς
2646 5224 3088 5295 χαρίσαιτοίταίς
3130 5224 3312 5295 αύτοῦγ
3336 5224 3679 5295 Exul-quiat;

2116 5293 2205 5347 τὸν
2234 5295 2409 5347 κοινὸν
2428 5293 2749 5363 προστάτην
2780 5293 2887 5363 τῶν
2914 5293 3266 5363 Ἐκκλῃσιῶν,
3296 5294 3607 5346 incolumem
3634 5305 3681 5347 te

2118 5380 2180 5416 ac
2200 5378 2292 5431 pro
2322 5360 2740 5417 nobis—orantem
2772 5362 3014 5415 Christus
3048 5360 3297 5415 Ecclesiis
3332 5363 3451 5431 suis
3477 5364 3679 5430 largia-

2120 5430 2208 5485 tur
2249 5450 2572 5486 communem
2625 5432 2980 5484 Ecclesiarum
3027 5430 3371 5497 defensorem.
3435 5430 3676 5483 Similem

2117 5504 2417 5556 clausulam
2464 5502 2740 5556 nonnullis
2782 5500 3077 5569 Gregorius
3123 5503 3377 5569 apposuit
3406 5501 3675 5568 epistolis,

2118 5588 2218 5625 nec
2270 5588 2389 5625 rara
2440 5582 2535 5641 est
2562 5570 2702 5641 apud
2736 5578 2958 5641 sanctos
2992 5568 3231 5641 Patres;
3280 5571 3417 5623 hanc
3469 5578 3673 5641 tatncn,

2118 5642 2289 5708 inquit
2311 5640 2538 5695 Combet'
2564 5680 2577 5703 ,
2599 5639 2712 5693 non
2735 5640 2893 5694 habet
2911 5640 3062 5692 Colb.
3082 5640 3369 5701 maximus,
3392 5653 3490 5694 nec
3517 5639 3676 5693 codd.

527 5711 637 5779 (22)
673 5708 1105 5779 'Emrpéaorrat
1128 5706 1333 5779 δόγμα.
1371 5706 1433 5779 In
1454 5707 1693 5763 oratione
1717 5708 1751 5762 2
1783 5708 2009 5761 verbum
2115 5706 2371 5765 exhilwut
2402 5713 2673 5763 tnezinres.

456 5778 630 5848 δόγμα
665 5779 838 5838 deest.
875 5794 971 5832 nec
1003 5778 1200 5848 legitur
1232 5778 1393 5830 etiam
1428 5778 1479 5848 in
1519 5779 1694 5831 tribus
1727 5779 2009 5832 codicibus

456 5797 549 5848 οογ
665 5797 838 5838 ueeSt,
875 5797 971 5832 nec
1005 5797 1200 5845 tegitur
1232 5797 1393 5830 etiam
1428 5797 1479 5829 In
1519 5797 1694 5831 trluus
1727 5797 1937 5831 contuli

456 5797 809 5914 Collizrtinis,
835 5862 1025 5918 nempe
1060 5848 1112 5900 in
1157 5845 1224 5901 iis
1264 5861 1381 5915 quae
1416 5847 1698 5917 signantur
1727 5848 1778 5910 3,
1805 5848 1858 5909 6,
1886 5848 1937 5901 9.

2190 5781 2299 5849 (23)
2331 5782 2475 5835 Alias
2510 5776 2735 5833 CXCVI.
2774 5777 2984 5846 Scripta
3016 5777 3204 5829 eodem
3240 5789 3406 5833 anno.

4692 2598 4765 2619 ..π’

4692 2642 4747 2673 νγ·

4692 2690 4735 2765 ξε

4690 2806 4735 2889 Ξ

4690 2908 4733 2959 ,ἑ

4692 2982 4731 3005 ζ

4690 3034 4741 3077 Γ

4692 3166 4699 3193 1

4688 3408 4725 3441 ἱ.-

4686 3546 4701 3583 Σ

4680 3654 4709 3701 ί.

4676 3714 4725 3727 ρ

4678 3750 4721 3769 ..θ’

4672 3786 4721 3865 Ξῖ

4668 3875 4727 3891 ενι

4664 3980 4727 3994 ,ν

4663 4034 4735 4109 ε

4658 4118 4733 4173 Γ]

4654 4180 4733 4277 <3
