4348 6480
349 362 449 419 545

810 481 931 535 Σηο.
983 482 1069 552 τᾳ
1107 483 1289 553 Αγτο
1328 482 1457 553 (85).

1699 368 2037 428 EPISTOLA
2079 370 2253 427 CCIX.

3518 374 3623 431 546

2489 486 2647 558 175
2679 486 2903 541 CCVIII.
2947 485 3175 540 EIDEM.

425 591 680 675 Quamvis
718 593 963 675 epistola.
1006 612 1126 675 quae
1165 598 1420 665 sequitur,
1460 597 1624 675 eidem
1669 600 1925 675 inscripta
1961 604 2054 666 sit,
2101 604 2190 675 vis;
2236 602 2431 675 adduci
2460 606 2657 672 possim
2698 614 2753 656 ut
2791 602 3000 656 credam
3042 602 3275 675 geminas
3323 602 3478 675 hasce
3510 605 3622 669 epis

352 664 517 740 stolas
556 666 645 715 uni
674 665 900 740 scriptas
930 662 1151 740 (ambo,
1174 662 1421 740 quarum,
1460 668 1579 722 licet
1612 669 1801 740 (eadem
1832 662 1896 724 de
1945 662 2109 727 causa
2143 674 2250 727 sint
2286 662 2521 740 scripta',
2556 684 2744 727 neutra
2797 682 2969 726 tamen
3036 662 3111 737 ab,
3151 671 3321 725 altera
3359 662 3621 725 ullatenus

352 731 683 814 pendentnec
713 733 827 785 ulla
860 733 957 814 .sui
1000 731 1303 814 parte_cum
1342 738 1511 791 altera
1533 739 1783 814 cohteret.
1815 740 2150 814 Quapropter
2184 731 2530 797 libentissime
2570 743 2869 797 doctissimi
2895 731 3224 814 ATillemontii
3266 744 3621 810 conjecturam

354 803 741 880 amplectimur,
781 804 871 880 qui
909 820 1013 858 non
1044 806 1113 857 ad
1141 804 1428 871 Iacobum,
1453 808 1543 861 sed
1586 809 1655 862 ad
1694 810 1808 879 ejus
1837 803 2172 880 prtufecturte
2200 814 2402 867 socium
2441 821 2491 866 et
2525 829 2841 867 assessorem
2882 812 3016 865 hanc
3050 810 3273 863 alteram
3302 803 3482 865 datam
3514 826 3626 867 esse

351 870 627 939 epistolam
656 870 946 925 existimat.

442 983 603 1053 Ἀκοῇ
636 985 734 1053 μὲν
778 983 1034 1052 γινώσκω
1058 986 1160 1056 τὴν
1204 987 1303 1059 σὴν
1327 988 1636 1061 τιμιότητα.
1666 990 1944 1062 Θαυμάζω
1974 1002 2020 1058 Α
2116 993 2159 1047 Α

1905 1012 1944 1046 ω
1974 1002 2020 1058 Α
2116 993 2414 1048 Auditione
2437 992 2660 1063 quidem
2689 1006 2753 1047 ac
2784 991 2924 1045 fama
2952 989 3218 1045 duntaxat
3244 988 3622 1044 excellentiam

355 1073 411 1127 δὲ
429 1076 506 1136 εἰς
542 1075 667 1127 ὅσον
721 1075 891 1143 ὀλίγοι
928 1075 1040 1147 (86)
1075 1078 1185 1130 τῶν
1222 1079 1317 1132 ἐπὶ
1364 1080 1616 1135 πλεῖστον
1659 1082 1939 1155 ὡμιληκό-

354 1183 463 1218 των
488 1181 502 1195 ⁸
532 1165 788 1230 τοσοῦτος
815 1167 967 1239 παρὰ
999 1171 1134 1222 πᾶσι
1177 1170 1277 1241 τῆς
1318 1172 1419 1242 σῆς
1462 1173 1867 1243 καλοκαγαθίας
1912 1179 1940 1229 6

354 1255 511 1323 λόγος
560 1256 691 1326 (87).
736 1256 837 1311 Διὰ
879 1256 1038 1311 τοῦτο
1072 1260 1166 1313 καὶ
1214 1261 1375 1325 αὐτὸς
1418 1262 1622 1335 ταύτην
1662 1264 1940 1337 ἐθάρρησα

353 1344 455 1416 τὴν
489 1347 807 1418 πρεσϐείαν.
872 1349 1163 1405 ’Δπέλιπεν
1218 1354 1367 1424 ἡμᾶς
1396 1355 1425 1406 6
1469 1352 1778 1426 θαυμαστὸς
1827 1357 1939 1427 (88)

370 1436 643 1502 ’Δλύπιος,
684 1439 714 1490 6
756 1440 932 1503 κοινὸς
953 1441 1063 1495 τῶν
1106 1442 1273 1510 φίλων
1309 1444 1423 1515 (89)
1464 1446 1794 1516 προστάτης,
1847 1448 1941 1499 καὶ

354 1525 467 1579 τῶν
504 1526 757 1597 ὀρφανῶν
790 1529 1065 1601 κηδεμών.
1107 1532 1181 1586 Οὐ
1218 1534 1417 1605 μικρὸν
1444 1535 1603 1588 τοῦτο
1635 1536 1768 1607 ἡμῖν
1805 1535 1942 1607 πρὸς

359 1620 648 1689 συμφοράν
697 1620 837 1693 (90).
894 1621 1157 1693 Δεύτερον
1199 1624 1560 1696 προσεγένετο
1601 1626 1663 1678 τὸ
1710 1626 1805 1678 καὶ
1844 1625 1941 1695 τὴν

356 1711 743 1782 κοσμιωτάτην
775 1712 1066 1785 ἐλευθέραν
1098 1714 1211 1785 (91)
1257 1714 1421 1769 αὐτοῦ
1464 1715 1771 1787 φροντίζειν
1802 1715 1942 1787 ὑπὲρ

354 1799 467 1852 τῶν
509 1801 782 1871 ὀρφανῶν.
832 1803 1050 1875 Ταύτην
1082 1804 1477 1875 παραμύθησαι
1512 1808 1580 1875 τῇ
1611 1804 1706 1860 νῦν
1750 1805 1940 1874 φιλαν-

356 1888 596 1962 θρωπίᾳ,
639 1893 734 1946 καὶ
778 1893 841 1946 τὸ
875 1894 1116 1963 ἀσφαλὲς
1160 1898 1272 1957 τοῖς
1306 1898 1419 1959 σοῖς
1460 1895 1673 1959 τέκνοις
1722 1897 1943 1967 χάρισαι

354 1980 445 2034 διὰ
471 1983 570 2052 τῆς
603 1985 683 2047 εις
720 1984 847 2048 τοὺς
878 1986 1149 2057 ὀρφανοὺς
1179 1986 1443 2054 εὐποιίας,
1468 1988 1562 2041 καὶ
1589 1988 1758 2054 δεῖξον
1785 1988 1943 2042 πλέον

355 2072 586 2142 ἔχουσαν
630 2076 741 2130 τῶν
784 2078 949 2144 ξένων
1001 2080 1102 2151 τὴν
1146 2082 1477 2153 οἰκειότητα.
1536 2081 1843 2153 Προσέσται
1886 2082 1943 2135 δὲ

356 2166 453 2218 καὶ
492 2167 554 2219 τὸ
594 2170 726 2241 ἡμῖν
757 2172 1112 2242 χαρίσασθαι,
1143 2173 1237 2238 οὒς
1277 2175 1306 2227 ὅ
1331 2192 1383 2227 τι
1414 2176 1481 2228 ἂν
1508 2176 1770 2246 τιμήσῃς,
1811 2176 1943 2229 Θεὸν

355 2256 453 2329 ἔσῃ
486 2262 818 2333 τετιμηκὼς,
855 2257 1025 2337 οὗπερ
1066 2267 1227 2335 ἡμεῖς
1274 2266 1558 2337 ὴξιώμεθα
1590 2262 1729 2319 εἶναι
1771 2285 1945 2339 παρα-

359 2352 550 2405 στάται
576 2355 671 2408 καὶ
696 2355 1021 2429 λειτουργοὶ,
1054 2357 1149 2411 καὶ
1181 2360 1230 2412 εἰ
1257 2360 1357 2430 τῆς
1384 2360 1543 2426 ἀξίας
1570 2359 1872 2423 ἐλάττονες.

2049 1096 2196 1140 tuam
2252 1085 2529 1155 cognitam
2596 1084 2795 1138 habeo.
2854 1080 3021 1136 Miror
3076 1091 3259 1135 autem
3317 1080 3465 1149 quod
3514 1087 3626 1134 tam

2048 1175 2209 1247 pauci
2240 1191 2304 1229 ex
2343 1174 2433 1241 iis,
2462 1173 2556 1244 qui
2584 1172 2903 1227 diuturnam
2949 1177 3129 1224 tecum
3172 1164 3623 1223 consuetudinem

2048 1267 2380 1330 habuerunt,
2399 1280 2518 1320 eam
2544 1269 2899 1334 cognoscant.
2921 1260 3099 1315 Tanto
3112 1258 3363 1313 videlicet
3379 1257 3625 1311 omnium

2048 1373 2302 1415 sermone
2333 1357 2579 1427 probitas
2610 1363 2701 1408 tua
2741 1353 3094 1425 praedicatur.
3130 1349 3259 1404 Eam
3291 1349 3362 1403 ob
3401 1362 3625 1402 causam

2049 1454 2167 1524 ipse
2201 1464 2425 1522 quoque
2452 1449 2556 1502 hoc
2590 1445 2998 1515 deprecationis
3027 1456 3228 1497 munus
3260 1438 3403 1493 ﬁdeli
3440 1438 3628 1491 animo

2049 1538 2287 1607 suscepi.
2337 1536 2580 1606 Reliquit
2628 1549 2734 1589 nos
2775 1532 3136 1588 admirandus
3174 1528 3423 1601 Alypius,
3468 1542 3625 1581 como

2048 1630 2233 1684 munis
2268 1622 2569 1682 amicorum
2602 1626 2691 1680 ille
2720 1631 3010 1695 patronus,
3056 1638 3120 1678 ac
3162 1621 3493 1692 pupillorum
3528 1634 3628 1673 cu-

2049 1727 2222 1774 rator.
2260 1716 2374 1771 Hoc
2402 1716 2560 1771 nobis
2584 1715 2726 1769 haud
2755 1730 2937 1784 parva:
2966 1714 3259 1769 calamitati
3290 1719 3392 1768 est.
3425 1709 3631 1767 Deinde

2050 1809 2186 1865 illud
2219 1808 2475 1871 accessit,
2518 1806 2667 1877 quod
2708 1805 3064 1861 ornatissima
3101 1805 3250 1859 illius
3303 1802 3487 1866 vidua,
3528 1817 3629 1872 puc

2049 1903 2306 1973 pillorum
2356 1916 2550 1963 causa,
2580 1900 2635 1953 in
2665 1914 2798 1954 cura
2850 1906 2904 1953 et
2947 1896 3325 1953 sollicitudine
3357 1901 3627 1950 versatur.

2054 1991 2206 2047 Hanc
2256 1999 2337 2057 tu,
2368 2005 2577 2060 quasso,
2631 2006 2728 2059 per
2754 1995 3079 2060 praesentem
3125 1987 3520 2040 humanitatem
3565 1996 3629 2038 ac

2052 2083 2493 2140 misericordiam
2525 2082 2837 2145 consolare,
2866 2082 3083 2149 tuisque
3116 2078 3327 2140 liberis,
3352 2091 3449 2145 per
3481 2081 3631 2128 tuam

2050 2192 2182 2248 erga
2229 2176 2469 2247 pupillos
2526 2174 2944 2243 benignitatem,
2996 2169 3349 2224 securitatem
3416 2164 3629 2237 praebe,

2051 2277 2217 2339 atque
2272 2268 2405 2323 illud
2455 2264 2712 2331 ostende,
2775 2262 2991 2319 meliori
3045 2260 3362 2316 conditione
3412 2257 3633 2328 propiu-

1980 2360 2022 2414 B
2051 2376 2212 2432 quos,
2246 2375 2408 2430 quam
2451 2360 2664 2413 alienos
2692 2371 2839 2412 esse.
2869 2353 3110 2408 Accedet
3155 2352 3243 2406 hic
3272 2364 3489 2421 quoque
3534 2362 3629 2403 cu.

356 2444 563 2508 mulus,
597 2448 744 2515 quod
782 2449 886 2504 hac
928 2450 1144 2505 ratione
1177 2452 1411 2521 gratiam
1447 2467 1477 2507 a
1509 2452 1668 2507 nobis
1706 2452 1950 2507 initurus
1995 2470 2078 2518 es,
2115 2454 2171 2508 in
2206 2469 2347 2523 quos
2379 2451 2650 2524 quidquid
2682 2448 2913 2503 honoris
2980 2446 3302 2509 contuleris,
3375 2444 3429 2498 in
3465 2443 3634 2497 Deum

356 2532 661 2588 collaturus
690 2550 781 2598 es;
816 2536 977 2605 cujus
1013 2537 1281 2596 beneﬁcio
1343 2540 1399 2596 id
1463 2545 1748 2599 consecuti
1794 2559 2014 2611 sumus,
2058 2552 2118 2599 ut
2172 2556 2419 2601 astemus
2473 2559 2539 2599 ac
2594 2542 2998 2599 ministretnus,
3050 2536 3157 2592 etsi
3205 2533 3341 2590 tanti
3391 2531 3636 2588 muneris

356 2622 621 2694 dignitate
644 2624 937 2682 inici-iores
970 2628 1169 2685 simus.

831 2760 949 2814 Σθο.
990 2763 1291 2819 KAETOPI
1335 2765 1471 2836 (92).

2565 2759 2749 2817 CCIX.
2793 2755 3089 2814 CASTORI

430 2871 691 2948 Sacerdos
726 2890 784 2928 re
814 2884 865 2928 et
900 2876 1135 2948 nomine,
1165 2878 1248 2931 vir
1277 2879 1379 2947 fuit
1406 2879 1655 2943 eximius,
1687 2879 1893 2933 Basilio
1922 2890 1970 2933 et
2000 2876 2252 2948 Gregorio
2281 2894 2375 2948 pro
2404 2877 2599 2946 pietate
2628 2874 2994 2948 cltarissimus,
3034 2871 3291 2948 patientia
3302 2942 3311 2948 _
3323 2870 3377 2948 in
3409 2869 3635 2938 ferendis

358 2942 627 3017 laboribus
673 2961 755 3017 ac_
780 2946 1253 3017 persecutionibus,
1277 2940 1531 3017 'aliisque
1564 2940 1847 3003 uirtutibus
1890 2940 2248 3002 clarissimus.
2281 2940 2497 3000 'Pauca
2543 2948 2660 3017 jam
2710 2944 2773 2996 de
2810 2960 2872 3017 eo
2902 2960 2934 2995 a
2961 2940 3440 3017 nobis__pra'liltata
3473 2952 3634 3017 “sunt.

356 3014 515 3087 plura
539 3015 708 3087 etiam
735 3009 820 3067 hic
847 3014 1183 3087 adderentus,
1216 3009 1321 3070 nisi
1345 3009 1477 3071 satis
1508 3020 1773 3072 videretur
1793 3034 1857 3072 ea:
1888 3020 2019 3086 ipsis
2051 3019 2285 3087 fontibus
2316 3009 2558 3087 haurire,
2574 3015 2626 3067 id
2644 3024 2827 3087 est,e.t:_
2842 3013 2975 3087 ipso
2997 3027 3085 3064 ore
3114 3009 3353 3087 CregOrii
3376 3011 3564 3063 audire
3586 3017 3640 3087 in

356 3082 618 3154 epistolis,
654 3100 786 3151 quas
828 3085 903 3137 vel
939 3084 1008 3137 ad
1058 3083 1423 3151 Sacerdotem,
1472 3088 1548 3141 vel
1595 3082 2104 3143 Sacerdotis'cuusa
2138 3088 2372 3154 scripsit.
2417 3086 2550 3149 Quis
2599 3084 2737 3137 enim
2786 3083 2879 3135 ille
2937 3082 3218 3154 Sacerdos.
3268 3096 3385 3149 qna:
3419 3084 3640 3154 negotia

359 3152 584 3226 fuerint,
620 3150 752 3226 qua
790 3154 1095 3217 calumniw,
1147 3157 1336 3225 quibus
1382 3150 1496 3225 ejus
1541 3160 1844 3212 constantia
1881 3158 2106 3225 probata
2162 3150 2294 3226 fuit,
2336 3155 2575 3224 epistola:
2637 3154 2770 3226 satis
2817 3160 3095 3226 exponent.
3146 3150 3371 3226 Ideoque
3408 3150 3492 3226 [uc
3547 3167 3638 3226 eos

360 3219 517 3274 simul
547 3219 806 3298 collocare
833 3226 1010 3298 visunt
1034 3233 1134 3298 est,
1159 3219 1543 3282 maxime'vero
1585 3230 1713 3298 quia
1751 3219 2002 3283 extremis
2040 3219 2172 3280 vita!
2204 3219 2445 3296 Gregorii
2481 3223 2802 3294 temporibus
2850 3238 3014 3275 causa
3052 3219 3358 3275 Sacerdotis
3392 3219 3494 3286 [uit
3526 3222 3639 3290 agi-

361 3300 473 3344 tata
504 3302 555 3344 et
580 3293 747 3361 ipsius
778 3303 947 3347 morte
974 3294 1150 3362 ﬁnita.

443 3424 531 3486 Ὠς
564 3426 887 3495 τυραννικὸς
924 3420 975 3478 εἷ
1007 3428 1102 3480 καὶ
1137 3426 1341 3497 βίαιοςι
1389 3427 1631 3499 Γράμμα
1668 3427 1759 3481 σὺν
1788 3426 1947 3498 ὤφθη

366 3516 546 3586 μόνον,
578 3519 673 3571 καὶ
708 3521 870 3589 ἡμεῖς
897 3519 1324 3591 ὑπερώφθημεν.
1366 3520 1507 3573 Ἀλλ’
1547 3520 1657 3573 ἰδού
1689 3538 1770 3574 σοι
1798 3520 1892 3573 καὶ
1920 3522 1949 3573 6

363 3607 630 3673 πολύτλας
665 3610 775 3681 (95)
804 3610 1112 3685 Σακερδὼς,
1150 3611 1178 3663 6
1203 3611 1295 3674 σὸς
1325 3611 1426 3682 μὲν
1464 3611 1711 3679 ἀδελφὸς,
1740 3611 1853 3673 υἱὸς
1892 3610 1948 3663 δὲ

361 3699 516 3767 ἐμὸς,
559 3703 654 3753 καὶ
698 3702 807 3755 τῶν
839 3701 1031 3756 παθῶν
1070 3703 1345 3766 κοινωνός.
1385 3704 1504 3757 Ἵνα
1541 3703 1601 3757 δὲ
1641 3705 1719 3775 μὴ
1753 3719 1949 3756 παντε-

2129 3423 2303 3490 Quam
2339 3423 2665 3496 tyrannicus
2704 3439 2769 3480 ac
2814 3424 3090 3481 violentus
3140 3426 3234 3481 es!
3281 3423 3499 3479 Litterae
3538 3434 3644 3477 tute

2055 3515 2439 3570 tantummodo
2487 3523 2802 3586 conspectae
2835 3524 2985 3582 sunt,
3039 3524 3094 3572 et
3143 3532 3245 3571 nos
3289 3516 3345 3570 in
3394 3525 3642 3569 contem-

2056 3612 2209 3675 ptum
2245 3604 2519 3660 venimus.
2554 3605 2624 3659 At
2650 3621 2720 3659 en
2753 3605 2850 3660 tibi
2880 3606 2967 3660 vir
3005 3607 3178 3660 multa
3211 3621 3409 3675 passus
3451 3603 3647 3659 Sacer-

2055 3700 2178 3766 dos,
2208 3708 2341 3754 tuus
2368 3699 2591 3769 quidem
2617 3698 2811 3765 lrater,
2854 3715 3011 3755 meus
3040 3707 3223 3753 autem
3257 3699 3423 3760 ﬁlius,
3466 3706 3519 3750 et
3553 3712 3647 3750 ca-

362 3786 471 3848 λῶς
514 3786 625 3858 (94)
676 3788 1020 3860 ἡττηθῶμεν,
1060 3791 1251 3844 τοῦτον
1299 3791 1535 3861 τάχιστα
1573 3794 1708 3863 ἡμῖν
1754 3793 1952 3856 ἀπόδος
1980 3786 2023 3810 ν
2060 3790 2077 3845 I

1929 3811 1952 3856 ς
1980 3786 2023 3810 ν
2060 3789 2368 3845 Iamitatum
2418 3790 2608 3847 socius
2652 3805 2717 3845 ac
2752 3790 3052 3861 particeps.
3087 3789 3263 3843 Porro
3311 3804 3379 3842 ne
3420 3800 3646 3858 prorsus

362 3876 463 3947 τὴν
483 3878 577 3931 τοῦ
612 3879 727 3949 βίου
765 3881 1141 3952 παραμυθίαν,
1174 3882 1486 3951 φιλοσοφεῖν
1511 3884 1608 3938 καὶ
1638 3883 1952 3955 διδαχθησὸ-

369 3985 548 4037 μενον,
586 3972 679 4023 καὶ
720 3971 1021 4038 διδάξοντα.
1076 3972 1350 4041 Μέγιστον
1395 3972 1507 4044 γὰρ
1556 3974 1637 4036 εἰς
1685 3972 1784 4044 μὲν
1827 3973 1955 4043 ὀμό-

364 4076 514 4114 νοιαν
540 4060 653 4131 (95)
677 4062 737 4115 τὸ
769 4064 1136 4134 συμπάσχειν,
1156 4063 1307 4127 ειςδὲ
1329 4063 1688 4135 συμὸουλὴνή
1708 4065 1950 4135 ὁμόνοια.

2061 3890 2227 3954 atque
2271 3884 2428 3939 omni
2467 3899 2535 3939 ex
2570 3890 2726 3955 parte
2764 3897 3114 3953 superemur,
3152 3880 3239 3934 lac
3280 3894 3442 3950 quam
3473 3878 3647 3933 celer-

2061 3980 2200 4033 rime
2242 3977 2390 4032 hunc
2419 3977 2604 4041 nobis,
2637 3977 2765 4031 vitae
2802 3974 3084 4039 solatium,
3122 3973 3347 4037 reddas,
3386 3978 3441 4024 ut
3476 3968 3650 4040 philo.

2062 4069 2284 4139 sophari
2318 4069 2516 4139 possit,
2549 4077 2665 4122 tum
2699 4065 3038 4129 edocendus,
3078 4065 3240 4135 176
3262 4075 3375 4118 tum
3418 4061 3650 4117 edouuo

367 4167 485 4214 rus.
540 4150 818 4222 Siquidem
871 4161 931 4207 ut
970 4153 1040 4209 ad
1092 4154 1444 4209 concordiam
1496 4155 1779 4226 permagni
1820 4158 2085 4212 momenti
2151 4167 2237 4216 est
2303 4160 2513 4215 doloris
2585 4158 2827 4215 societas
2870 4176 2883 4212 :
2934 4156 3015 4212 sic
3057 4156 3126 4210 ad
3184 4154 3477 4210 consilium
3530 4149 3649 4202 ani-

367 4259 583 4300 morum
607 4246 904 4300 consensio
931 4252 987 4300 et
1017 4246 1338 4301 concordia.

440 4426 722 4550 (I885)SAlias
741 4424 995 4483 CXLVII.
1023 4425 1241 4497 Scripta
1260 4426 1451 4484 eodem
1474 4434 1717 4497 tempore
1739 4442 1803 4481 ac
1826 4443 1960 4498 prm-

514 4513 544 4548 11
584 4536 596 4549 .

374 4510 596 4551 ccuens.

446 4566 569 4637 (86)
592 4564 878 4637 θαυμάζω
909 4567 978 4620 δὲ
998 4570 1083 4633 εις
1112 4566 1265 4620 ὅσον
1296 4566 1507 4637 ὀλίγοι.
1526 4565 1607 4637 Ita
1639 4565 1765 4621 cod.
1796 4567 1956 4637 Reg,

369 4635 524 4699 Pan,
558 4636 792 4707 Montae.
821 4646 875 4691 et
910 4638 1096 4692 Morel.
1133 4637 1400 4707 θαυμάζω
1429 4636 1486 4707 δὲ.
1519 4636 1641 4707 ᾆσον
1673 4635 1956 4707 ὀλίγοι.]ιι

370 4708 503 4762 edit.
553 4706 818 4776 θαυμάζω
846 4708 903 4760 δὲ
949 4710 1072 4761 ὅσον
1109 4705 1308 4775 ὀλίγος,
1341 4705 1489 4775 quod
1530 4705 1678 4761 BiII.:
1729 4705 1957 4776 Tantum

373 4790 549 4829 autem
581 4774 695 4830 eam
728 4778 957 4845 suspicio
1006 4787 1160 4846 atque
1192 4774 1474 4846 admiror,
1500 4787 1756 4845 quantum
1802 4774 1962 4844 pauci

371 4862 436 4901 ea:
461 4847 527 4899 iis
549 4848 638 4913 qui
662 4844 971 4900 diuturnam
995 4844 1161 4902 tecum
1189 4844 1616 4900 consuetudinem
1640 4847 1954 4901 Itubuerunt.

445 4916 558 4984 (87)
600 4918 653 4968 '0
685 4917 888 4985 λόγος.
913 4917 986 4970 lta
1021 4918 1144 4971 cod.
1170 4918 1323 4986 lteg.,
1356 4916 1615 4982 Moutac.,
1652 4916 1841 4975 Morel.
1892 4932 1956 4972 ac

373 4985 625 5043 Combcl.
663 4986 720 5039 In
744 4989 871 5040 edit.
909 4988 938 5037 ὁ
969 4988 1142 5041 deest.

447 5055 559 5126 (88)
598 5057 661 5108 '0
692 5058 1056 5125 θαυμαστός.
1086 5056 1165 5111 Ita
1190 5055 1313 5111 cod.
1344 5055 1475 5126 Reg.
1517 5069 1582 5110 ac
1609 5055 1859 5112 Cmmbcl‘.
1900 5057 1956 5112 In

376 5126 511 5181 edit.
543 5125 867 5193 Θαυμάσιος.

448 5196 562 5264 (89)
608 5192 729 5249 Τῶν
753 5196 967 5263 φίλων.
1002 5195 1097 5250 Iid.
1133 5197 1293 5251 codd.
1330 5198 1424 5250 ita.
1459 5192 1514 5247 In
1550 5195 1683 5250 edit.
1736 5196 1844 5249 τῶν
1876 5215 1958 5265 φι-

376 5266 640 5334 λοσόφων,
671 5266 1099 5333 philosophorum
1127 5278 1405 5335 patronus,
1430 5266 1639 5320 scilicet
1670 5270 1962 5321 monacho-

380 5349 501 5407 rum
537 5344 591 5388 et
616 5345 962 5407 uses-tarum;
994 5353 1088 5391 eos
1111 5341 1256 5391 enim
1288 5351 1680 5406 nonnunquam
1719 5338 1961 5407 philoso-

382 5406 613 5475 phorum
651 5407 871 5461 nomine
903 5406 1152 5477 designat
1181 5407 1499 5477 Gregorius.

454 5478 568 5545 (90)
610 5477 763 5544 Πρὸς
794 5474 1133 5545 συμφοράν.
1175 5479 1249 5529 Ita
1294 5474 1417 5531 cod.
1452 5474 1584 5545 Reg.
1626 5474 1683 5529 In
1714 5478 1846 5531 edit.
1886 5479 1964 5537 εἰς

382 5548 689 5618 συμφοράν.
728 5546 834 5600 I‘ro
862 5548 1169 5617 συμφοράν,
1211 5548 1396 5618 Icguut
1424 5546 1659 5601 Montac.
1688 5554 1744 5601 et
1776 5547 1963 5602 Morel.

384 5618 721 5683 συμξρωνίαν.

456 5689 565 5753 (91)
593 5685 1015 5755 Κςσμιωτάτην
1041 5686 1382 5753 ἐλευθέραν.
1410 5685 1484 5739 Ita
1503 5687 1622 5740 cod.
1651 5686 1797 5747 Pun,
1818 5689 1965 5740 Illon-

385 5761 520 5819 ως..
551 5759 740 5812 Morel.
776 5774 837 5811 ac
868 5757 1142 5818 Coutbcl‘n
1172 5758 1289 5828 ipso
1318 5758 1480 5813 etiam
1508 5757 1627 5812 Bill.
1652 5758 1852 5813 lnctlit.
1885 5775 1964 5812 κο·

2062 4429 2267 4499 σμικὴν
2312 4429 2625 4501 ἐλευθέραν.
2676 4428 2851 4484 Vertit
2904 4428 3065 4484 Biil.:
3099 4428 3442 4481 ornatissima
3486 4441 3645 4480 uxor.

2060 4498 2346 4570 Combclg
2377 4502 2602 4570 ingenua
2637 4500 2853 4570 femina.
2891 4502 3080 4555 Melius
3107 4499 3265 4570 forte,
3295 4497 3640 4570 ornatissima

2062 4569 2244 4623 vidua.
2278 4569 2412 4624 Dum
2435 4567 2585 4624 enim
2613 4586 2732 4623 eam
2763 4568 3059 4640 Gregorius
3088 4567 3380 4640 ἐλευθέραν
3408 4567 3564 4640 dicit,
3590 4572 3649 4617 ut

2063 4640 2281 4693 viduam
2308 4640 2569 4700 nominet,
2624 4636 2903 4695 attendere
2927 4640 3143 4694 videtur
3170 4639 3239 4691 ad
3288 4636 3419 4690 illud
3450 4638 3642 4704 Apost.

2062 4707 2082 4784 ι
2118 4711 2263 4784 σοις.Δ
2302 4725 2396 4784 vn,
2438 4711 2493 4784 ξ,
2532 4710 2657 4784 Ἐὰν
2697 4711 2764 4784 δὲ
2803 4711 3116 4784 ἀποθάνῃ-ὁ
3171 4707 3333 4784 ἀνὴρ,
3389 4706 3648 4784 ἐλευθέρα

2061 4780 2210 4832 ἐστὶν
2242 4780 2348 4832 ἀπὸ
2376 4780 2470 4833 τοῦ
2504 4780 2689 4850 νόμου.
2726 4779 2797 4833 Ea
2850 4780 2950 4832 fuit
2980 4779 3313 4850 Ttllentontii
3354 4779 3643 4830 sententia.

2098 4850 2246 4972 Ἰ(θῇ
2281 4851 2431 4905 Alias
2462 4849 2644 4905 XCIII.
2696 4850 2910 4920 Scripta
2958 4849 3151 4904 iisdem
3186 4849 3405 4903 circiter
3436 4856 3645 4913 ιυιιψυ-

2098 4935 2111 4971 l
2157 4935 2239 4972 us.

2065 4933 2239 4972 l'lDllS.

2134 4991 2245 5060 (93)
2267 4990 2377 5043 Kal
2405 4992 2782 5056 ὀπολύτλας.
2806 4992 2881 5045 Ila
2910 4991 3031 5045 cod.
3060 4990 3214 5059 εἶρε..
3246 4988 3459 5042 Montac
3489 5026 3501 5047 ,
3536 4984 3649 5036 Mu-

2062 5062 2159 5113 rel.
2198 5076 2261 5115 ac
2286 5060 2558 5127 Combci.,
2594 5063 2840 5131 hancque
2873 5063 3156 5115 lectionem
3178 5061 3501 5131 continuant
3524 5072 3643 5131 qut}:

2060 5132 2490 5212 sequutitur.r._ln
2547 5125 2679 5186 edit.
2736 5125 2768 5185 6
2816 5131 3133 5203 πολύτιμος,
3187 5129 3329 5198 quod
3379 5125 3523 5179 Btll.:
3573 5126 3648 5178 εἰν

2060 5204 2253 5253 summi
2282 5204 2455 5267 pretii.

2135 5271 2250 5342 (94)
2282 5264 2380 5338 Μὴ
2415 5272 2745 5337 παντελῶς.
2798 5271 3071 5327 Combt-l.:
3127 5273 3205 5323 Ne
3244 5281 3460 5342 prorsus
3512 5264 3650 5342 [orte

2064 5336 2241 5414 simus
2283 5336 2551 5414 impares.
2587 5336 2735 5414 Mos1
2782 5344 2969 5395 τοῦτον
3006 5342 3259 5414 τάχιστα.
3302 5336 3387 5414 Ita
3437 5336 3651 5414 COtLHt'Ii

2062 5411 2314 5465 Combel‘.
2358 5404 2418 5465 In
2469 5413 2600 5467 edit.
2646 5411 2836 5465 τοῦτον
2867 5414 3038 5466 deest.
3079 5404 3241 5462 llum:
3301 5409 3476 5459 locum
3526 5404 3647 5461 Bill.

2067 5481 2247 5535 reddit
2274 5502 2286 5535 :
2327 5484 2499 5547 Quam
2529 5482 2799 5536 celerrime
2830 5484 2976 5535 nobis
3008 5484 3125 5535 vita:
3159 5479 3411 5531 solatium
3434 5474 3648 5538 reddas,

2074 5552 2456 5619 philosophari,
2488 5564 2596 5605 tum
2628 5552 2968 5614 edocendum,
3008 5566 3115 5605 tum
3153 5550 3483 5619 educturum.

2148 5614 2387 5690 (95"511,‘
2416 5614 2533 5691 μὲν
2580 5625 2885 5693 ὁμόνοιαν.
2925 5622 2996 5676 Ita
3028 5621 3149 5676 cod.
3194 5619 3257 5673 It.
3312 5627 3366 5673 ct
3402 5614 3649 5672 Coutbcl.

2078 5690 2130 5745 Iu
2158 5694 2282 5748 edit.
2335 5690 2430 5763 μέν
2462 5690 2634 5749 deest.
