4348 6480
382 427 477 484 561
1693 422 2027 479 EPISTOLA
2072 423 2323 480 CCXXII.

770 558 940 613 xxiv.
994 554 1389 627 υΜΟΦΡΟΝΙῼ
1431 556 1561 627 (ss).

3527 440 3634 494 362

2457 558 2684 619 CCXXI.
2730 561 3243 620 HOMOPIiIlONIO.

457 699 571 753 Has
605 700 809 754 litteras
835 717 895 755 eo
929 708 1158 768 tempore
1186 699 1366 763 datas,
1398 715 1501 767 quo
1534 699 1795 755 Sacerdos
1824 700 2133 763 uexabatur,
2170 702 2250 752 his
2277 700 2515 767 epistola?
2544 700 2708 754 verbis
2735 710 2913 768 patet:
2948 700 3128 755 Suade
3162 703 3484 756 charissima
3526 704 3638 756 lilio

383 780 573 825 nostro
604 769 886 829 Sacerdoti
930 786 998 824 ne
1036 769 1375 837 despondeat
1404 769 1667 829 animum,
1698 780 1805 823 etc.
1844 770 2058 836 Scripta
2094 778 2271 823 autem
2300 770 2523 836 epistola
2563 768 2975 836 IIomophronio,
3018 775 3105 839 qui
3140 772 3274 837 forte
3302 788 3434 823 unus
3465 788 3490 824 ρ
3518 774 3635 839 μνὶη

382 840 613 892 nitoribus
638 840 1028 908 ptocliotrophii
1057 839 1205 892 illius
1231 839 1564 893 administris
1597 850 1735 903 erat,
1763 838 2177 909 Cregoriumque
2209 840 2278 892 ad
2310 841 2434 908 festi
2466 838 2743 907 cujusdam
2768 843 2819 894 iu
2842 860 2900 895 eo
2930 838 3043 894 loco
3070 840 3365 895 celebrandi
3395 838 3636 896 lii-tilium

380 911 660 964 iuvitarat.

463 1024 586 1079 Ἐπὶ
626 1025 725 1097 τὴν
767 1024 983 1079 σύνοδον
1015 1026 1165 1096 ἡμᾶς
1202 1023 1418 1087 καλεῖς·
1466 1019 1577 1090 ἐγὼ
1613 1020 1669 1072 δὲ
1710 1018 1962 1089 ηὐχόμην
1991 1018 2034 1073 Α
2133 1012 2175 1065 Α

1917 1033 1962 1086 κν
1991 1018 2034 1073 Α
2133 1012 2215 1066 Ad
2260 1012 2529 1083 synodum
2587 1028 2690 1067 nos
2736 1027 2898 1067 vocas
2927 1029 2941 1065 :
2974 1015 3225 1083 equidem
3282 1027 3527 1089 optarem
3564 1022 3634 1074 ita

376 1115 552 1179 οὕτως
583 1116 726 1186 ἔχειν
760 1115 853 1168 τοῦ
905 1114 1178 1186 σώματος,
1229 1112 1369 1167 ὥστε
1405 1112 1658 1183 παρεῖναι
1694 1112 1823 1181 ύμῖν
1863 1109 1959 1162 καὶ

378 1206 709 1275 αὐτόκλητος
745 1205 877 1275 (89),
916 1206 1004 1258 ἵνα
1046 1205 1139 1257 ῑδω
1170 1204 1262 1257 τὸν
1303 1204 1449 1274 ἱερὸν
1485 1197 1633 1254 οἶκον
1669 1199 1824 1270 ὑμῶν
1846 1238 1861 1263 ,
1896 1200 1958 1252 τὸ

379 1297 618 1369 Χριστοῦ
674 1295 1040 1364 καταγώγιον,
1102 1294 1201 1363 τὴν
1246 1293 1353 1345 τῶν
1390 1292 1561 1361 ἁγίων
1618 1290 1831 1343 κλάδων
1876 1288 1959 1360 ρί-

377 1389 478 1451 ζαν
516 1386 654 1455 (90),
690 1386 792 1455 τὴν
832 1385 907 1447 ὡς
936 1383 1150 1455 ἀληθῶς
1180 1383 1394 1454 μητέρα
1422 1382 1627 1434 τέκνων
1672 1381 1957 1450 εὐφραινοο

380 1473 549 1543 μένην
586 1490 658 1542 τε.
686 1473 780 1525 καὶ
839 1472 1300 1543 εὐφραινομένων.
1360 1466 1491 1522 Οἶδα
1546 1468 1706 1521 τοῦτο
1742 1468 1837 1521 καὶ
1859 1468 1953 1520 πέο

382 1580 614 1632 πεισμαι
672 1565 729 1615 ὲν
785 1562 993 1631 Κυρίῳ,
1045 1562 1139 1613 καὶ
1183 1559 1271 1614 διὰ
1308 1560 1467 1612 τοῦτο
1524 1554 1663 1626 λέγω
1716 1558 1955 1628 θαρρῶν,

376 1654 472 1706 καὶ
496 1653 549 1706 εἶ
575 1672 625 1706 τι
656 1655 765 1723 (9|)
790 1652 1032 1723 λυπηρὸν
1066 1651 1159 1705 νῦν
1211 1653 1343 1722 ἡμῖν
1395 1649 1729 1720 ἀπήντηκεν,
1768 1649 1830 1701 ού
1881 1648 1957 1719 μὴ

375 1746 686 1815 ἀποσϐεσθῇ
721 1748 749 1798 ὁ
801 1744 991 1814 λύχνος
1021 1743 1118 1797 τοῦ
1162 1742 1398 1814 Ἰσραὴλ,
1440 1743 1542 1795 κᾶν
1584 1742 1703 1805 ταῖς
1760 1740 1959 1812 αὖραις

372 1837 467 1890 τοῦ
497 1836 732 1909 πονηροῦ
782 1837 1065 1907 ριπὶζηται
1088 1851 1102 1865 ·
1137 1836 1256 1888 οὐδὲ
1298 1836 1332 1905 ἡ
1363 1834 1457 1887 τοῦ
1481 1830 1616 1887 Θεοῦ
1652 1832 1958 1905 χρηστότης

375 1929 470 1981 ἐπὶ
518 1928 695 1980 πλεῖον
750 1926 1150 1999 κρυφθήσεται,
1205 1926 1271 1995 ἣν
1310 1925 1541 1993 κρύπτει
1599 1926 1709 1985 τοῖς
1768 1922 1959 1992 φοϐου-

379 2019 562 2087 μένοις
630 2016 793 2069 αὑτὸν
857 2014 1036 2081 λόγοις
1097 2013 1359 2083 ἀρρήτοις
1417 2009 1763 2079 οἰκονομίας,
1840 2005 1959 2060 ἀλλ’

378 2107 830 2177 ὲνδοξασθήσεται
881 2105 1081 2176 μᾶλλον
1127 2106 1219 2156 καὶ
1256 2102 1702 2172 θαυμασθήσεται
1738 2098 1826 2153 διὰ
1858 2098 1959 2168 τῆς

377 2198 651 2269 ὑμετέρας
685 2194 962 2266 ὑπομονῆς
993 2195 1087 2248 καὶ
1122 2190 1223 2263 τῆς
1264 2193 1338 2263 μὴ
1374 2189 1837 2261 καταισχυνούσης
1874 2190 1959 2241 ἐλ-

375 2292 549 2352 πίδος.
596 2287 766 2340 Τοῦτο
805 2287 867 2340 δὲ
922 2285 1177 2355 παραίνει
1221 2285 1314 2337 καὶ
1369 2283 1446 2353 τῷ
1495 2283 1807 2352 τιμιωτάτῳ
1856 2280 1957 2352 υἱῷ

2062 1102 2245 1157 valere
2272 1117 2506 1172 corpore
2533 1111 2591 1156 ut
2617 1103 2773 1158 vobis
2813 1104 3134 1157 interessem
3170 1108 3332 1160 etiam
3367 1110 3511 1162 ultro
3541 1126 3636 1163 ac-

2060 1194 2280 1256 cedens,
2312 1202 2372 1246 ut
2414 1208 2631 1247 sacram
2660 1194 2829 1247 :edcni
2866 1201 3105 1248 vestram
3141 1196 3399 1262 viderem,
3430 1199 3635 1252 Christi

2060 1284 2419 1347 domicilium,
2473 1289 2789 1339 sanctorum
2848 1298 3125 1338 ramorum
3174 1285 3439 1354 radicem,
3490 1290 3635 1342 illam

2059 1392 2249 1434 revera
2288 1386 2520 1431 matrem
2573 1376 2808 1430 ﬁliorum
2846 1376 3117 1432 laetantem
3159 1378 3182 1409 ⁸
3224 1386 3278 1434 et
3314 1379 3633 1433 laetantium.

2060 1468 2175 1523 Hoc
2223 1468 2371 1535 novi,
2430 1481 2494 1521 ac
2547 1482 2870 1537 persuasum
2935 1468 3109 1522 habeo
3162 1471 3217 1524 in
3280 1470 3530 1533 Domino,
3582 1480 3637 1524 et

2061 1565 2348 1627 propterea
2386 1556 2511 1612 dico
2536 1556 2841 1622 conlidens,
2871 1557 2997 1613 licet
3027 1560 3157 1628 quid
3190 1561 3353 1615 triste
3397 1576 3543 1615 nunc
3573 1576 3636 1613 ac

2061 1649 2350 1702 molestum
2391 1634 2552 1703 nobis
2595 1651 2918 1712 occurrerit,
2964 1651 3386 1722 haudquaquam
3419 1653 3631 1707 exstin-

2059 1748 2255 1808 guetur
2297 1740 2517 1792 lucerna
2548 1737 2785 1801 lsraelis,
2822 1740 3039 1793 etiamsi
3077 1742 3203 1793 mali
3238 1742 3416 1796 ventis
3449 1741 3634 1795 ﬂabel-

2060 1828 2206 1882 letur
2244 1849 2255 1883 :
2301 1844 2477 1898 neque
2524 1827 2617 1881 Dei
2684 1827 2900 1882 bonitas
2940 1828 3177 1898 amplius
3243 1830 3633 1892 oceultabitur,

2058 1934 2221 1988 quam
2262 1920 2582 1975 timentibus
2611 1934 2670 1974 se
2700 1919 2992 1974 abscondit
3022 1922 3041 1952 ’
3080 1922 3383 1975 rationibus
3413 1923 3636 1991 dispen-

2061 2010 2294 2065 sationis
2319 2011 2559 2075 arcanis,
2594 2008 2688 2065 sed
2716 2012 2889 2079 magis
2922 2010 3317 2081 gloriﬁcabitur
3366 2022 3421 2069 et
3463 2013 3637 2070 admi-

2061 2101 2260 2156 rationi
2299 2102 2406 2155 erit
2451 2117 2548 2170 per
2584 2102 2899 2171 patientiam
2937 2111 3172 2157 vestram
3207 2112 3260 2158 et
3310 2120 3482 2174 spem,
3516 2120 3637 2175 qua:

2062 2209 2167 2248 non
2204 2192 2489 2247 confundit
2524 2193 2586 2247 ¹⁶.
2623 2192 2736 2247 Hoc
2774 2195 2940 2247 etiam
2972 2194 3143 2249 suade
3171 2194 3501 2250 charissimo
3527 2196 3635 2249 lilio

2061 2297 2251 2341 nostro
2304 2284 2614 2351 Sacerdoti,
2658 2301 2726 2341 ne
2770 2288 3107 2357 despondeat
3160 2289 3427 2351 animum,
3463 2304 3635 2358 neque

375 2381 534 2452 ἡμῶν
592 2379 938 2450 Σακερδῶτι,
992 2376 1158 2449 μηδὲν
1226 2374 1498 2446 ἀθυμεῖν,
1551 2374 1686 2443 μηδὲ
1744 2373 1959 2439 ἀνάξιον
1991 2368 2032 2421 Β
2063 2379 2092 2432 il

1916 2391 1959 2427 >ν
1991 2368 2032 2421 Β
2063 2379 2346 2449 indignum
2397 2392 2456 2432 se
2492 2377 2795 2446 quidquam
2836 2378 3121 2447 patiatur;
3168 2378 3263 2433 sed
3300 2379 3375 2432 ita
3417 2388 3633 2449 tempus

375 2471 569 2525 ἑαυτοῦ
606 2488 657 2522 τι
694 2470 924 2540 πάσχειν
965 2468 1096 2539 (92),
1134 2466 1252 2521 ἀλλ’
1291 2465 1432 2519 οῦτω
1476 2466 1566 2517 τὸν
1603 2465 1793 2535 καιρὸν
1834 2464 1946 2516 διαο

379 2563 586 2627 θέσθαι,
621 2563 696 2624 ὼς
735 2561 1050 2629 φιλοσοφίας
1078 2559 1209 2629 ὓλην
1246 2558 1314 2611 τὰ
1345 2555 1565 2627 λυπηρά
1594 2555 1800 2609 λαϐεῖν.
1834 2558 1954 2609 Ἔτι

381 2652 769 2726 θεραπευσάτω
798 2651 888 2704 τὸν
924 2650 1254 2721 τιμιώτατον
1308 2648 1464 2719 ἡμῶν
1508 2646 1837 2701 ἐπίσκοπονο
1875 2648 1956 2700 ἔτι

382 2745 635 2817 ρωννύτω
670 2746 793 2807 τοὺς
822 2743 1105 2812 ἀδελφοὺς,
1144 2742 1231 2794 ἵνα
1265 2741 1501 2811 μάλιστα
1535 2740 1636 2811 μὲν
1674 2739 1749 2809 μὴ
1787 2756 1955 2791 κατα-

377 2835 513 2905 λυθῇ
534 2834 594 2886 τὸ
624 2833 782 2904 ἔργον
811 2832 967 2902 ἡμῶν
993 2831 1020 2884 ὃ
1054 2830 1400 2901 προεθέμεθα
1435 2833 1492 2882 ὲν
1516 2830 1727 2901 Κυρίῳ,
1763 2829 1954 2882 τοσοῦ-

374 2925 467 2977 τόν
494 2942 551 2977 τε
582 2925 662 2987 ὃν,
695 2926 791 2978 καὶ
831 2924 973 2976 οὕτω
1019 2921 1359 2993 περιϐόητον.
1399 2923 1460 2973 Εἰ
1503 2921 1562 2973 δὲ
1615 2921 1711 2991 μὴ,
1742 2921 1801 2973 τὸ
1826 2920 1956 2987 γοῦν

288 2996 301 3005 ’
377 3017 629 3078 ἐπιεικὲς
661 3014 927 3085 δείξομεν,
978 3011 1073 3066 καὶ
1123 3013 1214 3066 τὸν
1251 3012 1443 3080 φθόνον
1483 3013 1774 3082 νικήσομεν
1808 3012 1953 3079 (93),

374 3110 451 3171 ὡς
483 3109 752 3179 μηδεμίαν
776 3106 1065 3167 δεδωκότες
1089 3104 1207 3157 καθ’
1233 3105 1438 3156 ἑαυτῶν
1459 3104 1628 3172 λαϐὴν
1658 3106 1767 3165 τοῖς
1793 3120 1955 3171 πονη-

378 3202 495 3269 ροῖς
530 3199 772 3271 ματαίως
804 3197 917 3269 (91)
944 3199 1077 3268 ἡμῖν
1100 3194 1495 3269 ἐχθραίνουσιν.

836 3355 1004 3407 Σκιιν.
1063 3353 1299 3423 enimn
1358 3352 1488 3421 (95).

2060 2467 2339 2537 disponat,
2374 2474 2434 2518 ut
2470 2464 2650 2519 tristia
2680 2479 2778 2534 pro
2806 2465 3165 2535 pliilosolihiae
3201 2465 3450 2534 subjecto
3488 2466 3633 2519 aeei-

2061 2554 2192 2623 piat.
2231 2554 2309 2607 Ad
2358 2554 2473 2608 haec
2520 2554 2837 2624 episcopum
2887 2561 3138 2608 nostrum
3194 2556 3432 2608 maxime
3468 2556 3635 2608 bona-

2060 2645 2293 2700 randum
2325 2653 2513 2710 curet;
2548 2645 2679 2717 quin
2706 2645 2872 2700 etiam
2908 2644 3109 2700 fratres
3139 2646 3484 2709 corroboret,
3516 2647 3636 2700 ideo

2063 2739 2301 2791 maxime
2331 2755 2398 2792 ne
2437 2753 2576 2807 opus
2607 2746 2857 2792 nostrum
2890 2738 3040 2807 quod
3072 2739 3124 2791 in
3172 2736 3404 2791 Domino
3437 2755 3637 2809 propo-

2063 2829 2277 2885 suimus
2328 2829 2647 2898 dissipetur,
2690 2844 2815 2883 cum
2855 2829 2995 2883 tanti
3041 2830 3303 2883 momenti
3343 2831 3433 2894 sit,
3470 2838 3523 2883 et
3562 2831 3633 2883 ita

2063 2928 2436 2991 pervagatum.
2476 2919 2573 2973 Sin
2606 2921 2810 2983 minus,
2840 2920 3115 2990 axiuitatis
3159 2920 3321 2992 184
3359 2922 3635 2990 specimen

2062 3010 2335 3074 dabimus,
2364 3018 2416 3063 et
2475 3010 2700 3064 livorem
2738 3010 3057 3074 vincemus;
3096 3011 3297 3080 quippe
3333 3026 3457 3064 eum
3515 3012 3637 3065 nul-

2063 3101 2170 3153 lam
2205 3100 2470 3155 adversus
2517 3114 2619 3156 nos
2650 3114 2840 3155 ansam
2881 3098 3196 3154 dederimus
3233 3099 3493 3170 improbis
3546 3108 3626 3160 in-

2064 3206 2282 3247 cassum
2315 3207 2416 3247 nos
2449 3191 2577 3248 odio
2603 3190 3085 3263 prosequentibus.

2534 3348 2791 3403 CCXXII.
2830 3347 3147 3405 THECLA'I.

454 3486 622 3539 Irrita
647 3486 791 3554 fuere
824 3487 1002 3539 omnia
1040 3502 1157 3554 qua:
1184 3484 1343 3553 gessit
1378 3484 1691 3551 scripsitque
1734 3482 2041 3550 Gregorius,
2075 3492 2131 3533 ut
2171 3482 2510 3554 Sacerdotem
2540 3500 2658 3537 cum
2696 3483 2946 3537 Ilelladio
2971 3484 3039 3554 in
3072 3482 3299 3554 gratiam
3332 3483 3642 3554 reduceret;

376 3558 497 3625 ρίειε
530 3550 667 3609 enini
694 3557 783 3609 iil'e
812 3550 1082 3625 presbyter
1103 3550 1241 3625 inter
1274 3550 1571 3606 vexationes
1597 3550 1648 3606 et
1682 3554 1980 3605 calumnias
2018 3554 2239 3606 interiit.
2282 3553 2524 3606 Theclam
2553 3554 2665 3620 ejus
2701 3569 2933 3607 sororem
2960 3550 3057 3604 hac
3081 3553 3301 3618 epistola
3334 3550 3643 3605 consolatur

385 3637 428 3679 rt
453 3628 724 3695 utriusque
752 3624 936 3678 laudes
961 3624 1315 3693 prosequitur.

453 3740 712 3808 Ὤρμησα
748 3738 845 3807 μὲν
872 3738 966 3790 καὶ
999 3736 1162 3800 αὐτὸς
1186 3736 1323 3806 πρὸς
1363 3736 1463 3805 τὴν
1506 3735 1603 3803 σὴν
1649 3733 1956 3795 εύλάϐειαν,
1986 3737 2028 3794 C
2131 3733 2170 3785 Ε

1917 3750 1956 3795 ν,
1986 3737 2028 3794 C
2131 3731 2394 3802 Equidem
2449 3733 2565 3800 ipse
2612 3749 2833 3804 quoque
2885 3735 2953 3789 ad
2997 3736 3253 3806 pietatem
3289 3744 3437 3789 tuam
3474 3739 3634 3805 proli-

378 3828 581 3895 καίπερ
605 3826 953 3889 ἀσθενοῦντος
979 3828 1110 3896 ἡμῖν
1137 3825 1231 3877 τοῦ
1272 3824 1541 3895 σώματος,
1582 3823 1953 3892 ἐπισκεψόμε-

377 3916 468 3979 νός
492 3933 549 3968 τε
593 3916 751 3986 ὁμοῦ,
787 3915 881 3968 καὶ
921 3914 1020 3984 τῆς
1072 3914 1365 3985 καρτερίας
1411 3912 1848 3981 ἐπαινεσόμενος,
1888 3911 1954 3981 ἢν

381 4006 472 4061 ἐπὶ
504 4006 581 4076 τῷ
616 4007 727 4077 (96)
774 4006 1179 4076 μακαριωτάτῳ
1217 4004 1432 4075 ἀδελφῷ
1474 4022 1567 4056 σου
1610 4003 1951 4072 φιλοσοφεῖςο

377 4097 537 4149 τοῦτο
564 4096 673 4166 γὰρ
699 4097 798 4149 οὐκ
834 4095 1153 4167 ἀμφίϐολον.
1190 4096 1407 4165 Ἐπειδὴ
1438 4095 1495 4148 δὲ
1529 4096 1631 4147 ύπό
1673 4110 1817 4157 τινος
1863 4111 1957 4147 πε-

381 4190 683 4259 ριστάσεως
722 4187 1019 4257 ἐκωλύθην,
1050 4189 1363 4256 ἀναγκαίως
1387 4183 1551 4256 ἦλθον
1574 4188 1666 4237 ἐπὶ
1690 4184 1759 4238 τὰ
1785 4186 1959 4255 γράμ-

382 4296 549 4349 ματα,
590 4279 685 4332 καὶ
723 4279 1181 4349 συμφιλοσοφήσω
1229 4295 1310 4331 σοι
1336 4271 1439 4330 ’διὰ
1473 4278 1719 4347 βραχέων
1747 4278 1815 4330 τὰ
1867 4278 1955 4332 σά.

380 4370 551 4422 Πόθεν
576 4372 605 4422 ὁ
631 4368 793 4430 καλὸς
839 4368 1123 4440 Σακερδὼς
1171 4371 1321 4439 ἡμῖν,
1356 4371 1383 4421 ὁ
1423 4369 1643 4436 γνήσιος
1693 4367 1786 4419 τοῦ
1820 4367 1957 4419 Θεοῦ

379 4460 738 4529 παραστάτης
770 4459 863 4511 καὶ
896 4458 990 4511 νῦν
1024 4460 1118 4511 καὶ
1148 4458 1413 4528 πρότερον
1438 4474 1450 4519 ;
1488 4458 1553 4509 ὲκ
1579 4457 1733 4510 Θεοῦ.
1764 4457 1874 4509 Ποῦ
1900 4456 1956 4509 δὲ

379 4548 666 4619 Σακερδὼς
690 4548 819 4613 νῦν;
854 4548 986 4618 πρὸς
1011 4548 1175 4601 Θεόν·
1217 4549 1317 4601 ούκ
1362 4546 1541 4616 ἀηδῶς
1576 4548 1954 4617 ὑποχωρήσας,

379 4636 439 4692 εὖ
469 4636 606 4701 οἶδα,
646 4640 726 4709 τῷ
780 4638 960 4710 φθόνῳ
1037 4641 1129 4692 καὶ
1171 4642 1283 4701 τοῖς
1331 4638 1424 4691 τοῦ
1471 4638 1709 4709 πονηροῦ
1758 4638 1956 4692 παλαί-

380 4744 569 4798 σμασι.
606 4726 776 4780 Πόθεν
813 4726 869 4779 δὲ
910 4728 1103 4796 ἡμεῖςς
1150 4729 1247 4780 οὐκ
1279 4729 1516 4790 ὲκείθεν;
1553 4726 1655 4779 ποῦ
1702 4726 1757 4778 δὲ
1798 4729 1956 4797 ἡμεῖς

378 4819 755 4887 ἀναλύσομενς
786 4819 847 4870 ού
876 4819 1010 4888 πρὸς
1041 4820 1131 4871 τὸν
1163 4820 1324 4873 αὑτὸν
1352 4820 1664 4889 Δεσπότην;
1704 4820 1796 4870 καὶ¹
1844 4819 1954 4871 εἴθε

383 4911 501 4983 μετ’
539 4912 659 4979 ἴσης
686 4910 784 4978 τῆς
828 4909 1169 4980 παρῤησίαςῑ
1214 4910 1255 4959 Τ
1258 4909 1319 4961 οῦ
1367 4908 1533 4961 αὑτοῦ
1578 4911 1954 4978 προσκυνηταὶ

453 5069 474 5096 ⁸
511 5066 656 5121 Psal.
686 5081 818 5130 cxn,
851 5066 902 5120 9.
1007 5064 1029 5095 ’
1066 5064 1206 5118 l'sal.
1234 5079 1359 5125 xxx,
1388 5062 1476 5115 20.
1556 5062 1599 5092 '°
1628 5060 1785 5116 Rom.
1818 5078 1869 5124 γ,
1906 5062 1959 5115 5.

2060 3822 2194 3877 cisci
2257 3823 2516 3892 parabam
2544 3852 2569 3887 ,-
2610 3824 2827 3879 etiamsi
2873 3826 3075 3895 alioqui
3122 3826 3339 3879 inlirma
3392 3828 3638 3895 corporis

2060 3912 2393 3975 valetudine,
2419 3921 2533 3967 tum
2572 3922 2628 3967 ut
2659 3922 2710 3968 te
2740 3915 3055 3979 iuviserem,
3099 3924 3213 3969 tum
3248 3926 3305 3969 ut
3336 3917 3639 3972 tolerantiae

2065 4003 2217 4058 illius
2254 4006 2477 4059 nomine
2507 4004 2763 4059 laudibus
2788 4006 3060 4069 ell‘errem,
3096 4019 3260 4075 quam
3282 4009 3351 4061 ob
3386 4008 3635 4061 beatissi-

2063 4108 2211 4148 mum
2247 4094 2473 4150 fratrem
2522 4104 2679 4149 tuum
2716 4095 2948 4152 adhibes
2996 4114 3007 4148 :
3048 4114 3227 4167 neque
3260 4100 3405 4152 enim
3448 4100 3500 4153 id
3538 4102 3637 4152 du»

2063 4184 2216 4239 bium
2238 4196 2345 4240 est.
2370 4186 2637 4251 Quoniam
2671 4197 2855 4242 autem
2890 4203 3023 4242 casu
3060 4190 3297 4257 quodam
3336 4192 3437 4245 hoc
3460 4208 3638 4244 meum

2061 4277 2168 4330 iter
2198 4277 2520 4347 impeditum
2564 4288 2669 4343 est,
2700 4281 2766 4335 ad
2801 4280 3013 4335 litteras
3050 4282 3237 4337 venire
3287 4298 3515 4337 necesse
3546 4286 3641 4335 lia-

2060 4369 2179 4431 hui,
2218 4378 2279 4422 ut
2331 4370 2399 4424 de
2432 4374 2540 4424 tuis
2584 4371 2750 4424 rebus
2799 4381 2975 4424 tecum
3027 4372 3216 4440 paucis
3266 4374 3635 4442 philos0pher.

2064 4458 2239 4523 Unde.
2263 4475 2471 4529 quaeso,
2498 4463 2798 4530 praeclarus
2833 4472 3021 4518 noster
3051 4464 3340 4526 Sacerdos,
3366 4466 3636 4528 sincerus,

2060 4550 2307 4620 inquam,
2332 4551 2419 4604 ille
2448 4560 2501 4605 et
2532 4567 2677 4605 nunc
2703 4563 2752 4605 et
2780 4552 2933 4621 prius
2965 4552 3055 4606 Dei
3090 4561 3236 4605 astes
3268 4567 3331 4606 ac
3365 4555 3637 4616 minister,

2063 4652 2242 4695 ortum
2277 4642 2477 4695 traxit?
2505 4642 2583 4695 Ex
2619 4643 2751 4696 Deo.
2795 4642 2898 4696 Ubi
2945 4655 3125 4697 autem
3167 4658 3314 4697 nunc
3339 4642 3643 4698 Sacerdos?

2064 4732 2219 4800 Apud
2277 4732 2444 4786 Deum
2486 4750 2497 4783 :
2546 4742 2836 4803 postquam
2886 4735 3097 4788 scilicet
3155 4735 3300 4788 haud
3366 4736 3639 4789 illibenter

2066 4822 2192 4888 (hoc
2222 4824 2387 4891 probe
2421 4825 2557 4894 scio)
2618 4827 2774 4879 livori
2834 4842 2956 4881 sese
3000 4825 3284 4879 ac‘ilialmli
3324 4824 3483 4879 luetis
3510 4829 3639 4878 suh—

2064 4911 2237 4964 duxit.
2290 4910 2444 4967 llmle
2506 4916 2631 4969 item
2683 4932 2781 4969 nos
2827 4924 3007 4969 ortum
3079 4917 3372 4970 duximus?
3446 4918 3638 4970 Annon

456 5221 570 5288 (88)
607 5221 755 5274 Alias
790 5214 1143 5289 CCXXXViI.
1186 5214 1400 5289 scripta
1460 5210 1651 5289 eodem
1693 5221 1955 5289 tempore.
1994 5219 2035 5273 Ι)
2070 5284 2101 5289 __
2128 5213 2173 5289 _(i

1918 5228 1955 5267 Ξ.
1994 5219 2035 5273 D
2070 5284 2101 5289 __
2128 5213 2247 5289 (95)
2280 5212 2735 5289 Δεζξοιέετο,]ιιιζ
2772 5214 2873 5289 ft"?
2907 5216 3136 5283 φθόνον
3178 5220 3525 5288 νικήσομεν.
3564 5223 3635 5275 Ila

453 5282 983 5361 (8:3)Aiirdudnroc.
1016 5285 1095 5361 l_ta_
1138 5285 1262 5338 cod.
1296 5283 1429 5354 Reg.
1462 5296 1527 5335 ac
1559 5282 1745 5337 Morel.
1781 5284 1836 5336 in
1862 5300 1959 5336 no-

381 5355 476 5415 tis;
506 5355 651 5411 Edit.
684 5359 884 5411 habent
915 5355 1259 5423 αὐτόκλητον.

457 5428 567 5499 (90)
608 5426 729 5499 Τῷν
758 5427 942 5494 ἁγίων
972 5418 1219 5499 ⁸λαιά-θων-
1468 5418 1528 5499 In
1567 5419 1697 5499 illud
1726 5419 1960 5499 intendit

388 5489 634 5551 Pauli'ad
668 5489 824 5547 Rom;
860 5511 934 5559 xl,
969 5493 1054 5557 l6,
1088 5494 1151 5545 Et
1184 5494 1218 5562 ἡ
1249 5489 1377 5561 ῥίζα
1424 5490 1576 5562 ἀγξα,
1616 5490 1708 5541 καὶ
1734 5489 1782 5540 οἱ
1822 5490 1955 5542 κλά-

381 5567 485 5627 δοι,
523 5567 569 5619 si
595 5564 753 5617 radix
784 5574 971 5616 sancta
1001 5572 1100 5628 est,
1132 5561 1288 5628 etiam
1323 5561 1481 5613 rami.

456 5635 568 5705 (9|)
599 5635 703 5689 Kal
732 5634 789 5685 ετ
818 5650 897 5705 τι.
936 5627 1178 5705 lta_c0d.
1220 5627 1349 5699 Reg.
1379 5642 1441 5682 ac
1478 5627 1665 5682 Morel.
1694 5627 1747 5681 in
1788 5629 1948 5681 notis.

390 5701 529 5759 Edit.
552 5701 765 5757 habent
786 5701 838 5753 εἴ
862 5718 915 5753 τι
944 5702 1057 5756 καί.

458 5774 568 5844 (92)
607 5777 663 5827 Τι
704 5771 984 5839 πάσχειν.
1016 5770 1090 5824 Ita
1122 5771 1244 5825 cod.
1281 5777 1333 5823 et
1358 5767 1420 5821 li.
1465 5767 1523 5821 In
1554 5766 1683 5821 edit.
1710 5782 1757 5817 τι
1780 5767 1955 5821 deest.

671 5867 930 5925 PATaOL.
966 5866 1081 5923 Gn.
1110 5864 1434 5927 XXXVII.

2069 5281 2229 5336 iidem
2266 5283 2426 5335 codd.
2462 5281 2517 5334 lu
2548 5282 2676 5336 edit.
2710 5281 2992 5354 δείξωμεν,
3024 5288 3117 5341 καὶ
3152 5290 3242 5342 τὸν
3269 5281 3459 5358 φθόνον
3485 5294 3639 5362 νική-

2071 5370 2273 5421 σωμεν.

2133 5421 2248 5541 μη)
2282 5420 2571 5508 Πρνηροῖς
2592 5422 2872 5489 ματαίως.
2906 5423 2977 5478 Ita
2998 5426 3117 5480 cod.
3151 5425 3206 5479 lu
3225 5428 3355 5481 edit.
3384 5434 3637 5500 πονηροῖς

2181 5508 2441 5541 ματαίως.

2065 5508 2155 5541 και
2181 5508 2441 5560 ματαιως.

2288 5560 2445 5636 Alias
2473 5559 2626 5636 QC":
2654 5559 2868 5636 Scripta
2901 5566 3087 5636 eodem
3128 5567 3345 5619 circiter
3370 5576 3630 5634 tempore.

2132 5630 2246 5698 (96)
2272 5632 2393 5703 ,ᾚν
2423 5629 2518 5703 ἐςτὶ
2560 5630 2656 5692 τῷ.
2709 5629 2795 5683 Ιιςί
2825 5634 2946 5686 t‘ud.
3012 5635 3139 5703 Reg.
3198 5638 3353 5690 “05.
3397 5629 3499 5689 Alii
3541 5654 3632 5689 c0-

2065 5698 2215 5820 (licis
2266 5700 2354 5779 ἐπὶ
2412 5698 2516 5773 τῶν
2576 5705 3003 5768 μακαριωτάέων
3066 5698 3325 5774 ἀδελφῶν.
3375 5708 3428 5759 In
3478 5708 3639 5759 editis

2066 5786 2132 5820 Τλν
2197 5787 2224 5818 ν
2256 5786 2348 5818 τω.

2086 5802 2131 5836 δ’
2169 5802 2224 5820 εν
2266 5802 2348 5832 ιιιι.

3286 5871 3358 5929 12
