4348 6480
655 439 659 442 ν
740 406 839 462 367

1937 405 1993 459 S.
2035 401 2360 460 GREGORII
2397 399 2738 458 TllEOLOGl

3874 397 3978 461 $8

743 521 1082 593 gratificari?
1129 537 1314 578 annon
1362 522 1490 577 t‘orti
1535 536 1738 596 animo.
1767 522 2139 578 sustinentes?
2191 520 2303 576 Hoc
2335 537 2380 595 Α
2407 518 2460 575 οἰ

2264 537 2303 576 ιο
2335 537 2380 595 Α
2407 518 2500 575 οὖν
2530 521 2712 586 αὐτοῖς
2748 518 3098 591 χαρισώμεθα
3119 534 3131 548 ο
3175 516 3267 570 καὶ
3296 515 3403 587 γὰρ
3429 514 3686 586 πείθομαι
3728 513 3828 578 τάς
3871 516 3981 569 τῶν

743 610 911 682 igitur
940 613 994 666 in
1018 628 1207 668 eorum
1239 614 1471 684 gratiam
1505 611 1773 668 faciamus
1807 631 1820 666 :
1863 612 2134 683 siquidem
2175 612 2306 666 illud

743 715 1066 769 persuasum
1101 702 1294 765 habeo,
1330 712 1644 757 sanctorum
1687 702 1895 756 animas
1949 718 2037 757 res
2091 711 2310 756 nostras

745 783 972 846 sentire.
1013 789 1220 846 Praster
1250 795 1458 856 omnia,
1498 803 1551 848 et
1575 803 1700 848 ante
1724 793 1930 862 omnia,
1964 792 2096 847 illud
2125 793 2311 848 nobis-

742 895 866 934 cum
917 891 1254 950 reputemus,
1297 883 1594 936 absurdum
1639 889 1692 937 et
1738 888 2131 952 praeposterum
2162 896 2308 948 esse,

740 985 864 1024 cum
891 973 1045 1026 nuila
1076 973 1378 1028 necessitas
1420 982 1574 1044 urget
1603 974 1984 1044 philosophari
2011 988 2024 1024 :
2067 973 2121 1027 in
2155 975 2311 1028 cala-

741 1062 1022 1118 mitatibus
1071 1069 1254 1117 autem
1308 1065 1671 1135 philosophia:
1716 1073 1973 1134 expertes
2020 1078 2307 1133 apparere,

741 1166 850 1204 non
897 1158 1078 1204 autem
1125 1153 1460 1207 multitudini
1492 1154 1797 1223 exemplum
1841 1153 1982 1215 ﬁeri,
2015 1163 2071 1206 ut
2102 1153 2309 1222 gratia-

741 1254 860 1292 rum
889 1231 1127 1296 actionis
1156 1242 1210 1295 in
1239 1243 1402 1298 rebus
1443 1244 1580 1298 laetis
1618 1251 1673 1298 et
1709 1243 1994 1312 jucundis,
2033 1245 2108 1296 ita
2144 1243 2309 1297 etiam

741 1329 1044 1395 tolerantiae
1102 1329 1156 1384 in
1220 1333 1484 1400 gravibus
1536 1340 1590 1388 et
1663 1333 1902 1389 acerbis.
1961 1332 2090 1387 llaec
2146 1347 2309 1403 porro

739 1418 944 1482 scribo,
986 1435 1095 1474 non
1129 1429 1186 1475 ut
1228 1424 1571 1491 ignorantem
1604 1423 1830 1479 doceam
1854 1465 1868 1490 ,
1900 1424 1994 1480 sed
2032 1433 2090 1478 ut
2131 1425 2312 1478 scien-

739 1511 845 1559 tem
877 1506 1254 1563 submoncam.
1283 1510 1425 1566 Deus
1455 1521 1638 1567 autem
1653 1514 2083 1576 consolationis,
2120 1521 2234 1566 tum
2256 1521 2309 1568 te

738 1609 767 1647 a
800 1597 1210 1654 calamitatibus
1241 1601 1467 1656 illaesam
1503 1603 1805 1668 custodiat,
1841 1610 1955 1656 tum
1988 1603 2148 1658 nobis
2176 1617 2310 1657 con-

2413 611 2581 679 άγίων
2607 609 2784 680 ψυχὰς
2807 608 2916 661 τῶν
2954 609 3235 678 ἡμετέρων
3257 604 3621 660 αίσθάνεσθαι.
3665 606 3788 658 Ἐπὶ
3827 607 3982 670 πᾶσι,

2411 703 2506 756 καὶ
2537 703 2642 772 πρὸ
2668 703 2905 764 πάντων,
2930 702 3104 753 ὲκείνο
3135 696 3496 767 λογιζώμεθα,
3527 698 3610 749 ὃτι
3641 696 3749 748 τῶν
3763 697 3981 748 ἀτόπων

2410 794 2578 854 ἐστὶν,
2606 792 2710 857 ἔξω
2744 791 2844 862 μὲν
2882 791 2982 860 τῆς
3017 789 3261 859 ἀνάγκης
3291 788 3404 857 (26)
3451 789 3794 856 φιλοσοφεῖνο
3833 789 3890 839 ὲν
3924 787 3982 838 δὲ

2409 889 2524 948 τοῖς
2553 883 2780 937 πάθεσιν
2820 881 3178 951 ἀφιλοσόφους
3219 879 3522 948 φαίνεσθαι,
3567 878 3703 931 ἀλλὰ
3752 877 3826 948 μὴ
3871 879 3982 940 τοῖς

2413 975 2624 1036 πολλοῖς
2654 973 2824 1026 τύπον
2849 971 3112 1040 γίνεσθαι,
3147 969 3335 1039 ὥσπερ
3359 970 3460 1039 τῆς
3487 971 3545 1021 ὲν
3582 972 3693 1031 τοῖς
3724 967 3980 1036 εὑθύμοις

2411 1065 2776 1137 εὐχαριστίας,
2839 1062 2982 1116 οὕτω
3021 1063 3115 1116 καὶ
3161 1063 3261 1131 τῆς
3307 1062 3364 1114 ἐν
3401 1063 3514 1123 τοῖς
3557 1060 3747 1121 δεινοῖς
3785 1075 3982 1128 καρτε-

2409 1155 2551 1226 ρίας.
2576 1155 2687 1206 Καὶ
2717 1153 2890 1206 ταῦτα
2911 1152 3024 1222 (‘27)
3061 1151 3278 1221 γράφω,
3317 1151 3414 1219 οὐχ
3453 1149 3528 1211 ὼς
3565 1146 3864 1215 άγνοοῦσαν
3901 1146 3981 1198 διο

2408 1246 2644 1310 δάσκων,
2698 1246 2811 1298 ἀλλ’
2849 1244 2924 1307 ώς
2964 1242 3334 1312 ἐπισταμένην
3380 1239 3812 1310 ὑπομιμνήσκων
3835 1237 3979 1323 με).

2421 1333 2480 1386 'O
2503 1333 2559 1386 δὲ
2586 1334 2717 1395 Θεὸς
2737 1333 2834 1402 τῆς
2873 1329 3288 1400 παρακλήσεως,
3334 1327 3392 1379 σέ
3435 1343 3493 1378 τε
3535 1325 3780 1397 ἄτρωτον
3821 1322 3982 1390 suis.

2411 1423 2520 1488 ξειε
2557 1425 2668 1486 τοῖς
2707 1423 2921 1483 πάθεσι,
2965 1420 3060 1473 καὶ
3095 1420 3228 1489 ἡμῖν
3266 1435 3329 1485 γε
3365 1417 3651 1486 χαρίσαιτο
3679 1415 3787 1483 (29)
3821 1413 3979 1466 πάλιν

2413 1515 2541 1567 ίδεῖν
2567 1531 2660 1566 σου
2693 1513 2794 1584 τὴν
2815 1511 3122 1574 εὐλάϐειαν,
3154 1511 3248 1562 καὶ
3277 1507 3366 1561 διὰ
3402 1507 3511 1558 τῶν
3557 1506 3732 1576 ἔργων
3762 1503 3981 1572 πεισθῆ·

2409 1622 2516 1666 ναι,
2551 1603 2632 1656 ὃτι
2663 1603 2690 1655 ὁ
2714 1601 2879 1664 κόπος
2915 1599 3071 1670 ήμῶν
3101 1599 3202 1650 οὐκ
3251 1598 3330 1660 είς
3379 1594 3536 1648 κενὸν
3583 1593 3816 1661 ἐγένετο,
3865 1591 3978 1644 ἀλλ’

2409 1695 2575 1765 ἐσμέν
2599 1710 2651 1745 τι
2677 1692 2826 1764 παρὰ
2855 1691 2938 1744 σοὶ
2960 1689 3120 1742 πλέον
3147 1687 3256 1740 τῶν
3284 1687 3459 1741 ἄλλων
3477 1703 3491 1716 σ
3519 1685 3595 1747 ὡς
3622 1685 3722 1755 τῆς
3749 1684 3978 1754 θλίψεως

2409 1785 2868 1854 ἐκοινωνήσαμεν,
2897 1781 3039 1836 οὕτω
3084 1779 3301 1849 καὶτῆς
3352 1778 3670 1848 φιλοσοφίας
3725 1777 3978 1830 κοινωνὸν

734 1884 1010 1940 quaquam
1036 1871 1256 1928 inanem
1299 1883 1353 1928 et
1379 1874 1598 1929 irritum
1625 1875 1814 1941 fuisse,
1839 1891 2030 1932 verum
2063 1891 2164 1932 nos
2192 1891 2306 1930 ma-
2338 1880 2379 1934 Β
2408 1875 2451 1928 λι

2262 1891 2306 1929 ι·
2338 1880 2379 1934 Β
2408 1875 2689 1936 λαϐόντες·
2719 1874 2747 1925 ὃ
2779 1873 2917 1942 τάχα
2961 1875 3026 1942 τῇ
3077 1871 3237 1941 πολιᾷ
3274 1870 3432 1940 ἡμῶν
3481 1870 3675 1939 ταύτῃ,
3730 1871 3823 1921 καὶ
3869 1871 3979 1932 τοῖς

729 1958 926 2027 jorem,
954 1978 1117 2033 quam
1151 1964 1308 2030 alios,
1345 1966 1726 2021 auctoritatem
1758 1967 1902 2036 apud
1931 1975 1988 2022 te
2016 1968 2299 2032 obtinere;
2409 1983 2442 2019 κ

1872 1967 1902 2021 d
1931 1975 1988 2022 te
2016 1968 2299 2032 obtinere;
2409 1965 2549 2019 κατά
2585 1965 2716 2016 Θεὸν
2732 1963 2998 2034 καμάτοις
3038 1963 3331 2032 ὀφείλεται.
3587 2021 3589 2024 ς

733 2056 916 2120 atque,
952 2061 1012 2106 ut
1037 2069 1137 2109 nos
1171 2055 1226 2108 in
1268 2057 1598 2114 calamitatis
1623 2059 1944 2115 societatem
1975 2067 2156 2115 tecum
2197 2061 2472 2120 venimus,
2506 2060 2580 2112 ita
2607 2057 2849 2112 vicissim
2874 2064 2927 2112 te
2996 2057 3155 2126 187
3215 2056 3577 2126 philosophite
3641 2069 3701 2109 ac
3773 2053 3978 2123 patien-

730 2143 822 2198 tiae
849 2147 1054 2200 sociam
1104 2150 1422 2219 accepisse:
1471 2152 1617 2222 quod
1651 2152 1871 2223 quidem
1907 2154 2143 2210 fortasse
2176 2155 2304 2208 huic
2343 2161 2547 2208 nostrae
2611 2153 2858 2216 canitiei,
2930 2165 2993 2206 ac
3040 2151 3131 2206 Dei
3171 2165 3336 2206 causa
3382 2149 3656 2220 susceptis
3702 2147 3979 2200 laboribus

731 2239 964 2295 debetur

735 1687 915 1751 cedat,
950 1695 1006 1742 ut
1049 1689 1306 1759 pietatem
1341 1699 1491 1746 tuam
1522 1707 1743 1747 rursum
1769 1693 2073 1760 videamus,
2113 1708 2310 1763 resque

737 1777 868 1846 ipsae
896 1779 1056 1834 nobis
1106 1779 1264 1837 [idem
1301 1781 1526 1847 faciant,
1574 1784 1818 1841 laborem
1854 1797 2104 1841 nostrum
2138 1786 2311 1841 haud-

1173 2334 1448 2392 ccxxw.
1489 2337 1855 2396 AFRICANO.
2831 2332 2998 2384 ΣΚΔ’.
3036 2327 3383 2396 unum;
3416 2325 3552 2397 (50).

729 2419 841 2476 Cur
865 2440 968 2478 non
1003 2425 1156 2497 adeat
1190 2428 1503 2497 Africanum
1536 2431 1811 2486 adversam
1860 2441 2113 2485 causatur
2141 2428 2511 2486 valetudinem.
2550 2426 2702 2497 Auno
2733 2422 2840 2497 38$
2877 2422 3044 2497 serius
3075 2421 3285 2497 scripta
3315 2435 3416 2471 non
3447 2427 3523 2471 est
3563 2417 3674 2470 Ita'c
3701 2415 3977 2497 epistola;

974 2491 1578 2564 s'iquidem'Nicobulus,
1613 2517 1704 2569 per
1735 2519 1887 2572 quem
1916 2502 2051 2556 hanc
2081 2503 2337 2570 Africano
2364 2497 2573 2564 scripsit
2609 2492 2914 2563 Gregorius,
2941 2491 3038 2544 hoc
3069 2491 3179 2557 ipso
3203 2505 3340 2542 anno
3364 2498 3602 2540 mortuus
3632 2495 3731 2540 est.

798 2584 1139 2652 Quibusnam
1186 2592 1354 2648 rebus
1399 2594 1524 2664 equi
1577 2597 1816 2652 maxime
1867 2597 2142 2667 gaudent?
2191 2611 2301 2651 non

731 2677 955 2732 dubium
1003 2679 1136 2748 quin
1183 2683 1358 2751 equis.
1403 2683 1616 2749 Quibus
1663 2685 1892 2754 aquilae?
1935 2688 2136 2756 aquilis
2173 2702 2303 2757 pro-

732 2763 894 2819 iecto.
935 2766 1230 2828 Graculum
1277 2786 1442 2840 porro
1491 2774 1717 2842 graculo
1748 2775 1993 2830 assidere
2020 2776 2138 2846 ipsa
2168 2792 2307 2847 quo-

730 2873 836 2926 qtte
866 2860 1129 2927 parmmia
1163 2861 1341 2916 docet.
1376 2863 1576 2918 Eodem
1607 2866 1837 2934 proinde
1868 2868 2031 2922 modo
2060 2869 2300 2923 Atticum

731 2963 951 3018 quoque
972 2949 1169 3005 Atticis
1195 2952 1458 3007 oblectari
1489 2962 1617 3022 puta
1651 2971 1663 3006 :
1693 2963 1747 3010 et
1771 2958 2064 3026 probitatis
2091 2958 2302 3012 studio-

729 3052 854 3092 sum
897 3037 1020 3106 ejus
1068 3049 1314 3094 amatore
1363 3051 1416 3096 et
1461 3043 1727 3099 antistite.
1773 3043 1906 3098 Nam
1941 3045 2074 3098 mihi
2100 3061 2300 3116 praeses

2473 2592 2626 2643 Τίσιν
2668 2591 2822 2642 ἵπποι
2867 2588 3102 2658 μάλιστα
3142 2586 3423 2655 χαίρουσι;
3461 2583 3620 2650 δῆλον
3663 2583 3739 2645 ώς
3771 2584 3978 2646 ἵπποις.

2415 2682 2588 2734 Ἀετοὶ
2638 2681 2695 2733 δὲ
2727 2679 2900 2746 ciem;
2953 2679 3052 2731 οὐκ
3095 2676 3275 2739 ἄλλοις
3323 2676 3357 2746 ἢ
3409 2675 3606 2738 ἀετοῖς.
3663 2674 3884 2727 Κολοιὺν
3923 2674 3979 2726 δὲ

2407 2774 2528 2826 ποτὶ
2560 2772 2669 2843 (51)
2699 2772 2905 2824 κολοιὸν
2935 2769 3158 2834 ἱζάνειν,
3186 2768 3398 2838 καὶτῆς
3421 2767 3720 2839 παροιμίας
3740 2767 3975 2830 ἀκούεις.

2407 2865 2562 2918 Οὕτω
2593 2864 2656 2935 δὴ
2695 2863 2788 2916 καὶ
2816 2861 3058 2914 Ἀττικὸν
3087 2862 3348 2922 ’Δττικοῖς
3365 2859 3474 2911 οίου
3513 2859 3719 2930 χαίρειν
3737 2901 3750 2922 ,
3779 2858 3980 2911 καὶτὸν

2405 2955 2806 3023 καλοκαγαθίας
2831 2952 3122 3024 μεταποιοὺ
3133 2969 3290 3022 μενον
3323 2951 3403 3020 τῷ
3424 2951 3627 3020 ταύτης
3667 2951 3868 3021 ἐραστῇ
3889 2951 3981 3003 καὶ

2407 3043 2895 3116 προστάτῃ.Τοῦτο
2914 3043 3184 3114 γάρ(52)ὀ
3210 3043 3392 3111 ἄρχων
3429 3037 3565 3094 εἷναί
3592 3059 3680 3111 μοι
3710 3041 3978 3109 φαίνεται,

731 3126 868 3180 nihil
900 3127 1045 3181 aliud
1082 3144 1204 3183 esse
1239 3130 1478 3196 videtur,
1513 3149 1674 3202 quam
1707 3135 1932 3191 virtutis
1973 3115 2215 3204 adjutor,
2251 3147 2305 3192 et
2332 3115 2377 3176 (ἶ
2410 3137 2448 3206 β⁴

2261 3147 2305 3192 ct
2332 3115 2377 3176 ο
2410 3115 2601 3206 βοηθὸς
2633 3136 2836 3206 ἀρετῆς
2885 3135 2979 3187 καὶ
3011 3132 3418 3204 ἀνταγωνιστὴς
3464 3131 3685 3195 κακίας,
3733 3132 3836 3185 κᾶν
3881 3133 3978 3202 τὴν

731 3217 846 3271 vitii
872 3218 1258 3287 adversarius;
1293 3223 1409 3276 sive
1439 3223 1792 3278 incruentum
1825 3226 2110 3295 imperium
2133 3237 2303 3296 gerat,

732 3315 790 3361 ut
834 3325 955 3374 nos,
1011 3311 1126 3365 sive
1161 3311 1236 3375 id,
1279 3313 1426 3382 quod
1468 3316 1709 3384 gladium
1742 3324 1795 3370 et
1839 3317 2017 3371 lorum
2053 3318 2302 3387 junctum

733 3400 908 3454 habet.
969 3402 1230 3456 Cruorem
1300 3405 1442 3459 enim
1513 3407 1611 3460 tibi
1672 3407 1895 3463 minime
1961 3409 2302 3478 adjiciemus,

730 3490 933 3560 quippe
964 3509 1124 3560 quem
1157 3495 1356 3549 virtute
1401 3497 1688 3565 imperium
1715 3509 1897 3554 tenere
1933 3501 2160 3563 scimus,
2196 3517 2304 3555 non

727 3581 782 3636 vi
813 3580 1090 3645 cohibere,
1137 3597 1200 3636 ac
1243 3593 1389 3638 metu
1423 3587 1629 3654 potius,
1673 3604 1834 3657 quam
1883 3589 2167 3658 suppliciis
2200 3590 2306 3642 im—

729 3671 932 3741 probos
961 3687 1251 3741 coercere;
1301 3692 1424 3746 qute
1465 3678 1686 3747 quidem
1737 3681 1929 3748 Optimi
1970 3681 2183 3751 itnperii
2220 3683 2304 3736 lex

726 3770 832 3818 est.
868 3761 964 3817 llis
1002 3764 1187 3834 itaque
1228 3766 1295 3820 de
1329 3770 1514 3823 causis
1557 3785 1884 3840 magnopere
1923 3771 2138 3840 quidem
2169 3788 2303 3826 con-

729 3868 976 3921 gressum
1025 3860 1178 3907 tuum
1210 3857 1554 3925 expetebant,
1585 3875 1649 3911 ac
1706 3875 1849 3914 nunc
1883 3862 2044 3914 etiam
2085 3871 2300 3931 expeto.

734 3942 932 3998 Verum
982 3945 1110 4013 quia
1168 3960 1262 4013 per
1311 3948 1592 4000 adversam
1650 3949 2016 4003 valetudinem
2073 3950 2124 4003 id
2170 3950 2303 4003 mihi

726 4033 988 4103 consequi
1033 4051 1140 4088 non
1173 4035 1317 4097 licet,
1347 4037 1666 4091 necessario
1696 4039 1759 4089 ad
1791 4039 2004 4092 litteras
2047 4041 2208 4105 veni;
2251 4051 2306 4094 et

726 4121 872 4191 quod
920 4120 1423 4176 commodissimum
1478 4131 1582 4186 est,
1624 4133 1676 4177 te
1724 4141 1818 4194 per
1860 4126 2036 4179 virum
2066 4128 2301 4180 amicum

724 4217 780 4265 ct
822 4209 1147 4263 familiarem
1213 4224 1276 4262 ac
1318 4219 1612 4279 cognatum
1646 4212 1848 4277 saluto,
1903 4215 2006 4266 hoc
2063 4221 2168 4274 est,
2208 4228 2304 4282 per

726 4297 1112 4354 cbarissimum
1172 4299 1302 4352 mihi
1330 4298 1674 4363 Nicobulum,
1731 4304 1824 4371 qui
1869 4310 1922 4356 ct
1961 4318 2048 4357 me
2077 4303 2218 4372 apud
2252 4312 2303 4358 te

725 4388 1013 4445 excusabit
1077 4389 1185 4459 (vir
1231 4399 1412 4446 autem
1465 4401 1548 4445 est
1613 4391 1716 4447 [ide
1769 4391 1987 4462 dignus,
2045 4396 2092 4448 si
2151 4393 2304 4464 quis—

2409 3227 2744 3296 ἀναίμακτον
2761 3227 2902 3296 ἄρχῃ
2921 3223 3092 3294 ἀρχὴν
3112 3225 3248 3294 (55),
3282 3222 3534 3293 καθάπερ
3551 3225 3731 3292 ἡμεῖς,
3763 3223 3866 3276 κᾶν
3882 3223 3981 3293 τὴν

2413 3314 2548 3384 μετὰ
2577 3314 2760 3382 ξίφους
2789 3314 2882 3366 καὶ
2904 3312 3229 3382 τελαμῶνος.
3256 3305 3403 3379 Αἷμα
3431 3311 3538 3381 γάρ
3558 3311 3677 3362 οὐδέ
3706 3329 3788 3363 σοι
3817 3324 3982 3382 προσ-

2409 3405 2670 3475 θήσομεν,
2705 3406 2872 3474 άρετῇ
2906 3402 3207 3474 κρατοῦντα
3235 3400 3691 3469 γινώσκοντες,οὑ
3725 3401 3816 3471 βίᾳ
3850 3401 3982 3454 καθ-

2409 3496 2689 3566 είργοντα,
2741 3495 2832 3546 καὶ
2878 3494 3027 3562 φόϐῳ
3061 3492 3261 3562 μᾶλλον
3294 3493 3325 3562 ἢ
3362 3491 3506 3562 ἔργῳ
3535 3491 3828 3555 κολάζοντα
3855 3493 3981 3553 τοὺς

2407 3587 2632 3648 κακοὺς,
2663 3587 2799 3655 ὅπερ
2827 3585 2924 3654 τῆς
2947 3584 3174 3654 ἀρίστης
3199 3585 3322 3654 ὅρος
3345 3583 3537 3654 ἀρχῆς.
3573 3583 3670 3636 Διὰ
3697 3583 3761 3653 δὴ
3786 3583 3980 3646 ταῦτα,

2410 3678 2612 3748 σφόδρα
2654 3675 2750 3746 μὲν
2792 3677 2853 3728 τὸ
2886 3676 2986 3745 τῆς
3026 3675 3311 3744 συντυχίας
3350 3673 3707 3736 ἐσπουδάζετο
3744 3691 3855 3744 μοι.
3892 3675 3983 3728 καὶ

2407 3766 2501 3818 νῦν
2552 3765 2632 3817 ἔτι
2690 3761 3066 3824 σπουδάζεται.
3123 3762 3239 3815 Οὐκ
3291 3761 3428 3830 ἔχων
3484 3760 3540 3812 δὲ
3592 3761 3740 3822 ὅπως
3791 3760 3980 3812 τούτου

2407 3855 2624 3926 τύχοιμι
2657 3854 2744 3906 διὰ
2776 3854 2874 3923 τὴν
2908 3853 3240 3924 ἀρρωστίαν,
3267 3853 3579 3920 ἀναγκαίως
3614 3848 3776 3922 ἦλθον
3799 3854 3889 3904 ἐπὶ
3915 3854 3980 3904 τὰ

2407 3944 2862 4014 γράμματα’(34),
2892 3945 2986 3996 καὶ
3011 3944 3070 3995 τὸ
3091 3943 3398 4003 κάλλιστον,
3425 3943 3506 3994 ὅτι
3528 3940 3981 4010 προσφθέγγομαί

2407 4052 2466 4086 σε
2495 4034 2560 4085 δι’
2595 4033 2783 4103 ἀνδρὸς
2813 4033 2926 4103 (35)
2959 4033 3159 4085 οίκείου
3201 4033 3295 4086 καὶ
3340 4032 3494 4100 φίλου
3534 4032 3628 4084 καὶ
3664 4031 3980 4098 συγγενοῦς,

2405 4125 2497 4178 τοῦ
2521 4124 2848 4194 τιμιωτάτου
2881 4124 3057 4176 πάντα
3092 4124 3216 4192 ἐμοὶ
3249 4123 3602 4186 Νικοδούλου,
3633 4121 3691 4185 ὃς
3724 4123 3814 4174 καὶ
3841 4122 3980 4173 άπο-

2405 4214 2695 4283 λογήσεταί
2721 4231 2803 4266 σοι
2830 4214 2958 4284 περὶ
2983 4213 3138 4283 ἡμῶν
3162 4212 3492 4283 (ἀξιόπιστος
3514 4213 3570 4265 δὲ
3589 4215 3617 4266 ὁ
3639 4213 3798 4283 ἀνὴρ,
3824 4211 3982 4282 εἴπερ

2406 4305 2561 4367 ἄλλος
2586 4321 2688 4366 τις,
2727 4306 2827 4357 ὅσα
2855 4301 2920 4373 δὴ
2954 4304 3056 4373 ἐμὲ
3087 4302 3418 4373 γινώσκειν),
3454 4306 3546 4357 καὶ
3577 4304 3642 4357 δι’
3666 4303 3823 4374 ἡμῶν
3852 4304 3980 4355 ἐαυ-

2404 4394 2494 4446 τὸν
2523 4395 2779 4463 γνωρίσει
2814 4397 2879 4464 τῇ
2921 4397 2986 4464 σῇ
3019 4394 3336 4465 τελειότητι.

641 4485 650 4490 “
727 4493 889 4540 quam
942 4480 1101 4544 alius,
1152 4491 1412 4549 quantum
1459 4483 1677 4550 quidem
1713 4484 1829 4554 ipse
1864 4485 2178 4554 cognosco“),
2220 4494 2272 4539 et
2319 4501 2413 4554 per
2480 4501 2582 4541 nos
2653 4501 2775 4540 sese
2809 4486 3139 4556 praestantia:
3183 4496 3287 4541 tua:
3317 4486 3650 4542 noscendum
3700 4489 3976 4555 pra-bebit.

725 4664 853 4718 ituri
891 4680 1093 4741 stultus.
1129 4663 1248 4718 Mox
1279 4665 1464 4741 iidem.
1495 4669 1553 4721 οὐ
1585 4670 2083 4741 συγκαρτεροῦντες
2114 4687 2210 4739 pro
2237 4673 2297 4724 οὐ
2333 4675 2377 4731 [)
2406 4669 2442 4722 lc

2260 4673 2297 4724 ,ὑ
2333 4675 2377 4731 [)
2406 4669 2504 4722 lem
2538 4666 2894 4741 qu_¢rit._“_0c
2930 4668 3273 4738 proverbium
3310 4669 3763 4737 quemadmodum
3789 4684 3841 4729 et
3873 4675 3977 4731 alia

727 4734 1140 4809 καρτεροῦντες,
1171 4735 1462 4809 quudBill.
1488 4734 1685 4792 vertit':
1723 4734 1910 4792 A'nuo'n
1939 4734 2127 4794 illatas
2155 4741 2294 4809 inju-

725 4803 838 4876 rias
874 4803 1195 4857 tolerantes?
1242 4805 1336 4876 sed
1368 4821 1690 4876 perperam,
1739 4825 1860 4863 cum
1897 4825 2077 4865 sermo
2127 4803 2297 4864 sit'de

725 4870 915 4926 dolore
943 4887 1008 4926 ex
1035 4886 1260 4926 suorum
1291 4870 1462 4927 obiiu.

798 4939 1231 5017 (g§)__’El{wys‘r
1261 4941 1372 5009 τῆς
1396 4943 1681 5013 ἀνάγκης.
1715 4943 1787 4999 lta
1822 4947 1932 5002 fere
1956 4952 2115 5017 epist.
2147 4963 2297 5001 χχχιι

725 5009 793 5064 ad
824 5009 1178 5078 Philagrium.

798 5078 908 5147 (‘27)
942 5079 1052 5132 Καὶ
1088 5080 1290 5132 ταῦτα.
1329 5080 1403 5136 lta
1435 5084 1555 5136 cod.
1583 5082 1640 5136 In
1673 5085 1799 5137 edit.
1829 5086 1920 5138 καί
1943 5085 2114 5139 deest.

800 5149 913 5217 (‘38)
951 5149 1450 5216 ’Υπομιμνήσκων.
1493 5153 1565 5206 Ita
1615 5153 1738 5206 cod.
1786 5154 1908 5208 Par.
1945 5161 1998 5209 el.
2036 5155 2191 5208 1405.
2235 5152 2292 5208 In

727 5215 857 5293 edit.
897 5215 1344 5293 άναμιμνῇσκων.
1387 5220 1502 5293 Mox
1540 5238 1659 5288 pro,
1690 5225 1718 5274 ὁ
1747 5223 1802 5275 δὲ
1843 5225 1975 5285 Θεὸς
2021 5227 2138 5293 τῆς,
2185 5232 2292 5280 etc.

727 5285 1112 5359 Ct)tl_._i‘_05,;6
1143 5285 1197 5340 δὲ
1222 5289 1351 5350 Θεὸς
1381 5285 1576 5359 πάσης.

822 5355 910 5430 Ξθ)
951 5356 1122 5430 Ἡμῖν
1144 5355 1558 5430 ’γε-χαρίσαιτο.
1601 5358 1676 5412 lta
1711 5361 1830 5419 cod.
1865 5360 1996 5430 lleg.
2039 5375 2102 5413 ac
2135 5362 2295 5415 (Iom-

822 5467 834 5479 .
869 5424 922 5478 In
949 5427 1078 5506 edit.
1106 5427 1342 5546 χαρίσαι,
1382 5428 1458 5480 τό.

823 5496 911 5546 50»
941 5496 1090 5546 Altus
1132 5496 1172 5546 λ
1230 5495 1310 5546 \I.
1348 5496 1458 5546 Scrl

801 5496 911 5563 (30;
941 5496 1090 5550 Alias
1132 5495 1325 5568 XLVI:
1344 5496 1558 5568 Scripta
1599 5497 1808 5553 incerto
1838 5507 2116 5568 tempore;
2162 5498 2302 5553 forte

733 5573 911 5618 tamen
941 5574 1064 5619 ante
1104 5581 1229 5618 ann.
1268 5565 1391 5618 585.

798 5635 908 5704 (3i)
949 5636 1200 5687 Kalczér
1227 5634 1294 5685 δὲ
1325 5637 1480 5697 ποτί,
1513 5644 1617 5690 etc.
1678 5634 1790 5690 Hoc
1856 5634 2048 5702 adagio
2089 5633 2299 5702 signiti-

727 5713 904 5764 Catur,
954 5704 1198 5757 homines
1252 5705 1494 5769 ejusdem
1549 5706 1682 5756 artis
1725 5716 1776 5758 et
1810 5706 2137 5758 conditionis
2177 5706 2297 5756 vitzc

727 5773 957 5828 libenter
1001 5774 1160 5828 simul
1200 5776 1436 5838 versari;
1488 5776 1628 5829 unde
1674 5776 1802 5829 illud
1850 5795 1860 5828 :
1900 5775 2104 5829 Similis
2153 5774 2298 5826 simi-

2406 4739 2662 4792 nonnnlla
2717 4739 2786 4791 ah
2826 4738 2931 4793 hoc
2959 4748 3180 4792 auctore
3233 4748 3514 4806 usurpata,
3550 4741 3618 4794 ab
3666 4742 3894 4797 Erasmo
3923 4746 3977 4800 in

2405 4808 2739 4862 doctissimis
2783 4808 2889 4862 illis
2922 4807 3260 4862 Chiliadibus
3288 4810 3709 4875 praetermissum
3751 4821 3854 4867 est.
3889 4813 3980 4870 Sic

2407 4878 2536 4930 Bill.
2556 4877 2624 4929 At
2659 4886 2806 4931 certe
2833 4879 2914 4930 vir
2951 4877 3149 4937 bonus,
3180 4877 3308 4930 dum
3360 4879 3473 4930 haec
3528 4880 3822 4943 scriberet,
3850 4883 3978 4938 dor-

2407 4947 2637 5020 mitavit.
2672 4945 2933 5020 Erasmus
2967 4947 3112 5020 enim
3144 4947 3309 5020 refert
3335 4947 3585 5020 adagium
3618 4950 3832 5016 Semper
3853 4969 3980 5020 gra-

2407 5015 2557 5068 culus
2614 5015 2808 5085 assidet
2865 5016 3116 5084 graculo;
3178 5017 3307 5085 quin
3352 5025 3406 5070 et
3445 5017 3590 5070 hunc
3637 5015 3770 5071 citat
3799 5015 3976 5076 locum

2401 5085 2672 5159 Qregorii.
2707 5084 2865 5138 Errat
2899 5093 3080 5159 tamen
3105 5087 3232 5139 dum
3275 5085 3387 5139 haec
3415 5087 3661 5141 Eudoxio
3689 5089 3979 5159 scripsisse

2399 5153 2716 5221 Gregorium
2753 5154 2968 5208 asserit.

2473 5225 2582 5298 (ῃ)
2621 5222 2804 5298 Τοῦτο
2833 5222 2962 5290 γάρ.
3013 5222 3323 5298 Montac._et
3361 5222 3547 5298 Morel.
3574 5225 3748 5298 τούτῳ
3778 5229 3905 5298 γάρ.

2471 5294 2588 5369 (ζόξὶ)⁸
2633 5293 3040 5369 Ἀναίμίικτον.
3053 5333 3064 5344 .
3077 5334 3089 5347 .
3109 5293 3326 5369 ἀρχὴν.
3364 5295 3427 5346 Ἠ
3443 5293 3797 5369 Δἀναίμακτος
3813 5293 3976 5369 ἀρχή,

2471 5317 2582 5360 \oo)
2647 5317 3089 5358 Λναιμιικτυν...
3115 5317 3326 5359 αμχίρ-.
3382 5317 3427 5346 [ι
3461 5317 3792 5363 αναιμακτος
3813 5317 3882 5368 αρ
3921 5317 3972 5369 η,

2404 5363 2759 5431 ecclesiastica
2789 5372 3054 5431 potestas;
3098 5364 3129 5431 ἡ
3154 5364 3293 5431 ἀργὴ
3330 5364 3467 5429 μετὰ
3489 5363 3672 5430 ξίφους
3694 5366 3788 5418 καὶ
3819 5317 3972 5419 τεέα-

2414 5429 2615 5506 μῶνοῇ
2640 5429 3236 5506 secularis._!’erpe'rau_i
3269 5429 3433 5506 igitur
3470 5429 3751 5501 legendum
3783 5451 3982 5506 propo-

2410 5507 2545 5551 nunt
2570 5500 2807 5570 Matutae.
2841 5506 2893 5570 et
2922 5499 3108 5570 Morel.
3135 5499 3380 5570 καθάπερ
3413 5499 3587 5570 ὑμεῖς.

2488 5519 2545 5551 ιιι
2570 5519 2807 5552 montac.
2841 5519 2893 5552 et
2923 5519 3108 5554 moret.
3135 5519 3341 5553 καυαπε
3413 5519 3587 5570 υμεις.

2483 5570 2593 5634 (5i)
2639 5567 2776 5648 Ἐπὶ⁸
2821 5569 2892 5621 τὰ
2947 5568 3272 5637 γράμματα.
3341 5519 3416 5624 Ipta
3463 5571 3597 5625 Cod.
3640 5571 3782 5627 Edit.
3835 5572 3978 5642 πρά⁹

2408 5654 2610 5704 γματα,
2650 5653 2729 5689 rcs
2759 5653 2922 5704 ipsas.

2479 5707 2588 5780 (535)
2630 5708 2704 5780 At:
2737 5705 2974 5780 drdpe'c.
3007 5707 3139 5760 Cod.
3173 5709 3258 5760 διὰ
3290 5710 3528 5762 τοιούτου
3564 5710 3773 5780 ἀνδρὸς.
3810 5709 3979 5765 Paulo

2408 5774 2568 5837 intra,
2604 5776 2725 5830 cod.
2749 5776 2815 5828 τά
2850 5776 3021 5828 πάντα
3055 5793 3163 5844 μοι.
