5138 6644
756 505 864 565 575

2092 505 2427 564 EPISTOLA
2463 506 2741 563 CCXXXI.

3862 503 3968 561 επ

761 618 897 688 "pb;
936 616 986 669 τί
1024 616 1206 685 βλέπει
1250 633 1339 686 μοι
1388 617 1446 670 τὸ
1493 617 1870 688 παράδειγμα;
1897 611 2004 670 Ἦν
2036 618 2166 686 ἡμῖν
2194 616 2327 686 πρὸς
2357 623 2401 679 Α
2430 614 2738 669 absolvunt.
2785 626 2790 657 ε

1968 619 2004 669 [ν
2036 618 2166 686 ἡμῖν
2194 616 2327 686 πρὸς
2357 623 2401 679 Δ
2430 614 2738 669 absolvunt.
2785 614 3061 679 Quorsum
3104 611 3235 666 mihi
3268 618 3481 681 spectat
3518 611 3623 666 hoc
3651 610 3997 678 exemplum?

760 706 1018 775 ἀλλήλους
1053 704 1204 774 φιλία
1246 705 1476 775 καθαρᾶ
1501 723 1558 757 τε
1596 707 1687 758 καὶ
1720 706 1900 768 ἄδολος
1937 706 2188 776 (πρᾶγμα
2224 704 2331 756 τῶν
2433 704 2561 757 Erat
2604 703 2761 773 190

1968 707 2188 776 πρᾶγμα
2224 704 2331 756 τῶν
2433 704 2561 757 Erat
2604 703 2761 773 190
2798 704 2910 771 jam
2945 704 3086 758 inter
3131 717 3233 757 nos
3277 716 3411 771 pura
3455 700 3786 771 minimeque
3819 699 3997 754 fucata

762 795 1001 848 σπανίων
1024 794 1119 848 νῦν
1142 794 1397 866 μάλιστα,
1420 798 1510 849 καὶ
1531 799 1658 867 παρ’
1677 796 1879 864 ὀλίγοις
1899 794 2328 867 εὑρισκόμενον),

766 888 853 940 καὶ
897 884 1100 955 ταύτην
1149 886 1279 955 ἡμῖν
1331 885 1501 938 ἐποίει
1551 885 1673 939 οὑτε
1719 887 2005 955 συγγένεια
2060 884 2330 948 τοσοῦτον,

764 976 883 1029 οὑτε
913 974 1165 1029 κοινωνία
1187 975 1462 1045 πατρίδος,
1486 973 1629 1037 οὑτε,
1652 976 1680 1028 ὅ
1706 992 1867 1045 φησιν
1891 976 2155 1045 Ὅμηρος,
2188 977 2332 1042 ὁμη-

770 1065 926 1132 λικίη
954 1062 1248 1132 ἐρατεινὴ,
1279 1065 1401 1116 ὅσον
1429 1065 1730 1136 ὁμοτροπία
1749 1105 1763 1124 ,
1791 1064 1884 1117 καὶ
1922 1065 1983 1117 τὸ
2015 1067 2125 1126 τοῖς
2154 1064 2335 1126 αὑτοῖς

769 1154 996 1226 χαίρεινο
1026 1154 1057 1207 ὃ
1091 1154 1323 1224 μάλιστα
1355 1155 1590 1224 πήγνυσι
1619 1156 1716 1218 τὰς
1751 1155 1952 1223 φιλίας,
1991 1154 2083 1206 καὶ
2121 1153 2336 1222 βεὸαιο-

769 1246 931 1315 τέρας
966 1242 1277 1314 ἐργάζεται.
1310 1243 1424 1297 Νῦν
1455 1246 1549 1296 καὶ
1580 1244 1648 1297 τὰ
1686 1245 1816 1314 γένη
1858 1244 2185 1297 συνάπτεται
2220 1240 2338 1311 (σὺν

770 1335 886 1404 Θεῷ
911 1334 966 1387 δὲ
987 1336 1016 1386 ὁ
1039 1334 1237 1402 λόγος),
1270 1334 1356 1387 ἵνα
1388 1337 1453 1405 τῇ
1487 1335 1637 1403 φιλίᾳ.
1667 1332 1950 1404 προσθήκη
1980 1332 2224 1405 γένηται,
2250 1334 2341 1387 καὶ

775 1424 970 1493 μᾶλλον
1001 1417 1152 1494 ὦμεν
1180 1423 1291 1492 (59)
1323 1422 1584 1494 ἀλλήλων.
1631 1424 1742 1477 Καὶ
1774 1423 1931 1476 τοῦτο
1966 1422 2341 1493 πραγματεὺε-

771 1531 860 1568 ται
894 1513 1005 1583 (66)
1040 1512 1247 1583 φίλτρῳ
1264 1512 1458 1581 δικαίῳ
1493 1511 1699 1581 βοηθῶν
1730 1514 1757 1564 ὁ
1786 1512 1936 1575 Θεός.
1968 1514 2095 1583 Ἔχε
2127 1508 2221 1565 οὖν
2250 1512 2343 1565 καὶ

776 1606 918 1673 ἡμᾶς
948 1602 1037 1657 διὰ
1070 1601 1165 1654 τοῦ
1198 1600 1536 1669 γλυκυτάτου
1568 1599 1683 1653 υἱοῦ
1720 1601 1877 1671 ἡμῶν
1916 1601 2217 1672 Εὐφημίου·
2251 1601 2344 1653 καὶ

776 1694 967 1761 ἔχομεν
1002 1691 1143 1760 ὑμᾶς
1162 1688 1248 1742 διὰ
1281 1692 1377 1759 τῆς
1409 1688 1752 1758 γλυκυτάτης
1783 1689 2050 1761 θυγατρὸς
2079 1691 2250 1761 ὑμῶν.
2273 1689 2345 1743 Τὸ

774 1784 831 1837 δὲ
852 1782 997 1851 ἑξῆς,
1024 1782 1126 1834 οὑκ
1145 1776 1260 1833 οἶδα
1286 1780 1426 1849 ὑπὲρ
1449 1779 1591 1842 τίνος
1624 1780 1844 1849 μᾶλλον,
1870 1781 1902 1850 ἢ
1933 1781 2039 1832 τίνι
2059 1780 2343 1849 διαλεχθῶ,

778 1872 915 1941 ὑπὲρ
942 1870 1035 1923 τοῦ
1063 1869 1185 1922 νὲου
1213 1872 1277 1940 τῇ
1313 1869 1554 1939 ὑμετέρᾳ
1588 1869 1860 1940 τιμιότητι
1893 1869 2027 1937 (61),
2056 1870 2088 1940 ἢ
2126 1870 2203 1941 τῷ
2238 1870 2343 1940 νέῳ

2433 788 2672 847 amicitia
2730 793 2840 862 (res
2874 807 3006 847 sane
3050 808 3197 847 nunc
3242 791 3543 862 praesertim
3580 805 3726 856 rara,
3768 804 4000 859 quasque

2436 884 2491 940 in
2528 884 2720 953 paucis
2761 882 3117 951 inveniatur),
3166 890 3328 952 atque
3358 881 3499 934 hanc
3536 880 3715 943 nobis,
3748 895 3856 933 non
3887 888 3996 934 tam

2435 974 2713 1042 cognatio,
2741 980 2797 1025 et
2825 971 3134 1027 communis
3164 973 3363 1041 patria,
3396 976 3455 1025 et
3480 979 3535 1023 ιιι
3570 967 3790 1022 Homeri
3818 968 4001 1022 verbis

2438 1069 2581 1125 utar,
2627 1062 2873 1119 curabilis
2924 1070 3143 1116 wtatum
3192 1060 3469 1129 a‘qualitas
3505 1056 3791 1119 efﬁciebat,
3837 1070 3999 1125 quam

2438 1167 2648 1208 morum
2693 1152 3017 1216 similitudo,
3062 1151 3319 1222 quodque
3360 1150 3551 1204 iisdem
3594 1147 3760 1203 rebus
3799 1144 4001 1216 gaude-

2439 1258 2659 1308 remus;
2699 1241 2845 1311 quod
2878 1242 3096 1311 quidem
3128 1240 3402 1295 amicitias
3432 1237 3665 1293 maxime
3714 1250 4005 1305 coagmen-

2440 1341 2540 1395 tat,
2584 1334 2960 1401 firmioresque
2991 1331 3192 1387 reddit.
3232 1329 3388 1386 Nunc
3424 1342 3642 1398 quoque
3680 1340 3876 1397 genera
3910 1339 4007 1379 co-

2441 1425 2696 1492 pulantur
2743 1423 2970 1491 (faveat
3024 1423 3183 1477 velim
3234 1421 3361 1474 huic
3409 1419 3649 1474 sermoni
3698 1415 3884 1485 Deus),
3946 1422 4006 1469 ut

2442 1530 2596 1567 amor
2635 1521 2825 1568 noster
2871 1515 3266 1567 incrementum
3306 1511 3507 1579 capiat,
3550 1508 3834 1576 magisque
3872 1506 4008 1560 alter

2445 1604 2671 1657 alterius
2711 1604 2905 1658 simus.
2962 1602 3142 1669 Atque
3192 1601 3244 1653 id
3294 1601 3404 1670 agit
3454 1614 3519 1653 ac
3566 1597 3788 1651 molitur
3844 1594 4007 1660 Deus,

2442 1694 2590 1763 justo
2636 1697 2807 1748 amori
2852 1708 3009 1763 θρα-ιιι
3050 1692 3251 1747 ferens.
3287 1691 3676 1757 Quamobrem,
3716 1697 3772 1743 et
3818 1696 3875 1742 tu
3908 1703 4009 1741 nos

2449 1796 2482 1851 p
2519 1797 2544 1833 r
2570 1783 2955 1836 suavissimum
2984 1783 3151 1835 ﬁlium
3178 1788 3423 1833 nostrum
3452 1778 3809 1848 Euphemium
3841 1776 4007 1831 habe:

2446 1879 2500 1923 et
2542 1886 2642 1925 nos
2690 1872 2815 1925 item
2853 1888 2945 1940 per
2990 1869 3376 1926 suavissimam
3426 1868 3586 1920 filiam
3636 1876 3871 1921 vestram
3916 1881 4013 1919 vos

779 1940 907 2030 περὶ
953 1956 1126 2027 ὑμῶν.
1169 1955 1362 2011 Εὑνοια
1406 1955 1515 2026 γὰρ
1561 1956 1765 2026 πατρὸς
1808 1957 2013 2019 τέκνοις
2062 1940 2339 2027 ὁμότιμος.
2377 1940 2414 1997 Β
2444 1959 2727 2014 habemus.
2757 1959 2802 2025 Ο

1980 1974 2013 2019 ,ς
2062 1940 2339 2027 ὁμότιμος.
2377 1940 2414 1997 Β
2444 1959 2727 2014 habemus.
2757 1959 2912 2025 Quod
2935 1968 3115 2014 autem
3137 1959 3405 2027 sequitur,
3426 1958 3603 2011 utrius
3625 1957 3807 2027 potius
3823 1970 4009 2017 causa,

782 2048 925 2117 Πλὴν
963 2045 1265 2115 ἐπεύχομαι
1301 2045 1429 2115 ὑμῖν
1466 2044 1560 2095 ἐπὶ
1594 2046 1759 2097 παντὶ
1806 2043 2063 2115 βελτίστῳ
2100 2044 2350 2112 γενέσθαι

781 2140 876 2207 τὴν
909 2134 1192 2202 συζυγίαν,
1225 2134 1319 2188 καὶ
1339 2133 1457 2185 οἵαν
1486 2132 1655 2196 είκδς,
1685 2133 1819 2185 Θεοῦ
1851 2133 2297 2205 συναρμόζοντος.

2456 2058 2550 2102 aut
2588 2051 2652 2102 ad
2690 2065 2849 2118 quem
2896 2051 3109 2120 loquar,
3158 2066 3268 2103 non
3313 2049 3461 2111 novi,
3507 2064 3702 2118 nempe
3729 2046 4016 2116 juvenisne

2457 2154 2623 2192 causa
2657 2139 2723 2193 ad
2758 2147 2994 2195 vestram
3024 2140 3423 2209 praestantiam,
3446 2154 3514 2191 an
3542 2147 3721 2192 vestra
3752 2150 3919 2192 causa
3949 2136 4017 2189 ad

780 2230 1071 2298 juvenem?
1110 2227 1287 2283 Patris
1332 2227 1477 2281 enim
1542 2228 2055 2299 benevolentia-par
2116 2246 2242 2300 erga
2275 2231 2496 2289 liberos.
2544 2235 2812 2290 Caeterum
2881 2235 2934 2289 id
2971 2236 3122 2291 vobis
3170 2243 3334 2305 opto,
3368 2242 3428 2288 ut
3470 2235 3573 2288 hoc
3615 2232 4016 2288 matrimonium

784 2337 944 2391 quam
959 2323 1162 2393 optime
1188 2321 1367 2384 cedat,
1395 2327 1557 2390 atque
1588 2332 1662 2376 ita
1694 2329 1752 2375 ut
1787 2338 1885 2392 par
1912 2332 2016 2389 est,
2047 2340 2170 2379 cum
2201 2324 2344 2382 Deus
2382 2328 2435 2381 id
2462 2328 2702 2399 copulat.

1152 2474 1317 2527 ΣΑΑι.
1353 2475 1638 2545 nmmo
1660 2476 1817 2545 «rle
1846 2474 1980 2546 (62).

2802 2480 3083 2536 CCXXXI.
3126 2481 3210 2538 Εἰ]
3223 2481 3419 2536 SEBIO
3454 2480 3685 2535 AMICO.

791 2629 1002 2686 Festina
1032 2629 1315 2685 admodum
1346 2640 1421 2685 est
1452 2628 1562 2686 ha'c
1604 2632 1827 2708 cpistola
1856 2632 2091 2708 quanrvis
2122 2650 2153 2685 α
2185 2634 2295 2686 uiro
2327 2634 2512 2708 morbo
2554 2636 2828 2708 laborante
2858 2638 3077 2708 scripta,
3108 2636 3333 2691 Eusebio
3377 2638 3440 2691 de
3470 2638 3629 2708 hujus
3658 2638 3762 2706 ﬁlii
3791 2635 4023 2705 nuptiis;

1766 2700 2117 2756 benedictione
2146 2713 2194 2756 et
2233 2705 2365 2758 votis
2399 2706 2718 2760 solemnibus
2758 2700 3046 2760 clauditur.

855 2853 1150 2925 Εὑὼπιονὴ
1171 2855 1401 2925 φιλτάτη
1419 2854 1528 2923 (6'5)
1545 2894 1560 2918 ,
1583 2857 1677 2907 καὶ
1698 2855 1876 2925 γάμου
1895 2856 2104 2926 καιρὸς,
2132 2857 2223 2908 καὶ
2242 2856 2356 2925 βίου

791 2946 1026 3014 κρηπὶς,
1072 2946 1162 2998 καὶ
1207 2944 1454 3014 πατέρων
1494 2944 1649 3013 εὑχαὶ
1696 2944 2102 3015 πληρούμεναι.
2167 2945 2358 3014 Ἡμεῖς

790 3033 847 3085 δὲ
877 3032 1139 3100 ἄπεσμεν,
1194 3030 1287 3094 οὓς
1322 3033 1553 3102 μάλιστα
1588 3036 1838 3102 παρεῖναι
1874 3035 1966 3085 καὶ
2006 3032 2357 3101 συνεύχεσθαι

790 3122 996 3175 δίκαιον
1032 3118 1118 3192 ἦν.
1156 3122 1262 3174 Καί
1296 3140 1377 3175 τοι
1411 3124 1504 3175 καὶ
1540 3124 1873 3193 ὑπεσχόμην,
1902 3123 1964 3175 τὸ
1990 3123 2096 3195 γὰρ
2124 3122 2360 3186 ἐλπίζειν

793 3213 934 3283 ὑπῆν
959 3212 1035 3282 τῷ
1066 3212 1266 3267 ποθεῖν·
1304 3212 1481 3266 ἱκανὶν
1513 3212 1617 3283 γὰρ
1652 3215 1730 3273 εἰς
1761 3214 1973 3282 ἀπάτην
2008 3214 2118 3283 (66)
2147 3214 2207 3265 τδ
2238 3214 2362 3282 βού-

795 3302 997 3356 λεσθαι.
1031 3305 1137 3356 Καὶ
1167 3304 1421 3367 πολλάκις
1449 3304 1545 3372 μὲν
1574 3305 1847 3371 ὁρμήσας,
1861 3304 2118 3366 πολλάκις
2142 3304 2197 3354 δὲ
2229 3320 2361 3354 κατ-

795 3395 1046 3463 οκνήσας,
1080 3395 1231 3456 τέλος
1274 3396 1510 3465 ἡττήθην
1543 3395 1634 3463 τῆς
1692 3394 1997 3465 ἀρρωστίας
2027 3395 2158 3463 (65).
2184 3394 2365 3446 Ἀλλοι

799 3485 896 3554 μὲν
929 3480 1022 3537 οὖν
1055 3484 1390 3539 καλείτωσαν
1435 3486 1641 3553 ἔρωτας
1679 3484 1887 3554 (ἐπειδὴ
1923 3485 2156 3554 γαμικὸν
2188 3484 2280 3536 καὶ
2307 3484 2369 3535 τὸ

799 3576 1072 3645 παίζειν).
1128 3578 1219 3629 καὶ
1264 3576 1531 3647 παρθένου
1584 3577 1780 3641 καλλος
1825 3576 2187 3646 γραφέτωσαν
2215 3614 2228 3636 ,
2278 3577 2370 3629 καὶ

799 3664 1030 3735 νυμφίου
1072 3664 1230 3734 χάριν
1267 3665 1743 3733 ἀντεγειρέτωσαν,
1780 3665 1873 3717 καὶ
1904 3664 2244 3733 βαλλέτωσαν
2282 3664 2368 3716 λό-

802 3771 917 3821 γοις
947 3753 1083 3823 μετὰ
1124 3752 1231 3805 τῶν
1277 3753 1449 3805 ἀνθῶν
1497 3754 1606 3822 (66)
1642 3755 1739 3818 τὰς
1785 3753 2080 3817 παστάδας.
2133 3753 2271 3820 Ἐγὼ
2315 3754 2370 3806 δὲ

804 3844 931 3913 ὑμῖν
955 3844 1211 3913 προσᾲσω
1231 3842 1339 3910 (b7)
1364 3844 1454 3894 τὸν
1477 3845 1604 3913 ἐμὸν
1626 3844 1998 3913 ἐπιθαλάμιον.
2024 3848 2069 3897 Ε
2078 3844 2371 3912 {ﬂoruerat

805 3931 958 3997 ὑμᾶς
984 3935 1191 4001 Κύρνος
1216 3933 1283 3984 ἐκ
1314 3933 1483 3995 Σιὼν,
1516 3936 1607 3985 καὶ
1641 3934 1796 3997 αὑτὸς
1830 3934 2064 4003 ἁρμόσαι
2092 3934 2189 4002 τὴν
2218 3934 2376 3996 συζυ-

805 4022 949 4090 γίαν,
986 4022 1083 4074 καὶ
1134 4021 1283 4087 ῖδοις
1320 4024 1485 4087 υἱοὺς
1524 4022 1641 4075 τῶν
1686 4024 1830 4076 υἱῶν
1877 4040 2014 4085 σου,
2058 4024 2117 4075 οὑ
2162 4023 2293 4076 πολὺ
2331 4024 2374 4075 δ’

807 4115 998 4174 εἰπεῖν,
1024 4114 1103 4165 ὅτι
1130 4113 1221 4165 καὶ
1248 4113 1582 4183 κρείσσονας.
1610 4112 1781 4165 Τοῦτο
1807 4115 1899 4167 καὶ
1922 4112 2109 4184 παρὼν
2138 4113 2375 4182 ἐπηυξά-

812 4220 920 4272 μην
972 4203 1037 4255 ἂν
1086 4204 1235 4272 ὑμῖν,
1260 4205 1349 4255 καὶ
1398 4203 1490 4255 νῦν
1544 4204 1866 4274 ἐπεύχομαι.
1914 4203 2093 4262 Τᾶλλα
2145 4204 2200 4255 δὲ
2250 4204 2377 4273 ὑμῖν

2536 2858 2734 2928 Ev0pia
2766 2860 3162 2925 amantissima,
3192 2868 3245 2916 et
3274 2859 3515 2914 nubendi
3554 2867 3790 2928 tempus,
3818 2866 3873 2913 et
3906 2858 4029 2914 vita:

2466 2948 2905 3012 fundamentum,
2950 2958 3004 3004 et
3037 2959 3326 3019 parentum
3368 2957 3491 3004 vota
3529 2950 3759 3018 expleta.
3791 2947 3902 3003 Nos
3930 2964 4029 3002 au-

2464 3043 2573 3090 tem
2596 3036 2879 3099 absumus,
2918 3053 3058 3106 quos
3100 3038 3338 3091 maxime
3378 3037 3571 3091 adesse
3608 3050 3672 3089 ac
3710 3037 3870 3090 simul
3902 3044 4028 3089 vota

2469 3125 2649 3179 facere
2704 3129 3009 3194 oportebat.
3068 3126 3213 3191 Quin
3266 3127 3318 3180 id
3374 3141 3591 3196 quoque
3652 3126 4028 3194 promiseram,

2470 3214 2736 3282 siquidem
2781 3216 3067 3285 cupiditati
3107 3232 3235 3284 spes
3280 3217 3502 3271 suberat
3541 3235 3553 3270 ε
3596 3231 3847 3286 magnam
3885 3217 4030 3270 enim

2468 3304 2534 3357 ad
2582 3303 2875 3358 fallendum
2928 3306 3035 3357 vim
3076 3306 3239 3360 habet
3268 3307 3469 3375 aliquid
3513 3307 3667 3360 velle.
3705 3307 3881 3374 Atque
3917 3305 4034 3376 ipse

2467 3395 2710 3463 quidem,
2757 3410 2882 3447 cum
2936 3411 3077 3464 smpe
3122 3397 3394 3465 proficisci
3445 3412 3746 3465 parassem,
3785 3411 3847 3449 ac
3894 3412 4036 3464 saepe

2470 3500 2687 3537 rursum
2714 3494 3008 3539 cunctatus
3039 3501 3240 3551 essem,
3270 3486 3487 3540 tandem
3537 3501 3566 3539 a
3590 3487 3781 3540 morbo
3811 3502 4037 3555 supera-

2473 3584 2561 3630 tus
2595 3590 2736 3628 sum.
2769 3575 2871 3628 Alii
2906 3576 3070 3644 igitur
3090 3591 3304 3629 amores
3336 3584 3531 3628 vocent
3577 3575 4060 3643 (quandoquidem,

2473 3665 2675 3732 nuptiis
2715 3673 3119 3719 consentaneus
3168 3673 3252 3718 est
3309 3664 3505 3735 lusus),
3562 3680 3625 3718 ac
3657 3665 3883 3733 virginis
3919 3665 4040 3733 pul-

2472 3755 2833 3809 chritudinem
2868 3757 3114 3826 pingant,
3164 3755 3464 3824 sponsique
3494 3762 3830 3811 venustatem
3884 3754 4040 3808 vicis-

2474 3846 2575 3899 sim
2610 3846 2883 3911 attollant,
2911 3847 3322 3915 thalamumque
3352 3852 3409 3899 ut
3448 3843 3698 3907 ﬂoribus,
3730 3845 3800 3897 ita
3837 3858 4040 3898 sermo-

2476 3936 2639 3989 nibus
2680 3945 3063 4005 conspergant.
3114 3935 3225 4005 Ego
3261 3950 3388 3989 vero
3419 3935 3661 4005 nuptiale
3708 3951 3886 3989 meum
3915 3948 4040 3987 car-

2476 4042 2598 4079 men
2656 4027 2811 4080 vobis
2865 4029 3106 4080 accinam
3146 4043 3158 4078 :
3206 4027 3493 4080 Bcnedicat
3543 4043 3630 4079 ros
3673 4025 3928 4077 Dominus
3978 4039 4043 4076 ex

2479 4114 2690 4181 Sion",
2719 4125 2882 4186 atque
2919 4116 3031 4186 ipse
3054 4118 3460 4171 matrimonium
3494 4117 3786 4170 concinnet
3818 4131 3831 4166 ε
3867 4114 3935 4167 Et
3960 4115 4040 4167 vi-

2478 4207 2601 4260 deas
2640 4208 3035 4275 ﬁlios-ﬁliarum
3068 4216 3276 4261 tuorum
3313 4208 3375 4273 u;
3404 4222 3541 4276 pene
3585 4206 3793 4266 addidi.
3829 4212 3882 4258 te
3906 4219 4043 4274 quos

815 4293 1040 4363 μελέτω,
1085 4294 1178 4346 καὶ
1224 4294 1567 4361 πεφανοὺτω
1607 4296 1807 4363 πατὴρ,
1841 4294 1915 4355 ὡς
1956 4293 2176 4364 ηὔξατο.
2211 4294 2380 4346 Τοῦτο
2479 4314 2586 4367 que
2617 4299 2840 4353 meliore

2016 4294 2176 4356 ιξατοο
2211 4294 2380 4346 Τοῦτο
2479 4314 2586 4367 que
2617 4299 2872 4354 meliores
2925 4314 2989 4351 ac
3022 4299 3451 4370 prmstantiores.
3505 4296 3619 4351 Hoc
3663 4306 3717 4351 et
3765 4296 3939 4358 vobis,
3997 4294 4045 4348 si

814 4386 920 4452 γὰρ
949 4390 1043 4437 καὶ
1064 4386 1236 4437 εἵπου
1266 4385 1463 4453 γάμοις
1493 4386 1964 4455 παραγεγόναμεν,
2002 4383 2375 4453 ἐτυπὼσαμεν·

813 4477 1032 4527 ἐκείνων
1055 4476 1154 4545 μὲν
1173 4471 1311 4528 εἶναι
1334 4477 1457 4538 τοὺς
1486 4477 1797 4543 στεφάνους,
1824 4479 1856 4545 ἡ
1867 4475 1979 4545 μῶν
2000 4475 2056 4526 δὲ
2079 4474 2173 4537 τὰς
2197 4476 2378 4543 εὐχὰς,

816 4567 880 4629 Et;
912 4562 1026 4618 οἶδα
1055 4565 1129 4635 μὴ
1160 4565 1341 4629 τόποις
1374 4567 1717 4636 ὀριζομένας.

2482 4391 2751 4454 adessem,
2795 4406 3073 4457 orassem;
3123 4398 3177 4443 et
3221 4406 3369 4443 nunc
3422 4397 3571 4459 opto.
3623 4389 3830 4442 Caetera
3862 4394 4044 4440 autem

2482 4479 2639 4532 vobis
2688 4494 2835 4531 cura:
2865 4480 2996 4540 sint,
3027 4494 3089 4531 ac
3115 4487 3269 4547 pater
3296 4479 3460 4531 tiliam
3496 4479 3645 4530 vittis
3677 4476 3948 4534 redimiat,
3988 4481 4047 4525 ut

2410 4560 2455 4615 D
2489 4568 2715 4635 optavit.
2754 4567 2865 4620 lloc
2906 4570 3072 4631 enim,
3121 4576 3175 4621 et
3224 4569 3383 4623 sicuti
3435 4567 3641 4635 nuptiis
3678 4564 4046 4629 interfuimus,

817 4658 1277 4726 prmscripsimus;
1347 4673 1539 4729 nempe
1610 4660 1851 4728 ipsorum
1920 4672 2152 4713 coronas
2180 4673 2320 4723 esse,
2366 4667 2613 4714 nostrum
2680 4671 2861 4716 autem
2900 4678 3023 4717 esse
3068 4678 3278 4733 preces,
3327 4676 3464 4731 quas
3508 4662 3624 4715 scio
3664 4661 3798 4715 locis
3827 4656 4048 4714 minime

816 4752 1066 4807 delinitas
1088 4768 1150 4805 ac
1180 4753 1649 4825 eircumscriptas.

920 4929 963 4960 "
1015 4928 1157 4984 Psal.
1193 4946 1400 4992 cum,
1565 4932 1605 4961 "
1643 4930 1776 4984 ihid.
1808 4930 1861 4984 6.

890 5103 1002 5174 (59)
1039 5102 1289 5158 Μᾶλλον
1335 5099 1507 5174 ὦμεν.
1562 5103 1667 5158 Pro
1732 5098 1878 5173 ὦμεν
1940 5103 2056 5156 Bill.
2127 5101 2379 5172 proponit

820 5172 1077 5243 ἐρῶμεν,
1145 5190 1338 5242 uosque
1380 5172 1565 5228 ‘mutuo
1624 5172 1814 5242 majori
1871 5189 2048 5227 amore
2102 5188 2385 5241 prosequa-

821 5258 939 5295 mur
946 5284 958 5295 .

891 5312 1003 5379 (60)
1028 5312 1513 5383 Πραγμᾳτεύετηι.
1546 5313 1678 5367 Cod.
1712 5310 2181 5383 πραγματεύηται,
2232 5319 2385 5376 atque

819 5380 876 5433 id
900 5389 1021 5445 agat
1054 5396 1116 5432 ac
1138 5380 1389 5433 moliatur
1422 5382 1575 5435 Deus.
1758 5380 1768 5383 ’
1871 5380 1877 5381 ί
2190 5391 2198 5398 “

893 5448 1002 5517 (6t)
1044 5450 1351 5517 τιμιότητι.
1384 5450 1636 5504 Nonnulli
1657 5450 1817 5504 codd.
1851 5465 1911 5503 ac
1938 5446 2180 5502 Comhel'.
2207 5445 2382 5517 λογιό-

820 5515 965 5588 τητι,
998 5517 1067 5569 ad
1098 5515 1343 5588 uestram‘
1368 5520 1691 5588 facundiam.
1743 5518 1885 5582 Mox,
1925 5535 2019 5588 pro
2052 5516 2177 5584 περὶ
2211 5515 2382 5583 ὑμῶν.

822 5584 941 5639 Ball.
966 5586 1231 5657 proponit
1258 5584 1396 5657 ὑπὲρ
1428 5588 1600 5657 ὑμῶν.

896 5652 1004 5720 (δεῖ)
1052 5652 1198 5709 Alias
1263 5652 1491 5711 CLXXI.
1568 5658 1781 5729 Scripta
1837 5657 2021 5712 eodem
2071 5652 2209 5707 forte
2252 5662 2388 5707 tem-

828 5740 971 5792 pore.

2554 5097 2962 5217 (332-Eﬁdlﬂl0‘r
2987 5096 3026 5161 τ)
3056 5093 3330 5164 φιλτάτη.
3358 5090 3476 5143 Bill.
3512 5088 3709 5158 EvOpia
3740 5092 3815 5142 tui
3845 5105 4047 5142 amores

2607 5184 2632 5217 ε
2658 5183 2793 5217 ιειω.

2484 5185 2545 5220 ac
2571 5168 2793 5219 deliciw.

2553 5237 2661 5305 (64)
2693 5238 2795 5299 Είς
2829 5233 3085 5302 ἀπάτην.
3136 5231 3271 5285 Cod.
3304 5230 3467 5291 9.022,
3499 5238 3551 5283 et
3574 5226 3637 5279 Β.
3686 5230 3763 5289 εἰς
3810 5227 4048 5296 ἀγάπην,

2480 5306 2549 5356 ad
2564 5304 2885 5357 amandum.

2552 5374 2662 5437 (65)
2725 5371 3017 5439 Ἠττήθην
3058 5370 3165 5437 τῆς
3221 5368 3572 5435 ἁρῤωστιάς.
3638 5364 4047 5419 Cotnbetisius:

2479 5441 2664 5497 Morbo
2692 5442 2954 5495 succubui.

2551 5512 2661 5581 (66)
2696 5510 2881 5581 Μετὰμ
2901 5507 3270 5581 τῷνᾼᾲνθῶν.
3311 5507 3384 5559 Ita
3421 5503 3545 5558 cod.
3594 5511 3646 5557 et
3702 5501 3950 5556 Conibef.
3993 5502 4052 5556 Ιιι

2482 5576 2619 5651 edit.
2644 5576 2786 5651 ’μετὰ
2817 5578 2921 5651 τῷν
2952 5576 3176 5651 ἀνθέων.
3224 5645 3235 5651 _
3298 5647 3309 5651 _
3337 5643 3425 5651 ’Μ’
3564 5641 3598 5651 Π
3698 5640 3709 5651 _
3768 5639 3789 5651 ⁸
3834 5637 3850 5651 _
3972 5639 3999 5651 _,

2554 5637 2670 5788 (67;
2701 5645 3007 5714 Προσᾴσω.
3036 5647 3108 5699 Ita
3138 5645 3258 5699 cod.
3297 5643 3447 5706 HOES,
3478 5658 3538 5696 ac
3559 5639 3803 5694 Combef.
3834 5637 3891 5693 ln
3922 5639 4050 5692 edit.

2554 5736 2635 5769 200
2676 5734 2798 5769 σων.

2496 5734 2798 5788 προσᾳσων.
