5138 6644
1281 403 1375 460 591
2533 399 2591 454 S.
2635 397 2965 456 GREGORH
3016 397 3356 453 THEOLOGI

4407 405 4508 460 59‘!

1349 512 1552 565 Servos
1594 523 1951 579 quoscunque
1988 509 2073 564 vel
2105 522 2224 563 mea
2257 509 2560 571 voluntate,
2601 511 2680 564 vel
2713 511 2838 563 bea-
2866 518 2906 569 Α
3006 511 3143 576 Τοὺς
3162 506 3254 565 οὖν
3273 512 3378 563 οικὲ

2479 517 2560 571 te,
2601 511 2680 564 vel
2713 511 2838 563 bea-
2866 518 2906 569 Λ
3006 511 3143 576 Τοὺς
3162 506 3254 565 οὖν
3273 511 3508 573 οἰκέτας,
3526 511 3620 572 οὓς
3637 511 3746 580 (51)
3773 511 4140 582 ἠλευθέρωτα,
4161 513 4269 566 εἴτε
4293 513 4351 579 ἐξ
4368 519 4508 585 ἐμῆς

1280 603 1616 658 tissimorum
1672 609 1958 670 parentum
2028 615 2273 654 meorum
2331 601 2588 654 mandato
2647 615 2832 652 manu-

1279 693 1403 746 misi
1436 711 1449 746 :
1481 693 1580 746 hos
1607 707 1802 746 omnes
1842 705 1990 745 nunc
2017 692 2180 745 etiam
2212 690 2412 744 liberos
2445 705 2664 744 manere
2692 690 2836 752 volo,

1274 793 1331 836 et
1353 781 1560 851 peculia
1593 797 1690 835 sua
1733 782 1870 850 ipsis
1899 782 2106 849 absque
2138 779 2247 831 ullo
2275 779 2662 848 impedimento
2684 778 2838 831 iirma

1277 887 1613 943 permanere.
1667 871 1797 926 Volo
1839 880 2098 941 praetcrea
2146 871 2413 924 hazredem
2461 884 2664 930 meum,
2705 867 2838 923 Gre-

1278 964 1489 1032 gorium
1535 963 1846 1024 diaconum,
1891 976 1998 1014 una
2034 975 2159 1014 cum
2212 961 2496 1015 Eustathio
2545 958 2836 1024 monacho,

1278 1054 1469 1107 ambos
1489 1053 1618 1107 olim
1647 1067 1676 1104 e
1701 1051 1862 1104 domo
1884 1065 2024 1112 mea,
2047 1051 2328 1118 possidere
2351 1048 2611 1117 praedium
2642 1049 2839 1100 Arian-

1278 1158 1496 1204 zemun,
1525 1141 1667 1210 quod
1717 1157 1782 1194 ex
1828 1139 2060 1210 Rhegini
2103 1140 2261 1195 bonis
2314 1138 2381 1192 ad
2431 1153 2533 1192 nos
2569 1137 2834 1208 pervenit.

1275 1231 1532 1301 Gregales
1571 1246 1701 1285 vero
1748 1246 1920 1301 equas
1966 1241 2020 1286 et
2064 1246 2213 1295 oves,
2259 1236 2526 1300 quotquot
2555 1230 2666 1298 jam
2705 1228 2838 1297 ipsis

1279 1334 1524 1387 praesens
1555 1318 1671 1372 dari
1711 1319 1873 1387 jussi,
1905 1333 2245 1388 quarumque
2287 1318 2672 1387 proprietatem
2704 1316 2836 1385 ipsis

1276 1423 1343 1461 ac
1372 1400 1700 1462 'dominium
1745 1409 1976 1472 tradidi,
2017 1408 2118 1462 has
2166 1408 2300 1477 ipsis
2350 1408 2566 1476 quietas
2618 1421 2837 1460 manere

1276 1501 1422 1562 volo,
1448 1499 1572 1569 jure
1601 1499 1848 1554 dominii.
1881 1498 1984 1553 Per
2022 1499 2440 1568 praeceptionem
2480 1499 2606 1552 item
2630 1495 2835 1566 Grego-

1276 1592 1418 1644 rium
1449 1591 1758 1652 diaconum,
1790 1596 1845 1643 et
1877 1588 2148 1642 hatredem
2184 1603 2384 1650 meum,
2419 1586 2508 1656 qui
2547 1587 2678 1640 mihi
2708 1586 2838 1641 lide-

1277 1683 1399 1736 liter
1436 1679 1781 1743 ministravit,
1818 1679 2030 1748 privato
2059 1679 2183 1748 jure
2217 1678 2446 1731 dominii
2478 1677 2680 1731 habere
2713 1678 2836 1730 volo

1275 1784 1471 1823 aureos
1499 1781 1724 1822 numero
1749 1767 2165 1837 quinquaginta.
2202 1767 2486 1820 Russiana:
2523 1765 2722 1834 virgini
2745 1781 2838 1819 ve.

1277 1857 1549 1924 nerandze,
1582 1856 1898 1926 propinquae
1929 1872 2080 1919 mezc,
2112 1868 2259 1909 certa
2285 1855 2528 1924 qua-dam
2569 1856 2622 1908 in
2661 1870 2835 1908 annos
2870 1849 2909 1904 Β

1275 1949 1520 2018 singulos
1541 1947 1657 2002 dari
1675 1947 1836 2016 jussi,
1876 1948 2020 2000 unde
2046 1947 2340 2000 liberaliter
2368 1947 2537 2010 vivat;
2567 1961 2688 2015 quze
2716 1947 2837 2015 qui-

1273 2041 1397 2094 dem
1429 2040 1608 2093 omnia
1637 2040 1832 2102 eidem.
1861 2037 2315 2109 quemadmodum
2342 2038 2676 2106 praescripsi,
2715 2039 2838 2091 volo

1274 2145 1338 2183 ac
1369 2129 1535 2197 juheo
1573 2129 1863 2198 quotannis
1905 2129 2024 2182 sine
2056 2142 2208 2180 mora
2248 2127 2516 2196 praestari.
2554 2127 2630 2182 De
2676 2128 2835 2182 habi-

1275 2221 1482 2275 latione
1515 2228 1695 2272 autem
1741 2227 1855 2272 tum
1886 2217 2106 2287 quidem
2143 2217 2279 2271 nihil
2314 2225 2603 2286 propterea
2643 2217 2833 2281 statui,

1275 2311 1418 2384 quod
1465 2310 1730 2363 nescirem
1777 2307 2165 2376 ubinam.ipsa
2191 2306 2388 2375 degere
2432 2306 2635 2360 mallet.
2681 2304 2837 2359 Nunc

1276 2419 1426 2466 vero,
1471 2410 1524 2456 et
1557 2401 1660 2456 hoc
1701 2402 1843 2464 volo,
1891 2415 2221 2470 quocunque
2279 2399 2394 2467 ipsa
2430 2399 2549 2452 loco
2589 2399 2833 2468 elegerit,

1276 2495 1457 2564 parari
1497 2494 1546 2548 ei
1568 2494 1786 2548 domum
1824 2494 2070 2562 ingenua:
2105 2499 2519 2562 congruentem,
2566 2490 2632 2545 ad
2670 2491 2838 2544 hone-

1273 2597 1413 2640 stam
1452 2585 1679 2655 virginis
1721 2584 2112 2652 habitationem
2150 2603 2163 2637 :
2197 2599 2357 2653 quam
2399 2584 2584 2652 utique
2611 2582 2834 2636 domum

1275 2677 1395 2731 sine
1435 2675 1873 2745 interpellatione
1908 2675 2128 2728 habebit
2160 2675 2277 2742 ipsa
2320 2674 2374 2726 in
2408 2673 2833 2734 usuml'ructum,

1274 2767 1472 2839 quoad.
1511 2767 1708 2819 vixerit
1755 2784 1769 2820 :
1815 2773 1999 2834 postea
2045 2780 2191 2818 -vero
2250 2764 2498 2818 restituet
2555 2761 2833 2816 Ecclesiae.

1275 2859 1412 2913 Addi
1441 2866 1697 2929 praetcrea
1738 2859 1910 2911 cidem
1946 2858 2066 2910 \olo
2110 2858 2320 2926 puellas
2348 2857 2508 2920 duas,
2544 2873 2682 2927 quas
2718 2858 2834 2927 ipsa

1274 2950 1570 3020 delegerit:
1603 2951 1705 3002 hoc
1749 2949 2004 3001 nimirum
2036 2957 2216 3017 pacto,
2249 2956 2308 3001 ut
2351 2963 2473 3000 cum
2515 2963 2577 3001 ea
2619 2963 2835 3002 moren-

1277 3052 1366 3096 tur
1403 3044 1590 3110 puella:
1618 3056 1790 3110 usque
1821 3041 1949 3094 dum
1993 3040 2176 3094 vivet:
2208 3048 2263 3094 et
2295 3041 2342 3095 si
2368 3041 2586 3110 quidem
2621 3041 2728 3095 illis
2762 3040 2832 3093 ita

1275 3135 1452 3188 visum
1487 3133 1668 3196 fuerit,
1717 3133 1875 3187 liceat
1905 3131 2009 3201 ipsi
2057 3133 2304 3186 libertate
2335 3147 2428 3186 eas
2476 3132 2703 3192 donare,
2747 3132 2833 3185 sin
2862 3167 2902 3222 ε

1277 3228 1479 3288 minus,
1533 3232 1589 3280 et
1622 3224 1726 3278 illa!
1779 3238 1997 3294 quoque
2047 3223 2111 3276 ad
2161 3223 2455 3278 Eeclesiam
2509 3224 2834 3293 pertineant.

1279 3315 1636 3388 Theophilum
1677 3329 1931 3385 puerum,
1961 3313 2052 3383 qui
2093 3328 2307 3367 mecum
2339 3319 2542 3377 manet,
2571 3313 2681 3379 jam
2725 3325 2838 3364 ma-

1275 3406 1502 3461 nmnisi.
1535 3403 1671 3458 Volo
1701 3412 1881 3458 autem
1923 3403 1974 3457 ei
2014 3417 2160 3456 nunc
2187 3403 2350 3458 etiam
2388 3402 2506 3456 dari
2551 3403 2710 3470 legati
2740 3417 2839 3454 no-

1278 3501 1422 3553 mine
1455 3511 1707 3552 nummos
1735 3496 1996 3566 quinque.
2047 3495 2374 3564 Eupraxium
2414 3511 2543 3549 vero
2567 3497 2688 3562 ejus
2725 3496 2836 3548 l'ra-

1276 3599 1415 3644 trem
1457 3589 1687 3642 liberum
1728 3600 1852 3641 esse
1895 3585 2039 3648 volo,
2073 3586 2231 3654 eique
2266 3585 2423 3654 legati
2471 3585 2690 3638 nomine
2719 3586 2836 3638 dari

1276 3691 1528 3732 nummos
1577 3690 1774 3730 aureos
1817 3674 2079 3744 quinque.
2116 3671 2250 3727 Volo
2284 3683 2546 3743 praeterea
2587 3673 2833 3728 Theodo-

1275 3766 1415 3818 sium
1462 3765 1734 3817 notarium
1783 3777 1959 3816 meum
2003 3761 2234 3816 liberum
2279 3777 2424 3826 esse,
2471 3763 2631 3831 eique
2676 3762 2835 3832 legati

1273 3856 1496 3910 nomine
1529 3854 1647 3908 dari
1688 3867 1885 3908 aureos
1929 3868 2183 3908 nummos
2209 3853 2472 3923 quinque.
2513 3853 2834 3924 Alypianam

1273 3946 1438 4002 ﬁliam
1495 3960 1670 3999 meam
1725 3943 2101 3999 dulcissimam
2149 3947 2492 4006 (exterarum
2539 3947 2682 3998 enim
2730 3945 2838 3998 Eu.-

1273 4040 1444 4108 genia:
1471 4036 1628 4106 203
1651 4043 1706 4090 et
1740 4033 1966 4098 Nonum,
2006 4037 2201 4106 exigua
2257 4037 2396 4090 ratio
2437 4035 2684 4090 ducenda
2727 4046 2834 4098 est,

1272 4139 1332 4184 ut
1361 4143 1590 4199 quarum
1627 4129 1736 4180 vita
1786 4127 2210 4197 reprehensione
2237 4142 2344 4181 non
2387 4128 2565 4196 vacat)
2621 4127 2833 4180 veniant

1273 4220 1405 4273 mihi
1444 4217 1576 4271 dare
1605 4217 1748 4279 volo,
1778 4217 1924 4286 quod
1965 4217 2098 4270 nihil
2132 4219 2337 4286 possim
2371 4217 2474 4286 ipsi
2505 4217 2833 4287 relinquere,

1271 4312 1473 4381 quippe
1523 4309 1618 4378 qui
1663 4307 1847 4361 omnia
1893 4307 2005 4376 jam
2038 4308 2374 4377 pauperibus
2406 4309 2700 4373 destinavi,
2743 4317 2834 4361 aut

1273 4402 1456 4472 potius
1511 4397 1846 4454 heatissimis
1908 4397 2266 4467 parentibus,
2315 4399 2408 4468 qui
2476 4399 2548 4452 ita
2606 4399 2831 4468 polliciti

2948 603 3332 674 προαιρέσεως,
3355 599 3461 653 εἴτε
3493 601 3552 664 ἐξ
3580 601 3803 654 ἐντολῶν
3819 602 3925 655 τῶν
3952 606 4506 674 μακαριωτάτωνῶὲ)

2944 695 3143 760 γονέων
3186 711 3308 762 μου,
3353 692 3570 755 τούτους
3612 695 3815 757 πάντας
3863 693 4120 764 βούλομαι
4170 696 4263 747 καὶ
4298 695 4392 748 νῦν
4422 699 4510 748 ἐπ’

2944 781 3250 851 ἐλευθερίας
3307 781 3510 852 μένειν,
3551 785 3642 836 καὶ
3695 784 3764 835 τά
3815 784 4074 836 πεκούλια
4106 787 4286 841 αὐτοῖς
4328 785 4512 840 πάντα

2948 869 3389 940 μένεινλβεϐαίως
3409 873 3499 924 καὶ
3533 872 3877 942 άνενόχλητα.
3911 875 4030 926 Ἔτι
4061 877 4318 944 βούλομαι
4341 891 4512 928 κατα-

2946 961 3092 1028 σχεῖν
3117 959 3208 1011 τὸν
3254 960 3582 1030 κληρονόμον
3614 980 3715 1031 μου
3771 964 4067 1034 Γρηγόριον
4113 965 4204 1017 τὸν
4241 965 4508 1030 διάκονον,

2945 1050 3063 1118 ἅμα
3117 1050 3194 1118 τῷ
3249 1050 3528 1119 μονάζοντι
3588 1053 3894 1124 Εὑσταθὶῳ,
3942 1057 4067 1117 τοὺς
4098 1056 4417 1123 γενομένους
4443 1057 4509 1108 ὲκ

2942 1135 3042 1207 τῆς
3071 1139 3246 1201 οἰκίας
3283 1144 3387 1208 μού
3437 1153 3587 1205 ποτε,
3626 1139 3808 1211 κτῆμα
3861 1145 3916 1194 ἐν
3961 1142 4260 1213 ’Ᾱρίανζοῖῖ
4286 1144 4418 1213 (δῶν
4449 1143 4511 1196 τὸ

2943 1230 3006 1280 ὲκ
3033 1229 3140 1280 τῶν
3175 1229 3422 1298 Ῥηγίνου
3455 1229 3711 1283 κατελθὸν
3740 1233 3818 1293 εἰς
3850 1232 4014 1301 ἡμᾶς.
4051 1232 4130 1284 Τά
4167 1233 4223 1285 δὲ
4254 1233 4507 1303 φοράδια,

2943 1319 3036 1370 καὶ
3057 1318 3124 1370 τὰ
3147 1319 3410 1388 πρόϐατα,
3435 1321 3535 1372 ὅσα
3562 1321 3662 1390 ἥδη
3705 1322 3886 1384 αὐτοῖς
3913 1321 4100 1394 παρὼν
4139 1324 4396 1376 ἐκέλευσα
4423 1324 4510 1377 δο-

2943 1409 3119 1480 θῆναι,
3158 1406 3234 1464 ὧν
3269 1412 3363 1465 καὶ
3401 1413 3499 1480 τὴν
3531 1415 3700 1483 νομὴν
3743 1414 3923 1478 αὐτοῖς
3952 1416 4044 1468 καὶ
4067 1417 4164 1486 τὴν
4191 1417 4507 1470 δεσποτείαν

2941 1499 3254 1569 παρέδωκα,
3284 1499 3452 1552 ταῦτα
3483 1501 3660 1570 μένειν
3683 1502 3863 1564 αὐτοῖς
3894 1503 4224 1574 άνενόχλητα
4245 1504 4504 1574 βούλομαι

2939 1589 3253 1651 δεσποτείας
3279 1589 3490 1661 δικαίῳ.
3533 1591 3652 1644 Ἔτι
3684 1591 3737 1643 δὲ
3764 1591 4053 1662 ἐξαιρέτως
4091 1595 4130 1645 Γ
4137 1597 4386 1665 ρηγόριον
4412 1596 4506 1648 τὸν

2941 1679 3182 1734 διάκονον
3199 1681 3292 1734 καὶ
3323 1682 3652 1752 κληρονόμον
3681 1700 3802 1752 μου,
3827 1685 4064 1754 γνησίως
4090 1685 4507 1757 ὑπηρετήσαντά

2945 1786 3056 1839 μοι,
3119 1771 3374 1841 βούλομαι
3443 1776 3733 1841 κατασχεῖν
3791 1774 3906 1843 ἰδίῳ
3955 1774 4271 1837 δεσποτείας
4310 1776 4506 1846 δικαίῳ

2937 1862 3218 1931 χρυσίνους
3250 1864 3340 1914 τὸν
3360 1864 3590 1934 ἀριθμὸν
3612 1867 3966 1937 πεντήκοντα.
4001 1868 4078 1936 Τῇ
4103 1867 4504 1938 αἰδεσιμωτάτῃ

2938 1951 3191 2021 παρθένῳ
3237 1952 3580 2024 Ῥουσσιανῇ,
3619 1958 3684 2025 τῇ
3727 1955 3995 2024 συγγενίδι
4039 1973 4160 2026 μου,
4203 1956 4340 2027 ῥητὰ
4384 1959 4508 2011 ἐκέ-

2938 2043 3102 2096 λευσα
3159 2044 3281 2097 καθ’
3338 2045 3566 2098 ἕκαστον
3611 2046 3728 2109 ἔτος
3770 2045 4004 2099 δίδοσθαι
4044 2047 4177 2116 πρὸς
4197 2047 4259 2099 τὸ
4285 2047 4503 2101 ἐλευθε-

2939 2134 3069 2204 ρίως
3110 2135 3222 2204 (34)
3243 2135 3413 2206 αὐτὴν
3432 2136 3639 2204 διάγειν
3657 2153 3671 2166 ·
3708 2136 3853 2206 ἆπερ
3894 2136 4150 2206 βούλομαι
4177 2138 4269 2190 καὶ
4297 2138 4507 2190 κελεύω

2939 2221 3114 2273 πάντα
3145 2223 3284 2275 κατὰ
3325 2224 3415 2276 τὸν
3450 2223 3640 2285 τύπον,
3669 2224 3728 2277 ὃν
3757 2225 4084 2296 προσέταξα,
4123 2226 4504 2296 άνυπερθέτως

2936 2310 3072 2379 αὐτῇ
3111 2309 3344 2365 δίδοσθαι
3396 2312 3516 2365 καθ’
3549 2314 3776 2366 ἕκαστον
3820 2313 3959 2377 ἔτος.
3983 2315 4118 2386 Περὶ
4143 2315 4200 2367 δὲ
4235 2318 4503 2385 οἰκήσεως

2935 2401 3123 2472 αὐτῆς,
3153 2403 3272 2454 τότε
3323 2402 3424 2472 μὲν
3470 2403 3621 2456 οὐδὲν
3676 2403 4025 2475 διεταξάμην,
4058 2404 4132 2475 μὴ
4184 2403 4339 2468 εἰδὼς
4396 2405 4502 2457 πού

2940 2492 3138 2563 μᾶλλον
3165 2494 3392 2564 άρεστόν
3417 2496 3564 2546 ἐστιν
3593 2487 3738 2563 αὐτῇ
3751 2495 3955 2562 διάγειν
3973 2511 3987 2524 ·
4023 2494 4117 2547 νῦν
4141 2495 4197 2547 δὲ
4225 2496 4319 2548 καὶ
4346 2494 4507 2547 τοῦτο

2938 2584 3215 2654 βούλομαι,
3259 2585 3420 2646 ὥστε,
3462 2587 3517 2637 ὲν
3545 2586 3641 2655 οἴῳ
3668 2585 3731 2638 ἂν
3781 2586 3891 2654 (55)
3936 2585 4244 2654 ἐπιλέξηται
4280 2587 4502 2657 χωρίῳ,

2935 2676 3439 2746 κατασκευασθῆναι
3486 2677 3621 2746 αὐτῇ
3663 2677 3835 2730 οἰκίαν
3868 2677 4124 2749 ἐλευθέρᾳ
4163 2680 4502 2748 πρέπουσαν,

2935 2765 3229 2836 εὐσχήμονι
3256 2767 3496 2837 διαγωγῇ
3531 2767 3823 2839 παρθένου·
3854 2769 4031 2840 ἤνπερ
4066 2769 4241 2822 οἰκίαν
4270 2770 4379 2834 ἔξει
4407 2771 4504 2840 δη-

2935 2856 3065 2926 λαδὴ
3119 2858 3489 2926 άνενοχλὴτως
3533 2861 3614 2920 εἰς
3655 2860 3848 2929 χρῆσιν
3900 2860 3994 2912 καὶ
4044 2862 4285 2929 καρπίαν
4339 2864 4503 2932 μέχρι

2938 2946 3052 3014 βίου
3077 2946 3239 3017 ζωῆς,
3275 2949 3410 3016 μετὰ
3429 2948 3484 3000 δὲ
3517 2947 3691 3002 ταῦτα
3712 2950 4148 3021 ἀποκαταστήσει
4166 2955 4232 3021 τῇ
4272 2953 4505 3023 Ἐκκλη-

2937 3036 3044 3105 σία.
3084 3039 3445 3107 Προστεθῆναι
3560 3041 3693 3108 αὐτῇ
3714 3039 3969 3110 βούλομαι
3987 3043 4079 3093 καὶ
4103 3041 4197 3094 δύο
4227 3043 4412 3113 κόρας,
4436 3044 4504 3106 εις

2938 3128 3073 3197 αὑτὴ
3103 3129 3437 3197 ἐπιλέξηται,
3463 3130 3602 3184 οὕτω
3622 3134 3826 3201 μέντοι,
3845 3134 3982 3186 ὥστε
4004 3135 4140 3204 αὐτῇ
4169 3140 4504 3206 παραμεῖναι

2906 3216 2908 3218 ’
2939 3219 3036 3278 τὰς
3071 3218 3235 3289 κόρας
3272 3220 3430 3291 μέχρι
3451 3221 3542 3273 τοῦ
3580 3224 3679 3292 τῆς
3706 3222 3848 3292 ζωῆς
3873 3225 4039 3294 αὐτῆς
4058 3226 4270 3295 χρόνου.
4308 3227 4416 3279 Καὶ
4453 3231 4505 3280 εξ

2943 3309 3040 3377 μὲν
3080 3309 3269 3372 αὑταῖς
3322 3313 3780 3382 εὐχαριστήσειεν,
3813 3314 4009 3377 ἐξεῖναι
4053 3317 4188 3384 αὐτῇ
4224 3316 4504 3388 ἐλευθερία

2937 3399 3104 3461 αύτὰς
3157 3400 3409 3471 τιμῆσαι·
3441 3404 3488 3453 εἰ
3539 3400 3595 3453 δὲ
3631 3403 3727 3472 μὴ,
3773 3405 3868 3456 καὶ
3905 3404 4075 3467 αὐτάς
4110 3405 4403 3473 διενεγκεῖν
4436 3412 4502 3476 τῇ

2938 3489 3073 3559 αὐτῇ
3132 3490 3446 3561 Ἐκκλησία.
3508 3492 3764 3560 θεόφιλον
3805 3494 3896 3545 τὸν
3934 3495 4096 3546 παῖδα
4132 3496 4220 3548 τὸν
4250 3499 4506 3566 παραμέ-

2937 3579 3096 3632 νοντά
3125 3597 3234 3649 μοι,
3260 3581 3358 3651 ἤδη
3397 3580 3763 3652 ἠλευθέρωσα.
3806 3584 4072 3654 Βούλομαι
4104 3582 4197 3639 οὖν
4233 3587 4380 3656 αὐτῷ
4409 3591 4507 3640 καὶ

2936 3668 3031 3720 νῦν
3059 3668 3276 3736 δοθῆναι
3304 3669 3530 3737 λεγάτου
3555 3671 3733 3741 χάριν,
3771 3672 4078 3741 νομίσματα
4109 3680 4169 3725 ε’.
4197 3674 4508 3742 Εὑπράξιον

2937 3759 2992 3810 δὲ
3023 3760 3113 3812 τὸν
3143 3760 3367 3828 ἀδελφὺν
3414 3760 3575 3812 αὐτοῦ
3612 3761 3868 3831 βούλομαι
3907 3763 4187 3832 ἐλεύθερον
4218 3761 4374 3825 εἶναι,
4412 3767 4507 3818 καὶ

2935 3849 3151 3918 δοθῆναι
3194 3851 3341 3920 αὐτῷ
3396 3851 3621 3920 λεγάτου
3671 3853 3815 3923 λόγῳ
3871 3855 4046 3922 χρυσᾶ
4089 3853 4396 3924 νομίσματα
4437 3861 4502 3910 ε’.

2941 3941 3060 3992 Ἔτι
3095 3939 3353 4011 βούλομαι
3380 3941 3654 3995 Θεοδόσιον
3694 3944 3785 3995 τὸν
3818 3944 4065 4013 νοτάριόν
4094 3961 4193 4012 μου
4223 3943 4504 4013 ἐλεύθερον

2935 4027 3325 4099 εἷναι,δοθῆναι
3357 4032 3413 4084 δὲ
3457 4033 3605 4101 αὐτῷ
3639 4035 3732 4085 καὶ
3758 4034 3984 4100 λεγάτου
4015 4035 4155 4104 λόγῳ
4186 4033 4386 4105 χρυσοῦ
4425 4050 4506 4085 vo-

2939 4121 3184 4190 μίσματα
3212 4127 3272 4173 ε’.
3303 4122 3413 4192 Τὴν
3434 4122 3771 4190 γλυκυτάτην
3792 4141 3892 4192 μου
3933 4123 4205 4194 θυγατέρα
4253 4124 4504 4180 Ἀλυπια-

2935 4211 3159 4279 νὴν(56)
3182 4210 3310 4275 (τῶν
3339 4212 3446 4281 γὰρ
3472 4212 3665 4275 ἄλλων,
3698 4213 3986 4279 Εὐγενείας
4015 4215 4126 4282 (57)
4157 4233 4214 4268 τε
4240 4219 4332 4269 καὶ
4360 4216 4503 4272 Νον-

2935 4317 3052 4370 νης,
3100 4302 3276 4368 ὀλίγος
3325 4302 3500 4369 λόγος,
3534 4296 3608 4354 ὧν
3647 4305 3740 4354 καὶ
3776 4306 3804 4356 ό
3836 4303 3947 4372 βίος
3994 4305 4318 4375 animum;
4360 4310 4502 4373 ἐστι)

2938 4392 3197 4462 βούλομαι
3227 4392 3554 4462 συγγνώμην
3585 4392 3727 4462 ἔχειν
3753 4411 3866 4462 μοι,
3898 4396 3945 4446 εἰ
3972 4394 4140 4464 μηδὲν
4171 4396 4306 4466 αὐτῇ
4335 4415 4503 4450 κατα-

1271 4499 1452 4553 erunt,
1498 4490 1794 4543 obsecutus
1845 4504 2002 4553 sum;
2051 4503 2286 4558 quorum
2321 4489 2654 4543 voluntatem
2702 4489 2830 4543 irri-
2864 4480 2907 4533 Ι)
2934 4482 3110 4535 λιπεῖν
3137 4483 3300 4553 κύριος

2473 4497 2654 4543 uatem
2702 4489 2830 4543 irri-
2864 4480 2907 4533 D
2934 4482 3110 4535 λιπεῖν
3137 4483 3322 4553 κύριος
3373 4484 3658 4553 ἐγενόμην,
3705 4485 3881 4536 πάντα
3927 4487 4502 4556 προεπαγγειλάμενος

1273 4592 1383 4637 tam
1410 4581 1639 4636 reddere
1669 4593 1770 4633 nec
1791 4585 2044 4632 sanctum
2071 4592 2172 4631 nec
2197 4585 2376 4631 tutum
2399 4577 2656 4631 arbitror.
2677 4578 2834 4642 Qua:-

1272 4687 1489 4740 cunque
1529 4679 1712 4725 tamen
1757 4683 1824 4723 ex
1851 4668 1994 4722 beati
2029 4667 2218 4722 fratris
2260 4668 2366 4721 mei
2414 4668 2638 4721 Ctesarii
2672 4668 2832 4722 rebus

1273 4767 1327 4819 iu
1368 4770 1516 4817 veste
1545 4763 1745 4819 serica.
1776 4767 1870 4812 aut
1901 4760 2070 4823 linea,
2097 4766 2190 4811 aut
2221 4759 2396 4820 lanea,
2444 4765 2537 4810 aut
2579 4757 2834 4811 buricha-

1275 4855 1364 4908 liis
1390 4860 1703 4922 supersunt,
1727 4850 1841 4904 haec
1862 4848 1928 4902 ad
1957 4849 2130 4918 ipsius
2155 4848 2358 4902 liberos
2382 4847 2654 4931 pertinere
2674 4847 2831 4913 volo;

1271 4954 1327 5000 et
1360 4946 1507 4999 nulla
1561 4945 1616 4997 in
1658 4958 1716 4996 re
1759 4943 1936 5010 ipsam
1983 4940 2066 4995 vel
2111 4953 2332 4994 sorores
2357 4939 2531 5008 ipsius
2575 4936 2833 4990 molestas

1344 5114 1456 5180 t3”
1476 5112 1842 5176 Οὕςῶιιθειὶιι
1871 5111 1992 5166 cod.
2026 5111 2180 5180 Chig.

1345 5177 1456 5249 (32)
1482 5180 1962 5249 Μακαρςωτὰτων.
1993 5177 2303 5249 Οριιᾙϐιιίε.
2331 5177 2630 5249 μακαρίων.

1343 5247 1454 5321 (33)
1500 5248 1823 5321 Ἀριακζοῒς.
1855 5248 1987 5321 Cod.
2015 5247 2179 5321 Ghig._
2213 5247 2496 5321 ’Ᾱριανςῷζ

1342 5316 1454 5390 (54⁷)
1498 5316 2240 5390 έΕλευθερζως.-(Σοᾱ.-β]ιίε.
2267 5316 2594 5390 ἐλευθερίας.

1343 5385 1456 5456 (35)
1503 5389 1605 5441 ‘Er
1627 5388 1731 5448 οἵῳ
1756 5385 1850 5438 ἀν.
1878 5386 2008 5456 Cod.
2040 5385 2207 5456 (3mg;
2225 5389 2282 5438 ιν
2307 5385 2417 5456 οῖῳ,
2433 5385 2476 5437 δ·
2507 5387 2590 5456 ay.

1343 5453 1454 5528 (56)
1487 5457 1603 5522 Τήν
1625 5454 2060 5528 μου-θυγατέρα
2103 5453 2480 5518 Ἀζιυπιακήν,
2501 5454 2829 5528 _Alypianam

1269 5524 1652 5594 ﬁliam'meam.
1678 5524 1822 5594 Nihil
1861 5527 2032 5592 magis
2065 5533 2365 5594 certumiaci
2392 5524 2729 5591 exploratum
2763 5539 2825 5576 ex

1270 5593 1526 5672 onmilus
1541 5593 1790 5672 Gregorii
1820 5593 1982 5646 rebus
2008 5594 2174 5672 gestis
2203 5593 2369 5646 videri
2401 5599 2596 5660 potest,
2628 5601 2685 5672 ut
2703 5607 2826 5672 eum

1276 5665 1508 5719 liaronio
1541 5666 1752 5734 loquar.
1785 5675 1964 5734 quam
1986 5731 1994 5734 Α
2014 5664 2190 5728 ipsum
2239 5664 2828 5734 perpetuamcoluisse

1274 5728 1652 5803 virginitatem.
1698 5728 1886 5786 Filiam
1927 5731 2091 5800 igitur
2123 5728 2475 5784 non’hahuit.
2520 5728 2610 5782 Sic
2647 5739 2826 5784 tamen

2933 4575 3043 4634 τοῖς
3071 4574 3326 4640 πτωχοῖς,
3357 4571 3553 4640 μᾶλλον
3581 4572 3638 4624 δὲ
3666 4575 3777 4634 τοῖς
3801 4575 4233 4642 μακαριωτάτοις
4255 4575 4503 4641 γονεῦσιν

2934 4661 3317 4730 ὑποσχομένοις
3347 4661 3734 4728 ἀκολουθήσας,
3767 4655 3841 4712 ὧν
3862 4661 4121 4731 ἀθετῆσαι
4148 4663 4247 4732 τὴν
4272 4663 4501 4735 γνώμην

2933 4753 3044 4806 οὗθ’
3068 4754 3233 4814 ὅσιον,
3249 4751 3360 4804 οὔτ’
3381 4752 3620 4820 ἀσφαλὲς
3639 4751 3901 4820 ἠγοῦμαι.
3923 4754 4060 4805 Ὅσα
4096 4754 4274 4822 μέντοι
4303 4757 4367 4807 ὲκ
4389 4757 4502 4808 τῶν

2932 4845 3024 4899 τοῦ
3068 4847 3338 4916 μακαρίου
3389 4862 3488 4915 μου
3521 4845 3750 4913 ἀδελφοῦ
3799 4845 4099 4916 Καισαρίου
4135 4849 4498 4917 πραγμάτων,

2931 4936 2989 4987 ὲν
3015 4936 3198 5006 ἐσθῆτι
3227 4939 3424 5006 σηρικῇ
3448 4936 3481 5005 ἢ
3511 4936 3701 5006 λινῇ,ἢ
3726 4937 3875 5006 ὲρεᾷ,
3896 4937 3930 5007 ἢ
3957 4937 4315 5008 βουρικαλίοις
4344 4957 4502 5010 περι-

2931 5116 3090 5162 vocat
3116 5109 3458 5179 Alypianam,
3492 5126 3612 5180 qua:
3655 5111 3762 5165 ﬁlia
3800 5122 3917 5166 erat
3960 5109 4248 5182 Gorgonize
4286 5116 4499 5170 sororis

2933 5194 3063 5233 SINE.

3002 5249 3123 5321 (57)_
3147 5245 3267 5321 Τῶζ
3295 5247 3402 5316 γὰρ
3433 5249 3655 5321 ἄλλων,
3699 5250 4034 5321 Εργενείας.
4063 5258 4169 5321 etc.
4197 5249 4306 5305 Cod
4335 5251 4494 5321 Chig.

2931 5315 3210 5389 Εύγενίας.
3226 5315 3544 5389 Creterarum
3561 5319 3696 5389 enim
3708 5360 3722 5381 ,
3742 5315 3983 5386 Eugenia:
3992 5329 4040 5370 et
4058 5318 4284 5389 Nonum,
4300 5315 4496 5389 exigua

2932 5388 3071 5456 ratio
3083 5385 3319 5456 ducenda
3332 5395 3429 5438 est.
3440 5386 3632 5456 Mirum
3648 5387 3786 5439 forte
3804 5385 3969 5441 videri
3991 5389 4160 5456 possit
4173 5385 4495 5456 Gregorium

2933 5452 3322 5524 turpitudinem
3356 5455 3745 5524 sempiternam,
3775 5452 4007 5524 publicis
4046 5459 4247 5511 tabulis
4269 5452 4494 5515 inurere

2931 5523 3192 5594 amnibus
3223 5523 3357 5576 suis.
3384 5523 3694 5594 _Sic_poste.i
3721 5523 4016 5592 Gregorius
4047 5524 4272 5594 Magnus
4303 5542 4492 5580 coram

2934 5593 3198 5660 frequenti
3235 5592 3434 5660 populo
3467 5591 3753 5663 Gordianus
3784 5591 4009 5663 virginis
4053 5591 4232 5648 amitae
4273 5609 4386 5650 sua:
4413 5596 4496 5647 la-

2933 5676 3091 5732 psum
3140 5662 3594 5732 narrareveritus
3624 5675 3754 5732 _non
3789 5661 3911 5716 fuit.
3957 5661 4071 5716 Viri
4114 5665 4286 5720 Sancti
4334 5677 4492 5732 suos,

2933 5731 2977 5784 si
3005 5729 3222 5799 quando
3253 5730 3398 5798 impii
3429 5739 3576 5793 sunt,
3606 5730 3931 5800 despiciunt.
