5138 6644
1135 438 1232 492 431

1141 547 1202 599 Et
1233 544 1331 616 μὲν
1359 543 1512 608 Θεοῦ,
1546 542 1658 605 πῶς
1689 541 1924 612 πρῶτον,
1956 542 1984 593 ὃ
2009 541 2228 612 στρέφει
2254 543 2424 605 Θεόςς

1140 633 1246 688 Τοῦ
1275 633 1384 704 γὰρ
1412 630 1697 694 πλέκοντος
1735 631 1851 683 ἐστι
1879 631 1970 683 καὶ
2001 631 2380 701 μεταπλέκειν.

1142 727 1202 778 Εἰ
1229 725 1272 777 δ’
1303 724 1364 776 οὐ
1397 721 1554 784 Θεοῦ,
1595 721 1705 784 πῶς
1737 721 1948 791 πῆσετΐ
1980 720 2040 785 ἐξ
2070 722 2358 792 ἀναρχίας,

1147 813 1211 866 13
1233 815 1300 864 Ἢ
1328 812 1419 864 καὶ
1445 811 1620 880 μάχης
1651 810 1744 862 τοῦ
1774 811 2084 880 κρείσσονος
2107 827 2121 874 ;
2153 812 2276 874 Πῶς
2302 811 2345 864 δ’
2371 811 2432 862 οὐ
2458 811 2604 880 μάχη
2626 828 2638 874 ;

1155 905 1214 956 'l-l
1248 904 1356 973 γὰρ
1381 902 1631 971 προνοίας
1663 901 1839 970 ἄρσις,
1869 901 2126 971 ἀνταρσις
2155 902 2319 954 Θεοῦ’

1148 997 1206 1048 Εἰ
1242 995 1317 1064 μὴ
1347 996 1408 1046 σὺ
1445 995 1614 1054 ποιεῖς
1645 993 1738 1044 καὶ
1769 992 1905 1046 Θεὸν
1932 993 2314 1063 πεπρωμένον,

1126 1086 1358 1157 .Φέροντ’
1383 1085 1582 1138 ἄκοντα
1609 1084 1706 1153 τὴν
1736 1083 1938 1152 πλοκῆς
1968 1083 2274 1155 τυραννίδα.

1146 1173 1300 1227 υῦτω
1329 1171 1426 1242 μὲν
1455 1163 1597 1223 οὗτοι
1633 1172 1780 1240 σφῶν
1809 1170 2116 1224 ἁλίσκονται
2149 1170 2350 1240 λόγοις.

1146 1266 1216 1320 ‘20
1250 1265 1410 1333 Ἡμῖν
1433 1263 1476 1316 δ’
1499 1264 1620 1331 ἄγει
1656 1265 1752 1332 μὲν
1779 1257 1857 1326 εἷς
1886 1262 2018 1326 Θεὸς
2043 1263 2104 1315 τὺ
2133 1265 2239 1316 πᾶν
2268 1263 2406 1328 τόδε,

1147 1354 1332 1423 Σοφῶς
1364 1353 1589 1406 ἑλίσσων
1617 1354 1709 1407 καὶ
1738 1352 1971 1418 πλέκων,
2003 1353 2078 1416 ὡς
2102 1351 2167 1406 ἂν
2193 1353 2343 1424 Θέλῃ,

1149 1435 1272 1508 Τοῖς
1306 1444 1466 1507 αὐτὸς
1491 1444 1654 1501 αὐτοῦ
1682 1443 1910 1514 νεύμασι
1939 1461 1998 1496 τε
2029 1445 2122 1497 καὶ
2147 1443 2344 1512 λόγοις,

1150 1537 1266 1589 Κᾶν
1302 1534 1376 1605 μὴ
1399 1536 1468 1586 τὰ
1491 1533 1665 1586 πάντα
1697 1532 1884 1596 δεξιῶς
1908 1531 2156 1602 στρέφειν
2179 1531 2329 1602 δοκῇ.

1219 1627 1407 1680 Πολλοί
1432 1643 1492 1693 γε
1523 1626 1626 1694 μὴν
1665 1625 1926 1693 κάμνουσι
1956 1624 2047 1675 καὶ
2087 1624 2429 1690 σοφωτάτων.
2496 1613 2502 1620 ’

1152 1718 1220 1770 25
1245 1718 1366 1778 Τοῖς
1394 1717 1507 1785 τῇδ’
1535 1715 1754 1777 ἀνίσοις,
1786 1715 1878 1767 καὶ
1913 1713 2075 1766 πάλαι
2105 1713 2195 1764 καὶ
2219 1711 2311 1767 νῦν
2341 1712 2440 1764 ἔτι.

1152 1806 1215 1860 Τί
1239 1807 1320 1860 δεῖ
1341 1807 1514 1874 λέγειν
1544 1806 1786 1868 ἅπαντας
1808 1822 1821 1870 ;
1847 1805 1984 1858 ἀλλὰ
2017 1821 2105 1874 μοι
2133 1803 2320 1857 σκόπει

1801 437 1857 490 S.
1897 433 2226 490 URECORII
2264 433 2513 489 TllEOL.
2556 432 2927 492 CARMINUM
2963 431 3164 491 LIBER
3201 436 3240 492 l.
3282 434 3740 493 TIIEOLOGICA.

2736 553 2782 608 Λ
2811 545 2972 598 Δαυῒδ
3001 547 3054 599 τί
3078 547 3309 616 πάσχεις
3335 548 3458 609 τοὺς
3491 547 3695 609 κακοὺς
3717 546 3859 618 ὀρῶν
3889 545 4067 608 καλῶς

2818 636 3161 706 Πράττοντεις
3191 637 3286 706 (ὡς
3308 635 3568 706 δοκοῦσι),
3600 636 3780 707 σφόδρ’
3811 635 4066 707 εἰλιγγιᾷ,

2816 727 2906 794 Μή
2936 743 3019 787 τις
3049 729 3188 796 φορᾷ
3217 726 3291 796 δῷ
3317 726 3415 795 τὴν
3450 725 3610 795 φύσιν
3636 725 3746 779 τῶν
3780 726 4140 796 πραγμάτων.

2815 814 2883 868 50
2928 815 3014 876 Ὡς
3039 817 3138 868 οὐκ
3165 815 3577 878 ἐπιστατοῦντος
3601 817 3732 886 ἡμῖν
3759 817 3993 879 οὐδενός.

2825 904 2884 954 '0
2917 903 2961 954 δ’
2995 905 3153 968 αὐτὸς
3186 900 3292 958 οἶδε
3321 906 3421 974 τὴν
3450 905 3602 957 λύσιν
3621 923 3635 936 ο
3668 906 3742 958 Τὸ
3772 905 3877 978 γὰρ
3909 904 4062 968 τελός

2816 991 3039 1044 Πάντων
3069 992 3261 1045 σκόπει
3296 1009 3409 1062 μοι,
3435 995 3618 1063 φησιν,
3652 994 3728 1058 ὡς
3756 995 4130 1066 ἀντίστροφον.

2820 1082 3114 1150 Ἐσπειρας
3137 1098 3150 1112 ·
3187 1082 3307 1152 ὄψει
3337 1084 3438 1153 τῆς
3469 1085 3678 1154 σπορᾶς
3707 1084 3804 1138 καὶ
3831 1084 3922 1137 τὸν
3955 1085 4174 1153 στάχυν.

2816 1169 2878 1220 Εἰ
2907 1169 2964 1222 δ’
2991 1171 3202 1237 ἀγνοεῖς
3242 1171 3305 1224 σὺ
3333 1171 3460 1234 τοὺς
3485 1171 3696 1238 λόγους,
3719 1172 3779 1225 οὐ
3815 1172 3911 1226 καὶ
3940 1173 4140 1242 Λόγος·

2815 1263 2884 1316 55
2909 1262 3038 1315 Οὐδὲ
3065 1261 3192 1332 γὰρ,
3224 1263 3273 1314 εἰ
3313 1263 3379 1316 σὺ
3413 1263 3509 1332 τῆς
3536 1263 3778 1334 γραφῆς,
3805 1263 3898 1317 καὶ
3931 1263 4253 1354 ζωγράφοςέ

2816 1352 2937 1404 Οὐδ’
2962 1353 3011 1405 εἰ
3040 1353 3103 1405 σὺ
3133 1352 3422 1424 γραμμῶν,
3459 1353 3552 1406 καὶ
3580 1355 3901 1424 γεωμέτρης
3935 1355 3964 1406 ὃ
3989 1355 4075 1410 σύ.

2817 1442 2890 1495 Τὸ
2913 1441 3012 1512 μὲν
3039 1443 3366 1512 κατείληφάς
3389 1461 3464 1508 τι,
3492 1443 3569 1514 τῷ
3596 1444 3638 1496 δ’
3667 1444 3800 1498 ἕπου
3835 1444 4035 1513 σοφῶς.

2819 1534 3006 1586 Ἔστιν
3037 1532 3192 1600 λόγος
3216 1533 3308 1587 καὶ
3337 1532 3513 1595 τοῦτο,
3539 1533 3821 1588 πείθεσθαι
3845 1535 4007 1606 λόγῳ.

2819 1621 2882 1672 Εἰ
2911 1621 3084 1673 πάντα.
3108 1619 3261 1690 δῆλα,
3292 1620 3394 1673 ποῦ
3424 1621 3486 1675 τὸ
3513 1623 3804 1687 πιστεύειν,
3841 1623 3986 1691 λέγε.

2819 1711 2888 1766 40
2919 1712 3106 1776 Πίστις
3141 1713 3250 1784 γάρ
3275 1715 3419 1766 ἐστιν
3449 1714 3754 1786 ἀπράγμων
3784 1716 4084 1779 συναξνεσις

2903 1801 3042 1870 Ἐγὼ
3067 1803 3123 1856 δὲ
3155 1804 3248 1858 καὶ
3271 1804 3415 1859 τοῦτ’
3444 1807 3608 1861 ἐννοῶ
3638 1808 3813 1878 σοφῶς
3837 1810 3966 1872 ἴσως
3984 1825 4002 1841 ο

1659 1985 1713 2036 Si
1740 1983 1957 2054 quidem
1986 1996 2016 2034 a
2053 1981 2183 2054 Deo,
2217 1981 2490 2054 quomodo
2512 1982 2746 2050 primum
2774 1981 2923 2053 quod
2949 1989 3133 2037 versat
3160 1981 3343 2039 Deus?

1658 2053 1806 2107 Illius
1838 2053 2005 2113 enim,
2039 2053 2130 2119 qui
2169 2053 2362 2111 texuit.
2398 2059 2480 2106 est
2511 2059 2565 2103 et
2593 2059 2855 2106 retexere.

1660 2123 1715 2174 Si
1739 2132 1918 2194 autem
1952 2136 1982 2172 a
2007 2121 2116 2175 Deo
2144 2138 2250 2174 non
2283 2131 2591 2194 moventur,
2614 2119 2888 2194 quomodo
2914 2123 3158 2194 stabunt,
3183 2137 3307 2176 cum
3330 2131 3554 2178 careant
3575 2125 3775 2194 capite,

1659 2194 1727 2265 is
1765 2193 1870 2265 Aut
1905 2199 2141 2265 pugnent
2167 2199 2357 2265 contra
2389 2191 2784 2265 potentiorem?
2810 2192 3083 2265 quomodo
3105 2206 3344 2261 namque
3370 2207 3478 2248 non
3502 2191 3657 2251 esset
3676 2195 3896 2265 pugna?

1661 2262 1870 2331 ιλζιιιιιίω
1898 2263 2114 2331 sublata
2148 2259 2750 2331 pro_videntia,tollitur
2776 2259 2996 2331 quoque
3029 2261 3203 2327 Deus;

1656 2330 1769 2384 Nisi
1803 2339 1859 2382 tu
1895 2329 2064 2400 Deum,
2089 2328 2288 2383 statuis
2318 2328 2429 2383 fato
2461 2330 2758 2400 alligatum,

1656 2400 1760 2466 Qui
1797 2401 1933 2454 ferat
1961 2399 2127 2452 invite
2160 2414 2336 2454 nexus
2363 2399 2727 2468 tyrannidem.

1659 2471 1751 2524 Sic
1777 2470 1923 2524 enim
1951 2467 2025 2521 illi
2051 2470 2280 2523 suismet
2302 2467 2594 2536 capiuntur
2630 2468 2828 2524 verbis.

1654 2541 1724 2595 20
1758 2539 1920 2592 Nobis
1953 2546 2134 2591 autem
2168 2553 2309 2592 unus
2338 2537 2482 2593 Deus
2511 2539 2649 2609 regit
2675 2539 2816 2592 hanc
2847 2540 3285 2602 universitatem,

1659 2609 1944 2678 Sapienter
1976 2609 2198 2661 volvens
2228 2617 2282 2661 et
2309 2616 2559 2678 nectens,
2593 2617 2652 2662 ut
2682 2609 2938 2674 voluerit,

1658 2677 1785 2732 Suis
1817 2679 1934 2747 ipse
1960 2678 2184 2731 nutibus
2214 2691 2279 2730 ac
2309 2677 2638 2740 rationibus,

1655 2746 1914 2813 Quamvls
1940 2761 2045 2800 non
2073 2748 2257 2799 omnia
2289 2755 2436 2801 recte
2461 2746 2733 2801 moderari
2763 2746 3030 2802 videatur.

1728 2815 1880 2887 Multi
1914 2815 2132 2887 Quidem
2169 2823 2494 2884 torquentur
2520 2818 2688 2870 etiam
2718 2817 2862 2871 inter
2889 2816 3354 2887 sapientissimos,

1653 2887 1724 2941 25
1762 2884 1843 2939 Ob
1879 2884 2300 2952 inrequalitatem
2335 2900 2536 2946 rerum,
2561 2894 2674 2938 tum
2700 2887 2852 2949 olim,
2878 2884 2991 2940 tum
3015 2888 3177 2940 etiam
3209 2903 3374 2941 nunc.

1657 2955 1798 3020 Quid
1832 2969 2058 3009 necesse
2086 2961 2168 3008 est
2199 2963 2432 3008 cunctos
2465 2954 2712 3009 referre?
2739 2957 2831 3011 sed
2861 2957 3022 3010 velim
3057 2957 3332 3019 attendas,

1663 3023 1847 3078 Davidi
1878 3023 2008 3093 quid
2045 3022 2325 3095 acciderit.
2357 3022 2527 3078 Malos
2557 3039 2790 3095 cernens
2819 3039 3083 3095 prospero

1662 3096 1860 3167 lterum
1890 3091 2036 3148 statu
2063 3091 2256 3167 llorere
2278 3092 2370 3167 (ut
2395 3095 2651 3167 nonnulli
2683 3091 2990 3164 videntur},
3021 3094 3370 3151 vehementer
3399 3095 3640 3167 angitur,

1660 3163 1881 3218 Veritus
1909 3178 1977 3217 ne
2007 3162 2132 3230 quis
2155 3162 2309 3217 casui
2340 3163 2543 3216 tribuat
2569 3163 2711 3218 hanc
2743 3162 2994 3217 naturam
3018 3179 3220 3228 rerum,

1658 3234 1728 3288 50
1759 3233 1839 3285 Ac
1865 3232 2029 3286 veluti
2062 3246 2221 3286 nemo
2255 3232 2348 3301 sit,
2371 3233 2464 3301 qui
2493 3233 2653 3288 nobis
2682 3235 2888 3301 praesit.

1661 3306 1732 3372 ᾼῑ
1765 3302 1987 3372 ipsemet
2027 3301 2173 3372 hunc
2199 3300 2400 3372 nodum
2426 3309 2587 3372 norat
2622 3300 2832 3358 solvere
2858 3321 2870 3355 :
2893 3300 3081 3358 Finem
3110 3303 3258 3357 enim

1662 3370 1863 3443 [terum
1894 3370 2136 3443 omnium
2156 3371 2453 3443 _c_onsidera
2483 3371 2639 3443 mihi.
2668 3373 2866 3443 inquit,
2890 3387 3054 3441 quam
3078 3376 3150 3426 sit
3169 3375 3501 3428 contrarius.

1665 3441 1962 3511 Seminasti
1992 3460 2004 3495 :
2029 3439 2239 3511 videbis
2267 3456 2334 3496 ex
2362 3439 2570 3511 semine
2599 3439 3006 3511 prménientem
3033 3444 3296 3511 culmum.
3333 3481 3339 3487 .

1750 3517 1808 3591 tu
1842 3509 2007 3578 hujus
2037 3509 2114 3589 rei
2144 3509 2796 3591 ignoras.ratione_s,_non
2829 3526 2923 3566 eas
2952 3510 3168 3591 ignorat
3195 3509 3453 3590 Verbum.

1653 3581 1723 3651 55
1761 3579 1944 3651 Neque
1968 3579 2136 3641 enim,
2164 3581 2208 3651 si
2239 3587 2297 3632 tu
2319 3579 2554 3651 pictura:
2579 3581 2824 3651 rationes
2851 3579 3054 3640 nescis.
3081 3593 3176 3634 eas
3199 3581 3364 3651 etiam
3394 3582 3569 3636 nescit
3603 3582 3799 3651 pictor.

1659 3648 1848 3721 [Seque
1873 3649 2114 3721 demum,
2145 3648 2192 3702 si
2227 3657 2284 3702 tu
2318 3649 2582 3721 linearum
2607 3649 2770 3721 rudis
2800 3665 2882 3710 es.
2913 3658 3214 3721 geometres
3247 3649 3528 3713 rudisest,
3563 3648 3787 3721 perinde
3815 3670 3878 3706 ac
3907 3659 3989 3706 tu.

1662 3717 1780 3789 [loc
1805 3717 2026 3789 quidem
2059 3725 2116 3789 tu
2144 3719 2456 3789 percepisti,
2489 3719 2543 3772 in
2571 3719 2694 3773 aliis
2729 3717 3231 3788 autetn'acquiesce
3259 3721 3536 3789 sapienter
3563 3717 3574 3773 Ξ

1668 3787 1912 3858 Rationis
1930 3787 2074 3840 enim
2099 3786 2244 3840 istud
2274 3795 2378 3858 est,
2407 3789 2787 3858 obtemperare
2817 3786 3040 3842 rationi.

1663 3857 1723 3911 Si
1753 3865 1952 3926 guncta
1983 3864 2112 3910 sunt
2145 3857 2453 3926 perspicua,
2486 3856 2610 3921 dic,‘
2633 3857 2886 3920 obsecro,
2920 3857 3010 3911 ubi
3041 3857 3110 3912 sit
3139 3856 3293 3914 ﬁdes.

1654 3925 1925 3997 40_Fides
1947 3928 2089 3997 enim
2122 3925 2350 3997 simplex
2381 3938 2462 3980 est
2498 3934 2552 3981 et
2582 3927 2713 3981 nihil
2749 3935 3105 3997 perscrutans
3139 3942 3426 3984 assensus.

1728 3994 1840 4066 Ego
1873 4009 2002 4050 vero
2034 3995 2165 4050 illud
2192 3997 2355 4050 etiam
2385 3997 2586 4066 cogito,
2620 3994 2897 4066 sapienter
2923 3996 3107 4052 forsan
3135 4016 3148 4049 :

1238 4177 1312 4230 εδ
1341 4175 1448 4231 Καὶ
1475 4175 1658 4228 πάλαι
1691 4175 1784 4227 καὶ
1818 4174 1934 4227 νῦν
1956 4174 2062 4225 ἑτι.
2103 4172 2231 4226 Tum
2263 4172 2618 4241 superioribus
2639 4190 2739 4227 stc-

1171 4247 1327 4308 cufis,
1366 4255 1474 4297 tum
1505 4247 1604 4297 isto
1631 4243 1791 4298 etiam
1819 4253 2062 4310 tempore.

1239 4315 1309 4368 26
1344 4316 1660 4380 Ἀπαντας.
1701 4311 1823 4366 Vat.
1858 4313 2095 4367 ἅπαντα.

1241 4385 1311 4437 52
1351 4384 1443 4449 Ὠς
1475 4385 1894 4450 ἀντίστροφον.
1945 4381 2118 4447 Quam
2147 4381 2214 4434 sit
2250 4384 2564 4436 contrarius.
2599 4381 2731 4437 Nam

1173 4454 1268 4524 qui
1295 4453 1522 4508 delicias
1550 4460 1604 4508 et
1645 4453 1948 4522 voluptates
1971 4466 2066 4520 per
2093 4467 2308 4505 omnem
2341 4454 2460 4505 vitae
2509 4467 2727 4506 cursum

4284 432 4397 491 439.

2844 4177 3126 4244 amplexus
3153 4181 3256 4239 est,
3289 4188 3384 4230 eas
3413 4173 3466 4229 in
3489 4182 3662 4230 morte
3694 4189 3815 4228 cum
3843 4174 4210 4244 acerbissimis
4249 4174 4402 4227 dulc-

2842 4243 2995 4299 ribus
3025 4251 3340 4307 commutat,
3375 4253 3430 4299 et
3460 4254 3671 4298 contra.
3725 4244 3962 4299 BILLIUS.
4012 4243 4175 4299 Leuv.
4226 4244 4399 4310 Quam

2841 4314 2886 4366 is
2915 4323 3160 4367 accurate
3197 4313 3525 4380 respondeat.

2908 4382 2974 4437 37
3007 4383 3231 4452 Σοφῶς.
3261 4383 3502 4440 Combef.
3545 4383 3673 4452 legit
3704 4385 3907 4451 σοφοῖς,
3937 4383 4070 4436 artis
4096 4381 4288 4460 peritas
4321 4397 4400 4435 se»

2837 4468 3013 4523 qaere.

2469 4625 2696 4684 METR]
2709 4627 2796 4686 CA
2831 4626 3126 4686 VERSIO.

1173 4813 1453 4868 Nectentis
1488 4812 1688 4865 etenim
1717 4819 1801 4865 est
1827 4819 2038 4865 vertere
2067 4810 2116 4865 id
2149 4809 2293 4879 quod
2323 4811 2524 4876 nexuit.

1175 4882 1233 4937 Si
1267 4897 1373 4936 non
1409 4891 1656 4935 movetur
1688 4895 1719 4933 a
1752 4881 1878 4941 Deo.
1911 4895 1977 4934 ex
2007 4880 2264 4934 anarcbia

1175 4953 1503 5010 Stabuntne.
1539 4964 1718 5019 pugna
1748 4965 1831 5004 vei
1867 4949 2000 5002 Dei?
2034 4949 2213 5020 Pugna
2241 4957 2328 5020 est
2353 4949 2520 5002 enim.

1173 5021 1309 5090 Nam
1343 5016 1834 5090 providéiitemqui
1863 5028 2043 5090 negat,
2080 5016 2427 5090 bellumDeu

1174 5087 1394 5144 Infert:
1424 5088 1593 5142 Deum
1623 5088 1677 5141 ni
1711 5087 1850 5143 forte
1881 5087 2098 5142 fatalem
2131 5087 2364 5148 invehis,

1175 5159 1279 5227 Qui
1315 5158 1567 5214 nexionis
1592 5157 1805 5212 illibens
1831 5158 1938 5212 vim
1972 5157 2216 5211 sufferat.

1179 5231 1416 5283 Suismet
1451 5229 1585 5282 istos
1617 5229 1696 5281 sic
1727 5228 1876 5281 vides
1907 5227 2071 5280 dictis
2105 5227 2249 5295 capi.

1177 5299 1437 5354 Mundum
1463 5299 1900 5367 gubernatunus
1933 5303 1988 5349 at
2014 5298 2171 5351 nobis
2202 5295 2365 5367 Deus,

1180 5365 1606 5437 Sapienter'ipse
1637 5365 1859 5421 nutibus
1888 5369 2112 5437 volvens
2143 5366 2281 5437 suis,

1177 5435 1521 5506 Nectensque
1545 5444 1741 5490 cuncta
1774 5451 1999 5505 prorsus
2032 5436 2097 5506 ad
2129 5435 2340 5506 libitum
2370 5448 2554 5495 suum,

1179 5503 1447 5576 Quaedam
1464 5514 1684 5576 putetur
1713 5503 1935 5576 volvere
1959 5505 2098 5558 haud
2133 5512 2277 5576 recte
2300 5503 2447 5576 licet.

1253 5575 1402 5630 Multi
1432 5573 1701 5641 laborant,
1733 5584 1786 5628 et
1811 5575 2028 5644 quidem
2060 5574 2214 5643 50phi
2248 5573 2538 5630 admodum

1181 5647 1237 5700 EI
1272 5660 1444 5710 nunc,
1479 5654 1532 5699 et
1565 5646 1714 5710 olim,
1753 5645 2027 5714 disparem
2052 5645 2122 5714 ob
2149 5644 2273 5697 vitae
2304 5653 2528 5698 Statum.

1185 5717 1401 5770 Referre
1425 5722 1654 5785 cunctos
1679 5714 1810 5785 quid
1843 5711 2038 5769 decet?
2059 5711 2283 5785 Spectes
2309 5715 2464 5767 velini

1189 5785 1348 5840 David
1381 5784 1509 5855 quid
1535 5785 1650 5856 ipse
1679 5783 1901 5849 sentiat,
1929 5797 2163 5838 cernens
2184 5783 2359 5838 malos

2773 4817 2815 4870 Β
2842 4810 3081 4872 Florere,
3115 4820 3172 4864 ut
3204 4809 3304 4879 ipsi
3334 4808 3607 4878 iudicant.
3643 4809 3808 4865 Valde
3838 4819 4060 4876 aestuat,

2840 4879 2919 4950 Nc
2945 4888 3138 4934 cuncta
3171 4887 3374 4934 temere
3405 4880 3674 4949 quispiam
3712 4880 3838 4935 ferri
3867 4891 4037 4950 putet,

2841 4948 2951 5021 Nec
2973 4965 3093 5021 esse
3121 4964 3473 5021 quemquam,
3502 4948 3689 5021 nostra
3723 4951 3816 5017 qui
3851 4948 4088 5021 prudens
4124 4957 4297 5019 regat.

2840 5019 2909 5070 At
2944 5019 3105 5072 solvit
3135 5020 3282 5072 istud
3315 5019 3565 5086 ipsemet.
3597 5017 3784 5074 Finem
3817 5017 4060 5072 omnium

2843 5086 3064 5156 Specta,
3095 5087 3272 5156 inquit
3307 5088 3419 5148 ille,
3451 5102 3722 5156 quamque
3757 5091 3825 5142 sit
3858 5089 4188 5142 emitrarius.

2841 5156 2996 5222 Quod
3027 5157 3338 5220 seminaris,
3365 5164 3549 5210 eertus
3579 5158 3682 5210 hoc
3717 5159 3932 5210 tandem
3970 5167 4157 5212 metes.

2843 5227 3029 5295 Ignota
3058 5227 3199 5279 ratio
3230 5227 3274 5279 si
3301 5226 3397 5280 tibi
3427 5234 3532 5288 est,
3563 5243 3668 5279 non
3701 5235 3784 5279 est
3817 5229 3923 5279 Deo
3960 5247 3970 5279 :

2846 5298 3029 5358 Ignota
3059 5311 3183 5348 nam
3218 5296 3261 5348 si
3295 5297 3448 5349 lineae
3474 5306 3577 5358 est,
3609 5298 3807 5349 tabulzc
3837 5306 3889 5350 et
3918 5297 4038 5357 tibi,

2895 5367 3142 5433 lriusque
3179 5368 3330 5418 novit
3358 5366 3496 5419 hanc
3526 5368 3606 5420 vel
3641 5366 3779 5419 hanc
3815 5375 3995 5418 tamen
4030 5365 4250 5417 artifex.

2843 5437 3099 5500 Quaedam
3130 5435 3246 5504 ipse
3276 5437 3419 5488 nosti
3447 5454 3460 5486 :
3489 5436 3541 5488 in
3574 5437 3784 5504 caeteris
3814 5447 3932 5489 esto
3961 5450 4182 5503 sequar.

2843 5503 3274 5558 Prudentis’hoc
3302 5512 3388 5558 est
3422 5519 3545 5557 nam
3578 5507 3700 5565 viri,
3736 5503 3911 5558 Verbo
3946 5506 4193 5573 obsequi.

2847 5577 2902 5628 Si
2940 5581 3135 5629 cuncta
3164 5574 3334 5640 clara,
3361 5574 3451 5628 dic
3478 5574 3634 5628 velim
3665 5574 3797 5628 fides
3830 5574 3944 5626 ubi.

2847 5645 3087 5714 Simplex
3120 5644 3364 5713 profecto
3393 5653 3476 5698 est
3504 5659 3627 5696 nam
3662 5642 4095 5714 fidesassensio.

2913 5710 3056 5779 Quin
3084 5710 3216 5766 illud
3245 5714 3411 5766 etiam
3438 5713 3645 5782 cOgito,
3678 5712 3821 5766 haud
3855 5710 4036 5765 forsan
4069 5710 4232 5764 male.

2846 5783 2985 5848 Non,
3017 5799 3139 5838 cum
3174 5782 3410 5848 venires,
3446 5783 3546 5838 ista
3577 5784 3800 5852 promisi
3835 5782 3953 5847 tibi,
