4390 6558
396 590 516 644 Οὐδ’
546 590 598 642 εῐ
620 606 707 657 μοι
742 591 979 658 χρυσοῖο,
1016 594 1105 642 καὶ
1136 590 1418 657 ἠλέκτροιο
1446 591 1701 653 τάλαντα,

400 678 501 729 150
532 678 639 728 Καὶ
668 678 821 729 πεδία
861 677 1119 746 χλοάοντα
1152 681 1242 731 καὶ
1278 680 1443 750 εὐρέα
1478 681 1628 732 πώεα
1656 682 1822 749 δοίης,

398 767 505 819 Καὶ
536 766 695 835 δόμον
725 766 1033 837 αἰγλήεντα,
1071 769 1162 819 καὶ
1212 769 1502 821 Ἀλκινόοιο
1526 772 1824 839 τράπεζαν,

398 855 517 906 Οὐδ’
551 856 603 906 εί
627 872 715 924 μοι
751 856 863 925 βίον
899 858 1055 911 ἄλλον
1084 860 1327 930 ἀγήραον
1359 862 1479 913 ἀντὶ
1508 863 1790 932 παῴντος.

398 948 532 999 Οὺδὲ
556 965 648 1000 κεν
678 947 753 1010 ὣς
778 948 1121 1018 λιπόχριστον
1147 949 1256 1017 ἐγὼ
1292 951 1405 1019 βίον
1443 954 1665 1022 αἰσχρὸν
1692 955 1933 1022 ἑλοίμην.

402 1038 595 1102 Ἀρτος
625 1038 745 1103 ἐμοὶ
771 1038 1027 1091 στείνοιτο
1046 1078 1060 1101 ,
1094 1040 1253 1091 ποτὸν
1288 1041 1346 1093 τὸ
1380 1041 1521 1111 ὕδωρ
1548 1043 1791 1095 ποοέοιτο
1816 1061 1825 1071 ⁸

399 1123 503 1176 155
553 1124 728 1177 Φύλλα
785 1126 955 1195 συκῆς
1004 1126 1080 1196 μ’,
1118 1127 1193 1190 ὡς
1222 1129 1454 1199 πρόσθεν
1502 1132 1671 1200 ’Λδὰμ
1709 1133 1851 1183 Εὑάν
1882 1150 1965 1196 τε,

1571 1221 1855 1290 [καλύπτοι

393 1304 504 1357 Καὶ
538 1306 818 1375 σήραγγας
846 1306 1025 1377 ἔχοιμι
1056 1308 1271 1377 πετρῶν
1293 1304 1477 1379 δόμον,
1508 1312 1540 1380 ἦ
1571 1329 1691 1364 τινα
1719 1314 1893 1382 φηγοῦ

394 1397 731 1465 Κευθμῶνα,
767 1398 973 1466 σχέδιόν
1002 1415 1057 1449 τε
1098 1397 1232 1466 βίον,
1267 1400 1358 1451 καὶ
1395 1400 1585 1470 θηρσὶν
1618 1405 1827 1471 ὁμοῖονο

398 1489 469 1539 ’11
509 1504 629 1540 τινα
662 1489 771 1559 πὰρ
798 1488 1044 1542 πυλεῶνα
1080 1490 1408 1560 βεϐλημένος
1428 1532 1442 1553 ,
1474 1493 1634 1561 ἄχθος
1663 1494 1923 1565 ἀρούρης,

408 1579 618 1649 Ἀνδρος
652 1579 1020 1648 ὑπερφιάλοιο,
1053 1579 1219 1648 πένης
1239 1618 1253 1639 ,
1293 1581 1384 1632 καὶ
1414 1582 1662 1651 Λάζαρος
1690 1583 1867 1645 ἀλλος,

395 1670 498 1723 140
530 1670 779 1738 ’Ἑλκοιμι
808 1671 950 1738 ζωήν
984 1687 1041 1721 τε
1073 1669 1276 1741 λυγρὴν
1308 1671 1401 1723 καὶ
1446 1672 1603 1740 σῶμα
1637 1675 1885 1743 πονηρόν.

391 1762 506 1817 Νῦν
536 1764 657 1817 τάδε
679 1802 693 1826 ,
728 1763 911 1832 χάσμα
953 1763 997 1815 δ’
1033 1764 1221 1815 ἔπειτα
1246 1802 1260 1822 ,
1299 1763 1390 1815 καὶ
1439 1764 1627 1817 ἄντιτα
1674 1766 1850 1818 πάντα
1895 1765 1964 1818 τὰ

1640 1847 1885 1924 [τερπνά.

884 2009 999 2062 Non
1024 2011 1069 2063 si
1104 2011 1230 2063 mihi
1265 2012 1380 2063 auri
1406 2021 1458 2065 et
1482 2013 1670 2065 eleetri
1701 2014 1926 2076 talenta,

1516 472 1759 528 SECTIO
1793 472 1856 531 11.
1892 472 2212 528 POEMATA
2260 474 2582 530 MORALIA.

1901 472 2212 528 POEMATA
2260 474 2582 530 MORALIA.
3534 481 3635 539 590

1996 603 2039 655 Α
2071 594 2157 643 Σο).
2178 594 2356 661 κόρος.
2378 594 2536 658 ἄλγος
2561 595 2741 663 ἔμοιγε
2763 612 2771 621 ·
2819 595 3030 665 μικρδν,
3056 596 3147 649 καὶ
3173 598 3344 651 πάντα
3364 598 3637 659 λέλασται.

2080 685 2170 734 "liv
2204 684 2398 745 πάντες
2430 686 2565 752 μετὰ
2591 686 2792 753 τύμϐον
2815 728 2827 748 ,
2866 685 2916 755 ἴη
2946 685 3091 749 κόνις
3111 704 3122 715 ·
3149 682 3261 751 ἴσος
3287 689 3314 741 ὁ
3336 690 3510 763 χῶρος

2071 772 2285 840 Δμώεσι
2325 775 2416 825 καὶ
2447 774 2741 842 βασιλεῦσι.
2781 778 2853 827 Τὸ
2881 777 2933 829 δὲ
2957 777 3116 830 πλέον
3135 819 3148 843 ,
3185 779 3284 831 οὒκ
3312 780 3496 847 ἀῖδαο;

2072 864 2172 915 Hii
2204 864 2442 918 Τοῦνεκα
2472 868 2596 935 μήτ’
2637 868 2911 935 ἀγαθοῖσιν
2947 868 3110 922 ίαίνεο
3142 872 3253 931 τοῖς
3284 871 3565 940 παρεοῦσι,

2069 956 2219 1024 Μήτε
2253 955 2372 1025 λίην
2396 960 2703 1026 μογεροῖσιν
2732 958 2857 1010 am
2889 959 3058 1027 φρένα
3090 960 3241 1011 τοῦδε
3270 959 3424 1027 βίοιο.

2068 1041 2143 1096 ἾΙ
2170 1046 2277 1115 γὰρ
2306 1046 2439 1115 ὁμοῦ
2468 1052 2742 1117 τερπνοῖσι
2768 1050 2859 1101 καὶ
2885 1049 3056 1117 ἄλγεα
3086 1052 3240 1103 πάντ’
3266 1052 3579 1121 ἀπολείψεις

2068 1137 2139 1188 Οὐ
2170 1137 2307 1205 μετά
2334 1138 2450 1206 δήν.
2499 1139 2560 1190 Τί
2593 1140 2647 1191 δὲ
2676 1141 2882 1211 μακρὸν
2905 1142 3225 1211 ἐφημερίοιο
3249 1142 3383 1209 βίοιο
3410 1161 3423 1207 ;

2066 1225 2247 1288 Ξεῖνος
2273 1226 2315 1277 δ’
2355 1226 2461 1278 ἴσθι
2494 1230 2749 1297 πάροικος
2777 1230 2862 1281 ἐπ’
2898 1230 3181 1297 ἀλλοτρίης
3206 1229 3390 1297 χθονὸς
3417 1231 3598 1300 ἕρπων
3616 1246 3632 1263 ⁶

2069 1318 2170 1369 150
2209 1316 2399 1369 Ἔνθεν
2438 1320 2725 1389 ἀναστήσει
2763 1338 2818 1372 σε
2855 1321 2985 1383 Θεὸς
3014 1324 3067 1383 ἐς
3104 1321 3336 1390 πατρίδα
3365 1324 3495 1384 σεῖο,

2066 1408 2273 1477 Μικρὸν
2294 1409 2675 1471 ἀεθλεύσαντα,
2701 1412 2876 1464 πόνων
2904 1412 2959 1464 δέ
2987 1429 3044 1463 τε
3077 1412 3259 1481 μεῖζον
3286 1412 3492 1466 ἄεθλον.

2136 1501 2242 1551 Καὶ
2276 1502 2337 1555 σὺ
2369 1502 2543 1569 φίλοις
2574 1503 2871 1561 τεκέεσσιν.
2918 1504 3166 1555 Ἰωναδὰὸ
3197 1504 3349 1573 ἑξοχε
3380 1504 3561 1574 μῆτιν,

2070 1590 2259 1643 ὐλϐον
2291 1593 2632 1645 ἐπισπεύδων
2662 1594 2752 1645 τὸν
2780 1595 3081 1665 ὑπέρτατον
3108 1598 3163 1648 ἐν
3190 1597 3507 1667 μερόπεσσι,

2064 1680 2224 1732 Τόνδε
2248 1683 2409 1751 νόμον
2437 1683 2600 1752 μῦθόν
2637 1686 2683 1735 τ’
2715 1686 2979 1754 ἐφθέγξαο
2998 1704 3010 1715 ·
3051 1706 3068 1737 ι
3101 1687 3293 1749 Παῖδες
3320 1689 3493 1757 ὲμοῐο,

2068 1770 2167 1821 155
2220 1770 2412 1834 Δεῦτε,
2457 1774 2658 1843 πατρὸς
2719 1774 2941 1842 δέξασθε
2990 1776 3079 1829 τὸν
3114 1778 3174 1829 οὐ
3217 1776 3347 1847 πόρε
3404 1776 3634 1829 πλοῦτον

3317 1864 3561 1937 [ἕμοιγε,

884 2080 986 2153 130
1004 2079 1123 2153 _Non
1151 2082 1195 2134 si
1227 2082 1424 2153 virides
1456 2098 1615 2148 agros
1650 2096 1698 2135 el
1736 2083 1839 2135 lata
1874 2086 2067 2153 jugera
2092 2082 2332 2149 dederis,

882 2148 948 2201 Et
985 2150 1204 2201 dommn
1248 2151 1605 2211 renidentem,
1647 2162 1700 2203 et
1742 2148 1965 2207 Alriuoi
1991 2168 2261 2215 mensam,

882 2218 1069 2300 Reque
1098 2220 1310 2300 etimnsi
1350 2236 1453 2300 pro
1479 2222 1578 2272 hac
1615 2225 1879 2300 praesenti
1910 2226 2017 2276 vita
2051 2223 2224 2300 aliain
2252 2224 2390 2300 senii
2420 2233 2721 2293 expertem,

884 2289 1094 2361 idcirco
1138 2298 1346 2361 turpem
1389 2291 1575 2352 vitam,
1610 2289 1812 2344 Christi
1848 2292 2136 2355 desertor,
2176 2293 2454 2361 elegerint.

1005 2359 1138 2433 mihi
1183 2360 1335 2433 panis
1365 2370 1729 2433 arctus,__pro_
1756 2373 1884 2433 potu
1918 2378 2055 2431 aqua
2089 2358 2375 2433 nequidcm
2415 2364 2731 2427 abundans;

882 2428 986 2501 155
1024 2425 1281 2501 Ευιὶςιιίυί
1317 2446 1438 2501 nie,_
1464 2437 1521 2480 ut
1545 2425 1673 2482 olim
1705 2425 1984 2485 Adamum'
2005 2438 2057 2485 et
2089 2425 2275 2493 Evam,
2311 2425 2589 2501 operiant:

882 2495 1110 2572 pomum
1144 2498 1371 2572 habeam
1412 2498 1637 2572 fissuras
1665 2508 1981 2572 petrarum,
2023 2510 2115 2553 aut
2142 2495 2378 2569 aliquam
2424 2502 2532 2572 fagi

880 2566 1189 2638 Latebram,
1222 2575 1276 2618 et
1320 2568 1483 2621 vitam
1519 2566 1819 2638 simplicem
1859 2580 1913 2625 et
1941 2571 2073 2625 feris
2112 2566 2377 2625 similem:

881 2636 986 2710 Aut
1010 2638 1075 2687 ad
1102 2638 1281 2710 aliqua
1309 2658 1336 2687 η
1360 2638 1581 2705 januam
1612 2636 1709 2692 viri
1736 2642 2063 2710 arrogantis,

882 2705 1073 2777 Terra:
1103 2706 1309 2773 pondus
1341 2716 1393 2760 et
1428 2724 1631 2776 pauper
1656 2705 1889 2777 jacens:
1927 2717 1981 2764 et
2011 2712 2149 2762 alter
2179 2705 2415 2777 Laaarus
2438 2742 2452 2765 ,

882 2775 984 2847 1ρθ
1019 2775 1191 2847 Vitam
1225 2775 1438 2829 tristeoi
1472 2775 1683 2831 traham
1720 2788 1774 2831 et
1808 2794 2010 2847 corpus
2053 2775 2397 2847 languidum.

881 2842 1037 2915 l‘junc
1069 2844 1219 2915 lizec,‘
1262 2854 1447 2913 postea
1489 2850 1835 2913 sepulcrum:
1872 2842 2174 2915 pinnasque
2211 2844 2417 2915 dabunt
2449 2858 2641 2915 omnes
2669 2843 2997 2911 voluptates.

882 2912 1002 2985 '_l‘_ibi
1031 2912 1287 2974 satietas,
1328 2915 1455 2965 mihi
1491 2917 1680 2970 dolor:
1726 2912 1889 2984 paulo
1930 2926 2052 2985 post
2087 2912 2272 2985 omnia
2306 2912 2563 2985 oblivioni
2604 2914 2826 2985 dantur.

890 2979 1067 3052 l_lnum
1096 2996 1287 3035 omnes
1327 2999 1517 3035 sumus
1553 2997 1672 3052 post
1702 2979 2003 3046 tumulum,
2047 3001 2185 3039 unus
2226 2982 2398 3034 riuis:
2435 2984 2663 3051 aequalis
2696 2984 2846 3036 locus

892 3048 1078 3123 Servis
1103 3059 1155 3102 et
1182 3053 1430 3123 regibus.
1464 3048 1617 3117 Quod
1654 3065 1924 3123 superest,
1958 3071 2139 3108 nonne
2178 3051 2463 3104 infernus?

888 3122 991 3190 μδ
1022 3120 1287 3184 Quocirca
1325 3138 1421 3174 nec
1466 3120 1750 3190 prmsentia
1793 3133 1845 3179 te
1878 3127 2017 3179 bona
2046 3126 2343 3183 oblectent,

889 3188 1001 3244 Nec
1033 3192 1184 3243 valde
1207 3188 1648 3260 aninmm‘lmjns
1688 3196 1810 3247 vita:
1840 3196 2067 3249 adversa
2105 3198 2376 3258 frangant.

888 3260 1020 3313 Nam
1053 3260 1215 3313 simul
1242 3276 1365 3313 cum
1394 3261 1653 3328 jucundis
1682 3266 1910 3317 molesta
1944 3265 2125 3317 omnia
2167 3262 2461 3328 relinques,

885 3329 1001 3402 l_‘i_on
1036 3330 1108 3381 ita
1138 3332 1310 3402 multo
1338 3339 1479 3397 post.
1516 3330 1657 3395 Quid
1685 3333 1829 3385 enim
1863 3334 2082 3402 longum
2125 3333 2178 3385 in
2215 3330 2316 3381 hac
2342 3330 2554 3383 mortali
2585 3330 2735 3384 vita?

888 3398 999 3451 Hos

1006 3414 1098 3468 pes
1133 3400 1208 3452 sis
1238 3408 1291 3452 et
1327 3401 1643 3468 peregrinus
1678 3402 1730 3454 in
1766 3402 1940 3455 aliena
1962 3400 2113 3455 terra
2151 3415 2347 3467 repens
2380 3418 2391 3449 :

890 3470 992 3539 150
1029 3467 1156 3522 Inde
1196 3477 1249 3521 te
1291 3468 1433 3523 Deus
1460 3467 1749 3524 Suscitabit
1788 3473 1839 3524 in
1878 3472 2107 3539 patriam
2150 3482 2321 3529 tuam,

889 3534 1180 3607 Postquam
1218 3540 1435 3606 paulum
1472 3542 1803 3604 certaveris;
1846 3534 2023 3607 majus
2055 3548 2236 3593 autem
2278 3538 2555 3592 laboribus
2592 3537 2896 3607 praemium.

963 3606 1025 3659 Et
1062 3614 1119 3678 t_u
1150 3606 1273 3678 filiis
1307 3607 1647 3663 charissimis
1669 3650 1682 3671 ,
1722 3606 1970 3663 Jonadab
2010 3608 2295 3678 prudentia
2328 3609 2581 3675 insignis,

890 3672 1027 3746 pum
1057 3675 1273 3729 divitias
1299 3716 1314 3737 ,
1346 3677 1545 3746 quibus
1582 3680 1715 3730 nihil
1753 3680 1808 3731 in
1847 3672 2102 3733 [ruma-nis
2152 3677 2317 3746 rebus
2349 3672 2733 3745 préstantius.
2776 3692 2970 3745 parare
3008 3678 3217 3744 studes,

892 3742 1041 3815 Hanc
1077 3746 1155 3798 eis
1192 3742 1443 3815 legem'et
1480 3763 1786 3802 sermonem
1823 3747 2061 3801 dedisti:
2100 3766 2117 3798 ι
2142 3745 2269 3799 Filii
2309 3742 2412 3800 mei
2439 3788 2452 3809 ,
2489 3748 2570 3799 eia
2599 3748 2761 3815 agite,

887 3813 988 3865 155
1013 3813 1259 3883 Accipite
1290 3831 1316 3868 a
1349 3826 1521 3884 patre,
1556 3832 1695 3886 quas
1736 3832 1835 3870 nec
1874 3817 2030 3881 mihi,
2060 3831 2159 3870 nec
2196 3817 2291 3869 rlli
2326 3831 2564 3885 unquam
2607 3813 2717 3868 lilio
2755 3828 2907 3870 tener

600 3989 785 4061 Πώεα.
821 3987 986 4059 Regg.
1026 3986 1130 4041 duo
1174 3992 1420 4061 ποίμνια.
1473 4007 1708 4059 ropzosos
1754 4009 1950 4061 greges.

468 4058 568 4110 154
606 4060 675 4111 Τὸ
703 4060 907 4112 ποτόν.
936 4058 1006 4110 Ita
1041 4061 1173 4127 lieg.
1209 4062 1331 4112 995.
1374 4060 1427 4111 In
1460 4058 1590 4113 edit.
1619 4058 1769 4114 deest
1804 4065 1882 4115 τό.

468 4127 569 4179 157
600 4127 937 4195 Κευθμῶνα.
971 4126 1101 4197 Reg.
1127 4126 1194 4180 .19
1227 4129 1569 4195 κευθμῶνας.

469 4198 569 4249 140
601 4199 857 4267 Λυγτρήν.
892 4198 1005 4251 Duo
1036 4200 1197 4267 llegg.
1230 4197 1457 4266 λυπρὴν.
1495 4200 1675 4251 Schol.
1710 4200 1806 4254 99|
1844 4202 1959 4251 ὲπῖ-

396 4283 552 4320 πονον
560 4306 571 4318 .

469 4337 559 4392 HI
595 4337 824 4407 Χάσμα.
860 4336 993 4406 Sup.
1030 4339 1124 4391 lin.
1164 4337 1294 4405 Reg.
1328 4335 1423 4389 99l
1462 4349 1513 4392 et
1560 4338 1727 4392 Coisl.
1773 4340 1960 4406 τάφος.

2060 3994 2177 4047 Mox
2215 3992 2396 4062 iidem.
2429 3991 2646 4062 ἀντὶ-τὰ
2674 3992 2845 4043 πάντα
2885 3990 2950 4062 τᾷ
2983 3992 3207 4061 τερπνά.
3250 3991 3381 4062 Sup.
3428 3994 3517 4046 lin.
3547 4013 3628 4049 τι·

2064 4063 2273 4134 μωρίαν
2306 4061 2513 4129 ἔχοντα.
2551 4060 2650 4111 Int.
2685 4062 2848 4113 (Zoisl.
2882 4060 2949 4111 τὰ
2973 4060 3181 4131 τερπνά
3214 4060 3627 4134 τῶνοδυνηρῶν

2061 4130 2329 4185 ἀντίθετα.

2138 4200 2239 4271 142
2268 4198 2681 4271 Μικρόντῄκρςιμ
2718 4200 2785 4251 59
2823 4199 3035 4271 πικρόν.

2139 4268 2620 4341 1-1ϐῗΜογεροῖςγιν
2646 4268 2806 4321 ἆραι.
2844 4268 2973 4336 Reg.
3013 4285 3152 4323 unus
3184 4273 3431 4341 μογεροῖς
3479 4270 3636 4325 ἀνιά-

2071 4355 2187 4407 σῃς.
2222 4340 2351 4407 Sup.
2394 4341 2487 4390 lin.
2519 4338 2738 4405 λύπηπι.

1691 4492 2021 4551 ΜΕΤΒΙΟᾹ
2051 4491 2341 4549 VERSIO.

398 4656 779 4728 Electrumque
810 4658 1010 4715 nitens.
1049 4657 1422 4728 immensaque
1456 4660 1646 4728 jugera
1678 4664 1865 4722 terrae,

398 4724 462 4797 Et
488 4726 622 4797 latas
656 4724 834 4780 vestes
857 4768 870 4789 ,
902 4737 955 4779 et
984 4726 1264 4794 splendida
1298 4724 1475 4791 tecta,
1521 4724 1792 4797 simulque

396 4795 610 4847 Alcinoi
638 4797 777 4865 regis
805 4811 1046 4849 mensam
1068 4836 1081 4857 ,
1124 4810 1229 4849 non
1258 4798 1491 4865 denique
1518 4799 1625 4850 vlla

396 4865 575 4917 Altera
606 4864 649 4917 si
675 4870 834 4918 detur
868 4880 1078 4932 rugosa-
1109 4866 1295 4931 ignara
1336 4878 1589 4927 senecne.

398 4932 487 4986 Sic
523 4941 701 4986 tamen
725 4936 1018 5000 amplectar
1047 4934 1345 4987 deformem
1381 4936 1608 4988 crimine
1636 4936 1828 4999 vitam,

394 5002 652 5071 Turpiter
681 5012 844 5070 atque
875 5005 1030 5055 velim
1078 5003 1295 5056 deserto
1335 5006 1513 5056 vivere
1538 5006 1781 5057 Christo.

396 5073 634 5139 Exiguus
674 5073 802 5143 mihi
832 5074 902 5124 sit
929 5073 1103 5140 panis,
1134 5074 1240 5125 sint
1270 5075 1460 5139 poeula
1499 5075 1745 5143 lympha,

394 5143 458 5194 Et
494 5146 628 5193 lii-us
668 5140 811 5194 foliis
834 5181 847 5199 .
884 5145 1086 5209 primos
1115 5144 1257 5193 velut
1289 5152 1413 5195 ante
1440 5140 1712 5209 parentes,

394 5211 476 5265 Me
508 5220 679 5278 tegat,
707 5219 759 5262 ct
792 5212 880 5261 vili
912 5226 1111 5278 corpus
1138 5213 1423 5263 eouvolvat
1454 5212 1674 5273 amictu,

394 5282 470 5333 Ac
504 5280 634 5333 mihi
668 5282 738 5331 sit
763 5280 1008 5347 quzedam
1046 5284 1172 5332 tecti
1210 5281 1325 5333 vice
1358 5296 1593 5332 concava
1628 5296 1811 5347 rupes,

396 5353 500 5403 Aut
538 5348 641 5416 fagi
686 5351 940 5412 Iatehrze;
984 5350 1056 5401 sit
1090 5350 1316 5417 simplex
1349 5352 1458 5402 vita
1490 5352 1753 5419 levisque,

394 5420 569 5487 Atque
597 5420 725 5471 feris
755 5434 981 5485 prorsus
1011 5419 1240 5479 similis;
1278 5422 1357 5470 vel
1392 5420 1455 5471 ad
1488 5422 1622 5471 atria
1649 5418 1893 5488 quatdam

396 5488 585 5541 Divitis
616 5488 732 5556 ipse
761 5488 951 5553 iacens
973 5532 984 5543 .
1028 5489 1372 5543 incommoda
1408 5488 1620 5541 sarcina
1657 5499 1833 5547 terrae.

395 5557 605 5625 Pauper
628 5566 684 5609 et
726 5558 1000 5609 ulceribus
1037 5560 1259 5625 plenus,
1307 5558 1614 5624 languentia
1646 5558 1884 5611 membra

396 5624 817 5694 Maerentemque
849 5624 1059 5677 traham
1086 5624 1279 5695 vitam,
1319 5628 1575 5694 luctuque
1609 5627 1882 5681 refertam.

395 5696 499 5752 Ista
525 5695 741 5765 quidem
771 5696 824 5747 in
851 5697 1053 5765 terris:
1075 5706 1195 5763 post
1214 5712 1340 5749 vero
1361 5696 1583 5749 chasma
1605 5695 1954 5765 profundum,

395 5764 571 5834 Atque
600 5764 903 5834 voluptates
932 5764 1129 5819 vindex
1160 5782 1324 5834 rogus
1358 5766 1559 5833 excipit
1602 5764 1810 5819 amnes.

397 5834 484 5891 Sis
521 5842 709 5891 saturo
734 5844 789 5888 tu
820 5843 1029 5889 ventre.
1063 5851 1211 5890 meos
1243 5836 1396 5890 dolor
1422 5844 1650 5903 occupet
1682 5844 1867 5889 artus:

1995 4670 2035 4727 Β
2066 4658 2257 4713 Onmia
2284 4673 2401 4727 post
2428 4661 2590 4728 paulo
2623 4659 2845 4711 memori
2881 4657 2949 4728 de
2980 4666 3157 4711 mente
3184 4658 3457 4712 recedent.

2070 4728 2243 4781 Unum
2277 4727 2465 4782 omnes
2494 4730 2697 4780 erimus
2727 4727 2993 4778 tumulato
3023 4742 3272 4794 corpore,
3310 4728 3487 4795 pulvis

2066 4796 2249 4855 Unus.
2279 4808 2331 4850 et
2363 4798 2587 4865 :equalis
2621 4796 2772 4847 lorus
2802 4805 2917 4855 est,
2948 4797 3213 4863 sedesque
3246 4808 3432 4864 parata

2065 4866 2301 4931 Regibus
2332 4877 2384 4919 et
2420 4868 2591 4919 servis
2619 4884 2629 4916 :
2664 4872 2861 4916 terram
2891 4880 3243 4932 properamus
3276 4867 3338 4918 ad
3370 4880 3553 4921 unam.

2063 4938 2333 5000 Quocirca
2368 4954 2465 4999 nec
2498 4943 2549 4988 te
2579 4935 2856 5003 praesentis
2884 4936 3164 4987 commoda
3194 4935 3317 4987 vita:

2064 5005 2358 5073 ιηιιιιυιιὶυυ
2380 5002 2671 5068 oblectent,
2701 5018 2798 5055 nec
2826 5018 3016 5055 rursus
3043 5005 3219 5056 tristia
3246 5002 3518 5073 frangant.

2064 5072 2262 5125 Tristia
2295 5076 2495 5141 quippe
2534 5074 2628 5126 tibi
2660 5074 2820 5126 simul
2857 5082 2911 5123 et
2937 5073 3175 5139 jucunda
3212 5088 3437 5127 necesse
3470 5083 3555 5127 est

2068 5144 2335 5211 Linquere
2372 5153 2568 5195 cuncta
2596 5144 2775 5205 brevi;
2809 5142 2935 5207 quid
2963 5143 3127 5205 enim,
3155 5143 3485 5205 mihidicito,
3510 5144 3624 5196 lon-

3468 5228 3556 5265 lllll

2067 5279 2190 5333 "rec
2230 5281 2473 5333 mortalis
2498 5281 2661 5332 habet
2691 5280 2906 5347 fatoque
2944 5280 3177 5333 obnoxia
3215 5281 3370 5333 vita?
3406 5212 3462 5282 lg

2066 5349 2272 5419 llospes
2296 5363 2353 5401 es
2384 5350 2437 5419 in
2470 5352 2663 5401 misera
2695 5350 3015 5419 peregrinus
3051 5358 3105 5401 et
3141 5352 3313 5402 incola
3336 5360 3519 5403 terra;

2063 5417 2194 5472 Post
2219 5433 2345 5471 vero
2376 5418 2441 5470 ad
2476 5419 2699 5485 patriam
2730 5417 2909 5469 divina
2937 5420 3173 5487 potentia
3204 5420 3387 5472 sedem

2063 5487 2138 5540 Te
2176 5488 2332 5541 vehet
2366 5490 2418 5540 in
2448 5488 2621 5556 fragili
2657 5495 2944 5555 postquam
2981 5488 3279 5541 certaveris
3306 5503 3455 5543 aevo:

2065 5556 2288 5610 [’raemia
2320 5567 2445 5610 sunt
2482 5572 2645 5625 porro
2670 5560 2827 5622 longe
2865 5557 3072 5623 majora
3112 5558 3313 5609 labore.

2135 5626 2322 5694 Tuque
2350 5632 2534 5687 etiam,
2563 5625 2841 5685 Ionadab,
2880 5627 3097 5679 sublimi
3132 5626 3352 5693 praedite
3390 5631 3598 5693 mento,

2071 5695 2265 5753 Vitam,
2292 5711 2396 5763 qua
2426 5697 2572 5748 nulla
2600 5703 2684 5749 est
2716 5695 2919 5747 homini
2961 5695 3171 5748 felicior
3195 5709 3448 5763 usquam,

2065 5767 2386 5818 Accelerans
2412 5767 2575 5826 natis,
2614 5765 2751 5817 hanc
2784 5764 2952 5833 legem
2982 5774 3036 5817 et
3068 5765 3229 5817 verba
3251 5764 3484 5818 dedisti:

2072 5854 2086 5883 ι
2109 5833 2153 5888 Ο
2185 5836 2313 5898 nati,
2341 5849 2476 5903 quas
2505 5850 2602 5889 nec
2637 5835 2849 5903 genitor
2881 5834 3012 5889 mihi
3038 5834 3266 5903 pmbuit
3294 5847 3530 5903 unquam
