4290 6522
362 406 443 455 .il
1444 404 1690 462 SEUTIO
1732 406 1772 461 ll
1830 408 2160 465 POEMATA
2204 408 2533 464 HORALIA.

353 517 414 568 Εἰ
440 514 539 586 μὲν
568 515 632 586 δὴ
669 516 963 582 σάρκεσσιν
994 519 1299 591 ὁμόσπορος
1333 522 1387 585 ἐς
1416 523 1531 591 βίον
1557 519 1740 593 ἦλθες,

424 608 492 661 79
522 610 587 660 Ὤ
615 626 705 679 μοι
741 608 1003 682 συζυγίης
1027 612 1252 683 τηλόθεν
1276 613 1610 685 οὐλομένηςί

355 697 531 751 Εἰκὼν
555 700 668 769 είμι
691 700 864 766 Θεοῖο,
895 704 989 755 καὶ
1020 702 1238 774 αἴσχεος
1272 704 1387 766 υίὸς
1418 705 1670 775 ἐτύχθην·

424 791 681 863 Δὶδὲομαι
714 796 879 864 τιμῆς
908 794 1121 868 μητέρα
1158 797 1528 868 μαργοσύνην.

368 883 579 949 Ῥεῦσις
607 885 716 957 γάρ
751 887 809 957 μ’
840 889 1159 957 ἐφύτευσεν,
1195 891 1225 943 ὁ
1252 888 1295 941 δ’
1332 889 1552 958 ἔφθιτοο
1605 890 1700 945 νῦν
1733 892 1942 962 βροτός

1693 977 1877 1053 [αὖθις

428 1068 502 1119 Οὐ
539 1066 747 1139 βροτὸς,
778 1070 913 1123 ἀλλὰ
940 1070 1090 1135 κόνις
1109 1088 1122 1102 ⁸
1158 1071 1375 1135 ἐλπίδες
1400 1071 1673 1129 ύστάτιαι.

357 1160 427 1214 75
450 1161 509 1213 Εἰ
535 1160 591 1214 δὲ
621 1162 684 1215 σύ
712 1162 763 1232 γ’
794 1163 1044 1233 οὐρανίη,
1080 1164 1186 1228 τίς,
1217 1164 1378 1230 ὅθεν;
1422 1164 1686 1219 ποθέοντα
1715 1166 1944 1232 δίδαξον.

431 1253 492 1304 Et
521 1253 617 1322 μὲν
647 1252 802 1324 άημα
832 1252 967 1306 Θεοῦ
998 1254 1092 1307 κα)⁸
1125 1253 1308 1325 λάχος,
1341 1254 1417 1319 ὼς
1447 1256 1716 1327 φρονέεις,

372 1342 552 1406 Ῥίψον
573 1344 927 1415 ἁτασθαλίην,
954 1346 1048 1399 καὶ⁵
1079 1345 1362 1415 πείθομαι.
1390 1347 1466 1398 Ού
1490 1346 1598 1417 γὰρ
1623 1347 1767 1400 ἔοικε

431 1433 539 1486 Τοῦ
570 1434 812 1505 καθαροῦ
839 1435 1089 1507 ρυπαρὴν
1111 1435 1366 1507 ἔμμεναι,
1397 1437 1505 1491 οὐδ’
1529 1437 1731 1506 ὀλίγον.

361 1526 494 1578 Οὐδὲ
519 1525 628 1597 γὰρ
659 1526 859 1596 ἠελίοιο
888 1527 1052 1598 λάχος
1086 1528 1297 1593 σκότος,
1328 1529 1449 1581 οὐδὲ
1484 1528 1722 1601 πονηροῦ

431 1616 500 1669 80
533 1615 671 1668 Πνεύ
680 1634 846 1686 ματος
872 1617 1094 1689 αἰγλῆεν
1117 1617 1341 1686 ἔκγονον
1364 1618 1625 1691 ἐξεφάνη.

362 1708 486 1770 Πῶς
517 1707 564 1761 δ’
590 1707 744 1761 ὀλοοῦ
772 1709 963 1763 Βελίαο
991 1709 1286 1778 τινάγμασι
1318 1709 1510 1763 τόσσον
1534 1709 1733 1783 ἐλαύνῃ
1752 1749 1767 1774 ,

3523 408 3627 465 762

1977 538 2022 593 Α
2120 527 2230 581 Καί
2257 543 2365 597 περ
2400 524 2706 596 επουρανίῳ
2737 523 3015 596 Πνεύματι
3040 520 3376 594 κιρναμένης

2046 619 2108 669 lii.
2142 619 2250 687 γὰρ
2279 618 2423 669 τοῖον
2450 614 2648 684 ἔχουσα
2674 613 2896 684 βοηθόον
2930 616 2987 679 ὲς
3014 612 3180 684 χθόνα
3202 611 3399 676 νεύεις,

2114 707 2181 759 Δΐ
2211 708 2266 759 αἳ
2293 708 2390 777 τῆς
2416 705 2655 777 ἀκράτου
2686 704 2783 773 σῆς
2808 704 2967 775 ὀλοῆς
2996 704 3226 776 κακίηςί

2043 799 2112 852 85
2134 800 2194 851 Εἰ
2214 799 2257 851 δ’
2280 796 2340 851 οὔ
2369 815 2459 868 μοι
2480 796 2665 851 Θεὸθεν
2685 797 2773 859 σὺ,
2799 796 2881 859 τίς
2905 798 2937 866 ἡ
2962 796 3151 865 (ptime;
3174 792 3209 865 ἦ
3240 794 3380 866 μέγα
3409 791 3628 867 τάρϐος,

2115 891 2205 961 Μή
2235 907 2365 943 ποτε
2396 888 2632 960 μαψιδίῳ
2662 888 2813 942 κύδεϊ
2841 888 3069 956 φυσιόω.

2046 980 2279 1051 Πλάσμα
2311 978 2446 1032 Θεοῦ
2468 1018 2481 1042 ,
2539 977 2900 1048 παράδεισος,
2942 975 3113 1045 Ἕδεμ
3134 1015 3148 1038 ,
3206 974 3392 1037 κλέος,
3448 972 3625 1036 ἐλπὶς,

3302 1065 3556 1137 [ἐφετμὴ

2118 1163 2364 1235 Ὄμϐρος
2380 1165 2409 1216 ὁ
2442 1162 2799 1233 κοσμολέτης,
2833 1160 3036 1232 ὄμϐρος
3054 1162 3082 1212 ὁ
3106 1158 3465 1231 πυρσοπόλος,

2043 1226 2229 1330 Αὐτὰρ
2263 1226 2452 1310 έπειτα
2481 1226 2665 1327 νόμος,
2696 1226 2958 1326 γραπτὸν⁷
2971 1254 3101 1316 ἄκος
3125 1270 3137 1282 ·
3169 1226 3346 1322 αὐτὰρ
3375 1226 3588 1302 ἔπειτα.

2113 1347 2183 1401 90
2209 1346 2445 1418 Χριστὸς
2469 1345 2562 1416 ἑὴν
2600 1344 2816 1415 μορφὴν
2846 1342 3095 1413 ἡμετέρῃ
3119 1339 3379 1408 κεράσας,

2049 1438 2146 1500 Ὣς
2188 1454 2283 1490 κεν
2314 1437 2468 1507 ὲμοῖς
2490 1434 2764 1505 ,παθέεσσι
2796 1431 2985 1487 παθὼν
3026 1430 3177 1495 Θεὸς,
3208 1430 3383 1501 ἄλκαρ
3411 1424 3624 1490 ὀπάζοι,

2118 1526 2225 1580 Καί
2255 1543 2323 1597 με
2358 1526 2480 1579 Θεὸν
2508 1524 2703 1597 τελέσῃ
2732 1523 2861 1576 εἴδεϊ
2889 1522 2965 1594 τῷ
2994 1521 3219 1593 βροτέῳ.

2047 1620 2380 1691 Ἀλλ“ἕμπης
2409 1620 2719 1688 ἁδάμαστον
2745 1616 2854 1686 ἔχω
2885 1614 3062 1685 μένος,
3093 1613 3149 1676 ὲς
3179 1610 3238 1665 δὲ
3271 1610 3489 1681 σίδηρον

2116 1709 2405 1779 Αύτοφόνῳ
2432 1707 2601 1779 μανίη
2631 1704 2955 1774 σπεύδομεν,
2995 1702 3136 1755 ὥστε
3160 1699 3287 1764 σύες

864 1865 1021 1931 Quod
1057 1866 1101 1919 si
1126 1880 1250 1919 eum
1276 1866 1541 1921 carnibus
1573 1874 1691 1920 sata
1728 1865 1782 1918 in
1808 1866 1975 1918 vitam
2014 1864 2238 1926 venisti,

936 1938 1003 1988 70
1043 1935 1195 2005 lleul
1226 1936 1677 2005 conjunctionem
1714 1935 1845 1989 mihi
1868 1935 2198 2005 jampridem
2233 1931 2636 2001 perniciosam!

865 2005 1047 2075 Imago
1073 2004 1163 2059 Dei
1190 2004 1343 2075 sunt,
1368 2014 1422 2060 et
1448 2005 1811 2075 turpitudinis
1846 2004 2001 2059 lilius
2015 2004 2196 2059 factus
2226 2018 2347 2058 sum
2375 2020 2389 2057 :

938 2074 1138 2128 Pudori
1176 2074 1308 2129 mihi
1342 2083 1448 2138 est,
1486 2074 1660 2130 mater
1684 2074 1901 2130 decoris
1935 2075 2228 2146 cupiditas.

866 2144 1073 2215 Flnmis
1105 2160 1189 2199 me
1212 2146 1432 2214 genuit:
1463 2146 1510 2200 is
1537 2153 1837 2215 corruptus
1859 2153 1945 2200 est
1969 2165 1981 2199 :
2010 2144 2160 2199 nunc
2188 2147 2382 2199 homo:
2425 2158 2619 2197 rursus

936 2214 1053 2286 Non
1088 2216 1271 2286 homo,
1305 2216 1398 2271 sed
1431 2216 1605 2271 cinis:
1638 2214 1721 2269 hae
1757 2232 1883 2286 spes
1914 2223 2191 2271 extremm.

867 2284 1127 2356 'ib'gQuod
1160 2285 1593 2356 si_cmlcstises,
1626 2280 1878 2356 quasnam
1911 2294 1966 2340 et
1999 2287 2178 2339 unde?
2210 2286 2354 2338 scire
2390 2290 2639 2337 aventem
2672 2280 2831 2334 doce.

938 2355 995 2426 Si
1032 2354 1195 2409 ﬂatus
1223 2354 1315 2410 Dei
1341 2372 1422 2419 es,
1451 2354 1681 2426 ejusque
1704 2356 2021 2419 hazreditas,
2049 2365 2107 2409 ιιι
2137 2357 2334 2418 sentis,

866 2423 1079 2492 l’t'ojice
1113 2427 1322 2489 vitium,
1354 2433 1408 2479 et
1433 2423 1689 2479 credam:
1721 2441 1827 2480 non
1854 2428 1998 2480 enim
2029 2428 2288 2480 convenit

940 2494 1067 2547 Eam
1099 2510 1220 2564 quze
1250 2510 1313 2548 ex
1343 2510 1481 2564 puro
1512 2503 1596 2550 est
1620 2505 1759 2559 orta,
1791 2498 1875 2550 vel
1909 2498 2097 2551 leviter
2132 2496 2411 2551 sordidam
2442 2508 2587 2549 esse.

866 2563 981 2617 Non
1013 2563 1156 2635 cuitu
1198 2580 1226 2617 a
1252 2563 1367 2620 sole
1398 2566 1575 2635 caligo
1606 2568 1807 2629 oritur,
1838 2582 1939 2621 nee
1971 2568 2099 2621 mali

938 2636 1012 2689 80
1053 2632 1294 2705 Spiritus
1334 2635 1476 2689 lctus
1506 2632 1759 2705 apparuit
1794 2636 2133 2705 splendidus.

865 2704 1369 2780 Quomodonefarii
1404 2705 1563 2780 Belia:
1582 2704 2126 2780 itantis_impn_|si_bus
2151 2707 2401 2780 agitaris,

942 2776 1205 2839 Quamvis
1242 2776 1429 2829 divino
1464 2775 1681 2843 spiritui
1714 2776 1872 2829 mista
1902 2776 2022 2829 sis‘.l

872 2844 1007 2896 Nam
1035 2844 1080 2897 si
1116 2853 1330 2897 tantum
1358 2839 1568 2899 habens
1597 2845 1902 2911 adjutorem
1930 2846 1982 2898 in
2016 2852 2219 2898 terram
2251 2839 2455 2910 vergis,

943 2912 1091 2984 lleu!
1124 2930 1328 2966 meram
1368 2922 1421 2984 et
1452 2915 1818 2984 perniciosam
1860 2923 2007 2967 tuam
2048 2913 2348 2967 malitiam!

868 2983 1074 3054 85__Sin
1106 2993 1285 3037 autem
1310 2980 1541 3054 mihi'ex
1582 2983 1689 3038 Deo
1713 3000 1817 3039 non
1856 3000 1936 3049 es,
1970 3000 2091 3054 qum
2125 2994 2216 3038 tua
2249 2981 2487 3034 natura?
2521 2980 2676 3036 valde
2712 2983 2964 3051 prol'ecto
3000 2990 3184 3039 metuo

939 3051 1017 3106 Ne
1052 3053 1199 3106 inani
1232 3054 1407 3120 gloria
1442 3053 1663 3108 inﬂatus
1704 3056 1830 3107 sim.

871 3120 1212 3191 Figmentum
1240 3122 1353 3193 Dei,
1383 3124 1696 3193 paradisus,
1732 3124 1901 3186 Eden,
1938 3120 2132 3193 gloria,
2160 3131 2311 3185 spes,
2343 3120 2714 3185 prteceptum,‘

941 3193 1121 3245 Imber
1155 3192 1346 3265 mundi
1380 3192 1709 3265 exstinctor,
1748 3194 1923 3265 imber
1946 3192 2174 3265 igneus:

867 3261 1007 3335 'l‘uin
1042 3270 1233 3335 postea
1260 3264 1363 3321 lex.
1394 3264 1660 3331 scriptum
1691 3255 2041 3335 remediuni';
2061 3273 2258 3335 rursus
2288 3255 2511 3335 tandem

941 3332 1009 3385 90
1046 3332 1304 3386 Christus
1336 3329 1566 3386 formam
1607 3349 1762 3387 suam
1797 3341 1999 3387 nostra:
2032 3329 2354 3391 immiscuit,

871 3400 939 3454 Ut
976 3402 1182 3454 morbis
1210 3403 1347 3456 meis

1424 3404 1601 3457 atiens
1627 3402 1770 3457 Deus
1795 3406 2060 3457 auxilium
2104 3400 2245 3454 lerat

940 3474 1131 3539 Meque
1159 3471 1320 3525 deum
1349 3471 1546 3525 ellieiat
1573 3473 1747 3526 forma
1780 3488 1878 3526 sua
1914 3474 2174 3525 humana.

863 3536 1220 3612 474-3475
1254 3540 1359 3612 Sed
1389 3550 1570 3596 tamen
1609 3541 1935 3595 indomitum
1966 3542 2141 3612 habeo
2168 3536 2436 3601 animum,
2470 3552 2533 3590 ac
2566 3538 2619 3590 in
2650 3536 2879 3603 ferrum,

937 3612 1115 3665 lnstar
1155 3611 1296 3680 apri,
1323 3611 1508 3665 furore
1525 3613 1628 3666 mei
1656 3612 1831 3680 ipsius
1855 3611 2153 3673 homicida,
2180 3623 2305 3660 ruo.

438 3724 506 3779 72
536 3726 833 3795 Αίδέομτιι.
864 3727 1033 3781 Pudet
1066 3744 1147 3781 me
1181 3727 1398 3783 honoris
1431 3731 1532 3783 mei
1562 3739 1809 3792 matrem,
1842 3729 1950 3783 hoc

366 3798 745 3870 estpinmgiuis
782 3797 992 3870 clinium.
1030 3799 1352 3866 petulantem
1393 3809 1443 3854 et
1472 3800 1796 3870 impudicam
1828 3816 1950 3854 car-

364 3866 752 3940 ttislt'bidt'nem
780 3866 954 3940 dicere
977 3874 1061 3940 rvet
1092 3871 1347 3940 cogitare.

438 3935 503 3990 76
534 3935 755 4005 Λάχος.
794 3935 1215 3993 Ηωηάὲιαδεέἱ
1245 3956 1278 3992 a
1319 3939 1429 3995 Deo
1477 3940 1607 3994 data
1638 3957 1716 4006 es,
1758 3940 1805 3994 si
1852 3938 1949 3993 Dei

367 4022 580 4063 manu.
617 4015 725 4059 etc.

436 4077 506 4131 87
544 4075 798 4148 Πλάσμα
847 4078 1014 4133 Θεοῦ.
1070 4077 1399 4148 Adjumenia
1452 4085 1507 4133 et
1555 4078 1820 4134 beneﬁcia
1853 4078 1949 4134 Dei

365 4160 493 4218 erga
544 4146 822 4218 hominem
872 4146 1179 4218 enumerat.
1228 4147 1472 4202 Primum
1524 4150 1841 4218 paradisum
1888 4150 1944 4203 in

372 4213 864 4289 E.l:en__planta\_'i_t;
913 4217 1111 4272 deinde
1159 4219 1299 4272 hanc
1338 4220 1385 4273 ei
1432 4213 1661 4289 primam
1712 4220 1943 4289 gloriam

368 4285 589 4357 infudit,
624 4292 684 4357 ut
714 4286 780 4340 ad
812 4287 1101 4357 imaginem
1135 4303 1289 4343 suam
1323 4285 1446 4342 eum
1478 4285 1762 4344 conderet.
1803 4287 1941 4341 Tum

365 4355 669 4428 adiumenti
701 4371 867 4428 causa
904 4355 1220 4413 mandatum
1253 4360 1300 4411 ei
1336 4359 1617 4428 imposuit,
1649 4359 1811 4427 cujus
1842 4360 1942 4412 ob-

366 4425 666 4498 servationi
719 4427 1152 4498 immortalitatis
1198 4425 1599 4498 consequendze
1640 4425 1768 4497 spes
1806 4444 1937 4498 pro-

367 4495 705 4549 mittebatur.
736 4492 879 4560 Quin
910 4497 1097 4561 etiam,
1132 4511 1258 4551 cum
1301 4513 1330 4550 a
1381 4492 1638 4551 mandato
1674 4492 1941 4553 recessis-

365 4573 475 4627 set.
506 4580 574 4618 ne
605 4566 686 4637 sic
720 4566 946 4637 quidem
988 4567 1136 4620 omni
1169 4582 1273 4636 ope
1313 4568 1633 4622 destitutum
1683 4569 1938 4637 reliquit;

366 4649 554 4686 verum
595 4634 847 4706 pluribus
877 4636 1183 4705 disciplina:
1207 4634 1525 4706 generibus.
1570 4648 1677 4691 tam
1707 4634 1940 4706 publicis

364 4720 527 4773 quam
552 4705 802 4773 privatis,
837 4704 1142 4776 impietates
1172 4704 1233 4760 et,
1256 4705 1460 4776 ﬂagitia
1486 4704 1939 4776 corium—quibus

2053 3727 2265 3802 nefarie
2298 3725 2699 3802 oﬂendebatur,
2729 3727 2877 3802 iuste
2909 3727 3226 3802 vindicans,
3261 3738 3339 3777 διο
3369 3722 3627 3802 paulatim

2052 3813 2149 3853 eos
2183 3798 2250 3851 ad
2298 3798 2632 3866 agnitionem
2670 3800 2754 3852 Siti
2792 3798 3064 3862 instituit;
3109 3805 3271 3864 atque
3305 3795 3467 3866 undis
3503 3795 3629 3866 qui-

1992 3911 1997 3917 .
2051 3867 2175 3922 dem
2216 3862 2474 3922 obrutum
2528 3867 2713 3919 orbem
2762 3868 2930 3922 exitio
2984 3862 3209 3920 tradidit
3252 3883 3266 3917 :
3306 3862 3628 3916 fulminibus

2051 3946 2236 3993 autem
2288 3935 2694 3990 Sodomitarnm
2748 3937 3140 3991 exsecrandum
3200 3934 3479 3987 libidinem
3526 3947 3625 3998 op-

2053 4008 2275 4077 pressit.
2311 4006 2585 4074 urbesque
2610 4005 2674 4077 in
2714 4008 2953 4061 cinerem
2986 4004 3212 4075 redegit.
3250 4003 3442 4077 Postea
3479 4000 3624 4053 aliud

2054 4070 2340 4157 medicinae
2367 4070 2711 4157 genu-stlide
2757 4086 2861 4137 est.
2906 4070 3226 4157 scripta'lex
3263 4088 3359 4152 per
3386 4070 3624 4157 Moysen:

2051 4146 2274 4218 inducta
2313 4140 2432 4208 est;
2466 4161 2529 4199 ae
2564 4144 2801 4218 denique
2830 4140 3130 4201 remedium
3164 4140 3411 4218 omnium
3436 4140 3625 4218 valen-

2048 4217 2321 4271 tissimum
2347 4230 2410 4268 ac
2433 4211 2973 4284 prazstanti'ssimum,
3001 4228 3334 4282 sinmnaaque
3361 4211 3628 4284 bonitatis

2050 4289 2314 4361 plenum,‘
2338 4282 2455 4361 ipse
2496 4286 2552 4339 in
2595 4285 2933 4361 plenitudine
2965 4295 3291 4361 teiiipoLuiii,
3325 4298 3354 4336 a
3384 4282 3505 4361 sinu
3533 4293 3628 4347 pa-

2046 4352 2204 4410 terno
2244 4352 2469 4428 minime
2498 4352 3114 4428 excedensunigenitus
3150 4352 3343 4428 Filius.
3383 4352 3626 4428 divinam

2044 4435 2297 4480 naturam
2342 4426 2596 4501 humana:
2635 4417 2937 4501 copulavit,
2985 4433 3136 4501 totus
3184 4423 3286 4501 toti
3326 4417 3626 4501 personali-

2046 4505 2364 4567 terareano
2393 4496 2553 4567 modo
2583 4491 2793 4556 unitits,
2825 4511 2936 4564 quo
2968 4494 3224 4567 nimirum
3253 4491 3394 4545 Deus
3422 4491 3627 4567 impas—

2046 4566 2227 4623 sibilis
2258 4578 2491 4619 manens
2519 4564 2759 4618 humana
2793 4563 2946 4634 parte
2977 4563 3311 4633 perpetiens,
3351 4563 3627 4630 passioni-

2048 4637 2151 4691 bus
2184 4635 2321 4689 meis
2362 4634 2691 4688 mederetur.
2734 4634 2885 4687 BILL.
3452 4635 3456 4640 ’

2115 4706 2183 4760 9i
2213 4704 2552 4772 Αὑτορόνῳ.
2580 4704 2747 4758 Cois].
2773 4705 2879 4758 lnt.
2903 4711 2958 4758 et
2981 4701 3112 4772 Reg.
3135 4701 3228 4758 99|
3258 4696 3626 4770 ἀλληλοφόνῳ.

1657 4824 1991 4883 METRICA
2029 4821 2325 4881 VERSIO.

368 4939 426 4995 Si
451 4940 592 5003 vita,
623 4954 748 4993 eum
783 4953 952 4993 carne
983 4936 1147 4995 simul
1182 4948 1323 5003 sata,
1358 4941 1547 5003 prodis
1580 4942 1635 4997 in
1663 4959 1828 4998 auras
1855 4962 1866 4997 :

440 5011 614 5075 Quam
645 5009 835 5077 procul
862 5016 950 5063 est
990 5025 1166 5063 nexus
1199 5009 1428 5078 pestifer
1457 5012 1560 5068 iste
1594 5014 1726 5067 mihi
1754 5016 1766 5067 !

366 5077 630 5164 Muttinis
644 5078 847 5164 eliigies
864 5163 869 5164 γ
884 5093 1015 5161 sum.
1034 5080 1174 5164 labe.
1194 5077 1381 5164 ἐξαιρῇ
1400 5100 1418 5163 τ’
1444 5080 1748 5164 decusque,

440 5148 579 5201 Proh
606 5147 813 5215 pudor!
852 5149 1116 5221 eximium
1149 5149 1293 5221 foeda
1327 5151 1496 5206 libido
1532 5147 1695 5221 parit.

364 5218 697 5289 Corruptum
720 5233 907 5289 semen
941 5232 1027 5273 me
1054 5219 1256 5289 gignit;
1290 5236 1438 5275 nunc
1471 5218 1653 5287 homo,
1676 5237 1872 5278 rursus

439 5287 554 5341 Non
578 5287 766 5350 homo,
790 5288 886 5341 sed
918 5302 1045 5356 spes
1063 5287 1158 5343 est
1186 5290 1377 5343 ultima
1404 5303 1596 5345 nostra
1621 5294 1781 5348 cinis.

367 5356 471 5430 Sin
487 5366 553 5430 tu
583 5356 858 5413 caelestis:
889 5358 1114 5430 quinam
1146 5359 1266 5421 tibi,
1293 5359 1403 5423 die,
1435 5376 1651 5430 precor,
1684 5362 1882 5417 ortus?

439 5427 496 5482 Si
531 5442 679 5499 pars,
712 5437 773 5482 ut
806 5426 1003 5499 sentis,
1030 5426 1191 5484 ﬂatus
1218 5435 1271 5483 et
1302 5430 1419 5499 ipsa
1435 5426 1546 5485 'Dei
1580 5426 1662 5494 es,

365 5498 610 5572 Crimina
626 5498 757 5572 dum
785 5498 977 5567 pellas,
1011 5499 1229 5572 credam
1262 5498 1350 5553 id:
1378 5516 1615 5572 namque
1635 5502 1781 5557 edita
1808 5517 1947 5572 puro

441 5568 573 5633 Qua:
606 5569 698 5631 sit,
728 5582 849 5621 eam
882 5576 1079 5622 cuneta
1109 5568 1231 5621 labe
1260 5584 1451 5624 carere
1482 5568 1661 5626 decet.

362 5635 501 5712 Nam
522 5652 715 5712 neque
743 5636 824 5690 sol
847 5637 1119 5712 _tenebr_as
1147 5637 1281 5712 edit,
1313 5655 1414 5693 nec
1454 5650 1743 5712 pneumate
1779 5657 1949 5712 pravo

441 5706 684 5779 Spiritus
711 5706 957 5760 exoritur
982 5707 1307 5776 splendidus
1336 5706 1501 5779 atque
1534 5711 1732 5765 bonus.

366 5776 473 5851 Qui
510 5776 734 5851 rabidus
772 5790 931 5851 porro
956 5783 1066 5830 tam
1096 5786 1146 5831 te
1176 5779 1352 5851 quatit
1384 5776 1557 5851 hostis
1580 5788 1634 5851 et
1662 5792 1838 5851 urget,

344 5885 351 5892 .
441 5844 681 5917 Spiritus
709 5847 978 5902 mthereus
1000 5861 1125 5901 cum
1161 5844 1231 5902 sit
1266 5849 1336 5903 ab
1369 5866 1467 5905 axe
1491 5850 1629 5904 tibi?

1977 4952 2018 5005 Β
2047 4940 2293 5010 Namque
2316 4955 2419 5009 ope
2450 4940 2577 4994 nixa
2611 4940 2738 4995 licet
2767 4941 2856 4994 tali
2885 4941 2930 4996 si
2957 4940 3139 5010 vergis
3167 4938 3232 4993 ad
3265 4938 3394 5010 ima,

2127 5009 2237 5064 Ileu
2266 5012 2278 5063 l
2309 5019 2516 5079 quanta
2547 5019 2631 5064 est
2662 5011 2780 5064 vitii
2805 5012 2962 5080 copia
2996 5009 3187 5080 viSque
3210 5009 3322 5080 tui!

2055 5080 2111 5135 Si
2124 5096 2250 5160 _pon
2270 5077 2391 5160 orta
2432 5080 2540 5160 Deo
2556 5096 2650 5160 es,
2675 5080 2769 5133 tibi
2794 5077 2916 5160 quae
2948 5077 3184 5160 natura?
3214 5077 3520 5134 Verendum

2123 5151 2215 5205 Est
2243 5152 2458 5205 animos
2494 5148 2642 5203 inﬂet
2668 5164 2734 5203 ne
2756 5148 2886 5202 mihi
2920 5165 3097 5204 vanus
3129 5149 3322 5203 honor.

2054 5219 2267 5274 Plasma
2321 5220 2437 5283 Dei,
2498 5218 2812 5288 paradisus,
2850 5218 3023 5285 Eden,
3086 5233 3232 5288 spes,
3293 5216 3627 5359 glorlia,lex-

2493 5358 2503 5359 ,
2630 5357 2693 5359 _,
2854 5358 2859 5359 ,
3071 5358 3078 5359 ,
3147 5357 3157 5359 _
3425 5303 3550 5357 ειυθι

3425 5303 3550 5357 ειυοι

2125 5358 2386 5414 Mundum
2414 5358 2590 5416 imber
2613 5357 2825 5417 di-lens.
2851 5358 3044 5426 igneus
3068 5357 3241 5413 imber
3266 5357 3412 5412 item.

2058 5428 2295 5496 Legibus
2326 5445 2355 5481 a
2387 5428 2607 5495 scriptis
2638 5427 2853 5482 demum
2881 5437 2966 5482 est
2999 5427 3266 5482 medicina
3296 5428 3461 5496 petita
3488 5443 3501 5479 :

2130 5452 2134 5478 ε
2174 5446 2295 5484 mus
2326 5446 2355 5481 a
2387 5446 2607 5495 SCl‘IplIS
2638 5446 2853 5482 uernum
2881 5446 2966 5482 est
2999 5446 3266 5482 mcuieina
3296 5446 3401 5496 pen

2130 5446 2309 5568 ﬁtque
2336 5498 2444 5551 Deo
2465 5497 2696 5568 Genitos
2736 5499 2971 5566 denique
3002 5496 3181 5552 factus
3214 5497 3409 5568 homo;

2058 5564 2378 5639 Utipa'tiens
2402 5568 2625 5639 nostris
2644 5566 2810 5622 ferret
2840 5564 3199 5639 medicamina
3236 5564 3464 5639 morbis,

2130 5635 2440 5706 sanctaque
2474 5651 2577 5691 nos
2606 5637 2810 5693 faceret
2838 5638 3086 5699 numina,
3123 5635 3299 5691 factus
3329 5636 3512 5690 homo.

2061 5708 2166 5765 Sed
2196 5719 2375 5763 tamen
2416 5708 2742 5761 indomitum
2775 5714 2861 5762 est
2902 5708 3070 5761 robur
3102 5706 3231 5759 mihi
3262 5724 3275 5759 :
3321 5720 3422 5760 nec
3462 5718 3622 5759 secus

3391 5783 3550 5829 atoue

2132 5848 2277 5902 Trux
2317 5863 2464 5919 aper,
2504 5850 2557 5904 in
2591 5850 2791 5904 fet-mm
2820 5846 3067 5903 concitus
3096 5844 3212 5917 ipse
3248 5774 3481 5902 meum!
