4284 6524
346 624 572 695 Πρᾶξις,
601 622 757 690 λόγος
780 638 863 675 τε.
892 620 1145 690 Δοίδορος
1171 618 1216 671 δ’
1238 620 1401 690 αῐσχη
1438 618 1614 689 φέρει.

345 714 568 785 Μέμψις
591 714 635 768 δ’
662 710 1006 783 ἀτιμώρητος
1033 712 1098 763 ὲκ
1128 709 1282 779 φίλου
1315 710 1506 780 ψόγος.

348 808 665 876 Κατηγορία
694 805 737 857 δ’
771 803 1025 874 ἔγκλημα
1051 801 1160 855 τῶν
1185 801 1492 855 κολαστέων
1511 818 1525 833 ·

360 899 422 950 'H
454 898 498 951 δ’
534 900 633 951 οὐκ
671 895 878 968 ἀληθὴς
915 894 1147 964 γίνεται,
1185 892 1551 962 συκοφαντίαο

352 990 454 1042 105
498 989 562 1041 Ἡ
594 986 813 1057 λάθριος
838 986 925 1050 δὲ,
953 983 1176 1053 διαϐολή
1210 1001 1293 1037 σοι
1328 983 1554 1049 κλητέα.

349 1081 571 1151 Μέμψις
610 1078 901 1142 ἀνεύθυνός
926 1094 1035 1141 τις,
1057 1078 1091 1148 ἡ
1123 1075 1463 1146 βλασφημία.

349 1173 674 1241 Κακήγορος
699 1171 764 1235 δ’,
792 1169 851 1234 ὃς
884 1170 1051 1222 πᾶσιν
1077 1165 1287 1232 ὁπλίζει
1323 1167 1516 1239 στόμα.

362 1264 670 1333 Ἀστειότης
704 1264 822 1333 μὲν,
857 1261 1152 1333 φαιδρότης
1186 1265 1242 1315 ὲν
1272 1261 1535 1332 συλλόγῳ.

357 1356 423 1406 'll
453 1355 498 1407 δ’
530 1354 879 1425 εὐτραπελία,
905 1352 1198 1424 φαιδρότης
1228 1351 1333 1416 ἔξω
1361 1352 1542 1419 λόγου.

355 1444 454 1497 HO
487 1443 661 1511 Λόγου
686 1442 742 1495 δὲ
773 1442 931 1513 μωρί’
963 1443 1111 1495 ἐστὶν
1140 1444 1172 1511 ἠ
1202 1442 1496 1512 άχρηστία.

349 1535 544 1597 Γέλως,
580 1535 814 1604 παρειάς
849 1533 1091 1603 βράσμα,
1121 1531 1331 1601 παλμὸς
1358 1532 1606 1603 καρδίας.

350 1626 508 1677 Οἴνου
541 1625 585 1676 δ’
619 1624 856 1694 ἄμετρον
887 1625 1086 1695 χρῆσιν
1116 1624 1235 1675 εἰπὲ
1262 1622 1361 1690 τὴν
1393 1621 1587 1692 μέθην,

350 1716 431 1769 Τὰ
452 1715 496 1769 δ’
525 1717 589 1768 ὲκ
613 1715 784 1786 μέθης
809 1714 1120 1787 ὑϐρίσμαθ’,
1145 1717 1179 1786 ἡ
1210 1713 1485 1785 παροινία.

359 1806 422 1859 Ἦ
452 1808 726 1881 κραιπάλη
755 1809 800 1862 δ’
830 1809 996 1872 ἕωλος
1036 1807 1194 1878 ὕϐρις
1222 1808 1285 1859 ἐκ
1322 1806 1514 1876 μέθης.

1390 501 1633 559 SECTIO
1670 502 1732 558 ll.
1770 502 2095 557 I’OEMATA
2126 504 2458 561 MOIlALIA.

3489 508 3595 568 954

1953 627 1998 682 Α
2029 620 2131 673 115
2163 620 2325 683 Φόνος
2357 621 2403 685 δ’
2427 622 2455 673 ό
2493 620 2592 691 μέν
2617 637 2701 684 τις
2734 621 3023 691 σωμάτων,
3055 621 3083 673 ὁ
3111 620 3156 674 δ’
3184 620 3420 685 εἰκόνοςο

2032 710 2232 780 ’Ἄμφω
2261 710 2319 762 δὲ
2352 710 2505 772 λύσις
2536 710 2635 780 τῆς
2664 709 2825 781 φίλης
2856 710 3143 781 ἁρμονίας.

2029 801 2263 867 Πορνεία
2296 802 2389 854 καὶ
2426 802 2663 871 μοιχεία,
2703 804 2737 871 ἡ
2770 802 2866 872 μὲν
2897 802 3164 871 σωμάτων

2028 893 2207 945 Ξένιον
2239 893 2412 962 κλοπή
2443 911 2547 957 τις,
2590 896 2624 965 ἡ
2656 893 2714 946 δέ
2744 910 2828 955 τις
2865 894 2959 946 καὶ
2988 893 3286 965 δαιμόνων·

2032 983 2195 1035 Ὅταν
2222 983 2358 1036 Θεοῦ
2392 984 2454 1037 τὺ
2480 984 2701 1054 φίλτρον
2735 984 2813 1045 είς
2844 982 3070 1053 ἐχθροὺς
3097 983 3263 1055 πέσῃ.

2033 1075 2138 1126 120
2164 1074 2568 1146 Εἰδωλολάτρης
2599 1075 2641 1126 δ’
2667 1074 2726 1137 ὃς
2756 1073 2904 1126 σέϐει
2938 1074 3032 1126 καὶ
3060 1075 3303 1144 χρυσίον.

2032 1167 2095 1218 Εἰ
2123 1165 2167 1217 δ’
2191 1166 2451 1235 ὠφέλεια,
2484 1166 2677 1237 κέρδος
2710 1167 2790 1228 είς
2823 1164 2998 1235 ψυχὴν
3024 1164 3234 1229 λαϐεῖν,

2033 1256 2237 1325 Βλάϐη,
2258 1257 2320 1309 τὸ
2347 1256 2549 1328 ταύτην
2573 1255 2871 1327 ζημιῶσαι,
2902 1256 3131 1323 γίνεται.

2035 1348 2224 1412 Ἔλεος
2249 1348 2347 1418 μὲν
2378 1351 2494 1403 ἐστι
2522 1349 2835 1419 συμπάθεια
2859 1349 3163 1420 συμφορᾶς.

2033 1436 2229 1504 Οἷκτος
2260 1440 2316 1493 δέ
2341 1442 2392 1493 κ’
2425 1436 2484 1493 εὖ
2510 1458 2564 1493 τι
2596 1441 2688 1493 τὸν
2716 1440 3024 1493 πεπονθότα
3052 1438 3267 1510 δράσαι.

2032 1531 2133 1586 123
2172 1532 2322 1596 "Eii;
2350 1532 2405 1585 δὲ
2434 1531 2563 1584 ποιὰ
2595 1530 2731 1602 πρὸς
2752 1529 2823 1583 τὰ
2851 1529 3155 1601 πράγμαθ’,
3176 1530 3204 1580 ὁ
3227 1527 3466 1601 τρόπος*

2027 1619 2202 1685 ἿΙθος
2227 1624 2283 1675 δὲ
2316 1623 2545 1693 πλάσμα
2579 1622 2675 1677 τοῦ
2706 1623 2908 1694 τρόπου
2942 1623 3270 1693 κατήγορον.

2031 1712 2382 1778 Διδασκαλία,
2410 1714 2650 1777 τύπωσις
2686 1712 2833 1785 ἔργῳ
2862 1712 2956 1766 καὶ
2985 1712 3147 1783 λόγῳ.

2030 1806 2199 1873 Λόγος
2220 1805 2264 1857 δ’
2292 1806 2512 1877 ἄριστός
2533 1809 2648 1860 ἐστι
2680 1806 3005 1877 φαρμακεὺς
3034 1802 3251 1859 κακῶν

836 2046 994 2100 Actio
1017 2046 1103 2099 vel
1132 2044 1330 2100 oratio.
1364 2043 1662 2099 Maledictis
1700 2044 1947 2098 convicia
1983 2044 2196 2114 ingerit.

836 2115 1154 2183 Ohjurgatio
1178 2124 1356 2168 autem
1388 2116 1547 2168 amici
1578 2116 1802 2168 innoxia
1829 2123 1914 2168 est
1943 2115 2312 2184 reprehensio.

835 2186 1156 2239 Crimiuatio
1183 2194 1267 2238 est
1291 2186 1572 2239 accusatio
1604 2200 1782 2237 rerum
1812 2185 2229 2254 puniendarum.

838 2255 893 2307 Si
933 2256 1066 2309 falsa
1094 2256 1165 2308 sit
1195 2254 1544 2324 (accusatio).
1573 2254 1925 2324 sycophantia
1952 2262 2067 2317 est;

838 2325 944 2379 105
981 2325 1037 2377 Si
1060 2322 1417 2386 clandestina,
1444 2322 1721 2379 calumnia
1755 2324 1850 2376 tibi
1881 2322 2196 2393 appellanda
2226 2330 2332 2379 est.

843 2394 1214 2463 lleprelieusio
1244 2409 1349 2449 non
1386 2396 1518 2448 fulta
1549 2394 1981 2463 probationibus,
2012 2393 2369 2462 blasphemia.

837 2463 1130 2518 Maledicus
1170 2473 1346 2519 autem
1380 2465 1469 2518 ille
1488 2475 1595 2523 est.
1626 2464 1719 2531 qui
1743 2474 1929 2517 contra
1952 2479 2142 2518 omnes
2164 2477 2227 2519 os
2254 2478 2414 2519 suum
2442 2472 2638 2520 armat.

834 2534 1078 2589 (Semitas
1098 2542 1181 2587 est
1212 2535 1457 2587 hilaritas
1498 2534 1551 2587 in
1579 2534 1872 2602 colloquio.

836 2603 1103 2671 Dicacitns
1127 2612 1306 2657 autem
1335 2615 1418 2657 est
1441 2603 1685 2658 hilaritas
1712 2611 1862 2657 extra
1886 2603 2171 2658 rationem.

834 2674 957 2727 110.
995 2674 1275 2728 Sermonis
1309 2675 1537 2728 stultitia
1559 2674 1680 2742 ejus
1708 2681 1793 2726 est
1815 2674 2101 2727 inutilitas.

836 2742 1001 2816 [iisiis
1032 2758 1292 2816 genarum
1322 2752 1405 2798 est
1442 2741 1730 2816 impulsus,
1763 2744 2092 2816 subsultatio
2117 2741 2321 2798 cordis.

834 2810 957 2865 Vini
989 2810 1339 2866 immodicum
1368 2810 1536 2865 usuui
1563 2829 1693 2866 voca
1716 2813 2113 2876 teinuleutiam,

835 2880 913 2934 Ex
945 2882 1262 2949 temulentia
1283 2891 1463 2934 autem
1494 2890 1652 2935 natas
1680 2882 1909 2949 injurias
1933 2881 2436 2936 debacchationem.

835 2949 1068 3021 Crapula
1091 2949 1238 3013 dero,
1274 2952 1570 3019 petulantia
1598 2960 1682 3005 est
1715 2949 1957 3021 profecta
1985 2966 2047 3004 ex
2086 2950 2334 3021 pridiana
2366 2954 2647 3010 ebrietate.

834 3020 938 3092 115
965 3020 1152 3075 Caedes
1177 3022 1280 3075 alia
1302 3028 1384 3092 est
1416 3020 1728 3089 corporum,
1757 3020 1861 3074 alia
1883 3020 2084 3092 divinae,
2111 3020 2398 3092 imaginis;

836 3089 1079 3157 Utraque
1103 3101 1282 3143 autem
1312 3090 1598 3145 dissolutio
1629 3092 1809 3145 chara:
1836 3089 2247 3147 concinnitatis.

838 3159 1109 3213 Scortalio
1132 3170 1186 3214 et
1211 3160 1558 3221 adulterium,
1584 3162 1690 3213 alia
1721 3168 1849 3215 sunt
1871 3174 2162 3228 corporum

833 3229 1151 3283 Alienorum
1177 3231 1330 3299 quasi
1362 3231 1609 3299 quaedam
1642 3229 1805 3293 furta,
1834 3230 2300 3296 alia'dznmonum;

834 3300 970 3351 Cum
999 3298 1209 3353 scilicet
1234 3298 1391 3352 amor
1414 3298 1506 3353 Dei
1535 3299 1601 3353 ad
1643 3299 1763 3366 ejus
1789 3300 1971 3353 hostes
2005 3300 2388 3356 transferatur.

841 3369 946 3438 120
978 3367 1248 3422 ldolorum
1278 3372 1456 3422 cultor
1479 3376 1563 3423 est
1593 3370 1842 3438 quisquis
1870 3370 1998 3422 colit
2026 3383 2239 3422 aumm.

844 3436 902 3506 Si
937 3439 1144 3492 utilitas
1169 3447 1271 3502 est,
1304 3439 1514 3492 lucrum
1552 3436 1867 3492 inanimam
1904 3439 2218 3493 redundans
2256 3438 2454 3506 facere,

838 3505 1194 3580 daretura‘est.
1225 3523 1347 3561 cum
1374 3508 1633 3561 damnum
1665 3507 1881 3580 aliquod
1909 3508 1961 3580 ei
1996 3506 2238 3580 affertur.

841 3576 1215 3631 Misericordia
1242 3586 1326 3631 est
1359 3579 1620 3631 naturalis
1652 3577 1876 3631 allectus
1908 3577 1960 3629 in
1995 3577 2186 3632 alienis
2217 3579 2618 3635 calamitatibus
2652 3597 2666 3634 :

843 3646 1131 3720 hiiseratiq
1148 3654 1348 3720 autelll.
1371 3649 1533 3720 etiam
1555 3663 1701 3720 eum,
1725 3647 1817 3715 qui
1843 3647 2205 3720 calamitatem
2232 3664 2426 3717 passus
2453 3658 2558 3712 εει,
2586 3650 2800 3720 juvare.

842 3716 947 3785 125
985 3714 1356 3785 Habitustalis
1383 3716 1463 3769 vel
1499 3717 1625 3769 talis
1652 3714 1777 3785 erga
1808 3731 1916 3776 res,
1955 3714 2333 3785 cilijusque'est
2360 3714 2590 3776 indoles.

841 3783 1019 3854 Mores
1051 3801 1177 3838 vero
1202 3784 1514 3853 ﬁgmentum
1556 3795 1702 3848 sunt,
1722 3783 1845 3854 quo
1872 3783 2187 3853 designatur
2216 3786 2446 3843 indoles.

842 3853 1099 3923 Doctrina
1127 3855 1355 3907 aliorum
1391 3863 1472 3908 est
1501 3853 1812 3907 informatio
1840 3870 2003 3923 opere
2040 3864 2094 3908 et
2127 3872 2398 3913 sermone.

844 3921 1037 3978 Sermo
1059 3932 1238 3978 autem
1272 3926 1510 3994 Optimus
1546 3932 1633 3981 est
1671 3921 1969 3980 remedium
1996 3926 2287 3991 vitiorum;

423 4096 525 4151 106
577 4098 949 4163 Ἀνεύθυνος.
972 4096 1219 4151 Combef.
1245 4096 1529 4167 legendum
1556 4105 1741 4154 censet
1767 4098 1930 4152 ὑπεύ-

352 4166 528 4231 θυνος.
573 4186 592 4219 ι
628 4168 838 4222 Adduci
886 4185 993 4221 non
1029 4183 1275 4237 possum,
1303 4166 1520 4237 inquit,
1557 4176 1617 4222 ut
1672 4171 1745 4223 ita
1786 4168 1924 4224 Gre-

352 4238 538 4306 gorius
569 4237 962 4306 blasphemiam
995 4238 1217 4300 dixerit,
1260 4241 1416 4307 quasi
1457 4255 1621 4306 quam
1665 4239 1792 4307 quis
1825 4242 1926 4294 im-

352 4321 498 4373 pune
544 4316 782 4368 evomat,
834 4316 888 4360 et
932 4324 1037 4361 non
1090 4309 1271 4376 potius
1318 4308 1639 4371 ὑπεύθυνον,
1690 4325 1807 4377 qui?
1855 4312 1926 4362 sit

352 4378 794 4449 pwuwebnoxia.
843 4396 861 4428 ›
911 4377 1225 4439 ’Δνεύθυνος
1266 4387 1447 4449 autem
1493 4380 1689 4447 exponi
1728 4387 1925 4449 potest,

352 4463 454 4499 nou
493 4447 757 4509 discussa,
810 4464 910 4500 nou
939 4449 1267 4503 exaniinata.
1300 4448 1569 4502 Cu-terum
1618 4447 1925 4503 alio‘sensu

352 4524 407 4568 ct
434 4519 778 4587 accuratiore
820 4518 959 4571 solet
994 4519 1168 4587 accipi
1205 4534 1307 4571 vox
1340 4518 1466 4581 ista,
1502 4517 1850 4585 blasphemia.

424 4585 527 4639 118
563 4588 884 4655 Δαιμόνων.
930 4588 1066 4640 Cum
1096 4585 1221 4655 quis
1250 4589 1591 4642 daemonibus
1623 4590 1833 4643 servire
1871 4600 1925 4643 et

352 4654 579 4726 obsequi
612 4654 795 4726 petitis
821 4672 985 4727 quam
1023 4654 1132 4711 Deo
1157 4658 1360 4713 studet.
1395 4658 1552 4723 Quod
1583 4662 1636 4712 in
1676 4658 1927 4729 Scriptu-

2034 4102 2114 4156 ris
2144 4102 2428 4171 foruitatio
2471 4114 2526 4158 et
2566 4104 2826 4174 fornicari
2866 4106 3192 4175 appellatur,
3220 4106 3345 4164 Jud.
3397 4123 3457 4173 ll,
3494 4111 3560 4163 17
3601 4130 3615 4167 :

2035 4171 2387 4228 Fornicanles
2417 4190 2532 4227 cum
2563 4177 2667 4227 diis
2702 4176 2927 4232 alienis;
2953 4175 3222 4232 lParalin.
3252 4195 3304 4232 ν.
3335 4178 3440 4232 25:
3476 4177 3613 4231 For-

2035 4191 2387 4228 rormcanles
2417 4191 2532 4227 cum
2563 4191 2667 4227 am
2702 4191 2927 4239 auems;
2953 4191 3222 4247 It'araup.
3252 4195 3304 4239 ν,
3335 4191 3440 4232 25:
3476 4191 3613 4231 ror-

2034 4245 2195 4296 nicati
2224 4254 2345 4318 sunt
2372 4255 2489 4312 post
2522 4244 2756 4309 deos;et
2772 4245 2919 4300 Psal.
2950 4262 3120 4311 Lxxn,
3156 4248 3222 4301 27
3254 4267 3269 4303 :
3301 4250 3407 4315 Qui
3446 4249 3610 4318 [arui-

2034 4324 2224 4367 camur
2250 4314 2343 4368 abs
2376 4324 2443 4369 te.

2107 4383 2209 4457 126
2236 4377 2499 4457 TH00c_et
2524 4386 2766 4457 τρόπος,
2800 4400 2966 4457 voces
3006 4396 3136 4440 sunt
3174 4388 3382 4450 alliues,
3430 4389 3606 4457 inquit

2032 4451 2306 4527 Combcl.,
2353 4451 2576 4527 vultque
2601 4453 2917 4524 Gregorius,
2952 4460 3095 4525 quod
3124 4459 3462 4512 ciiiisuetuclo
3499 4451 3609 4527 ple-

2034 4538 2263 4593 rumque
2288 4523 2523 4579 indolem
2555 4523 2845 4593 moresque
2869 4523 3066 4587 liruiet,
3098 4534 3155 4581 et
3180 4529 3254 4581 ita
3287 4544 3388 4582 nos
3409 4528 3484 4583 ad
3501 4523 3604 4584 ali-

2032 4594 2164 4665 quid
2199 4593 2519 4660 habeamus,
2556 4604 2618 4649 ut
2644 4596 2849 4651 assueti
2887 4611 3097 4652 sumus.

1657 4836 1991 4898 METRICA
2010 4836 2307 4897 VERSIO.

353 5000 469 5063 Est,
504 4998 759 5068 actioque
786 4998 987 5067 probra
1014 4996 1118 5051 fert
1142 4996 1473 5052 convicium.

352 5069 583 5133 Querela
615 5068 775 5121 amici
807 5069 943 5122 lenis
976 5075 1061 5122 est
1089 5068 1461 5137 reprehensio.

353 5141 421 5190 At
450 5138 681 5200 crimen,
718 5138 913 5192 horum
941 5146 1045 5202 est,
1078 5139 1162 5192 lex
1192 5139 1396 5208 quibus
1421 5152 1638 5207 pmnam
1668 5139 1895 5208 irrogat.

354 5208 601 5279 Ciiliﬁcta
636 5209 683 5261 si
706 5209 820 5261 sint
851 5209 1104 5273 crimina,
1130 5218 1215 5264 est
1241 5210 1619 5279 sycophantia.

355 5278 409 5329 ld
436 5278 481 5330 si
514 5278 764 5341 latenter,
794 5286 909 5331 tum
935 5293 1123 5332 vocem
1163 5278 1517 5334 calumniam.

354 5347 579 5418 Impune
601 5363 724 5400 cum
753 5349 878 5417 quis
915 5349 1110 5417 carpit,
1134 5358 1219 5404 est
1246 5348 1581 5418 βλασφημία.

357 5417 652 5489 lllaledicus
684 5430 867 5489 autem
911 5426 1015 5482 est,
1054 5434 1150 5473 ore
1174 5417 1268 5488 qui
1301 5417 1532 5474 cunctus
1562 5418 1717 5489 petit.

354 5486 411 5557 In
443 5487 807 5557 colloqueudo
843 5490 1087 5542 suavitas
1116 5486 1204 5543 est
1231 5490 1482 5544 comitas.

355 5556 605 5611 Rationis
634 5572 832 5625 expers
864 5558 1136 5623 hilaritas,
1172 5559 1453 5614 dicacitas.

358 5627 600 5680 Stultitia
643 5643 793 5690 vero,
841 5643 1024 5682 sermo
1048 5644 1172 5681 cum
1202 5645 1336 5685 vane
1366 5630 1506 5683 ﬂuit.

356 5695 915 5780 {iisusgenarum-est
942 5709 1109 5780 aestus
1142 5718 1154 5753 :
1195 5699 1504 5780 hic‘pcctus
1539 5701 1724 5756 micat.

358 5763 505 5836 ysus
539 5763 655 5836 lyaei
692 5769 897 5823 nimius
926 5778 1010 5823 est
1044 5763 1382 5825 temulentia.

360 5831 715 5907 igxorta'viuo
748 5838 967 5907 probra,
998 5839 1373 5894 debacchatio.

364 5903 621 5977 Crapula,
655 5903 905 5979 proterve
937 5919 1055 5980 post
1095 5926 1300 5965 merum
1334 5911 1379 5967 si
1405 5920 1454 5967 te
1482 5926 1656 5983 geras.

2036 4998 2132 5053 Est
2166 5013 2272 5052 una
2310 4996 2489 5052 caedes
2517 4997 2787 5066 corporis,
2835 4998 3002 5053 animi
3039 4998 3207 5053 altera
3240 5019 3253 5054 :

2035 5068 2139 5124 Per
2171 5079 2460 5137 utramque
2488 5066 2671 5123 dulcis
2694 5069 2926 5123 solvitur
2950 5071 3239 5129 connexio.

2034 5142 2297 5210 Stupruin
2330 5139 2527 5207 duplex
2564 5146 2668 5201 est,
2706 5146 2869 5207 atque
2908 5138 3239 5194 adulterium
3267 5139 3489 5210 duplex.

2035 5209 2354 5277 Subripitur
2383 5224 2492 5262 uno
2518 5223 2715 5276 corpus
2741 5224 2755 5258 :
2788 5216 2844 5261 at
2881 5224 3035 5263 mens
3066 5210 3257 5265 altero.

2035 5280 2137 5333 119
2162 5276 2387 5344 Quoties
2416 5277 2483 5330 ad
2508 5278 2695 5332 hostes
2718 5276 2967 5332 Numinis
2994 5279 3253 5349 philtrum
3285 5280 3453 5334 Cadit.

2034 5350 2377 5410 ldololatras,
2402 5349 2494 5418 qui
2526 5351 2716 5401 colunt
2748 5363 2967 5414 aurum,
2994 5364 3152 5403 voca.

2032 5422 2165 5473 (lum
2194 5427 2380 5473 nostra
2421 5421 2632 5471 lucrum
2665 5434 2820 5473 mens
2841 5418 2991 5482 facit,
3016 5430 3128 5473 tum
3157 5419 3260 5473 hoc
3290 5422 3443 5485 utile,

2032 5488 2254 5543 Jactura
2278 5490 2473 5543 mentis
2501 5502 2626 5541 cum
2652 5488 2735 5559 lit.
2765 5489 2870 5541 hoc
2899 5491 3100 5543 malum
3134 5500 3285 5559 puta.

2038 5560 2247 5629 Ἔλεος,
2280 5560 2464 5612 dolore
2482 5566 2578 5629 est
2608 5557 2743 5629 allici
2785 5559 2854 5612 ob
2882 5574 3043 5614 casus
3076 5557 3269 5629 graves
3310 5576 3326 5614 :

2037 5627 2249 5693 Οἴκτος,
2275 5629 2446 5683 dolori
2480 5627 2583 5681 hoc
2614 5627 2832 5691 addere,
2866 5639 2925 5681 ut
2951 5627 3210 5683 miserum
3227 5632 3407 5697 juves.

2036 5700 2133 5755 Est
2166 5709 2347 5754 certus
2381 5699 2448 5753 ad
2476 5714 2562 5770 res
2589 5697 2825 5761 habitus,
2849 5698 3217 5770 ιιυηετρόπον
3249 5708 3469 5757 vocant.

2038 5770 2458 5840 Figineulumrat
2484 5766 2616 5840 ⁴ἦθος
2649 5784 2841 5840 rursus
2860 5778 2965 5833 est,
3001 5766 3158 5823 index
3188 5770 3414 5840 τρόπου.

2040 5839 2294 5893 Doctrina
2327 5839 2491 5894 rebus
2511 5839 2757 5902 instruit,
2791 5839 2953 5894 dictis
2979 5854 3215 5908 quoque.

2042 5912 2133 5967 Est
2170 5910 2534 5980 improborum
2562 5909 2913 5979 pharmacuui
2939 5924 3119 5967 sermo
3151 5910 3427 5979 optimus:
