4284 6524
303 460 407 516 977

1335 461 1581 518 SEtLTlO
1618 461 1658 518 Ι.
1700 459 2029 516 ΡΟΕΜΑΤΑ
2071 459 2158 514 DE
2188 459 2450 516 SEIPSO.

3444 457 3552 518 978

302 598 372 654 90
391 597 870 654 ’Δλλοτ’ὲπ’άλλον
899 598 1088 665 ἰοῦσιν,
1119 601 1542 669 ἀφιπταμένοισί
1577 601 1624 652 θ’
1646 599 1870 670 ὁμοίῶςί
1899 586 1948 642 Α
1973 596 2276 668 Δυσμενέος
2307 597 2600 667 λοχόωντος
2625 597 2683 649 ὲν
2707 593 3016 667 εὖμενέοντι
3052 597 3351 667 προσώπῳ.

308 689 378 741 ’Ἠ
401 688 677 760 παλάμαις
712 692 1028 760 μάρπτοντα
1061 693 1434 763 παραΐσσοντα
1465 692 1680 762 ῥέεθρα,

304 780 373 830 Ἣ
408 781 564 832 σκιὰν
603 783 659 834 ὲν
697 781 968 852 χείρεσσιν
996 782 1172 852 ἔχειν,
1204 782 1237 852 ἦ
1267 784 1432 853 ἀχλὺν
1465 784 1750 852 ἁφάσσειν.

303 865 432 938 Τοίη
461 868 572 939 γάρ
603 872 859 941 μερόπων
889 872 1047 944 γενεὴ
1067 914 1081 937 ,
1106 874 1248 936 τοῖος
1275 873 1334 926 δὲ
1365 872 1457 926 καὶ
1486 872 1660 940 θλῦος,

307 959 499 1022 ὐλϐος
525 962 978 1032 ἀφαυροτάτοισιν
1001 965 1206 1034 όμοίῐος
1235 964 1404 1034 ῖχνεσι
1433 965 1579 1033 νηὸς,

301 1050 371 1104 95
428 1051 638 1122 Πρόσθε
677 1054 1130 1124 χαρασσομένοισι
1173 1058 1269 1109 καὶ¹
1327 1055 1695 1124 όλλυμένοισιν
1747 1053 1871 1107 ὄπι-

1625 1143 1795 1214 [σθεν.

301 1222 513 1278 Μοῦνον
543 1227 663 1296 ἐμοὶ
694 1229 848 1292 φίλον
875 1230 1004 1286 ἔσκε
1029 1232 1200 1302 λόγων
1223 1233 1398 1299 κλέος,
1419 1234 1514 1296 οὒς
1543 1236 1870 1306 συνάγειραν

313 1315 552 1385 Ἀντολίη
579 1334 637 1370 τε
666 1319 815 1385 δύσις
839 1339 897 1374 τε
931 1325 1026 1378 καὶ
1070 1325 1317 1387 Ἑλλάδος
1347 1321 1504 1395 εὖχος
1548 1326 1787 1396 Ἀθῆναι.

299 1405 425 1469 Τοῖς
442 1406 530 1460 ἐπι
549 1409 698 1462 πόλλ’
717 1412 964 1482 ἐμόγησα
988 1413 1150 1466 πολὺν
1176 1416 1388 1485 χρόνον,
1405 1415 1542 1468 ἀλλὰ
1557 1415 1650 1467 καὶ
1674 1415 1870 1477 αὐτοὺς

299 1494 548 1564 Πρηνέας
583 1498 641 1550 ὲν
671 1497 884 1570 δαπέδῳ
911 1503 1147 1572 Χριστοῦ
1176 1501 1544 1572 προπάροιθεν
1576 1501 1748 1571 ἔθηκα

299 1585 402 1639 100
425 1587 686 1653 Εῖξαντας
712 1591 968 1659 μεγάλοιο
992 1592 1130 1647 Θεοῦ
1152 1595 1318 1662 λόγῳ,
1347 1594 1405 1656 ὃς
1435 1596 1504 1662 ρα
1532 1593 1798 1646 καλύπτει

297 1674 484 1730 Πάντα
518 1679 712 1748 φρενὸς
741 1680 968 1753 βροτέης
1001 1683 1262 1753 στρεπτὸν
1291 1683 1571 1737 πολυειδέα
1608 1683 1791 1753 μῦθον.

381 1771 537 1824 Ἀλλὰ
555 1771 626 1826 τά
644 1773 743 1844 μὲν
759 1774 1027 1841 ὑπάλυξα,
1043 1773 1107 1828 τὸ
1133 1774 1178 1828 δ’
1193 1775 1254 1828 οὐ
1277 1774 1448 1844 φύγον
1465 1775 1618 1844 ,ἔχθος
1644 1776 1868 1829 ἄπιστον

1985 687 2215 758 Ἐξερέω
2239 687 2281 738 δ’
2313 686 2615 756 ἀναφανδὸν
2648 685 2786 755 ἐμὴν
2815 687 3106 740 πάντεσσιν
3139 686 3290 750 ὀϊζύν
3309 701 3324 717 ·

1973 777 2077 830 105
2105 779 2203 840 ’Ὧς
2231 779 2328 831 κέν
2363 796 2448 842 τις
2489 779 2722 832 σκολιοῖο
2747 779 2994 848 νοήματα
3020 777 3188 850 θηρὸς
3210 777 3402 852 ἀλύξῃ.

1985 871 2204 942 Ὠῖόμην
2233 872 2478 926 τοκέεσσι
2513 874 2846 944 παρήμενος,
2886 868 2932 928 ὧ
2957 874 3060 928 άνα
3093 874 3316 945 Χριστὲ,

1970 961 2146 1030 Γήραῒ
2171 979 2230 1014 τε
2265 961 2511 1033 στυγερῷ
2536 963 2630 1017 καὶ
2662 963 2845 1017 πένθεϊ
2867 965 3278 1036 τειρομένοισιν,

1972 1046 2067 1113 Οἷς
2099 1051 2292 1120 μοῦνος
2321 1052 2528 1107 τεκέων
2562 1053 2971 1124 περιλείπομαι,
3007 1053 3161 1115 ἐλπὶς
3189 1053 3426 1125 ἁμυδρῂ,

1970 1140 2266 1210 Λαμπάδος
2295 1142 2358 1193 ἐκ
2386 1141 2628 1212 μεγάλης
2665 1142 2861 1195 τυτθὸν
2895 1142 3052 1205 σέλας
3084 1141 3259 1195 οὐκέτ’
3286 1141 3510 1210 ἐούσης,

1971 1230 2074 1283 110
2096 1231 2206 1294 Σοὶ,
2227 1232 2438 1301 μάκαρ,
2461 1233 2556 1301 ἡδὲ
2573 1234 2782 1302 νόμοισι
2795 1236 2936 1297 τεοῖς
2956 1233 3325 1303 κεχαρισμένα
3348 1231 3546 1303 ῥέζειν,

1977 1324 2072 1383 Ὃς
2104 1321 2320 1391 θνητοῖς
2354 1323 2644 1394 ἐπίκουρον
2669 1323 2813 1392 ἔχειν
2836 1323 3019 1387 σθένος
3042 1318 3163 1387 υἷας
3190 1323 3440 1384 θπασσας
3458 1362 3475 1387 ,

1970 1411 2082 1464 Καὶ
2105 1413 2394 1481 τρομεροῖς
2422 1411 2517 1463 ἆτε
2546 1412 2779 1481 βάκτρον
2806 1411 2913 1464 ὑπὸ
2949 1412 3228 1480 μελέεσσιν
3260 1409 3508 1482 ἐρείδειν.

1970 1499 2081 1550 Καὶ
2104 1499 2212 1569 γὰρ
2237 1498 2302 1569 δὴ
2334 1500 2550 1552 πάντων
2582 1498 2893 1570 περιώσιον,
2927 1499 2983 1552 οἵ
3008 1515 3067 1551 σε
3097 1500 3322 1565 τίουσιν,

1969 1590 2207 1660 Εὑσεϐίῃ
2233 1607 2293 1642 τε
2327 1589 2566 1659 μέλουσι,
2608 1590 2704 1642 καὶ
2732 1588 2999 1660 ἀργαλέου
3034 1588 3232 1658 βιότονο

1970 1679 2074 1731 115
2104 1681 2184 1748 Πή
2196 1681 2316 1748 ματ⁹
2342 1680 2660 1750 ἀλευόμενοι
2682 1720 2696 1745 ,
2722 1682 3040 1751 πρυμνήσια
3067 1683 3236 1734 σοῖσιν
3264 1679 3479 1751 ἀνῆψαν

1982 1769 2296 1840 Ἀχράντοις
2322 1770 2590 1840 θεσμοῖσι.
2631 1772 2704 1825 Σὺ
2732 1771 2788 1824 δέ
2821 1788 2972 1840 σφισι
3001 1771 3176 1843 τέρμα
3200 1772 3294 1826 καὶ
3320 1771 3485 1844 ἀρχή.

797 1987 866 2058 90
899 1985 1144 2058 Aliasad
1170 1986 1332 2058 alium
1353 1989 1783 2050 transeuntibus,
1807 1987 2163 2058 similiterque
2197 1987 2576 2056 avolantibus;

794 2056 903 2127 Aut
929 2056 1179 2127 manibus
1214 2057 1631 2127 prehendentem
1666 2056 2090 2126 proruinpentia‘
2112 2059 2355 2119 ﬂumina,

793 2125 902 2195 Aut
930 2125 1176 2179 umbram
1211 2125 1465 2180 inanibus
1495 2125 1865 2195 arripientein,
1895 2125 1991 2180 aut
2021 2129 2272 2182 tenebras
2302 2134 2699 2183 attrectantetn.

796 2192 927 2264 Iale
951 2195 1149 2248 etenim
1168 2201 1262 2264 est
1289 2195 1567 2249 hominum
1607 2192 1795 2264 genus,
1826 2196 1946 2251 talis
1967 2204 2050 2251 est
2073 2195 2326 2262 felicitas,

796 2262 1369 2335 Felicitaslevissimis
1406 2265 1560 2319 navis
1588 2262 1862 2320 simillima
1891 2266 2156 2335 vestigiis,

795 2332 864 2404 οε
885 2331 1015 2397 Quae
1042 2332 1170 2404 dum
1192 2333 1436 2404 anterius
1465 2336 1769 2404 signantur,
1789 2331 2062 2403 posterius
2091 2335 2360 2390 delentur.

794 2400 972 2475 linum
999 2402 1215 2475 mihiin
1234 2400 1997 2475 amoribus'juit,litterarum
2021 2404 2209 2468 decus,
2243 2419 2382 2475 quas
2418 2402 2550 2458 mihi
2585 2410 2973 2475 compararunt

789 2472 1142 2544 636-637
1181 2471 1397 2544 oriens,
1431 2471 1803 2544 ethcidens,
1833 2480 1902 2544 et,
1921 2472 2141 2529 Graeciae
2168 2471 2551 2530 ornamentum
2582 2471 2828 2528 Athena).

792 2539 972 2611 [n'his
997 2539 1470 2611 diu—multumque
1498 2543 1771 2611 laboravi;
1813 2543 1907 2599 sed
1927 2552 1980 2599 et
2011 2545 2133 2599 illas

792 2608 1005 2666 Pronas
1033 2625 1215 2666 coram
1244 2608 1466 2666 Christo
1494 2612 1689 2667 demisi
1712 2608 1765 2668 et
1791 2613 1942 2667 humi
1971 2613 2114 2667 aﬂixi

789 2679 898 2753 100
919 2679 1183 2753 Cedentes
1205 2684 1385 2751 magni
1417 2681 1509 2753 Dei
1539 2683 1800 2753 sermoni,
1829 2682 1924 2751 qui
1957 2682 2115 2752 longe
2151 2689 2377 2753 superat

792 2747 1021 2805 Omnem
1051 2747 1520 2805 humaiiaz'mentis
1543 2747 1863 2806 mutabilem
1884 2759 1938 2806 et
1963 2747 2177 2807 varium
2210 2747 2539 2807 sermonem.

864 2819 1132 2892 Sedhaec
1151 2820 1371 2892 quidem
1402 2819 1600 2892 effugi;
1627 2819 1759 2892 illud
1789 2829 1970 2876 autem
2001 2837 2112 2877 non
2139 2821 2324 2892 effugi,
2348 2821 2531 2877 odium
2561 2817 2828 2888 perfidum

791 2885 1001 2942 Inimici
1032 2885 1343 2943 insidiantis
1370 2891 1474 2945 sub
1509 2885 1770 2945 Benevola
1797 2891 1969 2945 vultu.

792 2954 977 3027 Dicam
1011 2965 1196 3027 aperte
1223 2972 1371 3013 meas
1403 2960 1658 3013 omnibus
1686 2964 2003 3024 aerumnas,‘

793 3026 898 3096 105
926 3024 994 3096 Ut
1022 3024 1254 3096 quisque
1282 3027 1517 3083 sinuosae
1548 3028 1678 3082 fera:
1711 3029 1941 3083 consilia
1969 3030 2156 3086 evitet.

792 3093 1058 3167 ζυμοῖ)εηὶ
1087 3093 1183 3150 me
1197 3097 1512 3167 parentibus
1541 3098 1894 3162 assidentem,
1923 3113 2020 3154 rex
2048 3098 2286 3162 Christe,

793 3163 961 3218 Tristi
993 3163 1216 3220 senecta
1239 3175 1292 3220 et
1318 3168 1464 3220 luctu
1500 3167 1732 3229 afﬂictis,

795 3233 1006 3306 Quibus
1028 3233 1178 3306 solus
1215 3244 1465 3306 natorum
1498 3251 1806 3305 supersum,
1839 3252 1963 3306 spes
1988 3237 2220 3302 inﬁrma,

795 3301 876 3356 Ex
899 3318 1093 3373 m_agna
1123 3305 1391 3373 lampade,
1420 3321 1539 3373 quae
1555 3301 1666 3373 j’am
1701 3308 1845 3359 nulla
1869 3301 1978 3371 est,
2003 3301 2272 3360 minutum
2307 3307 2510 3368 lumen,

797 3373 902 3444 {19
930 3370 1074 3436 Tibi,
1111 3370 1292 3444 Beate,
1318 3370 1613 3444 etilégibus
1637 3375 1746 3428 tuis
1778 3383 2090 3444 pergratum
2123 3376 2322 3438 facere,

796 3441 900 3514 Qui
931 3443 1253 3514 mortalibus
1299 3441 1515 3507 dedisti,
1550 3452 1609 3497 ut
1639 3446 1690 3497 in
1725 3441 2263 3514 iiatis'adjumeiitiini
2290 3446 2569 3506 haberent,

793 3513 873 3565 Ac
906 3513 1164 3567 tremulos
1189 3522 1340 3566 artus
1369 3513 1472 3568 hoc
1501 3515 1692 3568 baculo
1727 3513 2116 3569 sustentarent.

791 3578 1037 3651 ljainque
1063 3581 1161 3645 illi,
1197 3596 1306 3650 prae
1337 3584 1592 3636 omnibus
1625 3584 1716 3651 qui
1749 3591 1802 3637 te
1841 3586 2048 3647 colunt,

793 3647 1053 3704 Pietatem
1083 3647 1300 3714 curant,
1327 3660 1381 3705 et
1403 3647 1792 3706 infelicis'vitm

794 3718 898 3789 115
933 3718 1228 3789 Naufragia
1260 3722 1517 3785 vitantes,
1553 3721 1810 3776 rudentes
1836 3735 1965 3777 suos
1994 3721 2278 3777 amxeriint

792 3785 1278 3845 lntaminatis'tuis
1305 3790 1541 3861 legibus.
1576 3789 1656 3844 Tu
1691 3806 1818 3844 vero
1848 3790 1958 3848 illis
1979 3800 2031 3847 et
2063 3793 2186 3848 linis
2209 3807 2261 3848 ei
2298 3792 2643 3862 principium.

364 3939 433 3995 9‘2
474 3939 551 3994 "H
579 3939 778 3994 σκιάν.
817 3941 954 3994 Ante
993 3941 1138 3995 hunc
1167 3956 1380 3996 versum
1432 3942 1571 3995 alius
1617 3942 1669 3996 in
1699 3943 1863 3998 editis

293 4009 528 4083 legitur,
549 4025 746 4083 nempe
777 4012 847 4062 Ἦ
880 4011 1058 4074 σκιὰν,
1099 4011 1173 4074 ὡς
1206 4011 1586 4083 στερεὴν,ᾼὲπί
1624 4013 1672 4064 τ’
1705 4011 1864 4082 άχλύῖ

292 4083 483 4150 χεῖρας
517 4078 689 4133 ἱέντα.
712 4078 955 4144 Quorum
984 4096 1260 4144 versuum,
1286 4078 1410 4134 cum
1432 4081 1691 4136 alteruter
1715 4078 1863 4138 esset

291 4150 578 4210 delendus,
602 4150 750 4202 illiilli
774 4150 952 4202 delere
981 4152 1292 4212 maluimus,
1319 4151 1410 4218 qui
1442 4151 1494 4203 in
1515 4151 1637 4205 cod.
1669 4151 1861 4215 Coisl.,

291 4225 347 4288 et
395 4219 448 4288 in
497 4220 964 4288 interpretatione,
1000 4226 1055 4272 et
1097 4220 1151 4273 in
1207 4220 1437 4284 scholio,
1479 4229 1533 4273 et
1588 4222 1641 4274 in
1695 4235 1804 4274 uno
1833 4238 1863 4276 e

292 4286 477 4356 Regiis
504 4286 711 4342 deerat.

304 4357 429 4478 '096
467 4357 586 4424 Οὓς
614 4358 1001 4426 συνάγειραν.
1035 4355 1219 4414 Schol.
1260 4357 1428 4414 Coisl.
1460 4359 1567 4424 Οὓς
1607 4377 1697 4428 μοι
1741 4376 1862 4412 συν-

304 4445 323 4478 n
366 4443 568 4478 οοισαν.

429 4443 568 4479 ισαν.

290 4444 682 4566 mica:
709 4495 877 4552 Coisl.
898 4496 1077 4565 λόγου.
1102 4495 1285 4552 Schol.
1317 4500 1420 4553 992
1443 4500 1604 4553 habet
1627 4499 1678 4551 in
1709 4507 1858 4552 textu

1969 3943 2132 4015 λόγου
2161 3953 2212 3997 et
2244 3959 2366 4012 sup.
2399 3945 2492 3998 lin.
2526 3943 2689 4015 λόγῳ.

2041 4010 2144 4084 102
2191 4010 2363 4067 ’Λλπι
2407 4015 2479 4066 τὰ
2518 4010 2653 4084 per:
2696 4013 2862 4084 Coisl.
2907 4027 3026 4075 sup.
3053 4011 3163 4084 lin,
3198 4010 3345 4084 ἀλλά
3375 4011 3544 4064 ταῦτα

1973 4086 2072 4154 μὲν
2100 4083 2136 4137 ἃ.
2166 4087 2425 4154 προεῖπον
2473 4081 2757 4154 ἐξέφυγον.
2787 4083 2993 4154 861101.
3028 4081 3266 4154 *αλλὰ
3298 4083 3392 4150 μὲν
3424 4097 3544 4150 προ-

1969 4151 2238 4224 ειρημένα
2261 4153 2530 4220 διέφυγον.
2567 4151 2661 4207 Sic
2701 4156 2751 4206 in
2778 4153 2946 4222 Regg.
2980 4151 3103 4212 99],
3148 4151 3268 4204 992.

2042 4225 2132 4274 111
2179 4225 2285 4274 ’οο
2311 4223 2564 4274 θνητοῖς.
2599 4223 2672 4274 lta
2705 4224 2872 4274 Coisl.
2907 4222 3046 4274 Edit.
3080 4221 3175 4274 ὡς.

2042 4225 2132 4276 111
2179 4225 2285 4286 Ὃς
2311 4224 2564 4290 θνητοῖς.
2599 4224 2672 4275 lta
2705 4224 2872 4278 Coisl.
2907 4224 3046 4276 Edit.
3080 4224 3175 4282 ὼς.

2043 4293 2144 4345 112
2179 4285 2343 4345 Ὑπό.
2379 4293 2546 4346 Coisl.
2576 4293 2730 4345 ὑπαί.

2043 4363 2145 4415 115
2206 4361 2602 4432 Ἀλευόμενοι.
2657 4363 2812 4432 Chig.
2873 4369 2928 4416 et
2975 4359 3142 4413 Coisl.
3197 4356 3541 4426 ἀλευάμενοι.

1972 4432 2100 4487 Sch.
2133 4431 2474 4492 ἐκκλίναντες
2489 4472 2496 4479 .

1590 4658 1917 4718 METRICA
1952 4655 2243 4717 VERSIO.

289 4780 348 4836 In
391 4781 643 4836 nebulam
676 4781 840 4836 stulte
867 4781 1113 4843 mittens,
1147 4780 1224 4833 nil
1254 4788 1448 4848 przeter
1477 4779 1693 4833 inanem

295 4850 872 4921 gmbranircomplecti
914 4851 1191 4914 manibus,
1241 4851 1552 4921 nubemque
1586 4851 1853 4921 fugacem.

290 4919 422 4990 :I'ale
435 4920 636 4975 etenim
657 4919 830 4990 genus
853 4928 936 4973 est
953 4921 1256 4990 hominum,
1272 4920 1410 4990 talis
1427 4936 1643 4986 quoque
1667 4919 1853 4974 mundi

287 4988 867 5059 Prosperitasfciirva:
889 4988 1130 5042 referens
1148 4989 1372 5056 vestigia
1409 4991 1627 5058 puppis,

288 5060 432 5113 Ante
458 5061 726 5129 impressa
751 5060 994 5128 quidem,
1026 5074 1215 5129 verum
1245 5059 1424 5129 delata
1455 5070 1780 5114 retrorsum.

291 5129 421 5184 Sola
449 5128 625 5182 meum
655 5129 868 5182 ardenti
902 5137 1093 5197 pectus
1121 5128 1420 5182 stimulavit
1457 5143 1644 5182 amore

290 5197 568 5268 Doctrina,
590 5198 858 5268 Argolica:
887 5212 1048 5267 quam
1083 5198 1253 5266 gloria
1285 5197 1462 5267 gentis
1494 5199 1718 5254 Athena:

288 5267 598 5334 Quaesivere
618 5267 772 5330 mihi,
791 5270 1033 5337 solisque
1060 5282 1294 5321 occasus
1320 5275 1373 5320 et
1397 5276 1582 5326 ortus:

289 5336 347 5408 LII
382 5351 487 5408 qua
522 5338 754 5391 multum
790 5336 970 5408 opera:
993 5337 1176 5408 posui,
1207 5338 1485 5408 durosque
1516 5337 1733 5408 labores

289 5406 561 5477 Tempore
571 5421 674 5461 non
691 5406 861 5477 parvo
884 5407 1048 5468 subii,
1065 5408 1159 5461 sed
1180 5414 1233 5459 et
1259 5406 1636 5476 huncquoque
1658 5406 1866 5461 Christi

288 5475 438 5531 Ante
465 5475 629 5546 pedes
664 5475 923 5531 humilem
957 5475 1494 5546 pronamquejacere
1519 5477 1693 5546 coegi,

291 5546 483 5616 pivino
519 5547 682 5616 verbo
710 5547 1015 5606 cedentem,
1043 5547 1189 5616 quod
1215 5548 1441 5602 sinuosa

289 5613 536 5686 Et_varia
569 5615 820 5686 humanae
849 5613 1215 5686 mentis'tegit
1245 5619 1426 5670 omnia
1451 5615 1635 5670 verba.

361 5683 468 5740 Ista
499 5685 719 5756 quidem
753 5686 888 5756 fugi,
919 5685 1013 5741 sed
1049 5683 1162 5739 non
1191 5687 1410 5740 hostilia
1444 5687 1553 5754 fugi

293 5751 655 5824 Spicula—qua
689 5751 921 5811 Satanas
944 5757 1144 5814 vibrat.
1173 5758 1433 5810 mentitus
1463 5751 1722 5808 amicum.

289 5824 470 5894 Atque
497 5840 600 5898 ego
629 5825 742 5896 jam
776 5835 996 5882 nostros
1036 5841 1221 5890 casus,
1247 5835 1298 5880 et
1345 5827 1518 5880 tristia
1548 5826 1684 5880 facta

1897 4795 1936 4848 Β
1967 4778 2227 4858 Eloquar,
2260 4784 2319 4831 ut
2345 4778 2526 4846 quivis
2551 4774 3039 4858 impurida'monis
3061 4781 3215 4858 astus

1968 4844 2200 4918 Pervigil
2225 4844 2504 4917 agnoscat,
2547 4846 2799 4918 consulte
2827 4852 2881 4897 ct
2916 4844 3077 4918 noxia
3101 4845 3260 4897 vitet.

1967 4917 2104 4971 Dum
2130 4913 2284 4971 latus
2325 4917 2546 4969 :issiiluc
2575 4915 2799 4984 cingens
2825 4915 3112 4984 utriusque
3145 4913 3388 4982 parentis

1962 4987 2241 5056 Fungerer
2271 4987 2449 5039 ollicio
2473 4986 2606 5049 nati,
2649 4983 2914 5056 senioque
2948 4983 3182 5056 foverent

1958 5053 2198 5112 Aﬂlictos
2227 5058 2488 5125 luctuque
2518 5055 2688 5123 gravi,
2725 5054 2926 5125 quibus
2955 5053 3071 5125 ipse
3116 5059 3401 5121 superstes

1958 5126 2088 5181 Sum
2120 5127 2297 5180 tribus
2333 5122 2605 5184 ex'natis,
2639 5138 2764 5192 spes
2805 5122 3104 5192 imbecilla,
3126 5126 3384 5190 velutqiie

1961 5196 2230 5252 Parvulus
2255 5211 2318 5250 ex
2358 5210 2554 5256 magno
2588 5191 2762 5261 fomes
2789 5191 3080 5261 splendore
3110 5193 3359 5254 relictus,

1967 5266 2283 5341 ilia-gratum
2312 5265 2432 5341 tibi,
2456 5277 2669 5318 summe
2693 5260 3152 5341 Deus,praastare.
3171 5262 3429 5331 putabam

1966 5331 2232 5398 (lliiéium,
2264 5334 2479 5402 legique
2515 5343 2641 5396 tua-3,
2670 5331 2994 5386 mortalibus
3027 5331 3188 5402 atgris

1966 5405 2071 5471 Qui
2103 5413 2261 5459 natos
2291 5400 2492 5457 tribuis
2523 5403 2663 5457 senii
2692 5403 2935 5455 solamen
2963 5400 3170 5463 acerbi,

1967 5468 2035 5529 Ut
2065 5485 2324 5544 tanquam
2354 5474 2550 5544 baculo
2581 5471 2910 5544 trepidantia
2944 5484 3175 5537 corpora
3211 5468 3446 5544 firment.

1964 5544 2043 5598 Ex
2081 5541 2295 5599 cunctis
2325 5543 2548 5606 etenim,
2575 5543 2668 5611 qui
2701 5549 2752 5594 te
2776 5549 3130 5608 metuuntquc
3151 5541 3470 5607 coluntque.

1965 5615 2030 5667 Hi
2073 5629 2286 5669 summo
2318 5612 2499 5665 studio
2532 5611 2750 5682 pietatis
2792 5624 3017 5682 munera
3050 5617 3248 5682 curant
3277 5626 3289 5661 :

1966 5685 2322 5754 V'itantesque
2348 5682 2514 5751 hujus
2533 5679 2868 5736 miserandae
2895 5679 3137 5754 pericula
3169 5681 3314 5740 vitae,

1971 5755 2047 5806 Ad
2083 5764 2174 5806 tua
2202 5747 2521 5806 contors'ere
2554 5767 2686 5805 suos
2710 5747 2977 5818 praecepta
3013 5747 3292 5811 rudentes,

1968 5827 2151 5896 Teque
2178 5831 2229 5878 et
2260 5822 2590 5894 principium
2622 5823 2851 5884 ducunt,
2880 5830 3185 5887 metamque
3213 5818 3454 5871 beatam.
