4376 6472
355 609 633 676 Δῦσμορον
669 602 948 673 ῐμείροντα
978 600 1145 670 φάους
1171 601 1429 673 πυμάτην
1465 603 1603 674 μετὰ
1632 604 1822 670 νύκτα,

355 699 541 766 Τῆμος
577 694 977 765 ὀδυρομένοισιν
1000 691 1196 745 ἐτώσια
1232 693 1314 755 τίς
1345 711 1438 746 κεν
1462 694 1685 763 ἀμῦναι.

359 786 526 840 Ἔνθα
554 786 596 837 δ’
619 785 748 845 ἄκος
775 782 1091 852 μερόπεσσι,
1122 781 1190 834 τὰ
1215 781 1258 834 δ’
1283 781 1488 835 ὕστατα
1518 782 1711 852 δέσμιοι
1733 784 1925 838 πάντα.

354 877 460 930 505
500 876 642 944 Ἤδη
671 890 758 944 μοι
798 874 979 925 πολιόν
1008 889 1068 924 τε
1089 872 1255 943 κάρη,
1291 873 1383 925 καὶ
1413 873 1554 941 ἅψεα
1583 875 1741 944 ῥικνὰ

367 967 614 1036 Ἑκλίνθη
648 965 842 1034 βιότοιο
872 965 1004 1035 πρὸς
1029 965 1260 1033 ἕσπερον
1290 963 1643 1030 ἀλγινόεντος.

439 1055 578 1108 Ἀλλ’
608 1052 760 1106 οὔπω
785 1053 982 1105 τοιόνδε
1006 1052 1217 1104 τοσόνδε
1243 1069 1300 1102 τε
1329 1053 1490 1119 ἄλγος
1512 1053 1755 1122 ἀνέτληψ

353 1146 474 1199 Οὐδ’
508 1146 593 1197 ὅτε
626 1147 994 1214 μαινομένοισι
1018 1144 1414 1214 κορυσσόμενον
1444 1144 1691 1213 ἀνέμοισι

355 1236 521 1306 Γαίης
548 1237 610 1286 ὲκ
637 1233 842 1304 Φαρίης
875 1234 960 1285 ἐπ’
1008 1232 1268 1301 Ἀχαιΐδα,
1300 1233 1491 1285 πόντον
1517 1233 1738 1302 ἕτετμον

352 1326 458 1381 510
504 1325 742 1395 ’Λντολίῃ
772 1323 1025 1394 Ταύροιο,
1057 1325 1147 1376 τὸν
1182 1323 1435 1394 ὲρῤίγασι
1467 1325 1699 1393 μάλιστα

350 1417 581 1476 Ναῦται,
609 1417 907 1485 χειμερίου,
937 1416 1135 1486 παῦροι
1163 1416 1216 1468 δέ
1246 1434 1304 1468 τε
1330 1415 1584 1485 πείσματ’
1614 1417 1826 1472 ἔλυσαν.

355 1509 522 1560 Ἔνθα
551 1508 592 1559 δ’
622 1507 730 1574 ἐγὼ
762 1507 960 1570 νύκτας
988 1524 1045 1558 τε
1070 1507 1162 1558 καὶ
1192 1508 1378 1575 ἤματα
1411 1506 1581 1558 εἴκοσι
1607 1509 1781 1560 πάντα

351 1599 497 1669 Νηὺς
540 1601 619 1652 ἐνὶ
651 1599 874 1670 πρύμνῃ
902 1599 1122 1667 κείμην,
1151 1598 1283 1649 Θεὸν
1310 1598 1634 1666 ὑψιμέδοντα

347 1689 673 1760 Κικλήσκων
699 1689 899 1759 λιτῇσι.
943 1689 1017 1739 Τὸ
1040 1688 1084 1738 δ’
1116 1688 1284 1756 ἄφρεε
1319 1687 1446 1758 κῦμ’
1487 1688 1580 1739 ἐπὶ
1607 1687 1709 1756 νῆα

1405 490 1650 547 SECTIO
1692 491 1729 545 Ι.
1774 491 2098 548 POEMATA
2142 495 2227 550 DE
2266 494 2525 551 SEIPSO.

3483 503 3587 559 99‘

1955 618 2003 672 Α
2033 605 2139 658 ’515
2177 604 2404 676 Οὔρεσιν
2431 607 2466 674 ἢ
2497 603 2839 658 σκοπέλοισιν
2866 604 3074 676 όμοίῖον
3096 607 3223 662 ἔνθα
3248 610 3339 664 καὶ
3363 613 3508 680 ἔνθα,

2035 696 2234 748 Πολλὸν
2265 695 2307 748 δ’
2337 696 2486 759 ἐντὸς
2520 696 2736 748 ἔπιπτε.
2766 697 3060 752 Τινάσσετο
3084 700 3129 753 δ’
3156 702 3367 771 ἄρμενα
3395 710 3588 780 πάντα,

2044 785 2197 851 ὐξέα
2232 786 2538 856 συρίζοντος
2565 786 2655 838 ἐπὶ
2691 786 3025 856 προτόνοισιν
3048 791 3234 860 ἀήτου.

2027 874 2198 944 Αἰθὴρ
2235 875 2278 927 δ’
2312 877 2370 928 ὲν
2408 875 2657 943 νεφέεσσι
2688 875 2986 944 μελαίνετο,
3029 882 3122 933 καὶ
3157 892 3448 958 στεροπῇσι

2025 966 2301 1032 Λάμπετο,
2325 967 2418 1017 καὶ
2447 969 2740 1034 κρατεραῖς
2760 967 3085 1036 περιάγνυτο
3112 974 3341 1028 πάντοσε
3366 983 3587 1047 φωναῖς.

2026 1053 2130 1105 520
2168 1055 2353 1124 Τῆμος
2383 1055 2616 1123 ἐμαυτὸν
2648 1057 2820 1108 ἔδωκα
2849 1058 2986 1128 Θεῷ,
3013 1061 3107 1112 καὶ
3137 1063 3328 1117 πόντον
3351 1068 3520 1136 ἀλυξα

2030 1144 2250 1211 Ἀγριον
2284 1142 2594 1210 εὐαγέεσσιν
2628 1144 2981 1218 ὑποσχεσίῃσι
3021 1149 3271 1204 πεσόντα.

2026 1235 2147 1286 Οὐδ’
2186 1235 2272 1285 ὅτε
2307 1233 2644 1305 παλλομένης
2671 1253 2733 1302 γε
2771 1235 3016 1306 θεμείλια
3056 1241 3227 1293 σείετο
3272 1244 3447 1300 πάντα

2038 1326 2281 1388 Ἑλλάδος
2312 1327 2646 1398 εὐρυχόροιο,
2684 1328 2852 1381 κακοῦ
2886 1330 2930 1380 δ’
2961 1331 3020 1383 οὐ
3055 1333 3259 1399 φαίνετ’
3291 1337 3480 1410 ἀρωγή
3501 1356 3516 1370 ·

2024 1416 2206 1485 Αὐτὰρ
2239 1415 2347 1483 ἐγὼ
2376 1418 2727 1488 τρομέεσκον,
2765 1421 2885 1473 ἐπεὶ
2913 1421 3089 1493 ψυχὴν
3116 1423 3399 1481 ἀτέλεστον

2016 1507 2121 1559 525
2161 1502 2318 1576 Εἶχον
2351 1508 2424 1559 ἔτ’
2463 1511 2733 1578 οὐρανίοιο
2773 1511 3132 1581 χαρίσματος,
3165 1511 3286 1567 εὖτε
3313 1516 3516 1590 λοετρῴ

2021 1598 2276 1650 Ἕλκεται
2302 1599 2635 1670 ἀνθρώποισι
2667 1603 2825 1673 χάρις
2852 1605 2944 1656 καὶ
2977 1604 3290 1675 Πνεύματος
3318 1609 3501 1680 αῐγλη.

2020 1690 2139 1740 Οὐδ’
2168 1691 2255 1742 ὅτε
2292 1691 2478 1756 νοῦσος
2501 1695 2732 1764 ἔπλησεν
2767 1695 2897 1765 ἐμὸν
2929 1696 3102 1766 στόμα
3127 1700 3356 1770 ῥεύματι
3379 1699 3582 1774 λάϐρῳ,

844 1839 1101 1910 Miserum
1145 1848 1362 1892 revocet
1399 1839 1538 1910 lueis
1564 1839 1819 1908 cupidum
1854 1840 1906 1893 in
1939 1839 2206 1908 profunda
2248 1853 2429 1910 nocte,

839 1909 973 1963 Cum
1021 1910 1444 1962 lamentantihus
1479 1907 1676 1962 frustra
1713 1910 1835 1977 quis
1877 1907 2189 1965 auxiliatur.

850 1979 951 2032 llic
973 1979 1116 2032 enim
1148 1978 1416 2031 medicina
1447 1985 1531 2032 est
1563 1979 1892 2040 hominibus,
1922 1981 2022 2033 sed
2057 1989 2298 2035 extrema
2333 1983 2566 2039 vinculis
2611 1985 2908 2040 constricta
2937 1986 3138 2040 omnia.

846 2048 953 2118 ζ»οὸ
982 2046 1101 2100 Jam
1134 2047 1264 2099 mihi
1295 2062 1500 2118 canum,
1527 2055 1610 2101 est
1635 2056 1814 2115 caput,
1844 2058 1896 2102 et
1933 2064 2131 2118 rugosa
2175 2052 2419 2105 membra

846 2111 1127 2171 Deelinant
1158 2118 1210 2185 in
1246 2118 1417 2170 tristis
1455 2117 1578 2168 vita:
1618 2111 1922 2185 vesperam.

918 2185 1022 2240 Sed
1055 2184 1292 2256 nondum
1329 2186 1488 2256 talem
1523 2184 1843 2254 tantumque
1875 2189 2066 2254 pertuli
2102 2188 2374 2256 dolorem;

843 2252 952 2308 Nec
980 2271 1103 2308 cum
1140 2255 1442 2307 furentibus
1485 2252 1954 2322 agitatum'ventis

844 2323 922 2376 Ex
965 2333 1111 2376 terra
1148 2323 1346 2376 Pharia
1375 2325 1429 2377 in
1460 2324 1743 2386 Achaiam,
1785 2341 1934 2379 mare
1976 2325 2244 2380 sulcarem

841 2394 949 2463 3‘10
995 2395 1050 2446 rn
1083 2402 1204 2446 ortu
1246 2391 1411 2446 Tauri
1457 2395 1725 2456 hiemalis,
1753 2410 1913 2463 quem
1951 2396 2276 2448 horrescunt
2313 2397 2547 2451 maxime

842 2461 1050 2523 Nautae,
1086 2478 1148 2515 ac
1187 2464 1340 2530 pauci
1373 2473 1498 2516 tunc
1540 2461 2099 2517 solvunt—retinacula
2131 2481 2144 2516 :

841 2530 996 2602 Tunc
1030 2546 1130 2602 ego
1160 2540 1348 2602 noctes
1377 2539 1429 2584 et
1471 2533 1587 2586 dies
1613 2534 1840 2586 omnino
1868 2533 2058 2602 viginti

1011 2599 1201 2678 7659
1239 2599 1295 2652 ln
1327 2603 1481 2678 navis
1507 2603 1668 2678 puppi
1691 2599 1965 2678 jacebanf,
1991 2603 2240 2678 Deum_in
2275 2605 2416 2678 coelo
2449 2614 2766 2678 regnantem

888 2670 1102 2739 reciihus
1137 2685 1356 2723 vocans.
1395 2670 1701 2739 Spumabat’
1723 2681 1899 2725 autem
1935 2672 2129 2726 ﬂuctus
2165 2673 2219 2724 in
2250 2676 2429 2727 navim

839 2739 944 2808 §l5
983 2738 1120 2792 Hinc
1150 2748 1203 2792 et
1235 2740 1404 2797 illinc.
1437 2738 1712 2794 montibus
1745 2742 2092 2808 scopulisque
2123 2741 2355 2807 similis;

839 2806 1115 2877 Plurimus
1145 2815 1324 2859 autem
1354 2808 1499 2859 intus
1529 2808 1773 2861 cadebat.
1809 2806 2165 2876 Agitabantur
2186 2812 2302 2865 vela
2331 2806 2536 2877 Omnia,

838 2876 1013 2929 Acute
1046 2876 1100 2929 in
1131 2877 1388 2929 rudentes
1419 2884 1580 2930 vento
1609 2877 1883 2930 sibilante.

841 2943 1037 3014 Ether
1069 2945 1284 2999 nebulis
1316 2943 1710 3008 infuscabatur,
1745 2954 1800 3000 et
1829 2946 2138 3014 fulguribus

841 3013 1140 3093 {iuni-ah”,
1174 3023 1227 3068 et
1260 3014 1470 3093 magnis
1500 3015 1735 3093 undique
1765 3013 2114 3093 frangebatur
2137 3016 2489 3093 clamoribus.

838 3083 944 3155 ζῇς)
981 3083 1118 3155 Tum
1149 3083 1670 3155 memetipsumDeo
1700 3083 1926 3148 tradidi,
1960 3093 2014 3138 et
2044 3093 2267 3155 pontum
2302 3087 2540 3142 ferocem

847 3151 1018 3222 Effugi
1053 3153 1260 3206 sanctis
1288 3153 1582 3220 propositis
1610 3154 1901 3221 dejectum.

840 3219 1121 3290 ﬁecfcum
1149 3219 1434 3275 commota:
1461 3219 1815 3290 quaterentur
1846 3222 2197 3278 fundamenta
2229 3225 2414 3279 omnia

836 3288 982 3360 Eata:
1009 3289 1248 3348 Griecize.
1277 3304 1378 3360 nec
1413 3288 1538 3344 mali
1566 3292 1830 3345 auxilium
1857 3301 2178 3360 appareret;

835 3356 1121 3430 Tungego
1153 3359 1468 3430 tremebam,
1501 3362 1627 3430 quia
1661 3356 1904 3414 animam
1923 3356 2185 3416 habebam
2216 3362 2460 3417 nondum

833 3428 938 3499 §25
974 3428 1198 3499 leesti
1231 3427 1378 3499 dono
1413 3427 1678 3499 initiatam
1711 3447 1806 3499 per
1839 3432 2137 3491 lavacrum.

834 3494 934 3572 [fer
958 3498 1103 3566 quod
1132 3497 1407 3572 excipiunt
1443 3498 1690 3572 homines
1711 3494 2319 3572 'gratiametSpiritus
2351 3503 2716 3572 splendorem.

836 3564 944 3620 Nec
974 3564 1098 3620 cum
1133 3571 1357 3620 morbus
1393 3566 1636 3636 implevit
1663 3564 1934 3623 os'meum
1963 3564 2386 3636 l‘mdo'humore,

409 3719 515 3793 50g
555 3719 898 3793 ξιμείροντα.
931 3721 1082 3793 Unus
1109 3739 1174 3778 ex
1216 3723 1398 3792 Regiis
1430 3725 1739 3793 ἱμερόεντα.

409 3789 511 3911 5:6
555 3790 976 3910 ὲΛλγινόεντος.
1008 3791 1086 3847 lta
1115 3789 1329 3847 codices
1353 3789 1615 3863 plerique.
1645 3793 1782 3847 Edit.
1813 3793 1907 3846 ἀλ-

334 3877 432 3929 γεν
463 3876 552 3929 εντ
587 3876 632 3919 ς.
843 3928 847 3929 ν

2007 3727 2276 3781 tisaltera
2305 3728 2504 3796 legitur
2535 3728 2829 3796 descriptio
2855 3743 2993 3782 .n.ra
3026 3744 3200 3788 carm.
3233 3749 3310 3797 ιι,
3344 3733 3419 3789 De
3451 3735 3574 3791 Vita

2005 3813 2124 3856 sua.
2151 3813 2295 3850 vers.
2333 3797 2430 3850 126
2458 3806 2511 3851 et
2541 3814 2695 3866 seqq.

2073 3867 2173 3918 517
2206 3869 2617 3938 Προτόνοισιν.
2661 3867 2792 3938 Reg.
2820 3866 2923 3922 992
2947 3869 3336 3938 interpretatur
3365 3874 3489 3938 τοὺς
3514 3876 3572 3928 ὲν

409 3928 512 3982 308
567 3928 1052 4004 Κορυσσόμενον.
1110 3930 1248 4004 Editi
1291 3931 1497 3984 addunt
1539 3933 1611 3998 γ’,
1656 3931 1800 4001 quod
1847 3933 1902 3986 in
2001 3935 2079 4004 τῷ
2110 3938 2137 3987 ιε

821 3928 1052 4004 όμενον.
1110 3930 1248 4004 Editi
1291 3931 1497 3984 addunt
1539 3933 1611 3998 γ’,
1656 3931 1800 4001 quod
1847 3933 1902 3986 in
2001 3935 2079 4004 τῷ
2110 3928 2268 4003 mle;
2289 3937 2549 4004 σχοίνους.

337 4012 614 4069 mss._non
637 4009 878 4069 apparet,
913 4001 1006 4054 sed
1039 4001 1182 4069 quod
1214 4001 1355 4053 favet
1391 4009 1584 4054 metro.

407 4067 510 4122 509
549 4067 734 4132 Γαίης
762 4068 830 4136 ἐκ
861 4067 1099 4136 φαρίηξ.
1131 4070 1266 4123 Cum
1302 4085 1366 4122 ex
1393 4069 1719 4123 Alexandria
1749 4068 1899 4123 Grae-

335 4140 491 4206 ciam
512 4143 750 4206 peteret;
784 4134 1039 4192 Phariam
1060 4134 1247 4200 vocat,
1277 4155 1341 4192 eo
1369 4140 1513 4206 quod
1543 4141 1721 4192 insula
1762 4139 1901 4192 Pha-

2003 4074 2244 4142 παλλομέ

2073 4004 2178 4082 σεε
2208 4006 2598 4082 nugonem
2624 4022 2708 4073 τε.
2743 4005 2860 4058 Duo
2884 4006 3102 4061 codices
3134 4005 3287 4078 Regii
3331 4017 3382 4064 et
3411 4009 3567 4082 Cliig.

2073 4090 2602 4216 Ξέἓὲἦῗὲιῖμῖιεέιηιω
2634 4142 2794 4216 habet
2823 4144 2993 4199 codex
3015 4145 3386 4216 Coislinianus
3417 4146 3573 4216 longe

339 4221 432 4286 res
467 4205 806 4286 Alexandria:
835 4209 1010 4262 vicina
1037 4217 1138 4262 est.
1168 4208 1289 4262 Mox
1313 4205 1552 4278 ἔτετμον.
1588 4207 1718 4279 Reg.
1752 4210 1818 4264 59
1849 4217 1902 4264 et
2003 4215 2195 4266 melius
2235 4205 2398 4286 qua'm
2433 4213 2524 4286 ali_i
2560 4212 2777 4267 codiCes
2804 4229 3022 4286 necnon
3052 4224 3106 4270 et
3144 4215 3303 4286 editi1
3332 4216 3423 4286 qui
3471 4205 3572 4286 Ιιῖξο

335 4276 492 4342 Cliig.
523 4275 764 4342 ἔτεμνον.

405 4345 508 4397 313
554 4344 692 4396 ‘Erl.
721 4343 811 4398 Sic
851 4359 983 4399 mss.
1012 4344 1156 4398 Edit.
1187 4347 1300 4399 ἐπί.

409 4413 514 4467 514
547 4413 616 4466 Τὸ
655 4413 727 4467 δ’.
767 4411 902 4466 Male
946 4415 1189 4484 edux“;
1219 4417 1288 4470 δ’.
1323 4415 1580 4484 Ejusdem
1619 4423 1908 4484 tempesta-

2004 4286 2130 4336 bent
2162 4281 2767 4405 Fvsdpart._lnterpres
2795 4282 3163 4340 Coisliniauus
3197 4294 3251 4340 et
3275 4281 3405 4356 Reg.
3445 4284 3570 4349 992.

2007 4368 2128 4405 8111).
2180 4369 2254 4405 Ill.
2293 4368 2530 4405 πυρετιυ.

2007 4368 2128 4421 sup.
2162 4368 2254 4405 un.
2293 4368 2530 4421 πυρετιρ.

1631 4577 1960 4637 METRICA
1981 4577 2275 4636 VERSIO.

338 4741 592 4810 Depulsa,
624 4739 1006 4810 ulceribusque
1035 4739 1170 4794 meis
1199 4738 1456 4793 adhibere
1487 4738 1772 4800 medelam,

335 4811 444 4865 Ter
472 4813 758 4873 miserum,
786 4811 925 4865 lucis
953 4811 1209 4879 cupidum
1241 4817 1362 4877 post
1388 4817 1632 4877 tempora
1659 4810 1836 4862 noctis

336 4882 650 4942 Postremae.
695 4896 818 4933 cum
845 4880 956 4946 jam
999 4897 1159 4933 nemo
1194 4893 1515 4934 succurrere
1544 4879 1716 4947 possit

338 4951 641 5006 Flentibus.
678 4949 777 5003 Hic
805 4951 1006 5004 etenim
1049 4952 1206 5004 nobis
1246 4959 1329 5003 est
1367 4957 1617 5017 prompta
1654 4947 1860 5002 medela
1890 4967 1902 5001 :

335 5021 468 5074 Post
507 5029 686 5073 autem
719 5021 906 5073 clausa
935 5030 1018 5072 est
1044 5020 1226 5073 omnis
1257 5018 1528 5071 medicina
1558 5018 1772 5071 salutis.

334 5090 455 5143 Jam
485 5091 613 5143 mihi
642 5091 753 5158 jam
784 5105 977 5142 canum
1001 5097 1163 5158 caput
1192 5097 1292 5151 est,
1325 5101 1635 5158 rugosaque
1665 5088 1906 5141 membra

335 5159 533 5214 Tristis
562 5159 626 5212 ad
646 5157 908 5212 occasum
950 5157 1080 5213 vitae
1109 5159 1219 5224 jam
1257 5174 1424 5225 prona
1465 5157 1731 5210 feruntur.

410 5228 516 5283 Sed
546 5230 786 5282 nondum
819 5229 981 5281 talem
1022 5229 1161 5283 subii
1203 5237 1520 5295 tantumque
1548 5227 1785 5280 laborem
1824 5245 1836 5279 :

335 5298 455 5352 Non
493 5298 709 5367 quando
738 5299 895 5354 saevis
925 5298 1184 5366 agitatum
1216 5297 1434 5367 ﬂatibus
1460 5311 1646 5365 :equor

339 5366 654 5432 Sulcabam,
684 5384 749 5422 ex
780 5367 975 5420 Pharia
1011 5370 1158 5422 littus
1195 5369 1385 5421 tellure
1413 5366 1696 5434 Pelasgum

338 5437 486 5492 Nave
515 5447 705 5507 petens
733 5439 930 5507 fragili,
961 5435 1124 5491 Tauri
1159 5437 1421 5491 brumalis
1465 5437 1517 5489 in
1552 5446 1698 5498 ortu,

337 5507 527 5572 Tauri,
562 5509 652 5576 qui
690 5517 843 5561 tanto
872 5516 1161 5560 nautarum
1200 5511 1363 5560 corda
1397 5521 1596 5576 pavore

336 5577 534 5637 Aﬂicit.
579 5587 638 5630 ut
662 5592 819 5632 rarus
851 5579 1152 5631 retinacula
1188 5578 1397 5631 solvere
1428 5586 1592 5630 nauta

339 5647 569 5707 Audeat.
605 5647 879 5715 inﬁdoque
905 5655 1075 5700 ratein
1105 5649 1448 5701 committere
1476 5658 1658 5715 ponto.

338 5715 602 5772 Noctibus
631 5718 719 5770 hic
749 5717 904 5770 denis
930 5732 1030 5786 ego
1062 5717 1164 5778 bis.
1197 5717 1530 5785 totidemque
1554 5716 1766 5778 diebus,

340 5786 594 5856 Supplice
622 5802 753 5841 voce
783 5801 985 5856 rogans,
1009 5788 1216 5841 Numen
1247 5787 1488 5847 cteleste.
1517 5786 1765 5854 jacebam

1940 4748 1980 4801 Β
2012 4739 2274 4810 Equorei
2309 4738 2504 4792 ﬂuctus
2537 4752 2784 4810 spumam
2805 4737 3130 4810 rabiemque
3161 4738 3466 4810 vomebant,

2011 4808 2281 4865 Montibus
2308 4817 2400 4860 aut
2426 4809 2665 4878 sc0pulis
2691 4808 2920 4878 similes,
2955 4810 3252 4878 ingensque
3274 4808 3504 4863 cadebat

2009 4879 2106 4935 V'is
2140 4881 2404 4934 undarum
2435 4877 2488 4930 in
2519 4893 2661 4941 eam,
2707 4876 2801 4930 sed
2844 4885 2897 4929 et
2926 4876 3105 4932 omnia
3138 4876 3254 4932 vela
3291 4879 3494 4932 moveri

2008 4950 2394 5020 Qonspiceres,
2417 4955 2579 5020 vento
2603 4947 2656 5000 in
2678 4946 2845 5020 duros
2870 4948 3152 5020 ‘stridente
3189 4948 3467 5003 rudentes.

2007 5018 2123 5071 Jam
2154 5017 2279 5073 vero
2312 5017 2524 5071 nebulze
2553 5026 2690 5071 tetra
2723 5017 2955 5085 caligine
2983 5019 3180 5071 caelum

2010 5088 2337 5149 Fuscabant,
2368 5086 2684 5155 crebrisque
2707 5086 2870 5156 etiam
2903 5087 3207 5156 fulgoribus
3246 5086 3417 5140 aether

2011 5159 2359 5227 Splendebat,
2392 5156 2584 5210 validis
2626 5155 2968 5227 clamoribus
2993 5155 3232 5227 undique
3261 5167 3455 5225 ruptus
3489 5174 3502 5209 :

2009 5225 2144 5280 Tum
2181 5243 2265 5281 me
2296 5227 2493 5280 donavi
2527 5226 2764 5286 Christo,
2803 5225 3083 5294 pelagique
3119 5226 3382 5294 periclum

2011 5296 2206 5360 Vitavi,
2241 5298 2447 5350 sanctis
2475 5296 2729 5362 precibus
2773 5295 3024 5364 votisque
3063 5296 3362 5364 repulsum.

2007 5366 2124 5419 Non
2155 5383 2277 5421 cum
2311 5367 2417 5418 lata
2448 5366 2597 5432 gravi
2634 5373 2952 5434 quateretur
2976 5365 3182 5418 Gnecia
3211 5373 3383 5426 motu,

2013 5435 2129 5490 Ulla
2165 5452 2264 5492 nec
2305 5436 2490 5490 auxilii
2529 5434 2640 5502 jam
2676 5450 2801 5503 spes
2840 5435 3090 5488 alicunde
3125 5442 3362 5503 pateret;

2010 5509 2076 5558 At
2107 5515 2310 5560 tremor
2339 5505 2612 5559 horribilis
2642 5505 2848 5575 gelidos
2879 5505 3151 5558 invaserat
3179 5514 3351 5575 artus.

2011 5576 2264 5629 Nondum
2303 5576 2500 5630 etenim
2531 5571 2688 5628 sacro
2719 5575 3041 5642 baptismate
3083 5581 3272 5644 pectus
3311 5571 3573 5644 habebam

2011 5645 2289 5709 Tinctum,
2322 5647 2375 5699 in
2416 5660 2524 5713 quo
2567 5647 2804 5698 trahitur
2848 5645 3058 5698 lustrali
3087 5643 3281 5713 gratia
3334 5643 3573 5712 lympha.

2013 5715 2289 5784 lilii-usque
2316 5712 2586 5785 excipitur
2624 5713 2906 5785 splendor,
2941 5729 3102 5785 quem
3135 5712 3370 5782 Spiritus
3398 5713 3572 5785 alicui.

2022 5786 2128 5840 Nec
2167 5779 2298 5838 mihi
2332 5779 2456 5838 cuni
2495 5779 2678 5840 fauces
2717 5779 2990 5853 quondam
3038 5783 3119 5837 vis
3163 5779 3352 5853 aspera
3403 5779 3577 5836 morbi

341 5854 418 5911 Ad
432 5853 652 5929 puppim
664 5853 950 5914 exanimis.
968 5855 1134 5914 Latus
1149 5864 1325 5914 autem
1343 5857 1396 5912 in
1411 5853 1701 5928 utrumque
1715 5855 1915 5914 carina:
2021 5855 2300 5926 lmplesset
2326 5855 2507 5911 valido
2537 5854 2706 5922 ﬂuxu,
2737 5869 2988 5924 saavoqus
3017 5853 3203 5907 dolere
