4372 6468
312 407 442 463 1061
1379 402 1621 458 SECTIO
1662 403 1699 457 ι.
1739 399 2038 455 ΡΟΕΜλΤὲ

1841 399 2063 454 suam
2095 399 2180 453 or.
2223 397 2478 454 SElPSO.
3428 398 3567 459 ίοεε

309 517 468 574 Τοῦτ’
499 513 588 591 ἦν,
616 520 944 591 συνεῤῥὼγει
974 538 1032 573 τε
1053 520 1224 583 δεινός
1250 538 1330 583 τις
1359 521 1542 591 μόθος,

310 605 386 662 Οὐ
413 611 791 680 δημιουργὸςὴ
817 612 956 681 τομὴ
986 612 1085 681 τῆς
1113 611 1389 679 πατρίδος,

308 702 430 754 Δύω
461 703 639 764 πόλεις
663 703 868 766 τάξασα
896 703 1108 775 μικρῶν
1139 705 1402 773 μητέρας.

309 792 414 846 46υ
440 793 623 860 Ψυχαὶ¹
650 794 922 862 πρόφασις
940 834 951 856 ,
980 795 1042 845 τὸ
1064 794 1107 846 δ’
1135 793 1282 847 ἔστιν
1311 797 1342 864 ἡ
1373 793 1634 864 φιλαρχία
1654 812 1668 825 ·

321 881 491 934 ’οκνῶ
523 883 629 951 γὰρ
663 885 856 943 εἰπεῖν,
885 883 935 934 οἱ
963 882 1118 950 πόροι
1140 899 1197 934 τε
1222 884 1316 935 καὶ
1351 883 1527 951 φόροι,

323 974 411 1038 ἘΞ
439 968 512 1026 ὧν
545 973 772 1025 δονεῖται
802 973 912 1034 πᾶς
940 975 968 1024 ό
993 971 1197 1041 κόσμος
1225 972 1444 1036 ἀθλίως.

377 1065 445 1114 Τί
474 1060 566 1116 οῦν
591 1079 657 1133 με
678 1065 877 1125 ποιεῖν,
910 1063 1045 1132 πρὸς
1075 1062 1237 1126 Θεοῦ,
1264 1062 1470 1116 δίκαιον
1497 1059 1562 1133 ἦν
1585 1081 1598 1124 ;

309 1153 600 1219 Στέργειν;
631 1149 892 1219 Δέχεσθαι
917 1149 1030 1202 τῶν
1053 1148 1239 1202 κακῶν
1272 1147 1372 1210 τὰς
1405 1147 1666 1216 ἐμϐολὰς,

306 1243 412 1296 ως
444 1241 694 1294 Βάλλεσθ*
720 1241 890 1310 ἀωρί;
917 1239 1329 1311 Συμπνίγεσθαι
1361 1237 1604 1311 βορϐόρῳ
1629 1253 1642 1301 ;

310 1333 448 1400 Μηδ’
476 1332 604 1385 ἔνθα
632 1331 781 1402 θείην
810 1332 1062 1401 εὐπορεῖν
1095 1331 1273 1404 γῆρας
1299 1329 1440 1395 τόδε,

322 1424 434 1474 ’.κει
462 1422 652 1491 βιαίως
684 1423 747 1475 ὲκ
777 1422 987 1492 σκέπης
1013 1421 1320 1491 ὠθούμενον
1343 1438 1356 1484 ;

311 1512 449 1580 Mne"
477 1513 640 1580 ἄρτον
668 1511 805 1574 ἕξων
830 1509 905 1578 τῷ
940 1509 1074 1578 ξένῳ
1103 1509 1408 1572 διακλάσαι,

311 1604 486 1672 Ili-In;
519 1605 724 1672 πένητα
750 1603 877 1656 λαὸν
911 1603 1156 1656 εὐθύνειν
1187 1601 1386 1670 λαχὼν,

310 1696 415 1747 4ἷο
448 1690 544 1747 Ὧν
581 1697 677 1765 μὲν
707 1694 1113 1767 κατορθώσαιμι
1148 1694 1278 1763 μηδὲ
1309 1693 1366 1744 ἓν
1392 1693 1623 1762 βλέπων,

309 1778 412 1836 Ὧν
443 1783 485 1836 δ’
508 1785 564 1838 αἱ
591 1785 770 1848 πόὶεις
797 1785 1010 1854 ἔχουσιν
1041 1781 1292 1854 εὐπορῶν
1321 1782 1528 1843 κακῶν,

1909 524 1957 579 Α
1986 517 2214 588 Τρυγῶν
2236 516 2496 579 ἀκάνθας,
2525 517 2622 568 οὐκ
2649 515 2963 578 ἁπανθίζων
2993 518 3141 586 ῥόδα,

1989 609 2068 661 Τὰ
2093 607 2238 660 δεινὰ
2263 606 2447 674 γυμνὰ
2472 606 2580 658 τῶν
2605 606 2784 657 καλῶν
2806 607 3185 677 καρπούμενος
3212 624 3224 662 ;

1991 696 2192 764 Ἄλλην
2221 695 2441 748 ἀπαίτει
2475 695 2551 764 μ’,
2581 693 2646 761 ἢν
2678 694 2856 765 θέλῃς,
2893 697 3172 765 εὐψυχίαν,

1983 787 2089 840 475
2113 785 2221 856 Τὴν
2254 785 2310 837 δὲ
2341 784 2586 853 πρότεινε
2622 785 2730 845 τοῖς
2776 783 2910 850 ὲμοῦ
2941 786 3292 854 σοφωτέροις.

1987 877 2202 930 Τοιαῦτ*
2251 875 2494 943 ’Δθῆναι,
2529 888 2625 926 και
2658 873 2806 925 πόνοι
2835 875 3004 924 κοινοὶ
3031 873 3221 940 λόγων,

1999 966 2326 1036 Ὀμόστεγός
2356 982 2414 1018 τε
2437 966 2531 1018 καὶ
2561 965 2837 1025 συνέστιος
2861 963 2992 1032 βίος,

1986 1058 2132 1121 Νοῦς
2164 1053 2244 1122 εἷς
2275 1061 2334 1112 ὲν
2363 1059 2585 1128 ἀμφοῖν,
2609 1057 2669 1108 οὐ
2701 1056 2832 1119 δύω,
2862 1055 3025 1124 θαῦμ’
3064 1053 3335 1118 Ἑλλάδος,

1986 1149 2097 1201 Καὶ
2117 1147 2313 1211 δεξιαὶ,
2341 1147 2544 1216 κόσμον
2574 1145 2673 1215 μὲν
2700 1144 2773 1206 ὼς
2804 1143 2994 1214 πόρῤω
3022 1140 3223 1211 βαλεῖν,

1986 1238 2092 1292 480
2115 1237 2322 1299 Αὐτοὺς
2353 1236 2410 1288 δὲ
2443 1235 2618 1289 κοινὸν
2651 1234 2866 1304 esset};
2887 1232 3048 1302 ζῆσαι
3071 1230 3209 1300 βίον,

1988 1330 2193 1397 Λόγους
2212 1345 2271 1380 τε
2294 1325 2477 1379 δοῦναι
2499 1324 2578 1395 τῷ
2602 1325 2746 1394 μόνῳ
2771 1323 2920 1392 σοφῷ
2947 1322 3124 1391 Λόγῳ.

1986 1419 2371 1471 Διεσκέδασται
2397 1415 2593 1473 πάντα,
2622 1415 2876 1483 ἐρριπται
2903 1410 3101 1480 χαμαὶ,

1985 1505 2158 1579 Δῦραι
2183 1508 2409 1578 φέρουσι
2450 1507 2550 1567 τὰς
2585 1503 2820 1565 παλαιὰς
2850 1500 3090 1562 ἐλπίδας.

1986 1599 2096 1653 Ποῦ
2126 1616 2209 1661 τις
2240 1597 2518 1668 πλανηθῇ;
2551 1596 2728 1666 Θῆρες
2750 1634 2764 1656 ,
2795 1595 2854 1646 οὐ
2893 1590 3107 1658 δέξεσθέ
3145 1605 3246 1659 με;

1987 1690 2090 1743 485
2111 1692 2249 1758 Παρ⁶
2275 1685 2354 1751 οἷς
2386 1689 2445 1739 τὸ
2475 1687 2662 1738 πιστὸν
2689 1684 2894 1746 πλεῖον,
2929 1683 3004 1745 ὡς
3030 1683 3080 1750 γ’
3116 1681 3239 1750 ἐμοὶ
3265 1678 3436 1733 δοκεῐ.

2061 1781 2259 1850 Ἔσχον
2293 1779 2391 1849 μὲν
2418 1777 2559 1830 οὕτω
2585 1776 2788 1840 ταῦτα,
2823 1775 3099 1844 συντόμως
3129 1773 3353 1843 φράσαι.
3417 1761 3422 1768 ’

808 1938 1222 2006 Episcoporum,
1260 1951 1324 1988 ac
1359 1949 1523 2004 grave
1549 1935 1825 2004 quoddam
1862 1943 2138 1990 exarserat
2175 1935 2396 1998 bellum,

806 2005 980 2076 cujus
1007 2005 1174 2060 causa
1200 2005 1375 2059 sectio
1401 2007 1612 2074 patria.

806 2073 953 2132 Duas
984 2078 1148 2130 urbes
1177 2073 1468 2144 parvarum
1507 2083 1708 2127 matres
1739 2073 2052 2128 instituens.

809 2147 911 2200 460
950 2147 1156 2199 Anima
1180 2140 1472 2212 pratextus
1509 2151 1685 2206 erant,
1715 2144 1808 2197 sed
1838 2159 2025 2197 revera
2055 2140 2445 2196 dominationis
2476 2154 2661 2190 amor:

809 2215 1013 2269 Vereor
1039 2215 1184 2269 enim
1209 2214 1412 2277 dii-ere,
1439 2213 1649 2265 reditus
1675 2221 1727 2265 et
1760 2213 1984 2277 tribula,

806 2286 1016 2349 Quibus
1053 2285 1255 2337 misere
1283 2291 1434 2335 totus
1457 2283 1695 2348 agitatur
1721 2282 1975 2335 mundus.

876 2353 1018 2419 Quid
1053 2354 1238 2423 igitur,
1271 2351 1597 2423 per_DetIin,
1633 2353 1811 2423 facere
1839 2367 2157 2423 meaquum
2193 2352 2328 2406 luii?

805 2420 1130 2478 Contentum
1160 2420 1320 2475 esse?
1347 2420 1610 2473 Malorum
1639 2421 1755 2472 exci

805 2495 911 2548 465
952 2495 1094 2547 Ense
1124 2491 1299 2553 feriri,
1334 2489 1591 2544 sullocari
1626 2491 1740 2543 luto

806 2563 916 2618 Nec.
947 2565 1144 2616 habere
1185 2561 1274 2614 ubi
1310 2561 1412 2613 hoc
1441 2562 1652 2612 senium
1685 2559 1966 2624 collocem,

1758 2435 1888 2528 pere
1918 2421 2204 2475 incursus?

809 2634 944 2686 Dum
976 2645 1191 2700 semper
1217 2645 1251 2700 ei
1279 2638 1424 2683 tecto
1451 2645 1549 2697 per
1571 2631 1678 2682 vim
1707 2629 2022 2700 rexturhor?

806 2701 916 2756 Nec
944 2698 1138 2771 panem
1169 2699 1476 2762 habiturus,
1510 2714 1673 2767 quem
1704 2699 1900 2771 hospiti
1934 2698 2196 2771 frangam,

809 2768 1033 2850 ῼΞιμρετ-
1051 2783 1344 2850 pauperem
1381 2773 1637 2850 populum
1667 2768 1961 2850 regendum
1992 2769 2239 2844 Sortitus,

807 2833 1097 2894 “O'Nihil
1127 2833 1357 2906 prorsus
1377 2833 1590 2897 videns,
1620 2838 1764 2906 quod
1803 2836 2059 2905 praclare
2093 2837 2295 2901 possim
2328 2833 2550 2903 exsequi
2579 2852 2594 2888 :

810 2910 966 2963 Malis
999 2908 1308 2969 abundans,
1339 2921 1462 2976 qua
1491 2907 1546 2960 in
1573 2907 1802 2976 urbibus
1831 2916 2125 2958 Ot‘Clll'l'lllll.
2155 2924 2165 2956 :

813 2977 1171 3033 Vindemians
1195 2975 1401 3045 spinas,
1431 2991 1540 3028 non
1571 2990 1728 3028 rosas
1755 2975 1959 3045 legens,

812 3049 950 3101 Mala
979 3049 1247 3101 honorum
1277 3045 1521 3113 expertia
1553 3045 1815 3112 carpens!

813 3118 988 3170 Aliam
1018 3131 1047 3168 a
1076 3131 1161 3169 me
1197 3111 1451 3184 exposce.
1483 3116 1528 3168 si
1561 3111 1729 3184 voles,
1762 3111 2284 3184 magnanimitatem,

815 3187 922 3240 475
957 3187 1134 3254 Atque
1164 3183 1307 3238 hanc
1344 3198 1585 3253 propone
1613 3183 1698 3236 his
1731 3184 1822 3252 qui
1863 3197 1948 3236 me
1971 3183 2330 3254 sapientiores
2367 3194 2514 3238 sunt.

817 3254 969 3308 Talia
1000 3253 1221 3308 Athena
1250 3262 1598 3324 pepererunt,
1632 3261 1686 3306 et
1713 3267 2030 3324 communes
2063 3253 2367 3306 litterarum
2405 3253 2642 3314 labores,

820 3325 1190 3392 Ejusdemquc
1221 3321 1348 3377 tecti
1389 3333 1443 3376 et
1477 3338 1676 3376 mensa
1707 3337 1939 3375 consors
1972 3321 2081 3392 vita

823 3387 974 3449 Mens
1000 3387 1130 3457 una,
1159 3410 1264 3447 non
1295 3393 1417 3447 dua
1441 3395 1494 3445 in
1525 3393 1814 3453 ambobus,
1848 3407 1934 3446 res
1969 3391 2108 3442 mira
2137 3391 2255 3444 visa
2285 3387 2525 3450 Gracia,

822 3463 1076 3532 [lataque
1110 3465 1363 3526 dextera,
1401 3462 1662 3514 mundum
1695 3471 1752 3515 ut
1779 3460 1971 3531 procul
2001 3459 2375 3528 rejiceremus,

822 3535 928 3586 480
968 3533 1184 3600 Deoque
1212 3534 1372 3585 simul
1400 3532 1702 3584 viveremus

824 3607 900 3654 Ac
932 3599 1140 3654 litteras
1174 3601 1486 3654 diearemus
1513 3599 1613 3670 soli
1648 3601 1878 3670 sapienli
1909 3599 2108 3653 Verbo.

827 3673 1091 3740 Dissipata
1125 3679 1251 3723 sunt
1285 3671 1485 3732 omnia,
1519 3669 1666 3721 humi
1698 3669 1935 3740 projecta
1967 3677 2116 3732 sunt,

825 3739 1174 3810 700-701
1215 3740 1351 3808 Spes
1374 3740 1630 3807 antiquas
1657 3740 1800 3792 venti
1836 3739 2113 3810 auferunt.

824 3808 1104 3878 Quo’quis
1136 3811 1344 3877 fugiat?
1370 3811 1514 3868 l'era,
1559 3823 1666 3860 non
1709 3825 1792 3864 me
1824 3808 2144 3876 excipietis?

828 3880 930 3933 485
963 3877 1118 3947 Apud
1147 3894 1282 3948 quas
1311 3879 1435 3946 plus
1469 3878 1612 3948 lidei,
1650 3885 1709 3930 ut
1739 3879 1868 3948 mihi
1900 3879 2118 3946 quidem
2152 3877 2387 3931 videtur.

895 3946 1073 4018 Atque
1111 3946 1227 4004 hac
1251 3948 1470 4018 quidem
1507 3947 1581 4000 ita
1619 3963 1679 4002 se
1707 3947 2005 4013 habebant,
2035 3957 2096 4000 ut
2128 3949 2368 4004 breviter
2384 3961 2651 4001 enarrare
2680 3946 2854 4016 potui.

396 4063 500 4120 £58
543 4063 695 4132 Τομὴ
725 4062 834 4130 τῆς
881 4061 1188 4130 πατρίδος.
1223 4061 1492 4132 Nimirum
1547 4062 1904 4132 Cappadocia

327 4133 384 4188 in
417 4133 555 4186 duas
607 4131 916 4202 provincias
963 4134 1182 4186 divisio.
1245 4131 1419 4202 |_eres
1466 4132 1586 4202 dua

328 4200 635 4272 minoribus
669 4210 846 4264 erant,
883 4203 1133 4256 Casarea
1160 4209 1214 4255 et
1243 4200 1490 4272 Thyana.
1524 4201 1663 4255 Huic
1692 4202 1906 4272 Authy-

330 4288 472 4330 mus.
511 4273 585 4324 illi
617 4271 849 4324 Basilius
885 4280 1134 4340 praerat.

401 4341 506 4412 460
545 4341 758 4407 Ψυχαί.
785 4339 978 4395 Comb.
1009 4343 1134 4410 legit
1163 4341 1216 4394 in
1246 4339 1370 4395 cod.
1401 4339 1528 4409 Reg.
1567 4341 1771 4412 ψυχρά⁹
1803 4342 1904 4409 [τί.

327 4411 455 4478 gida
485 4412 926 4480 occasiopatque
975 4420 1288 4479 pratextus,
1332 4412 1630 4480 provincia
1675 4411 1764 4466 illa
1794 4426 1900 4466 sa-

332 4483 504 4532 culari
559 4481 680 4546 jure
727 4479 1009 4550 dissectio,
1064 4495 1172 4550 qua
1213 4479 1348 4536 nihil
1387 4495 1629 4536 necesse
1668 4481 1900 4536 convelli

331 4550 686 4602 ecclesiarum
720 4549 864 4617 jura.

2072 4062 2177 4116 465
2206 4062 2505 4116 Βάλλεσέν
2530 4063 2690 4130 ἀωρί.
2725 4061 2979 4118 Combel'.
3007 4065 3167 4116 vertit
3199 4063 3572 4131 intempestive,

1635 4132 1904 4200 prafecta
2001 4133 2139 4185 male
2166 4134 2389 4201 quaesita
2420 4133 2713 4192 occasione,
2740 4134 2845 4198 peti
2875 4133 3011 4185 (alia.

2071 4199 2188 4256 ΗΞ
2224 4201 2600 4259 Ἀπανθίζων.
2647 4201 2722 4252 Ila
2773 4201 2906 4269 lleg.
2941 4217 3083 4257 unus
3132 4209 3188 4252 et
3219 4199 3385 4254 Coisl.
3431 4200 3572 4253 Edii.

2001 4273 2141 4325 male
2188 4270 2515 4339 ἁκανθίζων,
2555 4271 2796 4336 spinosas
2850 4271 3071 4324 reddens
3097 4286 3115 4322 :
3143 4271 3344 4339 quibus
3394 4269 3576 4322 verbis

2004 4341 2276 4409 signiﬁcat
2311 4338 2608 4407 Gregorius
2643 4340 2783 4409 mala
2842 4348 3053 4393 tantum
3105 4338 3269 4393 nullis
3320 4344 3576 4407 permista

2006 4407 2165 4464 bonis
2198 4410 2300 4462 sibi
2337 4409 2702 4476 exspectanda
2736 4407 2984 4463 Sasimis.

2077 4479 2179 4532 479
2213 4479 2427 4541 Δεξιαι.
2463 4478 2593 4547 Reg.
2635 4493 2779 4531 unus
2817 4493 2938 4547 sup.
2977 4479 3071 4531 lin.
3109 4479 3429 4547 ὑποσχέσεις
3455 4491 3576 4543 pro-

2007 4565 2281 4600 missiones
2291 4577 2304 4599 δ

1602 4662 1932 4721 METRICA
1978 4659 2275 4719 VERSIO.

338 4777 466 4851 Erat
500 4779 602 4832 hoc
631 4779 864 4835 duorum
903 4801 914 4835 :
953 4797 1236 4851 pugnaque
1269 4781 1413 4835 haud
1447 4791 1594 4836 certe
1628 4783 1781 4849 levis,

338 4847 564 4920 _S_cctura
600 4852 786 4916 patria
815 4847 976 4918 quam
1010 4847 1361 4920 mea-secum
1390 4852 1591 4917 attulit,

339 4916 509 4970 Urbes
539 4920 807 4973 minorum
835 4916 962 4972 dum
992 4916 1128 4974 duas
1160 4929 1358 4974 matres
1389 4921 1536 4974 facit.

341 4986 745 5041 Pratexebalur
773 4991 1034 5042 mentium
1064 4991 1210 5043 salus
1244 5008 1257 5043 :
1293 5000 1472 5044 tamen

341 5057 468 5127 ljlrat
496 5058 742 5117 ambitio.
779 5074 845 5112 ne
871 5059 1047 5111 dicam
1079 5073 1210 5127 opes
1239 5067 1292 5111 et
1318 5061 1526 5127 c0pias,

339 5125 550 5190 Quibus
582 5129 820 5196 agitatur
855 5129 1092 5181 mundus
1119 5125 1218 5180 'hic
1251 5125 1458 5180 tristem
1495 5130 1547 5180 in
1580 5128 1820 5183 modum.

411 5193 548 5249 Ouid
577 5196 774 5249 lacere.
807 5212 992 5249 quaso
1020 5213 1117 5249 ner
1157 5197 1348 5249 Deum.
1383 5213 1480 5249 nar
1506 5198 1591 5249 hic
1624 5198 1776 5249 erat?

411 5207 548 5272 Quid
577 5207 774 5258 Iacere,
807 5212 992 5304 quaso
1020 5213 1117 5265 per
1157 5207 1348 5258 Deum,
1383 5213 1480 5266 par
1506 5207 1591 5250 hic
1624 5207 1768 5250 erat!

343 5263 836 5336 liet‘ineresedem.
880 5266 1014 5336 Tam
1045 5282 1236 5335 graves
1270 5267 1707 5336 ferreimpetus?

411 5193 548 5258 Quid
577 5193 774 5258 iacere.

343 5333 489 5404 'l‘elis
523 5332 975 5404 feririlSordido
1002 5332 1249 5404 inimergi
1283 5335 1433 5387 luto?

342 5401 476 5471 (_1um
513 5418 612 5455 nec
643 5403 733 5456 ubi
767 5405 975 5458 senium
1001 5401 1252 5471 ponerem
1288 5405 1441 5457 locus
1475 5404 1633 5470 foret,

345 5468 526 5525 Tectis
551 5472 782 5525 subinde
815 5473 909 5526 sed
936 5468 1071 5526 meis
1097 5473 1416 5527 extruderer
1445 5491 1459 5528 ε

343 5536 452 5614 ζῆοο
479 5555 670 5614 panem
701 5541 976 5604 haberem,
1005 5556 1166 5609 quem
1197 5543 1568 5598 ministrarem
1600 5543 1825 5614 hospiti,

351 5607 421 5682 lit
455 5618 633 5682 rector
660 5611 775 5678 ipse
808 5607 1062 5679 pauperis
1089 5626 1295 5682 pauper
1317 5615 1530 5682 gregis;

347 5673 479 5749 ﬁse.
509 5680 636 5747 quid
668 5673 854 5734 labore
881 5673 1140 5747 consequi
1173 5673 1386 5749 possein
1415 5673 1563 5741 ineo,

353 5741 625 5812 Viderem,
658 5750 942 5804 abundans
973 5741 1384 5805 urbicislamen
1417 5752 1596 5814 malis,

1938 4791 1980 4843 Β
2009 4783 2326 4850 Meteusque
2356 4787 2560 4842 sentes,
2591 4796 2702 4834 non
2730 4795 2886 4836 rosas
2917 4781 3104 4835 dulces
3128 4782 3331 4849 legens,

2017 4854 2079 4902 Et
2111 4854 2250 4902 nuda
2285 4851 2498 4903 cunctis
2526 4851 2828 4904 commodis
2853 4865 3082 4918 carpens
3109 4852 3246 4902 mala
3269 4851 3291 4902 ?

2015 4919 2277 4987 Exposce,
2311 4921 2355 4973 si
2385 4920 2490 4983 vis,
2525 4920 2740 4973 roboris
2769 4937 2940 4984 genus
2969 4920 3197 4972 alterum

2011 4991 2052 5040 A
2089 5006 2171 5043 me
2199 5008 2211 5042 :
2249 4991 2381 5042 olIer
2410 4989 2556 5042 istud
2589 4991 2828 5058 praditis
2854 4990 3121 5058 sapientia

2013 5059 2235 5126 Maiore.
2267 5060 2489 5112 Athena
2518 5059 2666 5122 talia,
2700 5068 2754 5112 et
2780 5059 3092 5112 communia

2014 5127 2225 5188 Studia,
2263 5129 2588 5197 domusque,
2622 5143 2919 5195 mensaque
2947 5143 3010 5197 ac
3042 5135 3252 5180 tantum
3282 5127 3444 5179 unica

2013 5197 2162 5249 Mens
2196 5199 2248 5249 in
2281 5196 2516 5259 duobus,
2549 5212 2670 5264 qua
2699 5199 2950 5264 stupebat
2979 5196 3206 5260 Gracia,

2015 5266 2266 5335 llaiaque
2292 5269 2494 5320 dextra
2523 5265 2589 5320 de
2616 5267 3121 5335 relinquendoiuga

2016 5333 2234 5404 Mundo,
2271 5346 2328 5389 ut
2356 5350 2589 5404 superno
2618 5333 2924 5388 viveremus
2954 5333 3193 5398 Numini,

2018 5403 2194 5473 Verbo
2217 5403 2463 5458 dicantes
2493 5418 2630 5472 quas
2657 5419 2789 5473 opes
2821 5405 3072 5457 facundia

2013 5472 2179 5544 Nobis
2203 5484 2464 5544 parasset.
2492 5473 2666 5542 Lapsa
2696 5472 2826 5528 sunt
2856 5474 2970 5526 hac
3003 5474 3208 5532 omnia.

2016 5542 2345 5612 Veteresque
2375 5552 2590 5596 nostras
2618 5557 2742 5610 spes
2778 5544 2920 5597 leves
2958 5559 3103 5596 aura
3133 5544 3330 5595 lerunt.

2013 5612 2132 5677 Quo
2159 5620 2345 5682 pergat
2370 5612 2598 5682 aliquis?
2632 5619 2713 5664 An
2742 5622 2924 5666 truces
2955 5614 3020 5666 ad
3063 5612 3301 5682 belluas?

2018 5682 2206 5747 Major,
2248 5681 2302 5735 ut
2327 5681 2540 5749 opinor,
2571 5681 2625 5734 in
2658 5683 2856 5750 quibus
2894 5683 3034 5735 lucet
3067 5681 3218 5734 lides.

2087 5753 2176 5806 Sic
2211 5767 2294 5806 res
2326 5747 2556 5805 habebat
2591 5747 2695 5805 ista
2729 5767 2808 5811 se.
2843 5759 2900 5804 ut
2930 5751 3103 5805 dicam
3141 5747 3307 5805 brevi.
