4280 6530
303 453 441 506 1097

377 560 449 617 Ἦ
489 563 789 634 φθέγξομαί
823 581 876 617 τι
919 565 1012 616 καὶ
1051 563 1462 634 νεανικώτερον.

311 653 446 706 Ἰδοὺ
480 655 746 723 προτείνω
770 653 867 723 τὴν
891 655 1118 723 ἄκαιρον
1154 655 1247 706 καὶ
1279 655 1436 708 λάλον

297 741 406 796 985
429 743 683 795 Γλῶσσαν
702 759 716 773 ο
752 744 779 794 6
808 742 976 794 θέλων
998 743 1240 810 ἀνηλεῶς
1266 744 1598 814 ὲκτεμνέτω.

297 833 368 885 Τί
395 833 440 884 δ’
466 834 587 902 οὐχὶ
624 833 846 903 τέτμητ⁹
873 851 886 895 ;
928 829 963 903 ἦ
995 835 1144 887 δοκεῖ
1184 851 1264 887 σοι
1298 837 1391 888 καὶ
1426 835 1645 905 σφόδρα,

303 924 378 974 Ἣ
404 925 588 992 μακρὰ
613 926 764 993 σιγᾷ,
802 925 895 976 καὶ
927 923 1084 976 πλέον
1115 926 1415 993 σιγήσεται,

301 1014 464 1074 Ἴσως
492 1014 646 1077 δίκας
677 1016 893 1068 τίνουσα
927 1016 1024 1084 τῆς
1061 1016 1347 1085 ἀκαιρίας,

310 1103 401 1165 Ὠς
425 1104 490 1156 ἂν
519 1103 665 1174 μάθῃ
709 1106 782 1174 μὴ
811 1107 975 1158 πᾶσιν
999 1101 1137 1157 εἶναι
1176 1105 1344 1168 δεξιά.

295 1193 404 1249 990
433 1195 666 1247 Κάκεῖνο
691 1195 735 1246 δ’
765 1190 912 1257 οἷονς
939 1194 1290 1266 προστεθήτω
1323 1193 1429 1266 γὰρ
1456 1194 1614 1262 μόνον
1634 1212 1648 1225 ο

301 1287 511 1348 Ὄντως
543 1287 930 1353 ἀσυλλόγιστον
959 1289 991 1356 ὴ
1030 1286 1284 1356 πονηρία.

301 1377 402 1428 "Ov
431 1375 541 1445 γὰρ
565 1377 621 1429 τὸ
644 1377 878 1446 χρηστὸν
909 1377 1008 1429 οὐκ
1042 1377 1251 1445 smine“
1283 1377 1507 1447 ἥμερον,

302 1467 365 1518 Τί
392 1467 435 1518 δ’
457 1466 523 1519 ἂν
560 1467 808 1537 δράσειεν
837 1467 964 1520 ἄλλο
991 1467 1100 1520 τῶν
1134 1468 1350 1520 πάντων
1397 1467 1558 1530 ποτέ;

303 1558 512 1619 Ὄντως
538 1555 648 1627 γὰρ
668 1596 681 1619 ,
715 1557 880 1620 ὅντως
906 1558 1049 1609 ἐστὶν
1076 1559 1108 1625 ἡ
1142 1556 1274 1626 τιμὴ
1302 1556 1490 1624 ψόγος.

296 1649 404 1703 995
427 1648 628 1700 Τούτου
649 1648 700 1700 τί
731 1650 922 1718 φήσεις
954 1648 1043 1699 τὸν
1068 1647 1266 1716 τρόπον
1289 1663 1303 1711 ;
1344 1646 1513 1698 κακὸν
1553 1646 1618 1715 μέ
1633 1663 1712 1713 (α.

298 1738 464 1791 Ταῦτ’
494 1741 541 1793 εί
575 1739 673 1808 μὲν
702 1739 818 1790 ἐστι
859 1737 1046 1795 πιστὰ.
1081 1736 1155 1806 μὴ
1180 1734 1329 1806 ζήτει
1355 1735 1539 1787 πλέον.

301 1828 364 1880 El
387 1828 431 1880 δ’
457 1829 556 1881 οὐκ
593 1827 768 1897 ἁληθῆ
787 1868 801 1891 ,
834 1827 965 1898 μηδὲ
985 1828 1053 1878 τὰ
1099 1825 1327 1896 ιιρόσθεν
1357 1826 1533 1896 δέχου.

1373 445 1615 501 samo
1651 445 1689 502 l.
1729 448 2062 504 POEMATA
2102 420 2190 503 DE
2229 446 2483 503 SEIPSO.

3411 446 3542 502 l098

1910 575 1955 631 Α
1985 569 2202 623 Τούτων
2230 568 2279 620 τί
2311 567 2376 622 ἂν
2401 567 2613 635 γένοιτο
2639 565 3086 636 δυσμαχώτερονς

1981 661 2137 712 Οὕτω
2173 659 2269 730 μὲν
2304 657 2451 710 ἔνθεν
2483 657 2646 727 ὲλάθη
2683 656 2850 719 κακὸς
2882 656 3066 719 κακῶς
3091 695 3103 718 ,

1978 749 2116 804 1000
2143 749 2330 802 Είπείν
2350 748 2395 799 δ’
2418 745 2614 816 ἀληθὲς
2645 745 2842 815 μᾶλλον
2861 785 2876 808 ,
2907 745 2983 808 ὡς
3015 745 3180 807 κακὸς
3209 743 3414 810 καλῶς.

2061 839 2212 891 Ἐπεὶ
2239 838 2295 889 δὲ
2323 836 2510 906 φύλοις
2544 835 2833 906 βαρϐάρων
2863 836 3029 887 κακὸν
3060 835 3239 904 φέρων

1981 930 2144 993 Ἀναξ
2172 929 2323 999 ἑῷος,
2356 923 2498 997 εἶχεν
2530 926 2861 996 ὁρμητήριον

1976 1020 2424 1087 Θεσσαλλονίκην,
2462 1016 2759 1088 τηνικαῦτα
2788 1015 2842 1067 τί
2876 1015 3066 1067 πλέκει

1976 1106 2136 1158 Κύων
2164 1108 2191 1157 6
2223 1106 2595 1172 παγκάκιστος
2621 1143 2635 1166 ,
2671 1103 2823 1173 ἄθρει
2859 1121 2946 1172 μοι
2978 1102 3163 1156 πάλιν.

1977 1198 2114 1252 1005
2141 1198 2308 1267 ’Δρας
2341 1197 2402 1248 τὸ
2431 1195 2772 1265 συρφετῶδες
2795 1195 3072 1262 Αἰγύπτου
3107 1193 3315 1263 στῖφος,

1978 1287 2155 1356 (Λέγω
2181 1287 2236 1340 δὲ
2266 1289 2390 1348 τοὺς
2413 1287 2702 1356 κείραντας
2727 1285 2887 1337 αὐτὸν
2919 1284 3182 1356 ἀπρεπῶς
3204 1285 3245 1355 ,)

1988 1381 2076 1441 Ὠς
2102 1378 2200 1448 τὴν
2232 1376 2500 1446 καθέδραν
2532 1375 2794 1446 βασιλικῷ
2828 1377 3210 1446 προστάγματι

1977 1468 2169 1538 Πήξων
2208 1469 2413 1538 ἐαυτῷ,
2444 1468 2521 1538 τῷ
2552 1466 2900 1539 στρατοπέδῳ
2929 1467 3281 1536 προστρέχει·

1977 1560 2244 1612 Κάκεῖθεν
2269 1555 2422 1620 αὖθις
2445 1598 2459 1623 ,
2489 1559 2563 1620 ὡς
2593 1559 2768 1622 κύων,
2801 1556 3128 1628 ἀπορριφεὶς

1978 1650 2113 1704 1010
2153 1651 2318 1719 Ὀργῇ
2339 1667 2397 1701 τε
2421 1649 2588 1718 πολλῇ
2619 1650 2712 1702 καὶ
2742 1649 2926 1719 ὅρκοις
2947 1633 3242 1717 φρικώδεσι

1979 1740 2164 1806 (Οὔπω
2197 1741 2302 1809 γὰρ
2330 1736 2398 1809 ἦν
2423 1739 2492 1791 τὰ
2523 1733 2636 1791 ὦτα
2660 1738 2926 1799 διατεθεὶς
2956 1735 3140 1798 κακῶς

1979 1825 2166 1887 Οὐδεὶς
2195 1824 2317 1877 καθ’
2348 1825 2503 1894 ἡμῶν
2527 1867 2540 1887 ,
2569 1824 2683 1878 ἀλλ’
2709 1819 2806 1878 εἶτ’
2841 1818 2986 1893 εἶχον
3017 1823 3238 1892 ὑγιῶς),

864 2055 1118 2108 Profecto
1141 2056 1370 2123 eloquar
1399 2054 1602 2122 aliquid
1635 2055 1918 2107 audacius.

789 2124 930 2177 Ecce
958 2127 1200 2194 linguam
1235 2119 1427 2192 promo
1453 2119 1843 2194 prmposteram
1883 2128 1937 2194 et
1969 2119 2272 2194 loquacem.

789 2194 893 2247 985
932 2184 1104 2255 Han'e,
1139 2184 1716 2261 qni-volet,’amputet
1750 2184 2278 2261 iuintiseric’orditer.
2343 2250 2354 2261 τ
2426 2249 2436 2260 ,

792 2263 896 2316 Sed
925 2279 992 2315 an
1031 2277 1138 2315 non
1158 2256 1439 2331 amputata
1471 2256 1593 2316 est?
1621 2261 1742 2316 Tibi
1775 2258 1992 2331 quidem
2027 2256 2078 2308 id
2113 2256 2616 2323 persuasissimum,

791 2333 923 2396 Qua:
947 2328 1270 2396 jamdudum
1304 2332 1447 2393 silet,
1473 2340 1528 2386 et
1555 2332 1762 2385 diutius
1790 2328 2010 2384 silebitu
2081 2393 2094 2400 _
2210 2397 2220 2400 _
2320 2389 2331 2400 ο

788 2393 986 2456 Foenas
1012 2401 1239 2456 forsitan
1272 2402 1508 2463 solvens,
1545 2401 1700 2470 quod
1720 2404 2048 2468 praepostere
2081 2393 2259 2446 locuta
2288 2393 2378 2453 sit,

796 2470 863 2523 Ut
891 2472 1002 2538 jam
1038 2471 1216 2524 discat
1248 2484 1355 2524 non
1385 2469 1642 2524 omnibus
1681 2469 1883 2522 favere.

789 2530 908 2593 990'
935 2539 1068 2592 Illud
1098 2548 1278 2592 autem
1315 2540 1476 2608 quale
1509 2539 1630 2594 est?
1664 2538 1778 2592 Hoc
1811 2537 1955 2592 enim
1987 2540 2197 2587 tantum
2229 2530 2492 2585 addatur:

792 2609 1043 2664 Rationis
1067 2624 1263 2676 expers
1295 2624 1418 2662 vere
1445 2617 1529 2663 est
1558 2609 1903 2676 improbitas.

791 2678 962 2742 Quem
993 2672 1155 2731 enini
1173 2678 1371 2732 lenitas
1399 2672 1744 2732 mansuetum
1778 2691 1886 2729 non
1921 2672 2072 2735 fecit,

791 2747 931 2820 Quid
967 2748 1015 2800 ei
1041 2761 1286 2820 unquam
1321 2747 1426 2820 alia
1458 2762 1546 2801 res
1572 2743 1920 2820 praestiterit?
2166 2810 2176 2820 '

801 2815 934 2870 Vere
968 2812 1291 2880 enim,‘vere
1322 2815 1499 2870 honor
1529 2812 1638 2869 non
1679 2813 1854 2868 dill‘ert
1886 2812 2234 2880 improperio.

794 2885 900 2953 995
939 2884 1114 2939 Mores
1146 2884 1294 2937 illius
1326 2885 1454 2953 quid
1483 2900 1607 2939 esse
1633 2884 1821 2939 dices?
1850 2879 2104 2950 Magnum
2137 2879 2356 2931 malum.

794 2952 919 3007 Haec
957 2955 1002 3008 si
1034 2963 1183 3007 certa
1209 2952 1361 3014 sunt,
1393 2954 1526 3007 nihil
1561 2955 1794 3023 amplius
1820 2965 2057 3023 quaeras.

796 3023 891 3076 Sin
923 3033 1100 3078 autem
1137 3037 1246 3076 non
1279 3038 1427 3087 vera,
1462 3038 1560 3078 nec
1595 3015 1853 3092 pristinis'
1878 3021 2083 3092 habeas
2118 3015 2299 3071 Iidem.

795 3092 890 3147 llis
917 3092 1046 3160 quid
1079 3093 1251 3161 possit
1281 3107 1402 3146 esse
1431 3091 1940 3161 inexpugnabilius?

796 3162 887 3213 Sic
920 3161 1094 3215 malus
1116 3162 1206 3214 ille
1238 3162 1363 3214 hinc
1390 3163 1529 3215 male
1561 3169 1825 3215 traCtatus
1848 3161 2054 3228 ejectus
2081 3164 2184 3218 est,

800 3230 935 3284 1000
975 3229 1090 3292 Vel,
1119 3239 1177 3282 ut
1211 3230 1395 3282 verius
1421 3230 1621 3292 dicam,
1659 3232 1794 3284 bene
1820 3237 1878 3281 ut
1906 3230 2100 3281 malus.

868 3298 972 3368 Sed
1008 3315 1130 3352 eum
1161 3299 1406 3353 barbaris
1429 3300 1679 3368 gentibus
1704 3300 1903 3353 bellum
1935 3299 2182 3350 illaturus

796 3367 910 3438 Bex
937 3366 1176 3422 Orientis
1203 3366 1704 3438 praesidiumsuum
1738 3369 1962 3420 haberet

797 3436 1223 3500 Thessalonicae,
1251 3446 1382 3490 tunc
1409 3436 1541 3507 quid
1573 3439 1828 3492 moliatur

800 3507 966 3559 Canis
997 3508 1331 3568 teterrimus,
1363 3502 1585 3560 rursum
1617 3507 1748 3559 mihi
1775 3502 2090 3558 considera.

797 3575 937 3627 1005
975 3575 1208 3629 Sumens
1243 3576 1574 3629 feculentum
1608 3576 1758 3628 illum
1787 3573 2169 3643 Egyptiorum
2201 3574 2533 3643 manipulum

796 3643 945 3764 gnos
971 3645 1112 3707 dico,
1143 3645 1233 3713 qui
1266 3660 1390 3699 eum
1419 3644 1768 3699 totonderant
1795 3640 2093 3710 indecore),

851 3715 1207 3764 tcathcdram
1239 3714 1388 3764 regio
1420 3715 1675 3764 mandato

851 3715 1207 3767 tcathedram
1239 3714 1388 3782 regio
1420 3715 1675 3766 mandato

801 3783 916 3852 Sibi
947 3785 1049 3852 ipsi
1084 3781 1344 3844 ﬁrmaret,
1381 3784 1622 3835 accurrit
1663 3781 1730 3835 ad
1757 3789 1940 3835 castra
1969 3795 1979 3829 :

801 3851 904 3905 Sed
941 3851 1064 3905 inde
1098 3867 1314 3915 rursus,
1344 3858 1402 3904 ut
1435 3852 1610 3915 canis,
1641 3852 1847 3919 cjectus

805 3921 940 3990 1010
977 3923 1111 3975 Cum
1134 3922 1364 3988 plurima
1401 3920 1792 3990 indignatione,
1819 3922 2089 3990 minisque
2120 3919 2408 3976 horrendis

799 3989 1070 4054 (Nondum
1104 3993 1248 4043 enim
1283 3990 1604 4057 cujusquam
1639 4005 1802 4044 aures
1825 3989 2015 4044 contra
2041 4004 2141 4045 nos

799 4059 933 4113 Male
960 4068 1116 4114 erant
1142 4059 1367 4123 aﬂ‘ectae,
1397 4060 1490 4112 sed
1520 4059 1697 4112 adhuc
1721 4068 1878 4113 erant
1901 4060 2165 4129 integrae),

382 4234 519 4306 1002
549 4236 728 4306 "Arati
755 4236 921 4300 ἑῷος.
957 4236 1297 4290 Theodosius.
1340 4237 1419 4290 Ad
1461 4252 1630 4306 marg.
1672 4236 1815 4290 Edit.
1847 4237 1875 4287 6

311 4303 588 4374 Θεοδόσιος
620 4305 886 4374 βασιλεύς.

381 4369 720 4444 1011οὗπω
754 4376 860 4443 γὰρ
890 4369 989 4442 ἦν.
1019 4374 1136 4428 Νοη
1168 4376 1310 4429 enim
1354 4377 1420 4429 ad
1458 4375 1510 4429 id
1543 4392 1713 4444 usque
1743 4383 1878 4429 tem—

312 4444 458 4512 poris
490 4443 612 4496 ulla“:
637 4444 702 4497 de
733 4461 816 4496 me
845 4446 1128 4496 calumniae
1162 4460 1322 4498 aures
1360 4443 1683 4514 cujusquam
1716 4460 1879 4499 occu-

1983 4238 3149 4311 paverant:nondum_animiexulcerati,
3205 4255 3272 4295 ac
3325 4240 3548 4311 proinde

1985 4325 2085 4380 nec
2101 4311 2163 4380 in
2191 4312 2258 4380 iis
2294 4309 2718 4380 [ictumicrimen
2750 4309 2926 4380 adhuc
2961 4311 3198 4365 insidere
3229 4309 3460 4380 poterat.
3490 4311 3547 4364 ln

1985 4378 2144 4451 editis
2174 4379 2241 4432 ad
2268 4394 2442 4448 marg.
2478 4379 2724 4448 Χορεῖος.
2752 4379 2871 4434 Mox
2898 4380 3019 4434 καθ’
3046 4378 3388 4451 quam—Male
3415 4382 3546 4435 edit.

1987 4448 2158 4515 ὑμῶν.

1615 4623 1948 4682 METRICA
1973 4623 2268 4682 VERSIO.

382 4808 610 4862 Veniam
640 4807 886 4876 negatis?
915 4807 1202 4876 Quidpiam
1233 4807 1408 4860 audax
1443 4807 1737 4877 proferam.

313 4876 390 4931 En
428 4892 618 4947 promo
648 4877 887 4945 linguam
919 4879 1190 4944 garrulam
1217 4885 1269 4930 et
1298 4876 1715 4946 praepOsleram;

312 4946 490 5001 Mente
520 4946 740 5000 eﬂerata
766 4947 980 4999 scindat
1007 4947 1145 4998 hanc
1184 4947 1432 5014 quisquis
1465 4948 1626 4999 volet.

313 5017 492 5081 Quid?
518 5014 709 5068 Nonne
737 5023 884 5068 secta
915 5015 1033 5068 est?
1060 5014 1112 5066 Id
1147 5016 1367 5081 quidem
1394 5031 1605 5070 censes.
1635 5016 1734 5069 Diu

313 5086 443 5138 Nam
476 5086 588 5152 jam
621 5085 847 5144 silescit,
885 5099 948 5136 ac
977 5084 1156 5137 silebit
1188 5084 1420 5151 longius,

317 5153 682 5222 Loqnacitatis
710 5154 849 5205 hanc
879 5169 989 5206 sua:
1018 5169 1229 5221 prunam
1258 5155 1433 5216 luens,

319 5223 382 5275 Ut
418 5225 591 5276 discat
629 5224 740 5291 ipsa
771 5232 920 5291 grata
959 5238 1065 5275 non
1097 5237 1218 5275 esse
1249 5225 1523 5277 omnibus.

315 5291 491 5356 Quare
523 5293 652 5345 illud
684 5293 904 5344 autem?
929 5292 1113 5345 Liceat
1143 5293 1244 5344 hoe
1277 5307 1443 5345 utinm
1480 5293 1696 5349 addere.

317 5362 407 5415 list
440 5363 596 5415 bruta
622 5370 767 5414 certe
803 5364 1065 5428 pravitas,
1092 5376 1305 5422 excors,
1338 5362 1524 5416 hebes.

316 5431 522 5486 Molljre
547 5446 669 5483 nam
695 5446 852 5498 quem
885 5431 1226 5501 quivithaud
1257 5431 1581 5501 benignitas,

315 5501 453 5564 Quid
488 5501 784 5553 molliorem
817 5500 1212 5571 redderehune
1241 5500 1479 5571 unquam
1506 5501 1706 5571 queat?

319 5572 406 5622 Sic
435 5572 636 5638 quippe
665 5585 921 5637 magnum
949 5571 1000 5621 in
1033 5568 1269 5623 dedecus
1294 5568 1471 5624 honor
1496 5568 1743 5626 vertitur.

317 5638 452 5708 Quid
481 5653 611 5706 ergo
635 5653 811 5690 mores
847 5639 1039 5692 istius?
1069 5638 1319 5708 Magnum
1355 5647 1556 5694 malum

318 5706 440 5777 llaec
468 5719 616 5760 certa
641 5710 686 5762 si
714 5716 861 5769 sunt,
889 5711 1120 5777 amplius
1147 5706 1357 5776 quaeras
1385 5711 1538 5762 nihil.

319 5774 411 5830 Siti
446 5777 602 5838 falsa,
634 5791 736 5831 nec
762 5785 821 5831 tu
858 5774 1104 5846 pristinis
1140 5774 1296 5833 Iidem
1330 5794 1544 5848 arroga.

595 5893 863 5956 Ριτιιοι..
909 5895 1025 5954 Gn.
1055 5897 1354 5956 XXXVII

1913 4814 1956 4868 Β
1990 4809 2087 4864 llis
2118 4806 2344 4876 cegitari
2377 4806 2583 4859 firmius
2613 4805 2870 4875 quidnam
2897 4807 3096 4875 queat?

1985 4880 2076 4932 Sic
2107 4880 2241 4930 urbe
2271 4878 2484 4945 tandem
2513 4876 2702 4945 pulsus
2728 4884 2812 4929 est
2842 4877 3017 4929 malus
3048 4876 3208 4929 male.

1980 4953 2088 5001 Aut
2121 4947 2167 5000 si
2199 4944 2528 5013 loquendum
2566 4947 2769 5008 verius,
2806 4947 2979 4999 malus
3006 4947 3162 5000 bene.

2054 5016 2290 5069 Orientis
2326 5024 2380 5067 at
2415 5030 2560 5078 cum,
2595 5015 2839 5068 barbaris
2869 5015 3076 5068 cladem
3106 5014 3308 5076 ferens,

1983 5085 2428 5139 Thessalonicam
2457 5085 2770 5153 seeptriger,
2798 5084 2945 5136 velut
2979 5099 3251 5153 aggerem,

1983 5155 2235 5216 Tencret,
2270 5155 2378 5206 illic
2406 5169 2468 5206 ac
2498 5154 2654 5215 foret,
2686 5167 2904 5205 rursum
2938 5154 3059 5205 vide

1983 5223 2084 5276 llic
2116 5225 2366 5276 moliatur
2397 5224 2665 5290 pessimus
2698 5222 2957 5290 quidnam
2987 5223 3159 5274 canis.

1987 5293 2134 5345 llane
2162 5291 2482 5361 feculentam
2514 5292 2680 5345 sumit
2712 5290 3181 5361 IEgyptimanum

1987 5362 2118 5428 (llos
2146 5362 2287 5422 dico,
2318 5358 2458 5412 {inde
2484 5361 2576 5430 qui
2607 5358 3371 5430 comam—ipsidempserant),

1986 5434 2182 5501 Atque,
2221 5439 2280 5483 ut
2314 5428 2627 5501 cathedram
2663 5430 2924 5498 principis
2951 5428 3114 5501 jussu
3141 5429 3244 5482 sibi

1988 5498 2231 5554 Fir’mare
2267 5505 2471 5568 posset,
2502 5499 2672 5553 tendit
2706 5502 2768 5552 ad
2800 5508 2977 5552 castra
3011 5498 3231 5568 incitus.

1987 5570 2246 5638 Illincque
2269 5567 2494 5623 rursum
2527 5570 2734 5638 pulsus,
2766 5576 2825 5622 ut
2856 5568 3031 5621 l’mdus
3066 5567 3240 5631 canis,

1989 5639 2068 5693 Ira
2106 5649 2366 5691 mstuante
2400 5640 2663 5707 principe,
2697 5646 2750 5690 et
2783 5638 2959 5690 minas
2988 5652 3180 5707 graves

1987 5708 2233 5761 lactante
2264 5711 2527 5774 (nondum
2562 5714 2842 5776 repserant
2871 5706 3159 5758 calumnia:

1990 5773 2324 5847 Cujusquaiu
2359 5778 2410 5830 in
2440 5792 2598 5832 aures
2625 5773 2643 5831 Ξ
2674 5776 2868 5844 integri
2900 5779 2991 5830 sed
3022 5784 3177 5829 erant
3212 5773 3447 5843 adhuc),

3121 5891 3198 5951 35
