4280 6530
350 470 481 522 1117

346 580 410 631 Τί
436 577 542 647 χρὴ
568 575 747 645 λέγειν
792 594 899 647 μοι,
939 577 1033 629 καὶ⁵
1073 577 1178 629 τίν’.
1212 577 1376 648 μοίρᾳ
1406 578 1752 648 προσνέμειν,

348 666 514 727 Τίνας
540 666 585 719 δ’
620 666 877 718 ἐπαινεῖν.
912 665 1113 718 Τοῦτον
1134 666 1362 735 ἑχόντων
1404 668 1600 738 τρόπον

361 756 571 825 Ἥμῶν.
599 756 841 825 ἐφίστατ⁹
866 756 1077 826 ἀθρόως
1106 757 1459 829 αὐτοκράτωρ

349 842 485 897 1280
534 843 626 894 Ἐκ
652 842 749 910 τῆς
774 843 1076 912 Μακεδνῆς,
1110 841 1397 913 βαρϐάρων
1424 845 1627 914 στήσας
1658 845 1838 913 νέφος,

349 932 547 1002 Πλήθει
585 949 644 984 τε
682 930 862 1001 πολλῷ
891 932 984 983 καὶ
1014 931 1203 1001 θράσει
1234 931 1604 1001 τεθηγμένων,

352 1023 665 1094 ’Ἄνθρωπος
703 1023 761 1074 οὐ
795 1022 963 1083 κακὸς
995 1022 1116 1091 μὲν,
1162 1023 1239 1083 εἰς
1268 1022 1446 1074 πίστιν
1478 1022 1613 1074 Θεοῦ

347 1114 509 1166 Ὅσον
539 1114 805 1184 κρατῆσαι
831 1113 929 1174 τὰς
951 1113 1323 1184 ἁπλουστέρας
1350 1113 1557 1181 φύσεις,

349 1204 456 1255 Καὶ
485 1203 584 1271 τῆς
617 1203 840 1271 Τριάδος
872 1202 1163 1273 ὑπερφυῶς
1190 1202 1499 1272 ἡττώμενος
1520 1218 1532 1231 ·

349 1293 485 1348 ηδδ
508 1294 855 1365 (Σπλάγχνων
876 1294 980 1364 γὰρ
1001 1288 1151 1355 οὗτός
1179 1293 1295 1345 ἐστι
1312 1292 1405 1344 καί
1423 1293 1637 1345 πάντων
1660 1292 1832 1362 λόγος,

347 1385 584 1456 suppa;
616 1385 700 1452 ἐφ’
729 1384 887 1454 ἔδρας
922 1381 1177 1451 ἀσφαλῶς
1209 1381 1513 1451 βεϐηκότων
1535 1385 1573 1449 ·)

348 1476 422 1527 Οὐ
454 1477 559 1546 μὴν
586 1474 841 1536 τοσοῦτος
867 1476 932 1544 τῇ
970 1474 1117 1537 ζέσει
1146 1472 1237 1525 τοῦ
1268 1473 1594 1543 πνεύματος,

360 1565 447 1626 Ὠς
478 1562 776 1615 ἀντισῶσαι
805 1564 918 1626 τοῖς
956 1560 1282 1631 παρελθοῦσι
1310 1562 1378 1613 τὰ
1412 1560 1528 1625 νῦν,

346 1653 537 1724 Καιρῷ
565 1652 631 1704 τὰ
663 1652 852 1722 καιροῦ
889 1652 1181 1722 πταίσματ’
1212 1649 1530 1721 ἐξιώμενος·

351 1744 485 1798 1290
525 1745 594 1796 Ἦ
621 1743 719 1815 τὴν
749 1744 896 1807 ζέσιν
929 1742 1027 1812 μὲν
1061 1742 1192 1805 ἶσος,
1221 1742 1320 1793 οὐκ
1347 1744 1459 1804 ἶσος
1491 1741 1549 1794 δέ
1590 1758 1677 1810 γε,

1364 464 1599 519 SECTIO
1636 463 1676 518 Ι.
1716 463 2043 520 ΡΟΕΜΛΤΑ
2084 463 2175 516 DE
2214 459 2473 515 SEIPSO.

1945 592 1984 640 Α
2018 576 2082 627 Τί
2108 573 2226 644 φῶς
2260 574 2322 626 τὸ
2348 572 2624 644 θάρσος,ῆ
2668 571 2899 642 θράσοςς
2940 570 3205 635 διδάξατέ.

2024 668 2184 728 Ἴσως
2208 666 2252 716 δ’
2282 665 2503 733 ἄμεινον
2535 663 2597 716 τὸ
2625 661 2964 734 προμήθειαν
2999 661 3202 716 καλεῖν.

2020 754 2095 808 Ο)
2127 754 2236 826 γὰρ
2266 753 2597 824 κατείργειν,
2636 752 2771 806 ἀλλὰ
2805 752 3031 815 πείθειν,
3069 750 3289 820 ἔννομον

2023 844 2171 899 Εἶναι
2203 844 2430 914 νομίζω,
2464 844 2560 895 καὶ
2588 842 2723 912 πρὸς
2750 841 2908 911 ἡμῶν
2941 858 2994 893 τι
3022 840 3198 903 πλέον,

2026 940 2160 993 1295
2195 938 2383 990 Αὐτῶν
2411 937 2458 989 τ’
2491 935 2732 996 ἐκείνων,
2775 933 2867 995 οὓς
2896 933 3013 1002 Θεῷ
3049 933 3411 1003 προσάξομεν.

2020 1030 2092 1081 Τὸ
2125 1030 2222 1099 μὲν
2246 1027 2355 1098 γὰρ
2389 1025 2662 1088 ἀκούσιον,
2696 1023 3061 1094 κρατούμενον
3108 1022 3220 1091 βίᾳ,

2022 1118 2232 1186 ’Ὠσπερ
2260 1115 2409 1185 βέλος
2438 1115 2604 1185 νευρᾷ
2648 1129 2707 1177 τε
2741 1113 2833 1167 καὶ
2867 1111 3022 1181 χερσὶ
3050 1110 3219 1173 δεθὲν,

2022 1208 2092 1259 Ἦ
2128 1204 2283 1275 ῥεῦμ’
2315 1208 2372 1257 ἐν
2404 1205 2545 1275 ὁλκῷ
2571 1202 2834 1257 πάντοθεν
2866 1201 3239 1272 στενούμενον,

2024 1297 2228 1367 Καιροῦ
2256 1297 2528 1361 δοθέντος,
2569 1299 2669 1367 τὴν
2704 1296 2822 1367 βίαν
2856 1296 3192 1367 περιφρονεῖ.

3440 455 3580 508 1118

2027 1388 2159 1444 1500
2196 1388 2268 1440 Τὸ
2299 1388 2343 1439 δ’
2374 1388 2635 1450 ἑκούσιον,
2676 1387 2889 1456 βέϐαιον
2918 1388 2995 1449 εἰς
3027 1387 3203 1439 πάντα
3230 1384 3442 1455 χρόνον,

2019 1480 2247 1549 Δεσμοῖς
2276 1477 2494 1541 ἀλύτοις
2520 1476 2626 1530 τῶν
2668 1476 2847 1529 πόθων
2877 1475 3223 1543 ὲσφὶγμὲνον.

2022 1567 2188 1621 Ταῦτ’
2226 1566 2444 1632 ἐννοῶν,
2476 1565 2597 1636 εμοι
2644 1582 2708 1633 γε
2746 1564 2835 1616 τὸν
2872 1564 3033 1631 φόϐον
3072 1562 3219 1613 δοκεῖ

2023 1655 2171 1719 Τέως
2209 1654 2517 1725 κατασχὼν,
2546 1655 2755 1716 πάντας
2776 1652 2955 1705 ἕλκειν
2986 1651 3225 1722 ἡμέρως,

2024 1745 2253 1816 Προθεις
2287 1746 2347 1798 τὸ
2378 1744 2642 1815 βούλεσθ’,
2670 1745 2944 1815 ἔγγραφον
2973 1740 3191 1804 πειθοῦς
3227 1738 3411 1810 νόμον.

852 1894 1136 1966 Quomodo
1165 1894 1435 1966 appellare
1464 1910 1549 1948 me
1567 1902 1849 1966 oporteat,
1888 1903 1943 1949 et
1972 1897 2061 1950 cui
2096 1896 2235 1966 parti
2270 1898 2531 1961 tribuere,

852 1964 917 2034 Et
950 1979 1090 2034 quos
1124 1966 1368 2034 laudare.
1397 1964 1532 2034 Cum
1564 1964 1611 2019 is
1635 1972 1780 2019 esset
1809 1980 1989 2019 rerum
2014 1964 2192 2022 status

848 2032 1196 2092 Nostrarum,
1232 2032 1450 2086 advenit
1483 2034 1667 2088 subito
1701 2035 1996 2101 imperator

850 2103 990 2172 1280
1028 2102 1104 2156 Ex
1136 2102 1472 2163 Macedonia,
1506 2111 1628 2172 post
1660 2119 1939 2170 repressas
1972 2105 2148 2160 nubes
2182 2106 2543 2161 barbarorum

852 2171 1043 2242 Magna
1078 2173 1424 2242 multitudine
1453 2171 1518 2224 et
1536 2173 1767 2242 audacia
1801 2174 2221 2241 prandentium,

853 2239 964 2310 Vir:
985 2256 1092 2294 non
1118 2241 1323 2310 malus,
1349 2249 1612 2310 quantum
1639 2240 1704 2294 ad
1732 2239 2096 2299 continendas

851 2309 907 2363 In
939 2309 1033 2379 Divi
1060 2309 1163 2364 lide
1196 2309 1408 2364 animas
1433 2311 1817 2379 simpliciores,

848 2380 925 2432 Ac
955 2378 1135 2450 Triadi
1168 2381 1504 2450 inajoreinin
1537 2378 1754 2434 inodum
1784 2382 2033 2437 addictus

849 2450 989 2503 1285
1030 2448 1108 2517 (Is
1137 2449 1281 2501 enim
1315 2448 1497 2503 cordis
1528 2465 1708 2504 sermo
1738 2460 1843 2516 est,
1870 2466 1934 2506 ac
1962 2451 2205 2507 omnium

849 2518 953 2589 Qui
986 2519 1463 2589 stabilisedituto
1499 2519 1805 2589 insident);

903 2586 1199 2658 52-753
1239 2586 1345 2640 Sed
1374 2602 1481 2662 non
1507 2590 1551 2662 is
1575 2586 1871 2662 tamenqui
1897 2589 2107 2647 fervore
2139 2592 2365 2662 spiritus

874 2657 1149 2731 :rfeteritis
1177 2657 1463 2731 praesentia
1488 2657 1727 2731 vicissim
1758 2657 2019 2731 aequaret,

849 2723 1117 2795 Tempore
1144 2723 1332 2779 ruinas
1354 2730 1616 2795 temporis
1637 2723 1839 2783 sanans
1863 2749 1876 2784 :

850 2794 999 2870 1290;
1028 2799 1134 2870 iiut
1163 2796 1207 2849 si
1224 2796 1450 2870 fervore
1469 2794 1562 2851 his
1587 2799 1747 2870 rebus
1774 2806 2037 2870 par‘erat,
2065 2812 2169 2870 non
2204 2807 2382 2854 tamen
2413 2815 2529 2870 par,

850 2862 992 2928 Quid
1026 2864 1247 2917 dicam?
1280 2864 1496 2926 ﬁducia,
1528 2879 1595 2918 an
1626 2862 1894 2920 audacia?
1926 2882 2022 2921 vos
2052 2866 2265 2922 decete.

851 2931 1106 3002 Fortasse
1131 2933 1305 2987 satius
1334 2935 1675 3002 prudentiam
1700 2950 1916 2990 vocare.

850 3001 966 3076 tVon
991 3004 1134 3076 enim
1164 3001 1379 3071 cogere.
1407 3003 1513 3076 sed
1527 3006 1871 3076 persuadere,
1898 3005 2198 3076 legitimum

852 3071 987 3126 Esse
1007 3072 1268 3134 arbitror.
1301 3086 1364 3124 ac
1390 3072 1547 3126 nobis
1570 3074 1779 3136 utilius,

852 3139 992 3210 1295
1030 3140 1278 3210 lpsisque
1308 3142 1435 3200 illis,
1465 3157 1603 3210 quos
1636 3143 1743 3197 Deo
1768 3143 2113 3198 adducimus.

848 3206 1004 3275 Quod
1026 3206 1170 3263 enim
1189 3206 1303 3262 'non
1339 3206 1703 3264 voluntarium
1732 3224 1836 3275 est.
1863 3213 1915 3265 id
1947 3228 2068 3265 cum
2102 3213 2150 3266 vi
2191 3212 2511 3276 retineatur,

850 3277 1029 3333 Veluti
1060 3282 1223 3333 telum
1260 3295 1426 3333 nervo
1456 3288 1508 3331 rt
1549 3282 1799 3335 manibus
1822 3284 2205 3345 constrictum,

849 3349 958 3418 ⁸λιιι
986 3353 1165 3402 amnis
1200 3350 1252 3401 in
1274 3364 1438 3402 cursu
1469 3348 1704 3418 undique
1731 3360 1995 3414 arctatus,

854 3415 952 3487 Ubi
985 3419 1170 3470 datum
1207 3418 1366 3471 fuerit
1393 3415 1632 3487 tempus,
1660 3419 1769 3472 vim
1800 3421 2116 3474 contemnit.

850 3486 989 3559 L300
1027 3488 1181 3559 Quod
1205 3496 1383 3559 autem
1412 3486 1773 3559 voluntarium
1806 3497 1910 3548 est.
1936 3490 2148 3542 ﬁrmum
2171 3498 2255 3544 cst
2284 3490 2338 3543 in
2365 3505 2524 3545 oznnc
2552 3498 2788 3559 tempus,

853 3553 1100 3610 Vinculis
1121 3557 1325 3610 amoris
1360 3573 1466 3610 non
1498 3557 1828 3611 solubilibus
1861 3559 2241 3612 constrictum.

853 3623 978 3694 llaec
1000 3625 1133 3678 dum
1164 3626 1498 3688 considerat,
1524 3627 1654 3678 mihi
1676 3628 1896 3694 quidem
1923 3628 2136 3680 videtur
2160 3635 2363 3680 utcttttn

853 3692 1128 3747 Hactenus
1154 3695 1441 3759 cohibens,
1466 3709 1656 3748 omnes
1684 3692 1880 3747 leniter
1916 3697 2157 3758 trahere,

854 3761 1228 3817 Voluntariuin
1253 3779 1584 3832 proponens,
1624 3773 1682 3817 ut
1717 3764 2035 3834 inscriptam
2072 3763 2445 3833 persuasionis
2475 3764 2668 3834 legem.

422 3912 558 3985 1277
588 3913 720 3985 Hal.
748 3912 913 3971 Coisl.
953 3914 1040 3985 μέ.

421 3984 557 4058 1278
593 3983 633 4037 Τ
628 3984 842 4053 ponar.
879 3983 964 4039 Ιιιι
990 3984 1238 4058 legimus.
1264 3984 1420 4058 _Edit.
1454 3985 1545 4039 τὸν
1575 3985 1795 4058 τρόπον,
1825 3984 1921 4041 sed

349 4054 519 4111 male:
552 4069 675 4106 nam
701 4069 891 4109 versus
919 4063 1150 4108 metrum
1181 4055 1383 4107 deﬁcit.

422 4122 558 4176 l285
586 4122 957 4192 Σπλὰγχνων
986 4125 1097 4191 γὰρ
1134 4120 1328 4189 οὗτος.
1362 4123 1473 4177 Hoc
1494 4131 1578 4178 est
1602 4143 1614 4177 :
1637 4124 1791 4179 Serio
1819 4124 1923 4179 hoc

353 4199 517 4259 atque
542 4208 605 4245 ex
634 4194 827 4245 intimo
852 4194 1019 4246 corde
1048 4194 1193 4255 δίου,
1218 4194 1516 4262 dicuntque
1547 4196 1674 4247 item
1702 4208 1917 4256 omnes,

351 4265 444 4381 fui
486 4276 649 4329 supra
681 4272 887 4329 petram
935 4265 1142 4315 lirmam
1173 4264 1259 4316 siti
1306 4271 1434 4316 sunt
1469 4263 1805 4331 (Catholici).
1844 4263 1919 4317 Ita

376 4331 565 4381 lillius.
598 4333 685 4381 cui
725 4347 830 4381 non
881 4332 1054 4381 Dlacct
1100 4330 1446 4381 Leuvenclaii
1492 4333 1915 4381 interm-elatio:

376 4331 565 4401 fillius,
598 4333 685 4401 cui
725 4347 830 4385 non
879 4332 1054 4401 placet
1100 4330 1446 4385 Leuvenclaii
1492 4330 1915 4401 interpretatio:

351 4395 663 4465 Cujusmodi
700 4417 811 4453 esse
844 4395 1004 4452 corda
1032 4401 1216 4454 debent
1247 4402 1513 4463 omnium;
1541 4395 1702 4469 quam
1738 4410 1918 4455 tamen

354 4470 656 4522 versionem
700 4472 871 4523 secuti
898 4479 1025 4523 sunt
1052 4469 1399 4524 Bollandista:
1426 4488 1438 4522 :
1473 4471 1589 4536 Quo
1616 4486 1742 4523 sane
1765 4471 1919 4525 modo

353 4553 530 4608 omnes
580 4539 617 4590 ii
649 4538 832 4591 debent
866 4555 975 4591 esse
1018 4541 1193 4606 a/I'ecti
1243 4540 1334 4608 qui
1366 4542 1520 4607 ﬁrmo
1575 4539 1920 4607 fundamento

352 4606 576 4660 salutem
606 4625 754 4660 suam
785 4609 938 4661 inuiti
965 4608 1161 4661 volunt.

2102 3916 2238 3971 1288
2281 3916 2656 3971 Ἀντισῶσαι.
2696 3916 2806 3969 lloc
2836 3924 2941 3979 est,
2976 3924 3035 3971 ut
3062 3932 3179 3972 eam
3213 3918 3266 3972 in
3310 3918 3592 3976 haereticos

2030 3988 2378 4059 asperitatem
2422 3987 2722 4059 exhiberet,
2755 4003 2924 4059 quam
2979 3989 3197 4059 priores
3238 3991 3592 4059 imperatores

2029 4056 2239 4117 Ariani,
2272 4056 2631 4110 Constantius
2670 4065 2723 4109 et
2755 4056 2953 4110 Valens
2984 4056 3055 4109 in
3096 4056 3396 4111 catholicos
3438 4074 3595 4111 excr-

2028 4134 2294 4178 euerant:
2335 4127 2416 4178 vel
2449 4134 2507 4177 ut
2540 4128 2605 4177 ad
2639 4135 2873 4179 ναίει-(ειη
2920 4135 3117 4178 statum
3152 4138 3430 4180 revocaret
3460 4141 3596 4195 pra:-

2030 4197 2227 4265 sentia,
2264 4202 2317 4247 et
2342 4210 2461 4263 qua:
2488 4202 2793 4263 temporum
2836 4194 3113 4262 iniquitate
3149 4196 3389 4265 collapsa
3415 4194 3593 4260 erant,

2028 4264 2081 4317 itt
2116 4265 2405 4331 pristinum
2435 4265 2776 4332 splendorem
2808 4270 3136 4317 restitueret.

2100 4333 2236 4385 1299
2268 4331 2485 4399 Καιροῦ
2516 4331 2811 4397 δοθέντος.
2847 4335 3014 4386 Coisl.
3050 4332 3324 4393 λυθέντος.

2098 4403 2229 4455 1501
2279 4400 2685 4470 Ἐσφιγμένον.
2716 4402 2790 4454 lla
2827 4402 2993 4471 Coisl.
3021 4402 3157 4454 Edit.
3193 4401 3556 4471 ὲσφιγμένων.

2098 4471 2236 4524 15112
2272 4471 2457 4524 Δοκεῖ.
2493 4471 2583 4523 Sic
2608 4470 2777 4526 Coisl.
2809 4470 2949 4524 Edit.
2980 4471 3173 4524 δοκεῖν.

2099 4540 2234 4595 1501
2265 4540 2528 4608 Προθείς.
2556 4538 2679 4593 Vat.
2713 4539 2987 4611 προσθείς.

1642 4768 1976 4828 ΜΕΤΒΙΟΛ
2008 4768 2300 4829 VERSIO.

350 4931 491 4998 Quid
520 4932 804 5002 dicam,Aet
830 4931 946 5002 haec
976 4932 1064 4986 cui
1093 4932 1321 4987 debeam
1355 4933 1492 5002 parti
1523 4932 1668 4995 dare,

350 5002 502 5068 Quos
528 5003 685 5055 laude
721 5000 882 5055 ferre.
920 5001 1053 5055 Dum
1088 5011 1232 5055 statu
1268 5000 1367 5055 nos
1399 5003 1499 5055 hoc
1532 5017 1742 5066 sumus,

351 5070 430 5124 En
464 5072 763 5139 imperator
792 5072 1009 5124 advenit
1041 5072 1197 5125 nobis
1232 5086 1448 5139 repens,

350 5138 520 5195 Terra
545 5137 617 5193 ex
649 5137 965 5205 Macedona,
998 5139 1167 5193 Marte
1198 5137 1417 5194 domitis
1447 5140 1714 5204 barbaris,

354 5209 671 5262 Stimularat
702 5210 894 5278 ingens
918 5226 1055 5277 quos
1080 5225 1294 5271 manus,
1328 5218 1380 5262 et
1406 5212 1592 5278 ingens
1618 5210 1771 5261 furor
1797 5227 1809 5263 :

354 5279 573 5332 Minime
608 5278 827 5346 quidem
857 5278 944 5331 ille
971 5280 1052 5331 vir
1082 5280 1257 5333 malus
1285 5289 1547 5345 quantum
1577 5278 1643 5331 ad
1673 5279 1853 5343 iidem,

352 5346 562 5417 Tenere
598 5355 804 5402 πωπω-ε
834 5355 1016 5417 posset
1046 5356 1102 5400 ut
1137 5350 1229 5416 qui
1267 5350 1566 5416 simplices.

353 5416 676 5484 Triadisque
707 5416 907 5471 sancta:
936 5419 1112 5470 cultor
1134 5428 1276 5471 esset
1302 5418 1569 5469 maximus

354 5486 480 5551 (Sic
510 5489 711 5554 quippe
736 5498 789 5539 et
820 5487 934 5555 ipse
964 5488 1164 5547 sentio,
1200 5495 1253 5541 et
1284 5487 1465 5540 cuncti
1502 5492 1778 5555 asserunt,

353 5556 457 5622 Qui
486 5556 616 5610 sede
645 5554 976 5609 stabili’tuto
1012 5562 1197 5608 amant
1232 5554 1551 5624 insistere);

353 5624 588 5695 Eervore
617 5624 711 5679 sed
742 5641 847 5679 non
880 5625 1140 5695 prazditus
1170 5633 1324 5679 tanto
1352 5633 1551 5689 tamen,

354 5694 624 5764 Equaret
658 5702 715 5747 ιιι
742 5694 1151 5764 cttm’pristinis
1183 5695 1492 5762 prmscntia,
1616 5696 1619 5699 λ

357 5763 591 5833 Sanaret
621 5772 783 5832 atque
817 5763 1080 5832 temporis
1109 5765 1247 5815 mala
1281 5773 1521 5833 tempore
1550 5783 1562 5817 :

359 5831 592 5889 Fcrvorc
618 5831 707 5889 vel
725 5834 768 5888 si
800 5850 897 5904 par
927 5831 1071 5899 erat,
1095 5849 1202 5887 non
1236 5849 1333 5905 par
1359 5831 1496 5900 crat,

1954 4955 1996 5010 Β
2026 4931 2325 5010 Eiduciane
2347 4931 2603 4999 pectoris,
2630 4946 2697 5010 an
2734 4930 2962 5010 audacia

2032 5000 2255 5054 Dicam?
2288 5000 2492 5054 Vocare
2528 5008 2751 5069 praestat
2786 5002 2889 5055 hoc
2923 4999 3285 5070 prudentiam.

2030 5070 2272 5140 gaudere
2296 5070 2497 5140 quippe
2530 5078 2611 5124 est
2644 5071 2875 5140 aequius,
2910 5085 3072 5140 quam
3104 5084 3314 5140 cogere,

2028 5137 2493 5209 Magisque'nobis
2519 5137 2790 5203 convenit,
2826 5150 2879 5193 et
2914 5140 3020 5209 illis
3053 5139 3180 5209 item

2032 5207 2253 5261 Sociare
2276 5224 2493 5263 summo
2520 5209 2745 5261 nitimur
2768 5224 2906 5277 quos
2932 5208 3171 5261 Nutnini.

2031 5278 2165 5347 Nam
2199 5278 2343 5346 quod
2373 5288 2617 5337 coactus,
2656 5274 2857 5347 perque
2886 5279 3011 5343 vim,
3047 5277 3334 5346 quisquam
3370 5274 3523 5343 facit,

2030 5346 2222 5400 Nervis
2255 5356 2310 5398 ut
2332 5362 2493 5400 arcus
2521 5346 2839 5411 vinctus,’et
2870 5349 3021 5400 lirma
3049 5362 3233 5409 manu,

2031 5418 2137 5468 Aut
2162 5431 2357 5469 cursus
2389 5416 2564 5469 amnis
2601 5416 2837 5484 undique
2868 5425 3130 5479 arctatus,
3164 5415 3371 5479 statim,

2030 5485 2199 5537 Datur
2231 5493 2289 5537 ut
2320 5484 2570 5547 facultas,
2601 5486 2888 5553 pristinam
2919 5486 3027 5537 vim
3057 5484 3315 5553 despicit.

2028 5558 2097 5609 At
2129 5562 2327 5622 sponte
2356 5554 2498 5622 quod
2532 5556 2608 5613 tit,
2636 5553 2801 5607 durat
2830 5556 2885 5606 in
2912 5562 3143 5607 cunctos
3171 5554 3312 5616 dies,

2029 5624 2246 5694 Amoris
2279 5634 2338 5676 ut
2360 5624 2503 5694 quod
2534 5625 2809 5677 vinculum
2838 5624 3069 5687 stringat
3104 5632 3289 5676 tenax.

2031 5692 2155 5762 llaec
2177 5692 2287 5755 ille,
2320 5692 2532 5761 opinor,
2568 5694 2837 5762 cogitans,
2882 5693 3011 5746 nulli
3043 5705 3260 5762 gravem

2030 5761 2227 5815 Melum
2259 5760 2550 5825 inferebat,
2584 5760 2776 5816 leniter
2806 5771 3032 5816 cunctos
3065 5760 3312 5822 trahens,

2027 5830 2308 5902 Cujusque
2339 5838 2572 5886 mentem
2600 5832 2822 5887 liberam
2854 5833 2966 5902 lege
2994 5838 3041 5884 cl
3075 5830 3280 5883 sitiens.
