4280 6530
346 480 483 548 1133
1355 487 1598 543 SECTIO
1633 485 1674 540 I.
1721 482 2045 542 POEMATA
2082 487 2167 543 DE
2204 490 2455 546 SEll‘SO.

421 603 557 661 1495
589 601 700 658 Καὶ
723 601 882 657 τοῦτο
910 602 954 655 δ’
980 596 1048 672 ἦν
1081 601 1369 673 θρύλλημα
1400 605 1507 656 τῶν
1548 605 1825 664 ἐναντίων,

346 696 487 767 Μηδ’
522 696 588 749 ἂν
619 694 828 747 πυλῶσι
860 693 950 746 τὸν
979 692 1116 746 λεὼν
1144 693 1458 765 ἐξαρκέσαι,

346 789 450 841 Τὸν
476 790 603 859 πρὶν
640 785 965 858 μερισθένθ’,
1000 786 1141 856 ἡνίκ’
1171 780 1313 856 ἦμεν
1340 785 1556 849 ἐνδεεῖς.

346 879 611 932 Τοσοῦτον
640 874 781 948 ἦμεν
813 880 975 930 πᾶσιν
1003 877 1404 948 ηὺτελισμένοι,

347 966 447 1023 Ὧν
475 970 569 1022 νῦν
600 968 705 1021 νεὼ
737 986 795 1021 τε
824 970 917 1021 καὶ
948 968 1084 1021 νεῶν
1116 967 1476 1038 πληρώματα.

350 1058 487 1111 1ἴιο0
522 1058 685 1110 Ταῦθ’
718 1060 846 1128 ἡμῖν
876 1057 1250 1121 ἐσπουδάζεθ’,
1277 1056 1351 1120 ὡς
1380 1056 1445 1110 ἂν
1482 1058 1556 1129 μὴ
1584 1058 1727 1128 λέγω

349 1148 606 1218 Πτωχῶν,
647 1149 947 1219 μοναστῶν,
970 1148 1253 1220 παρθένων
1281 1148 1387 1201 τῶν
1425 1152 1483 1202 ἐν
1516 1151 1678 1215 νέοις,

346 1240 545 1301 Ξένων,
580 1240 880 1310 παροίκων,
914 1241 1149 1310 δεσμίων
1178 1240 1501 1305 ἐπιστάτας,

349 1330 689 1401 Ψαλμῳδιῶν
716 1348 796 1393 τε,
819 1330 1070 1402 δακρύων
1100 1348 1157 1383 τε
1186 1329 1494 1400 παννύχιον,

362 1422 615 1492 ’Δνδρῶν,
650 1422 921 1489 γυναικῶν
947 1420 1231 1492 σεμνότητ’
1271 1422 1621 1491 ἀσκουμένων
1639 1462 1655 1485 ,

352 1515 490 1569 1505
524 1510 687 1566 Ἀλλα
719 1515 814 1567 σὺν
844 1510 926 1576 οἷς
956 1512 1205 1581 άγάλλετ’
1231 1513 1515 1576 εὐτάκτοις
1548 1513 1700 1575 Θεὸς.

433 1603 572 1655 Ἄλλο
598 1604 657 1656 οὐ
686 1604 790 1675 γὰρ
823 1602 1091 1673 ἡσύχαζεν
1117 1604 1145 1654 ὁ
1170 1601 1402 1671 φθορεὺς
1427 1601 1637 1670 φθόνος,

350 1691 423 1764 ⁷ῼ
452 1695 607 1749 πάνθ’
643 1694 902 1758 ἁλίσκετ’,
940 1693 973 1763 ἢ
1012 1692 1217 1761 φανῶς,
1245 1691 1279 1762 ἢ
1305 1690 1540 1761 λαθρίως
1559 1707 1571 1719 ·

3455 495 3588 553 “Si

1946 619 1989 666 Α
2032 607 2229 676 Ἀρχὴν
2257 606 2443 659 κακῶν
2479 622 2567 674 μοι
2593 607 2653 659 τὸ
2679 610 2900 678 κρατεῖν
2935 606 3239 677 ἐπεισάγει.

2029 699 2190 750 Ὅσον
2218 698 2324 768 γὰρ
2353 694 2421 768 ἦν
2451 697 2583 767 ἐῷον
2603 740 2615 759 ,
2651 701 2923 768 Αἰγύπτου
2952 700 3096 772 δίχα,

2026 788 2163 841 1510
2193 788 2351 841 Δαῶν
2386 788 2663 859 πρόεδρον,
2696 790 2823 860 ἄχρι
2856 790 3071 862 Ῥώμης
3094 790 3376 864 δευτέρας,

2024 881 2133 950 Γῆς
2163 881 2256 933 καὶ
2285 879 2552 949 θαλάττης
2577 882 2640 933 ἐκ
2674 880 2857 951 μυχῶν
2883 882 3186 947 ἐσωτάτων,

2028 969 2282 1039 ΚινηΘὲν,
2304 969 2404 1021 οὐκ
2424 963 2517 1020 οἶδ’
2542 963 2622 1031 οἷς
2654 985 2761 1021 τισι
2792 967 2926 1021 Θεοῦ
2959 968 3157 1035 λόγοις,

2028 1058 2331 1127 Συνὲρχεο“,
2363 1057 2437 1120 ὡς
2469 1055 2725 1126 πὴξοντες
2748 1055 2944 1124 εὐσεῆῆ
2975 1054 3155 1122 λόγον.

2026 1142 2125 1200 Ὧν
2158 1144 2226 1219 ἦν
2253 1148 2391 1218 ἀνὴρ
2422 1146 2676 1218 πρόεδρος
2705 1145 3110 1207 εὐσεϐέστατος,

2029 1238 2166 1292 1515
2208 1236 2454 1300 Ἀπλοῦς,
2479 1237 2697 1305 ἄτεχνος
2721 1237 2813 1289 τὸν
2844 1237 3065 1307 τρόπον,
3084 1234 3222 1288 Θεοῦ
3246 1234 3451 1305 γέμων,

2027 1326 2248 1379 Βλέπων
2277 1326 2537 1397 γαλήνην,
2572 1327 2771 1396 θάρσος
2797 1327 2933 1380 αἰδοῖ
2960 1327 3262 1397 σύγκρατον

2027 1419 2245 1472 Βάλλων
2273 1418 2465 1489 ὁρῶσι,
2496 1420 2633 1471 Πνει.
2644 1435 2808 1488 ματος
2830 1418 3109 1488 γεώργιον.

2028 1509 2123 1572 Τίς
2152 1510 2381 1580 ἠγνόησε
2412 1508 2619 1572 τοῦτον,
2648 1508 2708 1560 ὃν
2733 1509 2883 1579 δηλοῖ
2910 1508 3085 1577 λόγος.

2029 1600 2142 1666 Τῆς
2181 1601 2495 1671 Ἀντιοχέων
2508 1601 2814 1671 προστάτην
2831 1598 3026 1671 Ἑκκλη
3034 1600 3171 1662 σίας,

2031 1689 2169 1743 1520
2199 1691 2303 1742 Τὸν
2330 1690 2439 1742 ὄνθ’
2468 1691 2604 1760 ὅπερ
2634 1689 2887 1761 κέκλητο,
2914 1689 3006 1742 καὶ
3034 1688 3366 1758 καλούμενον

940 1868 1077 1922 1495
1107 1868 1280 1937 Atque
1311 1867 1357 1921 is
1385 1868 1548 1921 etiam
1590 1882 1781 1921 rtnnor
1810 1867 2166 1937 spargebatur
2195 1868 2263 1921 ab
2298 1868 2646 1929 adversariis,

866 1938 1131 2020 Eopulum
1158 1936 1292 2020 satis
1323 1937 1656 2020 frequentem
1692 1952 1799 1991 non
1826 1936 1961 1999 fore,
1996 1947 2055 1989 ut
2083 1940 2166 1992 vel
2193 1940 2457 1993 vestibula
2487 1940 2753 2007 impleret,

864 2006 968 2075 Qui
991 2009 1145 2077 prius
1174 2008 1383 2062 divisus
1415 2006 1553 2067 erat.
1580 2006 1707 2060 dum
1744 2022 2009 2076 pauperes
2044 2023 2325 2073 essemus;

865 2080 1015 2132 Adeo
1038 2078 1291 2131 omnibus
1314 2092 1534 2131 eramus
1564 2079 1920 2147 contemptui,

861 2147 967 2214 Qui
998 2164 1145 2202 nunc
1175 2157 1228 2201 et
1254 2148 1452 2219 templa
1481 2156 1535 2219 et
1566 2148 1889 2219 templorum
1925 2148 2314 2219 plenitudinem
2348 2149 2711 2219 possidemus.

868 2219 1009 2272 1500
1044 2220 1165 2271 Ihrc
1206 2216 1364 2271 nobis
1389 2216 1572 2271 studio
1604 2216 1964 2281 habebantur,
1994 2227 2053 2272 ut
2076 2219 2207 2272 nihil
2237 2218 2413 2272 dicam
2438 2218 2504 2273 de
2528 2220 2594 2271 iis

864 2288 969 2358 Qui
1011 2288 1360 2357 pauperibus,
1388 2287 1693 2358 monachis,
1725 2288 2028 2358 virginibus
2056 2290 2107 2341 in
2147 2290 2360 2357 templis
2385 2289 2726 2358 degentibus,

866 2356 1194 2427 Peregrinis.
1231 2357 1559 2425 hospitibus,
1596 2356 1793 2412 vinctis
1822 2356 2114 2425 praeerant.

865 2434 974 2480 Aut
1014 2429 1345 2497 psalmorum
1370 2427 1646 2489 cantibus,
1673 2432 1728 2480 et
1751 2428 2038 2481 nocturnis
2059 2426 2334 2495 laerymis.

868 2498 933 2550 Et
958 2496 1113 2561 viris,
1149 2512 1211 2550 ac
1238 2496 1560 2567 mulieribus
1593 2496 1989 2551 continentiam
2024 2497 2428 2567 profitentibus.

867 2566 1006 2622 1505
1038 2568 1282 2637 Aliisque
1308 2566 1585 2637 omnibus.
1626 2581 1747 2636 qua:
1779 2568 1883 2621 rite
1904 2565 2202 2622 constituta
2234 2568 2444 2635 placent
2469 2565 2595 2622 Deo.

938 2637 1041 2690 Sed
1077 2636 1383 2706 corr’uptrix
1415 2636 1636 2700 invidia,
1677 2652 1852 2705 neque
1886 2639 2030 2691 enim
2066 2638 2318 2708 quiescit,

866 2706 999 2771 Quae
1020 2709 1201 2761 omnia
1235 2715 1529 2776 expugnat,
1564 2716 1768 2775 aperte,
1793 2715 1886 2759 aut
1917 2709 2079 2769 clam,

870 2776 1019 2830 Fecit
1050 2786 1107 2829 ut
1145 2777 1398 2845 princeps
1430 2778 1580 2831 locus
1612 2778 1827 2830 initium
1866 2787 2013 2832 esset
2041 2778 2307 2831 malorum
2348 2790 2613 2829 meorum.

868 2845 1143 2916 Quidquid
1167 2846 1311 2899 enim
1345 2848 1399 2898 in
1432 2845 1673 2916 Oriente,
1704 2855 1929 2916 excepta
1961 2846 2219 2916 IEgypto,

871 2916 1018 2985 iatq
1040 2915 1260 2985 Populis
1296 2915 1568 2983 prazsidet,
1600 2931 1775 2985 usque
1802 2919 1869 2969 ad
1901 2915 2128 2969 Romam
2162 2917 2410 2973 alteram.

868 2983 1222 3055 754⁸755
1251 2985 1323 3036 Ex
1350 2993 1508 3055 terra:
1542 2993 1594 3039 et
1623 2983 1790 3040 maris
1821 2986 2200 3041 remotissimis
2230 2985 2461 3055 angulis,

873 3054 1143 3119 Exeitum,
1172 3055 1371 3124 quibus
1403 3054 1493 3108 Dei
1525 3056 1793 3115 consiliis,
1823 3055 1965 3109 haud
1999 3056 2135 3115 scio,

872 3124 1105 3193 Coeunt,
1138 3132 1196 3177 ut
1219 3125 1497 3179 stabiliant
1523 3126 1738 3193 pietatis
1771 3126 2096 3179 doctrinam.

874 3192 970 3247 His
998 3202 1224 3263 praeerat
1251 3195 1336 3248 vir
1362 3192 1663 3263 piissimus,

876 3209 970 3247 ms
979 3209 1224 3316 graeci-at
1251 3210 1336 3248 vir
1362 3210 1663 3263 possumus,

876 3264 967 3333 [5|
1034 3262 1269 3332 Simplex
1298 3265 1560 3324 moribus,
1593 3266 1711 3319 sine
1741 3274 1876 3329 arte,
1907 3262 2016 3319 Deo
2047 3264 2261 3333 plenus,

877 3331 1038 3403 Yultu
1065 3331 1332 3402 placidus,
1358 3333 1609 3387 ﬁduciam
1637 3334 1828 3403 pudori
1863 3331 2209 3402 conjunctam

873 3400 1235 3474 cernentibus
1261 3404 1544 3464 exhibens.
1578 3400 1813 3474 Spiritus
1834 3400 2069 3459 cultura.

873 3470 1008 3537 Quis
1039 3474 1251 3543 ignorat
1276 3489 1421 3533 eum,
1447 3489 1607 3543 quem
1620 3470 1790 3528 'verha
1821 3488 1939 3528 mea
1970 3475 2232 3537 indicant,

870 3543 1219 3596 Antiochense
1250 3544 1531 3611 praesidem
1562 3543 1849 3605 Ecclesiae,

872 3611 1009 3663 159.0
1040 3611 1142 3677 Qui
1174 3620 1291 3666 erat
1320 3614 1371 3665 id
1402 3614 1548 3682 quod
1575 3616 1888 3678 vocabatur,
1923 3622 1976 3667 et
2004 3611 2151 3683 quod
2181 3612 2481 3666 vocabatur

2108 3764 2245 3821 1502
2289 3764 2665 3831 Ἐπιστάτας.
2721 3763 2923 3820 Horum
2971 3767 3213 3822 omnium
3260 3782 3445 3825 curam
3497 3774 3600 3829 sibi

360 3761 460 3837 Dei
483 3756 846 3818 donum'csse
876 3762 1128 3831 fateatur,
1162 3767 1296 3819 Θεοῦ
1333 3766 1617 3837 τδγόὦρον,
1652 3781 1760 3820 non
1776 3781 1926 3837 ivero

358 3833 463 3887 sibi
520 3842 681 3901 atque
732 3837 930 3889 mentis
964 3838 1289 3903 praestantiae
1350 3833 1717 3890 tribuendum.
1775 3835 1927 3891 llanc

360 3904 667 3957 scholiastzc
715 3906 1107 3972 expositionem
1148 3906 1358 3973 respuit
1404 3904 1592 3959 Billius
1625 3924 1637 3960 ε
1667 3906 1925 3974 optimam

361 3982 513 4046 putat
555 3974 932 4046 Combetisius,
967 3976 1053 4029 cui
1097 3983 1277 4030 tamen
1323 3991 1430 4029 non
1460 3976 1710 4046 displicet
1743 3976 1926 4046 altera

362 4045 541 4116 lectio,
567 4044 775 4116 scilicet
814 4044 1306 4116 niﬁpwpa,quam
1349 4048 1427 4099 sic
1468 4043 1683 4100 reddit:
1728 4043 1925 4116 Nullus

361 4114 483 4166 talis
512 4115 680 4166 coitus
714 4113 1026 4179 occurreret,
1073 4113 1213 4182 λέγω
1236 4115 1313 4177 δέ,
1340 4117 1393 4168 in
1440 4117 1526 4179 iis,
1562 4116 1800 4184 inquam,
1837 4113 1925 4181 qui

360 4184 590 4236 ministri
626 4192 747 4255 sunt
792 4194 840 4255 et
888 4184 1447 4255 Deo__appropinqua_nt
1473 4201 1491 4237 :
1537 4186 1616 4255 sic
1658 4185 1926 4246 nimirum,

357 4255 591 4320 pecuniis
626 4254 964 4307 insatiabilis.
999 4252 1171 4308 Verba
1196 4252 1339 4308 sunt
1371 4253 1703 4308 Comhelisii.

432 4323 567 4394 N98
586 4324 1038 4394 Horslwyérot.
1069 4324 1236 4379 Coisl.
1257 4324 1651 4394 γεὺτελισμένοι.

434 4393 570 4464 1499
595 4392 737 4464 Nam.
772 4394 939 4448 Coisl.
968 4392 1076 4445 νέοι
1105 4412 1182 4447 τε.
1219 4393 1339 4447 Mox
1376 4391 1729 4464 πληρώματα.
1759 4391 1945 4445 Pleni-.

360 4463 613 4525 tudinem,
647 4461 698 4516 id
729 4475 833 4527 est,
873 4465 1355 4520 numerosissima":
1394 4461 1612 4531 plebem,
1654 4479 1770 4532 qua:
1799 4472 1931 4517 tem-

359 4535 449 4597 pla
478 4534 656 4600 replet.
702 4532 806 4587 Alii
847 4532 1206 4604 πληρώματα,
1257 4536 1565 4603 templorum
1595 4550 1715 4601 epes
1760 4535 1932 4588 inter-

398 4610 659 4656 retantur.

362 4619 739 4726 pliglti'lmﬁbr
773 4674 842 4725 ἐν
871 4673 1050 4739 νέοις.
1081 4672 1327 4729 Combef.
1359 4673 1751 4742 interpretatur
1779 4671 1929 4740 juve-

362 4757 508 4807 nuut,
537 4759 759 4813 quorum
784 4746 1041 4812 pratcipue
1077 4744 1313 4797 habenda
1339 4752 1416 4796 est
1455 4760 1604 4796 cura.

2035 3836 2660 3908 impenderedsigniﬁeat
2703 3833 3017 3905 Gregorius.
3058 3836 3283 3891 Paulum
3338 3842 3601 3908 imitatus,

2034 3905 2127 3960 ubi
2155 3905 2486 3975 apostolicos
2517 3905 2729 3960 labores
2777 3921 2907 3960 suos
2940 3916 2994 3960 et
3033 3908 3427 3966 sollicitudines
3456 3905 3606 3968 com;

2034 3984 2317 4029 memorat.

2104 4045 2239 4117 1507
2274 4043 2498 4117 Φᾳνῶς.
2516 4043 2977 4117 βυίειτφανερῶς,
3010 4044 3102 4100 sed
3126 4056 3316 4101 contra
3347 4057 3604 4106 metrum.

2107 4114 2244 4187 145i?)
2275 4116 2485 4187 ᾼόγον.
2516 4114 2591 4166 lta
2627 4116 2757 4187 edit.
2792 4114 2861 4187 ad
2892 4131 3079 4187 marg._
3102 4117 3289 4185 sicque
3320 4119 3605 4187 legendum

2034 4183 2398 4238 crediderim:
2442 4186 2494 4236 in
2525 4192 2674 4237 textu
2714 4184 2920 4253 θρόνον,
2965 4183 3263 4254 Billiusque
3301 4183 3482 4241 vertit.
3513 4190 3607 4254 ﬁr-

2035 4262 2220 4327 metut
2255 4254 2496 4306 thronum
2534 4254 2680 4307 mihi.
2709 4254 2825 4307 Non
2868 4258 3002 4309 bene
3045 4256 3250 4327 addidit
3298 4257 3445 4310 mihi.
3478 4254 3610 4327 Epi-

2036 4324 2182 4391 SCOpi
2229 4338 2465 4391 namque
2503 4333 2867 4378 convenerant
2916 4333 2973 4377 ut
3020 4326 3349 4394 catholicum
3391 4324 3608 4394 episeo-

2037 4408 2162 4461 pum
2246 4394 2659 4456 constituerent,
2708 4411 2816 4447 non
2861 4396 3031 4461 magis
3082 4392 3400 4462 Gregorium
3428 4392 3607 4463 quam

2040 4464 2203 4535 alium
2234 4465 2550 4535 quemlibet,
2580 4474 2637 4535 ut
2662 4467 2930 4535 expressit
2958 4465 3252 4535 Gregorius
3284 4464 3603 4535 presbyter:

2053 4532 2332 4603 Ἀρχιερὲα
2388 4533 2719 4603 καταστῆσαι
2773 4536 2869 4603 τῇί
2908 4533 3131 4602 βασιλίδι
3203 4532 3410 4589 πιστόν.
3450 4532 3609 4589 ’νίέε

2042 4601 2172 4655 tom.
2206 4601 2246 4663 l,
2271 4616 2322 4670 p.
2364 4616 2485 4654 cuv
2517 4601 2643 4670 (col.
2684 4601 2927 4671 296,13).

2110 4671 2245 4725 1517
2283 4672 2626 4739 Πνεύματος
2671 4672 2966 4741 γεώργιον.
3000 4672 3255 4729 Omnibus
3294 4674 3446 4727 donis
3488 4672 3606 4742 Spi-

2038 4740 2170 4794 ritus
2201 4742 2371 4794 sancti
2400 4742 2657 4795 excultus.

1659 4896 1989 4958 METRICA
2016 4896 2311 4957 VERSIO.

364 5061 592 5131 Summo
616 5059 1007 5131 propinquant.
1023 5130 1028 5131 ί
1046 5058 1377 5115 Dictitabant
1409 5060 1511 5115 hoc
1534 5076 1751 5131 quoque

362 5130 581 5192 Hostes,
610 5130 882 5199 replendis
913 5130 1065 5183 atriis
1099 5131 1211 5184 fore
1248 5132 1508 5199 imparem

362 5200 603 5263 Plebem,
641 5205 793 5268 prius
816 5215 934 5269 qua:
961 5209 1108 5253 secta
1134 5210 1269 5265 erat,
1305 5216 1427 5253 cum
1460 5214 1725 5270 pauperes

363 5272 645 5331 Essemus,
669 5270 804 5323 adeo
836 5271 997 5323 vilius
1025 5285 1109 5323 nte
1144 5270 1371 5332 nilerat,

361 5340 465 5404 Qui
500 5347 622 5408 post
646 5339 905 5392 habebam
937 5341 1133 5407 templa
1163 5340 1409 5393 conferta
1435 5339 1691 5408 undique.

364 5410 488 5463 llrec
521 5408 702 5463 studia
740 5422 921 5463 nostra
956 5418 1084 5461 tunc
1114 5418 1269 5463 erant
1297 5425 1309 5461 :
1344 5426 1411 5463 uc
1436 5423 1723 5478 pauperes,

365 5480 769 5546 Monachosque
798 5480 1047 5540 referam,
1086 5481 1354 5548 virginum
1379 5489 1431 5532 et
1459 5488 1679 5533 sanctos
1712 5478 1931 5539 choros,

370 5548 612 5608 Veni-tos,
643 5552 955 5618 peregrinos
981 5550 1200 5616 (quibus
1232 5549 1580 5617 pra-feceram

365 5618 663 5690 Quosdam)
691 5634 788 5690 nec
825 5622 1075 5690 hymnus,
1105 5624 1281 5673 noctis
1314 5626 1366 5672 et
1398 5618 1557 5673 ﬂetus
1580 5633 1745 5690 vagae,

369 5689 671 5756 Studioque
697 5688 908 5742 honesti
934 5688 1146 5743 deditos
1175 5704 1299 5742 eum
1337 5690 1550 5743 I'eminis

368 5758 550 5821 Viros,
583 5757 812 5826 aliaque,
848 5759 948 5811 rite
973 5760 1128 5826 queis
1154 5758 1311 5811 factis
1337 5757 1478 5811 Deus

370 5828 639 5883 Exsultat.
676 5831 743 5880 At
776 5844 881 5881 non
916 5835 1126 5896 poterat
1150 5828 1236 5882 hic
1268 5829 1551 5897 quiescere

372 5899 616 5969 Carpens
649 5908 829 5959 aperte
859 5897 1017 5960 livor,
1048 5906 1140 5951 aut
1167 5907 1334 5965 tet-te;
1360 5898 1561 5953 ouinia.

1969 5068 2009 5122 Β
2042 5058 2177 5110 Mala
2200 5057 2516 5126 auspicatur
2551 5057 2641 5110 hic
2671 5056 2802 5110 mihi
2833 5057 2977 5111 celso
3011 5072 3040 5110 a
3077 5057 3293 5111 throno.

2038 5127 2171 5180 Nam
2197 5125 2459 5196 quidquid
2490 5125 2653 5197 Ortus
2679 5129 2989 5195 prwsulum,
3018 5126 3310 5197 [Egyptum
3346 5130 3505 5189 citra,

2042 5198 2300 5260 Habebat,
2334 5212 2508 5265 usque
2534 5196 2599 5250 ad
2621 5198 2872 5265 inclytam
2902 5196 3136 5249 llomam
3162 5215 3378 5265 novam,

2039 5267 2081 5320 T
2087 5283 2220 5320 erm:
2256 5267 2534 5335 marisque
2560 5282 2624 5320 ex
2652 5268 2855 5319 intimis
2892 5268 3220 5331 recessibus,

2040 5336 2159 5401 Quo
2193 5338 2521 5389 COIICilnltIIII
2556 5337 2775 5389 caelitus
2809 5344 2987 5402 pacto,
3024 5336 3165 5388 haud
3198 5337 3334 5401 seio,

2038 5408 2159 5460 Coit.
2188 5414 2427 5475 repente,
2464 5407 2637 5457 lirmet
2662 5416 2717 5458 ut
2740 5405 2997 5457 thronum
3030 5405 3183 5457 mihi.

2038 5476 2187 5541 Quos
2214 5474 2351 5528 inter
2382 5491 2522 5527 unus
2548 5475 2632 5527 vir
2668 5484 2784 5528 erat
2821 5474 2941 5543 pius
2969 5476 3282 5540 admodum,

2042 5546 2301 5615 Simplex,
2326 5545 2529 5613 apertis
2557 5546 2821 5604 moribus.
2850 5547 3040 5611 plenus
3074 5546 3200 5605 Deo,

2040 5613 2396 5682 Plaeidusque
2419 5617 2589 5673 vultu,
2619 5615 2772 5667 l'ortis
2800 5622 2852 5667 et
2884 5615 3090 5683 pudens
3107 5613 3293 5675 simul,

2042 5685 2285 5753 Segetem
2312 5687 2392 5738 vel
2422 5686 2540 5752 ipso
2575 5684 2813 5752 Spiritus
2849 5700 2964 5737 vrsu
3003 5686 3271 5737 indicans.

2039 5758 2195 5820 Quis,
2216 5764 2401 5807 nostra
2426 5770 2588 5822 quem
2619 5770 2715 5806 vox
2748 5755 2947 5823 signat,
2973 5755 3188 5822 ignorat
3228 5754 3433 5822 virum,

2040 5826 2342 5894 :Antiochia:
2374 5825 2524 5878 urbis
2560 5824 2882 5894 praesulem?
2917 5826 2971 5876 In
2990 5839 3099 5892 quo
3131 5824 3336 5894 nomini

2040 5893 2147 5951 Res
2175 5897 2528 5966 congruebat,
2561 5893 2760 5951 rursus
2782 5908 2845 5950 ac
2873 5908 3069 5950 nomen
3100 5893 3177 5949 rei
3207 5910 3221 5945 ς
