4158 6394
203 941 222 974 Γ

315 343 3532 402 m

631 597 809 747 A.
908 598 1072 746 Β.
1199 526 2019 749 CAlLLAU
2126 588 3187 748 PIUEFATI'O.

362 980 533 1040 Inter
556 976 948 1051 insurgentes
972 969 1121 1031 hinc
1147 975 1209 1030 et
1235 967 1386 1030 inde
1412 967 1622 1029 multis
1648 968 1780 1046 jam
1807 965 1889 1027 ab
1919 968 2101 1029 annis
2129 965 2522 1047 publicarum
2563 966 3016 1029 discordiarum
3056 970 3378 1043 tumultus,
3412 968 3538 1035 hoc

287 1074 719 1152 gravissimum
761 1083 1084 1147 emergere
1111 1066 1586 1128 incommodum
1616 1063 1992 1127 crediderim
2035 1065 2222 1127 simul
2253 1070 2316 1127 et
2354 1064 2640 1139 dixerim,
2668 1065 2974 1128 funestam
3007 1066 3297 1128 videlicet
3332 1067 3536 1142 istam,

285 1191 431 1252 qua;
461 1174 683 1235 doctos
722 1177 786 1232 et
829 1169 1000 1249 pacis
1042 1173 1321 1229 amantes
1364 1166 1707 1228 litterarum
1751 1165 2000 1227 labores
2045 1166 2432 1247 inmrruptos
2474 1168 2753 1247 pendere
2799 1167 3029 1246 coegit,
3074 1168 3533 1231 necessitatem.

285 1272 441 1348 Quid
471 1271 641 1335 enim
684 1267 1002 1332 scribendi
1027 1266 1234 1328 studio
1260 1283 1403 1328 cum
1435 1265 1662 1328 ardore
1705 1263 2028 1328 bellandi?
2051 1266 2203 1346 quid
2230 1266 2707 1329 meditationum
2740 1268 2933 1346 quieti
2986 1284 3129 1330 cum
3154 1269 3536 1334 seditionum

285 1375 559 1436 motibus
576 1371 607 1434 τ
648 1371 767 1433 Ubi
802 1366 1056 1431 infausti
1082 1365 1352 1428 civilium
1380 1364 1801 1444 procellarum
1830 1365 2089 1444 spiritus
2117 1365 2344 1427 acriter
2367 1364 2678 1428 sibilando
2704 1365 3103 1441 invehuntur,
3133 1369 3366 1431 ibidem
3397 1369 3537 1432 lan-

274 1478 588 1550 guescant
614 1471 801 1531 ﬂores
831 1468 1067 1546 ingenii
1095 1469 1482 1548 marcidique
1511 1468 1805 1530 decidant
1833 1485 2093 1531 necesse
2127 1476 2242 1531 est.

367 1577 513 1649 Quis
542 1581 637 1636 est
660 1573 975 1635 studiosos
1005 1573 1169 1635 inter
1193 1591 1385 1636 sacrm
1416 1571 1800 1652 antiquitatis
1817 1570 2128 1647 alumnos,
2154 1572 2265 1653 qui
2291 1572 2562 1653 primum
2587 1580 2709 1635 tam
2740 1571 2951 1633 nitidre
2972 1578 3033 1633 et
3050 1579 3174 1634 tam
3196 1574 3539 1637 emendata)

294 1675 353 1735 S.
377 1673 657 1753 Gregorii
678 1672 1046 1734 Nazianzeni
1066 1672 1358 1736 editionis
1382 1672 1678 1733 volumen
1707 1687 1838 1732 non
1861 1670 2048 1734 fuerit
2066 1672 2405 1734 admiratus
2431 1668 2513 1753 (α)
2528 1669 2713 1745 ?Quis
2735 1670 2888 1732 illud
2912 1672 3148 1733 meritis
3172 1689 3298 1734 non
3321 1671 3537 1736 extulit

294 1774 596 1849 laudibus,
624 1774 1308 1854 Benedictinorumque
1334 1774 1543 1835 Sancti
1580 1774 1799 1847 Mauri,
1831 1780 1915 1835 ita
1946 1775 2199 1837 aliunde
2235 1774 2299 1835 in
2333 1774 2464 1836 suis
2500 1774 2801 1855 cperibus
2837 1774 3287 1854 perfectorum,
3324 1776 3537 1855 perfe-

286 1874 628 1934 ctissimum
657 1889 817 1950 opus
844 1889 972 1932 non
994 1871 1396 1950 prtedicavit?
1422 1872 1569 1945 Quis
1585 1874 1760 1952 justo
1790 1889 1920 1933 non
1954 1881 2322 1952 prosecutus
2340 1879 2439 1935 est
2466 1872 2779 1935 desiderio
2806 1872 3127 1949 amissum,
3154 1880 3224 1937 ut
3250 1876 3540 1940 nonnulli

287 1980 533 2048 putant,
566 1978 671 2031 aut
690 1970 932 2038 saltem,
964 1975 1036 2027 ut
1056 1986 1269 2028 verum
1298 1976 1415 2040 est,
1447 1987 1825 2047 suspensum
1851 1971 2216 2032 excellentis
2247 1971 2730 2034 elucubrationis
2758 1975 3334 2053 complementum?
3361 1977 3538 2050 Quod

284 2070 607 2145 perditum
642 2067 873 2126 deflent
894 2063 1022 2133 alii,
1051 2061 1221 2138 quod
1249 2060 1357 2119 alii
1383 2060 1805 2139 interruptum
1839 2063 2079 2136 dolent,
2109 2065 2232 2123 hoc
2259 2066 2511 2125 tandem
2543 2084 2577 2126 e
2604 2069 2880 2129 tenebris
2905 2078 3150 2131 erutum
3178 2071 3292 2133 tibi
3322 2074 3536 2150 profe-

284 2164 513 2233 rimus,
536 2154 777 2238 optime
829 2158 1051 2229 lector,
1083 2157 1253 2234 quod
1283 2172 1413 2216 non
1438 2164 1502 2215 te
1524 2157 1752 2231 solum,
1788 2158 1899 2218 sed
1938 2166 2000 2218 et
2047 2175 2302 2219 omnem
2328 2161 2718 2223 eruditorum
2765 2165 3063 2226 familiam
3110 2175 3286 2242 grato
3327 2170 3538 2231 animo

276 2269 690 2342 accepturam
710 2258 1105 2323 conﬁdimus.

372 2367 555 2427 Plura
586 2371 792 2427 autem
824 2372 885 2426 et
914 2368 1081 2425 certe
1108 2362 1469 2440 gravissima
1492 2363 1558 2425 in
1582 2364 1915 2444 procinctu
1937 2370 2257 2427 tractanda
2285 2371 2643 2438 occurrunt,
2684 2366 2738 2427 1⁸
2776 2365 3011 2428 scilicet
3039 2382 3168 2446 quo
3200 2366 3366 2431 felici
3390 2385 3541 2432 casu

279 2466 687 2528 authenticus
717 2466 1140 2528 Maurinorum
1161 2468 1623 2548 manuscriptus
1648 2469 1851 2532 codex
1880 2476 2124 2532 nostras
2145 2470 2212 2532 in
2238 2487 2461 2533 manus
2481 2471 2772 2534 inciderit
2797 2490 2813 2546 ;
2841 2471 2901 2532 2°
2926 2488 3068 2551 qua
3091 2478 3152 2533 et
3178 2473 3393 2553 quanti
3417 2474 3542 2536 sint

288 2570 594 2630 momenti
625 2587 838 2648 opera,
871 2586 1012 2651 qum
1041 2570 1325 2631 nondum
1346 2571 1428 2632 ad
1457 2570 1884 2633 omnimodam
1903 2572 2320 2651 integritatem
2343 2574 2849 2654 severioremque
2870 2574 3337 2652 castigationem
3366 2594 3544 2641 revo-I

287 2673 448 2772 cata,
482 2668 824 2772 emittenda
868 2680 1283 2749 supererant;
1332 2673 1389 2734 3"
1433 2692 1558 2754 qua
1605 2673 1905 2737 methodo
1951 2675 2298 2738 doctissimi
2326 2677 2601 2738 editores
2631 2676 2697 2737 in
2731 2676 3056 2755 Operando
3086 2678 3537 2772 processerint;

290 2766 349 2828 4°
385 2769 539 2847 quid
566 2769 798 2831 laboris
825 2772 1077 2834 tandem
1112 2776 1317 2850 nobis,
1348 2781 1491 2855 post
1521 2781 1728 2837 tantos
1752 2792 2063 2837 messores
2090 2776 2540 2854 prmtermissas
2567 2776 2669 2837 vix
2698 2774 2935 2853 aliquas
2959 2773 3107 2837 hinc
3135 2782 3198 2837 et
3224 2776 3373 2839 inde
3405 2766 3540 2857 θρίξ-

284 2885 396 2928 cas
422 2868 793 2946 legentibus,
825 2871 1012 2935 fuerit
1041 2874 1449 2936 derelictum:
1480 2872 1621 2953 quin
1660 2874 1914 2955 quidem
1941 2873 2052 2935 ubi
2079 2872 2311 2935 fuerint
2340 2873 2613 2936 dilucide
2642 2877 2993 2939 examinata
3035 2883 3097 2939 et
3123 2895 3423 2960 expensa,
3453 2881 3539 2943 nil

285 2968 413 3047 jam
439 2968 600 3032 ultra
628 2970 799 3050 quod
826 2973 1211 3051 expostulari
1237 2972 1439 3053 possit
1461 2971 1559 3033 vel
1590 2971 1877 3051 exoptari
1902 2986 2229 3033 remanere
2259 2970 2595 3033 credimus.

1654 3117 2080 3178 ABTICULUS
2123 3117 2172 3176 Ι.

1353 3260 1441 3319 De
1482 3259 1732 3318 invento
1763 3256 2206 3318 Maurinorum
2242 3255 2473 3317 codice.

373 3406 573 3467 Nemo
598 3403 798 3467 nescit
824 3405 1238 3467 recentiorem
1278 3404 1340 3463 S.
1369 3401 1652 3479 Gregorii
1700 3397 2073 3460 Nazianzeni
2100 3396 2442 3458 editionem
2467 3397 2741 3477 primum
2770 3416 2805 3459 a
2836 3398 2906 3459 D.
2933 3398 3167 3462 Iacobo
3205 3401 3283 3464 de
3321 3404 3538 3468 Friclie

287 3512 675 3585 susceptam,
702 3503 931 3577 deinde
958 3519 1107 3565 vero
1134 3520 1171 3563 a
1198 3503 1269 3562 D.
1298 3500 1629 3561 Francisco
1650 3496 1932 3559 Louvard
1954 3494 2335 3569 inchoatam,
2370 3502 2591 3575 postea
2620 3513 2655 3557 a
2681 3496 2753 3557 D.
2782 3497 3122 3563 Prudentio
3142 3502 3348 3565 Maran
3382 3523 3541 3584 pra:-

291 3613 594 3688 paratam,
620 3606 749 3666 imo
772 3610 833 3665 et
850 3603 1101 3683 publice
1128 3618 1294 3665 anno
1328 3598 1475 3662 1708
1502 3596 1955 3670 annuntiatam,
1981 3610 2149 3657 anno
2170 3593 2446 3675 denique
2473 3594 2649 3669 1778,
2681 3597 2890 3675 quoad
2922 3600 3194 3676 primum
3217 3605 3536 3679 volumen,

291 3708 488 3770 fuisse
515 3705 802 3781 emissam
832 3702 1081 3764 Parisiis
1109 3719 1145 3763 a
1172 3702 1244 3762 D.
1271 3699 1649 3771 Clemencet,
1679 3710 1956 3774 quocum
1994 3693 2257 3771 insuper
2283 3709 2464 3754 curas
2498 3695 3118 3759 communicaverunt
3152 3702 3271 3762 DD.
3310 3705 3537 3779 Patert,

289 3807 572 3868 Andreas
589 3805 779 3865 Brion
809 3807 871 3862 et
898 3798 1229 3877 Dionysius
1260 3795 1514 3868 d’Olive,
1542 3792 1653 3872 qui
1690 3789 1923 3854 menda
1942 3789 2297 3867 corrigendi
2314 3789 2624 3869 ingratum
2646 3789 3091 3875 difﬁcilemque
3116 3797 3388 3863 laborem
3415 3821 3541 3864 non

290 3904 679 3970 detrectavit.
695 3905 935 3964 Domno
946 3899 1321 3969 Clemencet,
1336 3894 1466 3973 qui,
1492 3890 1774 3954 doctrina
1802 3887 2113 3952 celebrior
2125 3904 2314 3968 quam
2334 3887 2674 3967 ﬁde,plura
2697 3891 2945 3972 scripsit
2970 3895 3048 3957 ad
3075 3898 3369 3959 conﬁrma
3382 3901 3542 3963 ndos

291 4007 719 4071 recentiorum
732 4009 1098 4066 aovatorum
1111 4014 1377 4071 errores,
1392 4012 1661 4076 quorum
1672 3992 1877 4056 acrior
1889 3990 2121 4053 exstitit
2135 3995 2590 4071 propugnator,
2604 3990 2850 4071 adjutor
2860 3994 2925 4055 in
2938 3999 3197 4059 secundi
3212 3999 3542 4063 voluminis

290 4108 512 4169 labore
539 4102 718 4165 datus
743 4106 836 4163 est
867 4101 936 4159 D.
966 4098 1045 4159 de
1065 4095 1345 4168 Cosniac,
1379 4092 1488 4172 qui
1511 4090 1718 4152 lenior
1747 4088 1985 4162 animo,
2032 4092 2095 4149 at
2138 4086 2300 4148 forte
2336 4087 2594 4164 ingenio
2623 4088 2851 4164 minor,
2886 4091 2965 4152 ad
2992 4095 3244 4157 eosdem
3303 4114 3544 4165 errores

293 4206 543 4269 videtur
555 4202 909 4264 inclinasse.
920 4200 1081 4261 Hinc
1092 4200 1237 4260 licet
1258 4203 1437 4259 caute
1450 4194 1721 4272 legendi,
1735 4192 1990 4273 quando
2003 4191 2083 4254 de
2101 4190 2272 4253 falsis
2286 4207 2506 4253 eorum
2516 4192 2719 4270 agitur
2731 4192 3054 4271 doctrinis,
3069 4197 3319 4277 legendi
3333 4209 3544 4269 tamen

291 4320 519 4369 secure
532 4318 673 4362 cum
695 4294 1223 4375 agiturdelinguaa
1238 4296 1468 4356 Graecae
1484 4291 1726 4370 peritia,
1741 4290 1819 4351 de
1832 4289 2119 4351 codicum
2130 4295 2458 4363 vetustate,
2485 4292 2853 4355 auctoritate
2866 4300 2929 4355 et
2949 4296 3365 4376 varietatibus,
3386 4304 3466 4366 de
3484 4308 3544 4367 vi

293 4413 357 4468 et
366 4420 562 4466 sensu
586 4400 939 4471 verborum,
955 4396 1033 4457 de
1046 4391 1349 4456 versionis
1362 4388 1767 4471 proprietate,
1789 4385 2158 4464 ueterisque
2171 4385 2504 4465 ejusmodi,
2516 4387 2747 4466 quibus
2765 4391 3071 4454 conﬂatur
3089 4396 3294 4458 omnis
3313 4408 3543 4464 nostra;

292 4506 482 4585 hujus
507 4499 800 4563 editionis
828 4498 1023 4562 labor.
1047 4491 1301 4556 Laboris
1327 4496 1535 4552 autem
1550 4487 1730 4549 ardui
1748 4484 2074 4565 multiplex
2094 4486 2473 4562 sollicitudo,
2492 4490 2842 4568 praesertim
2862 4492 3157 4557 defuncto
3167 4497 3296 4577 jam
3317 4500 3386 4559 D.
3409 4501 3543 4563 Cle—

294 4608 570 4674 mencet,
596 4600 806 4679 plures
829 4598 1185 4678 requirebat
1202 4610 1449 4667 manus,
1468 4589 1811 4670 etquidem
1840 4604 1971 4650 non
1994 4587 2311 4662 indoctas;
2342 4590 2510 4652 unde
2521 4587 2754 4653 factum
2777 4600 2949 4655 estut
2968 4593 3033 4656 in
3066 4599 3277 4677 operis
3305 4608 3545 4678 partem

300 4701 621 4764 veniretD.
634 4700 712 4761 de
723 4699 1012 4762 Verneuil
1025 4748 1040 4773 ,
1055 4697 1160 4778 qui
1175 4694 1452 4775 ejusdem
1466 4690 1704 4754 ordinis
1726 4707 1857 4751 non
1875 4697 2107 4752 vestem
2123 4688 2351 4763 solum,
2367 4689 2478 4751 sed
2506 4698 2568 4752 et
2585 4691 2908 4754 scientiam
2920 4694 3309 4772 praeferebat.
3322 4700 3547 4763 Tribus

300 4803 380 4864 ab
398 4801 499 4861 his
516 4799 685 4873 viris,
699 4800 961 4879 aliisque
980 4799 1190 4861 forsan
1208 4812 1477 4877 quorum
1492 4792 1795 4861 memoria
1810 4808 1940 4855 non
1974 4798 2281 4872 superest,
2292 4792 2425 4872 jam
2445 4792 2802 4857 confectum
2828 4813 3011 4878 Opus,
3044 4799 3129 4861 nil
3160 4801 3325 4862 aliud
3355 4820 3545 4880 quam

299 4903 845 4989 typograpllorum
874 4920 1125 4966 manum
1150 4909 1509 4982 exspectare
1530 4898 1874 4972 videbatur,
1897 4898 2151 4976 quando
2178 4898 2358 4960 irruit
2377 4898 2583 4962 subito
2601 4900 2792 4961 tristis
2817 4898 3214 4976 violentaque
3241 4900 3543 4978 procella,

298 5029 465 5096 qum,
497 5008 823 5072 concussis
849 5007 1170 5083 religionis
1212 5008 1411 5086 ipsius
1434 5008 1502 5067 in
1530 5004 1725 5067 Gallia
1754 5002 2200 5078 fundamentis,
2229 5021 2442 5067 sacros
2474 5004 2931 5070 monachorum
2965 5001 3218 5067 ordines
3258 5002 3546 5082 spoliavit

302 5104 818 5184 disturbavitque.
848 5101 1141 5166 Maurinis
1169 5108 1397 5176 autem,
1429 5118 1574 5163 cum
1606 5099 1687 5161 ab
1718 5099 1895 5162 avitis
1925 5099 2211 5162 claustris
2238 5100 2392 5162 nudi
2424 5106 2486 5163 et
2510 5108 2768 5179 egentes
2792 5106 3233 5184 abjicerentur,
3264 5106 3351 5170 nil
3379 5108 3541 5170 anti-

300 5212 486 5294 quius
505 5206 626 5270 fuit
658 5223 850 5285 quam
873 5206 1116 5269 caeteris
1134 5208 1426 5269 omnibus
1450 5208 1913 5286 pretiosiorem,
1934 5213 2156 5293 utpote
2174 5208 2361 5271 tantis
2386 5206 2612 5285 vigiliis
2635 5204 3094 5286 sudoribusque
3115 5212 3544 5285 comparatum

369 5339 449 5407 (a)
484 5328 845 5407 Βριθῃάἰᾶριμιρ
869 5337 1016 5407 certe
1042 5330 1317 5407 volumen,
1338 5329 1445 5407 sed
1469 5330 1647 5399 quoad
1679 5338 1863 5407 textus
1883 5330 2333 5407 emendationem
2357 5344 2465 5407 non
2487 5327 3055 5407 adeojextollendnni.
3077 5325 3544 5407 Speciminisloco

296 5393 585 5477 sit‘pagina
622 5403 687 5477 l,_
714 5399 804 5477 ubi
828 5400 1027 5477 legitur
1046 5401 1129 5454 bis
1160 5393 1554 5477 ἁνασθὰσεὼς
1578 5401 1937 5477 ργορναστάσ

1906 5417 2063 5477 σεῳς,
2083 5394 2262 5477 curat;
2283 5413 2382 5469 pro
2405 5393 2579 5477 quem,
2598 5404 2705 5477 etc.
2736 5397 2853 5477 Sed
2871 5396 3015 5477 quod
3042 5393 3361 5477 nili-eris.,‘in
3385 5394 3545 5476 titulo

295 5460 788 5552 pr'imiuvoluminis
806 5460 948 5552 quod
975 5469 1088 5537 jam
1125 5476 1485 5552 peccaverant
1527 5460 1686 5552 primi
1711 5460 2058 5552 typograpliil,
2090 5469 2144 5521 id
2180 5460 3175 5552 nonmodo_retinueruntniiovissimi
3199 5460 3438 5552 editores
3488 5465 3545 5552 in

292 5535 483 5608 eodem
510 5540 676 5598 titulo
706 5535 860 5610 typis
891 5535 1085 5610 iterum
1118 5535 1395 5610 mandato,
1423 5535 1934 5610 supqugfyéfa_prt

1902 5535 1956 5610 Γᾷ
1989 5538 2353 5610 supremi).er
2379 5536 2684 5591 scribentes
2715 5535 2882 5610 (quod
2913 5543 3095 5610 tarn-en
3118 5535 3544 5610 jam_notave_rat

298 5600 493 5674 iiIi-les
523 5614 590 5669 ad
625 5600 885 5678 Biblibth.
923 5605 1092 5678 (ἐι-φο.
1124 5600 1387 5678 F_alirici_i,
1408 5600 1538 5661 tom.
1571 5600 1700 5674 Vill,
1732 5624 1786 5677 ι).
1825 5600 1940 5678 405]

1902 5606 1974 5678 ὅ).
2031 5600 2125 5662 s'ed
2162 5600 2309 5661 aliud
2337 5606 2557 5676 insuper
2586 5600 2841 5669 mendum
2873 5600 3202 5656 addiderunt
3222 5602 3544 5669 Γρεγορίυυ

298 5689 621 5747 exhibentes
651 5692 756 5750 pro
796 5675 835 5727 Γ
840 5675 1116 5747 ρηγορίου.
1139 5676 1295 5732 Enn.
1326 5674 1496 5730 Pun.

622 5779 897 5838 ΡΑτιιοι.
928 5771 1050 5830 (in.
1096 5772 1425 5833 XXXVII.
1730 5780 1735 5786 ‘

1730 5780 1735 5786 ‘
2604 5854 2605 5857 η
3267 5764 3298 5823 1
