4120 6416
604 353 667 406 Η
1751 346 1817 400 Λ.
1860 346 1918 400 Β.
1959 345 2231 403 CAl'..LAl

2301 344 2693 403 PRASFATIO.
3801 358 3827 410 Ι
3845 355 3899 409 2

599 463 987 536 thesaurum,
1020 458 1318 538 fugiendo
1344 457 1613 532 auferre,
1643 463 1726 531 et,
1763 458 1912 519 dum
1947 456 2241 519 transiret
2266 463 2631 538 tempestas,
2661 457 2999 519 occultare.
3032 460 3250 522 Utrum
3280 460 3491 540 plures
3518 460 3694 523 factae
3724 462 3895 525 fue-

601 564 727 626 rint
755 562 1056 643 antehoc
1102 564 1405 642 temporis
1439 562 1986 642 transcriptiones.
2017 580 2146 625 non
2193 564 2341 625 satis
2379 569 2671 636 constat;
2712 570 2953 625 certum
2985 570 3080 625 est
3126 572 3332 628 autem
3379 567 3694 646 duplicem
3729 570 3891 648 jam

602 659 886 723 codicem
914 658 1076 719 inter
1109 657 1585 719 eminentissimi
1607 659 1937 739 cardinalis
1963 660 2083 720 DD.
2118 660 2315 722 Fesch
2344 678 2567 722 manus
2599 660 2880 722 habitum
2924 660 3140 741 fuisse,
3173 681 3439 744 quorum
3482 684 3624 728 cum
3667 668 3888 746 prior,

604 760 796 821 multa
825 759 1097 838 pecunia
1123 766 1541 838 comparatus,
1575 762 1755 839 quasi
1775 779 1810 822 a
1831 762 2089 841 prOpria
2114 764 2670 825 Benedictinorum
2691 780 2878 824 manu
2911 764 3281 845 descriptus.
3314 785 3567 829 manum
3598 768 3888 831 alienam

606 863 927 931 evidemer
952 867 1263 939 argueret,
1295 863 1711 941 posteriorem
1739 865 1969 927 iterum
1998 868 2269 946 pecunia
2298 868 2519 947 majori
2553 865 2820 928 redemit
2851 867 3379 928 eminentissimus
3410 866 3579 928 idem
3614 869 3883 948 Purpu-

606 969 812 1036 ratus;
854 968 1064 1023 utrum
1091 961 1398 1023 veriorem
1425 962 1987 1043 sincerioremque,
2011 971 2245 1027 asserat
2271 965 2381 1043 qui
2408 964 2557 1025 vidit
2582 981 2598 1037 ;
2622 963 2777 1024 mihi
2811 963 2978 1024 enim
2998 963 3171 1025 illum
3200 963 3412 1025 videre
3443 980 3572 1025 non
3608 980 3893 1026 conces-

604 1080 765 1124 sum.
808 1063 1075 1122 Romam
1111 1059 1279 1120 enim
1315 1058 1681 1135 deveniens,
1715 1068 1778 1123 et
1815 1062 1894 1123 ad
1917 1062 2413 1124 Eminentissimi
2461 1061 2657 1140 pedes
2695 1060 3083 1141 provolutus,
3123 1077 3200 1122 eo
3245 1061 3522 1123 audaciae
3566 1060 3885 1124 devenire

605 1179 745 1224 sum
768 1177 976 1234 ausus,
1006 1163 1075 1219 ut
1104 1165 1230 1220 tam
1257 1157 1604 1236 pretiosum
1632 1165 2135 1233 monumentum,
2169 1159 2349 1238 prelo
2379 1158 2586 1219 subito
2636 1157 3086 1233 mandandum,
3111 1157 3506 1220 describendi
3548 1158 3879 1223 licentiam

606 1263 1098 1343 expostularem;
1150 1279 1337 1341 quam
1379 1263 1633 1341 quidem
1679 1269 1941 1343 prepter
1976 1263 2368 1343 gravissimas
2405 1280 2580 1334 sane,
2614 1281 2769 1343 quas
2812 1280 2943 1325 non
2989 1263 3298 1326 discutere
3340 1281 3553 1325 meum
3594 1272 3710 1336 est,
3745 1266 3874 1327 sed

604 1366 900 1443 revereri,
930 1366 1205 1428 rationes
1232 1364 1518 1427 obtinere
1553 1382 1682 1427 non
1726 1366 2009 1443 contigit.
2051 1367 2286 1428 Durum
2314 1371 2524 1427 tamen
2565 1371 2626 1426 et
2669 1383 2948 1427 amarum
2995 1366 3204 1427 animo
3243 1383 3435 1428 sacrm
3479 1367 3874 1446 antiquitatis

605 1464 857 1536 amanti,
919 1461 1286 1542 prmsumpti
1346 1460 1753 1540 pulcherrimi
1820 1461 2054 1525 laboris
2107 1481 2360 1526 omnem
2419 1464 2672 1543 penitus
2724 1481 2903 1543 spem
2979 1464 3269 1542 abjieere.
3350 1464 3547 1540 Mihi,
3632 1465 3868 1543 fateor,

605 1580 857 1644 semper
873 1567 1018 1624 ante
1038 1561 1255 1624 oculos
1276 1560 1717 1621 obversabatur
1735 1560 2082 1621 secundum
2103 1560 2255 1622 illud
2279 1559 2474 1621 sancti
2496 1559 2775 1636 Gregorii
2796 1559 3266 1620 Benedictinum
3287 1560 3868 1640 volumen.Ergone

605 1683 859 1745 semper
883 1664 950 1726 in
992 1664 1180 1726 unius
1200 1660 1599 1723 bibliothecae
1640 1661 1920 1723 tenebris
1951 1662 2266 1742 sepultum
2298 1661 2690 1725 remanebit?
2715 1663 3053 1740 Nunquam
3085 1678 3234 1738 ergo
3265 1663 3371 1723 ﬁet
3398 1665 3634 1743 publici
3657 1647 3869 1745 juris?

604 1764 882 1826 Ecclesia
911 1768 1084 1824 tanto
1111 1760 1350 1822 lumine
1378 1776 1703 1837 nunquam
1739 1758 2034 1822 irradiata
2059 1758 2401 1839 gaudebit?
2429 1761 2577 1822 Haac
2611 1777 2711 1822 me
2740 1760 3076 1837 cogitante,
3116 1760 3322 1823 subito
3356 1761 3521 1825 fama
3564 1765 3642 1826 ad
3676 1782 3864 1828 aures

609 1863 886 1935 affertur,
917 1876 1135 1922 verum
1163 1864 1225 1919 et
1246 1858 1589 1935 genuinum
1612 1859 2026 1920 Maurinensis
2057 1859 2547 1922 elucubrationis
2571 1859 2892 1939 exemplar
2917 1859 3166 1921 Parisiis
3194 1859 3449 1936 haberi;
3482 1863 3553 1924 D.
3591 1863 3670 1926 de
3697 1865 3868 1927 Ver-

610 1961 804 2036 neuil,
834 1960 1129 2024 omnibus
1159 1957 1319 2032 aliis,
1348 1957 1458 2036 qui
1492 1956 1640 2018 huic
1678 1956 1878 2019 labori
1915 1958 2564 2030 communicaverant,
2606 1958 2999 2038 superstitem
3046 1957 3315 2020 fideliter
3351 1960 3504 2023 illud
3543 1980 3863 2038 servasse;

604 2065 736 2125 imo
766 2059 1198 2141 saepiusapud
1235 2059 1447 2137 ipsum
1476 2055 1854 2118 cardinalem
1882 2057 2079 2119 Fesch
2105 2044 2352 2136 egisse,
2387 2064 2458 2120 ut
2493 2058 2672 2138 prelo
2705 2058 3135 2136 subjiceretur,
3194 2078 3336 2122 cum
3381 2052 3625 2140 vigeret
3658 2065 3866 2130 adhuc

607 2161 1027 2244 potentissimi
1081 2159 1331 2240 nepotis
1392 2158 1728 2219 auctoritas
1765 2205 1779 2232 ,
1845 2160 2270 2239 eumdemque
2337 2168 2539 2222 morte
2598 2160 2848 2222 tandem
2917 2168 3297 2240 praaventum
3329 2209 3345 2236 ,
3407 2161 3556 2224 dum
3616 2172 3869 2241 regeret

606 2264 816 2326 Sancti
844 2258 1124 2340 Dionysii
1174 2275 1377 2338 prope
1433 2258 1706 2319 Parisios
1761 2258 2151 2337 parochiam,
2191 2259 2346 2322 illud
2407 2261 2711 2340 proximis
2768 2262 3122 2340 reliquisse,
3179 2263 3288 2343 qui
3330 2264 3463 2343 ejus
3519 2265 3866 2329 etiamnum

606 2361 1008 2443 possessione
1042 2358 1430 2420 fruebantur.
1463 2358 1592 2417 Nec
1620 2372 1795 2418 mora
1822 2374 1835 2416 :
1865 2358 2274 2435 inquiruntur
2293 2360 2363 2418 D.
2390 2359 2468 2420 de
2488 2359 2779 2421 Verneuil
2812 2360 3121 2436 hmredes,
3159 2378 3278 2424 nec
3300 2362 3497 2425 multo
3514 2371 3657 2443 post
3680 2365 3866 2427 inve‘

606 2461 867 2523 niuntur
883 2476 898 2531 ;
914 2457 1230 2518 invenitur
1249 2471 1391 2516 cum
1414 2453 1534 2514 illis
1553 2453 1870 2531 pretiosus
1891 2452 2094 2515 codex
2118 2471 2134 2528 ;
2159 2471 2378 2515 severo
2396 2453 2720 2533 subjicitur
2741 2456 3045 2529 examini;
3088 2459 3381 2537 giganteo
3407 2460 3622 2523 labore
3650 2464 3870 2542 prodi-

607 2565 711 2621 tur
745 2557 1170 2620 Maurinorum
1200 2553 1568 2631 ingenium;
1606 2552 1928 2630 castigatio
1970 2558 2201 2629 textus,
2239 2552 2715 2614 adnotationum
2754 2555 3138 2633 proprietas,
3181 2559 3486 2621 versionis
3530 2559 3864 2640 perfectio,

610 2660 980 2722 variantium
1005 2658 1349 2721 lectionum
1393 2654 1674 2717 delectus
1696 2660 1757 2715 et
1783 2654 2144 2729 multitudo,
2176 2655 2503 2734 scripturae
2546 2655 2746 2734 ipsius
2776 2663 3066 2733 vetustas,
3100 2656 3253 2720 nihil
3296 2665 3389 2721 est
3415 2662 3585 2739 quod
3614 2679 3743 2724 non
3782 2663 3866 2725 ad

610 2757 1129 2820 manifestandam
1154 2756 1477 2817 veritatem
1507 2765 1859 2820 concurrat.
1893 2755 2028 2814 Imo
2057 2758 2118 2814 et
2151 2752 2459 2814 editorum
2481 2753 2759 2827 nomina,
2792 2760 2853 2815 et
2878 2756 3244 2818 eorumdem
3268 2757 3766 2835 deliberationes,
3800 2767 3870 2823 et

610 2855 819 2918 danda
849 2855 1261 2937 typographis
1296 2851 1578 2926 consilia,
1610 2858 1671 2913 et
1705 2850 2029 2930 sequenda
2060 2850 2127 2911 in
2157 2850 2400 2912 cunctis
2439 2849 2775 2912 methodus
2816 2869 2950 2913 rem
2992 2853 3078 2915 ita
3123 2855 3289 2918 clare
3317 2856 3651 2933 elucidant,
3684 2866 3753 2921 ut
3793 2857 3865 2921 in

613 2958 874 3021 dubium
910 2954 1191 3018 revocari
1219 2968 1349 3023 non
1378 2949 1601 3030 possit.
1630 2950 1836 3013 Unum
1858 2957 1918 3014 et
1942 2952 2202 3031 quidem
2223 2952 2536 3016 difﬁcilius
2562 2953 2725 3017 forte
2753 2956 3201 3020 inveniendum
3223 2963 3606 3038 remanebat,
3631 2981 3864 3045 nempe

610 3059 839 3120 fortem
865 3056 1293 3135 audacemque
1313 3052 1535 3126 virum,
1561 3052 1669 3131 qui
1699 3058 1761 3114 et
1787 3053 2070 3115 codicem
2098 3055 2338 3132 argenti
2364 3055 2648 3134 pondere
2682 3074 3070 3138 comparare,
3100 3068 3161 3122 et
3188 3067 3615 3140 comparatum
3647 3063 3868 3141 ingen-

611 3156 779 3218 tibus
808 3156 1152 3235 dispendiis
1187 3155 1356 3239 typis
1392 3158 1689 3219 mandare
1719 3173 1852 3219 non
1882 3157 2337 3220 reformidaret.
2368 3160 2866 3224 Detrectantibus
2912 3164 3048 3226 aliis
3075 3166 3446 3244 quibusdam
3477 3167 3864 3246 periculum-

613 3272 737 3335 que
786 3256 996 3317 subire
1026 3256 1480 3332 recusantibus,
1518 3257 1773 3318 obvium
1814 3273 1881 3318 se
1923 3255 2071 3318 fecit
2115 3257 2278 3319 ultro
2326 3258 2397 3318 D.
2426 3260 3036 3336 Parent-Desbarres,
3070 3263 3179 3342 qui
3202 3264 3330 3342 jam
3378 3263 3457 3325 de
3502 3262 3760 3326 scientia
3801 3273 3867 3329 et

613 3355 917 3434 religione
946 3356 1154 3418 multis
1186 3355 1565 3419 editionibus
1586 3359 1647 3415 et
1674 3353 2023 3433 praesertim
2052 3352 2422 3417 Collectione
2453 3356 2568 3416 SS.
2597 3359 2859 3418 Patrum
2887 3357 3050 3419 bene
3079 3358 3358 3433 meritus,
3389 3359 3681 3421 meritum
3707 3360 3865 3423 illud

614 3469 846 3517 novum
869 3455 1371 3533 praecedentibus
1401 3452 1825 3534 superaddere
1859 3452 2074 3514 voluit.

1978 3575 2404 3635 ARTICULUS
2432 3577 2509 3635 ΙΙ.

1101 3702 1191 3760 De
1219 3700 1495 3761 nondum
1522 3701 1709 3763 editis
1731 3720 1769 3760 a
1793 3701 2195 3763 Maurinensi
2232 3702 2708 3780 congregatione
2746 3702 3039 3781 Gregorii
3060 3703 3369 3781 operibus.

691 3817 908 3880 Omnia
929 3818 1095 3882 beati
1120 3821 1404 3883 Doctoris
1428 3838 1621 3901 opera
1642 3829 1768 3883 tres
1787 3820 1865 3882 ad
1893 3820 2122 3883 classes
2142 3820 2499 3883 necessario
2527 3827 2920 3895 revocantur,
2951 3837 3216 3900 quarum
3238 3821 3460 3901 prima,
3489 3824 3862 3886 Sermones;

615 3917 912 3993 secunda,
945 3919 1292 3998 Epistolas;
1336 3921 1539 3993 tertia,
1574 3922 1868 3983 Poemata
1910 3919 2369 3999 complectitur.
2406 3920 2742 3996 Gregorius
2776 3920 2943 3981 enim
2981 3926 3050 3980 ut
3084 3919 3150 3981 in
3189 3922 3543 4000 perorando
3579 3922 3862 3984 sublimis

615 4022 678 4078 et
710 4015 1038 4105 facundus,
1069 4019 1159 4081 ita
1178 4026 1238 4081 et
1266 4020 1331 4081 in
1360 4022 1693 4084 scribendo
1717 4021 1951 4082 nitidus
1983 4025 2170 4097 atque
2190 4018 2413 4094 facilis,
2441 4024 2502 4079 et
2527 4018 2594 4079 in
2623 4018 2932 4081 cantando
2956 4019 3204 4096 grandis
3224 4026 3285 4082 et
3302 4038 3585 4082 ammnus
3606 4019 3857 4081 exstitit.

691 4122 1026 4185 Sermones
1055 4124 1311 4202 quidem
1341 4143 1562 4187 omnes
1581 4127 1709 4205 jam
1732 4144 1767 4187 a
1785 4123 2208 4187 Benedictinis
2236 4123 2484 4185 meliori
2514 4124 2735 4185 ordine
2762 4122 2933 4197 editi,
2956 4129 3016 4184 et
3045 4119 3250 4202 quoad
3270 4125 3507 4181 textum
3527 4117 3858 4192 emendati,

613 4219 677 4280 in
702 4221 907 4300 primo
931 4224 1244 4286 volumine
1275 4225 1606 4301 habentur,
1636 4235 1875 4288 servata
1900 4224 2093 4286 veteri
2121 4222 2380 4285 Billiana
2413 4223 2722 4298 versione,
2751 4222 2861 4285 sed
2903 4222 2969 4283 in
2999 4220 3208 4285 multis
3242 4218 3655 4296 maximisque
3687 4216 3863 4279 casti-

616 4328 777 4398 gata,
809 4323 1245 4403 deeerptisque
1291 4333 1559 4404 quatuor
1586 4327 1997 4400 orationibus,
2024 4340 2254 4402 nempe
2282 4341 2426 4395 XLV,
2459 4341 2634 4399 XLVI,
2663 4342 2721 4385 LI
2750 4329 2812 4386 et
2845 4340 2949 4397 LII,
2979 4340 3120 4402 qua:
3162 4338 3290 4383 non
3318 4320 3481 4380 inter
3512 4332 3858 4387 sermones,

617 4423 725 4483 sed
764 4422 929 4485 inter
955 4426 1249 4503 epistolas
1286 4426 1605 4487 evidenter
1641 4427 2049 4500 eolloeandm,
2086 4426 2414 4507 proprium
2456 4424 2525 4485 in
2562 4424 2797 4495 locum,
2829 4429 2897 4483 ut
2926 4440 3041 4502 par
3070 4426 3220 4492 erat,
3251 4418 3501 4479 fuerunt
3532 4423 3856 4478 revocataa.

618 4521 874 4581 Restant
904 4521 1092 4598 igitur
1113 4522 1395 4602 epistola)
1417 4530 1478 4584 et
1499 4531 1811 4602 poemata,
1842 4540 1982 4602 qua:
1997 4523 2129 4602 jam
2152 4523 2219 4583 in
2239 4521 2558 4601 publicum
2588 4520 2872 4580 emittere
2901 4517 3248 4577 statuimus.

693 4619 1010 4698 Epistolm,
1038 4639 1179 4700 quae
1202 4622 1454 4683 nonnisi
1491 4621 1604 4683 232
1636 4622 1701 4682 in
1734 4623 2071 4683 novissima
2103 4622 2375 4682 editione
2407 4619 2664 4680 Billiana
2699 4616 3013 4693 leguntur,
3051 4608 3452 4692 superaddite
3479 4615 3688 4671 autem
3722 4609 3856 4669 Mo-

616 4721 877 4784 relliano
918 4724 1355 4803 supplemento
1390 4723 1527 4798 242,
1560 4725 1669 4787 sed
1700 4743 1842 4804 qum
1873 4742 2109 4798 revera,
2142 4721 2488 4785 amendatis
2531 4735 2672 4798 quae
2700 4717 2796 4779 vel
2835 4716 2912 4778 ad
2944 4714 3235 4776 Basilium
3272 4711 3607 4793 pertinent,
3636 4708 3734 4771 vel
3763 4708 3860 4769 bis

616 4829 1165 4901 repraesentantur,
1197 4825 1614 4905 superadditis
1644 4831 1851 4886 autem
1873 4843 2014 4905 quae
2042 4823 2135 4885 vel
2167 4839 2243 4884 ex
2265 4820 2652 4909 orationibu§
2682 4818 3119 4890 desumuntur,
3167 4813 3265 4875 vel
3307 4811 3560 4875 aliunde
3605 4811 3860 4909 fuerunt

618 4926 928 4996 extractae,
957 4922 1036 4984 ad
1064 4922 1177 4983 243
1207 4941 1539 4986 numerum
1566 4932 1922 5002 assurgunt,
1944 4924 2029 4985 ita
2062 4926 2575 5000 argumentorum
2597 4908 2949 4978 diversitate
2978 4922 3037 4975 et
3061 4913 3347 4975 varietate
3367 4908 3681 4972 scribendi
3707 4908 3861 4969 tem-

617 5022 934 5092 perantur,
967 5017 1157 5079 modo
1190 5018 1268 5079 de
1295 5018 1663 5097 theologicis
1693 5018 1814 5080 alte
1843 5018 2027 5080 simul
2052 5025 2114 5079 et
2142 5014 2413 5079 dilucide
2435 5013 2834 5087 disserentes,
2866 5012 3056 5074 modo
3090 5011 3169 5072 de
3212 5007 3665 5090 philosOphicis
3695 5006 3858 5069 clare

619 5121 950 5199 tractantes
981 5127 1044 5181 et
1073 5120 1442 5197 sublimiter,
1474 5140 1643 5184 nunc
1683 5139 1934 5184 reorum
1964 5141 2000 5185 a
2029 5121 2417 5202 principibus
2444 5118 2691 5180 veniam
2721 5126 3015 5200 potenter
3039 5117 3467 5197 implorantes,
3503 5132 3668 5177 nunc
3698 5130 3854 5175 con-

616 5217 752 5280 silia
774 5219 980 5297 parvis
1018 5227 1081 5281 et
1114 5224 1355 5300 magnis
1384 5224 1826 5303 dispertientes
1851 5222 2189 5302 sapienter,
2211 5221 2546 5301 aliquando
2586 5221 2773 5283 etiam
2811 5221 2890 5284 de
2930 5218 3202 5283 minimis
3246 5234 3389 5279 cum
3429 5216 3855 5292 familiaribus,

617 5319 728 5380 sed
750 5336 879 5381 non
900 5319 1160 5380 minimo
1186 5320 1337 5393 sale,
1360 5322 1668 5399 jocantes,
1698 5329 1768 5383 ut
1790 5320 2040 5382 ditlicile
2072 5321 2150 5381 sit
2171 5319 2509 5381 admodum
2538 5326 2828 5393 statuere,
2861 5318 3088 5398 quibus
3117 5314 3416 5392 gratiores
3450 5314 3855 5396 utilioresque

620 5419 860 5498 possint
882 5416 1167 5493 evadere,
1198 5424 1409 5478 utrum
1438 5417 1722 5480 videlicet
1756 5418 2060 5495 religiosa:
2090 5417 2417 5492 doctrinae,
2448 5435 2527 5478 an
2558 5417 2871 5480 saecularis
2899 5415 3204 5477 facundite
3234 5413 3525 5476 curiosis.

695 5523 986 5583 Poemata
1016 5538 1188 5597 vero,
1222 5538 1363 5601 qua:
1394 5537 1524 5583 non
1554 5521 1756 5582 solum
1787 5536 2073 5593 numero,
2101 5518 2212 5580 sed
2240 5518 2401 5580 forte
2422 5519 2676 5597 ingenio
2704 5517 2998 5597 epistolas
3026 5522 3344 5597 superant,
3372 5531 3501 5575 non
3531 5514 3854 5594 captanda,

622 5618 936 5699 pepularis
964 5636 1152 5693 aurae,
1186 5637 1398 5682 verum
1438 5619 1881 5698 promovendis
1912 5618 2156 5698 pietatis
2178 5616 2387 5678 studio
2419 5616 2792 5695 conscripta,
2824 5615 2969 5677 ideo
3014 5632 3048 5677 a
3089 5614 3271 5676 beato
3300 5614 3562 5675 Doctore
3600 5611 3853 5675 fuerunt

618 5715 991 5795 composita,
1022 5716 1148 5777 sive
1201 5722 1267 5777 ut
1302 5716 1698 5795 Apollinaris,
1729 5717 2015 5778 haeresim
2046 5711 2286 5776 emissis
2308 5714 2373 5775 in
2402 5714 2719 5793 publicum
2751 5715 3030 5803 cautibus
3052 5711 3444 5783 insinuantis,
3476 5707 3854 5771 carminibus
