4158 6454
520 418 585 479 l5
1671 414 1737 468 Α.
1778 412 1850 471 Β,’
1876 411 2162 470 CAILLAL‘

2130 413 2171 470 υ
2212 412 2601 469 Ρηιεινλτιο.
3702 426 3771 482 ιδ

842 534 1052 591 Notitia
1091 533 1330 590 codicum
1363 535 1558 605 quibus
1588 536 1653 591 in
1672 533 2015 595 enuntiandis
2046 532 2106 589 S.
2144 533 2383 604 Gregorii
2407 533 2734 607 poematibus
2765 534 2848 589 usi
2874 544 2995 589 sunt
3027 534 3172 591 docti
3202 536 3456 592 editores.

519 651 648 720 Reg.
734 648 886 720 Regii
919 650 1125 720 plures,
1153 650 1246 715 59,
1268 650 1394 715 990,
1421 651 1550 720 991.
1578 650 1707 713 992.
1731 649 1860 716 993,
1887 649 2048 720 12η,
2072 657 2185 705 etc.

518 718 692 775 Paris.
729 718 961 775 Codices
990 734 1056 777 ex
1084 719 1412 779 bibliotheca
1452 719 1777 784 Parisiensi,
1806 735 1955 775 nunc
1993 718 2181 787 Regia.

517 790 671 866 εξοιι).
738 789 979 866 {lodices
994 805 1060 842 ex
1088 789 1424 866 bibliotheca
1456 790 1798 866 (lolbertina,
1828 789 2197 866 it_em_pariter
2224 802 2371 843 nunc
2402 787 2597 866 Regia.

520 857 640 911 Vat.
731 860 912 913 Codex
941 856 1125 913 Romae
1150 858 1385 914 collatus
1413 862 1470 917 in
1498 860 1827 915 bibliotheca
1860 856 2147 911 Vaticana.

515 928 690 989 Coisl.
730 928 910 1000 Codex
943 928 1500 1000 ms._es_bibliotheca
1532 928 1593 983 Ι).
1626 928 1697 985 de
1720 928 1956 999 Coislin,
1981 927 2183 985 deinde
2209 928 2265 985 in
2294 926 2628 984 bibliotheca
2657 925 2716 983 S.
2743 926 3004 983 Germani
3031 943 3063 983 a
3086 926 3290 992 Pratis,
3324 943 3473 983 nunc
3501 928 3558 983 in
3584 929 3769 1000 Regia.

798 996 969 1050 llahet
992 997 1212 1077 scholia
1228 1013 1398 1077 super
1408 998 1588 1077 lineas
1612 1000 1843 1077 scripta.

517 1067 669 1136 tlhig.
728 1065 911 1119 [totum
942 1066 1177 1120 collatus
1200 1067 1256 1119 in
1293 1064 1620 1121 bibliotheca
1640 1064 2064 1121 eminentissimi
2097 1066 2227 1120 olim
2255 1064 2766 1136 cardinalisChlgi.

520 1134 709 1193 Medic.
734 1136 921 1195 Codex
957 1150 1063 1195 ms.
1094 1151 1158 1189 ex
1190 1135 1517 1199 bibliotheca
1549 1136 1801 1194 Medicam
1833 1136 2146 1195 Florentiae.
2178 1136 2441 1191 Continet
2471 1135 2646 1194 multa
2702 1134 2709 1135 “
2772 1142 2931 1191 ,mnta
2956 1149 2997 1189 a
3039 1134 3340 1191 Muratorio
3360 1136 3531 1193 edita.

520 1204 675 1256 Vind.
724 1205 911 1256 Codex
943 1203 1384 1256 Vindoboncnsis
1412 1206 1777 1256 bibliotheca}.
1810 1222 1878 1256 ex
1907 1223 2018 1256 nuo
2046 1220 2201 1256 suam
2232 1206 2530 1256 editionem
2554 1151 2795 1256 conﬁxit
2821 1204 3058 1256 Tollius.

2689 1224 2750 1259 ιοηέ

518 1204 675 1263 Vind.
724 1205 911 1263 Codex
943 1203 1384 1267 Vindoboncnsis
1412 1206 1777 1270 bibliotheca,
1810 1222 1879 1265 ex
1907 1223 2018 1283 quo
2046 1220 2201 1259 suam
2232 1206 2530 1261 editionem
2554 1203 2795 1259 confecit
2821 1204 3058 1260 Tollius.

1903 1322 2121 1381 Codices
2170 1323 2372 1377 neuti.

584 1434 844 1507 Catalogo
871 1432 1175 1489 editionum
1207 1441 1449 1491 veterum
1481 1448 1608 1501 qua:
1634 1432 1796 1504 primi
1822 1433 2123 1491 voluminis
2150 1433 2331 1499 initio,
2362 1450 2416 1504 p.
2461 1450 2552 1493 xu
2601 1434 2732 1507 (col.
2780 1434 2895 1505 30),
2947 1431 3224 1504 leguntur,
3272 1433 3452 1504 quoad
3507 1438 3775 1496 carmina,

518 1506 763 1561 addenda
801 1511 931 1557 sunt
960 1518 975 1554 :

517 1574 658 1630 Toll.
722 1573 910 1644 Tullii,
926 1571 1196 1644 Carmina
1227 1587 1433 1644 cygnea
1458 1572 1517 1628 ὃ.
1544 1571 1821 1643 Gregorii,
1854 1571 1910 1626 in
1937 1569 2159 1639 lmignil

2132 1571 2241 1624 ibus
2274 1572 2484 1626 itineris
2511 1571 2720 1636 Italici,
2749 1569 2993 1641 Traiecti
3036 1571 3103 1625 ad
3158 1570 3430 1633 Rhenum,
3466 1588 3556 1625 an.
3616 1570 3774 1634 1606,

799 1643 812 1654 .
919 1643 941 1673 ο
1262 1641 1276 1644 -
1304 1641 1321 1643 -
1668 1641 1681 1643 ἡ

518 1712 714 1767 Muret.
734 1641 1015 1766 Mtigaforii
1042 1710 1300 1765 Analecta
1331 1709 1541 1770 Graeca.
1564 1711 1822 1770 Padovae.
1854 1725 1944 1766 an.
1974 1710 2137 1775 1709,
2173 1710 2342 1765 iit-4°.

514 1782 694 1837 Gaull.
733 1781 976 1852 Dionysii
1015 1778 1270 1852 Gaullyer
1297 1781 1518 1835 collecta
1547 1781 1656 1834 divi
1685 1779 1926 1850 Gregorii
1954 1779 2253 1841 Poematia,
2286 1778 2516 1834 Parisiis
2540 1794 2632 1833 an.
2670 1778 2830 1843 1718,
2862 1777 3046 1832 ἱππ-η.

593 1901 823 1960 Omnes
853 1896 1080 1959 horum
1111 1896 1425 1971 codicum,
1459 1896 1588 1958 sive
1633 1896 2227 1976 manuscriptorum,
2265 1896 2394 1958 sive
2439 1913 2813 1958 excusorum
2841 1894 3040 1957 varias
3076 1893 3402 1968 lectiones,
3434 1894 3604 1956 docti
3643 1893 3780 1955 edi-

511 2006 683 2063 tores
713 1999 1009 2062 attentius
1034 1996 1415 2074 selegerunt,
1448 2002 1511 2057 et
1539 1994 1758 2057 sedula
1769 1995 2185 2088 distinctione
2216 1994 2596 2061 adnotarunt
2624 1994 2830 2073 primo
2858 1992 2925 2053 in
2944 1991 3222 2068 margine
3242 1992 3466 2053 veteris
3485 1991 3781 2053 editionis

511 2104 815 2179 Billianaa,
849 2120 1040 2183 quam
1073 2101 1154 2164 ad
1180 2117 1404 2164 manus
1424 2100 1757 2174 habemus,
1781 2107 1845 2162 et
1874 2099 2104 2165 deinde
2133 2099 2199 2160 in
2229 2098 2418 2173 notis,
2446 2114 2605 2177 quas
2634 2096 2714 2159 ad
2740 2096 3025 2158 inﬁmum
3054 2094 3298 2174 pagina
3326 2093 3535 2157 locum
3564 2094 3774 2172 diges-

509 2209 748 2277 serunt,
769 2201 1038 2286 servatis
1069 2201 1137 2263 in
1166 2207 1339 2265 textu
1372 2202 1578 2267 verbis
1607 2218 1750 2281 qum
1778 2202 1859 2265 ad
1888 2184 2089 2265 sancti
2117 2200 2403 2267 Doctoris
2432 2216 2690 2264 sensum
2720 2198 2988 2278 prepius
3016 2197 3145 2261 visa
3173 2204 3318 2259 sunt
3346 2196 3671 2259 accedere.

583 2307 662 2369 II.
692 2304 803 2366 His
830 2302 995 2366 curis
1014 2301 1094 2365 ad
1112 2303 1579 2367 emendandum
1596 2309 1836 2369 textum
1856 2302 2179 2376 adhibitis,
2196 2302 2275 2365 de
2301 2302 2591 2369 versione
2610 2301 2961 2377 agitabatur
2985 2297 3276 2377 questio,
3302 2302 3510 2359 utrum
3541 2298 3777 2359 scilicet

509 2422 672 2467 nova
699 2404 1133 2474 adornaretur,
1163 2419 1243 2464 an
1283 2408 1636 2465 servaretur
1663 2403 1858 2482 prior.
1896 2402 2162 2465 Billiana
2200 2401 2608 2481 epistolarum
2642 2399 3098 2479 interpretatio,
3156 2402 3289 2457 tum
3321 2402 3578 2474 prepter
3606 2392 3775 2455 docti

512 2505 624 2566 viri
659 2503 1091 2574 reverentiam,
1122 2508 1258 2563 tum
1287 2504 1550 2578 propter
1572 2498 1898 2561 sententite
1936 2498 2379 2565 rectitudinem
2415 2504 2477 2559 et
2521 2497 2819 2560 dictionis
2866 2493 3239 2573 elegantiam
3278 2508 3409 2557 non
3454 2489 3771 2563 mutanda,

512 2601 626 2663 sed
655 2600 721 2661 in
750 2596 1077 2662 nonnullis
1101 2595 1500 2661 solummodo
1531 2594 1915 2677 perﬁcienda
1939 2596 2069 2659 visa
2100 2602 2216 2673 est,
2247 2596 2429 2658 sicuti
2474 2602 2537 2657 et
2584 2596 2650 2656 in
2685 2595 2893 2675 primo
2921 2591 3237 2661 volumine
3267 2591 3431 2655 circa
3461 2591 3779 2653 orationes

514 2702 717 2763 fuerat
736 2700 1104 2763 factitatum.
1138 2700 1279 2761 Non
1311 2697 1532 2759 eadem
1562 2705 1770 2761 autem
1790 2699 2024 2779 placuit
2053 2700 2226 2779 ratio,
2265 2698 2521 2779 quando
2549 2699 2630 2762 de
2662 2697 3042 2761 carminibus
3068 2678 3275 2758 actum
3297 2695 3577 2755 est.Cum
3607 2694 3776 2756 enim

514 2800 731 2862 Billius
758 2799 1113 2861 versionem
1141 2796 1455 2879 poeticam
1483 2797 2038 2876 fueritaggressus,
2058 2799 2143 2860 ita
2155 2816 2325 2879 saepe
2355 2799 2539 2860 metri
2570 2798 2942 2861 necessitate
2969 2796 3085 2858 fuit
3114 2794 3510 2869 constrictus,
3540 2803 3610 2856 ut
3637 2812 3780 2856 scn-

513 2918 655 2962 sum
679 2900 869 2962 modo
897 2898 1305 2979 ampliﬁcare,
1334 2897 1529 2959 modo
1555 2903 1871 2973 truncare,
1901 2914 2073 2977 saepe
2104 2898 2292 2959 etiam
2310 2896 2409 2959 vel
2440 2898 2734 2970 obscure,
2754 2894 2852 2958 vel
2878 2912 3101 2981 parum
3129 2900 3416 2957 accurate
3438 2910 3779 2974 repraesen-

511 3009 645 3063 tare
675 3006 1026 3077 cogeretur.
1057 3000 1229 3060 Nova
1256 2996 1468 3074 igitur,
1498 3014 1645 3077 qum
1668 3003 1870 3058 totum
1900 2996 2193 3060 redderet
2219 2998 2614 3075 Gregorium,
2648 2996 2796 3059 licet
2824 2994 3104 3075 pedestri
3132 3010 3448 3068 sermone,
3482 2994 3771 3072 require-
3858 2998 3865 3005 “

513 3103 696 3163 batur
730 3099 1166 3179 interpretatio
1183 3115 1196 3159 :
1212 3104 1275 3160 et
1302 3097 1403 3160 hic
1416 3098 2369 3177 fuitmagnusBenedictinorum
2389 3099 2697 3162 sodalium
2718 3099 2916 3173 labor,
2940 3113 3130 3179 quem
3152 3096 3342 3159 hodie
3372 3097 3604 3179 publici
3616 3097 3778 3176 juris

513 3196 798 3259 facimus.
827 3194 961 3257 Tali
988 3199 1200 3256 autem
1227 3193 1295 3255 in
1326 3194 1529 3274 pretio
1558 3201 1702 3259 sunt
1730 3195 1895 3257 Billii
1920 3196 2220 3272 carmina,
2240 3204 2482 3259 tantum
2502 3196 2829 3275 ingenium
2860 3203 2923 3259 et
2949 3196 3213 3259 sudores
3238 3203 3445 3261 tantos
3477 3197 3775 3277 produnt,
3872 3224 3873 3227 η

514 3303 585 3359 ut
612 3298 678 3358 in
709 3314 856 3360 eum
884 3295 1093 3357 minus
1125 3294 1398 3359 humane
1423 3305 1735 3377 ageretur,
1769 3299 1822 3362 si
1850 3299 1928 3362 ab
1958 3299 2075 3362 hac
2102 3318 2264 3362 nova
2292 3301 2778 3363 amandarentur
2805 3301 3101 3362 editione.
3135 3300 3314 3362 Unde
3343 3301 3777 3363 Benedictino—

514 3411 655 3456 rum
685 3392 1036 3474 proposito,
1067 3391 1239 3471 quod
1278 3393 1341 3455 in
1375 3411 1596 3457 eorum
1626 3394 1857 3459 chartis
1896 3396 2279 3476 descriptum
2314 3395 2690 3471 invenimus,
2732 3397 2999 3461 ﬁdeliter
3038 3402 3418 3477 insistentes,
3451 3403 3776 3466 Billianam

514 3496 868 3558 versionem
897 3494 1225 3572 metricam
1238 3492 1316 3555 ad
1342 3492 1710 3559 inferiorem
1730 3493 1979 3574 paginas
2009 3494 2356 3572 marginem
2410 3494 2782 3570 dimisimus,
2809 3496 3010 3575 posita
3031 3515 3110 3560 ex
3129 3499 3390 3562 adverso
3410 3500 3774 3577 Gregoriani

519 3604 722 3660 textus
750 3597 1035 3677 prosaica
1066 3595 1350 3675 quidem,
1376 3596 1487 3658 sed
1516 3603 1732 3658 exacta
1763 3596 1961 3674 magis
1980 3595 2527 3676 interpretatione.

593 3701 700 3761 IlI.
731 3702 822 3765 Ex
850 3699 975 3762 hoc
1003 3715 1173 3772 vero,
1208 3700 1352 3778 post
1379 3699 1584 3756 textus
1612 3695 2095 3768 correctionem,
2128 3701 2189 3756 et
2227 3694 2591 3756 ﬁdelitatem
2621 3695 2959 3770 versionis,
3017 3698 3259 3760 accedit
3323 3697 3586 3761 editioni
3634 3699 3773 3761 cui-

517 3813 769 3875 cunque
797 3795 1090 3876 pretium,
1125 3790 1297 3873 quod
1327 3790 1528 3853 doctis
1555 3791 1941 3868 argumentis
1972 3797 2034 3853 et
2067 3790 2314 3853 selectis
2342 3792 2684 3857 instruatur
2710 3794 2898 3868 notis,
2928 3801 3063 3856 tum
3100 3794 3177 3856 ad
3216 3795 3587 3859 elucidanda
3632 3814 3771 3876 qua:

517 3895 782 3959 obscura
811 3899 982 3966 sunt,
1008 3898 1140 3953 tum
1170 3890 1252 3953 ad
1276 3888 1632 3951 revocanda
1665 3889 1735 3951 in
1770 3888 2076 3952 lectorum
2107 3889 2476 3953 memoriam
2510 3907 2653 3969 qum
2697 3889 2775 3951 ad
2819 3889 3107 3953 historias
3133 3909 3337 3955 sacras
3376 3900 3438 3955 et
3481 3892 3778 3972 profanas

515 3989 899 4061 referuntur,
923 3993 1062 4048 tum
1087 3985 1167 4048 ad
1190 3984 1580 4062 indigitanda
1608 4000 1751 4066 qum
1773 3985 1960 4049 ﬁdem
1988 3992 2254 4066 possunt
2282 3987 2655 4049 conﬁrmare
2682 3994 2741 4050 et
2768 3987 3098 4054 btereticas
3122 3993 3480 4054 subvertere
3508 3992 3778 4068 fabulas,

513 4097 646 4154 tum
673 4092 752 4155 ad
777 4088 1145 4173 erplicanda
1174 4101 1571 4168 quaecunque
1600 4083 2042 4161 cognoscenda
2070 4090 2215 4147 sunt
2240 4085 2406 4147 circa
2434 4102 2661 4163 genus,
2684 4087 2873 4149 vitam
2900 4095 2961 4151 et
2984 4090 3183 4153 varias
3216 4089 3541 4153 hominum
3569 4092 3779 4175 dotes,

519 4204 766 4252 necnon
796 4192 858 4251 et
886 4187 1049 4251 circa
1077 4185 1366 4249 locorum
1400 4188 1462 4243 et
1490 4181 1803 4243 factorum
1828 4181 2175 4243 varietates.
2204 4181 2382 4255 Quod
2409 4182 2667 4262 quidem
2692 4188 2966 4263 pretium
2999 4186 3146 4250 huic
3177 4188 3600 4251 Benedictinaa
3635 4190 3771 4252 edi-

519 4287 673 4351 tioni
723 4288 979 4350 minime
1035 4286 1257 4349 deesse
1328 4284 1579 4348 facilius
1633 4282 1942 4357 advertat,
1988 4283 2279 4364 quisquis
2327 4292 2511 4347 notas
2565 4291 2629 4348 et
2679 4298 3050 4366 argumenta
3113 4289 3209 4354 vel
3266 4289 3499 4355 cursim
3560 4288 3774 4371 legere

517 4391 803 4453 voluerit.

596 4490 696 4550 IV.
728 4487 819 4548 Ad
843 4487 967 4548 hoc
994 4485 1235 4548 accedit
1263 4482 1580 4563 sapienter
1605 4483 1884 4561 digestus
1907 4481 2309 4545 materiarum
2342 4480 2525 4557 ordo,
2555 4482 2640 4546 ita
2670 4484 2907 4551 scilicet
2935 4494 3004 4549 ut
3029 4487 3309 4566 epistolae
3324 4488 3502 4568 juxta
3529 4489 3776 4552 metho-

521 4591 674 4654 dum
697 4587 1211 4666 chronologicam
1236 4585 1482 4665 posita),
1515 4585 1743 4648 seriem
1769 4585 2045 4648 historia)
2063 4585 2241 4664 juxta
2262 4591 2515 4666 tempus
2534 4585 2821 4647 evolvant
2846 4603 2864 4659 ;
2893 4586 3166 4647 carmina
3194 4602 3342 4648 vero
3374 4588 3459 4649 ita
3484 4589 3561 4650 ad
3593 4606 3775 4667 argu-

523 4696 880 4779 mentorum
906 4693 1280 4751 revocentur
1304 4691 1791 4763 connexionem,
1824 4695 1913 4765 ut,
1938 4707 2084 4752 cum
2111 4689 2191 4753 de
2224 4688 2537 4752 historicis
2561 4689 2787 4766 agitur,
2820 4690 2979 4753 ordo
3010 4689 3493 4770 chronologicus
3519 4692 3773 4767 iterum,

519 4797 824 4875 quantum
840 4791 907 4852 in
926 4789 1026 4850 his
1046 4787 1177 4850 ﬁeri
1197 4795 1427 4866 potest,
1453 4789 1722 4852 ﬁdeliter
1747 4795 2121 4865 asservetur,
2139 4788 2217 4851 iis
2243 4789 2557 4863 omnibus,
2582 4806 2853 4868 quorum
2873 4796 3121 4870 tempus
3140 4790 3399 4855 dubium
3422 4799 3771 4871 permanet,

519 4897 597 4965 ad
626 4894 861 4973 calcem
894 4891 1215 4969 ablegatis.

594 4996 668 5056 ν.
701 4994 817 5055 Hic
856 4989 1293 5070 subjungimus
1331 4988 1486 5050 duas
1533 4986 1789 5049 maximi
1820 4986 2126 5048 momenti
2154 4986 2611 5061 adnotationes,
2652 5004 2810 5066 quas
2848 5004 2927 5055 ex
2962 4989 3189 5053 chartis
3226 4992 3773 5056 Benedictinorum

520 5095 954 5174 manuscriptis
1002 5092 1360 5154 habuimus.
1410 5090 1591 5151 Prior
1614 5090 1699 5151 ita
1745 5106 1812 5150 se
1842 5088 2071 5149 habet:
2099 5112 2126 5144 α
2159 5087 2252 5150 Ad
2282 5086 2518 5149 calcem
2550 5105 2814 5169 cperum
2845 5091 2906 5151 S.
2937 5094 3242 5173 Gregorii,
3272 5100 3444 5157 tomo
3490 5096 3776 5160 secundo

522 5221 551 5253 «
582 5195 908 5274 utriusque
929 5193 1225 5255 editionis
1251 5192 1725 5254 Graeco-Latium
1758 5192 2009 5255 Parisiis
2035 5192 2193 5254 datm
2221 5191 2403 5254 annis
2438 5189 2585 5251 1609
2607 5199 2669 5254 et
2698 5192 2869 5269 1630,
2903 5196 3052 5258 editi
3082 5205 3249 5271 sunt,
3272 5199 3484 5267 latine
3503 5205 3770 5273 tantm,

522 5323 549 5354 α
585 5295 739 5359 varii
775 5295 843 5355 in
880 5293 1137 5373 praefata
1165 5307 1358 5371 opera
1395 5288 1854 5362 commentarii,
1894 5306 1929 5349 e
1971 5290 2190 5350 Graeco
2227 5304 2521 5349 sermone
2557 5288 2623 5350 in
2674 5292 2954 5352 Latinum
3002 5294 3310 5368 conversi,
3351 5295 3588 5359 scilicet
3621 5296 3778 5358 Elia?

522 5422 549 5452 «
584 5393 914 5463 Cretensis,
948 5391 1179 5451 Nicetes
1205 5394 1266 5448 et
1289 5385 1501 5457 Pselli,
1542 5386 1769 5446 additis
1789 5385 2165 5465 quibusdam
2189 5385 2245 5444 Ι.
2278 5383 2442 5445 Billli
2470 5385 2745 5449 scholiis.
2771 5390 2919 5450 0.1m
2939 5396 3145 5450 autem
3176 5392 3251 5452 ad
3276 5394 3638 5458 scribendas
3668 5396 3769 5457 ad-

523 5517 550 5546 «
584 5491 969 5559 natationes,
1004 5485 1235 5567 quibus
1276 5483 1554 5546 abundat
1593 5499 1750 5543 nova
1797 5481 1934 5543 hzec
1979 5480 2193 5553 editio,
2234 5500 2306 5543 ea
2345 5486 2935 5549 commentariorum
2980 5504 3052 5549 ac
3097 5489 3480 5555 scholiorum
3519 5496 3770 5559 ubertas

522 5620 550 5651 α
588 5595 814 5676 passim
845 5594 1119 5657 adhibita
1148 5590 1248 5664 sit,
1279 5605 1552 5668 cumque
1579 5605 1657 5647 ex
1689 5587 1767 5648 iis
1794 5586 1859 5648 id
1907 5601 2097 5647 omne
2140 5584 2326 5646 fuerit
2354 5595 2741 5668 excerptum,
2774 5590 2944 5669 quod
2988 5591 3067 5653 ad
3098 5593 3159 5652 S.
3194 5592 3473 5655 Doctoris
3503 5613 3766 5673 operum

524 5722 549 5751 «
582 5696 1051 5775 intelligentiam
1080 5689 1435 5754 conducere
1465 5691 1730 5764 poterat,
1762 5684 1840 5745 ab
1869 5682 2153 5763 ipsismet
2173 5685 2635 5745 commentariis
2664 5692 2725 5748 et
2752 5687 3007 5750 scholiis
3033 5690 3256 5753 iterum
3283 5690 3545 5752 edendis
3575 5693 3766 5753 absti-

519 5824 549 5858 α
580 5799 859 5865 nendum
886 5815 1024 5861 esse
1047 5793 1362 5862 duximus,
1394 5804 1475 5849 ne
1512 5792 1717 5849 actum
1744 5801 1931 5863 agere
1960 5784 2338 5858 videremur,
2369 5791 2559 5865 atque
2587 5787 2773 5855 etiam
2802 5788 3012 5851 nimiis
3040 5790 3393 5868 sumptibus
3424 5798 3766 5872 emptores,
