4158 6416
343 456 410 509 l7
1482 450 1547 504 A.
1589 449 1647 504 Β.
1691 446 1985 503 CAILLAC

1954 446 1994 503 υ
2040 442 2427 502 ΡΙὶίΕΡΛΤΙΟ.
3520 443 3587 500 l3

341 610 372 643 α
407 594 467 648 et
494 605 651 649 vano
672 584 886 649 labore
920 585 1186 649 lectores
1216 604 1611 664 gravarenlus
1666 588 1873 649 l’auca
1905 592 2142 647 tantum
2170 586 2271 647 hic
2296 586 2576 650 dicemus
2608 586 2685 649 de
2719 585 2909 649 modo
2934 582 3289 647 memoratis
3316 583 3577 663 scriptos

341 712 368 741 α
406 687 596 748 ribus.
628 686 813 759 Elias,
848 686 1154 747 Cretensis
1182 685 1598 766 metropolita,
1637 690 1861 747 octavo
1891 684 2122 748 sreculo
2153 686 2400 766 scripsit
2440 685 2958 748 commentarium
3007 687 3073 747 in
3124 684 3405 761 Gregorii
3451 702 3586 746 ora-

342 815 368 843 ‹‹
405 789 608 850 tiones
666 787 1121 850 novemdecim.
1165 783 1435 854 Nicetas,
1484 789 1914 859 cognomento
1958 780 2408 862 Philosophus,
2456 784 2729 863 primum
2784 783 3122 863 episcOpus
3166 783 3480 857 Serronis,
3511 801 3584 846 ac

339 915 370 947 α
405 891 634 954 deinde
667 886 1175 970 archiepiscOpus
1205 884 1548 958 Heracleae,
1578 884 1921 947 undecimo
1952 882 2185 947 saeculo
2209 884 2463 965 scripsit
2492 886 3007 949 commentarium
3035 888 3100 949 in
3125 887 3407 967 Gregorii
3438 904 3581 949 ora-

338 1015 368 1044 «
404 990 614 1052 tiones
640 989 980 1062 sexdecim,
1012 995 1075 1050 et
1104 988 1358 1049 brevem
1382 986 1448 1046 in
1474 986 1764 1066 quaedam
1794 1004 1933 1064 ejus
1961 992 2249 1066 poemata
2278 988 2761 1050 enarrationem.
2794 987 3054 1064 Psellus,
3096 995 3157 1051 et
3188 986 3325 1069 ipse
3352 1006 3586 1067 cogno-

339 1117 371 1149 «
404 1096 615 1151 mento
642 1085 1078 1166 Philosophus,
1108 1083 1444 1146 undecimo
1474 1082 1660 1144 etiam
1688 1083 1923 1145 saeculo
1953 1082 2199 1163 scripsit
2216 1082 2498 1145 libellum
2515 1083 2595 1145 de
2621 1081 2961 1151 difﬁcilium
2987 1086 3271 1165 Gregorii
3298 1087 3579 1149 locorum

341 1221 370 1252 α
404 1194 741 1257 intellectu.
773 1190 948 1264 Quod
975 1189 1195 1252 attinet
1211 1184 1290 1249 ad
1316 1185 1611 1248 Basilium
1640 1183 1816 1247 illum
1840 1184 1957 1266 qui.
1990 1203 2159 1266 saepe
2182 1186 2246 1247 in
2276 1185 2441 1249 notis
2466 1186 2619 1249 tomi
2639 1186 2822 1266 primi
2844 1182 3029 1268 hujus
3049 1184 3341 1256 editionis
3359 1186 3582 1249 citatus

339 1321 369 1352 ‹‹
405 1302 519 1370 est,
548 1295 624 1368 is,
654 1291 949 1354 Ecclesiae
979 1287 1372 1351 Caesariensis
1416 1286 1693 1358 antistes,
1734 1284 1980 1346 decimo
2031 1284 2264 1347 saeculo
2312 1283 2562 1366 scripsit
2600 1283 2837 1348 scholia
2865 1285 2928 1347 in
2956 1286 3238 1364 Gregorii
3266 1284 3582 1352 orationes

338 1421 368 1452 κ
404 1394 811 1475 quadraginta
834 1391 988 1452 duas
1016 1407 1031 1463 ;
1086 1405 1225 1469 quae
1251 1388 1507 1467 quidem
1547 1383 1786 1449 scholia
1808 1384 2230 1464 manuscripta
2269 1391 2511 1447 exstant
2530 1385 2778 1447 Parisiis
2803 1382 2869 1447 in
2898 1382 3273 1447 bibliotheca
3298 1385 3513 1462 Regia.
3549 1408 3577 1440 »

414 1494 731 1555 Posterior
748 1496 957 1552 autem
978 1489 1075 1551 his
1109 1488 1312 1550 verbis
1340 1486 1721 1567 concipitur:
1757 1507 1784 1538 κ
1820 1487 2004 1546 Foret
2035 1483 2139 1546 hic
2166 1485 2345 1549 locus
2365 1485 2750 1566 exsequendi
2775 1484 3000 1548 factam
3016 1485 3085 1547 in
3112 1483 3580 1561 Prolegomenis

337 1621 367 1652 α
402 1597 555 1659 tomi
591 1596 779 1675 primi
808 1594 993 1674 hujus
1038 1591 1326 1655 editionis
1385 1591 1525 1671 (col.
1561 1590 1688 1674 38),
1746 1595 2256 1674 promissionem,
2307 1601 2365 1657 et
2416 1610 2519 1656 eas
2567 1611 2787 1656 omnes
2830 1592 3190 1672 diligentius
3229 1591 3579 1672 fortiusque

340 1721 366 1749 «
408 1691 752 1775 repellendi
798 1691 1287 1763 criminationes,
1324 1689 1553 1769 quibus
1590 1689 1972 1769 Gregoriana
2009 1690 2295 1753 doctrina
2340 1690 2683 1752 identidem
2729 1688 2847 1751 fuit
2887 1706 2925 1751 a
2953 1689 3136 1752 variis
3171 1688 3579 1768 scriptoribus

336 1820 364 1850 ‹‹
400 1795 703 1875 impetita.
741 1794 995 1867 Verum,
1035 1807 1104 1852 re
1150 1789 1451 1851 maturius
1488 1790 1902 1866 considerata,
1932 1806 2428 1871 supervacaneas
2455 1788 2757 1868 ejusmodi
2807 1788 3301 1852 concertationes
3328 1807 3363 1850 a
3395 1786 3578 1851 nobis

335 1922 363 1952 α
395 1913 535 1959 esse
564 1894 893 1974 fugiendas
921 1889 1446 1965 existimavimus;
1477 1890 1990 1972 quandoquidem
2009 1892 2454 1971 Gregorianam
2479 1891 2826 1953 doctrinam
2861 1891 2945 1954 ita
2984 1890 3264 1955 defendit
3288 1899 3578 1955 constans

334 2022 363 2052 α
402 1995 693 2058 Ecclesia
721 1992 1045 2057 catholicre
1074 1988 1467 2068 approbatio,
1496 1994 1567 2050 ut
1594 1986 1766 2051 nulla
1790 1991 2031 2053 ratione
2063 1990 2246 2052 nobis
2276 1984 2713 2053 defensoribus
2738 1989 3034 2069 indigeat.
3076 2013 3106 2047 ιο

413 2093 573 2155 Hinc
618 2092 801 2154 facile
836 2086 1130 2166 intelligit
1190 2088 1407 2161 lector,
1438 2087 1919 2166 prtetermissam
1960 2105 1997 2150 a
2041 2089 2241 2151 doctis
2270 2086 2614 2152 editoribus
2644 2088 3164 2167 dissertationem,
3192 2106 3230 2155 ει
3258 2091 3439 2155 nobis
3465 2094 3577 2156 mi-

337 2192 507 2254 nime
533 2189 985 2268 attingendam.

1701 2337 2123 2398 ARTICULUS
2170 2338 2269 2396 IV.

1239 2482 1329 2541 De
1357 2481 1590 2542 nostris
1628 2481 1695 2541 in
1724 2480 1958 2542 edendo
1991 2481 2105 2542 hoc
2140 2481 2451 2542 volumine
2476 2484 2667 2542 curis.

411 2626 655 2689 Grande
683 2627 764 2690 ad
791 2626 911 2690 hoc
940 2642 1102 2706 opus
1130 2641 1274 2687 cum
1302 2641 1525 2685 manus
1559 2621 1831 2703 primum
1864 2624 2326 2697 admoveretur,
2360 2622 2643 2704 quinque
2670 2630 2733 2685 et
2763 2624 3017 2703 quidem
3048 2624 3366 2706 prmcipua
3394 2626 3580 2691 nobis

334 2726 712 2803 perﬁcienda
735 2744 1088 2799 occurrere,
1123 2738 1351 2805 nempe
1388 2724 1441 2784 1°
1476 2741 1696 2786 omnes
1725 2724 2056 2787 doctorum
2074 2723 2627 2787 Benedictinorum
2657 2723 2899 2787 chartas
2903 2725 3082 2804 juxta
3102 2725 3468 2788 methodum
3499 2728 3577 2790 ab

337 2830 410 2890 iis
429 2829 800 2905 assignatam
832 2818 1146 2907 ritumque
1167 2827 1232 2887 in
1260 2827 1465 2906 primo
1494 2825 1812 2887 volumine
1843 2826 2206 2901 admissum,
2238 2826 2529 2888 ordinare
2554 2844 2570 2901 ;
2605 2826 2663 2887 2°
2682 2828 2928 2888 mendis
2952 2828 3419 2909 typographicis
3446 2830 3582 2891 dili-

248 2970 253 2975 -
334 2929 578 3004 gentius
604 2929 989 3006 corrigendis
1014 2925 1233 2990 sedulo
1263 2926 1584 3005 invigilare
1610 2943 1627 2999 ;
1660 2926 1718 2987 3°
1748 2931 1989 2989 veteres
2014 2926 2294 3006 poeticas
2324 2924 2643 2989 versiones
2676 2929 2742 2991 in
2772 2927 2982 2993 multis
3010 2947 3045 2991 a
3074 2931 3356 3010 priorum
3377 2932 3577 2994 edito-

334 3046 470 3089 rum
500 3030 739 3091 incuria
767 3028 1142 3091 deformatas
1171 3029 1247 3091 ad
1275 3028 1455 3090 metri
1501 3027 1887 3107 rationisque
1919 3044 2206 3090 normam
2242 3044 2561 3102 revocare,
2590 3035 2695 3091 aut
2729 3030 2945 3093 saltem
2974 3031 3226 3094 illorum
3252 3031 3580 3109 indigitare

334 3122 646 3200 defectus;
680 3125 736 3186 4⁸
766 3143 987 3187 novam
1020 3127 1330 3206 poeticam
1360 3124 1713 3186 versionem
1746 3125 2042 3199 condere,
2075 3141 2198 3206 qua
2234 3125 2465 3188 Latinis
2493 3125 2870 3190 carminibus
2914 3129 3414 3209 exprimerentur
3442 3144 3577 3191 car-

337 3221 505 3282 mina
552 3229 696 3300 post
742 3224 989 3285 Billium
1017 3242 1054 3286 a
1079 3223 1282 3286 Tollio
1312 3229 1374 3285 et
1400 3223 1736 3285 Muratorio
1780 3223 1846 3285 in
1894 3222 2100 3286 lucem
2148 3223 2402 3297 emissa;
2449 3224 2505 3284 5°
2534 3223 2778 3289 indices
2806 3226 3112 3290 adornare
3160 3227 3580 3309 locupletissi-

340 3338 498 3396 mos,
523 3322 700 3401 juxta
730 3322 1075 3403 perfectum
1104 3323 1291 3403 primi
1316 3322 1653 3385 voluminis
1680 3321 2023 3401 exemplar.

414 3444 462 3502 Ι.
494 3443 722 3504 Omnes
751 3441 1298 3504 Benedictinorum
1336 3440 1588 3516 chartas,
1615 3458 1756 3521 qua
1775 3442 1854 3504 ab
1877 3442 2172 3505 omnibus
2190 3443 2388 3506 videri
2408 3448 2673 3524 possunt
2693 3443 2861 3523 apud
2881 3444 2953 3505 D.
2972 3445 3581 3518 Parent-Desbarres,

334 3543 411 3604 ad
439 3542 552 3603 tria
583 3542 784 3621 capita
816 3546 1081 3620 possunt
1108 3539 1420 3614 revocari;
1453 3554 1725 3619 quorum
1749 3539 1815 3601 in
1845 3541 2051 3620 primo
2080 3543 2479 3622 reperiuntur
2504 3540 2626 3603 illae
2650 3558 2792 3622 quas
2829 3543 3184 3623 sequendas
3209 3546 3274 3607 in
3304 3544 3582 3607 editione

337 3643 582 3722 regulas
617 3642 927 3716 indicant;
965 3641 1031 3702 in
1070 3641 1348 3703 secundo
1376 3646 1586 3702 autem
1621 3647 1796 3703 vetus
1841 3642 2100 3703 Billiana
2128 3643 2341 3717 editio,
2371 3644 2546 3723 cujus
2588 3643 2655 3706 in
2696 3645 2976 3722 margine
3023 3646 3233 3725 plures
3261 3647 3586 3726 signantur

336 3746 643 3808 variantes
668 3761 810 3806 cum
839 3743 1026 3804 variis
1051 3742 1559 3805 adnotationibus
1578 3742 1922 3819 lectiones;
1973 3744 2041 3806 in
2087 3746 2271 3807 tertio
2320 3744 2574 3807 demum
2612 3745 2749 3827 ipsa
2792 3745 3338 3810 Benedictinorum
3379 3751 3582 3812 versio

336 3843 569 3914 Latina,
604 3858 744 3904 cum
780 3841 942 3902 notis
989 3841 1419 3914 exactissimis,
1459 3841 1527 3903 in
1558 3841 1788 3922 quibus
1823 3842 2001 3907 inter.
2021 3843 2139 3905 alia
2181 3850 2591 3906 recensentur
2627 3844 2837 3906 omnia
2862 3844 3090 3908 menda
3117 3862 3259 3925 qua)
3296 3845 3359 3908 in
3401 3849 3583 3909 editis

337 3940 839 4023 praecedentibus
867 3947 1224 4016 occurrunt,
1256 3946 1318 4002 et
1345 3941 1531 4003 simul
1559 3942 1749 4005 verba
1777 3960 1943 4023 qum,
1982 3959 2059 4004 ex
2105 3943 2555 4023 probatissimis
2580 3944 2904 4005 codicibus
2930 3951 3221 4019 extracta,
3253 3943 3319 4005 in
3364 3961 3579 4006 eorum

338 4037 549 4100 locum
578 4038 1031 4100 introducenda
1049 4037 1360 4113 videntur,
1381 4044 1451 4099 ut
1476 4057 1671 4118 purus
1705 4046 1982 4118 emergat
2008 4047 2215 4102 textus
2237 4044 2300 4101 et
2326 4039 2591 4118 integer.
2618 4040 2780 4101 Solaa
2814 4040 3096 4119 epistolaa
3115 4041 3181 4102 in
3205 4059 3334 4103 uno
3364 4042 3583 4105 codice

338 4138 623 4197 Graecum
649 4143 885 4198 textum
907 4137 1139 4199 habent
1166 4152 1357 4199 manu
1382 4140 1840 4219 conscriptum;
1870 4139 1983 4202 sed
2007 4140 2108 4203 hic
2139 4157 2338 4201 novus
2358 4138 2702 4201 exsurrexit
2719 4138 2921 4212 labor,
2950 4157 3095 4201 cum
3117 4139 3238 4202 hoc
3265 4142 3585 4221 exemplar

339 4252 532 4296 manu
558 4235 767 4295 minus
794 4235 978 4296 docta
1023 4241 1366 4308 exaratum,
1398 4236 1611 4298 multis
1637 4237 1802 4299 circa
1831 4245 2127 4300 accentus
2156 4238 2403 4300 mendis
2435 4237 2746 4300 scaturiat.
2771 4235 2933 4299 Hinc
2963 4241 3131 4299 certa
3154 4255 3297 4300 cum
3326 4240 3578 4301 rectitu-

339 4337 511 4411 dine,
534 4337 648 4402 sed
668 4353 798 4398 non
822 4335 957 4397 sine
984 4340 1270 4397 accurata
1298 4336 1639 4415 diligentia,
1657 4338 1798 4400 data
1823 4339 2005 4400 nobis
2025 4340 2285 4402 facultas
2315 4340 2656 4417 genuinum
2676 4341 3165 4419 repraesentandi
3190 4330 3578 4419 Gregorium.

340 4440 537 4502 Nobis
562 4439 754 4513 enim,
786 4444 917 4500 tum
938 4442 1178 4500 veteres
1199 4436 1508 4501 editiones
1538 4455 1682 4501 cum
1716 4441 2082 4504 recentioris
2101 4441 2605 4504 adnotationibus
2631 4441 3020 4518 conferendi,
3050 4415 3184 4505 tum
3213 4453 3581 4507 accentuum

339 4541 516 4618 signa
545 4538 935 4619 perﬁciendi,
964 4543 1099 4599 tum
1130 4537 1426 4617 epistolas
1455 4545 1517 4600 et
1533 4538 1810 4602 carmina
1837 4539 1916 4602 ad
1947 4556 2179 4603 novum
2211 4541 2493 4603 ordinem
2522 4540 2885 4616 reducendi,
2912 4543 3249 4605 necessitas
3275 4542 3578 4604 incubuit.

342 4643 628 4714 Quamvis
654 4649 863 4704 autem
890 4641 1108 4703 doctos
1136 4640 1410 4703 editores
1438 4641 1662 4703 merita
1689 4642 2115 4717 veneratione,
2138 4649 2206 4705 ut
2233 4642 2436 4717 decet,
2468 4658 2719 4723 semper
2745 4648 2807 4704 et
2834 4642 3070 4723 ubique
3101 4659 3580 4722 prosequamur,

342 4762 474 4806 non
495 4744 815 4823 potuimus
835 4750 1043 4806 tamen
1072 4742 1409 4817 abstinere,
1433 4743 1588 4823 quin
1612 4759 1855 4806 errores
1880 4744 2183 4824 quosdam
2202 4745 2267 4806 in
2286 4743 2757 4823 interpretando
2776 4758 2906 4805 non
2928 4744 3073 4805 satis
3094 4743 3580 4817 animadversos,

344 4844 442 4905 vel
466 4845 785 4917 adnotare,
809 4845 905 4905 vel
927 4845 1110 4906 etiam
1131 4843 1447 4922 corrigere
1471 4843 1869 4917 auderemus,
1899 4848 2015 4924 pro
2061 4850 2234 4906 certo
2282 4843 2586 4905 habentes
2641 4842 2919 4904 futurum
2968 4841 3183 4916 fuisse,
3217 4848 3286 4902 ut
3304 4841 3440 4902 illas
3461 4842 3576 4920 ipsi

345 4946 816 5008 emendationes
865 4946 1281 5019 admisissent,
1335 4963 1481 5008 cum
1529 4946 1989 5025 diligentiorem
2025 4946 2455 5009 adhibuissent
2483 4946 2783 5007 animum.
2830 4946 2904 5007 In
2945 4945 3280 5023 deligendo
3323 4945 3583 5025 insuper
3672 5020 3675 5023 η

345 5044 545 5106 varias
586 5042 911 5115 lectiones,
945 5059 1074 5103 non
1102 5044 1249 5104 satis
1274 5043 1672 5105 attendemnt
1699 5045 1778 5106 ad
1808 5045 2018 5124 poesis
2045 5050 2339 5117 metrum,
2368 5044 2539 5104 unde
2566 5043 2723 5104 illud
2752 5043 2984 5122 saepius
3008 5042 3228 5104 laesum
3254 5042 3578 5104 restituere
3684 5038 3687 5039 ⁷

344 5146 763 5210 necessarium
795 5161 923 5207 non
952 5144 1262 5206 immerito
1286 5145 1485 5207 visum
1513 5151 1640 5207 est:
1673 5164 2032 5225 quanquam
2062 5151 2123 5207 et
2147 5146 2214 5207 in
2242 5144 2616 5224 quibusdam
2653 5143 2990 5221 aliquando
3016 5142 3248 5205 nullam
3279 5143 3577 5205 emenda-

344 5247 586 5308 tionem
654 5246 974 5325 potuimus
1034 5244 1358 5319 adhibere,
1413 5262 1526 5307 seu
1583 5247 1730 5326 quia
1764 5247 1902 5327 ipse
1948 5252 2135 5326 poeta
2179 5245 2298 5307 sibi
2334 5243 2624 5306 nonnihil
2676 5242 2956 5318 indulsit,
3011 5260 3125 5306 seu
3157 5244 3304 5325 quia
3353 5260 3577 5304 manu-

346 5347 565 5425 scripti
589 5347 842 5411 codices
865 5346 1111 5409 mendis
1128 5345 1459 5408 deformati
1486 5346 1642 5409 nihil
1663 5348 1960 5411 exhibent
1983 5364 2110 5426 quo
2156 5345 2453 5408 mendum
2480 5350 2669 5425 queat
2691 5342 2997 5408 resarciri.
3023 5343 3248 5406 Sileam
3275 5338 3580 5404 adhibita’s

346 5464 386 5508 a
427 5444 610 5506 nobis
636 5463 839 5519 curas,
876 5445 1004 5507 sive
1026 5444 1108 5507 ad
1146 5444 1494 5523 eligendos,
1521 5443 1590 5505 in
1627 5452 1931 5523 quantum
1959 5445 2096 5508 ﬁeri
2133 5449 2399 5523 poterat,
2431 5460 2615 5522 pares
2654 5443 2965 5505 veteribus
3004 5441 3414 5512 characteres,
3450 5438 3579 5499 sive

346 5546 430 5608 ad
473 5543 876 5623 quaerendam
916 5561 1045 5606 non
1081 5544 1441 5607 inferiorem
1489 5544 1794 5620 chartam,
1828 5546 1956 5608 sive
1995 5546 2249 5606 demum
2295 5543 2375 5605 ad
2417 5544 2790 5605 servandum
2837 5547 3301 5603 antecessorum
3338 5553 3579 5600 morem

350 5646 575 5707 breves
599 5643 665 5704 in
694 5644 975 5722 margine
1001 5644 1341 5706 sententias
1369 5644 1776 5719 rescribendi,
1810 5646 1981 5725 quod
2007 5644 2197 5708 hodie
2219 5641 2468 5705 nonnisi
2487 5642 2846 5706 difﬁcillime
2873 5658 2907 5700 a
2946 5637 3352 5718 typographis
3376 5640 3580 5715 potest

351 5743 736 5821 extorqueri.
