4120 6418
566 409 634 467 i9
1709 413 1774 466 A.
1816 413 1878 467 Β.
1910 412 2193 469 CAILLAl

2181 412 2208 468 U
2250 411 2622 467 PREFATIO
3733 409 3808 465 20

641 530 716 590 II.
752 529 880 590 Nec
908 545 1156 608 parvus,
1189 545 1307 590 nec
1343 527 1543 590 facilis
1574 526 1755 591 labor
1783 545 2004 591 eorum
2044 528 2270 591 menda
2318 529 2671 606 corrigere;
2714 527 2884 589 unde
2925 526 3276 589 mirandum
3306 527 3658 589 nullatenus
3691 527 3807 588 erit

560 630 971 706 doctioribus,
1003 631 1055 692 si
1079 629 1382 693 nonnulla
1411 638 1688 692 nostram
1718 630 1906 692 etiam
1936 648 2106 692 nunc
2133 630 2515 709 vigilantiam
2541 628 2901 703 fefellerint,
2935 647 3077 708 qua
3102 636 3314 691 tamen
3341 630 3419 691 ad
3441 629 3677 691 calcem
3702 646 3807 689 re-

562 736 827 792 tractare
848 730 1056 793 conati
1084 748 1320 799 sumus.
1352 730 1681 792 utilitatem
1707 736 2062 809 quarentes
2091 730 2302 809 potius
2329 746 2516 808 quam
2548 727 2777 790 erroris
2819 727 3126 806 pudorem
3158 726 3651 789 reformidantes.
3684 726 3807 787 Sed

563 833 631 888 ut
660 829 927 891 rariores
948 828 1155 892 forent
1178 829 1280 892 isti
1299 828 1603 903 defectus,
1636 846 1769 892 non
1795 830 2026 891 nostris
2048 828 2253 891 solum
2284 846 2361 890 ex
2389 828 2623 890 viribus
2652 826 3187 908 prasumpsimus,
3217 827 3436 889 doctos
3463 832 3671 888 autem
3689 825 3807 885 ad-

563 928 916 991 vocavimus
944 928 1279 1008 adjutores,
1310 929 1477 990 inter
1497 945 1657 1008 quos
1672 929 1843 1008 justa
1869 947 2014 993 eum
2040 929 2225 992 laude
2253 928 2519 991 referam
2558 928 2815 990 nomina
2854 928 2923 989 D.
2950 927 3161 999 Cirier,
3193 927 3325 1006 jam
3367 933 3549 988 antea
3591 927 3808 1005 Regia

564 1024 1001 1106 typographia
1048 1023 1302 1098 addicti,
1342 1040 1595 1086 necnon
1642 1031 1705 1086 et
1739 1024 1809 1084 D.
1849 1024 2097 1104 Doquin
2144 1023 2223 1086 de
2263 1024 2686 1097 Saint-Preux,
2732 1025 2799 1084 in
2847 1023 3223 1086 bibliotheca
3266 1023 3461 1100 Regia
3506 1023 3809 1086 librorum

565 1124 862 1197 custodis,
907 1128 969 1184 et
1011 1123 1081 1182 D.
1114 1122 1460 1196 Valatours,
1494 1123 1561 1183 in
1588 1122 1857 1200 collegio
1886 1122 2241 1185 Borbonico
2268 1121 2577 1183 notissimi
2604 1122 3003 1201 professoris,
3037 1122 3147 1201 qui
3173 1120 3301 1183 sive
3329 1121 3398 1181 in
3426 1127 3559 1183 toto
3586 1140 3805 1201 Opere,

566 1228 693 1290 sive
721 1228 786 1289 in
815 1227 1025 1306 aliqua
1045 1227 1177 1305 ejus
1205 1234 1379 1306 parte
1409 1243 1555 1288 suas
1582 1227 1912 1290 nobiscum
1944 1244 2122 1288 curas
2141 1222 2760 1288 communicaverunt

646 1348 753 1407 III.
781 1345 965 1420 Billii,
999 1345 1390 1409 Leuvenclaii
1419 1352 1481 1407 et
1514 1346 1794 1409 Federici
1823 1345 2062 1408 Morelli
2086 1344 2388 1425 poeticas,
2413 1351 2517 1406 aut
2537 1345 2746 1424 potius
2769 1344 3057 1408 metricas
3075 1345 3393 1407 versiones
3419 1343 3495 1405 ad
3522 1344 3812 1407 inﬁmum

570 1451 939 1527 paginarum
967 1449 1309 1526 marginem
1340 1448 1711 1524 dimisimus,
1744 1466 2015 1529 quorum
2050 1447 2291 1528 primus
2319 1446 2585 1508 feliciter
2612 1464 2804 1526 sape,
2834 1447 2959 1508 duo
2990 1453 3198 1509 autem
3228 1447 3608 1525 posteriores
3634 1463 3809 1524 sape

568 1548 878 1610 infelicius
909 1548 1220 1626 egregiam
1254 1549 1536 1625 Gregorii
1597 1548 1840 1627 poesim
1894 1548 1959 1609 in
2013 1550 2293 1611 Latinam
2340 1565 2581 1609 musam
2610 1545 3005 1608 transtulere.
3032 1548 3123 1607 Ita
3149 1552 3357 1607 autem
3383 1552 3674 1625 corrupta
3704 1565 3810 1607 su-

569 1658 830 1730 persunt
852 1652 1110 1713 istarum
1138 1650 1497 1713 versionum
1543 1651 1945 1730 exemplaria,
1989 1657 2053 1713 ut
2088 1668 2255 1731 sape
2297 1649 2544 1712 deﬁciat
2582 1656 2872 1722 metrum,
2906 1653 2968 1709 et
2994 1646 3205 1708 nullus
3250 1646 3436 1707 etiam
3466 1647 3808 1725 aliquando

570 1768 792 1813 sensus
824 1751 1021 1829 possit
1048 1749 1459 1828 deprehendi.
1489 1749 1742 1822 Quoties
1772 1749 2103 1811 deﬁciebat
2149 1767 2394 1823 sensus,
2426 1748 2601 1809 illum
2648 1764 2938 1827 reparare
2976 1745 3350 1819 studuimus,
3382 1762 3511 1819 non
3559 1764 3812 1825 semper

566 1858 772 1915 autem
822 1860 1167 1914 restaurare
1202 1857 1494 1925 metrum,
1531 1852 1779 1930 quoties
1815 1852 2086 1914 deﬁcere
2114 1853 2471 1925 videbatur;
2520 1850 2631 1913 sed
2678 1850 3014 1929 aliquando
3058 1847 3339 1910 defectus
3377 1849 3643 1925 signare,
3687 1848 3806 1909 ali-

566 1950 819 2030 quando
851 1949 1162 2026 corrigere
1195 1966 1405 2037 opera
1441 1950 1713 2028 pretium
1743 1944 2056 2012 duximus.
2094 1951 2399 2012 Neutrum
2434 1956 2645 2012 autem
2678 1948 2966 2021 fecimus,
3001 1947 3122 2008 nisi
3159 1947 3391 2008 variato
3425 1946 3807 2020 charactere,

566 2057 628 2111 et
674 2054 1016 2115 mutatione
1066 2054 1134 2114 in
1183 2052 1349 2114 notis
1394 2052 1685 2115 indicata.
1732 2054 1888 2114 Sunt
1910 2054 2095 2114 etiam
2124 2070 2339 2115 versus
2393 2053 2502 2132 qui
2546 2059 2653 2114 aut
2707 2051 3072 2125 omissione,
3117 2056 3222 2112 aut
3273 2050 3809 2130 typograplioruin

564 2136 829 2229 incuria,
880 2157 1049 2235 apud
1107 2156 1355 2218 Billium
1410 2154 1958 2229 desiderabantur;
2014 2155 2159 2218 illos
2203 2155 2525 2235 supplere,
2571 2153 3033 2217 characteribus
3087 2152 3315 2240 iterum
3370 2152 3636 2226 variatis,
3692 2169 3808 2212 cu-

568 2267 835 2313 rav1mus
843 2298 857 2311 .

645 2374 745 2442 ιν,
800 2375 958 2446 Quin
987 2374 1065 2436 ad
1097 2382 1365 2453 quatuor
1417 2374 1611 2435 millia
1656 2382 1717 2436 et
1767 2374 2036 2455 amplius
2074 2376 2338 2454 assurgit
2384 2394 2682 2438 numerus
2729 2394 3019 2439 versuum
3080 2385 3222 2456 post
3270 2376 3516 2437 Billium
3559 2382 3619 2436 et
3651 2373 3808 2435 alios

569 2474 901 2547 editorum,
934 2465 1117 2553 quos,
1144 2475 1211 2535 in
1233 2481 1483 2553 poetam
1506 2475 1901 2537 subitaneum
1923 2493 2131 2538 rerum
2158 2476 2529 2538 necessitate
2548 2477 2961 2550 transmutati,
2987 2475 3317 2538 decantare
3338 2474 3530 2538 coacti
3551 2474 3803 2542 fuimus,

567 2588 853 2651 quosque
884 2572 1190 2635 lectorum
1218 2572 1732 2635 commendamus
1760 2573 2196 2652 indulgentia;
2230 2590 2591 2653 quanquam
2620 2575 2685 2635 in
2718 2574 3008 2636 omnibus
3052 2576 3323 2636 auctoris
3368 2574 3562 2635 menti
3592 2572 3803 2634 adha—

571 2678 800 2745 rentes,
829 2671 959 2733 imo
1006 2678 1069 2732 et
1102 2672 1328 2747 verbis,
1364 2673 1684 2755 poeticum
1736 2680 1940 2737 tamen
2002 2674 2240 2755 aliquid
2297 2676 2364 2736 in
2423 2675 2805 2750 elocutione,
2854 2677 3181 2756 justasque
3214 2676 3281 2736 in
3317 2681 3515 2737 metro
3562 2672 3808 2751 regulas

567 2789 812 2835 servare
837 2774 1229 2835 tentavimus.

645 2895 718 2955 V.
747 2898 1080 2976 Supererat
1102 2897 1381 2975 ingratus
1408 2898 1729 2972 scribenti,
1760 2899 1871 2960 sed
1902 2909 2111 2977 gratus
2141 2899 2317 2963 valde
2357 2898 2592 2978 legenti
2620 2899 2897 2963 indicum
2923 2900 3123 2975 labor,
3155 2900 3265 2980 qui
3296 2906 3596 2980 quantum
3641 2917 3807 2961 cura

567 2993 996 3072 temporisque
1024 2994 1326 3068 absumat,
1361 3012 1549 3057 nemo
1581 3005 1674 3058 est
1702 3014 1853 3058 sane
1883 2998 1993 3075 qui
2025 2999 2220 3079 possit
2242 2998 2307 3060 in
2336 3000 2596 3061 dubium
2628 3016 2945 3061 revocare.
2977 3000 3218 3061 Fideles
3259 3001 3803 3062 Benedictinorum

570 3102 930 3156 nostrorum
977 3096 1252 3173 assecla,
1284 3097 1712 3176 epistolarum,
1746 3100 1873 3161 sive
1906 3101 2114 3179 quoad
2150 3102 2437 3165 ordinem
2483 3119 2740 3177 novum,
2775 3102 2905 3164 sive
2933 3100 3141 3182 quoad
3189 3101 3473 3162 ordinem
3511 3108 3803 3176 veterem,

573 3190 701 3252 sive
730 3194 938 3272 quoad
968 3195 1251 3257 ordinem
1282 3195 1741 3275 alphabeticum
1768 3198 2038 3260 indicem
2082 3202 2427 3276 texuimus;
2480 3220 2671 3281 quem
2714 3202 2998 3281 proxime
3035 3202 3318 3281 sequitur
3360 3201 3549 3263 index
3593 3201 3807 3263 carmi-

576 3314 727 3359 num
756 3293 863 3358 ubi
901 3296 1132 3375 pariter
1157 3302 1332 3357 vetus
1359 3296 1514 3357 ordo
1543 3314 1684 3358 cum
1712 3314 1899 3367 novo,
1936 3316 2262 3380 novusque
2291 3319 2437 3363 cum
2474 3302 2668 3363 veteri
2705 3310 3119 3381 comparatur.
3158 3301 3294 3362 Duo
3343 3301 3659 3361 breviores
3702 3298 3807 3359 alii

568 3397 809 3459 indices
883 3395 1133 3457 Similia
1209 3402 1272 3455 et
1349 3395 1694 3457 Proverbia
1746 3414 1822 3458 ex
1886 3398 2189 3477 Gregorio
2277 3406 2569 3480 excerpta
2652 3406 3126 3479 reprasentant.
3197 3404 3355 3461 Tum
3437 3399 3805 3461 evolvuntur

568 3498 809 3562 indices
867 3499 1156 3578 majores,
1213 3498 1322 3559 ubi
1383 3516 1483 3560 res
1537 3507 1600 3564 et
1652 3502 1838 3562 verba
1889 3502 2150 3582 alicujus
2209 3502 2540 3576 momenti,
2573 3519 2715 3582 qua
2762 3502 2862 3564 vel
2905 3502 2970 3563 in
3012 3502 3223 3581 cperis
3266 3503 3556 3574 decursu,
3604 3500 3700 3560 vel
3740 3500 3806 3559 in

568 3599 919 3679 appendice
938 3598 1251 3675 leguntur,
1277 3614 1390 3676 per
1410 3598 1696 3659 ordinem
1719 3598 2056 3661 litterarum
2078 3602 2361 3676 collecta,
2383 3602 2646 3663 curiosa
2668 3602 3007 3663 offeruntur
3037 3600 3425 3678 inquisitioni
3449 3617 3465 3672 ;
3498 3616 3615 3659 nec
3636 3598 3806 3659 deest

570 3699 758 3760 index
788 3696 893 3758 ille
923 3713 1119 3771 sacer,
1151 3714 1279 3776 quo
1311 3704 1540 3759 sancta
1561 3699 1894 3778 Scriptura
1922 3702 2323 3780 reperiuntur
2350 3702 2676 3765 sententia
2694 3749 2710 3776 ,
2742 3719 2898 3780 quas
2925 3702 2991 3762 in
3031 3701 3363 3763 scribendo
3393 3700 3535 3781 pius
3579 3699 3808 3761 Doctor

570 3799 873 3862 adhibuit.
905 3800 1052 3871 Qua
1076 3807 1282 3860 autem
1304 3808 1411 3861 aut
1436 3800 1633 3874 utilia,
1664 3808 1770 3863 aut
1794 3803 2041 3865 curiosa
2084 3804 2378 3883 perlectis
2405 3805 2637 3884 sapius
2671 3804 2866 3866 sancti
2904 3802 3186 3881 Gregorii
3221 3801 3517 3881 Operibus
3553 3800 3803 3861 desum-

572 3903 832 3982 psimus,
862 3902 1087 3963 horum
1111 3901 1197 3963 ita
1227 3903 1632 3977 rescribendi,
1656 3911 1724 3965 ut
1745 3904 1821 3965 ad
1844 3905 2129 3968 ordinem
2154 3906 2616 3986 alphabeticum
2638 3905 3090 3984 redigerentur,
3120 3903 3524 3975 fastidiosam,
3548 3903 3655 3964 sed
3678 3918 3805 3962 non

574 4001 826 4063 inanem
859 4017 1065 4063 curam
1095 4002 1369 4081 suscepit
1391 4003 1462 4063 D.
1496 4003 1693 4065 Ballin
1714 4004 1792 4067 de
1822 4005 2203 4080 Saint-Paul,
2230 4008 2324 4068 vir
2350 4025 2387 4068 a
2414 4005 2777 4068 liberalibus
2814 4004 3160 4085 disciplinis
3206 4020 3334 4065 non
3383 4004 3654 4076 alienus,
3702 4000 3801 4062 cui

570 4118 681 4164 sua
708 4100 842 4162 laus
868 4108 1253 4179 permaneat.

649 4202 796 4262 Hac
821 4216 962 4279 qua
990 4217 1106 4263 nec
1135 4201 1337 4281 plura,
1371 4221 1488 4266 nec
1518 4205 1811 4285 pauciora
1855 4204 2139 4279 fecimus,
2190 4205 2465 4266 attendat
2524 4204 2739 4278 lector,
2780 4211 2842 4265 et
2899 4209 3106 4265 utrum
3139 4201 3217 4264 de
3248 4199 3586 4262 Christiana
3623 4214 3806 4278 repu-

574 4298 734 4364 blica
766 4297 1053 4361 nonnihil
1083 4302 1244 4365 bene
1272 4305 1465 4366 simus
1493 4305 1716 4379 meriti,
1749 4305 2173 4384 indulgentior
2202 4306 2520 4386 dijudicet.
