4158 6458
344 469 418 523 25
1721 466 2056 523 EPISTOLA
2099 466 2180 522 IV.

3518 465 3592 521 26

350 592 530 663 μειδξα
580 592 773 662 μόνον,
826 596 921 646 καὶ
966 594 1067 664 τῆς
1113 591 1445 658 παιδεύσεως
1482 592 1597 664 (18)
1648 592 1907 666 ἐμφοροῦ1

2018 597 2102 646 est
2145 587 2418 645 :subride
2469 588 2670 654 solum,
2719 587 3081 658 doctrinaque
3125 585 3192 640 ad
3247 588 3587 641 saturitatem

348 683 440 737 καὶ
476 681 658 749 φιλίας
709 682 869 753 ἡμῶν
914 682 1174 738 ἀπόλαυε.
1214 682 1397 738 Πάντα
1447 684 1578 754 ἡμῖν
1616 684 1826 755 χρηστά
1880 682 1917 737 ἃ

344 772 501 842 παρά
546 772 672 836 σοῦ,
717 774 877 826 ὁποῖα
932 775 1050 826 ποτ’
1086 773 1151 829 ἂν
1192 769 1264 846 ᾖ,
1321 773 1417 827 καὶ
1473 775 1622 837 ὅπως
1675 772 1743 826 ἂν
1794 773 1912 843 ἔχῃ.

346 861 458 915 Καὶ
510 862 619 933 γάρ
686 880 777 933 μοι
839 863 933 917 καὶ
982 861 1053 916 τά
1102 864 1338 918 ἐνταῦθα
1396 864 1670 918 σκώπτειν
1718 865 1913 927 δοκεῖς,

343 951 444 1023 οὐχ
498 954 588 1007 ἵνα
638 953 863 1026 σκώψῃς
884 993 902 1018 ,
952 956 1066 1009 ἀλλ’
1113 958 1203 1010 ἵνα
1241 955 1378 1026 πρὸς
1431 956 1624 1010 ἑαυτὸν
1662 956 1914 1029 ἑλκύσῃς.

345 1041 422 1111 (εἴ
449 1042 503 1096 τί
534 1061 597 1112 γε
628 1044 739 1114 ἐγώ
778 1062 869 1098 σου
909 1046 1193 1117 συνίημ’)
1226 1047 1416 1118 ὥσπερ
1461 1048 1511 1100 ot
1557 1046 1628 1100 τά
1670 1046 1916 1117 ῥεύματα

345 1132 680 1201 φράσσοντες
707 1172 722 1197 ,
786 1133 850 1186 ἶν’
907 1134 1141 1206 ἀλλαχοῦ
1212 1134 1603 1207 μθελκὺσωσι.
1678 1135 1914 1190 Τοιαῦτα

342 1220 476 1290 ἡμῖν
503 1221 589 1274 ἀεὶ
627 1222 697 1276 τὰ
740 1221 809 1277 σά
836 1222 969 1291 (19).

422 1483 564 1550 Ἐγὼ
617 1484 674 1538 δέ
732 1502 827 1538 σου
863 1487 953 1538 τὸν
990 1487 1189 1540 Πόντον
1233 1486 1582 1558 θαυμάσομαι
1603 1526 1622 1551 ,
1672 1489 1764 1542 κα)⁸
1812 1488 1912 1560 τὴν

339 1568 607 1641 Ποντικὴν
652 1572 1022 1644 ζοφηφορίαν,
1061 1576 1154 1629 καὶ
1193 1573 1290 1646 τὴν
1327 1577 1503 1647 φυγῆς
1535 1574 1690 1641 ἀξίαν
1722 1575 1910 1647 μονὴν,

338 1659 466 1723 τούς
504 1678 565 1713 τε
617 1662 757 1733 ὑπὲρ
805 1664 1043 1734 κεφαλῆς
1084 1664 1306 1733 λόφους,
1352 1667 1447 1719 καὶ
1480 1666 1686 1738 θῆρας,
1717 1668 1767 1721 οἳ
1812 1667 1911 1739 τὴν

342 1747 517 1800 πίστιν
590 1751 741 1820 ὑμῶν
798 1752 1182 1823 δοκιμάζουσι,
1246 1756 1340 1809 καὶ
1390 1756 1486 1827 τὴν
1551 1757 1911 1828 ὑποκειμένην

334 1839 623 1909 ἐσχατιὰν,
664 1839 761 1898 εἴτ’
790 1841 881 1899 οὖν
936 1846 1180 1915 μυωξέαν
1231 1848 1367 1918 μετά
1401 1848 1510 1901 τῶν
1556 1847 1769 1918 σεμνῶν
1800 1848 1912 1904 ὀνο-

337 1928 522 1999 μάτων
554 1931 645 1985 τοῦ
678 1935 1113 2005 φροντιστηρίου,
1145 1935 1239 1989 καὶ
1270 1935 1363 1990 τοῦ
1394 1937 1781 2007 μοναστηρίου,
1814 1938 1909 1990 καὶ
1944 1923 1982 1976 Β

332 2017 432 2089 τῆς
485 2021 713 2092 σχολῆς,
752 2023 957 2094 λόχμας
1004 2041 1064 2076 τε
1112 2024 1318 2096 ἀγρίων
1351 2025 1567 2092 φυτῶν,
1605 2026 1700 2080 καὶ
1738 2024 1907 2094 βαθυ-

334 2112 598 2181 κρήμνων
633 2114 776 2183 ὀρῶν
813 2115 1107 2183 στέφανον,
1150 2117 1240 2184 ὑφ’
1281 2110 1342 2169 οῦ
1393 2116 1469 2186 μὴ
1517 2116 1905 2185 στεφανοῦσθε,

334 2198 472 2253 ἀλλὰ
527 2202 904 2269 συγκλιίεσθε,
936 2204 1029 2256 τὸν
1081 2204 1139 2259 δὲ
1187 2205 1551 2275 μετρούμενον
1606 2206 1782 2276 άέρα,
1814 2206 1908 2259 mi.

330 2288 425 2339 τὸν
458 2289 791 2361 ποθούμενον
818 2292 988 2363 ἥλιον,
1022 2293 1081 2348 δν
1113 2294 1189 2357 ὡς
1208 2293 1296 2348 διὰ
1334 2295 1547 2365 κάπνης
1582 2295 1906 2363 αὑγάζεσθε,

330 2368 379 2429 ὦ
432 2379 681 2432 Ποντικοὶ
737 2381 1037 2453 Κιμμέριοι
1071 2382 1184 2452 (20)
1242 2383 1338 2438 καὶ
1383 2384 1443 2435 οὐ
1488 2384 1587 2453 τὴν
1637 2383 1907 2453 ἑξάμηνον

329 2467 501 2522 νύκτα
534 2470 645 2538 (21)
695 2472 854 2540 μόνον
901 2472 1358 2544 κατακριθέντες.
1415 2473 1444 2527 ὂ
1501 2474 1563 2545 δή
1615 2492 1762 2537 τινες
1819 2474 1906 2526 λέ-

333 2574 551 2626 γονται,
602 2559 715 2613 ἀλλ’
757 2561 878 2614 οὐδὲ
928 2562 1093 2633 μέρος
1135 2563 1233 2634 τῆς
1261 2562 1406 2632 ζωῆς
1448 2564 1635 2617 ἄσκιον
1666 2564 1900 2634 ἔχοντες,

333 2649 463 2720 μίαν
517 2649 573 2703 δὲ
612 2650 783 2706 νύκτα
832 2653 1051 2723 μακράν
1082 2654 1175 2708 τὸν
1227 2654 1444 2709 ἅπαντα
1489 2655 1637 2725 βίον,
1692 2656 1787 2709 καὶ
1812 2657 1901 2709 δν·-

327 2755 439 2802 τως
507 2742 663 2794 σκιὰν
723 2742 952 2797 θανάτου
977 2781 995 2807 ,
1056 2745 1132 2799 ἵν’
1192 2746 1331 2799 είπω
1391 2744 1448 2798 τὸ
1507 2744 1605 2816 τῆς
1653 2744 1903 2817 Γραφῆςο

343 2829 581 2885 Ἐπαινῶ
629 2833 724 2885 καὶ
777 2834 875 2904 τὴν
931 2833 1122 2905 στενὴν
1174 2835 1270 2888 καὶ⁹
1319 2834 1685 2906 τεθλιμμένην
1741 2833 1861 2887 ὁδὸν
1884 2875 1900 2899 ,

330 2922 452 2991 (οὐκ
496 2920 613 2976 οἶδα
651 2923 761 2976 εἴτε
796 2927 876 2989 εἰς
921 2924 1231 2995 βασιλείαν,
1269 2924 1379 2979 εἴτε
1426 2928 1506 2990 εἰς
1546 2924 1672 2997 ᾅδου
1702 2924 1901 2997 φέρου-

332 3029 461 3077 σαν,
494 3013 592 3067 σοῦ
629 3014 686 3068 δὲ
720 3015 905 3071 ἕνεκεν
936 3018 1016 3080 είς
1049 3015 1324 3087 βασιλείαν
1353 3017 1566 3089 φερέτω
1589 3019 1643 3086 ,)
1680 3017 1776 3071 xal.
1803 3018 1902 3089 τὴν

331 3106 389 3158 ὲν
418 3104 598 3174 μέσῳ,
626 3104 681 3158 τί
720 3106 933 3177 βούλει,
982 3106 1213 3179 πότερον
1270 3106 1431 3177 Ἑδὲμ
1478 3107 1730 3178 ὀνομάσω
1766 3107 1901 3177 ψευ-

2019 682 2225 746 l'ruere,
2252 696 2316 737 ac
2337 681 2406 737 de
2432 680 2674 736 amicitia
2703 688 2889 736 nostra
2920 679 3159 735 fructum
3189 693 3345 749 cape.
3369 676 3586 741 Omnia,

2016 785 2139 839 quae
2170 785 2201 825 a
2244 778 2299 826 te
2340 770 2789 841 proﬁciscuntur,
2830 769 3021 824 suavia
3061 770 3222 823 nobis
3254 775 3405 834 sunt,
3435 783 3589 836 qna-—

2016 877 2233 932 cunque
2282 862 2501 916 tandem
2539 862 2628 915 illa
2674 860 2808 923 sint,
2838 871 2892 914 et
2918 874 3140 930 quoquo
3183 857 3343 912 modo
3390 872 3450 910 se
3493 855 3592 908 ha-

2015 952 2202 1007 beant.
2250 952 2388 1007 Nam
2438 967 2530 1007 res
2567 966 2786 1021 quoque
2836 949 3000 1017 hujus
3039 947 3144 1003 loci
3192 947 3325 1001 mihi
3376 945 3584 1001 cavillit-

2016 1044 2277 1112 impetere
2316 1042 2539 1109 videris,
2578 1058 2687 1096 non
2731 1049 2793 1095 ut
2818 1040 3115 1103 cavilleris,
3157 1039 3251 1094 sed
3297 1046 3357 1092 ut
3405 1053 3491 1093 me
3519 1037 3586 1091 ad

2017 1140 2070 1188 te
2096 1134 2273 1203 ipsqu
2330 1131 2516 1186 trahas
2555 1130 2623 1200 (si
2656 1130 2788 1200 quid
2815 1136 2999 1183 tamen
3033 1141 3136 1197 ego
3170 1138 3407 1182 mentem
3438 1136 3585 1180 tuam

2016 1225 2332 1294 intelligo);
2375 1222 2833 1293 quemadmodum
2881 1219 2975 1290 qui
3019 1219 3219 1275 ﬂuenta
3266 1219 3582 1283 obstruunt,

2015 1322 2075 1369 ut
2124 1314 2181 1368 in
2222 1314 2384 1367 aliam
2448 1323 2655 1381 partem
2712 1311 2997 1366 retrahunt
3046 1325 3111 1366 ac
3169 1310 3438 1365 derivem.
3494 1307 3586 1365 Sic

2011 1402 2158 1459 enim
2194 1412 2286 1455 tua
2316 1416 2531 1472 semper
2550 1399 2837 1469 accipiam.

2083 1489 2195 1560 Ego
2220 1504 2351 1543 vero
2375 1487 2610 1542 Pontum
2654 1494 2808 1541 tuum
2840 1485 3173 1551 admirabor,
3206 1493 3262 1541 et
3300 1483 3581 1540 Ponticam

2011 1579 2323 1649 caliginem,
2374 1593 2437 1632 ac
2489 1577 2709 1647 dignam
2765 1576 2960 1631 exsilio
2998 1576 3205 1638 sedem,
3244 1584 3297 1631 et
3342 1576 3584 1631 tumulos

2012 1669 2177 1739 capiti
2222 1669 2593 1732 imminentes,
2647 1676 2696 1721 et
2752 1666 2899 1721 feras
2932 1665 3089 1720 [idem
3122 1674 3357 1719 vestram
3392 1666 3583 1735 explo-

2011 1769 2225 1823 rantes,
2247 1768 2302 1815 ct
2333 1759 2639 1827 subjectum
2668 1758 3041 1818 solitudinem,
3075 1757 3186 1810 imo
3217 1756 3452 1809 murium
3484 1770 3580 1809 ca-

2010 1865 2236 1904 vernam
2274 1865 2397 1903 cum
2433 1848 2700 1918 speciosis
2731 1847 3020 1918 gyuumsii,
3060 1855 3114 1901 et
3147 1845 3489 1909 monasterii,
3517 1858 3582 1899 ac

2012 1942 2215 1997 schola:
2242 1939 2581 2001 nominibus.
2608 1946 2663 1994 et
2683 1937 2980 2009 agrestium
3012 1937 3262 2006 stirpium
3310 1935 3498 1999 silvas,
3525 1943 3582 1990 et

2013 2037 2415 2100 praeruptorum
2448 2028 2713 2081 montium
2750 2041 3033 2089 coronam,
3065 2040 3171 2095 qua
3196 2041 3305 2081 non
3332 2032 3443 2081 tam
3481 2038 3578 2079 co-

2013 2120 2287 2174 ronamini
2323 2133 2487 2188 quam
2527 2117 2876 2181 coercemini,
2928 2130 3111 2170 aerem
3150 2116 3316 2170 etiam
3348 2115 3415 2169 ad
3462 2129 3583 2168 cer-

2014 2218 2133 2264 tum
2162 2210 2385 2264 modum
2410 2207 2743 2269 dimensum,
2772 2214 2827 2259 et
2854 2206 3220 2261 desideratum
3246 2207 3442 2267 solem,
3471 2219 3583 2273 quo

2016 2301 2165 2354 velut
2199 2313 2296 2368 per
2322 2297 2599 2353 caminum
2642 2294 3006 2359 irradiamini,
3044 2309 3078 2345 ο
3108 2292 3319 2348 Pontici
3342 2294 3584 2350 Cimme-

2014 2389 2081 2443 rii
2127 2398 2182 2443 et
2232 2389 2347 2443 sole
2394 2392 2670 2450 carentes,
2711 2399 2812 2439 nec
2867 2384 3120 2440 semestri
3164 2391 3376 2438 tunluttt
3423 2393 3584 2438 nocte

2011 2477 2280 2541 damnati,
2314 2476 2459 2547 quod
2482 2476 2550 2529 de
2590 2473 2915 2544 quibusdam
2941 2472 3196 2537 refertur,
3227 2475 3319 2528 sed
3359 2489 3427 2528 ne
3454 2488 3582 2543 par-

2011 2578 2119 2624 tem
2144 2569 2362 2639 quidem
2388 2568 2555 2621 ullam
2583 2567 2706 2621 vitte
2735 2565 3001 2620 habentes
3036 2565 3245 2620 umbrae
3281 2576 3576 2634 expertem,

2011 2674 2201 2715 verum
2231 2669 2446 2713 noctem
2484 2674 2647 2712 uuam
2681 2659 2895 2727 longam
2940 2665 3114 2711 totum
3144 2656 3270 2709 vitae
3315 2656 3576 2723 spatium,

2010 2765 2077 2804 ac
2104 2763 2232 2804 vere
2256 2749 2505 2802 umbram
2531 2749 2747 2813 mortis,
2778 2756 2839 2802 ut
2867 2762 2990 2802 cum
3017 2746 3298 2815 Scriptura
3332 2745 3576 2814 quuar‘.

2012 2838 2116 2893 Sed
2169 2846 2224 2893 et
2274 2846 2560 2906 angustam
2613 2838 2758 2890 illam
2805 2846 2859 2891 et
2913 2852 3154 2906 pressam
3201 2838 3341 2888 viam
3416 2835 3580 2888 laudo

2011 2929 2178 3002 (haud
2221 2929 2337 2984 scio
2369 2929 2423 2982 iu
2458 2944 2685 2998 regnum
2716 2943 2786 2980 an
2819 2928 2873 2980 in
2921 2942 3111 2981 ornum
3143 2926 3424 2987 ferentem,
3474 2943 3576 2982 cae—

2008 3032 2186 3079 terum
2218 3022 2297 3076 tui
2342 3022 2514 3091 gratia
2553 3027 2609 3074 in
2643 3035 2868 3090 regnum
2896 3018 3082 3082 ferat),
3112 3025 3274 3087 atque
3319 3018 3577 3074 interme-

2008 3114 2153 3168 diam
2182 3114 2353 3174 illam,
2392 3110 2523 3181 quid
2557 3110 2660 3172 vis,
2693 3118 2875 3163 utrum
2920 3111 3094 3177 ipsam
3125 3106 3271 3161 Eden
3306 3107 3444 3162 falso
3482 3126 3580 3161 no-

329 3194 587 3264 δόμενος,
614 3197 709 3249 καὶ
755 3196 853 3268 τὴν
887 3198 968 3262 είς
1012 3198 1282 3270 τέσσαρας
1318 3199 1493 3270 ἀρχὰς
1539 3198 1902 3271 μεριζομένην

2010 3205 2230 3269 minem,
2265 3210 2320 3258 et
2352 3203 2406 3255 in
2438 3209 2676 3271 quatuor
2703 3199 2974 3270 principia
2997 3197 3054 3268 4
3075 3198 3311 3252 divisum
3350 3197 3574 3262 fontem,

334 3283 553 3355 πηγὴν,
605 3287 664 3352 ἐξ
715 3282 785 3358 ἧς
814 3288 849 3358 ή
894 3289 1186 3360 οικουμένη
1220 3288 1333 3361 (22)
1385 3288 1762 3361 ποτίζεται,ἦ
1804 3290 1902 3361 τὴν

335 3374 505 3447 ξηράν
543 3377 638 3430 καὶ
667 3377 898 3448 ἀνικμον
926 3380 1192 3450 ἐρημίαν,
1226 3381 1294 3450 ἦν
1329 3399 1412 3445 τις
1458 3380 1734 3453 ήμερώσει
1772 3382 1903 3436 Μω-

337 3459 467 3534 σῆς,
500 3464 682 3537 ῥάϐδῳ
732 3466 938 3538 πέτραν
967 3468 1262 3539 πηγάσαςς
1305 3468 1463 3521 Ἔστι
1498 3469 1607 3539 γὰρ
1648 3471 1771 3522 ὅσον
1806 3471 1905 3539 μὲν

330 3556 662 3626 διαπέφευγε
707 3557 808 3621 τὰς
852 3558 1097 3629 πέτρας,
1142 3558 1489 3629 χαραδρεώνο
1538 3560 1660 3613 ὅσον
1698 3560 1755 3612 δὲ
1806 3561 1904 3621 τὰς

331 3647 608 3718 χαράδρας
634 3690 651 3715 ,
690 3647 1008 3702 ἀκανθεώνο
1057 3649 1182 3702 ὅσον
1222 3648 1279 3702 δὲ
1322 3650 1465 3719 ὑπὲρ
1509 3648 1608 3712 τάς
1639 3649 1902 3712 ἀκάνθας,

331 3738 605 3808 γρημνός·
643 3739 738 3791 καὶ
791 3740 825 3808 ή
876 3738 1015 3811 ὑπὲρ
1064 3737 1251 3793 τοῦτον
1288 3739 1405 3802 ὁδὸς
1425 3778 1440 3803 ,
1479 3739 1817 3810 ὲπίκρημνός
1845 3758 1903 3794 τε

331 3828 424 3881 καὶ
474 3828 881 3898 άμφιτάλαντος
906 3868 922 3893 ,
969 3828 1077 3882 τῶν
1117 3829 1407 3882 ὁδευόντων
1466 3830 1561 3882 τὸν
1601 3829 1728 3883 νοῦν
1773 3848 1901 3883 συν-

330 3918 541 3987 άγουσα
569 3920 662 3972 καὶ
698 3920 1051 3990 γυμνάζουσα
1085 3919 1223 3992 πρὸς
1264 3921 1563 3990 ἀσφάλειαν
1611 3922 1745 3992 (25).
1792 3924 1899 3975 Πο-

330 4006 501 4078 ταμὸς
537 4007 595 4060 δὲ
633 4007 784 4061 κάτω
832 4008 1048 4079 ῥοχθεῖ,
1083 4003 1237 4071 οὗτος
1287 4010 1314 4060 ὁ
1376 4009 1770 4080 Ἀμφιπολίτης
1820 4027 1901 4063 σοι

333 4095 593 4167 Στρυμὼν
617 4095 725 4168 (24)
760 4097 855 4149 κα)⁹
883 4096 1106 4167 ήσύχιος
1132 4113 1146 4127 ⁸
1177 4098 1271 4150 καὶ
1294 4097 1396 4151 οὐκ
1425 4098 1744 4169 ίχθυοφόρος
1773 4098 1901 4168 μᾶλ-

334 4185 422 4239 λον
443 4225 458 4249 ,
499 4186 534 4258 ἢ
592 4186 875 4256 λιθοφόρος
901 4203 916 4217 ο
963 4186 1083 4239 οὐδὲ
1140 4188 1218 4249 είς
1269 4186 1466 4259 λίμνην
1519 4189 1899 4258 ἀναχεόμενος,

334 4276 445 4330 ἀλλ’
482 4278 562 4339 εἰς
611 4276 753 4351 βάθη
792 4277 1233 4345 κατασυρόμενος
1258 4314 1273 4339 ,
1311 4269 1357 4328 ὦ
1391 4276 1512 4328 λίαν
1535 4276 1774 4348 ὑψήγορε
1813 4280 1900 4341 σὺ,

335 4368 427 4421 καὶ
474 4366 674 4437 ποιητά
726 4365 927 4421 καινῶν
983 4364 1284 4435 ὀνομάτων.
1340 4365 1495 4419 Ἐστι
1544 4365 1655 4438 γὰρ
1709 4366 1903 4436 μέγας,

337 4462 426 4514 καὶ
501 4460 731 4531 φοϐερὸς
764 4500 780 4525 ,
869 4459 964 4512 καὶ
1059 4456 1354 4528 ὑπερηχῶν
1438 4457 1547 4510 τῶν
1617 4459 1729 4512 ἀνω
1806 4457 1902 4521 τὰς

334 4550 669 4623 ψαλμῳδίας.
771 4548 937 4605 οὐδὲν
1024 4548 1160 4618 πρὸς
1236 4547 1428 4603 τοῦτον
1499 4547 1552 4598 oi

337 4657 484 4705 κται,
541 4643 636 4694 καὶ¹
685 4642 735 4693 oi
805 4637 1151 4693 Κατάδουποι
1212 4635 1327 4708 (25)
1357 4650 1372 4667 ’
1442 4634 1695 4689 τοσοῦτον
1750 4635 1903 4708 ὑμῶν

407 4793 423 4822 ¹
454 4791 598 4848 Psal.
632 4808 768 4856 χιιι,
793 4791 846 4845 4.
922 4792 945 4823 ⁹
981 4788 1118 4846 Gen.
1149 4802 1211 4852 tt,
1242 4787 1329 4842 10.
1406 4786 1430 4848 9
1467 4785 1641 4842 Exod.
1682 4801 1818 4853 xvu,
1850 4787 1902 4843 6.

412 4902 519 4969 (l8)
582 4902 974 4969 Παιδεύσεως.
1039 4900 1272 4969 Quidam
1325 4908 1553 4957 censent
1619 4899 1907 4971 legendum

347 4969 574 5035 παιδιᾶς,
593 4971 739 5035 joco.

473 4988 574 5030 ιας,
594 4988 739 5030 1060.

413 4987 980 5112 2T5W‘Zf.‘3.._w
1009 5038 1120 5112 del,
1142 5038 1217 5092 τὰ
1242 5036 1344 5092 σά.
1382 5037 1598 5103 Billius,
1642 5036 1739 5091 hoc
1763 5038 1904 5091 enim

346 5107 716 5179 modo'semper
741 5107 1011 5179 nobiscum
1035 5109 1171 5179 agis.

411 5178 516 5250 (2ο)
540 5173 826 5250 Horrtht
861 5173 1201 5250 ⁸Κιμμέριοι.
1256 5173 1535 5250 ῼίιηωθτίἱ
1572 5175 1903 5250 septentrio-

348 5243 509 5313 nalem
538 5248 695 5303 Ponti
738 5243 1115 5301 Euxini'oram
1145 5243 1619 5313 incolebant,rnon
1640 5243 1841 5313 procul
1871 5259 1903 5297 a

350 5312 638 5388 Bosphoro,
673 5317 767 5388 qui
806 5317 874 5371 ab
894 5316 1137 5388 ipsorum
1191 5313 1413 5367 nomine
1442 5312 1904 5388 (limi-insap-

351 5381 567 5453 pellatus
615 5381 721 5442 est.
780 5381 938 5453 Apud
976 5399 1072 5440 eos
1120 5390 1411 5453 perpetuas
1473 5396 1597 5436 esse
1652 5381 1907 5438 tenebras

350 5451 473 5523 dicit
502 5454 786 5518 Homerus,
829 5451 1024 5523 Odyss.
1056 5451 1135 5508 xi.

416 5520 519 5594 (21)
562 5524 681 5591 Τὴν
712 5517 1017 5591 ἐξόμηὶοον
1036 5523 1246 5594 νύκτα.
1300 5519 1403 5586 Qui
1427 5518 1529 5574 sub
1558 5517 1740 5573 mundi
1770 5520 1908 5589 polis

352 5589 978 5659 habitant,‘semeStrem
1027 5592 1175 5646 diem
1200 5605 1263 5644 ac
1310 5596 1626 5659 semestrem
1690 5597 1907 5659 noctem

353 5660 571 5723 habent:
593 5656 676 5717 iis
694 5661 839 5717 enim
872 5660 957 5714 sol
982 5674 1077 5714 sex
1126 5674 1345 5714 menses
1375 5659 1479 5713 sub
1508 5656 1790 5713 horizonte
1812 5658 1907 5713 de-

354 5730 610 5798 primitur,
642 5741 697 5786 et
722 5744 816 5798 sex
856 5730 995 5783 alios
1029 5743 1195 5798 super
1233 5729 1409 5798 ipsum
1438 5728 1659 5798 eminet.

418 5800 517 5872 (22)
571 5790 673 5867 Ἐξ
707 5796 783 5872 ἧς
818 5800 861 5867 ἡ
894 5790 1233 5871 οἱκουμὲνη.
1255 5790 1353 5854 ἰιιι
1383 5794 1535 5852 Pass.
1570 5793 1669 5849 Ed.
1711 5796 1800 5864 Ἐξ
1841 5790 1907 5867 ἧς

2006 3312 2073 3351 ex
2124 3311 2235 3365 quo
2278 3293 2430 3349 orbis
2475 3302 2746 3347 terrarum
2784 3289 3045 3359 irrigatur
3066 3290 3109 3351 ',
3161 3304 3230 3343 an
3286 3289 3489 3343 siccam
3525 3298 3579 3342 et

2007 3387 2236 3442 humore
2262 3384 2412 3439 omni
2453 3397 2680 3438 vacuam
2713 3380 3086 3443 solitudinem,
3117 3394 3280 3449 quam
3311 3378 3437 3448 quis
3465 3378 3579 3432 Mo-

2006 3490 2097 3530 ses
2127 3472 2416 3545 mitigabit,
2444 3486 2510 3525 ex
2540 3477 2692 3540 petra
2718 3469 2827 3522 ictu
2856 3467 3020 3538 virgae
3056 3465 3259 3521 fontem
3287 3467 3579 3522 eliciens’?

2004 3565 2141 3616 Nam
2174 3577 2281 3630 qua
2324 3571 2476 3629 parte
2514 3559 2743 3628 rupibus
2789 3556 3117 3627 confragosa
3163 3571 3273 3609 non
3325 3565 3429 3617 est,
3466 3564 3577 3608 tor-

2005 3668 2133 3707 rens
2159 3659 2281 3718 est;
2308 3664 2414 3721 qua
2442 3658 2596 3719 parte
2636 3663 2832 3703 rursus
2864 3654 3082 3702 torrens
3129 3660 3237 3700 non
3270 3656 3372 3710 est,
3410 3648 3580 3701 senti-

2002 3753 2214 3810 cetum;
2266 3756 2375 3813 qua
2424 3755 2552 3796 vero
2587 3753 2752 3808 supra
2804 3746 2988 3792 sentes
3036 3737 3298 3806 assurgit,
3330 3738 3579 3807 praecipi-

2004 3835 2140 3889 tium
2165 3852 2181 3901 ;
2211 3844 2264 3888 et
2284 3848 2406 3904 qua:
2450 3831 2702 3901 superius
2728 3836 3049 3897 exporrecta
3088 3837 3171 3883 est
3199 3829 3305 3890 via,
3337 3843 3578 3897 praeceps

2001 3933 2107 3991 est,
2138 3934 2300 3993 atque
2332 3923 2388 3976 in
2433 3932 2720 3989 utramque
2759 3930 2970 3988 partem
2992 3917 3221 3987 librata,
3266 3916 3577 3986 ingredien-

2004 4015 2136 4068 tium
2162 4020 2398 4068 mentem
2430 4011 2692 4080 colligens
2734 4017 2897 4078 atque
2926 4007 2994 4063 ad
3030 4020 3189 4062 caute
3221 4007 3577 4061 incedendum

2001 4117 2286 4158 exercens.
2322 4099 2547 4153 Fluvius
2572 4111 2735 4168 porro
2766 4096 2821 4148 in
2858 4096 2964 4149 ima
2993 4104 3148 4165 parte
3188 4110 3311 4147 cum
3348 4094 3577 4164 strepitu

2003 4192 2201 4256 fertur,
2229 4204 2391 4260 quem
2429 4196 2484 4239 tu
2517 4184 2963 4254 Amphipolitano
2992 4190 3047 4237 et
3079 4183 3266 4252 quieto
3301 4181 3576 4252 Strymoni

2001 4283 2222 4340 conl‘ers
2247 4300 2263 4349 ;
2293 4297 2405 4336 non
2433 4280 2668 4349 piscium
2702 4278 2899 4348 magis,
2928 4290 3094 4345 quam
3122 4273 3361 4342 lapidum
3388 4273 3577 4340 ferax;

2003 4389 2115 4427 non
2165 4373 2222 4426 in
2268 4379 2524 4440 stagnum
2574 4368 2803 4429 ell'usus,
2857 4365 2955 4423 sed
2996 4364 3052 4419 in
3104 4363 3396 4432 voragines
3457 4378 3580 4431 pro-

2007 4461 2202 4524 ﬂuens,
2233 4476 2267 4515 o
2302 4460 2387 4514 vir
2412 4458 2640 4512 nimium
2666 4457 3043 4528 grandiloque,
3088 4461 3143 4509 et
3176 4468 3439 4507 novorum
3482 4466 3580 4505 no-

1648 4548 1906 4616 Καταρά-
1936 4528 1981 4583 D
2012 4552 2217 4607 minum
2249 4550 2566 4606 architecte.
2602 4547 2698 4603 Est
2725 4548 2871 4603 enim
2903 4559 3159 4614 magnus,
3186 4553 3241 4597 et
3272 4542 3573 4605 horribilis,

2010 4646 2174 4707 atque
2204 4651 2416 4701 eorum,
2464 4635 2560 4706 qui
2611 4635 2666 4689 in
2711 4634 2982 4704 superiori
3016 4634 3139 4687 loco
3177 4630 3403 4703 degunt,
3434 4629 3577 4701 psal-

2009 4897 2107 4950 καὶ
2131 4894 2445 4966 οἰκουμένη.
2506 4892 2623 4949 Mos
2656 4891 2786 4962 Reg.
2824 4907 2966 4947 unus
3001 4901 3055 4947 et
3080 4893 3238 4947 Pass.
3274 4891 3443 4962 ξηρὰν
3484 4891 3580 4944 καὶ

2008 4966 2253 5031 ἄνυδρον,
2279 4966 2476 5018 siccam
2502 4975 2549 5017 et
2583 4978 2722 5031 mnta
2747 4972 3029 5031 carentem.

2080 5026 2192 5103 (23)
2229 5026 2640 5102 Γυμνάζουσά
2671 5030 2821 5098 πρὸς
2864 5028 3221 5098 ἀσφάλειαν.
3263 5026 3469 5088 Billius,
3508 5032 3577 5080 ad

2008 5104 2345 5160 securitatem
2374 5116 2639 5153 exercens.

2097 5172 2187 5240 24)
2217 5171 2280 5222 '0
2315 5168 2727 5240 Ἀμφιπολίτης
2838 5164 3133 5234 Στρυμών.
3167 5163 3441 5240 Strymon,
3465 5163 3579 5240 Ilia-

2011 5234 2501 5297 eedoniaatluvius,
2551 5237 2605 5289 in
2658 5235 2843 5289 Haemo
2893 5245 3073 5290 monte
3116 5234 3290 5289 oritur
3330 5244 3383 5287 et
3429 5234 3580 5302 prius

2013 5324 2175 5380 quam
2205 5321 2429 5380 cursum
2460 5304 2682 5372 dirigat,
2713 5312 2916 5380 septem
2973 5304 3123 5380 lacus
3150 5304 3344 5380 edicit;
3380 5302 3610 5380 quibus-

2013 5371 2209 5433 deinde
2248 5378 2303 5431 in
2343 5389 2510 5429 unum
2541 5371 2750 5428 alveum
2777 5371 3064 5435 'collcctis.
3103 5373 3255 5442 juxta
3287 5371 3580 5442 Amphipof

2015 5449 2131 5513 lim,
2155 5447 2301 5501 illius
2347 5442 2587 5513 regionis
2636 5444 2847 5513 urbem,
2898 5442 3077 5513 inﬂuit
3104 5436 3174 5513 in
3209 5436 3578 5513 maris'A‘Eggei

2014 5506 2342 5638 si_ttutnl,bqui
2370 5506 2440 5567 ab
2476 5513 2598 5581 ipso
2634 5510 2979 5582 Strymonius
3003 5510 3325 5580 appellatur.
3361 5506 3438 5561 Ita
3464 5506 3579 5561 Pli-

2014 5601 2159 5638 nius.
2210 5602 2227 5638 ι
2267 5625 2280 5637 .
2321 5598 2392 5638 tv.

2076 5601 2159 5647 IIS.
2187 5598 2280 5639 HD.
2321 5598 2392 5638 IV.

2012 5599 2299 5776 "nasia
2321 5599 2687 5718 l1:1.1‘t'r¢,;7cizcrat
2707 5647 2806 5701 καὶ
2836 5649 2887 5700 οὶ
2935 5644 3328 5701 Κατάδουποι.
3352 5644 3579 5700 Catara-

2012 5732 2115 5776 ctte
2208 5722 2264 5775 ili
2300 5722 2368 5774 ab
2416 5719 2690 5776 Aithiooia
2746 5718 2800 5771 in
2848 5715 3139 5776 Αέαγυιυηι
3198 5715 3576 5771 devolvuntur.

2012 5715 2115 5779 ctte
2159 5715 2264 5776 Nili
2300 5722 2368 5774 ab
2416 5715 2690 5788 Aithiopia
2746 5718 2800 5771 in
2848 5715 3139 5788 Aigyptum
3198 5715 3576 5788 devolvuntur.

2013 5791 2191 5847 Tanto
2220 5799 2402 5846 autem
2429 5804 2551 5844 cum
2604 5783 2814 5857 impetu
2851 5783 3094 5843 ex'altis
3146 5784 3422 5842 montibus
3471 5783 3580 5839 ruit
