4120 6450
516 473 587 531 27
1730 471 1790 527 S.
1832 464 2161 527 GREGORII
2199 466 2545 527 TlIEOLOGl
3687 467 3766 525 ‘28

519 588 731 643 rnodias
756 587 985 657 strepitu
1020 602 1123 644 suo
1150 577 1375 658 superat
1400 594 1455 643 et
1483 587 1686 643 obruit.
1717 586 1865 642 Nihil
1895 601 1994 656 pro
2019 601 2085 641 eo

2201 584 2433 656 ιατασοᾷ
2485 586 2675 650 νυκτὸς
2743 586 2837 639 καὶ
2909 585 3138 657 ἡμέρας.
3215 584 3432 655 Τραχὺς
3495 583 3591 653 μὲν
3660 583 3763 649 ὢν.
3838 616 3857 625 ε

520 688 651 733 sunt
673 678 974 733 Cataracta:
1004 686 1059 733 et
1090 677 1369 748 Catadupa
1402 697 1416 733 :
1448 694 1621 748 usque
1642 678 1778 734 adeo
1801 678 1959 734 vobis
1990 676 2085 731 diu

520 782 585 820 ac
612 776 779 823 noctu
803 769 1105 838 obstrepit!
1137 768 1319 839 Atque
1346 768 1422 822 ita
1451 784 1613 839 asper
1634 777 1739 834 est,
1769 777 1829 824 ut
1851 769 2087 825 vadosus

520 858 739 910 interim
785 872 895 911 non
938 857 1014 911 sit
1046 857 1161 911 :ita
1216 872 1437 912 rursum
1481 858 1754 921 turbidus,
1805 866 1865 912 ut
1909 858 2089 927 potari

519 954 794 1016 nequeat:
829 947 934 1001 hoc
978 954 1198 1002 tantum
1244 948 1465 1001 nomine
1516 947 1788 1003 humanus
1836 955 1889 1001 et
1937 946 2090 1001 beni-

520 1053 682 1107 gnus,
725 1038 850 1107 quia
910 1038 1095 1093 sedem
1137 1046 1376 1093 vestram
1426 1053 1534 1092 non
1594 1038 1851 1103 devolvit,
1887 1050 2010 1092 cum
2056 1052 2089 1090 a

521 1129 857 1185 torrentibus
881 1136 936 1184 et
964 1128 1375 1198 tempestatibus
1407 1128 1459 1182 in
1486 1129 1725 1183 furorem
1753 1129 1948 1199 agitur.
1982 1127 2090 1181 lla-

521 1217 620 1272 bes
647 1216 779 1287 quid
810 1218 878 1272 de
904 1218 1025 1272 istis
1054 1216 1481 1272 Fortunatorum
1509 1218 1728 1282 insulis,
1757 1219 1841 1272 vel
1875 1218 1943 1273 de
1974 1217 2089 1272 for—

521 1303 731 1358 tunatis
787 1304 944 1360 vobis
1004 1304 1325 1360 sentiamus.
1375 1304 1456 1359 Tu
1527 1322 1653 1361 vero
1697 1305 1830 1359 mibi
1872 1307 2091 1361 lunatas
2146 1305 2150 1309 ’

521 1392 804 1450 anfractus
839 1410 908 1449 ne
951 1395 1204 1451 laudibus
1254 1396 1471 1461 ell'eras,
1505 1412 1601 1452 eas
1644 1405 1848 1465 partes.
1890 1397 2091 1466 quibus

521 1484 726 1540 montis
758 1485 920 1541 istius
966 1486 1181 1541 radices
1214 1487 1354 1541 adiri
1397 1500 1648 1556 possunt,
1679 1503 1785 1541 non
1837 1495 1948 1540 tam
1991 1488 2092 1541 ob-

521 1572 788 1627 vallantes
835 1588 900 1627 ac
943 1574 1092 1628 velut
1139 1590 1295 1629 muro
1332 1576 1635 1644 cingentes,
1680 1588 1842 1643 quam
1894 1574 2093 1629 misere

520 1664 967 1732 comprimentes,
999 1666 1364 1735 verticemque
1393 1666 1547 1720 illum
1577 1664 1741 1735 capiti
1786 1672 1972 1718 vestro
1998 1664 2094 1717 im-

522 1754 845 1818 minentem,
883 1755 977 1823 qui
1010 1754 1350 1808 Tantalicam
1403 1754 1560 1808 vobis
1602 1754 1767 1807 vitam
1803 1752 1987 1813 ellicit,
2037 1758 2093 1806 et

2190 676 2393 748 ἄπορος
2438 676 2496 730 δέ
2527 693 2541 706 ·
2578 677 2673 730 καὶ
2701 676 2918 749 θολερὸς
2970 677 3098 748 μὲν,
3135 676 3336 737 ἄποτος
3374 673 3465 727 δέ·
3501 667 3563 727 οὗ
3603 673 3767 727 τοῦτο
3834 667 3839 670 ’

2193 766 2354 835 μόνον
2381 764 2758 835 φιλάνθρωπον
2779 804 2795 830 ,
2834 766 2915 818 i'rrt
2960 763 3036 836 μὴ
3095 763 3403 834 παρασύρει
3451 760 3551 832 τὴν
3594 762 3766 832 μονὴν

2191 852 2386 923 ὑμῶν,
2441 852 2570 905 ὅταν
2620 852 2782 905 αὑτὸν
2833 853 2892 905 αἱ
2942 850 3209 921 χαράδραι
3259 850 3355 903 καὶ⁵
3399 851 3448 901 οἱ
3497 848 3766 918 χειμῶνες

2189 944 2522 1015 έκμαὶνωσιν
2557 942 2691 1014 (26).
2730 943 2800 996 ’Δ
2834 943 2935 1013 μὲν
2971 939 3064 996 οὖν
3105 943 3267 1012 ἡμεῖς
3301 939 3594 1009 σύνισμεν,
3642 943 3766 1000 ταῖς

2187 1034 2296 1087 τῶν
2354 1034 2631 1104 Μακάρων
2678 1034 2862 1105 νήσοις
2912 1032 3025 1101 (27)
3080 1030 3307 1094 ταύταις
3360 1027 3456 1082 εἴτ’
3513 1025 3603 1082 οὖν
3652 1028 3763 1081 τῶν

2194 1127 2476 1199 μακαρίων
2527 1128 2713 1198 ὑμῶν,
2765 1126 2935 1180 ταῦτά
2984 1126 3119 1179 ἐστι.
3172 1127 3245 1180 Σὺ
3291 1125 3348 1179 δὲ
3406 1126 3481 1197 μὴ
3519 1125 3765 1195 θαύμαζε

2189 1219 2316 1281 τοὺς
2347 1218 2650 1288 μηνοειδεῖς
2681 1217 2967 1286 ἀγκῶνας,
3006 1217 3077 1270 τὰ
3125 1217 3333 1287 βάσιμα
3361 1216 3464 1286 τῆς
3490 1216 3764 1288 ὑπωρείας

2192 1307 2344 1378 ὑμῶν
2396 1306 2860 1378 ἀπαγχονίζοντας
2916 1307 3150 1378 μᾶλλον,
3207 1307 3241 1376 ἦ
3295 1306 3760 1376 ἀποτειχίζοντας,

2191 1399 2288 1451 καὶ
2326 1397 2419 1451 τὸν
2466 1398 2712 1469 κορυφῆς
2740 1397 3134 1468 ὑπερτέλλοντα
3154 1398 3377 1452 τένοντα
3400 1437 3416 1461 ,
3466 1398 3527 1461 δς
3553 1397 3764 1451 Ταντά-

2192 1484 2333 1537 λειον
2372 1486 2500 1555 ὑμῖν
2545 1487 2688 1538 ποιεῖ
2714 1486 2811 1556 τήν
2838 1485 2983 1557 ζωὴν
3013 1486 3126 1557 (28)
3149 1525 3165 1551 ,
3185 1486 3286 1549 τάς
3307 1503 3367 1539 τε
3409 1485 3766 1557 διαρρεούσας

2192 1572 2399 1643 αὔρας,
2431 1575 2527 1627 καὶ
2568 1574 2671 1644 τῆς
2707 1575 2811 1645 γῆς
2856 1574 3162 1639 ἀναπνοὰς,
3200 1576 3257 1628 αϊ
3304 1575 3767 1646 λειποθυμοῠντας

2193 1662 2338 1732 ὑμᾶς
2378 1661 2748 1733 ἀναψύχουσι,
2797 1663 2922 1727 τούς
2967 1681 3028 1717 τε
3067 1665 3297 1736 ᾠδικοὺς
3323 1664 3542 1738 ὄρνιθας
3564 1706 3579 1731 ,
3610 1666 3765 1737 ᾅδον-

2191 1767 2291 1813 τας
2334 1750 2462 1820 μὲν,
2516 1750 2653 1805 ἀλλὰ
2695 1752 2784 1805 τὸν
2816 1750 3006 1823 λιμόν·
3042 1754 3137 1807 καὶ
3164 1755 3627 1826 περιιπταμένους
3651 1754 3765 1827 (29)

518 1844 830 1901 dillluentes
859 1861 1023 1901 auras
1065 1853 1333 1916 terraeque
1361 1860 1612 1915 vapores,
1653 1846 1745 1914 qui
1784 1859 1882 1897 vos
1923 1842 2093 1897 animi

2201 1839 2333 1910 μὲν,
2382 1840 2518 1895 ἀλλὰ
2563 1842 2662 1913 τὴν
2713 1842 2965 1914 ἐρημίαν.
3012 1844 3300 1915 Ἐπιδημεῖ
3341 1846 3400 1899 δὲ
3439 1846 3645 1909 οὐδεὶς,
3684 1848 3768 1900 ἔτι

519 1936 762 2006 deliquio
807 1937 1119 1991 laborantes
1161 1944 1431 2001 recreant,
1466 1950 1701 1991 canoras
1744 1938 1906 1989 etiam
1940 1948 2088 1996 aves,

2201 1931 2271 2002 μὴ
2302 1929 2443 1984 κατὰ
2471 1930 2641 2004 θήραν
2662 1971 2677 1996 ,
2709 1932 2887 2000 λέγεις
2913 1949 2928 1962 ·
2960 1933 3221 2004 πρόσθες,
3254 1936 3347 1988 καὶ
3375 1934 3516 1988 ὥστε
3542 1938 3768 2006 νεκροὺς

519 2024 822 2094 garrientes
870 2025 1109 2095 quidem,
1149 2025 1242 2080 sed
1278 2024 1498 2088 famem,
1550 2032 1603 2077 et
1645 2022 2092 2077 circumvolitan-

2201 2020 2340 2091 ὑμᾶς
2398 2019 2844 2074 ἐπισκέπτεσθαι.
2892 2020 3077 2075 Ταῦτα
3122 2021 3436 2093 μακρότερα
3494 2021 3593 2092 μὲν
3640 2023 3773 2086 ἴσως

518 2121 604 2168 tcs
643 2112 887 2184 quidem,
936 2113 1032 2170 sed
1082 2113 1456 2170 solitudinem.
1509 2111 1622 2167 Nec
1668 2113 1955 2182 quisquam
1999 2126 2087 2174 eo,

2201 2110 2228 2179 ἢ
2276 2109 2396 2163 κατ’
2436 2110 2758 2181 ἐπιστολὴν,
2801 2111 3008 2165 ἐλάττω
3053 2111 3110 2164 δὲ
3144 2112 3454 2182 κωμῳδίας.
3495 2115 3567 2166 Σὺ
3616 2113 3672 2166 δὲ
3716 2113 3771 2165 ει

519 2202 626 2256 nisi
650 2202 954 2256 venationis
1004 2217 1133 2272 ergo
1167 2203 1403 2264 accedit,
1458 2202 1641 2271 inquis
1676 2201 1875 2266 :adde,
1932 2211 1991 2254 ut
2035 2208 2090 2256 et

2201 2201 2297 2270 μὲν
2322 2199 2489 2265 οἴσεις
2537 2203 2774 2275 μετρίως
2808 2202 2908 2273 τὴν
2953 2201 3174 2256 παιδιὰν
3205 2202 3355 2273 (50),
3389 2203 3566 2274 ὀρθῶς
3614 2204 3772 2273 ποιή-

520 2301 765 2345 mortuos
812 2308 907 2347 vos
956 2294 1161 2347 visitet.
1198 2292 1325 2346 Haec
1376 2293 1670 2362 prolixiora
1711 2290 1930 2361 quidem
1974 2289 2086 2344 for-

2201 2306 2309 2353 σεις
2333 2307 2346 2323 ’
2384 2291 2434 2344 εί
2460 2290 2519 2343 δὲ
2555 2292 2630 2362 μὴ
2651 2332 2666 2355 ,
2703 2292 2797 2344 καὶ
2831 2291 3001 2344 πλείω
3029 2290 3137 2361 (51)
3182 2290 3583 2362 προσθήσομεν.

517 2389 667 2434 tasse
697 2387 847 2443 sunt,
881 2396 1044 2449 quam
1087 2382 1335 2450 epistolae
1368 2381 1563 2436 modus
1596 2382 1853 2450 postulet,
1898 2379 2085 2447 utique
2110 2389 2289 2434 tamen
2324 2379 2593 2435 comoedia
2624 2381 2858 2436 minora.
2890 2380 2973 2436 Tu
3028 2388 3231 2448 autem,
3295 2380 3340 2436 si
3382 2381 3599 2451 quidem
3663 2378 3773 2433 hos

512 2471 674 2544 iocos
716 2486 872 2540 aequo
905 2474 1088 2527 animo
1122 2473 1286 2538 feras,
1322 2483 1469 2527 recte
1510 2473 1703 2527 feceris
1731 2492 1744 2526 :
1779 2473 1863 2526 sin
1909 2486 2088 2538 secus,
2119 2472 2273 2541 plura
2302 2487 2519 2543 quoque
2544 2472 2922 2546 adjungemus.

1076 2625 1128 2695 5
1162 2626 1225 2682 v.
1258 2624 1491 2679 ElDEM.
2684 2629 2759 2682 E'.
2800 2630 2887 2700 ro
2925 2631 3106 2702 ΑΥΤῼ
3146 2630 3278 2699 (se).

596 2744 847 2815 Epistolas
873 2743 1212 2815 prgeeedentis
1248 2759 1366 2796 cum
1411 2743 1643 2811 sequenti
1674 2752 1827 2815 tanta
1864 2755 1940 2796 est
1968 2744 2241 2805 connexio,
2283 2754 2339 2797 ut
2381 2745 2485 2798 ista
2528 2744 2675 2798 illius
2717 2761 2857 2815 pars
2888 2744 3118 2815 secunda
3160 2748 3357 2814 potius.
3404 2762 3561 2815 quam
3596 2746 3768 2798 altera

514 2816 741 2882 epistola
765 2812 987 2866 dicenda
1018 2817 1105 2864 sit.
1142 2812 1331 2866 Breres
1368 2823 1416 2865 et
1443 2821 1629 2865 acutas
1662 2814 1871 2882 litteras
1905 2829 2023 2864 eum
2062 2823 2285 2876 amaret,
2320 2816 2513 2867 veritus
2557 2830 2620 2867 ne
2667 2812 2907 2882 epistola:
2949 2812 3168 2867 modum
3209 2812 3536 2875 excessisset,
3581 2825 3769 2882 cwtera

518 2880 576 2938 se
608 2885 871 2936 dicturum
906 2882 959 2934 in
998 2882 1109 2933 alia
1140 2882 1409 2948 pollicitus
1441 2892 1569 2952 erat
1598 2882 1677 2934 Ιιιδ
1705 2881 1909 2952 verbis:
1946 2881 2002 2952 Si
2035 2882 2254 2949 quidem
2285 2883 2385 2937 hos
2405 2883 2565 2949 jocus
2601 2880 2757 2952 :eqim
2789 2884 2973 2938 animo
3025 2883 3188 2946 iuras,
3239 2896 3385 2938 recte
3426 2885 3654 2948 feceris;
3680 2880 3763 2937 sin

520 2962 703 3006 autem
743 2966 922 3022 secus,
961 2952 1112 3022 plura
1140 2968 1358 3022 (pioque
1387 2951 1765 3022 adjungcmus.
1799 2950 2086 3022 Promissis
2120 2952 2287 3015 stetit,
2309 2962 2357 3005 et
2384 2950 2742 3020 epistolam—ii,
2769 2968 2885 3022 qua:
2904 2954 3141 3019 proxime
3171 2965 3347 3006 secuta
3373 2963 3472 3017 est,
3501 2954 3582 3005 Itis
3606 2956 3770 3005 verbis

519 3018 1300 3091 exorditur:Quaniatn'qua;
1321 3021 1581 3091 jocautcs
1599 3018 1665 3073 ad
1711 3028 1762 3073 tc
1805 3020 2128 3091 scripsimus
2167 3035 2324 3089 aequo
2366 3018 2548 3075 animo
2599 3018 2876 3091 t'erstage
2908 3018 3035 3091 'qua:
3075 3032 3380 3091 sequuntur
3428 3022 3766 3091 adjiciamus.

524 3092 659 3155 Quis
681 3090 798 3158 jam
829 3088 1153 3160 dubitauerit
1184 3087 1369 3141 ambus
1390 3088 1454 3141 de
1486 3087 1665 3160 eodem
1691 3098 1998 3160 argumento
2021 3087 2248 3160 scriptas
2277 3106 2389 3143 esse
2417 3090 2668 3158 epistolas
2686 3093 2712 3145 γ
2744 3087 2854 3145 Nec
2882 3087 2998 3144 vero
3022 3087 3219 3160 scripta
3244 3102 3322 3145 est
3348 3087 3568 3158 epistola
3594 3108 3641 3146 v.
3669 3090 3772 3143 nisi

520 3168 638 3229 post
679 3156 908 3229 priorem
941 3158 994 3209 in
1037 3156 1265 3210 Pontum
1303 3174 1421 3210 cum
1482 3156 1699 3229 Basilio
1732 3159 2090 3229 secessionem.
2126 3156 2259 3229 Ante
2304 3156 2500 3212 annum
2528 3160 2654 3222 5130,
2686 3171 2736 3213 et
2779 3160 2987 3229 quidem
3047 3156 3326 3220 labentem,
3368 3156 3488 3213 hinc
3519 3176 3773 3213 remeasse

523 3226 832 3297 Gregorium
864 3242 967 3297 non
992 3235 1277 3292 putamus;
1305 3236 1621 3295 quapropter
1648 3226 1727 3279 In’s
1756 3225 1960 3278 duabus
1991 3225 2201 3293 litteris,
2243 3244 2306 3281 ac
2329 3238 2582 3297 pra'terea
2609 3225 2845 3295 epistola:
2878 3245 2949 3293 Vl,
2979 3230 3116 3282 alias
3141 3245 3216 3292 Ix,
3242 3246 3411 3283 annus
3437 3231 3532 3284 561
3563 3230 3772 3282 omnino

522 3294 837 3351 statuendus
872 3296 1093 3348 videtur.

594 3409 863 3475 Quoniam
917 3425 1038 3478 qua:
1090 3408 1341 3478 iocantes
1373 3408 1440 3462 ad
1483 3416 1538 3464 te
1566 3409 1908 3478 scripsimus,
1941 3426 2096 3480 aequo
2122 3419 2169 3480 ο

522 3500 710 3555 animo
741 3498 874 3565 fers,
905 3514 1004 3570 age
1037 3515 1158 3568 quae
1188 3506 1495 3568 sequuntur
1524 3498 1867 3568 adjiciamus,
1895 3500 1963 3555 ab
1988 3500 2097 3554 llo-

526 3606 680 3645 mero
709 3591 923 3644 initium
960 3590 1226 3645 ducentes
1257 3606 1271 3642 :

528 3698 687 3755 Nunc
712 3717 827 3772 age,
852 3700 1190 3772 progrediens
1223 3700 1484 3754 internum
1513 3700 1745 3766 eoneine,
1771 3716 1945 3772 quwso
1965 3739 1980 3764 ,
2020 3716 2101 3753 or-

1806 3716 1945 3753 uwso
1965 3739 1980 3764 ,
2020 3728 2023 3747 ‹

1771 3716 2023 3841 Tantum.

526 3863 804 3933 tugurium
862 3861 1115 3917 videlicet
1175 3868 1322 3914 tecto
1351 3866 1406 3914 et
1442 3859 1629 3928 januis
1663 3875 1882 3922 carens,
1920 3858 2100 3914 focum

528 3950 676 4020 ignis
729 3958 783 4004 et
819 3949 951 4003 fumi
1004 3956 1301 4017 expertem,
1344 3947 1579 4016 parietes
1634 3945 1743 4016 igni
1772 3948 2097 4011 exsiccatos,

482 4072 487 4077 ~
529 4055 601 4094 ne
633 4040 733 4093 luti
766 4040 935 4110 guttis
961 4039 1325 4108 itnpctamar,
1360 4036 1604 4091 Tantalis
1650 4036 1860 4091 similes
1892 4038 2107 4090 emicui-

528 4144 637 4198 que
674 4144 834 4200 pecua
878 4130 1146 4193 mulctati,
1207 4127 1464 4183 nimirum
1502 4128 1553 4181 in
1596 4128 1755 4196 aquis
1808 4127 2102 4181 sitientes:

526 4219 743 4289 jcjunas
780 4221 943 4275 etiam
978 4221 1101 4274 illas
1139 4228 1192 4274 et
1227 4221 1454 4274 miseras
1488 4218 1679 4287 epulas
1703 4256 1718 4281 ,
1776 4216 1842 4270 ad
1893 4232 2031 4286 quas
2077 4233 2108 4271 e

527 4310 871 4381 Cappadocia
911 4327 1103 4366 sumus
1145 4310 1382 4373 invitati,
1416 4323 1526 4362 non
1556 4314 1814 4376 tanquam
1848 4306 1916 4359 ad
1943 4305 2109 4358 Loto-

530 4401 830 4472 pliagorum
870 4400 1131 4470 inopiam,
1176 4401 1271 4455 sed
1302 4401 1451 4454 velut
1484 4398 1552 4452 ad
1588 4395 1803 4450 Alcinoi
1833 4410 2104 4459 mensam,

528 4554 635 4608 iste
662 4552 880 4616 ﬂuvius,
920 4562 979 4606 ut
1012 4553 1064 4605 in
1108 4553 1215 4606 illis
1246 4554 1401 4615 locis,
1453 4568 1575 4621 quae
1623 4550 1905 4621 Catadupa
1942 4553 2114 4605 norni-

2280 3411 2496 3482 Ἐπειδὴ
2526 3413 2710 3482 φέρεις
2742 3411 2977 3482 μετρίως
3006 3411 3102 3482 τὴν
3145 3410 3384 3475 παιδιὰν,
3414 3411 3509 3463 καὶ
3548 3408 3615 3462 τὰ
3651 3407 3775 3478 ἑξῆς

2196 3502 2598 3574 προσθήσομεν.
2630 3501 2721 3566 Ἐξ
2763 3501 3000 3573 Ὀμήρου
3029 3504 3087 3556 δὲ
3115 3502 3176 3556 τὸ
3200 3501 3511 3573 προοίμιον·

2211 3702 2369 3756 Ἀλλ’
2394 3700 2499 3769 ἄγε
2530 3700 2638 3770 (55)
2675 3698 2774 3767 δὴ,
2812 3696 3115 3767 μετάϐηθι,
3148 3698 3247 3752 καὶ
3279 3698 3384 3751 τὸν
3408 3699 3534 3838 si);
3548 3697 3777 3766 κόσμον

3537 3781 3695 3830 war,

3537 3781 3695 3830 ισον,

2199 3860 2296 3930 τὴν
2324 3860 2546 3925 ἄστεγον
2574 3859 2781 3928 σκέπην
2823 3859 2916 3911 καὶ
2957 3857 3175 3928 ἄθυρον,
3212 3859 3310 3929 τὴν
3346 3858 3553 3930 ἄπυρον
3595 3859 3776 3911 ἑστίαν

2202 3949 2295 4000 καὶ
2325 3948 2587 4017 ἄκαπνον,
2621 3949 2743 4010 τοὺς
2775 3947 2907 4019 πυρὶ
2954 3948 3368 4019 ξηραινομένους
3417 3949 3659 4018 τοίχους,
3689 3948 3777 4001 ἴνα

2207 4039 2279 4109 μὴ
2318 4041 2438 4102 ταῖς
2482 4036 2577 4090 τοῦ
2623 4038 2793 4107 πηλοῦ
2856 4042 3033 4111 ῥανίσι
3090 4039 3438 4110 βαλλὼμεθα,
3492 4039 3775 4093 Ταντάλιοί

2203 4144 2345 4190 τινες
2367 4128 2461 4180 καὶ
2492 4126 2830 4199 κατάκριτοι,
2861 4128 3120 4198 διψῶντες
3158 4130 3217 4182 ὲν
3253 4129 3405 4181 ὕδασι
3431 4145 3445 4159 ο
3482 4128 3579 4199 τὴν
3608 4129 3775 4181 ἐλεει-

2205 4215 2300 4286 νὴν
2348 4215 2562 4285 ἐκείνην
2616 4217 2710 4270 καὶ
2759 4218 2992 4289 ἄτροφον
3046 4220 3382 4283 πανδαισίαν,
3430 4221 3513 4287 ἐφ’
3556 4220 3623 4289 ἠν
3673 4218 3780 4271 ἀπὸ

2208 4305 2598 4369 Καππαδοκίας
2641 4306 2983 4379 ἐκλήθημεν,
3026 4311 3123 4380 οὐχ
3170 4311 3245 4373 ὡς
3294 4311 3634 4379 Λωτοφάγων
3684 4326 3779 4360 πε-

2209 4396 2327 4450 νίαν
2352 4438 2366 4463 ,
2416 4396 2531 4449 ἀλλ’
2558 4397 2634 4462 ὡς
2680 4399 2952 4453 Ἀλκινόου
3005 4401 3280 4471 τράπεζαν
3335 4400 3469 4472 (54),
3526 4402 3686 4471 ἡμεῖς
3730 4401 3780 4452 οἱ

2283 4552 2394 4621 (51)
2428 4551 2535 4604 Καὶ
2564 4552 2768 4605 πλείω.
2802 4549 2880 4604 lta
2910 4550 3040 4619 Reg.
3089 4566 3249 4605 unus.
3287 4549 3383 4603 Ed.
3416 4549 3556 4603 male
3587 4549 3681 4600 καὶ
3711 4548 3779 4601 τὰ

531 4629 755 4685 nantur,
798 4622 865 4675 ad
916 4624 1322 4690 properantium
1370 4620 1513 4675 inter
1560 4621 1816 4690 scopulos
1840 4620 2111 4690 aquarum
2217 4620 2404 4674 πλείω.

530 4693 799 4758 fragorem
858 4689 1030 4744 aures
1069 4692 1368 4743 incolarum
1418 4689 1669 4743 dicantur
1691 4689 2106 4743 obsurdeseere.

594 4758 714 4813 126i
784 4758 1198 4813 Έκιιαίνωσιν.
1252 4760 1326 4812 lta
1367 4758 1519 4813 Pass.
1554 4757 1696 4811 Edit.
1738 4756 2104 4813 έκμαίνουσιν.

594 4764 693 4833 ιὲϐ
784 4764 1198 4827 Ἐκμαίνωσιν.
1252 4764 1326 4812 lla
1367 4764 1519 4813 Pass.
1554 4764 1696 4811 Edit.
1738 4764 2102 4824 έκμαίνουσιν.

603 4764 714 4897 (27;
750 4826 882 4892 Ταῖς
918 4826 1036 4879 τῶν
1065 4827 1358 4895 Μακάρων
1408 4827 1644 4897 νήσοις.
1685 4823 2102 4897 Fortunatorum

532 4894 727 4952 insulae
741 4907 931 4950 contra
952 4905 1246 4949 extremam
1266 4894 1645 4951 Mauritaniam
1676 4896 1744 4946 ad
1766 4894 2101 4949 occidentem

532 4968 651 5021 sitae
672 4974 829 5030 sunt;
858 4981 1020 5035 quam
1052 4965 1269 5034 quidem
1305 4966 1370 5035 ad
1401 4973 1607 5035 partem
1641 4964 1802 5016 etiam
1833 4961 2104 5035 Hispaniae

506 5035 798 5093 .tcrminus
831 5033 1091 5089 occiduus
1121 5034 1400 5088 concurrit
1447 5050 1461 5085 ι
1499 5050 1527 5088 a
1558 5034 1831 5084 fructuum
1858 5033 2103 5087 ubertate

532 5103 761 5225 ftbaeris
815 5103 1075 5172 temperie
1112 5118 1311 5157 nomen
1355 5109 1704 5173 acceperunt.
1755 5098 1830 5153 Ita
1882 5100 2101 5166 Strabo,

557 5187 571 5223 ι
616 5210 630 5224 .
666 5186 745 5225 ιιι.

557 5186 630 5225 ID.
666 5186 745 5225 ΙΙΙ.

628 5239 719 5309 28)
763 5240 868 5309 Ὃς
904 5239 1258 5309 Ταντάλειον
1281 5238 1422 5307 ὑμῖν
1468 5237 1626 5291 ποιεῖ
1655 5238 1771 5305 τὴν
1810 5238 1979 5306 ζωήν.
2015 5239 2107 5292 Al-

537 5306 806 5376 ludit'ad
848 5307 1082 5361 fabulam
1139 5306 1374 5369 Tantali,
1421 5323 1581 5376 quem
1619 5316 1788 5376 poetae
1840 5309 2108 5363 tinxerunt

536 5376 679 5445 apud
729 5375 931 5430 inferos
974 5378 1075 5430 hoc
1110 5376 1360 5446 supplicii
1412 5375 1584 5446 genus
1623 5375 1761 5445 pati,
1821 5386 1881 5430 ut
1938 5379 2109 5446 ipsius

536 5446 701 5514 capiti
733 5460 945 5514 semper
976 5445 1282 5499 immineret
1314 5460 1504 5497 saxum
1559 5445 1772 5516 ingens,
1804 5445 1970 5515 quod
1994 5447 2106 5514 jam

536 5530 794 5567 casurum
819 5516 1109 5568 videretur.

610 5583 722 5652 (29)
770 5581 1293 5654 ιιεριιπταμένους.
1331 5580 1458 5652 Reg.
1516 5599 1678 5639 unus.
1740 5581 2110 5654 ὑπεριπταμέ-

540 5667 633 5704 νου
642 5669 687 5714 ς,
720 5652 1171 5719 supervolitantes.

611 5720 721 5792 (50)
761 5719 884 5792 ,Τὴν
907 5721 1166 5776 παιδιάν.
1217 5720 1291 5776 Ita
1317 5720 1449 5792 Reg.
1480 5738 1642 5778 unus.
1681 5721 1777 5777 Ed.
1816 5721 1955 5776 male
1983 5736 2111 5773 παι-

539 5787 710 5855 δείαν,
732 5787 1047 5844 doctrinam.

784 4758 1198 4827 'Expalrwo'tr.
1252 4760 1326 4812 lla
1367 4758 1519 4813 Pass.
1554 4757 1723 4827 Edit._
1738 4756 2104 4824 έκμαίνουσιν.
2141 4750 2184 4803 D
2230 4825 2247 4827 _
2283 4750 2376 4827 (55

2289 4690 2377 4757 (52
2440 4689 2584 4742 Alias
2611 4686 2741 4740 VIII.
2779 4686 2991 4759 Scripta
3016 4686 3161 4739 circa
3194 4685 3335 4740 idem
3370 4694 3606 4754 tempus.

2289 4690 2398 4829 [55)
2445 4757 2594 4811 Ἀλλ’
2628 4756 2770 4825 ἆγε.
2830 4756 2923 4811 Sic
2975 4756 3207 4810 habetur
3262 4756 3405 4826 apud
3463 4755 3606 4809 Horn

2213 4755 2396 4881 Ο
2445 4757 2594 4811 Ἀλλ’
2628 4756 2770 4825 ἆγε.
2830 4755 2923 4811 Sic
2975 4756 3207 4810 habetur
3262 4756 3405 4826 apud
3463 4755 3780 4820 Horitarum,

2298 4843 2406 4895 yss.
2444 4841 2533 4879 vni
2570 4842 2584 4877 :

2222 4937 2383 4992 Ἀλλ’
2428 4936 2535 5005 ἆγε
2556 4937 2654 5005 δὴ,
2682 4934 2988 5006 μετάϐηθι,
3018 4936 3115 4989 καί
3160 4936 3350 4990 ἵππου
3397 4938 3632 5003 κόσμον
3669 4934 3786 4987 ἀει-

3579 5019 3714 5058 σον.

2213 5098 2345 5165 Quae
2380 5099 2543 5153 verba
2592 5106 2720 5151 sunt
2766 5094 2980 5166 Ulyssis
3030 5094 3402 5166 Βοιηοιιοειιιιι
3416 5095 3681 5166 hortantis
3715 5093 3781 5146 ad

2168 5202 2171 5203 ν
2213 5162 2338 5241 equi
2366 5167 2586 5241 Troiani
2619 5162 2873 5241 ornatum
2890 5166 3333 5241 _decantantlum.
3352 5162 3657 5241 .Qregorius
3687 5177 3787 5214 au-

2215 5231 2322 5291 te'm
2356 5253 2452 5307 pro
2474 5231 2641 5287 ἵππου
2671 5234 2855 5302 posuit
2886 5233 2999 5296 έσο,
3040 5248 3256 5287 versum
3286 5231 3497 5286 scilicet
3525 5231 3594 5285 ad
3627 5245 3786 5285 usum

2216 5322 2373 5362 suum
2405 5307 2843 5359 accommodans.

2290 5374 2414 5460 (ἦθ’
2435 5376 2559 5460 οὐκ
2590 5374 2671 5460 ὡς
2690 5369 3060 5460 Actiacis?!"
3079 5369 3615 5460 finisest-1.14:9.
3627 5370 3788 5460 se}:

2213 5436 2420 5496 κιιλόοι)
2446 5436 2755 5510 τρᾶπεζαν.
2788 5436 3219 5510 ln'Al‘ricaapud
3261 5436 3450 5509 Syrtes
3472 5439 3785 5510 habitabant

2214 5506 2514 5581 Lotophagi
2545 5513 2670 5566 inde
2706 5510 2901 5574 vocati,
2933 5506 3079 5581 quod
3119 5510 3229 5562 loto
3255 5506 3507 5581 victitare
3535 5507 3787 5581 diceren-

2216 5591 2307 5650 tur
2328 5577 2530 5650 fque'm
2562 5582 2767 5641 cibum,
2797 5579 3065 5650 suavitate
3096 5592 3217 5644 sua,
3244 5586 3326 5650 pa_l
3340 5578 3431 5650 ria:
3460 5577 3783 5650 oblivionem

2215 5643 2503 5704 edentibus
2531 5650 2726 5703 alierre
2754 5649 2919 5701 tradit
2958 5643 3261 5709 Homerus.—
3287 5646 3481 5714 Odyss.
3515 5661 3589 5701 Ix.
3622 5643 3785 5714 Loto:

2220 5719 2519 5787 pliagorunt
2570 5717 2893 5787 paupertati
2933 5715 3230 5787 Gregorius
3297 5711 3522 5785 opponit
3573 5711 3787 5769 Alcinoi

2220 5784 2461 5842 inensam
2493 5784 2703 5842 deliciis
2732 5786 2985 5843 omnibus
3008 5784 3282 5839 refertam.
