4158 6430
333 441 404 499 29
1706 438 2042 497 Εριετοωι
2082 439 2168 495 Vl.
3493 438 3564 493 30

332 560 443 615 νέοι
474 559 695 627 ναυαγοί
733 576 795 612 τε
839 560 933 613 καὶ
971 559 1251 630 τλήμονες.
1294 560 1592 630 Μέμνημαι
1631 558 1741 630 γὰρ
1782 557 1891 612 τῶν

1994 572 2095 612 nos
2151 556 2275 611 novi
2309 563 2365 610 et
2396 555 2688 610 aerumnosi
2727 552 3001 626 naufragi.
3040 550 3261 609 Memini
3287 552 3432 607 enim
3469 568 3565 622 pa-

332 650 510 722 ἄρτων
549 650 789 715 ἐκείνων,
835 651 930 704 καὶ
967 650 1075 703 τῶν
1120 648 1317 720 ζωμῶν
1347 648 1510 718 (οὕτω
1539 648 1648 720 γὰρ
1677 648 1894 719 ὠνομά-

331 737 527 807 ζοντο),
554 737 688 790 ἀλλὰ
715 738 810 791 καὶ
848 739 1141 809 μνήσομαι,
1173 738 1268 791 κα)⁸
1299 738 1410 791 τῶν
1438 738 1895 810 περιολισθαινόνο

328 845 438 883 των
466 829 575 897 (55)
612 832 725 892 τοῖς
759 828 990 899 βλωμοῖς
1033 829 1257 882 ὀδόντων
1274 868 1290 893 ,
1342 824 1461 881 εἶτα
1510 828 1895 897 ἀνισχομένων,

329 917 425 971 καὶ
452 918 824 987 ἀνελκομένων
868 915 1056 986 ὥσπερ
1096 919 1158 970 ἐκ
1206 915 1489 987 τέλματος.
1531 916 1701 978 Αὐτὸς
1726 914 1897 968 ταῦτα

327 1008 699 1079 τραγῳδησεις
745 1007 1101 1078 ὑψηλότερον,
1168 1009 1233 1060 ὲκ
1292 1006 1401 1060 τῶν
1448 1006 1660 1059 οίκείων
1710 1004 1896 1058 παθῶν

329 1098 467 1167 ἔχων
524 1098 587 1150 τὸ
641 1097 1017 1167 μεγαλόφωνον
1037 1113 1051 1129 ⁸
1101 1091 1175 1150 ὧν
1226 1098 1274 1149 εί
1311 1097 1385 1167 μὴ
1437 1096 1644 1166 ταχέως
1684 1097 1831 1166 ἡμᾶς
1862 1097 1896 1165 ἡ

331 1185 540 1256 μεγάλη
585 1185 676 1239 καὶ
712 1185 1091 1256 πτωχοτρόφος
1129 1184 1298 1247 ὅντως
1336 1184 1621 1256 ἐρρύσατο,
1661 1184 1757 1256 τὴν
1799 1186 1897 1256 σὴν

326 1273 470 1341 λέγω
496 1274 729 1344 μητέρα,
768 1273 959 1344 ὥσπερ
1003 1272 1167 1343 λιμὴν
1210 1276 1268 1327 ὲν
1312 1272 1485 1344 καιρῷ
1518 1276 1744 1342 φανεῖσα
1784 1290 1897 1343 χει-

330 1363 676 1434 μαζομένοις,
705 1364 873 1418 πάλαι
898 1363 966 1416 ἂν
989 1359 1132 1435 ἦμεν
1162 1365 1366 1435 νεκροὶ,
1412 1363 1648 1427 πίστεως
1695 1365 1899 1417 Ποντι-

327 1454 428 1523 κῆς
491 1453 591 1506 οὐκ
660 1452 1037 1523 ἐπαινούμενοι
1094 1452 1290 1522 μᾶλλον
1326 1452 1359 1523 ἦ
1399 1452 1721 1523 ὲλεούμενοι.
1774 1453 1897 1516 Πῶς

330 1542 582 1613 παρέλθω
621 1544 745 1606 τοὺς
786 1543 1032 1613 ἀκήπους
1067 1545 1273 1614 κήπους
1297 1544 1539 1608 ἐκείνους
1572 1543 1665 1597 καὶ
1695 1544 1899 1613 ἀλαχά-

326 1647 481 1693 νους,
531 1630 625 1682 καὶ
669 1629 768 1716 την
810 1630 1039 1716 Δύγείου
1078 1630 1280 1702 κόπρον
1321 1632 1431 1701 (56)
1479 1633 1543 1684 ὲκ
1578 1631 1680 1702 τῆς
1721 1631 1899 1695 οίκίας

1996 661 2094 701 nes
2119 645 2240 700 illos
2270 655 2324 700 et
2340 646 2557 714 juscula
2608 646 2709 716 (sic
2731 648 2876 701 enim
2899 644 3297 714 nominantur),
3321 658 3563 713 scrupea--

1994 750 2103 805 que
2142 734 2461 798 meminero,
2493 734 2749 789 dentibus
2780 737 2927 790 circa
2966 735 3269 802 fragmenta
3327 734 3564 788 collabe.

1996 824 2280 879 scentibus
2300 864 2314 886 ,
2353 840 2418 878 ac
2446 833 2635 894 postea
2665 840 2787 879 sese
2811 823 3175 893 erigentibus,
3220 826 3471 892 velutque
3497 839 3564 875 ex

1996 926 2160 966 creno
2214 913 2643 982 emergentibus.
2709 912 2842 977 Quae
2909 922 2969 966 tu
3014 912 3224 967 scilicet
3276 911 3565 966 sublimius

1996 1002 2348 1072 exaggerabis
2370 1042 2385 1064 .
2415 1004 2650 1073 prOpriis
2702 1019 2896 1072 nempe
2927 1003 3335 1058 calamitatibus
3361 1003 3565 1056 oratiu-

1995 1093 2081 1145 nis
2101 1094 2527 1163 magnitudinem
2555 1096 2648 1149 tibi
2671 1096 3153 1165 suppeditantibus
3180 1114 3194 1149 :
3222 1096 3426 1165 quibus
3455 1096 3564 1150 nisi

1998 1196 2194 1252 magna
2249 1183 2340 1237 illa
2394 1200 2628 1254 vereque
2706 1201 3007 1256 pauperum
3087 1185 3330 1240 studiosa
3382 1188 3565 1239 nutrix

1998 1279 2175 1327 mater
2204 1283 2294 1326 tua
2323 1290 2424 1329 nos
2447 1289 2611 1344 quam
2644 1276 2929 1330 celerrime
2964 1275 3270 1338 liberasset,
3303 1274 3569 1344 nobisque

1996 1370 2319 1432 tempestate
2349 1366 2573 1433 jactatis
2603 1367 2749 1420 velut
2775 1375 2965 1435 portus
2990 1366 3316 1429 exstitisset,
3339 1366 3569 1439 janiprio

1998 1451 2121 1506 dem
2176 1453 2320 1522 apud
2382 1454 2530 1510 vivos
2558 1470 2681 1510 esse
2734 1456 3113 1522 desiissemus,
3156 1455 3280 1509 ﬁdei
3334 1454 3571 1509 Pontica:

1998 1540 2219 1595 nomine
2247 1556 2357 1596 non
2386 1543 2648 1611 majorem
2684 1542 2899 1599 laudem
2941 1551 3376 1612 consequentes,
3406 1558 3569 1610 quam

2001 1631 2407 1686 miserationem
2436 1643 2736 1689 moventes.
2770 1634 3018 1701 Quonam
3053 1647 3215 1702 porro
3249 1631 3407 1686 modo
3440 1632 3570 1684 hor-

328 1712 807 1789 ἐκκαθαιρομένην,
938 1718 1157 1783 τούτους
1205 1720 1694 1792 ἀνεπληρώσαμεν,
1736 1721 1891 1792 ἡνίκα

1997 1725 2083 1773 tos
2115 1719 2261 1784 illos,
2291 1736 2359 1775 ne
2391 1724 2673 1776 hortorum
2713 1724 2933 1792 quidem
2961 1723 3179 1778 nomine
3209 1722 3428 1791 dignos,
3459 1721 3571 1775 ole-

323 1809 423 1881 τὴν
452 1808 724 1878 γεωλόφον
773 1809 988 1879 ἄμαξαν
1034 1810 1285 1882 εἴλκομεν
1315 1811 1449 1882 (57),
1479 1812 1589 1880 ἐγώ
1628 1829 1688 1865 τε
1737 1814 1766 1865 ὁ
1808 1814 1891 1881 βο-

1996 1810 2260 1880 ribusque
2306 1820 2557 1867 carentes
2609 1813 2901 1883 praeteribo
2928 1852 2944 1877 ,
2973 1812 3269 1881 Augiaeque
3318 1811 3500 1864 timum
3541 1827 3573 1865 e

321 1899 520 1969 τρύων,
566 1900 708 1954 καὶὸ
754 1900 1004 1972 λαμπρὸς
1053 1903 1140 1966 σὺ,
1191 1905 1304 1966 τοῖς
1344 1905 1536 1973 αὐχέσι
1568 1904 1774 1965 τούτοις
1802 1903 1891 1956 καὶ

1997 1898 2162 1952 domo
2192 1907 2571 1969 expurgatum,
2595 1917 2706 1971 quo
2730 1917 2827 1957 eos
2864 1901 3228 1971 opplevimus,
3275 1915 3398 1952 cum
3423 1914 3574 1952 mon-

321 1992 441 2054 ταῖς
484 1992 638 2061 χερσὶ
682 1994 926 2056 ταύταις,
961 1994 1019 2046 αἳ
1056 1994 1163 2046 τῶν
1211 1994 1385 2046 πόνων
1430 1993 1512 2046 ἔτι
1555 1993 1623 2046 τὰ
1652 1993 1773 2064 ίχνη
1800 1992 1891 2062 φέ-

2000 1992 2179 2040 tosum
2208 1987 2341 2041 illud
2372 1990 2713 2057 plaustrum,
2768 1997 2822 2044 et
2852 2005 2954 2059 ego
2995 1987 3383 2049 vindemiator,
3418 1993 3472 2040 et
3511 1995 3570 2039 tu

325 2095 535 2147 ρουσιν·
567 2074 634 2150 (ὦ
661 2081 734 2151 γῆ
758 2082 851 2134 καὶ
880 2081 1019 2151 ἥλιε,
1051 2082 1160 2153 ἀὴρ
1182 2081 1293 2150 (58)
1319 2082 1412 2133 καὶ
1440 2084 1641 2152 ἀρετή·
1677 2098 1891 2152 τραγῳι

1999 2074 2235 2139 facetus.
2277 2078 2379 2131 hac
2435 2080 2666 2143 cervice,
2702 2081 3067 2148 manibusque
3112 2078 3219 2142 his,
3265 2094 3385 2148 quae
3417 2078 3570 2130 labo-

321 2168 469 2239 δήσω
500 2171 606 2241 γάρ
628 2188 682 2223 τι
717 2170 959 2240 μικρόν·)
988 2171 1086 2240 οὐχ
1115 2171 1203 2223 ἴνα
1236 2172 1326 2225 τὸν
1355 2170 1740 2241 Ἑλλήσποντον
1773 2168 1891 2233 ζεύ-

1999 2179 2120 2217 rum
2172 2168 2403 2236 vestigia
2470 2169 2769 2221 etiamnum
2835 2168 3034 2232 ferunt,
3088 2167 3423 2221 traheremus
3490 2166 3571 2235 (υ

321 2258 502 2327 ξωμεν
527 2260 659 2330 (59),
693 2258 808 2312 ἀλλ’
843 2258 930 2311 ἵνα
974 2259 1218 2330 κρημνὸν
1253 2259 1620 2329 όμαλίσωμεν.
1673 2255 1891 2320 Τούτοις

2001 2261 2148 2308 terra
2186 2262 2242 2308 et
2301 2255 2423 2308 sol!
2471 2271 2505 2309 ο
2557 2270 2651 2310 aer
2700 2266 2755 2310 et
2784 2256 2992 2311 virtus!
3047 2256 3269 2325 paulum
3316 2254 3571 2324 quiddam

317 2348 368 2399 εἰ
408 2347 505 2416 μὲν
552 2349 702 2401 οὐδὲν
749 2348 1057 2419 ἀχθεσθήσῃ
1105 2349 1448 2419 λεγομένοις,
1507 2348 1722 2410 πάντως
1766 2348 1885 2400 οὐδὲ

1993 2359 2144 2398 more
2170 2345 2376 2413 tragico
2405 2346 2815 2418 exclamaho):
2872 2362 2982 2400 non
3039 2355 3098 2399 ut
3160 2345 3570 2414 Hellespontum

316 2437 507 2507 ἡμεῖς’
559 2440 607 2491 εί
649 2438 705 2491 δὲ
752 2438 1081 2511 ἀχθεσθήσῃ,
1125 2440 1286 2492 πόσον
1329 2438 1640 2507 γενομένοις
1686 2438 1879 2506 ἡμεῖς’

1993 2432 2353 2501 iungeremus,
2390 2435 2484 2489 sed
2532 2442 2589 2487 ut
2646 2442 2977 2505 praeruptum
3024 2442 3078 2489 et
3101 2435 3428 2503 praecipitem
3488 2435 3569 2487 Ιυ-

317 2526 410 2579 καὶ
440 2526 508 2580 τὰ
538 2526 705 2579 πλείω
749 2528 1087 2598 παρήσομεν,
1124 2527 1262 2581 αἰδοῖ
1290 2525 1397 2580 τῶν
1425 2524 1619 2588 ἄλλων,
1649 2517 1723 2576 ὧν
1754 2524 1880 2576 πολ-

1993 2540 2108 2580 cum
2152 2526 2608 2594 exeequaremus?
2671 2525 2874 2580 Harum
2910 2541 3089 2581 rerum
3126 2526 3571 2581 commemoratio

315 2615 423 2669 λῶν
454 2616 860 2688 ἀπελαύσαμεν.

1996 2616 2043 2668 si
2068 2625 2121 2668 te
2149 2614 2421 2669 oﬂensnra
2468 2631 2576 2670 non
2606 2628 2690 2672 est
2715 2656 2730 2680 ,
2760 2618 2947 2687 utique
2994 2633 3097 2673 nec
3125 2633 3227 2672 nos
3263 2632 3275 2667 :
3312 2618 3357 2671 si
3388 2625 3567 2669 autem

313 2707 371 2778 θ
395 2706 743 2764 οίῐοιιεὶοιιοιιι
780 2723 847 2763 ex
882 2722 945 2762 ea
976 2706 1274 2775 concipies,
1307 2715 1510 2775 quanto
1539 2705 1712 2776 magis
1756 2717 1863 2757 non
1911 2717 1980 2757 ex
2036 2703 2171 2773 ipsis
2203 2706 2405 2762 rebus!
2455 2706 2534 2762 Ac
2587 2708 2850 2777 majorem
2912 2716 3119 2779 partem
3186 2710 3568 2778 praetermitte-

316 2814 438 2854 mus
487 2798 779 2853 multarum
803 2797 1029 2851 aliarum
1054 2811 1262 2863 rerum,
1292 2795 1495 2865 quibus
1524 2795 1683 2851 nobis
1713 2793 1817 2847 frui
1864 2793 2093 2864 contigit
2114 2832 2129 2858 ,
2162 2795 2368 2864 pudore
2396 2796 2662 2850 deterriti.

790 2912 880 2977 ς’.
922 2910 1010 2979 To
1048 2908 1233 2979 ΔΥἸᾨ
1272 2907 1404 2979 (ιο).

2599 2907 2682 2962 Vl.
2718 2908 2928 2964 EIDEM

326 3024 458 3080 Vitta
483 3038 602 3077 cum
627 3020 835 3075 Basilio
859 3020 915 3074 in
936 3020 1224 3075 solitudine
1251 3028 1482 3090 peracta:
1507 3017 1693 3088 cupide
1720 3031 1937 3082 memor,
1966 3013 2117 3138 litatum
2146 3016 2273 3071 vivis
2312 3017 2543 3089 depingit
2587 3020 2875 3086 coloribus,
2899 3020 3038 3075 hanc
3079 3022 3271 3076 iterum
3322 3024 3570 3093 consequi

1805 3101 1961 3138 veroo
1989 3101 2020 3138 a
2052 3125 2066 3138 .

1805 3101 2066 3155 peroptat.

387 3200 457 3253 Ἀ
484 3200 582 3269 μὲν
609 3198 869 3267 πρότερον
906 3195 1297 3265 ὲπεστέλλομεν
1329 3196 1458 3266 περί
1484 3195 1583 3265 τῆς
1617 3192 1885 3261 Ποντικῆς

2058 3192 2189 3256 Quze
2208 3192 2277 3248 de
2303 3190 2528 3249 Pontica
2563 3197 2995 3253 commoratione
3047 3198 3202 3269 prius
3232 3200 3568 3265 scribebam,

314 3274 613 3359 διατριδῆς,
657 3285 954 3350 παιζόντων
998 3280 1087 3354 ἦν,
1132 3285 1193 3336 ού
1243 3283 1678 3347 σπουδαζόντων·
1735 3283 1770 3337 ἃ
1823 3283 1881 3335 δὲ

1993 3283 2137 3352 joco,
2156 3300 2264 3338 non
2289 3285 2433 3339 serio
2455 3288 2797 3353 scribebam;
2827 3305 2949 3357 qua:
2969 3299 3149 3345 autem
3174 3307 3319 3345 nunc
3344 3293 3528 3347 scribo
3545 3332 3561 3355 ,

317 3378 412 3431 νῦν
457 3376 653 3447 γράφω
676 3414 692 3435 ,
748 3373 842 3427 καὶ
890 3372 1008 3425 λίαν
1063 3371 1489 3435 σπουδαζόντων.
1547 3373 1641 3437 Τίς
1680 3371 1759 3425 ἄν
1805 3387 1883 3439 με

1993 3372 2273 3427 admodum
2294 3375 2437 3428 serio
2454 3376 2650 3431 scribo.
2674 3377 2804 3443 Quis
2823 3396 2902 3432 me
2922 3379 3203 3432 secundum
3231 3381 3570 3440 pristinorum

316 3466 444 3532 θείη
496 3464 604 3535 (Η)
661 3462 812 3517 κατὰ
862 3460 1029 3531 μῆνα
1090 3459 1325 3529 ἡμερῶν
1382 3462 1500 3514 τῶν
1545 3462 1884 3531 ἔμπροσθεν

1993 3462 2195 3516 illorum
2228 3464 2431 3517 dierum
2455 3476 2652 3520 statum
2681 3470 2955 3522 constituet
2982 3469 3021 3534 ⁸,
3051 3471 3104 3524 in
3138 3471 3337 3540 quibus
3378 3488 3477 3541 ego
3491 3481 3571 3527 tc-

313 3556 577 3620 tlxelrwr,
609 3555 666 3608 ὲν
704 3547 793 3618 αἷς
836 3551 1240 3621 συνενετρύφων
1279 3569 1361 3604 σοι
1396 3551 1475 3621 τῷ
1512 3551 1881 3613 κακοπαθείν;

1993 3567 2108 3604 cum
2126 3553 2470 3609 alllictionem
2488 3571 2585 3625 pro
2600 3557 2812 3613 deliciis
2834 3558 3568 3631 habebamlquandoquidem

316 3644 501 3714 ἐπειδὴ
545 3643 605 3697 τὸ
648 3642 894 3696 ἑκούσιον
943 3641 1186 3711 λυπηρὸν
1230 3638 1324 3693 τοῦ
1368 3642 1622 3695 ἀκουσίου
1652 3639 1883 3711 τερπνοῦ

313 3729 656 3803 τιμιώτερον.
708 3730 803 3793 Τίς
845 3728 1007 3781 δώσει
1052 3728 1149 3791 τὰς
1189 3727 1505 3799 ψαλμῳδίας
1541 3729 1755 3792 ὲκείνας
1792 3730 1886 3781 καὶ

314 3821 414 3885 τὰς
445 3820 770 3891 ἀγρυπνίας,
805 3820 898 3873 καὶ
943 3819 1043 3882 τὰς
1082 3818 1151 3871 δι’
1185 3819 1348 3889 εὐχῆς
1377 3819 1511 3890 πρὸς
1554 3820 1685 3874 Θεὸν
1724 3819 1883 3891 ὲκδη-

318 3912 469 3982 μίας,
501 3912 594 3965 καὶ
620 3911 718 3982 τὴν
749 3910 914 3963 οἱονεὶ
943 3910 1104 3964 ἄῦλον
1133 3910 1279 3981 ζωὴν
1317 3912 1410 3963 καὶ
1436 3909 1757 3980 ὰσώματον;
1791 3911 1885 3975 Τίς

318 4001 557 4070 ἀδελφῶν
581 3995 855 4071 συμφυΐαν
878 4001 971 4052 καὶ
996 4000 1324 4071 συμψυχίαν,
1347 4000 1453 4053 τῶν
1485 4001 1587 4053 ὑπὸ
1610 3999 1702 4053 σοῦ
1738 3999 1887 4053 Θεου-

323 4088 495 4159 μένων
546 4088 641 4141 καὶ
684 4086 1034 4157 ὑψουμένωνς
1101 4087 1198 4150 Τίς
1262 4087 1492 4157 ἅμιλλαν
1541 4089 1743 4158 ἀρετῆς
1794 4089 1889 4141 καὶ⁵

293 4176 641 4247 ,παράοηξιν,
679 4176 745 4245 ἢν
782 4176 927 4244 ὅροις
957 4178 1220 4245 γραπτοῖς
1264 4176 1357 4227 καὶ⁵
1402 4176 1622 4229 κανόσιν
1655 4176 1888 4244 ἠσφαλι-

319 4266 557 4336 σάμεθα;
602 4266 700 4327 Τίς
739 4265 899 4317 θείων
943 4264 1142 4331 λογίων
1189 4265 1524 4332 φιλοπονίαν,
1578 4268 1672 4319 καὶ
1711 4267 1772 4319 τὸ
1831 4269 1889 4320 ὲν

316 4356 497 4418 αὐτοῖς
539 4353 654 4422 φῶς
691 4352 1097 4426 εὑρισκόμενον,
1125 4354 1222 4407 σὺν
1271 4354 1462 4424 όδηγίᾳ
1492 4354 1587 4405 τοῦ
1640 4355 1891 4425 Πνεύμα-

315 4457 439 4508 τοςς
472 4442 564 4505 Ἦ,
589 4443 678 4497 ἴνα
707 4443 776 4496 τὰ
801 4441 1095 4512 μικρότερα
1117 4440 1259 4509 λέγω
1284 4443 1376 4495 καὶ
1405 4442 1776 4513 εὐτελέστερα,
1804 4444 1888 4506 τίς

318 4533 621 4605 ἐφημερίας
652 4533 746 4587 καὶ
781 4508 1149 4603 αὐτουργίας;
1189 4508 1271 4596 τίς
1309 4533 1569 4604 ξυληγίας
1598 4508 1699 4588 καὶ.
1726 4533 1875 4587 λατο-
1917 4508 1963 4563 D

321 4623 485 4693 μίας;
525 4624 610 4687 τίς
652 4623 710 4677 δὲ
755 4623 977 4694 φυτείας
1016 4622 1129 4694 (42)
1173 4623 1267 4678 καὶ
1326 4623 1648 4697 ὀχετηγίας;
1696 4623 1781 4689 τίς
1827 4625 1885 4678 δὲ

318 4714 584 4767 πλάτανον
634 4714 735 4784 τὴν
789 4713 996 4784 χρυσῆν
1014 4754 1029 4778 ,
1081 4713 1172 4768 καὶ
1221 4714 1321 4786 τῆς
1381 4713 1579 4787 Ξέρξου
1635 4714 1887 4785 τιμιωτέ-

389 4866 412 4896 δ
444 4862 548 4920 Job
580 4881 729 4929 uix,
756 4865 812 4918 2.

387 5017 499 5088 (55)
542 5017 665 5073 Τῶν
682 5019 1296 5085 περιολισθαινόντων.
1346 5020 1422 5075 Ita
1452 5021 1580 5094 Reg.
1618 5039 1779 5081 unus.
1821 5025 1878 5081 ln

316 5086 403 5141 ed.
429 5088 581 5141 deest
601 5085 728 5141 τῶν.

388 5127 403 5143 ο
429 5101 581 5142 (18881.
601 5104 728 5141 των.

387 5156 496 5226 (56)
533 5156 643 5209 Kal
678 5154 792 5224 τὴν
815 5156 1065 5225 Αὐγείου
1090 5155 1334 5227 κόπρον.
1367 5158 1551 5227 Angiaa
1603 5163 1877 5217 stabulum

320 5224 444 5299 timo
478 5224 781 5299 congesto;
819 5224 1038 5299 plenum
1097 5224 1267 5299 fuisse
1296 5224 1533 5299 tradunt
1582 5241 1774 5299 poetae,
1828 5241 1883 5285 et

319 5294 488 5362 ipsius
515 5293 950 5415 repiirgationem
975 5295 1119 5350 inter
1139 5293 1408 5349 laboriosa
1440 5293 1687 5355 Herculis
1714 5293 1879 5371 opera

319 5377 575 5417 recensen
607 5403 621 5416 .

541 5380 621 5416 ιιι.

390 5430 501 5501 (57)
531 5505 534 5506 ν
562 5431 683 5506 Thr
738 5433 1057 5506 γεωλόφων-
1099 5431 1335 5506 ἅμαξαι⁸
1397 5433 1694 5506 εἵέκομεν.
1744 5434 1877 5506 Reg.

318 5498 461 5573 unus
489 5505 543 5554 et
568 5498 720 5573 Pass.
746 5498 852 5570 ’τὴν
878 5498 1155 5573 γεωφόρον
1181 5502 1394 5573 ἅμαξαν
1417 5498 1685 5573 εζλκομεν,
1713 5498 1879 5559 terra;

317 5571 508 5650 relicui
520 5568 826 5650 plaustrum
865 5568 1234 5650 γαίων-βψω(
1261 5568 1669 5650 ξοδ-εἵλκομεν-
1697 5573 1882 5650 deerat

317 5640 371 5692 in
403 5635 566 5693 editis
600 5639 844 5710 :_ipsam,
874 5635 927 5691 in
957 5639 1251 5710 versionea
1276 5638 1439 5710 (Billio
1466 5635 1787 5710 suppletam,
1825 5644 1879 5698 in

317 5716 463 5762 textu
487 5707 857 5777 supplevimus
887 5725 917 5764 e
941 5708 1154 5777 duobus
1188 5708 1347 5763 codd.
1384 5707 1717 5766 memoiatis.
1750 5713 1879 5769 Mox

319 5792 415 5844 pro
437 5777 531 5830 καὶ
556 5775 864 5848 όλαμυρὸς
902 5776 987 5844 σύ,
1017 5776 1148 5849 Reg.
1199 5794 1339 5835 unus
1370 5778 1530 5835 habet
1560 5779 1652 5833 καὶ
1690 5782 1719 5834 ό
1741 5780 1880 5850 λαμ-

1988 3641 2233 3694 molestia
2246 3651 2436 3711 sponte
2457 3652 2709 3716 suscepta
2726 3647 2986 3716 voluptati
3010 3649 3232 3703 minime
3254 3649 3570 3704 voluntariae

1989 3732 2363 3801 praestat.Quis
2381 3737 2713 3805 psalmodias
2728 3738 2846 3793 illas
2862 3739 3312 3809 etvigiliasdahit,
3330 3748 3489 3810 atque
3499 3742 3566 3796 ad

1992 3820 2159 3877 Deum
2190 3839 2287 3892 per
2316 3825 2620 3881 orationem
2650 3829 3144 3898 peregrinationes,
3182 3830 3437 3900 illamque
3466 3832 3570 3885 vel-

1989 3920 2049 3965 ut
2088 3914 2312 3968 materia
2368 3924 2650 3971 vacantem
2691 3926 2745 3972 et
2780 3919 3155 3989 incorpoream
3189 3921 3399 3973 vitam?
3434 3920 3568 3985 Quis

1993 4001 2224 4057 fratrum
2253 4019 2466 4071 eorum,
2498 4009 2591 4076 qui
2627 4008 2704 4062 dii
2737 4023 2768 4061 a
2795 4017 2848 4064 te
2875 4010 3268 4074 elIiciebantur,
3308 4020 3472 4076 atquc
3512 4013 3567 4065 in

1990 4093 2161 4146 altum
2191 4094 2580 4162 evehebantur,
2616 4100 2968 4153 concordiam
3001 4100 3421 4168 animorumque
3443 4118 3569 4155 con-

1985 4180 2378 4251 iunctionem?
2430 4186 2566 4251 Quis
2611 4186 2829 4242 virtutis
2889 4196 3165 4241 certamen
3194 4226 3210 4251 ,
3246 4195 3302 4242 et
3346 4189 3413 4243 ad
3445 4205 3565 4244 eam

1994 4272 2387 4339 incitationem,
2441 4291 2602 4346 quam
2635 4277 2856 4346 scriptis
2897 4278 3108 4348 legibus
3137 4293 3201 4332 ac
3229 4279 3434 4349 regulis
3461 4281 3562 4335 ob-

1993 4361 2371 4417 lirmavimus?
2409 4365 2542 4431 Quis
2574 4367 2882 4422 divinorum
2918 4368 3267 4423 oraculorum
3288 4369 3559 4431 studium,

1995 4451 2274 4521 lucemque
2306 4454 2361 4508 in
2423 4456 2556 4526 ipsis
2611 4457 2780 4513 ductu
2824 4468 2989 4531 atque
3020 4460 3281 4529 auspiciis
3314 4461 3553 4531 Spiritus

1989 4542 2165 4596 sancti
2196 4543 2509 4601 inventam?
2539 4549 2668 4615 Aut,
2711 4557 2769 4604 ut
2802 4551 3015 4605 minora
3042 4558 3096 4606 et
3131 4551 3331 4606 leviora
3359 4552 3557 4617 dicam,

1990 4630 2114 4700 quis
2140 4631 2366 4691 diurnas
2409 4652 2638 4707 operum
2677 4640 2822 4697 vices
2843 4648 2898 4697 et
2929 4641 3193 4698 labores?
3237 4643 3361 4712 quis
3395 4643 3561 4711 ligno-

1995 4736 2115 4776 rum
2158 4729 2619 4797 comportationes
2649 4738 2704 4786 et
2742 4731 3115 4801 lapidicinas?
3144 4733 3269 4801 quis
3305 4733 3558 4789 arborum

1986 5028 2230 5099 πρὸς-σύ,
2255 5038 2309 5099 et
2339 5039 2395 5081 tu
2436 5032 2684 5085 illustris.

2018 5096 2170 5217 J58)
2209 5098 2389 5152 Kal...
2410 5099 2545 5166 ἀήρ.
2578 5100 2669 5154 Sic
2692 5099 2841 5158 Pass.
2863 5107 2918 5154 et
2943 5100 3051 5155 duo
3067 5097 3197 5169 Reg.
3226 5097 3369 5155 Edit.
3396 5100 3556 5174 ἀνήρ,

2058 5234 2167 5303 (59)
2238 5233 2347 5307 [or
2391 5234 2848 5301 Ἑλλήσποντον
2874 5234 3204 5307 νζὲὑξωμεν.
3236 5237 3554 5307 Αιιιιάειίειι

1987 5300 2219 5355 Xerxem
2248 5302 2534 5375 Persarum
2561 5300 2761 5373 regem,
2792 5306 2883 5375 qui
2915 5300 3123 5375 tantum
3159 5308 3411 5362 habuisse
3446 5306 3554 5359 fer-

1990 5380 2078 5423 tur
2125 5372 2355 5445 _navium
2416 5372 2768 5445 apparatum,
2808 5372 2871 5445 ut
2926 5374 3331 5445 llellespoutnm
3385 5381 3554 5429 totum

1989 5439 2337 5513 operiret_,_ac
2373 5439 2535 5513 ponte
2563 5443 2745 5497 Asiam
2780 5443 3006 5513 Europae
3033 5439 3308 5513 iungeret.

2058 5508 2170 5581 (40)
2210 5510 2474 5581 ᾼίὶειεᾼΙΧ.
2496 5510 2708 5581 Scripta
2722 5514 2877 5581 circa
2905 5508 3050 5567 idem
3076 5508 3308 5580 tempus.

2058 5576 2169 5645 (ll)
2214 5578 2299 5643 Tt;
2337 5577 2415 5633 ἄν
2437 5598 2512 5649 με
2535 5576 2682 5650 θείὴ.
2718 5580 2791 5635 lta
2825 5580 2954 5650 Reg.
2983 5596 3145 5635 unus.
3175 5576 3273 5638 Ed.
3306 5581 3445 5635 male
3465 5582 3552 5644 τίς

1985 5644 2052 5697 ἂν
2092 5646 2297 5697 μετείη.

2025 5663 2052 5696 ν
2090 5662 2297 5713 μετείη.

2058 5664 2476 5784 (ἴὲῗῗῗίῖτείας.
2531 5718 2664 5791 Reg.
2705 5719 2813 5773 duo
2847 5720 3200 5791 φυτοκομίας,
3252 5717 3552 5787 plantarum

1987 5799 2164 5837 curas.

1987 5181 2014 5218 υ
