4120 6420
571 392 641 447 35
1771 384 1829 438 S.
1871 379 2200 438 GREGORII
2242 379 2591 436 THBOLOGI
3763 378 3835 436 56

573 506 718 560 enim
744 502 796 557 id
828 516 858 555 a
888 501 1049 556 nobis
1093 499 1480 571 espetebatur.
1523 497 1659 551 Nam
1711 507 1943 569 uterque
1974 498 2152 561 alteri,

2265 495 2465 560 Βάζετο.
2507 495 2779 566 Ἀλλήλοις
2840 495 2948 566 γάρ
3002 494 3200 564 ἐσμεν,
3253 495 3411 564 εἴπερ
3465 493 3613 548 ἄλλοι
3667 496 3833 560 τινὲς,

576 595 622 648 si
654 592 744 645 alii
778 591 1060 660 quiquam,
1118 589 1426 658 locupletes
1479 603 1602 643 esse
1632 595 1802 642 testes
1838 602 2155 657 possumus,

574 700 739 756 quam
771 682 930 737 nobis
982 679 1132 735 cordi
1183 686 1331 733 esset
1362 678 1635 749 pedestris
1668 676 2012 747 philosophia
2057 676 2158 728 hu-

2255 588 2556 653 ἀξιόπιστοι
2606 586 2881 655 μάρτυρες
2923 583 3016 637 τοῦ
3049 584 3149 654 τὴν
3203 584 3373 654 πεζὴν
3408 583 3654 652 στέργειν
3685 596 3838 653 φιλο⁴

2256 674 2446 743 σοφίαν
2500 674 2610 744 (55)
2663 674 2758 725 καὶ
2807 673 2957 727 κάτω
3012 674 3294 743 μένουσαν.
3344 673 3502 726 Ἀλλὰ
3550 673 3713 726 τοῦτο
3757 675 3836 745 μὴ

577 775 764 843 mique
815 771 1094 841 depressa.
1152 767 1352 824 Verum
1409 769 1513 822 hoc
1583 784 1694 821 non
1752 768 1867 822 fieri
1926 766 2160 821 fortasse

2265 762 2507 831 γενέσθαι
2553 763 2649 832 μὲν
2697 761 2826 825 ἴσως
2865 762 3087 831 ἄμεινον
3127 756 3228 831 ἦν·
3263 760 3295 830 ἢ
3339 761 3439 812 οὐκ
3480 756 3575 813 οἶδ’
3607 762 3689 814 ὅτι
3739 763 3839 814 καὶ

577 864 800 932 quidem
858 863 1204 932 praestitisset
1255 879 1271 914 :
1318 868 1411 913 aut
1433 875 1544 930 quo
1579 860 1686 913 alio
1738 859 1903 913 verbo
1929 866 2053 912 utar
2085 858 2160 911 in-

578 965 762 1009 certus
793 970 937 1019 sum,
983 952 1226 1022 quandiu
1262 951 1502 1020 Spiritus
1530 952 1710 1005 sancti
1739 950 2033 1005 consilium
2071 964 2160 1002 ex-

581 1046 851 1114 ploratum
894 1059 1002 1097 non
1072 1042 1333 1096 habuero.
1407 1039 1678 1106 Quoniam
1727 1048 1907 1095 autem
1956 1039 2157 1092 factum

579 1144 663 1191 est
688 1176 703 1200 ,
753 1135 894 1189 ferre
932 1148 1158 1188 necesse
1199 1140 1325 1195 est,
1375 1141 1434 1184 ut
1469 1131 1600 1184 mihi
1632 1130 1853 1201 quidem
1900 1129 2118 1183 videtur
2143 1165 2158 1191 ,

581 1241 645 1279 ac
682 1224 987 1294 praesertim
1063 1223 1135 1276 ob
1176 1230 1392 1291 tempus
1449 1222 1617 1286 istud,
1650 1222 1796 1292 quod
1837 1223 2035 1276 multas
2064 1221 2159 1275 ad-

581 1331 801 1370 versum
829 1328 930 1367 nos
976 1312 1356 1366 haereticorum
1386 1313 1602 1382 linguas
1632 1313 1834 1365 excitat
1872 1330 1885 1365 :
1925 1326 2025 1365 nec
2065 1316 2161 1364 aut

2256 854 2361 923 φῶ,
2386 853 2491 916 ἕως
2521 854 2587 906 ἂν
2620 852 2797 921 ἀγνοῶ
2832 851 2943 921 (56)
2976 851 3075 923 τὴν
3120 851 3430 920 οἰκονομίαν
3456 850 3548 903 τοῦ
3580 851 3839 922 Πνεῦμα-

2255 962 2365 1009 τος.
2405 945 2555 996 Ἐπεὶ
2578 943 2634 995 δὲ
2666 943 2898 1012 ἐγένετο,
2932 941 3119 1012 φέρειν
3161 942 3397 1012 ἀνάγκη,
3433 941 3509 1005 ὡς
3550 940 3681 1010 γοῦν
3712 941 3841 1013 ἐμοὶ

2257 1034 2668 1103 καταφαίνεται,
2709 1033 2802 1086 καὶ
2851 1032 3080 1104 μάλιστα
3117 1032 3205 1086 διὰ
3251 1032 3343 1085 τὸν
3390 1033 3597 1104 καιρὸν,
3633 1032 3840 1096 πολλὰς

2255 1127 2387 1195 ἡμῖν
2416 1124 2705 1195 αἱρετικῶν
2732 1123 3090 1191 ἐπεισάγοντα
3118 1121 3386 1191 γλώσσας,
3413 1122 3506 1181 καὶ
3540 1123 3613 1194 μὴ
3646 1140 3785 1177 κατα
3794 1140 3842 1175 ι-

2258 1216 2473 1287 σχύνειν
2505 1217 2641 1286 μήτε
2679 1215 2779 1278 τὰς
2824 1214 2932 1267 τῶν
2957 1213 3394 1267 πεπιστευκότων
3434 1214 3545 1283 (57)
3592 1213 3838 1279 ἐλπίδας,

2263 1309 2403 1378 μήτε
2432 1307 2525 1359 τδν
2552 1306 2819 1378 ἡμέτερον
2849 1305 2979 1376 βίον.

583 1405 695 1474 spei
724 1418 934 1467 eorum,
961 1402 1056 1472 qui
1087 1402 1245 1456 nobis
1271 1401 1633 1456 ministerium
1661 1401 2035 1466 crediderunt,
2066 1408 2159 1455 aut
2193 1398 2462 1469 superiori
2489 1397 2614 1452 vita:
2647 1407 2847 1452 nostris
2876 1396 3129 1452 dedecori
3168 1411 3312 1452 esse.

1014 1518 1071 1588 9
1099 1518 1185 1572 lx.
1227 1516 1714 1572 AMPHILOCHIO.

2725 1516 2801 1569 6'.
2836 1515 3213 1584 ΑΜΦῙΔΟΧΙῼ
3245 1513 3374 1585 (58).

655 1612 791 1666 Ante
814 1629 1009 1683 annum
1041 1611 1165 1674 562,
1186 1610 1402 1683 Δ(ιιιοΑαιὶ
1429 1611 1781 1683 sacerdotium
1802 1621 2011 1683 evectus
2027 1619 2105 1665 est
2129 1609 2430 1680 Gregorius,
2461 1609 2741 1680 epistolam
2770 1608 2838 1662 ad
2869 1609 3313 1683 Amphilochium,
3347 1609 3489 1683 alios
3516 1623 3666 1683 calx.
3702 1612 3842 1664 scri-

585 1694 730 1745 ptam
749 1699 850 1735 non
878 1681 1040 1749 fuisse
1059 1677 1283 1750 suadent
1307 1680 1415 1732 Iure
1436 1680 1588 1732 verba
1606 1696 1624 1733 :
1665 1680 1892 1743 Horum,
1923 1682 2013 1750 qui
2042 1677 2281 1734 sacrario
2311 1677 2633 1750 ministrant,
2663 1690 2748 1732 est
2776 1677 3145 1750 condiaconus
3166 1685 3350 1732 noster
3373 1677 3680 1750 Eutbalius,
3703 1695 3835 1745 etc,

585 1769 702 1822 qua:
733 1752 833 1822 nisi
857 1746 1141 1822 superioris
1170 1748 1398 1822 ordinis,
1423 1750 1502 1822 vel
1521 1746 1946 1822 certe_ejiisde_ni,
1976 1751 2143 1803 virum
2176 1768 2277 1803 non
2294 1751 2500 1822 decent.
2535 1747 2713 1822 Neque
2743 1764 2860 1801 vero
2908 1749 3258 1822 insequentes
3280 1764 3450 1800 annos
3475 1746 3612 1822 [tunc
3639 1750 3839 1822 episto—

590 1816 695 1874 lam
724 1820 936 1887 (li/ferre
959 1820 1085 1872 sinit
1107 1818 1345 1885 epistolae
1378 1818 1544 1884 ipsius
1564 1818 1776 1870 initium
1802 1834 1820 1871 :
1853 1817 1997 1872 Bene
2027 1827 2239 1873 structo
2266 1821 2509 1873 thalamo
2540 1816 2829 1871 columnas
2864 1816 3093 1883 subjice,
3132 1825 3359 1887 atque...
3393 1831 3423 1869 a
3456 1816 3647 1871 dextro
3677 1818 3840 1872 initio

590 1891 749 1945 nobis
779 1891 1094 1951 iuuotcsce;
1135 1903 1252 1955 qua:
1275 1898 1384 1939 tum
1416 1888 1645 1954 primum
1675 1888 1779 1955 fori
1801 1888 2025 1956 judiciis
2050 1888 2473 1957 Amphilochium
2506 1896 2817 1954 occupatum
2853 1897 3098 1954 arguunt.

660 1994 891 2053 Aureas,
942 2002 1000 2045 ut
1049 1991 1270 2046 Pindari
1336 1994 1514 2075 verbis
1567 2002 1712 2055 utar,
1767 1995 1901 2048 bene
1955 2002 2164 2050 structo

2334 1996 2586 2068 Χρυσέας
2618 1995 2921 2063 ὑπόστησον
2953 1995 3182 2063 εὐτειχεῖ
3225 1993 3450 2061 θαλάμῳ
3485 1993 3594 2062 (59)
3626 1994 3835 2057 κίονας,

593 2084 831 2136 thalamo
863 2084 1149 2137 columnas
1191 2084 1421 2151 subjice,
1458 2092 1619 2153 atque
1654 2085 1708 2137 in
1746 2086 2000 2154 praesenti
2031 2101 2162 2139 cura

591 2175 844 2229 adextro
894 2175 1052 2228 initio
1109 2175 1267 2229 nobis
1312 2175 1632 2240 innotesce;
1686 2186 1744 2229 ut
1781 2177 1944 2230 etiam
1993 2177 2168 2231 admi-

593 2267 823 2319 randum
846 2268 1108 2335 palatium
1129 2273 1403 2330 exstruas,
1434 2267 1702 2321 illustrem
1729 2267 1784 2320 in
1817 2283 1880 2321 ea
1905 2276 1959 2322 te
1988 2267 2166 2336 ipsum

596 2355 911 2409 ostendens.
938 2354 1183 2420 Quanam
1215 2364 1395 2409 autem
1425 2356 1642 2410 ratione
1672 2356 1725 2410 id
1750 2364 2005 2411 testatum
2041 2357 2168 2412 red-

593 2447 732 2501 des?
768 2449 815 2501 si
853 2446 1019 2500 Deum
1055 2461 1119 2499 ac
1149 2462 1238 2501 res
1274 2447 1489 2501 divinas
1531 2447 1723 2500 honori
1765 2447 1968 2501 habeas
2005 2464 2018 2500 :
2060 2462 2169 2516 quo

595 2536 727 2606 quid
762 2536 941 2604 majus
972 2550 1036 2589 ac
1069 2536 1361 2591 sublimius
1391 2552 1512 2591 esse
1548 2537 1741 2592 ducis?
1769 2536 1871 2602 Qui
1902 2552 2087 2606 porro,
2114 2545 2170 2591 et

591 2629 795 2697 quibus
828 2627 993 2681 rebus
1022 2627 1364 2680 honorabis?
1398 2625 1516 2680 Una
1564 2627 1667 2681 hac
1712 2628 1946 2692 scilicet,
2001 2629 2044 2681 si
2076 2642 2170 2681 eo—

593 2734 739 2782 rum,
774 2720 867 2789 qui
897 2719 1006 2775 Deo
1034 2702 1237 2782 astant,
1270 2733 1334 2772 ac
1364 2720 1608 2774 sacrario
1642 2719 1980 2781 ministrant,
2014 2734 2168 2772 com--

594 2807 773 2863 modis
799 2809 1075 2862 consulas.
1114 2807 1318 2861 llorum
1353 2822 1385 2861 e
1422 2823 1652 2862 numero
1685 2815 1767 2863 est
1797 2809 2170 2863 condiaconus

596 2907 788 2953 noster
843 2897 1154 2961 Euthalius,
1206 2898 1297 2952 cui
1344 2898 1535 2952 nescio
1584 2914 1694 2967 quo
1741 2905 1902 2967 pacto
1954 2906 2171 2967 postea-

594 3004 756 3057 quam
804 2989 870 3040 ad
918 2990 1291 3042 sublimiorem
1335 2993 1561 3057 gradum
1604 2990 1875 3058 migravit,
1916 2990 2033 3041 auri
2072 2989 2170 3041 tri-

596 3079 788 3131 butum
838 3078 1120 3145 imponere
1164 3086 1438 3131 conantur
1484 3080 1543 3139 ii,
1580 3080 1672 3147 qui
1710 3095 1890 3132 rerum
1931 3079 2171 3133 admini-

598 3167 853 3222 εει-ειιίοηὶ
887 3167 1127 3235 ιιι-σιτεοιί
1165 3176 1315 3221 sunt.
1352 3168 1485 3232 Hoc,
1520 3183 1726 3238 qua-so,
1772 3184 1837 3222 ne
1872 3168 1968 3223 tibi
2001 3168 2172 3224 feren-

596 3261 724 3311 dum
757 3255 1005 3311 videatur
1031 3275 1045 3311 :
1076 3272 1263 3311 verum
1296 3266 1350 3312 et
1375 3258 1610 3312 diacono
1638 3267 1693 3313 et
1717 3260 1974 3313 universo
1992 3259 2166 3322 clero,

2265 2088 2406 2140 κατὰ
2441 2086 2725 2154 Πίνδαρον,
2758 2085 2852 2136 καὶ
2880 2084 2986 2137 ἀπὸ
3011 2082 3189 2153 δεξιῆς
3214 2086 3343 2154 ἡμῖν
3376 2083 3706 2155 γνωρισθητι
3732 2085 3838 2153 τῆς

2266 2176 2438 2249 άρχῇς
2478 2178 2535 2228 ὲν
2570 2178 2636 2246 τῇ
2683 2175 2933 2246 παρούσῃ
2980 2175 3219 2245 φροντίδι
3242 2191 3255 2205 ·
3292 2176 3365 2239 ὡς
3404 2176 3470 2229 ἂν
3517 2175 3611 2228 κα).
3646 2175 3839 2245 θεητὸν

2267 2264 2467 2333 πήξαις
2496 2263 2753 2334 μέγαρον,
2796 2264 3077 2332 εὐδόκιμος
3107 2267 3162 2315 ὲν
3200 2264 3334 2334 αὐτῇ
3386 2264 3593 2328 φανείς.
3634 2264 3839 2333 Γνωρι-

2271 2373 2383 2419 σεις
2412 2357 2467 2408 δὲ
2492 2356 2641 2420 πῶ;;
2667 2357 2758 2409 τὸν
2791 2356 2923 2408 Θεὸν
2953 2356 3062 2425 (60)
3090 2356 3183 2408 καὶ
3204 2356 3273 2408 τὰ
3306 2356 3423 2409 θεῖα
3450 2357 3625 2426 τιμῶν
3643 2372 3657 2386 ³
3684 2352 3745 2410 οὗ
3781 2356 3836 2407 τί

2268 2464 2351 2499 σοι
2389 2447 2571 2516 μεῖζον
2595 2448 2687 2499 καὶ
2716 2446 3072 2515 bubulo-cepam
3102 2447 3354 2516 τιμήσεις
3386 2446 3442 2498 δὲ
3486 2446 3602 2509 πῶς
3630 2447 3725 2499 καὶ
3756 2446 3836 2498 τι-

2268 2551 2350 2586 σιν
2371 2551 2385 2598 ;
2418 2536 2500 2587 ἐν).
2521 2534 2713 2605 τούτῳ,
2747 2535 2825 2605 τῷ
2850 2534 3104 2604 κήδεσθαι
3127 2534 3234 2587 τῶν
3262 2535 3677 2606 παρισταμένων
3694 2534 3834 2604 Θεῷ,

2268 2625 2362 2678 κα).
2394 2624 2721 2696 λειτουργῶν
2760 2625 2853 2677 τοῦ
2893 2625 3153 2695 βήματος.
3190 2625 3406 2678 Τούτων
3444 2619 3522 2689 εἷς
3551 2628 3665 2678 ἐστι
3694 2626 3838 2678 καὶὸ

2270 2715 2610 2778 συνδιάκονος
2654 2716 2809 2786 ἡμῶν
2847 2715 3126 2779 Εὑοάλιος,
3162 2717 3240 2778 ὃν,
3284 2716 3383 2769 οὐκ
3423 2712 3520 2769 οἷδ’
3549 2717 3716 2779 ὅπως,
3753 2717 3837 2778 εἰς

2272 2806 2442 2878 μείζω
2465 2808 2616 2871 τάξιν
2640 2810 3119 2879 μεταχωρήσαντα,
3151 2809 3471 2880 διαγράφειν
3500 2808 3836 2879 ἐπιχειροῦσι

2268 2894 2469 2965 χρυσὸν
2505 2897 2553 2947 οἱ
2606 2896 2706 2965 τῆς
2749 2898 3083 2967 ἡγεμονικῆς
3129 2897 3333 2960 τάξεως
3367 2897 3500 2967 (61).
3528 2899 3699 2951 Τοῦτο
3758 2899 3835 2969 μὴ

2268 2989 2495 3042 ἀνεκτὸν
2519 2989 2741 3057 φανήτω
2764 3004 2844 3040 σοι
2862 3003 2878 3021 '
2914 2989 3007 3041 καὶ
3037 2992 3194 3058 χεῖρα
3214 2988 3397 3058 ὄρεξον
3421 2988 3499 3058 τῷ
3521 3006 3578 3040 τε
3607 2988 3838 3058 διακόνῳ

2271 3078 2365 3131 καὶ
2405 3078 2482 3148 τῷ
2522 3078 2706 3148 κλήρῳ
2737 3079 2918 3144 παντὶ,
2958 3080 3050 3131 καὶ
3092 3079 3197 3151 πρὸ
3232 3080 3338 3131 τῶν
3372 3080 3545 3133 ἄλλων
3578 3084 3728 3152 ἡμῖν,
3760 3076 3838 3135 ὧν

2272 3186 2352 3221 σοι
2384 3169 2534 3239 μέλει
2562 3169 2673 3240 (62)
2694 3186 2708 3200 ·
2736 3170 2767 3241 ἢ
2813 3169 3088 3223 δειλότατα
3133 3171 3197 3224 ἂν
3235 3171 3394 3224 πάθοι
3426 3173 3581 3242 μόνος
3624 3171 3835 3242 ἀνθρώ-

2272 3277 2408 3323 πων,
2456 3259 2530 3329 μὴ
2572 3260 2854 3329 τυγχάνων
2893 3262 2990 3327 τῆς
3021 3261 3128 3313 τῶν
3167 3261 3375 3333 καιρῶν
3406 3261 3836 3332 φιλανθρωπίας,

598 3362 662 3401 ac
696 3347 997 3416 praesertim
1029 3349 1211 3410 nobis,
1248 3363 1482 3417 quorum
1510 3350 1604 3403 tibi
1633 3365 1766 3402 cura
1800 3360 1911 3413 est,
1944 3366 2164 3404 manum

2269 3350 2361 3402 καὶ
2384 3350 2480 3419 τῆς
2502 3349 2789 3419 δεδομένης
2816 3353 2927 3413 τοῖς
2954 3351 3245 3421 ἱερατικοῖς
3274 3352 3420 3422 παρὰ
3444 3351 3552 3403 τῶν
3576 3350 3838 3421 βασιλέων

598 3438 816 3506 porrige
862 3456 875 3491 :
928 3439 1131 3506 alioqui
1181 3446 1331 3493 certe
1386 3454 1529 3492 unus
1570 3440 1816 3493 omnium
1886 3441 2164 3494 hominum

2271 3439 2457 3509 τιμῆς,
2510 3438 2625 3491 ἀλλ’
2660 3439 3007 3511 ὑϐριζόμενος
3048 3442 3141 3494 κα).
3184 3440 3543 3512 ζημιούμενος
3591 3441 3718 3503 ἴσως
3748 3440 3839 3494 διὰ

600 3528 912 3581 miserrima
955 3528 1273 3581 conditione
1303 3537 1471 3590 esset,
1512 3528 1557 3582 si
1593 3538 1895 3599 temporum
1927 3530 2164 3584 humani-

2273 3530 2369 3598 τὴν
2403 3529 2673 3600 ἡμετέραν
2705 3530 2979 3584 εὐτέλειαν
3006 3530 3138 3600 (65).
3177 3532 3244 3583 Ὂ
3272 3548 3353 3583 σοι
3398 3530 3577 3592 καλῶς
3619 3529 3731 3599 ἔχει
3760 3529 3839 3601 μὴ

600 3624 732 3678 tate,
776 3624 938 3685 atque
990 3631 1055 3670 eo
1083 3616 1311 3679 honore,
1356 3619 1448 3686 qui
1498 3618 1642 3671 sacri
1690 3618 1900 3673 ordinis
1940 3619 2073 3673 viris
2102 3619 2164 3672 ab

2277 3622 2595 3689 συγχωρεῖν,
2630 3618 2732 3671 κᾶν
2761 3619 2837 3688 μὴ
2858 3618 3037 3681 καλῶς
3062 3619 3210 3673 ἄλλοι
3247 3619 3559 3689 βούλωνται.

600 3704 1021 3773 imperatoribus
1071 3720 1370 3761 concessus
1420 3715 1525 3761 est.
1582 3708 1807 3763 minime
1853 3709 2166 3773 frueretur;
2206 3708 2301 3764 scd
2366 3709 2701 3763 contumelia
2745 3716 2801 3763 et
2852 3709 3187 3763 detrimento
3234 3709 3557 3772 adiceretur,
3608 3722 3671 3761 ac
3714 3706 3838 3760 ideo

602 3798 835 3852 fortasse
872 3798 1017 3868 quod
1063 3798 1197 3853 viles
1260 3814 1471 3853 sumus.
1533 3798 1687 3864 Quod
1739 3800 1957 3870 quidem
2015 3801 2153 3857 bene
2188 3800 2403 3864 feceris,
2459 3802 2507 3856 si
2559 3816 2668 3855 non
2718 3802 2989 3871 patiaris:
3023 3800 3243 3856 etiamsi
3290 3799 3382 3852 alii
3437 3814 3546 3854 non
3582 3798 3721 3853 bene
3781 3796 3835 3850 id

604 3893 790 3945 velint.

1110 3960 1174 4021 Χ.
1219 3959 1659 4017 CANDIDIANO.

2712 3962 2770 4017 ιο.
2810 3959 3223 4028 ΚΛΝΔΙΔΙΛΝῼ
3262 3957 3393 4029 (64).

673 4054 906 4127 Gregorii
944 4058 1011 4107 ad
1048 4056 1439 4109 Candidianth
1477 4056 1689 4122 litterae,
1725 4059 2015 4127 imperante
2048 4058 2289 4120 Iuliano,
2323 4057 2536 4127 scripta:
2576 4064 2697 4109 sunt
2744 4073 2889 4127 anno
2916 4056 3039 4127 563.
3080 4053 3145 4106 Id
3179 4054 3334 4127 plane
3375 4050 3690 4127 persuadent
3722 4052 3834 4127 Iure

605 4122 846 4195 Tlteolugi
878 4128 1029 4176 rerba
1057 4141 1200 4177 arca
1231 4127 1384 4193 ﬁnem
1411 4128 1645 4195 epistola:
1669 4122 2057 4182 Candidianum
2093 4122 2441 4194 alloquentisf
2474 4124 2604 4177 Nam
2638 4140 2761 4178 cum
2798 4125 3059 4195 religione
3102 4122 3453 4195 gentilis__sis,
3491 4136 3553 4195 ac.
3580 4122 3830 4195 praesenti

604 4190 916 4270 imperatori
943 4200 1003 4270 ea
1034 4210 1153 4263 quae
1185 4190 1391 4270 imperii
1428 4190 1576 4259 sunt,
1613 4207 1836 4270 praestes
1863 4215 1875 4250 :
1909 4214 2017 4270 non
2050 4199 2122 4249 ita
2154 4190 2257 4270 ipsi
2285 4196 2536 4257 inservis,
2568 4202 2624 4247 ut
2657 4190 2925 4270 temporis
2944 4190 3273 4270 adulatores.
3393 4190 3551 4257 paulo
3579 4191 3832 4270 inferius:

601 4258 806 4328 Opto...
841 4270 895 4313 ut
927 4262 1009 4334 ad
1029 4258 1245 4334 nostras
1260 4258 1477 4334 jDeique
1502 4258 1683 4334 part-es
1720 4266 2012 4334 aliquando
2044 4274 2095 4319 te
2109 4258 2397 4323 conferas,
2435 4275 2594 4332 atque
2627 4264 2693 4315 ab
2722 4258 2788 4334 iis
2823 4270 2933 4334 stes
2960 4262 3051 4330 qui
3080 4260 3504 4334 persecutionem
3538 4258 3830 4334 patiuntur.

605 4327 711 4381 non
749 4339 926 4400 autem
967 4333 1032 4383 ab
1063 4332 1149 4392 iis,
1179 4332 1269 4399 qui
1304 4327 1423 4386 eam
1465 4327 1721 4387 inferunt.
1757 4327 1957 4400 Quibus
1984 4334 2173 4397 verbis,
2197 4343 2333 4389 certe
2364 4327 2638 4398 Aposiata:
2675 4341 2724 4385 et
2753 4332 2903 4399 impii
2944 4327 3289 4400 persecutoris
3326 4327 3636 4400 declaratur
3665 4331 3833 4396 impe-

549 4409 553 4413 ·
604 4396 993 4471 ι’ἱιιῃι.λιιοξιέο
1022 4396 1549 4471 αιιιειηᾚᾳηαὶάίαηί
1577 4396 1947 4471 prwlecturain
1987 4406 2054 4457 ad
2093 4396 2288 4457 annum
2322 4396 2427 4455 363
2452 4401 2776 4469 diﬂ'erinms,
2808 4396 2964 4467 quod,
3002 4403 3098 4471 qui
3121 4416 3258 4471 anno
3286 4398 3541 4471 superiori
3581 4406 3827 4471 pra'erat,

604 4482 720 4517 cum
762 4465 1157 4539 A’azianaenam
1189 4469 1459 4522 ecclesiam
1499 4472 1547 4522 vi
1577 4465 1641 4523 ἐι
1674 4465 1839 4526 drmis
1876 4475 2120 4527 invadere
2150 4479 2422 4535 tentasset,
2460 4465 2640 4524 lautas
2673 4465 2941 4539 a'quitatis
2982 4465 3044 4521 ac
3072 4469 3301 4537 justitia:
3338 4466 3544 4517 nomine
3577 4466 3759 4521 laudes
3784 4475 3833 4520 et

601 4535 834 4586 encomia
866 4552 897 4586 a
925 4534 1181 4603 'l'lteologo
1211 4554 1311 4590 non
1340 4548 1473 4590 esset
1499 4551 1827 4596 consecutus.

677 4626 777 4681 Ubi
823 4643 968 4681 nunc
1022 4629 1313 4697 sophistae?
1362 4630 1503 4695 Quid
1550 4639 1731 4687 tacent
1765 4635 1971 4704 poeta}?
2014 4634 2163 4701 Quos

2340 4633 2450 4685 Ποῦ
2496 4632 2591 4686 νῦν
2624 4633 2672 4685 ol
2728 4632 3011 4700 σοφισταῖς
3060 4631 3112 4684 τί
3162 4629 3436 4683 σιωπῶσιν
3475 4630 3523 4682 οἱ
3576 4628 3703 4700 περὶ
3736 4627 3835 4698 τὴν

604 4716 857 4771 meliores
904 4731 1186 4771 sermones
1240 4720 1547 4787 requirunt,
1592 4730 1687 4774 aut
1727 4736 1890 4790 quam
1925 4720 2164 4791 splendi-

2272 4722 2519 4793 ποίησιν;
2550 4723 2700 4785 τίνας
2737 4721 2927 4790 λόγους
2964 4721 3219 4793 ἀμείνους
3249 4719 3612 4789 ἐπιζητοῦσιν,
3641 4720 3674 4790 ἥ
3713 4719 3834 4772 τίνα

965 4824 1449 4906 πιεζὴὴστέργῖειν
1476 4832 1859 4906 φιλοσοςρζαν.
1890 4830 2164 4906 Pedestri

2269 4835 2524 4906 μονικῆς
2570 4833 2812 4906 τᾲξεως.
2850 4832 2987 4887 Male
3023 4834 3184 4906 vertit
3217 4832 3426 4906 Bittius.
3453 4847 3742 4906 expungere
3771 4847 3834 4884 ac

603 4894 942 4975 philosophia
996 4894 1291 4975 Ilnunique
1330 4894 1629 4975 depressa,
1662 4894 1820 4975 nihil
1882 4901 2059 4975 a_liud_
2086 4909 2171 4975 est
2269 4894 2532 4975 dignitate
2573 4894 3110 4975 abdicareconautur
3148 4905 3186 4954 ii
3217 4903 3305 4975 qui
3341 4903 3415 4975 rei
3457 4894 3675 4975 militari
3706 4915 3835 4975 prie:

604 4969 904 5044 quaurvita
931 4969 1155 5044 privata.
1193 4981 1292 5020 nec
1338 4970 1444 5021 ulla
1477 4969 1674 5036 publici
1711 4970 1952 5024 muneris
1996 4971 2173 5025 admi-
2279 4969 2399 5044 fecti
2420 4982 2541 5044 sunt
2567 4988 2585 5024 :
2617 4988 2726 5026 non
2763 4972 2907 5044 enim
2946 4970 3015 5044 ad
3039 4973 3113 5025 rei
3156 4969 3370 5044 militari
3404 4971 3707 5044 przefeetos,
3736 4970 3832 5023 sed

603 5033 924 5109 uisitatione
958 5033 1271 5109 distracta._
1340 5103 1357 5109 _
1444 5033 1490 5109 _'
1873 5106 1904 5109 _
2068 5106 2141 5109 _7
2279 5033 2347 5095 ad
2377 5042 2691 5109 episcopum
2722 5041 3094 5109 pertinuisset,
3127 5042 3359 5109 aliquem
3397 5033 3427 5090 ὁ
3452 5039 3598 5109 clero
3614 5053 3832 5109 expuu-

674 5100 787 5168 (56)
818 5102 973 5179 ςΕως
992 5102 1068 5179 dif
1087 5103 1299 5179 εξῃίοῶ.
1340 5103 1415 5157 lla
1430 5103 1576 5179 _Reg.
1612 5122 1753 5179 unus
1775 5116 1828 5161 et
1873 5106 2031 5179 Pass.
2068 5106 2169 5161 Ed.
2282 5100 2500 5179 gere-ac
2525 5100 2789 5177 dignitate
2822 5100 3191 5163 ecclesiastica
3220 5100 3495 5162 abdicare.
3529 5100 3725 5179 Agitur
3746 5108 3833 5179 hic

602 5169 707 5232 ἕως
741 5170 873 5248 γνῷ,
912 5172 1054 5239 quod
1088 5169 1277 5227 Billius
1310 5175 1491 5238 vertit,
1527 5169 1877 5245 'quoadusque
1912 5176 2173 5245 cxplora-
2279 5169 2347 5234 de
2372 5169 2715 5248 praestatione
2748 5179 2934 5248 tributi
2969 5180 3026 5248 in
3066 5179 3288 5248 bellicos
3336 5169 3829 5248 sumptus'indictj.

604 5238 995 5317 tumultaliuero.
1140 5308 1255 5317 ΝΜ
1442 5312 1453 5317 Α
1545 5238 1565 5317 ,⁷
1793 5238 1804 5245 ’
1977 5238 1988 5245 ’

2347 5238 2455 5317 (ΒΞ)
2490 5243 2730 5317 Ὦνᾳοι
2773 5247 2941 5317 μέλει
2966 5287 2980 5300 .
3016 5246 3089 5300 Ita
3118 5247 3389 5317 _legi_mus.
3431 5238 3527 5296 Ed.
3565 5244 3709 5317 male
3751 5240 3832 5307 οἷς

969 5308 1453 5390 ste-angil‘liusﬁui
1472 5312 1635 5390 ﬁdem
1664 5315 1812 5369 nobis
1843 5315 2163 5390 [intulerunt

2276 5306 2363 5390 σοι
2416 5306 2585 5387 μέλει.
2621 5316 2740 5390 Mox
2773 5306 3082 5390 δεινότατα.
3117 5306 3357 5383 ΙιιιῚῖρς.
3396 5328 3539 5367 unus
3583 5323 3636 5366 et
3676 5306 3828 5369 Pass.

817 5376 1412 5464 Alias-(Ille;Scripta
1436 5376 1602 5464 circan
1611 5399 1811 5437 annum
1843 5384 1991 5464 562.,
2048 5453 2060 5464 .

2276 5376 2586 5464 minus
2626 5387 2765 5464 bene
2787 5385 3084 5464 δεινότητα.

676 5446 785 5513 (59)
835 5446 1104 5515 Εὑτειχεῖ
1140 5446 1398 5515 θαλάμῳ.
1449 5449 1520 5501 Ita
1567 5449 1695 5519 Reg.
1752 5468 1914 5514 unus,
1945 5462 1999 5507 et
2048 5453 2164 5521 ipse

934 5514 1142 5585 Olymp.
1182 5516 1271 5568 od.
1308 5532 1381 5577 vr,
1407 5520 1612 5587 stropb.
1643 5522 1692 5572 1.
1724 5520 1819 5574 Ed.
1857 5524 1995 5577 male
2018 5523 2166 5573 som-

635 5601 709 5643 ει,
745 5598 903 5643 relict.

603 5603 936 5723 ﬂagitiis}
964 5652 1130 5723 Geor.
1165 5650 1239 5706 lta
1269 5651 1402 5723 Reg.
1442 5670 1601 5708 unus.
1638 5655 1692 5709 lu
1741 5658 1827 5711 ed.
1865 5659 2019 5711 deest
2051 5661 2158 5711 τόν.

674 5719 785 5789 (δ’)
820 5718 1168 5787 Διαγῖράρειν
1186 5718 1548 5791 ἐπιχεῖροῦσι
1574 5729 1803 5791 χρυσὸν
1826 5730 1878 5779 οι
1901 5726 2009 5794 τῆς
2036 5729 2163 5795 ﬁre.

2344 5454 2451 5525 (63)
2482 5456 2583 5525 Διὰ
2602 5454 2717 5525 τὴν
2735 5449 3025 5525 ἡμετέραῇ
3057 5451 3385 5525 ειῢτέλειαν.
3413 5450 3488 5525 lla
3512 5449 3677 5520 ηερε.
3700 5450 3830 5525 duo.

2272 5522 2328 5577 In
2353 5521 2460 5577 'ed.
2487 5524 2641 5579 deest
2670 5521 2962 5576 εὐτέλειαν.
2992 5523 3182 5577 Billius
3204 5524 3259 5576 in
3288 5523 3538 5576 versione
3559 5521 3829 5589 supplevit

2272 5592 2474 5659 φιλίαν,
2518 5593 2590 5645 ita
2622 5602 2836 5646 vertens
2868 5611 2881 5645 :
2917 5603 2965 5646 et
2998 5593 3205 5662 quidem
3239 5592 3463 5661 fortasse
3493 5590 3555 5641 ob
3580 5606 3691 5643 eam
3717 5604 3832 5659 qua:

2272 5662 2397 5713 mihi
2425 5677 2538 5713 cum
2558 5678 2618 5715 eo
2648 5671 2746 5719 est.
2778 5662 3086 5715 amicitiam.

2341 5729 2449 5798 (64)
2479 5730 2629 5785 Alias
2654 5729 2883 5784 CXCIV.
2918 5731 3130 5798 Scripta
3162 5746 3303 5784 anno
3331 5730 3451 5783 565.
