4120 6398
601 368 671 424 59
1797 364 1856 420 S.
1897 361 2224 420 GREGORII
2263 361 2613 422 THEOLOGI
3791 373 3865 432 ιο

602 484 785 555 potius
813 481 978 536 menti
1018 479 1243 546 cedunt,
1270 497 1435 552 quam
1478 482 1734 546 aliorum,
1774 484 1977 553 quibus
2004 485 2169 538 audao

2277 484 2367 538 τοῦ
2413 483 2593 552 λέγειν
2627 483 2875 554 δύναμιν.
2924 484 2982 536 ὐ
3000 482 3110 554 γὰρ
3130 482 3290 546 αὐτὸς
3325 481 3531 554 κρίνειν
3570 499 3630 534 τε
3678 484 3866 549 ἱκανὸς

603 576 687 630 cia
722 591 821 645 pro
852 574 968 644 lege
998 582 1108 637 est,
1140 576 1461 630 auctoritati
1497 590 1562 630 ac
1594 577 1868 647 potentiae.
1917 577 2021 631 Alii
2053 593 2176 630 rur-

603 681 725 719 sum
755 664 1084 720 eruditionis
1112 665 1212 733 ιι
1240 665 1350 718 vim
1379 665 1750 729 admirentur;
1785 668 1870 722 vel
1902 668 1948 722 si
1978 667 2174 730 mavis,

602 755 927 810 eruditionis
952 771 1127 827 genus
1157 771 1341 819 omne,
1375 765 1484 809 tam
1528 758 1675 827 quod
1710 759 1776 812 ad
1809 774 2023 820 eorum,
2055 775 2178 828 qua:

603 846 885 909 dicuntur,
937 861 1224 901 censuram
1284 863 1349 901 ac
1407 848 1675 917 judicium
1724 851 1953 914 attinet,
2010 865 2176 918 quam

602 937 744 1004 quod
777 938 840 990 ad
881 937 1096 990 dicendi
1135 938 1471 994 facultatem.
1503 939 1649 993 Idem
1700 939 1846 993 enim
1882 942 1998 1010 ipse
2028 939 2179 1008 judi-

601 1028 746 1080 cium
789 1028 856 1080 de
883 1028 1230 1082 sermonibus
1257 1027 1398 1082 ferre
1430 1037 1604 1098 potes.
1638 1038 1692 1084 et
1721 1030 1982 1099 majorem
2008 1031 2174 1084 etiam

602 1120 655 1171 iu
687 1119 921 1172 dicendo
951 1121 1059 1172 vim
1094 1119 1312 1174 obtines
1340 1139 1353 1174 :
1389 1125 1461 1174 ita
1495 1128 1552 1174 ut
1590 1122 1824 1174 alterum
1852 1137 2080 1176 aureum
2109 1121 2177 1175 il-

602 1209 709 1261 lius
736 1208 1009 1261 calculum
1043 1207 1264 1270 referat,
1293 1219 1387 1262 aut
1421 1208 1762 1264 Homericam
1802 1211 1948 1264 illam
1985 1226 2175 1266 amus-

602 1296 728 1361 sim,
778 1297 880 1350 sub
929 1311 1038 1366 qua
1069 1312 1336 1368 equorum
1373 1299 1600 1354 Eumelii
1641 1301 2006 1370 :equalitatem
2042 1315 2175 1355 cen-

600 1386 709 1440 seri
741 1401 804 1442 ac
835 1387 1096 1458 perpendi
1145 1389 1410 1460 contigit;
1450 1390 1681 1444 alterum
1726 1401 1906 1445 autem
1959 1391 2177 1448 nimbos

601 1477 865 1531 hiemales
899 1484 1142 1548 superet.
1178 1477 1302 1532 Pari
1335 1481 1480 1534 enim
1515 1498 1638 1534 cum
1671 1482 1852 1545 laude,
1886 1497 2030 1535 nunc
2055 1498 2177 1538 cer-

601 1566 822 1621 taminis
855 1567 1122 1623 arbitrum
1158 1571 1297 1640 agis,
1335 1585 1400 1624 ac
1434 1572 1588 1641 prius
1622 1573 1740 1642 ipse
1769 1573 2040 1628 certabas.
2068 1573 2174 1629 Alii

599 1655 912 1711 ﬁrmitatem
962 1659 1187 1714 lenitate
1231 1669 1590 1730 temperatam
1637 1663 1889 1718 laudibus
1924 1663 2174 1729 elferant.

2277 575 2432 643 λόγον
2465 574 2598 643 (76),
2641 575 2734 627 καὶ
2767 577 2942 628 εἰπεῖν
2998 573 3366 645 δυνατώτερος
3389 591 3404 605 ο
3448 573 3524 636 ὡς
3550 573 3612 626 τὸ
3635 575 3734 644 μὲν
3762 577 3866 631 αὑ-

2277 665 2372 718 τοῦ
2398 666 2512 734 (77)
2545 666 2637 718 καὶ
2685 664 2784 736 τὴν
2833 666 3042 737 χρυσῆν
3085 666 3406 729 εἰκάζεσθαι
3435 664 3636 734 ψῆφον,
3683 667 3715 736 ἢ
3761 669 3868 740 τὴν

2291 756 2591 828 Ὁμηρικὴν
2637 755 2884 827 στάθμην
2937 756 3150 826 ἐκείνην
3193 755 3328 826 (78),
3362 756 3454 825 ὑφ’
3576 757 3865 829 κρίνεσθαι

2283 847 2568 918 συμϐαίνει
2599 847 2700 918 τὴν
2721 847 2831 900 τῶν
2864 846 3182 917 Εὐμηλείων
3208 848 3390 900 ἵππων
3423 849 3671 919 ἰσότητα·
3705 851 3768 902 τὸ
3803 849 3866 904 δὲ

2281 939 2422 1009 ὑπὲρ
2459 938 2558 1001 τὰς
2585 936 2901 1009 χειμερίους
2940 936 3078 992 εἶναι
3122 938 3384 1008 νιφάδας·
3423 939 3866 1006 άγωνοθετοῦντά

2278 1047 2338 1082 τε
2371 1028 2573 1099 ὁμοίως
2615 1027 2733 1092 νῦν,
2767 1029 2882 1081 καὶ·
2905 1028 3306 1099 ἀγωνιζόμενον
3353 1030 3638 1100 πρότερον.
3674 1030 3864 1083 Ἄλλοι

2279 1119 2341 1173 τὸ
2367 1119 2592 1191 στερρὸν
2623 1119 2734 1188 (79)
2769 1119 3162 1172 ὲπαινείτωσαν
3190 1118 3266 1189 τῷ
3296 1119 3456 1189 πράῳ
3478 1121 3867 1190 συγκεκραμέ-

2280 1227 2389 1277 νον,
2432 1210 2528 1263 καὶ
2563 1209 2624 1263 τὸ
2658 1209 2772 1282 (80)
2816 1212 2874 1263 ὲν
2900 1209 2978 1280 τῷ
3011 1209 3260 1281 μειλιχίῳ
3305 1210 3379 1280 μὴ
3434 1211 3861 1280 συμπεπτωκὸς,

2274 1295 2363 1356 οἷα
2383 1301 2451 1355 τὰ
2469 1299 2578 1354 τῶν
2597 1301 2826 1355 λεόντων
2851 1302 3221 1373 σκιρτήματα.
3249 1299 3432 1354 Ἀλλοι
3453 1300 3542 1352 τὸν
3561 1300 3864 1371 εὐρυσθενῆ

2276 1390 2476 1462 χρυσὸν
2508 1390 2604 1444 καὶ
2649 1391 2934 1462 τιμήεντα,
2982 1391 3121 1462 μετὰ
3159 1390 3268 1443 τῶν
3317 1391 3532 1460 σεμνῶν
3574 1391 3866 1460 ὀνομάτων

2278 1481 2672 1550 ἁτιμασθέντα,
2707 1482 2802 1534 καὶ
2837 1481 3219 1552 προτροπάδην
3255 1479 3472 1544 εἴξαντα
3503 1479 3627 1552 δίκῃ
3654 1484 3723 1551 τῇ
3751 1483 3818 1550 σῇ
3844 1498 3861 1512 ·

2280 1574 2514 1643 πρᾶγμα
2544 1572 2704 1641 μόνον
2746 1570 2810 1642 δὴ
2859 1569 3075 1623 πάντων
3117 1569 3211 1623 καὶ
3262 1570 3430 1639 ἀκοῆς
3475 1569 3569 1621 καὶ
3620 1569 3864 1632 πίστεως

2279 1661 2630 1732 ὑψηλότερον.
2681 1661 2973 1730 Ποιητικδς
3013 1659 3069 1712 δέ
3096 1677 3182 1723 τις
3223 1660 3362 1730 ἀνὴρ
3401 1659 3496 1712 κα).
3523 1659 3622 1730 τὴν
3664 1660 3867 1730 τέχνην

598 1747 1032 1817 suavitatemque
1083 1749 1220 1803 nihil
1277 1752 1554 1816 abiectum
1611 1753 1944 1816 habentem,
1989 1755 2174 1822 cujus-

2277 1753 2473 1821 ἄφετος
2518 1752 2614 1805 καὶ
2663 1751 2982 1821 αὐτόνομος,
3034 1753 3129 1804 καὶ
3169 1751 3330 1821 μέλος
3387 1751 3642 1821 άγροικὸν
3691 1767 3867 1821 προσ-

599 1837 744 1889 modi
779 1838 987 1894 scilicet
1026 1847 1157 1894 sunt
1194 1841 1413 1895 leonum
1454 1843 1644 1898 saltus.
1680 1843 1789 1896 Alii
1822 1843 2033 1898 viribus
2059 1845 2174 1913 pol-

2277 1843 2449 1914 αδέτω
2479 1860 2560 1895 σοι
2587 1841 2722 1913 (81),
2741 1841 2994 1913 γηπόνων
3023 1841 3183 1912 χορὸν
3206 1841 3564 1911 στησάμενος,
3597 1842 3689 1893 καὶ
3717 1843 3868 1910 άμη-

602 1927 740 1988 lens,
775 1936 829 1980 et
859 1929 1065 1984 honore
1099 1931 1388 2000 praaditum
1413 1947 1634 1996 aurum,
1667 1948 1775 1989 una
1810 1949 1934 1987 cum
1966 1935 2174 2004 magni-

2283 1932 2516 2001 σάμενος
2547 1931 2747 2000 στάχυν
2793 1931 3016 2001 ὡραῖον,
3051 1930 3298 1983 πλεκέτω
3332 1929 3593 1998 στέφανον
3635 1930 3721 1982 ὅτι
3747 1931 3867 1999 ῆδις-

601 2016 716 2070 licis
752 2017 1070 2072 nominibus
1113 2029 1508 2090 contemptum,
1545 2033 1708 2090 atque
1741 2025 1797 2076 in
1827 2022 2057 2077 eﬂ‘usam
2093 2023 2171 2077 l'u-

2283 2038 2427 2086 στον,
2459 2023 2492 2090 ἠ
2503 2020 2723 2092 μερίδας
2745 2038 2804 2073 τε
2833 2021 2962 2091 περὶ
2995 2019 3238 2089 κεφαλῆς
3258 2020 3516 2089 ὲγειρέτω
3544 2018 3654 2089 (82)
3687 2020 3866 2088 κισσῷ

597 2121 718 2172 gam
765 2105 1038 2174 ajustitia
1087 2118 1180 2164 tua
1228 2125 1718 2170 conversumzres
1771 2128 1905 2168 sane
1959 2129 2068 2166 una
2111 2129 2174 2168 ex

2279 2109 2602 2172 διαπλόκους
2651 2111 2745 2162 καὶ
2784 2108 3025 2180 βότρυσι.
3068 2107 3349 2180 Γεωργὶας
3389 2107 3556 2160 ταῦτα
3607 2107 3861 2172 θαλύσια,

596 2196 852 2250 omnibus
897 2198 1180 2255 auditione
1221 2216 1285 2254 ac
1335 2201 1438 2256 fide
1481 2204 1790 2259 sublimior.
1837 2203 1980 2270 Quin
2017 2211 2178 2274 pocla

597 2298 814 2352 quoque
858 2287 1128 2356 quispiam
1175 2300 1340 2358 atque
1384 2300 1503 2345 arte
1553 2293 1781 2346 liberior
1818 2303 1881 2346 -et
1922 2293 2176 2356 solutior,

597 2374 960 2442 agricolarum
1005 2377 1174 2431 choro
1210 2387 1422 2440 coacto,
1455 2381 1720 2434 rusticum
1765 2396 1986 2436 carmen
2027 2383 2178 2436 acci-

597 2471 713 2524 nat,
763 2465 1124 2535 demessaque
1168 2479 1380 2522 matura
1411 2470 1584 2539 spica.
1627 2485 1790 2540 quam
1833 2470 2180 2538 jucundissi-

599 2567 741 2604 mam
783 2555 1045 2607 corollam
1097 2565 1300 2621 nectat,
1349 2559 1663 2629 'vitibusque
1712 2560 1912 2616 hedera
1960 2568 2014 2614 et
2057 2563 2179 2618 uvis

597 2641 910 2698 iutcrlcxtis
937 2653 1101 2713 caput
1135 2647 1341 2716 cingat.
1374 2647 1740 2718 Agriculturae
1770 2651 2028 2705 nimirum
2062 2653 2178 2708 haec

2282 2200 2370 2253 διὰ
2395 2198 2488 2251 σοῦ
2519 2198 2680 2252 πάλιν
2714 2199 3020 2270 ἀνθρώποις
3049 2196 3446 2266 ὲπενεχθούσης
3482 2195 3624 2266 (85)’
3659 2195 3862 2266 πέτραι

2282 2307 2342 2342 τε
2370 2289 2513 2357 γάλα
2560 2290 2818 2353 ναόντων,
2853 2289 2946 2342 καὶ
2984 2288 3104 2358 μέλι
3155 2289 3371 2359 κρῆναι,
3418 2288 3511 2340 καὶ
3555 2286 3719 2355 φυτὸν
3742 2286 3857 2357 (84)

2284 2381 2430 2434 ἅπαν
2461 2381 2687 2452 ἡμέροις
2720 2381 2940 2450 κομάτω
2966 2382 3214 2450 καρποῖς.
3247 2379 3543 2449 σύντροφόν
3571 2395 3630 2430 τε
3657 2377 3858 2447 ὁμοίως

2283 2469 2378 2522 καὶ
2399 2468 2576 2541 ὄρειον
2605 2469 2741 2539 (85)·
2771 2465 2861 2522 οἷα
2887 2469 2954 2522 τὰ
2985 2470 3094 2522 τῶν
3118 2468 3357 2539 ποιητῶν
3391 2468 3700 2537 πλάσματα,
3731 2468 3862 2520 ὅταν

2282 2560 2405 2614 τινά
2435 2561 2628 2614 ποιῶσι
2671 2560 3036 2632 χαριζομένην
3065 2561 3164 2630 τὴν
3193 2561 3314 2631 γῆν.
3345 2559 3532 2614 Ταῦτα
3568 2560 3688 2629 μὲν,
3721 2559 3862 2628 ὅπερ

2282 2651 2440 2722 ἔφην,
2488 2651 2753 2720 λεγόντων
2787 2669 2846 2704 τε
2895 2651 2987 2705 καὶ
3025 2650 3364 2704 πλαττόντων
3410 2650 3608 2720 ἕτεροι.
3649 2648 3722 2700 Τὸ
3748 2647 3860 2717 γὰρ

597 2733 791 2786 testiva
831 2747 989 2787 sacra
1029 2743 1180 2801 sunt,
1219 2745 1314 2791 tuo
1344 2738 1609 2793 beneﬂcio
1647 2755 1868 2794 rursum
1897 2740 1966 2796 ad
1997 2741 2174 2796 homi-

2281 2742 2481 2796 οἰκεῖον
2531 2742 2698 2805 ἅπαν,
2740 2742 2801 2796 οὐ
2845 2741 3020 2805 πιέζει
3053 2741 3232 2811 μόνον,
3273 2741 3349 2803 ὼς
3400 2743 3468 2811 τῇ
3527 2739 3666 2810 λύρᾳ.
3690 2739 3860 2802 δοκεῖ,

596 2840 694 2878 nes
741 2825 940 2881 allata}.
1005 2826 1188 2897 Rupes
1234 2829 1400 2882 etiam
1447 2829 1530 2883 lac
1575 2828 1829 2896 fundant,
1889 2839 1944 2886 et
1995 2833 2174 2886 fontes

2280 2830 2418 2886 ἀλλὰ
2443 2832 2536 2886 καὶ
2564 2832 2877 2904 εὐφραίνειν
2907 2831 3141 2902 μάλιστα
3171 2831 3435 2900 πέφυκεν.

597 2915 736 2972 mel:
783 2932 847 2971 ac
876 2922 1059 2985 planta
1105 2920 1308 2984 omnis,
1356 2929 1465 2975 tam
1533 2923 1706 2988 culta,
1748 2937 1914 2993 quam
1987 2924 2245 2995 agrestis,
2284 2925 2508 2979 mitibus
2553 2924 2823 2980 lructibus
2891 2923 3156 2979 redundet
3211 2941 3224 2976 :
3277 2919 3587 2990 cujusmodi
3648 2917 3861 2975 scilicet

597 3014 874 3072 poetarum
930 3010 1184 3080 ﬁgmenta
1227 3019 1377 3079 sunt,
1431 3028 1556 3067 cum
1602 3021 1806 3068 terram
1855 3016 2195 3086 benignitate
2251 3017 2430 3086 aliqua
2482 3024 2726 3072 utentem
2777 3017 3063 3071 inducunt.
3114 3014 3259 3089 llaec.
3311 3016 3557 3082 inquam,
3613 3020 3674 3066 ut
3721 3011 3857 3065 dixi.

595 3100 683 3152 alii
716 3116 847 3154 sane
879 3101 1064 3155 dicant
1085 3110 1139 3158 et
1171 3102 1448 3174 eﬂingant.
1489 3103 1700 3158 Etenim
1720 3120 1883 3161 omne
1934 3107 2011 3169 id.
2057 3108 2206 3178 quod
2268 3123 2543 3178 quemque
2591 3108 2811 3178 proprie
2862 3107 3084 3177 attingit
3140 3120 3249 3162 non
3296 3105 3475 3162 solum
3537 3102 3754 3174 premit,
3801 3111 3861 3155 ut

595 3189 789 3260 Lyrico
831 3193 1064 3258 videtur,
1094 3187 1190 3249 sed
1217 3195 1382 3250 etiam
1427 3211 1591 3266 quam
1627 3199 1864 3253 maxime
1895 3199 2174 3256 oblectare
2212 3201 2374 3258 solet.

669 3305 778 3374 ligo
819 3314 1023 3369 autem,
1054 3307 1200 3378 quod
1246 3307 1302 3361 in
1346 3310 1454 3363 tuis
1499 3310 1803 3366 virtutibus
1838 3311 2174 3382 singularem

2363 3312 2504 3381 Ἐγὼ
2546 3312 2601 3364 δὲ
2633 3311 2661 3364 ὃ
2702 3310 3063 3380 διαφερόντως
3109 3309 3216 3364 τῶν
3259 3308 3366 3362 σῶν
3410 3307 3621 3378 ἄγαμαί
3666 3323 3724 3358 τε
3764 3307 3861 3359 καὶ

595 3399 648 3452 in
685 3400 902 3453 modum
939 3399 1179 3455 admiror
1225 3409 1388 3472 atque
1433 3403 1755 3470 amplector,
1813 3402 1917 3456 hoc
1955 3402 2173 3464 dicam;

2277 3403 2614 3472 ἀσπάζομαι,
2638 3401 2796 3454 τοῦτο
2821 3402 2931 3472 ἐρῶ
2951 3417 2964 3432 ·
2994 3401 3074 3454 ὃτι
3099 3401 3202 3470 τῆς
3227 3398 3321 3452 τοῦ
3349 3398 3540 3466 καιροῦ
3569 3397 3859 3458 δυσκολίας

595 3492 850 3543 nimirum
883 3492 1028 3560 quod
1063 3494 1325 3562 temporis
1353 3493 1671 3547 diﬂicultatc
1709 3509 1772 3547 ac
1801 3493 2050 3548 molestia
2082 3508 2174 3548 su-

2277 3497 2564 3568 κρείττονα
2615 3495 2841 3546 σεαυτὸν
2907 3494 3186 3564 παρέχεις.
3229 3491 3428 3560 Ἕλλην
3477 3489 3576 3559 μὲν
3628 3487 3702 3540 ὢν
3757 3488 3858 3558 τὴν

596 3581 898 3636 hlimiorem
932 3588 986 3635 te
1016 3583 1280 3651 prtebeas.
1309 3582 1445 3636 Nam
1495 3600 1622 3638 cum
1663 3585 1924 3654 religione.
1954 3584 2173 3654 gentilis

2277 3583 2595 3656 θρησκείαν,
2631 3583 2724 3636 καὶ
2771 3581 2849 3651 τῷ
2882 3582 3108 3651 παρόντι
3143 3579 3335 3651 κράτει
3375 3579 3445 3631 τὰ
3483 3578 3576 3631 τοῦ
3621 3579 3860 3650 κράτους

594 3673 694 3736 sis,
743 3687 807 3725 ac
853 3673 1109 3744 praesenti
1155 3675 1469 3743 imperatori
1508 3689 1572 3727 ca
1613 3689 1734 3742 quae
1786 3683 1914 3728 sunt
1961 3675 2174 3743 imperii

2277 3673 2742 3745 ὐπηρετούμενοςο
2792 3671 3229 3742 ὑπηρετούμενος
3262 3671 3318 3724 δὲ
3355 3668 3491 3739 (86),
3524 3671 3621 3738 οὐχ
3665 3669 3766 3723 ὅσα
3803 3675 3857 3726 οι

595 3770 822 3830 prtestcs
852 3780 864 3814 :
899 3777 1004 3815 non
1040 3770 1223 3816 tamen
1268 3765 1340 3817 ita
1379 3763 1481 3832 ipsi
1517 3764 1771 3827 inscrvis,
1809 3772 1866 3815 ut
1912 3764 2176 3832 temporis

592 3854 932 3915 adulatores,
971 3853 1064 3908 sed
1093 3855 1171 3907 'ut
1203 3853 1260 3916 ii,
1307 3855 1398 3923 qui
1451 3854 1737 3924 probitatis
1782 3861 1836 3906 (σι
1870 3851 2174 3912 honestatis

591 3944 758 3998 amici
796 3955 945 4003 sunt.
975 3945 1192 4012 altaque
1221 3953 1274 3997 et
1315 3945 1536 3999 excelsa
1567 3951 1748 3999 mente
1796 3945 2007 4014 praediti
2043 3963 2056 3998 :
2091 3951 2174 3997 at-

591 4049 701 4102 que
735 4034 808 4086 ita
862 4033 1204 4089 adulatorum
1255 4035 1452 4088 servile
1499 4035 1825 4103 obsequium
1878 4036 2170 4097 abltorres,

595 4124 790 4194 patriae
837 4133 1018 4178 autem
1054 4124 1490 4178 benevolentiam
1519 4140 1730 4188 servas,
1777 4124 2172 4178 immortalem-

593 4231 702 4285 que
741 4215 795 4269 in
828 4232 887 4269 re
915 4216 1127 4268 mortali
1162 4215 1390 4281 gloriam
1436 4217 1813 4284 consequeris.
1859 4213 2003 4280 Quin
2042 4215 2173 4268 illud

593 4306 759 4358 etiam
806 4305 860 4357 in
911 4315 1127 4358 tuarum
1165 4303 1383 4357 laudum
1438 4320 1668 4358 numero
1717 4305 2028 4372 ponendum
2067 4311 2171 4369 est,

2271 3763 2365 3818 τοῦ
2399 3763 2593 3834 καιροῦ
2646 3763 2898 3826 κόλακες,
2948 3762 3062 3815 ἀλλ’
3099 3763 3195 3814 ὅσα
3244 3761 3298 3813 οἱ
3340 3759 3435 3813 τοῦ
3487 3759 3651 3813 καλοῦ
3684 3761 3854 3828 φίλοι,

2272 3854 2367 3906 καὶ
2401 3852 2800 3923 μεγαλόφρονες
2824 3868 2837 3882 ·
2876 3852 2970 3904 καὶ
3016 3851 3123 3904 τῶν
3158 3851 3256 3920 μὲν
3293 3850 3392 3919 τὴν
3423 3849 3718 3920 θεραπείαν
3745 3850 3855 3916 άφ-

2272 3941 2588 4010 οσιούμενος
2630 3939 2764 4011 (87),
2794 3939 2976 4010 τηρῶν
3013 3938 3073 3991 δὲ
3116 3941 3182 4008 τῇ
3219 3936 3437 4008 πατρίδι
3479 3938 3576 4006 τὴν
3617 3935 3854 4001 εὔνοιαν,

2274 4033 2368 4086 καὶ
2397 4030 2662 4083 ἀθάνατον
2684 4030 2741 4081 ὲν
2775 4028 2954 4100 θνητῷ
2983 4029 3268 4099 πράγματι
3297 4028 3395 4097 τὴν
3422 4026 3578 4090 δόξαν
3609 4025 3850 4096 καρπου-

2278 4139 2457 4194 μενος.
2479 4121 2718 4173 Κάκεῖνο
2741 4121 2796 4173 δέ
2820 4136 2912 4172 σου
2937 4117 3044 4171 τῶν
3064 4117 3386 4179 ἐπαινετῶν,
3408 4118 3490 4169 ὅτι
3516 4118 3610 4169 καὶ
3632 4117 3781 4186 φιλία
3800 4133 3853 4167 τι

2276 4210 2461 4279 νέμεις
2491 4208 2670 4272 αἰδοῦς
2691 4211 2750 4261 ὲν
2766 4206 3002 4276 τοσούτῳ
3018 4207 3117 4275 τῆς
3134 4207 3307 4277 ἀρχῆς
3335 4208 3484 4275 ὄγκῳ
3499 4223 3513 4237 ·
3537 4208 3629 4257 καὶ
3658 4204 3854 4274 σχολὴν

2279 4299 2430 4367 άγεις
2457 4299 2564 4351 ἀπὸ
2586 4297 2853 4350 τοσούτων
2877 4289 2951 4348 ὧν
2991 4296 3272 4366 πράττεις,
3309 4296 3382 4365 μὴ
3425 4292 3731 4364 μεμνῆσθαι
3756 4293 3854 4362 μό-

593 4394 740 4463 quod
801 4395 854 4446 in
905 4401 1056 4446 tanta
1085 4395 1185 4462 12
1219 4394 1431 4463 imperii
1479 4394 1868 4463 amplitudine,
1918 4394 2174 4447 amicitiae

2279 4406 2389 4449 vov.
2426 4389 2559 4441 ἀλλὰ
2584 4389 2675 4441 καὶ
2702 4388 2865 4456 τιμᾷν
2885 4385 2974 4438 διὰ
2995 4385 3338 4456 γραμμάτων
3367 4385 3494 4446 τοὺς
3521 4383 3725 4451 φίλους.
3758 4384 3851 4436 καὶ

595 4500 813 4554 quoque
861 4484 1066 4551 aliquid
1123 4486 1441 4538 reverentiae
1493 4486 1733 4552 tribuis;
1788 4501 1852 4539 ac
1898 4485 1991 4539 tibi
2033 4501 2063 4537 a
2095 4493 2174 4539 tot

2277 4476 2367 4528 τὸν
2399 4476 2563 4529 πόθον
2606 4475 2908 4546 ὁμολογεῖν,
2953 4475 3046 4528 καὶ
3075 4474 3210 4544 πρὸς
3242 4473 3430 4527 ἑαυτὸν
3480 4475 3659 4528 ἕλκειν
3693 4474 3852 4528 ἀπόν·

691 4718 780 4786 76)
805 4717 1038 4787 Κρίνειν
1058 4735 1120 4771 τε
1147 4717 1353 4788 ἱκανὸς
1377 4718 1584 4787 λόγον.
1612 4717 1746 4774 Male
1771 4719 1932 4773 vertit
1952 4717 2167 4788 Billius,

590 4789 940 4860 judicium‘de
956 4787 1257 4860 rationibus
1283 4788 1614 4860 [erre_poles.

667 4859 777 4938 (77)
809 4855 1012 4927 Τὸμὲν
1057 4858 1262 4911 αὐτοῦ.
1287 4855 1365 4911 Ita
1411 4856 1576 4928 Regg.
1616 4859 1744 4912 duo.
1795 4857 1852 4911 In
1891 4856 1977 4911 ed.
2015 4857 2171 4911 dcest

597 4946 781 4981 αυτου.

668 4998 780 5065 (78)
815 4997 1090 5065 Στά-θμην
1138 4997 1396 5061 ἐκείνην.
1449 4997 1525 5050 Ita
1569 4997 1699 5063 Reg.
1760 5011 1919 5049 unus.
1969 4997 2027 5050 ln
2077 4995 2165 5065 ed.

597 5064 749 5119 deest
779 5064 1012 5134 ἐκείνην.
1054 5066 1126 5120 Dc
1157 5065 1379 5119 Eumelii
1411 5069 1567 5135 equis
1597 5069 1741 5119 velut
1772 5065 1838 5117 ad
1875 5064 2168 5135 perpendi-

595 5137 783 5233 culgln;
827 5133 976 5204 tergo
1023 5135 1294 5190 similibus
1347 5133 1473 5189 vider
1515 5135 1830 5197 llomeruut,
1887 5133 2043 5188 Iliad.
2103 5133 2165 5195 Β,

599 5222 648 5258 v.
685 5204 804 5257 765.

670 5275 719 5337 (⁵7
727 5276 779 5338 9)
797 5274 997 5343 Ἄλλοι
1013 5272 1079 5323 τὸ
1102 5272 1376 5343 σεερρόν.
1390 5272 1466 5343 Ita
1484 5271 1652 5343 chg.
1677 5273 1881 5342 plures.
1901 5271 2000 5343 Ed.
2027 5271 2168 5343 male

595 5342 742 5395 ἄλλοι
767 5343 823 5394 δὲ
848 5342 908 5394 τὸ
933 5341 1224 5412 αὐστηρόν,
1255 5343 1400 5409 quod
1449 5341 1640 5397 Billiu's
1672 5341 1856 5406 vertit,
1896 5341 1996 5394 alii
2043 5342 2166 5394 item

595 5414 939 5466 severitatem.

667 5479 778 5550 (80)
811 5480 920 5531 Kal
956 5479 1041 5532 τό.
1079 5478 1153 5550 lta
1195 5477 1368 5550 Regg.
1403 5478 1604 5547 plures,
1641 5487 1696 5535 et
1743 5479 1830 5532 ed.
1876 5478 1940 5532 ad
1987 5493 2162 5550 marg.

595 5548 731 5602 Male
761 5549 812 5602 in
844 5556 990 5602 textu
1026 5548 1120 5602 καὶ
1151 5547 1249 5618 τῷ.

665 5618 776 5688 (ει)
815 5618 1124 5688 ν’Λγροικρν
1153 5615 1498 5688 προσᾳᾲδέτω
1513 5632 1629 5670 σοι.
1652 5618 1727 5669 Ita
1755 5615 1921 5688 chg.
1957 5617 2161 5686 plures.

597 5683 696 5739 Ed.
721 5683 859 5739 male
897 5685 1122 5754 ἁγρικὸν
1160 5683 1594 5757 προσᾳδέτωσαν,
1626 5688 1721 5741 sed
1768 5683 2162 5756 ad't'uargiuem

2275 4715 2477 4786 habent
2517 4715 2831 4786 προσᾳδέτω
2869 4731 2972 4786 σοι.

2345 4785 2464 4857 (82)-
2495 4783 2631 4850 Περὶ
2673 4783 2944 4857 κεφαλῆς
2986 4783 3271 4853 emptam.
3326 4783 3457 4856 Reg.
3503 4802 3647 4843 unus
3709 4787 3850 4857 ὑπὲρ

2273 4854 2512 4926 κεφαλῆς
2528 4854 2850 4926 γάγειρέσω,
2870 4865 3212 4926 super_caput
3236 4854 3525 4926 cougrégct.

2344 4924 2456 4990 (85)
2501 4923 2995 4992 Ἐπενεχθούσης.
3025 4923 3172 4994 R--gii
3208 4923 3392 4994 plures
3419 4923 3848 4996 ἐπανελθούσης,

2272 5007 2510 5046 τεῖνεν-σαι.

2343 5062 2454 5131 (84)
2481 5059 2591 5133 [fui
2642 5062 2850 5133 φυτόν.
2905 5061 2982 5114 Ita
3021 5061 3212 5133 (Regg.
3267 5075 3524 5133 quatuor.
3565 5072 3619 5119 et
3651 5063 3738 5118 ed.
3776 5063 3842 5119 ad

2271 5129 2443 5201 marg.
2481 5129 2702 5201 Maiejn
2732 5140 2904 5201 textu,
2936 5132 3028 5184 καί
3057 5129 3243 5201 φησιν.

2341 5194 2577 5270 (85)Καὶ
2608 5198 2817 5271 όρειον.
2852 5194 3277 5271 Ιιεινιιρειζλτςε.
3314 5201 3410 5256 Ed.
3447 5205 3584 5258 male
3607 5203 3660 5257 in
3693 5211 3842 5257 textu

2269 5269 2664 5342 ὥριμονζψκιε
2687 5270 2947 5342 etiamad
2991 5269 3164 5342 marg.
3197 5269 3384 5340 ὥριον.

2341 5336 2452 5408 (86)
2492 5336 2566 5390 Τὰ
2609 5340 2715 5409 τοῦ
2748 5337 3010 5409 ,κράτους
3057 5336 3536 5409 ὐπηρεὲούμενος
3561 5359 3576 5372 ο
3626 5343 3844 5409 ὑπηρε-

2268 5406 2553 5478 τούμένος
2607 5407 2693 5461 δέ.
2747 5406 2820 5460 Ita
2866 5406 3030 5478 Regg.
3066 5409 3266 5475 plures.
3303 5406 3369 5464 lu'
3391 5411 3476 5467 ed.
3509 5411 3663 5465 deest
3690 5406 3842 5478 prius

2267 5476 2724 5530 ὕπηοετούμενος.

2421 5493 2538 5528 ετου
2549 5493 2724 5532 μενος.

2770 5545 2884 5612 τὴν
2897 5546 3214 5611 θεραπείαν
3233 5548 3690 5617 ἀφοσιούμενος.
3709 5548 3842 5602 Male

2265 5613 2442 5671 vertit
2464 5613 2672 5678 Billius,
2715 5616 3021 5686 imperatori
3053 5613 3286 5685 quidam'
3322 5613 3657 5686 defunctorie
3695 5619 3824 5672 obse-

2266 5685 2482 5750 aum‘s;
2513 5700 2620 5738 non
2658 5687 2801 5739 enim
2833 5682 2976 5739 istud
3008 5682 3122 5740 viro
3161 5687 3306 5740 laudi
3335 5682 3569 5743 cederet.
