4158 6430
229 1037 241 1080 l

307 429 381 485 «13
1688 430 2022 487 EPISTOLA
2065 428 2197 485 XVT.
3508 429 3575 483 59

310 546 406 598 καὶ
449 543 598 599 οὕτω
651 545 848 611 πολλὰς
891 547 1114 612 ἐλπίδας
1157 548 1264 619 ἔχω
1314 547 1390 620 μὴ
1432 549 1900 620 διαμαρτήσεσθαι

2006 551 2292 620 probitatis
2323 550 2543 605 nomine
2567 549 2834 619 insignem
2859 556 2918 606 ct'
2945 548 3204 604 nobilem.
3232 546 3372 601 Illud'
3394 555 3572 600 autem

309 649 406 686 σου
432 635 547 705 (51)
583 638 714 708 περὶ
741 631 816 691 ὧν
845 639 1006 702 αὐτὸς
1035 640 1400 710 ἐπρέσϐευσα.

2010 643 2106 696 tibi
2138 643 2417 712 polliceor,
2454 643 2499 698 si
2527 642 2736 698 diutius
2757 657 2880 696 cum
2906 643 2986 698 eis
3019 640 3272 704 verseris,
3301 655 3364 694 ac
3395 639 3571 709 philo-

303 730 521 798 sophiae
578 732 826 801 ipsorum
880 734 1272 790 sublimitatem
1309 735 1646 806 perspicias,
1694 734 1809 790 fore
1840 743 1900 788 ut
1937 736 2050 805 ipse
2080 752 2178 806 pro
2211 737 2322 792 illis
2350 737 2490 791 alios
2541 736 2872 807 depreceris.
2900 733 3085 804 Usque
3140 733 3274 788 adeo
3325 731 3573 786 moribus

302 822 420 876 tuis
451 824 704 889 confido,
739 840 805 880 ac
850 833 960 879 tam
993 826 1264 896 ingentem
1300 842 1453 898 spem
1488 827 1682 890 habeo,
1715 842 1799 882 me
1830 827 1898 882 de
1933 827 2000 882 iis
2028 829 2216 892 rebus,
2261 830 2329 884 de
2363 828 2563 898 quibus
2597 835 2774 882 tecum
2806 841 2928 897 ago,
2963 827 3232 896 repulsam
3267 841 3298 879 a
3353 832 3406 879 te
3469 823 3574 875 mi-

297 913 357 966 ai
366 929 456 969 me
485 915 760 972 laturum.

371 1047 501 1114 ις’.
537 1045 831 1120 ΕΥΣΕΒῙῼ
859 1049 1209 1122 ΕΠΙΣΚΟΠῼ
1242 1051 1652 1104 ΚΑΙΣΑΡΕΙΛΣ
1683 1050 1817 1108 (521.

2142 1046 2282 1102 XVI.
2324 1045 2624 1103 EUSEB‘IO
2666 1043 3001 1102 EPISCOPU
3040 1044 3428 1101 CIESAREAE.

375 1177 517 1232 ﬂare
536 1180 763 1247 epistola
793 1190 843 1235 et
864 1192 1132 1246 sequentes
1164 1193 1442 1238 versantur
1468 1185 1613 1239 circa
1639 1184 2019 1239 dissensionem
2060 1182 2199 1234 inter
2241 1177 2525 1230 Eusebium
2555 1176 2935 1247 Ctesiariensem
2977 1182 3029 1229 et
3075 1175 3357 1230 Basilium.
3408 1176 3573 1243 Cuius

294 1245 664 1317 dissensionis
689 1266 912 1304 causam
932 1245 1056 1306 licet
1093 1251 1377 1317 Gregorius
1411 1264 1604 1317 taceat,
1634 1272 1739 1308 non
1765 1255 1877 1308 alia
1908 1269 2019 1307 esse
2046 1250 2270 1312 videtur,
2300 1264 2457 1317 quam
2487 1249 2624 1312 quod
2649 1246 2842 1317 Basilii
2864 1245 3009 1314 [atria
3033 1262 3095 1298 ac
3125 1261 3359 1317 summus
3382 1247 3575 1317 ingenii

291 1327 348 1391 et
383 1315 656 1391 doctrina:
684 1319 933 1388 splendor
967 1321 1145 1376 oculos
1180 1315 1392 1376 Eusebii
1423 1315 1654 1378 (reserat.
1687 1324 1973 1387 Basilium,
2005 1321 2092 1391 qui
2124 1336 2183 1372 eo
2214 1315 2320 1387 ipsi
2343 1317 2556 1391 citerior
2580 1332 2695 1391 esse
2723 1315 3006 1391 debuisset,
3037 1330 3139 1391 quo
3173 1316 3346 1384 magis
3366 1315 3481 1368 eum
3520 1317 3574 1391 in

296 1387 527 1457 ferendo
553 1385 890 1457 episcopatus
916 1407 1070 1445 onere
1098 1392 1323 1455 levabat.
1355 1393 1420 1445 ab
1448 1393 1700 1448 Ecclesia:
1729 1385 2197 1447 administratione
2227 1385 2332 1441 non
2357 1388 2468 1439 sine
2497 1386 2786 1457 ignominia
2811 1387 3047 1457 removit.
3078 1385 3458 1457 Ducemsuum
3492 1389 3574 1439 sic

294 1455 516 1532 injuria
555 1455 810 1532 a/fectum
840 1462 1082 1514 monachi
1114 1461 1466 1516 Cwsarienses
1497 1463 1636 1532 ferre
1662 1480 1764 1516 non
1787 1471 2092 1532 potuerunt,
2125 1457 2214 1512 sed
2245 1458 2427 1510 statim
2458 1455 2656 1508 audaci
2690 1456 2927 1532 facinore
2954 1455 3028 1532 ab.
3063 1456 3293 1532 episcopi
3331 1471 3571 1532 commu-

295 1522 464 1609 nione
496 1522 742 1609 recedere
778 1537 1042 1609 statuunt,
1081 1522 1593 1609 secumquenpariem
1623 1522 1798 1600 plebis.
1828 1522 2525 1609 etﬁhonoratorumlpartem
2568 1541 2669 1579 non
2693 1522 2943 1593 exiguam
2976 1522 3572 1609 abstrahuntsEusebio

294 1596 523 1671 cedens,
569 1614 634 1671 ne
657 1600 742 1671 s_ui
771 1613 936 1654 causa
972 1595 1303 1671 laceraretur
1334 1595 1592 1657 Ecclesia:
1620 1595 1840 1671 corpus.
1865 1601 2102 1671 Basilius
2135 1615 2284 1671 cuni_
2300 1595 2550 1671 Gregorio
2583 1610 2703 1655 suo.
2749 1610 2906 1671 eoque
2945 1610 3174 1671 secessus
3209 1601 3574 1671 auctorauua

291 1665 547 1735 profugit
575 1667 628 1720 in
660 1665 913 1732 Pontum,
947 1685 1084 1723 anno
1111 1670 1238 1731 563,
1271 1680 1328 1723 ut
1361 1681 1532 1725 censet
1562 1664 1953 1732 Tillemontius,
1990 1670 2069 1724 vel
2089 1685 2228 1722 anno
2254 1666 2358 1721 564
2387 1664 2624 1725 exeunte,
2658 1675 2747 1716 aut
2775 1665 2932 1718 etiam
2962 1667 3185 1735 ineunte
3209 1664 3333 1725 365,
3356 1674 3417 1735 ut
3443 1666 3574 1717 con-

297 1733 482 1809 teudit
521 1746 704 1790 noster
736 1736 1060 1809 Prudentius
1089 1736 1370 1794 Mdranus.
1407 1741 1538 1795 Inde
1570 1758 1803 1796 reversus
1833 1741 2114 1809 Gregorius
2148 1737 2212 1790 ad
2244 1745 2546 1791 conventus
2575 1735 2888 1802 spirituales
2910 1742 2963 1809 et
2991 1733 3223 1809 concilia
3253 1735 3318 1809 alr
3341 1733 3575 1809 Eusebio

294 1806 644 1880 vocabatur;
678 1807 900 1880 negabat
951 1821 1124 1864 autem
1173 1827 1249 1880 se,
1289 1809 1481 1880 absque
1531 1812 1739 1866 Basilio
1794 1802 2090 1873 venturum,
2151 1817 2305 1877 atque
2360 1816 2415 1859 ut
2478 1803 2931 1880 revocaretur‘ab
2986 1802 3236 1880 Eusebio”
3268 1803 3568 1880 ﬂagitabat.

291 1874 576 2011 ἒῗέιιέιιῃιο
614 1871 883 1944 pollicitus
948 1879 1060 1948 {ore
1119 1889 1177 1932 ut
1213 1871 1481 1934 Basiliam
1531 1883 1663 1952 ipse,
1725 1882 1862 1936 velut
1894 1871 2105 1951 umbra:
2156 1871 2392 1943 corpora,
2451 1884 2768 1946 sequeretur.
2816 1873 2984 1944 Atque
3036 1873 3146 1928 haec
3194 1871 3473 1944 Gregorius
3518 1875 3572 1928 in

389 1962 413 1996 s
445 1962 540 1999 o.a
568 1962 677 2001 xvr.

481 1963 540 1999 :a
568 1963 677 2001 XVI.

389 2081 617 2152 Ἐπειδὴ
663 2083 799 2153 πρὸς
846 2084 1013 2155 ἄνδρα
1049 2085 1312 2157 ποιοῦμαι
1355 2089 1480 2154 τοὺς
1519 2091 1732 2160 λόγους,
1774 2090 1897 2144 οὔτε

2071 2090 2340 2157 Quoniam
2378 2090 2512 2144 mihi
2562 2104 2685 2143 cum
2715 2103 2784 2144 eo
2831 2087 2949 2143 viro
2994 2103 3175 2142 sermo
3204 2094 3308 2152 est,
3350 2087 3443 2157 qui
3475 2104 3575 2143 nec

303 2169 619 2236 ἀγαπῶντα
654 2172 714 2224 τὸ
736 2173 948 2242 ψεῦδος,
980 2176 1074 2228 καὶ
1100 2176 1159 2229 τὸ
1190 2177 1250 2230 ἐν
1287 2178 1461 2249 ἑτέρῳ
1487 2182 1738 2251 φωρᾶσαι
1763 2181 1898 2234 πάν-

2003 2183 2118 2253 ipse
2146 2183 2490 2236 mendacium
2527 2191 2689 2243 amet,
2711 2189 2766 2234 et
2804 2181 2870 2233 ad
2903 2181 3049 2235 istud
3099 2181 3153 2232 in
3185 2181 3356 2234 altero
3385 2181 3576 2248 depre-

305 2275 424 2310 των
451 2258 729 2325 ὀξύτατον,
765 2263 867 2316 κᾶν
896 2265 977 2316 ὃτι
1007 2265 1245 2333 μάλιστα
1278 2271 1462 2336 σοφοῖς
1491 2268 1756 2338 πλέκηται
1787 2270 1898 2337 (⁸55)

2003 2270 2346 2325 hendendum
2419 2269 2666 2323 homines
2732 2282 2927 2321 omnes
2997 2267 3250 2322 acumine
3318 2275 3575 2337 superet,

306 2348 408 2400 καὶ
457 2351 725 2416 ποικίλοις
770 2355 883 2415 τοῖς
921 2353 1281 2426 λαϐυρίνθοις
1325 2357 1461 2428 πρὸς
1493 2359 1569 2422 δὲ,
1605 2359 1723 2411 οὐδὲ
1752 2359 1900 2429 αὐτῷ

2003 2361 2352 2432 quantumvis
2376 2360 2532 2416 scitis
2552 2366 2607 2414 et
2644 2358 2810 2413 variis
2843 2357 3170 2428 Iabyrinthis
3197 2357 3521 2412 obvolvatur
3556 2375 3572 2390 ·

309 2458 408 2510 μοι
443 2441 600 2510 φίλον
640 2443 700 2496 τὸ
738 2447 986 2515 τεχνικὸν
1025 2448 1326 2518 (εἰρήσεται
1365 2447 1473 2518 γὰρ
1514 2449 1619 2502 κᾶν
1717 2466 1900 2520 φορτι-

2003 2461 2166 2522 atque
2197 2451 2422 2518 insuper
2448 2465 2550 2504 nec
2580 2449 2711 2503 mihi
2742 2450 2958 2519 quidem
2995 2448 3155 2502 lucus
3192 2456 3246 2502 et
3279 2449 3572 2503 artificium

305 2532 607 2604 κὼτερον),
657 2537 923 2604 πεφυκότι
955 2556 1014 2592 τε
1048 2539 1190 2594 οὕτω
1237 2541 1330 2593 καὶ
1368 2539 1696 2610 τυπουμένῳ
1744 2539 1896 2610 παρά

2003 2545 2176 2614 placet
2241 2541 2466 2610 (dicam
2539 2541 2722 2603 enim,
2777 2539 2882 2595 etsi
2937 2539 3225 2594 molestius
3272 2541 3404 2607 sit),
3461 2546 3575 2592 tum

305 2629 407 2679 τοῦ
452 2627 636 2695 λόγου,
683 2627 770 2681 διά
810 2629 967 2682 τοῦτο
1009 2631 1206 2702 γράφω
1239 2632 1308 2685 τὰ
1353 2633 1751 2703 παριστάμενα.
1789 2633 1896 2685 Καί

2003 2651 2029 2690 a
2080 2644 2276 2688 natura
2320 2633 2394 2686 ita
2444 2639 2793 2701 comparato,
2838 2638 2953 2684 tum
3005 2645 3035 2683 a
3076 2628 3358 2701 Scriptura
3407 2630 3578 2684 infor-

308 2733 416 2786 μου
448 2717 601 2782 δέξαι
628 2718 726 2789 τὴν
761 2719 1095 2790 παρρησίανο
1127 2721 1160 2791 ἢ
1208 2722 1490 2793 ἀδικήσεις
1517 2740 1582 2792 γε
1623 2723 1722 2792 τῆς
1763 2722 1896 2793 ἀλη-

305 2809 489 2874 θείας,
530 2809 602 2862 τὰ
629 2810 727 2880 τῆς
757 2811 1069 2884 ἐλευθερίας
1101 2812 1211 2883 (54)
1241 2814 1580 2885 ἀποστερῶν,
1613 2813 1707 2867 καὶ
1735 2815 1899 2881 ἀναγ-

305 2902 503 2968 κάζων
550 2905 608 2956 ἐν
652 2903 875 2974 ἐμαυτῷ
919 2904 1171 2974 κατέχειν
1221 2905 1319 2977 τὴν
1357 2905 1522 2959 ὠδῖνα
1557 2905 1658 2975 τῆς
1700 2904 1896 2976 λύπης,

307 2991 509 3062 ὥσπερ
535 3010 588 3045 τι
611 2994 824 3064 νόσημα
848 2993 1083 3048 ὓπουλον
1110 2995 1206 3049 καὶ
1233 2995 1523 3066 κακόηθες.
1559 2994 1702 3063 Ἐγὼ
1723 2994 1898 3066 χαίρω

308 3082 414 3152 μὲν
458 3084 564 3135 ύπδ
601 3082 694 3136 σοῦ
731 3084 1041 3155 τιμώμενος
1086 3084 1266 3156 (εἴπερ
1298 3084 1583 3157 ἄνθρωπός
1631 3086 1768 3156 είμι,
1805 3085 1899 3139 τοῦ

306 3175 712 3245 προειρηκότος
743 3174 855 3245 (⁵55)
890 3177 918 3228 ὁ
948 3176 1146 3246 λόγος),
1197 3177 1291 3229 κα)⁸
1337 3176 1670 3246 καλούμενος
1715 3176 1807 3230 ἐπί
1840 3193 1899 3230 τε

310 3261 576 3325 συνόδους
607 3263 704 3314 καὶ
732 3263 1022 3330 συλλόγους
1049 3265 1451 3328 πνευματικούς
1475 3263 1607 3334 ('56).
1646 3264 1718 3317 Ού
1752 3264 1900 3336 φέρω

308 3351 370 3406 δὲ
403 3353 508 3422 τὴν
539 3353 913 3423 γεγενημένην
943 3352 1097 3424 ὓϐριν
1119 3353 1196 3424 τῷ
1223 3354 1537 3425 τιμιωτάτῳ
1556 3355 1767 3426 ἀδελφῷ
1793 3356 1899 3410 Ba-

314 3442 528 3512 σιλείῳ,
552 3442 648 3496 καὶ
675 3442 967 3520 γινομένην
998 3442 1077 3494 ἔτι
1099 3442 1250 3513 παρὰ
1273 3444 1370 3513 τῆς
1393 3445 1490 3515 σῆς
1517 3444 1822 3512 εὐλαϐείας,
1841 3445 1901 3498 ὃν
1927 3434 1970 3492 C

315 3533 418 3586 καὶ
445 3531 560 3601 βίου
591 3532 685 3584 καὶ
715 3530 873 3600 λόγου
901 3528 1174 3595 κοινωνὸν,
1203 3531 1416 3602 καὶτῆς
1438 3532 1779 3603 ὑψηλοτάτης
1809 3551 1900 3602 φι-

315 3621 581 3691 λοσοφίας
617 3621 842 3693 εἱλόμην
869 3639 928 3674 τε
958 3621 1233 3694 ἀπαρχῆς,
1264 3622 1359 3674 καὶ
1394 3621 1488 3675 νῦν
1517 3622 1645 3693 ἔχω’
1687 3623 1781 3677 καὶ
1807 3625 1902 3676 οὑ-

318 3715 414 3768 δέν
455 3714 677 3786 ἐμαυτῷ
722 3715 1008 3787 μέμφομαι
1039 3717 1138 3786 τῆς
1164 3717 1249 3768 ἐπ’
1279 3715 1426 3786 αὐτῷ
1461 3715 1714 3788 κρίσεως.
1749 3715 1903 3770 Οὕτω

321 3804 434 3874 γὰρ
472 3807 646 3859 είπεῖν
689 3805 1073 3878 μετριώτερον,
1121 3807 1208 3860 ἵνα
1256 3807 1330 3878 μὴ
1371 3807 1609 3878 ἐμαυτὸν
1656 3809 1902 3861 ἐπαινεῖν

320 3894 480 3961 δόξω,
515 3897 584 3949 τὰ
616 3899 824 3950 ἐκείνου
859 3898 1175 3968 θαυμάζων.
1218 3899 1289 3950 Σὺ
1316 3898 1372 3950 δέ
1403 3916 1493 3970 μοι
1519 3898 1695 3962 δοκεῖς
1730 3901 1902 3952 ποιεῖν

323 3988 727 4059 παραπλήσιον,
776 3989 867 4043 τὸν
920 3989 1020 4060 μὲν
1067 3989 1368 4060 ἀτιμάζων,
1419 3991 1595 4061 τιμῶν
1643 3990 1700 4044 δέ
1733 3991 1900 4062 ἡμᾶς,

323 4069 517 4146 ὥσπερ
546 4078 608 4130 ἂν
632 4079 686 4130 εἴ
724 4095 808 4141 τις
840 4079 958 4141 ἐνὸς
983 4080 1177 4151 ἀνδρὸς
1214 4083 1278 4151 τῇ
1315 4081 1411 4151 μὲν
1436 4082 1546 4136 τῶν
1574 4081 1772 4154 χειρῶν
1803 4099 1903 4135 κα-

319 4161 558 4232 ταψήχοι
588 4166 698 4234 (37)
732 4167 830 4233 τὴν
869 4168 1133 4237 κεφαλὴν,
1157 4171 1224 4238 τῇ
1247 4169 1301 4221 δὲ
1333 4170 1478 4222 παίοι
1513 4171 1611 4241 τὴν
1639 4173 1898 4242 παρειάν’

322 4248 360 4321 ἢ
403 4255 499 4306 καὶ
529 4254 812 4324 θεμελίους
835 4257 1094 4309 ὑποσπῶν
1119 4259 1316 4321 οἰκίας,
1346 4259 1748 4331 διαζωγραφοίη
1779 4265 1905 4325 τοὺς

324 4345 565 4416 τοίχους,
593 4347 687 4398 καὶ
715 4346 1050 4411 καλλωπίζοι
1093 4348 1162 4401 τὰ
1206 4348 1424 4412 ἔξωθεν.
1474 4350 1542 4402 El
1575 4367 1628 4404 τι
1661 4347 1753 4404 οὖν
1783 4353 1904 4422 ἐμοὶ

323 4436 514 4510 πείθῃ,
545 4435 704 4489 τοῦτο
741 4439 1004 4508 ποιήσεις.
1042 4437 1337 4509 Πεισθῆναι
1371 4439 1428 4493 δὲ
1467 4440 1622 4505 ἀξιιῖν
1664 4442 1758 4494 καὶ
1796 4441 1904 4513 γὰρ

323 4527 548 4581 δίκαιον.
595 4527 656 4581 Εί
699 4531 904 4583 ἐκεῖνον
935 4529 1295 4601 θεραπεύσεις
1319 4530 1387 4583 τὰ
1416 4531 1623 4596 εἰκότα,
1650 4533 1744 4586 καὶ
1774 4535 1904 4602 παρ’

326 4620 533 4673 ἐκείνου
561 4619 968 4695 θεραπευθήσῃ.
997 4621 1070 4675 Τὸ
1098 4623 1155 4676 δέ
1179 4623 1302 4676 καθ’
1325 4625 1472 4694 ἡμᾶς
1499 4623 1684 4693 ἕψεται
1715 4623 1902 4693 ὥσπερ

324 4715 434 4774 τοῖς
468 4711 714 4780 σώμασιν
752 4713 810 4792 αξ
855 4714 1026 4777 σκιαὶ,
1067 4713 1298 4784 μικρούς
1329 4731 1389 4766 τε
1428 4713 1608 4777 ὄντας,
1643 4715 1736 4768 καὶ
1766 4714 1902 4785 πρὸς

326 4803 548 4873 εἰρήνην
577 4803 972 4873 ἑτοιμοτέρους.
1001 4805 1131 4858 Οὐδὲ
1166 4805 1273 4876 γὰρ
1299 4804 1474 4868 οὕτως
1504 4805 1704 4870 ἀθλίως
1725 4807 1900 4877 πράτ-

327 4908 514 4962 τομεν,
549 4891 688 4944 ὥστε
711 4893 757 4944 τ’
784 4893 918 4946 ἄλλα
949 4894 1046 4964 μὲν
1072 4895 1278 4947 ἐθέλειν
1310 4896 1641 4966 φιλοσοφεῖν,
1682 4896 1778 4950 καὶ
1802 4897 1900 4967 τῆς

325 4983 634 5056 κρείττονος
680 4979 816 5035 εἷναι
863 4984 1095 5054 μερίδοςο
1131 4987 1404 5058 ὑπερορᾷν
1447 4988 1504 5040 δὲ
1551 4987 1898 5058 πράγματος,

2001 2733 2190 2779 mato:
2236 2722 2446 2778 idcirco
2491 2738 2614 2792 qua:
2653 2722 2837 2777 animo
2877 2721 2978 2791 17
3023 2729 3322 2776 occurrunt
3372 2723 3576 2778 scribo.

1999 2817 2079 2872 Ac
2130 2824 2189 2871 tu
2245 2815 2498 2870 fiduciam
2561 2830 2736 2868 meam
2793 2815 2847 2867 in
2908 2814 3105 2868 bonam
3162 2823 3373 2884 partem
3430 2813 3578 2868 acci-

2002 2908 2120 2978 pias
2165 2907 2365 2961 velim:
2399 2913 2493 2958 aut
2541 2904 2776 2974 injurius
2825 2905 2880 2958 in
2928 2903 3212 2958 veritatem
3256 2902 3462 2968 fueris,
3513 2903 3579 2956 li-

2001 2996 2266 3051 bertatem
2329 2995 2460 3048 mihi
2517 2993 2810 3057 adimens,
2860 3007 3175 3062 cogensque
3229 3007 3316 3046 me
3378 3006 3579 3047 conce-

2004 3097 2154 3158 ptum
2217 3101 2548 3152 mmrorem,
2607 3086 2756 3140 velut
2811 3084 3060 3139 morbum
3119 3082 3405 3153 quemdam
3463 3097 3571 3136 ma-

2001 3177 2208 3248 lignum
2244 3185 2298 3232 et
2353 3174 2780 3244 supputridtnn,
2838 3174 2946 3226 imo
3001 3182 3223 3244 pectore
3276 3172 3575 3227 continere.

2003 3267 2220 3324 Honore
2268 3264 2487 3335 quidem
2545 3279 2630 3318 me
2679 3277 2710 3316 a
2765 3269 2818 3316 te
2877 3261 3015 3315 allici
3069 3261 3222 3314 laztor
3267 3259 3577 3330 (siquidem

2003 3360 2166 3415 homo
2201 3372 2344 3420 sum,
2378 3364 2436 3409 ut
2467 3355 2626 3423 prius
2650 3353 2786 3408 dixit
2816 3353 3316 3424 quispiam),atque
3343 3352 3408 3406 ad
3443 3367 3578 3406 con-

2003 3451 2126 3506 cilia
2151 3456 2207 3503 et
2233 3454 2536 3501 conventus
2567 3443 2881 3514 spirituales
2913 3444 3117 3498 vocari.
3161 3441 3360 3498 Verum
3385 3453 3577 3496 contu-

2005 3540 2219 3595 meliam
2249 3536 2576 3592 charissimo
2609 3534 2761 3588 fratri
2795 3533 3006 3589 Basilio
3039 3549 3068 3588 a
3097 3543 3187 3588 tua
3224 3533 3424 3604 pietate
3459 3533 3580 3586 illa-

2003 3633 2114 3680 tam
2158 3639 2314 3688 esse,
2367 3631 2529 3692 atque
2568 3622 2867 3676 etiamnum
2917 3621 3106 3676 inferri
3150 3623 3377 3678 moleste
3430 3621 3577 3684 fero,

2005 3723 2190 3786 utpote
2229 3729 2429 3784 quem,
2463 3720 2578 3765 tum
2607 3711 2734 3765 vitae
2755 3753 2770 3778 ,
2803 3719 2916 3764 tum
2956 3709 3286 3773 studiorum,
3310 3725 3374 3763 ac
3405 3710 3579 3765 subli-

2003 3808 2263 3864 missimae
2315 3802 2673 3875 philosophia
2711 3802 2954 3866 socium,
3001 3811 3054 3857 et
3102 3801 3172 3854 ab
3215 3801 3372 3854 initio
3417 3799 3578 3870 elegi,

2003 3908 2055 3954 et
2087 3911 2230 3950 nunc
2284 3894 2461 3948 habeo
2495 3911 2510 3946 :
2546 3907 2646 3948 nec
2695 3892 2992 3962 quicquam
3043 3891 3175 3945 mihi
3211 3891 3282 3945 ob
3310 3891 3578 3961 judicium

2003 3987 2070 4042 de
2124 4002 2189 4041 eo
2239 4000 2420 4038 meum
2475 3998 2802 4038 succenseo.
2855 3981 2946 4036 Sic
2981 3983 3124 4036 enim
3173 3982 3392 4052 parcius
3431 3981 3579 4050 loqui

2005 4083 2226 4147 praestat
2261 4092 2275 4128 :
2308 4089 2377 4127 ne
2411 4072 2616 4140 alioqui
2649 4071 2821 4139 ipsius
2860 4071 3088 4125 virtutes
3120 4072 3425 4140 praedicans
3446 4110 3460 4134 ,
3495 4086 3581 4124 me

2006 4170 2182 4239 ipsum
2214 4165 2439 4219 laudare
2471 4163 2680 4216 videar.
2707 4160 2790 4214 Tu
2822 4177 2972 4224 vero,
3005 4161 3135 4216 dum
3169 4177 3234 4215 eo
3264 4170 3580 4232 contempto

2004 4273 2106 4312 nos
2133 4258 2343 4310 honore
2373 4254 2565 4314 adicis,
2602 4250 2827 4321 perinde
2856 4251 2985 4304 mihi
3031 4250 3210 4306 facere
3247 4250 3448 4307 videris
3468 4291 3483 4315 ,
3515 4267 3580 4306 ac

2005 4347 2052 4402 si
2099 4347 2224 4415 quis
2267 4345 2431 4399 unius
2462 4343 2564 4396 viri
2613 4352 2773 4412 caput
2808 4342 2976 4396 altera
3024 4356 3189 4395 manu
3233 4343 3573 4406 demulceat,

2007 4437 2177 4491 altera
2225 4436 2422 4488 malam
2472 4433 2666 4498 feriat;
2702 4440 2795 4486 aut
2841 4431 2999 4487 etiam
3040 4433 3352 4488 convellens
3382 4432 3578 4489 domus

2008 4527 2357 4582 fundamenta
2401 4526 2636 4596 parietes
2669 4526 2891 4596 pingat,
2921 4532 3085 4596 atque
3111 4535 3366 4581 externas
3394 4535 3577 4596 parles

2006 4624 2247 4671 exornet.
2276 4615 2511 4671 Proinde
2545 4617 2590 4672 si
2632 4618 2762 4686 quid
2795 4617 2926 4672 mihi
2957 4617 3438 4686 obtemperandum
3472 4633 3574 4686 pu-

2007 4709 2145 4764 tabis
2167 4748 2181 4774 ,
2216 4709 2319 4763 hoc
2352 4707 2540 4764 facies.
2572 4707 2640 4763 Ut
2675 4720 2854 4765 autem
2889 4709 3267 4779 obtemperes,
3311 4724 3341 4762 a
3373 4718 3424 4764 te
3456 4717 3578 4779 pcto

2007 4809 2060 4856 et
2083 4801 2354 4856 contendo
2381 4821 2393 4858 :
2416 4818 2631 4873 aequum
2657 4810 2740 4856 est
2766 4802 2931 4855 enim.
2971 4801 3027 4855 Si
3057 4802 3231 4862 illum,
3264 4810 3320 4854 ut
3350 4816 3447 4870 par
3471 4807 3576 4864 est,

2007 4895 2268 4958 colueris,
2301 4895 2417 4964 ipse
2449 4908 2668 4963 quoque
2701 4893 2768 4946 ab
2803 4907 2868 4946 eo
2900 4892 3140 4948 vicissim
3171 4891 3572 4946 observ-aberis.

2005 4984 2114 5041 Nos
2145 4993 2326 5040 autem
2371 4998 2685 5054 sequemur,
2717 4982 3173 5052 quemadmodum
3221 4981 3427 5036 umbra:
3452 4997 3578 5037 cor-

1935 4765 1976 4818 D

2001 5137 2068 5190 ab
2100 5135 2268 5191 Henr.
2300 5133 2590 5202 Stephano-
2611 5135 2785 5205 editas
2819 5135 2934 5205 inec
2959 5133 3195 5189 habetur
3225 5153 3239 5192 :
3265 5135 3574 5205 Τιμώμενοι

1991 5207 2101 5276 γὰρ
2125 5207 2324 5268 πάντες
2343 5205 2562 5276 ἥδονται
2600 5204 2798 5276 βροτοί’
2837 5203 3051 5258 Honore
3085 5206 3225 5258 enim
3257 5203 3437 5274 a/fecti
3457 5223 3573 5259 om-

1997 5273 2085 5328 nes
2113 5273 2639 5327 lwtantur'homines.

2067 5343 2177 5415 (56)
2229 5343 2436 5415 Exige
2462 5341 2762 5415 συνόδους
2795 5342 2896 5415 καί
2930 5343 3276 5415 συλλόγους
3299 5356 3570 5415 -πνευίιειο

1994 5411 2483 5533 ἷιῖἔῖἒύὲέτέ¹ἓε⁸ἕυ³ὶ

399 5138 515 5210 (51),
549 5137 1060 5210 Διαμαρτήσεσθαί
1120 5154 1256 5210 σουι
1304 5140 1381 5193 Ita
1423 5138 1591 5210 Regg.
1622 5148 1752 5195 tres.
1793 5136 1892 5192 Ed.

324 5211 471 5280 male
490 5208 1004 5280 -διαμαρτήσασθαι,
1036 5216 1090 5262 et
1127 5209 1180 5262 in
1210 5209 1292 5263 eis
1310 5211 1462 5280 deest
1495 5208 1611 5266 σου.

401 5228 468 5264 ue
500 5228 587 5262 οια
634 5228 992 5280 αρτησασυαι,
1036 5228 1090 5262 et
1128 5228 1180 5262 ιη
1210 5228 1292 5263 eis
1310 5228 1444 5264 oeesw

399 5278 508 5346 (52)
549 5228 697 5333 Aﬁas
739 5277 856 5332 XX.
892 5277 1103 5346 Scripta
1142 5293 1286 5332 anno
1319 5277 1444 5332 565.

399 5343 509 5416 (55)
539 5348 856 5417 tuantur.
881 5346 973 5417 Ita)
995 5343 1129 5417 Reg.
1171 5363 1336 5412 unus,
1384 5356 1438 5402 et
1471 5343 1662 5400 Billius
1689 5346 1744 5401 in
1771 5362 1894 5402 ver-

326 5413 500 5473 sione.
537 5416 678 5470 Edit.
719 5413 858 5470 male
878 5413 1231 5498 πλέκτηται...
1829 5483 1856 5496 η
1994 5413 2218 5480 mean
2246 5413 2321 5466 lla
2355 5413 2524 5532 Regii;
2585 5413 2713 5477 duo,
2751 5421 2804 5466 et
2869 5413 3057 5468 Billius
3085 5414 3138 5468 in
3169 5413 3569 5496 versione-Ed.

399 5487 509 5532 (Ml
570 5488 639 5532 Ἣ
681 5485 989 5532 ἀδικήσητε
1039 5503 1104 5532 νε
1158 5505 1267 5532 rm-
1317 5484 1623 5532 (“nnciam
1675 5483 1747 5532 τὰ
1784 5503 1894 5532 non
1996 5483 2134 5532 male
2163 5482 2254 5532 ἐπί
2294 5499 2354 5532 τε
2387 5499 2450 5532 συ
2515 5482 2674 5532 όγουε
2705 5483 2800 5532 καὶ
2843 5483 3092 5532 συνόδους
3140 5496 3569 5532 πνευματικουε.

399 5487 509 5554 (54)
570 5488 639 5538 Ἦ
681 5485 989 5553 ἀδικήσεις
1039 5481 1104 5556 γε
1158 5486 1267 5554 τῆς
1317 5484 1623 5556 ἀληθείας,
1655 5483 1747 5556 ,τὰ
1784 5483 1894 5554 τῆς
1996 5483 2134 5536 male
2163 5482 2263 5556 imi
2294 5499 2367 5556 re
2387 5481 2674 5556 συλλόγους
2705 5483 2800 5536 καλ¹
2843 5483 3092 5556 συνόδους
3140 5481 3571 5551 πνευματικοὺς,

323 5551 786 5626 ἐλευθερίας-,ηε
819 5551 981 5626 Itegg.
1008 5551 1135 5626 duo.
1157 5551 1254 5610 Ed.
1286 5551 1483 5626 male’ﬁ
1514 5554 1788 5626 ἀδικήσεις
1809 5551 1893 5626 γε,

2003 5552 2322 5626 θεεςεοηίιη
2356 5551 2638 5626 legendum
2667 5552 3056 5626 πνευματικὰς.

323 5626 423 5695 τῆς
454 5619 793 5696 ἐλευθερίας,
821 5619 966 5691 quod
1009 5624 1198 5681 Billius
1243 5625 1424 5690 vertit,
1457 5619 1548 5678 aut
1586 5619 1897 5694 iniurius'in

2032 5691 2043 5696 Α
2076 5619 2591 5696 (δη-Καταψήχοι.
2623 5621 2708 5696 |t_a_
2733 5619 2861 5690 Reg.
2887 5636 3046 5686 unus,
3079 5629 3132 5677 ct
3161 5620 3350 5677 Billius
3373 5621 3572 5676 inver-

329 5690 408 5753 me
438 5695 621 5762 fueris,
650 5690 962 5755 libertatem,
992 5703 1096 5750 etc.
1638 5690 1648 5694 ’
1795 5745 1799 5748 .

2003 5691 2175 5747 sione.
2203 5690 2298 5747 Ed.
2336 5691 2476 5748 male
2503 5691 2819 5762 καταψέχοι.

400 5761 512 5836 (35)
553 5766 662 5820 Τοῦ
694 5763 1115 5835 προειρηκότος
1141 5765 1173 5819 ὀ
1203 5764 1402 5835 λόγος.
1428 5763 1572 5822 lntcr
1598 5761 1898 5822 sententias
