4120 6452
562 393 638 450 ετ
1771 403 1830 462 s.
1866 402 2195 467 cnsaonu
2233 409 2578 471 THEOLOGI
3798 387 3902 464 56

560 511 673 566 lum
711 510 918 583 effugit,
965 515 1176 572 arctius
1215 516 1264 574 ci
1304 516 1644 589 adiungitur,
1677 533 1708 575 a
1754 537 1864 592 quo
1905 524 2134 580 salutem
2164 528 2187 592 Α

2269 548 2428 586 ἀντι.
2453 533 2545 603 Μὴ
2583 524 2675 585 οὖν
2712 531 2793 584 ὅτι
2834 529 3249 599 μετεσχήκαμεν
3278 526 3373 580 τοῦ
3401 520 3594 591 κακοῦ,
3624 526 3896 594 δυσχε-

559 611 645 657 cst
670 614 1027 664 consecutus.
1058 606 1298 665 Proinde
1335 624 1467 673 non,
1503 611 1633 680 quia
1666 613 1801 668 mali
1833 616 2133 686 participes

2260 623 2531 694 ›αίνωμεν·
2555 622 2670 676 ἀλλ’
2698 623 2779 676 ὅτι
2812 619 3279 690 διαπεφεύγαμεν,
3308 618 3887 689 εὐχαριστήσωμεν.

558 697 892 762 exstitimus,
933 699 1283 771 indignemur
1314 721 1329 757 :
1363 701 1626 773 sedquia
1645 704 1959 777 effugimus,
1993 710 2137 781 grati

2261 713 2389 783 νίηδὲ
2424 712 2574 768 ἄλλοι
2608 711 2867 783 φανῶμεν
2897 710 2978 782 τῷ
3002 709 3123 780 Θεῷ
3172 709 3325 780 παρὰ
3359 710 3450 762 τὸν
3483 708 3683 780 καιρὸν
3728 705 3888 759 τῶν

559 787 727 841 animi
768 789 944 845 oliicio
990 791 1307 863 fungamur.
1358 792 1470 849 Nec
1524 794 1664 851 alios
1705 812 1808 853 nos
1848 797 1959 854 Deo
1994 800 2139 856 inter

2257 804 2518 868 ιινδύνων,
2542 802 2636 858 καὶ
2659 802 2807 858 ἄλλοι
2831 801 2969 873 μετά
2988 802 3115 864 τοὺς
3135 799 3432 862 κινδύνους·
3462 797 3600 851 ἀλλὰ
3624 795 3884 868 βουλη-

560 879 847 947 pcricula,
881 890 936 936 et
970 885 1112 940 alios
1150 892 1275 955 post
1310 886 1556 955 pericula
1599 887 1957 946 exhibeamus
1993 908 2008 946 :
2043 907 2137 948 ve-

2253 892 2419 965 δῶμεν
2457 892 2567 946 εἴτε
2598 890 2977 963 ἐνδημοῦντες,
3010 888 3118 941 εἴτε
3150 884 3512 957 ἐκδημοῦντες
3541 883 3683 954 (60),
3720 883 3880 936 εἴτε

557 984 681 1023 “um
729 972 843 1027 sive
882 972 1028 1029 domi
1075 984 1394 1044 manentes,
1450 978 1566 1033 sive
1614 995 1843 1051 peregre
1889 989 2134 1052 agentes,

2256 983 2619 1047 διωτεύοντες,
2647 983 2756 1036 εἴτε
2774 980 2843 1034 τὰ
2872 979 3027 1034 κοινὰ
3054 979 3387 1050 πράττοντες
3415 976 3515 1045 (δεῖ
3537 974 3647 1047 γὰρ
3673 972 3882 1027 οὕτω

557 1063 676 1118 sive
724 1065 991 1134 privatam
1036 1070 1203 1121 vitam
1242 1068 1529 1128 ducentes.
1563 1070 1682 1126 sive
1718 1071 1936 1140 publica
1966 1088 2135 1145 nego-

2247 1076 2438 1144 λέγειν,
2479 1075 2574 1129 καὶ
2601 1074 2675 1145 μὴ
2709 1071 2961 1145 λείπειν),
2996 1070 3074 1142 τῷ
3105 1070 3338 1124 σώσαντι
3375 1065 3874 1131 κατακολουθεῖν,

555 1155 632 1208 tia
677 1162 929 1223 gerentes
982 1156 1086 1226 (sic
1139 1158 1286 1213 enim
1330 1158 1665 1230 loquendum
1698 1169 1803 1227 est,
1849 1177 1951 1218 nec
1995 1179 2134 1234 prte-

2249 1169 2330 1223 ιιαὶ
2356 1168 2604 1237 γίνεσθαι
2631 1168 2729 1238 τῆς
2763 1166 2971 1220 ἐκείνου
3001 1165 3216 1236 μοίρας,
3252 1161 3425 1233 μικρὰ
3460 1161 3568 1214 τῶν
3600 1159 3876 1232 μικρῶν

556 1247 1010 1318 termittendum),
1042 1265 1167 1303 eum
1213 1265 1533 1320 sequamur,
1569 1267 1599 1306 a
1626 1268 1736 1323 quo
1779 1253 2012 1310 salutem
2038 1271 2133 1311 ac-

2243 1259 2329 1312 καὶ
2372 1258 2544 1329 χαμαὶ
2584 1257 2898 1327 ἐρχομένων
2939 1255 3344 1328 φροντίσαντες.
3394 1252 3505 1307 Καὶ
3545 1252 3750 1323 δῶμέν
3795 1267 3870 1305 τε

556 1339 826 1407 cepimus,
869 1347 1034 1408 atque
1066 1339 1134 1394 ad
1191 1341 1338 1397 illius
1382 1351 1570 1412 partes
1618 1353 1833 1400 nosmet
1873 1344 2137 1418 adjunga-

2241 1345 2476 1416 διήγημα
2499 1347 2611 1408 τοῖς
2636 1346 2715 1408 εἰς
2746 1344 2995 1417 ὕστερον,
3029 1344 3168 1415 μέγα
3206 1345 3304 1414 μὲν
3332 1345 3412 1408 είς
3442 1342 3600 1408 δόξαν
3630 1341 3868 1414 ἡμῶν,

566 1418 714 1493 nius,
748 1443 917 1499 parva
952 1438 1007 1485 et
1041 1430 1192 1486 humi
1224 1433 1465 1501 repenlia
1497 1448 1690 1504 parum
1721 1436 1831 1506 2ο
1851 1445 2131 1494 curantes.

2238 1436 2379 1507 μέγα
2399 1436 2455 1489 δὲ
2488 1438 2567 1500 εἰς
2589 1436 2855 1507 ὠφέλειαν
2877 1435 3073 1507 ψυχῆς·
3100 1436 3161 1488 τὸ
3181 1434 3236 1488 δὲ
3259 1433 3389 1487 αὐτὸ
3418 1433 3514 1488 καὶ
3537 1432 3865 1503 παίδευμα

555 1518 734 1588 Atque
754 1518 1041 1575 historiam
1067 1519 1359 1592 quamdam
1385 1525 1623 1594 posteris
1654 1525 1870 1589 demus,
1910 1534 2025 1582 tum
2065 1529 2133 1584 ad

2234 1531 2345 1591 τοῖς
2374 1526 2585 1591 πολλοῖς
2626 1526 3066 1598 χρησιμώτατον,
3098 1528 3180 1582 ὅτι
3221 1527 3483 1598 κρείττων
3511 1524 3861 1595 ἀσφαλείας

555 1609 790 1679 gloriam
832 1618 1104 1678 nostram,
1145 1621 1261 1667 tum
1305 1615 1372 1669 ad
1422 1615 1618 1669 anima:
1671 1616 1986 1682 utilitatem,
2018 1633 2135 1673 am-

2235 1619 2494 1682 κίνδυνος,
2541 1620 2635 1673 καὶ
2676 1618 2931 1691 συμφορὰ
2960 1619 3260 1690 εὐημερίας
3294 1617 3651 1690 αἱρετωτέραο
3672 1618 3745 1671 ετ
3765 1632 3853 1686 γε

557 1700 701 1770 plant
736 1708 789 1755 et
815 1703 1132 1771 przeclaram
1170 1721 1183 1758 :
1217 1720 1338 1772 qua:
1362 1705 1525 1759 etiam
1556 1706 1674 1775 ipsa
1707 1705 2004 1761 utilissimo
2033 1706 2133 1762 do-

2236 1710 2341 1782 πρὸ
2377 1711 2476 1779 μὲν
2508 1711 2617 1764 τῶν
2650 1712 2830 1780 φόϐων
2870 1707 3013 1782 ἦμεν
3046 1709 3141 1764 τοῦ
3173 1710 3404 1780 κόσμου,
3437 1710 3573 1780 μετὰ
3599 1709 3655 1763 δὲ
3685 1712 3855 1773 τοὺς

557 1798 821 1844 cumento
857 1791 1133 1861 plerisque
1176 1794 1270 1857 sit,
1313 1793 1575 1847 nimirum
1622 1793 1927 1864 periculum
1968 1810 2130 1850 secu—

2235 1803 2432 1873 φόϐους
2475 1802 2570 1856 τοῦ
2619 1802 2753 1856 Θεοῦ
2800 1802 3165 1874 γεγενήμεθα.
3225 1804 3385 1865 Ἴσως
3429 1818 3511 1855 σοι
3563 1803 3851 1872 φορτικοὶ

559 1884 721 1937 ritate
767 1884 950 1954 potius
983 1900 1127 1951 esse,
1164 1895 1216 1941 et
1259 1886 1633 1940 calamitatem
1668 1886 1929 1943 secundis
1963 1887 2129 1944 rebus
2160 1869 2186 1924 Ῑ

2230 1869 2511 1963 δοκοῦμεν,
2535 1890 2795 1955 πολλάκις
2813 1869 2898 1945 σοι
2920 1869 3175 1963 περὶτῶν
3190 1891 3368 1945 αὐτῶν
3384 1869 3843 1953 ἐπιστέλλοντες,

553 1975 730 2045 magis
753 1975 1110 2046 expetendam
1143 1995 1158 2045 ;
1195 1976 1241 2031 si
1273 1976 1494 2048 quidem
1521 1986 1647 2033 ante
1678 1978 1902 2034 timores
1929 1979 2133 2035 mundo

2230 1981 2324 2035 καὶ
2357 1982 2418 2034 οὐ
2452 1982 2793 2053 παραίνεσιν,
2831 1981 2944 2036 ἀλλ’
2982 1982 3239 2049 ἐπίδειξιν
3275 1981 3520 2053 νομίζεις
3545 1980 3656 2051 (61)
3686 1982 3848 2045 τοὺς

554 2067 760 2123 addicti
808 2083 1055 2134 eramus,
1099 2077 1224 2139 post
1258 2069 1485 2124 timores
1533 2077 1714 2123 autem
1758 2069 1868 2126 Deo
1899 2085 2001 2126 nos
2037 2070 2133 2125 ad-

2229 2072 2437 2142 λόγους.
2462 2072 2553 2125 Διὸ
2572 2072 2778 2126 τούτων
2811 2075 2908 2142 μὲν
2940 2072 3080 2136 ἅλις
3109 2074 3256 2144 ἡμᾶς
3280 2073 3337 2127 δὲ
3363 2073 3470 2126 [σοι
3503 2072 3841 2144 προθυμου-

554 2160 818 2216 diximus.
847 2160 1110 2218 Fortasse
1135 2176 1329 2232 graves
1362 2162 1461 2216 tibi
1490 2176 1556 2215 ac
1583 2162 1800 2217 molesti
1832 2178 1956 2219 esse
1977 2162 2131 2218 vide-

2231 2162 2425 2234 μένους
2461 2164 2555 2216 καὶ
2599 2163 2926 2234 εὐχομένους
2975 2162 3209 2234 μάλιστα
3245 2164 3342 2234 μὲν
3369 2160 3621 2231 γενέσθαι
3649 2162 3837 2237 μέχρι

555 2266 700 2319 mur,
739 2252 832 2322 qui
884 2252 953 2307 de
998 2252 1083 2306 his
1128 2252 1295 2307 rebus
1341 2252 1544 2322 saepius
1592 2251 1659 2306 ad
1703 2261 1754 2307 te
1797 2252 2129 2320 scribamus,

2229 2268 2347 2314 σου,
2381 2251 2893 2324 συνησθησομένους
2918 2250 3028 2323 (62)
3052 2254 3119 2323 τῇ
3150 2253 3395 2326 σωτηρίᾳ
3423 2268 3541 2317 σου,
3569 2254 3838 2325 καὶπερὶ

557 2355 624 2396 ac
692 2356 977 2396 sermones
1036 2347 1296 2407 nostros,
1354 2356 1465 2395 non
1521 2340 1984 2404 admonitionem,
2035 2342 2129 2397 sed

2235 2342 2438 2396 τούτων
2466 2341 2791 2415 τελεώτερον
2822 2343 3251 2415 διαλεξομένους.
3289 2345 3353 2398 Et
3388 2344 3434 2397 δ’
3471 2343 3558 2407 οὒ,
3589 2344 3705 2399 ἀλλ’
3730 2346 3830 2401 ὲν-

554 2433 982 2488 ostentationem
1024 2447 1146 2487 esse
1174 2433 1481 2488 existimas.
1521 2431 1705 2497 Quare
1737 2432 1804 2487 de
1842 2432 1929 2487 his
1968 2432 2131 2488 rebus

2235 2433 2412 2488 ταῦθά
2450 2451 2510 2487 σε
2561 2434 2879 2506 δεξομένους
2930 2436 3006 2500 ὡς
3051 2435 3304 2507 τάχιστα,
3348 2437 3707 2507 συνεορτάσαι
3749 2436 3831 2491 τὰ

553 2523 849 2578 verborum
884 2523 1067 2591 satis;
1121 2538 1221 2579 nos
1254 2538 1385 2578 vero
1432 2523 1599 2586 scias,
1647 2524 1828 2585 velim,
1881 2531 2133 2595 prompto

959 2523 1067 2591 Lis;
1121 2538 1221 2579 nos
1254 2538 1385 2578 vero
1432 2523 1599 2586 scias,
1647 2524 1828 2585 velim,
1881 2531 2133 2595 prompto
2238 2525 2586 2595 χαριστήρια.

555 2615 741 2669 animo
762 2630 883 2670 esse
915 2623 1079 2686 atque
1102 2622 1363 2687 exoptare
1388 2615 1734 2685 potissimum
1764 2616 1832 2670 ad
1871 2622 1925 2671 te
1959 2631 2137 2685 usque
2183 2617 2478 2687 proﬁcisci,
2543 2624 2604 2671 ut
2645 2616 2714 2672 de
2747 2617 2923 2675 salute
2964 2626 3058 2674 tua
3092 2618 3188 2674 tibi
3239 2616 3578 2690 gratulemur
3616 2632 3684 2673 ac
3749 2620 3832 2676 de

557 2704 644 2761 his
691 2706 859 2762 rebus
910 2707 1207 2777 perfectius
1251 2706 1590 2763 disseramus
1643 2725 1656 2761 :
1703 2707 1789 2762 sin
1840 2708 2042 2769 minus,
2089 2714 2144 2761 at
2169 2716 2341 2773 certe,
2394 2717 2450 2763 ut
2494 2717 2546 2763 te
2593 2709 2684 2763 bic
2754 2710 2935 2780 primo
2984 2725 3206 2782 quoque
3256 2716 3503 2779 tempore
3559 2708 3828 2766 reducem

554 2801 862 2870 videamus,
892 2811 1056 2873 atque
1101 2817 1209 2856 una
1253 2812 1432 2857 tecum
1463 2802 1516 2856 in
1555 2803 1696 2874 grati
1726 2803 1896 2857 animi
1928 2802 2389 2873 signiﬁcationem
2420 2804 2619 2861 festum
2650 2803 2794 2860 diem
2817 2807 3179 2863 celebremus.

838 2955 980 3012 XXI.
1014 2954 1406 3013 SOPHRONIO
1434 2954 1845 3010 PRAEFECTO.

2527 2960 2660 3012 KA'.
2697 2960 3032 3031 ΣΩΦΡΟΝΙῼ
3071 2960 3351 3033 ΥΠΑΡΧῼ
3389 2962 3520 3035 (65).

634 3092 791 3151 Urbis
824 3094 1425 3166 Constantinopolitanae
1452 3096 1825 3166 prtefecturam
1844 3094 2054 3166 gerebat
2087 3093 2414 3166 Sophronias
2440 3111 2580 3166 anno
2598 3094 2724 3158 569,
2749 3110 2850 3165 quo
2876 3095 3018 3149 datis
3047 3095 3115 3166 ad
3144 3111 3263 3150 eum
3294 3096 3505 3159 litteris,
3535 3092 3824 3166 Gregorius

556 3180 802 3238 generum
829 3166 1027 3238 sororis
1056 3163 1517 3221 sumNicolmltim
1550 3163 1598 3238 ei
1618 3163 2040 3238 commendabat.
2078 3163 2298 3238 Cmtera
2336 3182 2514 3238 omnes
2539 3163 2787 3238 Gregorii
2816 3166 2886 3218 ad
2911 3164 3152 3238 eumdem
3177 3165 3416 3238 epistola;
3443 3163 3681 3234 pra-fecti
3715 3179 3821 3232 ρος

560 3234 777 3307 lentiam
798 3235 1114 3307 prajdicant.
1148 3238 1235 3290 cui
1269 3238 1476 3307 negotia
1497 3245 1546 3290 et
1575 3236 1809 3290 homines
1839 3236 2297 3307 commendantur,
2325 3247 2373 3290 et
2398 3236 2548 3305 cujus
2570 3234 2880 3307 privsidium
2904 3234 3470 3307 ituplorqtur._Pr¢ir¢
3497 3246 3672 3307 autent
3700 3251 3821 3307 ont-_

560 3306 713 3376 nibus
737 3303 1014 3365 ea'debuit.
1042 3307 1095 3359 in
1118 3323 1226 3376 qua
1251 3303 1470 3361 rec'entis
1490 3307 1767 3376 dignitatis
1794 3304 1996 3359 indicia
2016 3306 2265 3376 quwdqm
2297 3303 2572 3375 apparent,
2604 3315 2661 3359 ut
2687 3307 2742 3360 in
2773 3305 2856 3359 Itis
2889 3303 3058 3376 verbis
3080 3304 3568 3376 deprehenduntur:
3592 3304 3821 3376 Etiamsi

559 3374 627 3429 ad
659 3376 889 3448 altiores
920 3374 1166 3448 quotidie
1197 3375 1526 3448 dignitatum
1550 3374 1767 3448 gradus
1807 3374 2147 3447 provebaris.
2183 3374 2307 3431 Jam
2332 3374 2476 3433 enim
2509 3376 2778 3440 notarius,
2815 3392 2933 3429 cum
2974 3374 3040 3429 ab
3070 3391 3133 3430 ea
3160 3374 3420 3446 dignitate
3445 3374 3513 3429 ad
3540 3374 3825 3444 μηδίσεια-

556 3459 674 3499 ram
705 3444 1353 3517 Constantinopolﬂanbm
1381 3444 1609 3519 gradum
1635 3446 1781 3515 fecit.

626 3581 836 3636 Aurum
885 3582 1022 3635 alias
1072 3580 1293 3650 quidem
1342 3579 1450 3635 alio
1500 3579 1663 3637 modo
1715 3578 2037 3631 immutatur
2076 3584 2200 3641 etc

2194 3587 2200 3636 ἱ
2310 3580 2371 3632 '0
2419 3577 2620 3649 χρυσὸς
2673 3575 2862 3629 ἄλλοτε
2912 3575 3011 3646 μὲν
3060 3574 3236 3639 ἄλλως
3294 3575 3669 3646 μεταποιεῖται
3723 3573 3821 3628 καὶ

556 3672 853 3744 cﬁingitur,
905 3672 963 3726 iu
1012 3673 1218 3727 multos
1269 3678 1499 3726 ornatus
1551 3669 1928 3729 informatum,
1971 3675 2138 3738 atque

2239 3667 2632 3740 σχηματίζεται
2671 3669 2753 3730 είς
2791 3665 3020 3730 πολλοὺς
3058 3665 3298 3736 κόσμους
3325 3665 3688 3734 τυπούμενος,
3725 3651 3823 3717 κάι

557 3763 630 3819 ad
671 3763 874 3819 multas
921 3777 1011 3818 res
1057 3762 1127 3817 ab
1153 3769 1269 3816 arte
1293 3762 1605 3816 traductum
1643 3777 1659 3814 :
1704 3760 1900 3814 aurum
1931 3769 2134 3826 tamen,

2240 3759 2376 3830 πρὸς
2400 3757 2571 3812 πολλὰ
2610 3756 2717 3810 ὑπὸ
2749 3756 2850 3828 τῆς
2882 3756 3078 3827 τέχνης
3109 3756 3378 3826 ἀγόμενος
3413 3754 3548 3825 (64)⁶
3587 3753 3738 3826 μένει
3759 3752 3821 3808 δι

559 3860 621 3911 ιιι
648 3862 754 3917 est,
788 3862 992 3917 manet,
1027 3868 1131 3911 nec
1158 3853 1410 3916 materia,
1447 3851 1541 3908 sed
1572 3851 1747 3906 forma
1780 3853 2138 3904 mutationem

2238 3852 2377 3921 ὅπερ
2403 3851 2519 3904 ἐστὶ
2546 3849 2769 3921 χρυσὸς,
2804 3850 2899 3903 καὶ
2930 3850 3029 3920 οὐχ
3058 3849 3092 3920 ἡ
3123 3847 3222 3920 ῦλη
3248 3846 3571 3919 μεταϐολὴν,
3595 3845 3733 3901 ἀλλὰ
3756 3845 3821 3899 τὸ

559 3946 812 4017 Suscipit.
859 3942 1062 4001 Eodem
1108 3945 1270 3999 modo
1309 3951 1464 3999 tuam
1523 3957 1744 4014 quoque
1806 3942 2138 4013 probitatem

2242 3944 2429 4012 σχῆμα
2475 3939 2758 4011 λαμϐάνει.
2805 3937 2962 3992 Οὕτω
3003 3938 3096 3992 καί
3137 3936 3236 4008 τὴν
3283 3935 3380 4007 σὴν
3416 3932 3822 4003 καλοκαγαθίαν

558 4040 808 4097 eamdem
871 4054 1001 4110 erga
1057 4047 1184 4094 tuos
1228 4038 1438 4093 amicos
1469 4052 1692 4091 manere
1733 4034 2137 4099 existimantes,

2242 4032 2535 4104 ἡγούμενοι
2581 4032 2679 4102 τὴν
2730 4030 2900 4101 αὐτὴν
2952 4029 3131 4099 μένειν
3177 4030 3291 4091 τοῖς
3340 4027 3537 4107 φίλοις,
3585 4024 3690 4080 κᾶν
3732 4023 3823 4078 ἀεὶ

561 4132 783 4189 etiamsi
840 4132 909 4188 ad
974 4132 1203 4188 altiores
1253 4130 1500 4200 quotidie
1543 4129 1877 4200 dignitatum
1933 4126 2139 4196 gradus

2244 4123 2440 4195 προῖῃς
2478 4121 2569 4174 ἐπὶ
2596 4121 2663 4175 τὰ
2695 4119 3003 4191 ἔμπροσθεν
3022 4157 3036 4182 ,
3069 4119 3272 4188 ταύτην
3304 4113 3820 4188 ὲθαρῤήσαμναὴν

562 4225 907 4294 proveliaris.
953 4225 1099 4279 hanc
1140 4224 1241 4279 tibi
1291 4221 1735 4294 deprecationem
1783 4216 1980 4273 otl‘erre
2037 4217 2141 4271 mi-

2245 4212 2539 4284 πρεσϐείαν
2576 4212 2972 4293 προσαγαγεῖν,
3012 4210 3072 4262 οὐ
3111 4208 3309 4280 μᾶλλον
3342 4208 3441 4277 τὴν
3473 4206 3631 4273 ἀξίαν
3662 4206 3820 4259 εὐλα-

565 4314 715 4370 nime
748 4315 1163 4383 dubitavimus;
1196 4311 1344 4384 quod
1381 4313 1592 4368 scilicet
1637 4308 1958 4381 dignitatem
1989 4313 2140 4361 tuam

2244 4303 2525 4377 ϐηθέντες.
2558 4302 2591 4375 ἢ
2635 4301 2712 4374 τῷ
2748 4301 2935 4371 τρόπῳ
2967 4297 3375 4361 πιστεύσαντες.
3407 4295 3499 4367 Τῷ
3529 4296 3822 4366 αίδεσιμω-

562 4422 673 4461 non
711 4409 886 4478 magis
921 4415 1310 4471 metueremus,
1339 4421 1514 4474 quam
1542 4404 1792 4458 moribus
1820 4399 1932 4456 tuis
1966 4401 2143 4455 conli-

2244 4397 2392 4467 τάτῳ
2436 4396 2534 4465 υἱῷ
2574 4394 2733 4465 ἡμῶν
2780 4394 2828 4446 Ν
2836 4391 3098 4462 ικοϐούλῳ
3143 4389 3212 4443 τὰ
3247 4388 3427 4443 πάντα
3469 4387 3646 4457 ἔχοντι
3687 4384 3823 4457 πρὸς

562 4476 841 4565 deremus.
874 4498 1209 4569 Cumprimis
1260 4496 1577 4551 venerando
1621 4496 1732 4550 ﬁlio
1764 4506 1957 4554 nostro
1983 4495 2145 4551 Nico-

2245 4490 2395 4560 ήμᾶς
2435 4486 2777 4559 ἐπιτηδείως,
2819 4484 2915 4537 καὶ
2953 4482 3043 4535 διὰ
3084 4480 3427 4550 συγγένειαν,
3467 4479 3563 4532 καὶ
3603 4477 3691 4531 διὰ
3723 4476 3822 4546 τὴν

564 4588 717 4650 bttlo.
752 4601 991 4658 quocum
1028 4568 1172 4640 mihi
1210 4575 1664 4641 necessitudines'
1686 4601 1878 4640 omnes
1904 4577 2143 4639 interce-

2245 4579 2575 4650 οἰκειότητα,
2594 4578 2708 4640 καὶ,
2729 4576 2758 4629 ὃ
2779 4573 2984 4628 τούτων
3013 4572 3194 4644 μεῖζόν
3218 4574 3356 4635 ἐστι,
3376 4570 3464 4628 διὰ
3492 4568 3593 4658 τὸν
3601 4568 3820 4658 τρόπον,

562 4680 722 4743 dunt,
758 4654 871 4732 tum
896 4678 969 4732 ob
1000 4677 1219 4749 generis
1267 4677 1755 4747 propinquitatem,
1789 4684 1903 4731 tum
1947 4677 2018 4731 ob
2065 4674 2146 4728 fa-

2247 4670 2405 4739 γενοῦ
2449 4669 2638 4734 δεξιός,
2696 4668 2784 4721 Ἐν
2835 4666 2966 4729 τίσι,
3019 4663 3114 4718 καὶ
3160 4663 3354 4729 trudam);
3404 4661 3494 4717 Ἐν
3537 4654 3619 4725 οἷς
3662 4657 3824 4749 αὐτὸς

562 4772 963 4831 miliaritatcm.
995 4748 1135 4836 tum,
1175 4768 1320 4839 quod
1365 4767 1452 4823 his
1485 4768 1660 4838 pluris
1691 4766 2004 4821 ducendum
2038 4774 2143 4828 est,

2250 4761 2345 4815 σοῦ
2370 4761 2721 4833 δεηθήσεται,
2760 4758 2855 4812 καὶ
2887 4758 3010 4811 ὅσον
3039 4757 3107 4827 τῇ
3137 4757 3204 4827 σῇ
3241 4751 3567 4839 μεγαλονοίέ
3593 4748 3824 4839 πρέπειν

560 4865 634 4921 ob
674 4878 887 4923 morum
937 4860 1284 4932 elegantiam,
1326 4858 1676 4914 commodum
1730 4873 1795 4912 ac
1828 4856 2045 4912 facilem
2093 4865 2187 4932 te_

2200 4928 2208 4932 μ
2249 4831 2672 4921 ὑπολαμϐάνεις.
2716 4844 3106 4915 Ἀπιδὼσομεν
3133 4842 3191 4896 δὲ
3215 4842 3310 4897 καὶ
3337 4842 3509 4932 ἡμεῖς
3531 4831 3606 4932 ὧν
3632 4836 3827 4932 ἔχομεν

561 4956 762 5032 praebe.
808 4927 1048 5023 Quibus'
1068 4954 1125 5008 in
1160 4952 1345 5019 rebus,
1400 4959 1454 5007 et
1500 4949 1813 5023 quantum?
1851 4950 1908 5003 In
1952 4948 2022 5003 iis
2061 4927 2188 5003 re-1

2201 4929 2219 4980 )
2248 4944 2309 4997 τδ
2341 4942 2642 4997 κάλλιστον.
2667 4940 2903 5009 Ἔχομεν
2928 4937 2986 4989 δὲ
3010 4937 3137 4999 τοὺς
3165 4933 3359 5002 λόγους
3379 4972 3395 4996 ,
3430 4929 3525 5032 καὶ.
3560 4928 3620 4982 τὸ
3639 4929 3828 5032 ,κήρυ-

561 5019 668 5111 bus
701 5054 758 5109 in
790 5019 994 5122 quibus
1024 5060 1117 5107 tua
1147 5064 1251 5121 ope
1291 5019 1579 5119 indigebit,
1631 5054 1687 5101 et
1728 5051 1997 5115 quantum
2033 5049 2141 5096 ture

2246 5052 2341 5100 κες
2365 5031 2506 5088 εἶναι
2525 5032 2624 5101 τῆς
2650 5031 2749 5102 σῆς
2777 5028 2998 5100 ἀρετῆς,
3028 5028 3076 5080 εἰ
3101 5026 3197 5079 καὶ
3230 5023 3304 5095 μὴ
3327 5023 3428 5093 τῆς
3455 5020 3612 5089 ἀξίας
3635 5019 3824 5088 ἐγγὺς,

564 5140 732 5195 animi
775 5116 1146 5209 magnitudini
1185 5116 1497 5194 convenire
1530 5133 1898 5191 existimabis.
1940 5131 2051 5188 Nos
2084 5131 2138 5185 id

2014 5146 2051 5188 is
2084 5131 2138 5185 id
2248 5126 2385 5182 ἀλλά
2402 5141 2465 5193 γε
2488 5121 2631 5177 κατὰ
2658 5120 2758 5193 τὴν
2779 5119 3056 5192 ἡμετέραν
3086 5116 3335 5186 δύναμιν.
3489 5207 3503 5218 .
3628 5206 3641 5218 ⁹

564 5234 712 5307 quod
761 5207 1187 5305 pulcherrimum
1245 5233 1532 5298 habemus,
1596 5228 1696 5285 tibi
1752 5226 2143 5299 rependemus.
2175 5222 2452 5277 llabemus
2491 5232 2656 5288 porro
2702 5229 3007 5307 sermones,
3039 5220 3206 5307 atque
3256 5208 3402 5279 quod
3455 5207 3677 5263 virtutis
3721 5212 3828 5258 tute

565 5342 847 5402 praecones
872 5341 1084 5390 sumus,
1107 5337 1159 5381 et
1201 5326 1247 5381 si
1285 5326 1441 5396 longe
1484 5323 1627 5379 infra
1670 5321 2020 5392 dignitatem,
2064 5325 2249 5372 tamen
2276 5319 2546 5385 quantum
2577 5316 2772 5366 nostra
2808 5306 2917 5364 fert
2948 5306 3206 5361 facultas.

638 5504 750 5574 (60)
792 5505 930 5558 Elea
956 5499 1376 5574 ἐνδημοῦντες.
1407 5496 1516 5552 llas
1571 5510 1765 5574 vocgs,
1794 5508 1916 5565 qua:
1963 5492 2018 5548 in
2052 5490 2138 5548 ed.
2251 5489 2265 5543 l

1963 5492 2018 5548 ίη
2052 5490 2138 5548 εδ·
2251 5481 3056 5574 “"519Y?FPFQ?£;.E2:IPE‘.‘P
3090 5477 3543 5574 ἒξὲεὶηεῑξεέένους·

566 5550 1826 5642 ᾱοὲῖἒῖιιῗέἷιῦτῖιέῧίὶῖὗέ’ς’ίιέε-ίιιιὶίῑεενθέξῖ
1997 5631 2009 5642 .
2322 5557 2433 5642 (Si?)
2465 5557 2615 5642 aliis
2639 5554 2793 5642 FY‘L
2832 5550 3578 5642 ﬁt???31'99_§99;.-___-
3625 5607 3829 5642 ω..--

1230 5613 1419 5702 ᾗᾶἇξῗξ
1451 5613 1844 5693 Zi'biiiiiti'ih
1868 5631 2142 5689 versione.
2256 5716 2266 5718 4

2325 5613 3832 5718 164;).itaistafeiaifamagisteriis:

641 5683 751 5718 ιν.)
790 5683 1073 5712 ..ιν-,νυν
1107 5683 1185 5697 ...ιι
1230 5683 1412 5702 -.....,.,
1459 5683 1510 5693 ..-
1548 5683 1740 5692 ----..-,
1881 5683 2140 5689 .-----_--

566 5712 838 5783 Ed.tnale
862 5712 1121 5783 νομίζειν.
1220 5782 1225 5783 ν
1378 5758 1380 5761 .
1441 5776 1460 5783 _
1570 5778 1605 5783 η
1990 5770 2123 5783 ΛΝ.

2251 5683 2377 5783 roga
2417 5683 2489 5783 ita
2514 5683 2694 5783 Περὶ
2718 5683 3235 5783 (ξιξοζςιᾼβξιρᾲυξιιξιι
3245 5683 3521 5783 versione.
3557 5684 3652 5742 Ed.
3672 5683 3832 5746 male

641 5758 1398 5852 i'oéi'iéﬁiéﬁéoumva
1426 5776 1519 5838 Jla
1570 5778 1702 5851 llcg.
1738 5789 1904 5842 unus,
1952 5781 2005 5827 et
2044 5770 2145 5827 Bil-
2253 5787 2268 5822 π

1738 5789 1904 5842 unus,
1952 5781 2005 5827 et
2044 5770 2145 5827 Bil-
2253 5758 2349 5823 γαῗ
2379 5766 2515 5843 προς
2540 5758 2708 5817 πολλὰ
2734 5763 2832 5836 τῆς
2852 5762 3022 5834 τύχης
3046 5758 3332 5832 ἀγόμενος.
