4158 6466
268 430 367 487 ιςη
1640 430 1881 490 EPISTO

2014 431 2224 487 XXXII.
3509 440 3580 493 τῦ

278 550 474 622 παρὰ
533 551 748 606 πάντων
801 548 1198 622 θαυμάζεσθαι.
1243 550 1363 604 Τῶν
1411 551 1467 606 δὲ
1531 552 1771 606 πυκτίων
1823 547 1881 606 ὧι

2003 549 2232 612 levabis,
2297 555 2414 604 tum
2458 550 2621 605 etiam
2681 549 2870 604 multis
2912 549 2982 604 ad
3029 547 3248 604 dolores
3299 549 3580 620 sapienter

276 640 562 712 ᾔτησας,
599 643 660 695 τὸ
691 642 790 714 μὲν
822 636 1015 714 εὖρον,
1057 642 1149 696 καὶ
1185 641 1405 712 ἔπεμψά
1458 661 1542 696 σοι
1583 643 1876 716 προθύμως

2009 640 2266 696 ferendos
2287 641 2680 696 documentum
2716 641 3006 713 praebebis.
3038 639 3282 712 Denique
3312 655 3423 696 non
3451 656 3570 712 par-

276 731 353 784 τδ
392 733 813 804 Δημοσθενικὸν
845 735 990 803 λέγω
1013 750 1028 764 ⁸
1063 735 1125 788 τὸ
1151 735 1208 789 δὲ
1258 734 1575 806 ἐζημιώθην
1601 751 1616 766 ·
1651 736 1754 790 οὐκ
1791 735 1881 805 ἔχει

1998 749 2125 787 vum
2159 734 2371 788 lucrum
2428 733 2597 788 facies
2627 733 2697 804 (si
2725 743 2904 790 tamen
2953 734 3006 788 id
3051 748 3271 804 quoque
3297 733 3396 787 tibi
3432 748 3582 787 curm

271 819 420 872 οἴου
464 822 535 874 σὺ
571 821 794 893 χρῄζεις
829 822 967 893 (27),
998 820 1098 894 τὴν
1143 822 1358 876 Ἰλιάδα.
1391 822 1483 894 Μὴ
1524 821 1635 894 γάρ
1662 839 1754 894 μοι
1785 823 1881 876 δια-

2004 825 2147 894 est),
2203 840 2398 896 nempe
2449 825 2598 895 quod
2651 825 2708 879 in
2773 823 3138 880 admiratione
3196 823 3342 895 apud
3385 839 3580 880 omnes

273 912 612 985 πιστήσῃς,
646 912 730 964 ὅτι
777 911 937 982 μόνον
966 911 1170 966 τούτων
1213 911 1513 966 ἀπολαύειν
1549 912 1773 983 νομίζω,
1803 915 1881 969 καὶ

2001 918 2134 972 eris.
2169 916 2246 972 Ex
2281 917 2438 972 libris
2464 932 2629 986 porro
2655 932 2794 986 quos
2819 916 3086 985 postulas,
3110 916 3342 970 alterum
3369 913 3576 977 inveni,

275 1001 455 1071 μόνα.
494 1002 796 1073 κεκτῆσθαι
829 1002 1031 1066 καλῶς,
1055 996 1130 1056 ὧν
1160 1004 1227 1058 ἂν
1259 1003 1424 1069 αὐτὸς
1460 1005 1773 1075 μετάσχοις,
1802 1006 1881 1059 κα¹

1999 1023 2234 1078 eumque
2276 1008 2344 1062 ad
2394 1016 2447 1062 te
2479 1009 2713 1063 libenter
2769 1008 2918 1071 misi,
2961 1023 3159 1077 nempe
3198 1005 3576 1062 Demostheni-

271 1085 375 1154 οἷς
416 1091 499 1146 ἂν
528 1092 604 1156 ὡς
644 1093 870 1147 σεαυτοῦ
901 1094 1156 1164 χρήσαιο.

2002 1115 2126 1152 cum
2165 1117 2177 1153 :
2209 1102 2440 1153 alterum
2476 1115 2606 1154 vero
2637 1099 2795 1153 amisi
2832 1117 2846 1164 ;
2877 1114 3038 1169 quem
3089 1099 3295 1169 poscis,
3334 1115 3444 1152 non
3478 1098 3575 1150 ha-

270 1186 432 1252 beo,
488 1187 748 1243 nimirum
808 1187 1054 1244 Iliadem.
1115 1187 1247 1242 Mihi
1285 1188 1429 1244 enim
1476 1189 1532 1244 in
1584 1189 1690 1244 hoc
1732 1190 1895 1245 velim
1957 1191 2116 1247 fidem
2158 1209 2229 1248 ne
2269 1195 2540 1264 abroges,
2599 1195 2803 1264 quippe
2852 1194 2946 1264 qui
2992 1210 3079 1248 me
3133 1193 3221 1248 his
3265 1195 3398 1250 solis
3439 1191 3569 1258 frui,

270 1296 492 1353 eaque
558 1283 675 1338 sola
729 1289 881 1338 recte
923 1282 1212 1352 possidere
1258 1284 1604 1349 existimem,
1665 1299 1900 1354 quorum
1941 1285 2059 1358 ipse
2084 1289 2358 1358 particeps
2389 1303 2474 1351 es,
2513 1288 2847 1357 quibusque,
2876 1295 2936 1341 ut
2964 1286 3097 1353 tuis,
3130 1285 3326 1340 uteris.

774 1437 899 1492 AB'.
941 1437 1030 1507 Τῼ
1077 1436 1261 1507 ΑΥΤῼ
1300 1436 1434 1507 (28).
1495 1488 1498 1490 γ

2534 1437 2752 1492 XXXII.
2811 1436 3045 1492 EIDEM.

370 1555 1036 1630 Epistolam__superio_rem
1062 1559 1301 1630 proximo
1336 1567 1515 1611 secuta
1545 1567 1622 1612 est
1648 1558 1925 1614 intervallo
1953 1559 2079 1622 ista,
2108 1560 2160 1613 in
2183 1577 2286 1630 qua
2312 1560 2430 1628 jam
2461 1558 2740 1628 Philagrio
2767 1560 3095 1630 gratulatur,
3123 1556 3263 1626 quod
3295 1556 3351 1630 in
3381 1571 3575 1630 a'runt-

277 1628 382 1681 nis
431 1638 500 1700 et
526 1627 796 1700 doloribus
825 1627 1177 1700 philosophice
1198 1643 1254 1700 se
1277 1637 1445 1697 gerat,
1477 1629 1787 1700 eaimia'que
1813 1630 1900 1700 det
1926 1631 2164 1684 omnibus
2193 1627 2486 1697 exemplum
2511 1627 2830 1700 tolerantia'.
2868 1628 2986 1696 Ipse
3014 1629 3169 1697 plura
3191 1627 3389 1695 profert
3409 1627 3574 1695 petita

281 1714 324 1750 a
355 1697 618 1766 profanis
643 1693 984 1765 schtoribus
1012 1693 1572 1768 patientiw'exempla,
1593 1693 1782 1768 quibus
1817 1699 1886 1754 ad
1916 1700 2128 1769 fortiter
2151 1693 2454 1754 tolerandos
2490 1701 2727 1767 corporis
2758 1693 2966 1753 dolores
2995 1693 3203 1752 excitet.

361 1805 458 1863 Εὖ
492 1827 557 1878 γε
599 1812 680 1865 ὅτι
727 1810 1037 1880 φιλοσοφεῖς
1078 1813 1136 1864 ὲν
1183 1811 1296 1874 τοῖς
1339 1811 1572 1876 πάθεσι,
1623 1813 1718 1866 καὶ
1761 1812 1886 1886 γίνῃ

2067 1812 2328 1869 Gratulor
2369 1815 2490 1880 tibi,
2527 1814 2675 1886 quod
2725 1813 3102 1885 philosophice
3151 1811 3205 1865 in
3251 1809 3570 1866 calamitati-

279 1900 531 1964 πολλοῖς
563 1901 868 1972 ὑπόδειγμα
901 1901 1004 1971 τῆς
1035 1903 1091 1954 ὲν
1115 1904 1228 1964 τοῖς
1254 1901 1522 1968 ἀλγεινοῖς
1556 1905 1881 1974 καρτερίας·

1993 1910 2096 1962 bus
2135 1914 2189 1961 te
2235 1909 2381 1978 geris
2426 1909 2724 1978 multisque
2775 1906 3075 1962 tolerantiae
3113 1903 3169 1957 in
3210 1902 3378 1956 rebus
3414 1918 3570 1957 acer-

277 1994 394 2048 aea‘t
449 1990 642 2061 ὥσπερ
679 1991 772 2043 ἐπὶ
823 1992 987 2043 παντὶ
1044 1989 1304 2059 βελτίστῳ
1358 1991 1611 2060 κατεχρῶ
1653 1991 1732 2060 τῷ
1786 1991 1890 2043 σώ-

281 2100 469 2155 ματι,
505 2081 673 2151 ἡνίκα
727 2079 981 2147 ὑγιεινῶς
1033 2075 1206 2147 εἶχες,
1248 2077 1391 2130 οὕτω
1423 2081 1518 2132 κα)⁵
1574 2079 1668 2132 νῦν
1717 2080 1891 2150 τούτῳ

277 2173 424 2245 χρῶ
487 2170 670 2233 καλῶς
719 2169 867 2237 (29),
922 2167 1110 2237 ἐπειδή
1163 2184 1226 2234 γε
1272 2166 1515 2230 ἀσθενῶς
1565 2168 1745 2238 ἔχεις,
1798 2170 1892 2222 καὶ

284 2265 508 2335 ἀργεῖς
544 2262 644 2314 οὐκ
670 2258 879 2328 ἀργῶς,
916 2259 982 2312 ἵν’
1015 2257 1188 2320 οὕτως
1220 2257 1378 2312 εἴπω.
1415 2258 1730 2327 Φιλοσοφεῖς
1761 2260 1890 2330 γάρ,

278 2354 396 2408 καὶ
463 2354 494 2408 ὃ
531 2368 663 2422 φασι
719 2350 979 2421 Διογένην
1023 2349 1305 2420 εἰρηκέναι
1345 2349 1476 2402 ποτὲ
1523 2350 1887 2421 πυρέττοντα,

279 2445 393 2498 καὶ
417 2440 910 2513 διακαρτερούντα,
937 2439 1098 2493 τοῦτο
1126 2439 1220 2492 καὶ
1251 2439 1413 2502 αὐτὸς
1443 2441 1705 2512 παρέχεις
1732 2442 1886 2513 ὁρᾷν,

277 2535 488 2606 ψυχῆς
531 2534 710 2604 πάλην
761 2532 857 2586 καὶ
882 2530 1152 2601 σώματος.
1199 2529 1370 2584 Τοῦτο
1406 2530 1616 2603 ἔπρεπε
1657 2531 1737 2603 τῷ
1769 2531 1888 2603 ὲμῷ

280 2625 608 2696 Φιλαγρίῳ,
639 2623 716 2695 μὴ
749 2621 1165 2694 μαλακίζεσθαι,
1201 2621 1336 2692 μηδὲ
1369 2621 1718 2693 κάμπτεσθαι
1749 2625 1886 2696 πρὸς

276 2719 359 2774 τά
395 2716 581 2788 πάθη,
611 2714 748 2770 ἀλλά
798 2716 1147 2786 περιφρονεῖν
1187 2713 1299 2782 (30)
1334 2713 1424 2767 τὸν
1471 2714 1660 2785 πηλὸν,
1697 2716 1792 2769 καὶ
1825 2715 1888 2768 τὸ

283 2811 397 2882 μὲν
436 2807 606 2880 σῶμα
641 2809 736 2878 ὲᾷν
777 2806 1008 2877 πάσχειν
1042 2805 1109 2859 τὰ
1145 2804 1362 2868 ἑαυτοῦ,
1405 2805 1622 2870 πάντως
1652 2806 1685 2876 ἢ
1719 2805 1814 2860 νῦν
1850 2806 1883 2878 ἢ

278 2902 536 2972 ὓστερον
581 2897 950 2969 λυθησόμενον
994 2898 1143 2968 νόμῳ
1174 2896 1390 2968 φύσεως
1429 2897 1738 2968 (οἰχήσεται
1776 2897 1887 2970 γάρ

278 2992 318 3064 ἢ
361 2991 523 3060 νόσῳ
563 2989 772 3059 κάμνον
794 2989 986 3060 (51),ἢ
1017 2988 1228 3060 χρόνῳ)
1251 3003 1266 3019 ο
1305 2988 1476 3059 αὐτὴν
1509 2988 1566 3041 δὲ
1619 2985 1754 3058 ὑψοῦ
1787 2987 1886 3060 τὴν

279 3081 484 3153 ψυχὴν
512 3078 678 3150 ἔχειν,
707 3080 800 3132 καὶ
824 3079 960 3150 μετά
991 3077 1126 3133 Θεοῦ
1155 3077 1418 3149 τετάχθαι
1446 3079 1557 3141 τοῖς
1581 3077 1883 3148 λογισμοῖς,

282 3173 527 3226 κάκεῖνο
558 3169 785 3235 εἰδέναι,
825 3170 906 3223 ὅτι
947 3168 1056 3222 τῶν
1085 3168 1303 3222 ἀτόπων
1347 3168 1528 3234 ἐστὶν,
1573 3168 1723 3238 ἡμᾶς
1780 3165 1886 3231 ἔξω

1992 1997 2076 2051 bis
2101 1998 2406 2066 exemplum
2431 1999 2687 2054 exsistis:
2712 1994 3240 2067 etquemadmodum
3267 1991 3334 2045 ad
3365 1991 3570 2060 optima

1991 2099 2222 2154 quaeque
2274 2100 2508 2155 corpore
2552 2085 2815 2148 utebaris,
2863 2099 2988 2138 cum
3040 2097 3211 2137 sanus
3251 2095 3440 2143 esses,
3495 2079 3570 2132 ita

1993 2187 2138 2224 nunc
2171 2187 2388 2241 quoque
2417 2188 2483 2226 eo
2514 2173 2776 2240 praeclare
2817 2182 2992 2232 utere,
3037 2179 3327 2239 postquam
3369 2169 3422 2220 in
3461 2167 3574 2236 28

1993 2262 2244 2316 morbum
2302 2263 2570 2326 incidisti,
2624 2271 2790 2332 atque
2844 2262 3038 2315 otiaris
3096 2260 3322 2313 minime
3371 2258 3569 2320 otiose,

1993 2359 2053 2405 ut
2095 2352 2169 2404 ita
2218 2353 2429 2422 loquar.
2467 2351 2883 2420 Philosopharis
2933 2350 3102 2414 enim,
3133 2356 3208 2413 et,
3260 2347 3404 2417 quod
3445 2346 3571 2400 Dio-

1989 2458 2182 2512 genem
2236 2444 2365 2497 olim
2415 2443 2624 2498 dixisse
2669 2441 2874 2501 ferunt.
2916 2455 3040 2494 cum
3085 2439 3232 2493 febre
3273 2439 3570 2504 laboraret,

1989 2548 2056 2588 ac
2099 2533 2348 2588 dolorem
2403 2533 2620 2588 fortiter
2671 2532 2959 2603 perferret,
3016 2531 3120 2586 hoc
3179 2531 3297 2600 ipse
3352 2544 3571 2608 quoque

1987 2626 2229 2695 praebes,
2275 2625 2534 2680 nimirum
2582 2625 2781 2679 anima:
2823 2631 2880 2679 et
2916 2625 3166 2692 corporis
3220 2619 3569 2676 colluctatio-

1987 2732 2133 2771 nem.
2201 2715 2316 2772 Hoc
2377 2717 2593 2773 scilicet
2656 2715 2996 2784 Philagrium
3064 2727 3244 2768 meum
3317 2710 3567 2776 decebat,

1988 2823 2182 2879 nempe
2225 2825 2334 2864 non
2373 2807 2632 2873 emolliri,
2666 2823 2766 2862 nec
2793 2805 3078 2860 doloribus
3103 2803 3301 2873 frangi,
3339 2801 3435 2857 sed
3481 2802 3568 2856 lu-

1987 2903 2102 2950 tum
2133 2909 2502 2958 contemncre,
2535 2911 2600 2951 ac
2631 2910 2832 2965 corpus
2863 2893 3086 2963 quidem
3115 2892 3299 2946 sinere
3333 2905 3396 2945 ea
3428 2891 3565 2960 pati,

1987 3005 2108 3061 qua:
2143 2990 2316 3060 ipsius
2351 2997 2546 3042 natura
2588 2987 2714 3051 fert,
2763 2993 2974 3041 natura:
3015 2985 3133 3055 lege
3181 2982 3432 3045 omnino,
3481 2981 3567 3035 vel

1987 3097 2155 3148 nunc,
2198 3081 2278 3135 vel
2328 3088 2516 3150 postea
2547 3078 2890 3150 dilapsurum
2923 3096 2937 3132 :
2969 3075 3240 3147 (interibit
3265 3073 3435 3137 enim,
3479 3073 3564 3128 vel

1988 3173 2202 3239 morbo,
2238 3173 2321 3226 vel
2365 3180 2652 3226 senectute
2688 3169 2998 3225 confectum
3026 3167 3068 3231 ;)
3115 3180 3335 3222 sursum
3382 3171 3563 3218 autem

286 3265 399 3336 μὲν
445 3261 709 3317 κινδύνων
765 3263 1074 3333 φιλοσοφεῖν
1105 3262 1249 3331 (52),
1301 3263 1360 3315 ὲν
1403 3260 1463 3314 δὲ
1513 3263 1634 3322 ταῖς
1675 3258 1881 3329 χρείαις

1984 3265 2224 3318 animam
2285 3264 2508 3323 habere.
2563 3277 2628 3317 ac
2682 3277 2776 3331 per
2829 3259 3198 3329 cogitationes
3267 3270 3396 3310 cum
3443 3253 3557 3308 Deo

283 3350 668 3421 ἀφιλοσόφους
706 3348 1014 3419 φαίνεσθαι,
1048 3351 1142 3402 καὶ
1173 3348 1558 3418 διαψεύδεσθαι
1603 3350 1702 3421 τὴν
1750 3350 1882 3403 ὑπό-

288 3455 514 3511 σχεσιν.

1986 3354 2282 3424 conjungi,
2340 3354 2584 3423 illudque
2631 3353 2857 3406 minime
2909 3353 3193 3421 ignorare,
3257 3346 3560 3402 absurdum

1989 3457 2052 3496 ac
2101 3451 2494 3512 praeposterum
2545 3457 2672 3496 esse
2745 3457 2848 3496 nos
2906 3451 3063 3496 extra
3136 3438 3380 3509 pericula
3439 3435 3562 3506 phi-

287 3530 621 3604 losophari,
672 3538 922 3602 tempore
975 3540 1156 3585 autem
1212 3527 1267 3582 id
1301 3527 1611 3598 postulante
1656 3527 2016 3601 philos0phiae
2067 3543 2322 3604 expertes
2376 3548 2662 3604 apparere,
2702 3548 2805 3588 nec
2851 3531 2999 3602 quod
3047 3531 3390 3606 profitemur,
3418 3544 3561 3600 pra:-

285 3633 376 3679 sta
386 3639 472 3678 re.

360 3716 559 3770 Πάντα
597 3713 829 3784 ἐπῆλθες
851 3711 1055 3783 δηλαδὴ
1091 3714 1156 3783 τῇ
1199 3712 1442 3783 διανοίᾳ,
1478 3713 1581 3766 ὅσα
1614 3714 1880 3786 ἡμέτερα,

286 3812 394 3864 ὅσα
441 3807 723 3877 ἀλλότρια,
753 3805 831 3868 ὼς
871 3804 1012 3876 ἀνὴρ
1047 3805 1156 3874 (55)
1189 3805 1627 3876 πεπαιδευμένος
1670 3809 1729 3860 έν
1771 3807 1880 3878 άμ-

285 3885 579 3975 φοτέροις,
630 3899 725 3952 καὶ
770 3897 1067 3968 παιδευτὴς
1121 3897 1324 3953 ἀλλων·
1391 3899 1486 3952 καὶ
1531 3899 1596 3952 ὲκ
1659 3899 1880 3954 πάντων

287 3993 513 4066 σεαυτῷ
541 3989 808 4055 συνελέξω
837 3991 1031 4061 τὸτῆς
1061 3989 1374 4064 ἀνθρωπίας
1419 3989 1708 4064 φάρμακον
1743 3992 1876 4060 (54).

288 4086 416 4139 Ἵνα
444 4082 504 4136 δέ
539 4098 620 4136 σοι
665 4078 830 4148 κάγὼ
867 4077 1332 4151 συμφιλοσοφήσω
1379 4081 1596 4152 μικρὸν,
1629 4081 1678 4134 εί
1721 4081 1881 4134 τοῦτο

285 4175 572 4239 κελεύεις,
606 4171 708 4224 ούκ
748 4169 958 4223 ἐπαινῶ
1002 4168 1098 4221 τοῦ
1139 4169 1542 4240 Ἀριστοτέλους
1581 4170 1642 4222 τὸ
1689 4188 1882 4242 μικρο-

284 4267 477 4335 λόγον,
517 4263 576 4326 ὂς
607 4262 708 4332 τὴν
747 4259 1094 4330 εὐδαιμονίαν
1138 4261 1271 4330 ἡμῖν
1307 4259 1625 4330 ὁριζόμενος
1649 4301 1664 4326 ,
1720 4263 1884 4333 μέχρι

291 4357 398 4428 μέν
449 4369 596 4415 τινος
644 4349 919 4423 προῆλθεν
962 4347 1167 4419 ὀρθῶς,
1218 4348 1394 4418 ψυχῆς
1437 4349 1716 4420 ἐνέργειαν
1763 4351 1882 4403 κατ’

287 4444 503 4519 ἀρετὴν
531 4443 644 4516 (35)
678 4436 823 4496 εἶναι
849 4439 1055 4512 ταύτην
1088 4439 1510 4509 ἀποφηνάμενος
1533 4456 1547 4470 ο
1581 4440 1676 4493 καὶ
1712 4457 1882 4512 προσ-

2053 3713 2246 3770 Omnia
2297 3713 2516 3785 quidem
2563 3713 2749 3767 animo
2800 3712 3141 3784 pervolvisti,
3209 3720 3319 3766 tam
3369 3721 3561 3770 nostra

1982 3821 2144 3874 quam
2177 3812 2462 3868 extranea,
2489 3811 2675 3874 utpote
2703 3804 2784 3858 vir
2827 3806 2881 3859 in
2922 3803 3176 3873 utrisque
3203 3804 3477 3871 eruditus,
3506 3817 3562 3862 ct

1980 3893 2217 3948 aliorum
2270 3903 2619 3964 praeceptor;
2679 3902 2846 3964 atque
2897 3893 3259 3949 humanitatis
3303 3894 3562 3964 pharma-

1981 4000 2107 4039 cum
2160 3986 2253 4038 tibi
2311 3987 2426 4054 ipse
2473 4002 2540 4042 ex
2590 3986 2849 4041 omnibus
2897 3986 3192 4057 collegisti.
3244 3984 3445 4041 Verum
3500 3999 3560 4041 ut

1983 4084 2186 4138 tecum,
2224 4076 2269 4131 si
2310 4078 2382 4130 ita
2423 4077 2604 4146 jubes,
2651 4077 2903 4130 nonnihil
2939 4078 3314 4147 philosopher,
3350 4077 3561 4134 Aristo-

1983 4169 2107 4224 telis
2159 4168 2505 4238 jejnnitatem
2561 4183 2673 4222 non
2744 4168 2952 4236 probo,
3008 4167 3104 4237 qui
3161 4168 3558 4224 beatitudinem

1980 4260 2142 4315 nobis
2172 4260 2474 4324 definiens,
2516 4258 2756 4330 quodam
2800 4268 2962 4313 tenus
2987 4257 3208 4328 quidem
3241 4267 3390 4314 recte
3426 4276 3562 4330 pro:

1983 4365 2208 4420 gressus
2261 4359 2366 4416 est,
2418 4366 2613 4420 nempe
2667 4350 2862 4404 animae
2918 4351 3189 4406 actionem
3246 4351 3553 4406 secundum

1983 4439 2238 4494 virtutem
2280 4456 2405 4496 esse
2457 4440 2606 4494 illam
2663 4441 3053 4511 pronuntians,
3109 4439 3450 4512 addensque,
3495 4443 3553 4498 in

289 4538 447 4602 θεὶς,
481 4539 540 4590 ὲν
593 4534 694 4607 βίῳ
734 4533 958 4604 τελείῳ,
1013 4530 1110 4586 καὶ
1150 4529 1310 4585 τοῦτο
1358 4531 1504 4603 μάλα
1536 4533 1716 4603 σοφῶς
1741 4574 1755 4599 ,
1789 4534 1879 4588 διά

1983 4531 2092 4585 vita
2126 4531 2390 4601 perfecta,
2425 4531 2530 4587 hoc
2553 4548 2774 4604 quoque
2804 4533 2983 4605 ipsum
3015 4533 3307 4589 admodum
3335 4536 3556 4607 sapien-

289 4631 354 4684 τὸ
394 4629 628 4702 στρεπτὸν
665 4626 823 4700 ἡμῶν
875 4625 973 4679 καὶ
1029 4623 1454 4696 εύμετάπτωτον
1506 4627 1604 4696 τῆς
1637 4627 1871 4696 φύσεως.

305 4722 514 4774 Ἐκεῖνο
561 4719 621 4773 δὲ
663 4720 766 4772 οὐκ
811 4717 892 4770 ἔτι
935 4713 1401 4787 μεγαλοπρεπῶς,
1445 4715 1584 4769 ἀλλὰ
1617 4715 1711 4770 καὶ
1753 4715 1875 4771 λίαν

293 4808 602 4874 ταπεινῶς,
649 4811 732 4862 ὅτι
780 4810 874 4862 καὶ
921 4807 1020 4878 τὴν
1065 4807 1263 4872 ἔξωθεν
1310 4807 1600 4878 εὐετηρίαν
1647 4808 1872 4880 προστί-

299 4900 488 4970 θησινο
539 4899 614 4963 ὡς
665 4901 715 4952 εί
770 4898 925 4969 τύχοι
963 4898 1132 4968 πένης
1181 4915 1265 4962 τις
1306 4896 1403 4965 ὢν,
1453 4896 1795 4970 ἢνοσώδης,
1837 4899 1874 4970 ἢ

370 5031 487 5102 (27)
529 5028 778 5102 Dianai;
802 5025 1052 5102 χρῄζεις.
1084 5025 1160 5102 Ita
1185 5026 1346 5102 codd.
1379 5027 1487 5083 duo
1515 5027 1682 5100 Regg.
1712 5029 1867 5086 Pass.

295 5096 536 5157 Montac.
571 5109 626 5155 et
655 5098 842 5154 Morel.
878 5099 934 5150 In
971 5096 1058 5150 ed.
1088 5096 1240 5151 deest
1274 5098 1360 5149 σύ.

372 5172 484 5243 (28)
526 5172 674 5228 Alias
707 5165 887 5243 LXIV_.
923 5166 1134 5243 Scripta
1167 5172 1289 5243 post
1328 5168 1688 5243 superjorem,

368 5236 481 5314 (29)
522 5243 716 5314 Τούτῳ
757 5237 879 5314 χρῷ
911 5236 1130 5314 καλῶς.
1185 5237 1265 5314 Ita
1303 5237 1424 5314 cod.
1477 5236 1626 5314 Reg:
1659 5237 1716 5291 In
1756 5254 1868 5293 uno

299 5304 497 5386 legitur
521 5304 723 5383 χρῆσαι
755 5304 931 5377 τούτῳ
960 5304 1160 5384 καλῶς.
1192 5304 1290 5359 Et].
1323 5305 1497 5375 τούτῳ
1527 5304 1652 5428 χξῇο

367 5383 485 5428 13m
525 5383 701 5428 Ἀλλά
727 5391 1124 5428 πεοιωοονειν.
1157 5373 1291 5428 Cod.
1333 5375 1492 5428 Pass.
1523 5379 1558 5428 ἀ
1591 5377 1652 5428 λὰ

367 5373 485 5454 (50)
524 5373 701 5435 aliis
727 5373 1124 5448 περιφρονεῖν.
1157 5373 1291 5429 Cod.
1333 5373 1492 5430 Pass.
1523 5373 1659 5429 ἄλλά
1695 5395 1868 5432 κατα-

379 5469 467 5506 ονε
475 5471 542 5506 ιν.

300 5470 972 5594 φρέῧνίγό-ᾳιιχκᾴμνον.
1002 5516 1136 5572 Cod.
1170 5514 1304 5584 Reg.
1335 5515 1474 5594 νόσιρ
1501 5515 1694 5594 καμόν.
1721 5517 1867 5583 Mox,

295 5586 477 5665 αὐτὴν
507 5591 573 5665 δὲ.
595 5589 754 5665 ὑψοῦ,
783 5586 953 5657 ipsum
993 5603 1110 5641 uero
1140 5601 1351 5638 sursum
1381 5586 1615 5640 animum
1658 5587 1866 5644 habere.

307 5660 478 5734 ’Υψὸὖ
509 5660 827 5734 adverbium
850 5665 954 5734 est.

367 5725 482 5806 ('52)
522 5729 699 5806 Ἠμᾶς
723 5728 838 5793 ἔξω
869 5725 985 5796 μὲν
1019 5725 1317 5806 κινδύνων
1345 5726 1722 5806 φιᾼοσοφεξν.
1761 5727 1868 5806 Gu-

299 5795 547 5861 bernator
576 5795 630 5856 in
677 5795 976 5870 tempestate
1029 5795 1386 5864 dignoscitur,
1426 5795 1599 5865 inquit
1633 5797 1866 5868 Cypria-

1977 4629 2081 4686 ter,
2111 4631 2333 4694 propter
2361 4625 2680 4680 mutabilem
2723 4625 2993 4696 facileque
3035 4627 3090 4680 in
3140 4626 3419 4682 diversum
3469 4628 3552 4682 la.-

1973 4714 2188 4771 bentem
2231 4724 2443 4773 natura:
2487 4726 2688 4773 nostra:
2732 4719 3126 4774 conditionem.
3158 4718 3228 4772 At
3270 4718 3403 4774 illud
3443 4735 3550 4774 non

1969 4807 2081 4878 jam
2142 4810 2450 4880 magnifice,
2499 4811 2593 4867 sed
2646 4827 2912 4883 perquam
2959 4809 3181 4867 sordide
3221 4819 3276 4866 et
3316 4811 3554 4881 abiecte,

1973 4899 2118 4972 quod
2177 4913 2460 4957 externam
2541 4919 2757 4973 quoque
2820 4904 3088 4958 bonorum
3157 4902 3552 4956 abundantiam

1971 5044 2299 5102 nus,__ser_m.
2342 5046 2394 5084 Iv
2429 5032 2501 5086 De
2529 5035 2878 5096 mortalitate,
2913 5035 2967 5086 in
3001 5034 3115 5086 acie
3165 5033 3319 5087 miles
3355 5034 3550 5102 proba-

1973 5097 2353 5171 tur._I)e|icata
2377 5102 2608 5169 jactatio
2639 5114 2744 5167 est,
2778 5120 2904 5156 cum
2937 5103 3240 5171 periculum
3277 5097 3386 5158 non
3417 5113 3503 5159 est
3529 5125 3543 5161 :

1970 5168 2308 5293 Bonﬂictatio
2347 5173 2400 5224 in
2441 5173 2691 5228 adversis
2732 5168 2983 5242 probatio
3006 5180 3090 5226 est
3121 5173 3387 5230 veritatis.
3419 5174 3547 5230 Haec

2019 5256 2124 5293 ιιι.

2019 5256 2124 5294 ιιι..

2041 5313 2154 5380 (53)
2199 5313 2296 5378 Ὠς
2326 5309 2501 5377 ἀνὴρ.
2534 5311 2613 5364 Ita
2649 5309 2772 5364 cod.
2823 5307 2956 5380 Reg.
2990 5309 3226 5367 Montac.
3257 5320 3312 5367 et
3351 5311 3541 5370 Morel.

1970 5380 2110 5435 Male
2133 5382 2263 5437 editi
2298 5383 2418 5434 ὅσα.

2041 5451 2150 5524 (54)
2195 5451 2310 5524 Τῆς
2339 5449 2676 5518 ἀνθρωπείας
2709 5447 3050 5524 φάρμακον.
3081 5449 3326 5505 Combef.
3353 5450 3416 5524 τὸ
3446 5453 3547 5520 τῆς

1968 5522 2139 5593 ἀνίας
2163 5522 2475 5593 φάρμακον,
2509 5522 2745 5593 maeroris
2785 5522 3168 5589 pharmacum;
3221 5537 3342 5590 quae
3381 5523 3545 5576 lectio

1969 5592 2072 5661 ipsi
2098 5592 2314 5646 videtur
2345 5592 2653 5661 commoda.

2039 5662 2151 5729 (55)
2197 5659 2754 5730 Ψυχῆςγὲνέργειαν
2794 5660 2915 5712 κατ’
2969 5658 3214 5728 ἀρετήν.
3262 5659 3342 5730 Ita
3394 5662 3541 5715 enim

1967 5731 2358 5797 beatitudinem
2404 5729 2601 5786 definit
2649 5731 2991 5795 Aristoteles,
3039 5731 3133 5786 lib.
3177 5745 3195 5785 ι
3247 5729 3420 5786 Ethic.
3465 5735 3539 5788 ad

1973 5800 2376 5857 Nicomachum.
