4120 6400
530 366 543 377 ’
600 388 661 447 7|
1804 376 1863 434 s.
1906 378 2235 437 cnsoonn
2274 380 2624 440 'l‘llEOLOGl

3828 381 3924 438 Ἡ

599 493 899 572 adiunxit;
939 498 1016 551 ita
1051 503 1113 550 ut
1145 494 1196 551 si
1221 494 1373 565 quis
1400 492 1560 565 inops
1597 502 1689 557 sit,
1721 502 1817 547 aut
1851 494 2190 550 valetudina-

2301 498 2599 571 δυσγενὴς,
2659 500 2691 570 ἥ
2749 499 3128 571 φυγόπατρις,
3169 498 3323 570 παρὰ
3371 496 3530 553 τοῦτο
3576 497 3725 571 αὐτῷ
3788 500 3924 573 τῆς

598 594 740 656 rius:
795 597 891 645 aut
936 590 1175 646 obscuro
1223 603 1444 659 genere,
1491 593 1589 640 aut
1627 601 1657 638 a
1704 586 1881 655 patria
1923 587 2184 653 extorris,

599 691 892 755 propterea
937 680 1054 750 ipse
1084 695 1114 733 a
1162 678 1504 734 beatitudine
1543 688 1818 733 arceatur.
1855 678 1927 732 At
1974 678 2188 733 Stoico-

599 791 725 831 rum
775 774 943 830 animi
992 771 1428 844 magnitudinem
1474 785 1539 825 ac
1579 771 1959 842 praestantiam
1998 770 2219 838 laudo,-

599 868 695 941 qui
736 882 825 922 res
856 873 1116 921 externas
1158 865 1374 919 nullum
1417 862 1486 918 ad
1524 862 1919 919 beatitudinem
1960 862 2191 933 impedi-

601 966 847 1015 mentum
891 956 1089 1012 aﬂerre
1130 954 1346 1019 dicunt,
1381 954 1475 1010 sed
1512 954 1689 1009 virum
1725 954 1933 1010 bonum
1966 954 2189 1010 beatum

598 1064 745 1114 esse,
781 1048 1000 1104 etiamsi
1032 1047 1088 1101 in
1124 1044 1436 1101 Phalaridis
1475 1054 1638 1101 tauro
1664 1057 1962 1103 cremetur.
2034 1060 2037 1063 '

668 1139 754 1197 Ob
783 1154 1016 1210 eamque
1064 1153 1292 1192 causam
1334 1153 1445 1193 non
1499 1153 1598 1194 eos
1656 1146 1872 1192 tantum
1921 1136 2188 1203 admiror,

598 1236 694 1307 qui
722 1234 867 1305 apud
904 1247 1008 1287 nos
1052 1246 1153 1301 pro
1191 1232 1397 1287 virtute
1438 1231 1702 1300 p-riculis
1748 1246 1807 1285 se
1847 1230 2187 1294 obtulerunt,

482 1392 487 1397 ,
598 1333 695 1380 aut
741 1322 1109 1379 calamitatem
1159 1318 1376 1374 fortiter
1417 1320 1708 1383 tulerunt,
1772 1320 1868 1375 sed
1930 1326 2191 1374 externos

598 1416 786 1477 etiam,
823 1414 917 1483 qui
955 1413 1166 1468 similes
1196 1427 1388 1466 eorum
1429 1415 1785 1477 exstiterunt,
1808 1409 1961 1465 verbi
1991 1410 2191 1481 gratia,

598 1504 985 1559 Anaxarchum
1032 1504 1210 1568 illum,
1260 1504 1609 1573 Epictetum,
1657 1503 1965 1564 Socratem,
2016 1509 2072 1554 ut
2124 1513 2193 1555 ne

600 1598 789 1669 plures
827 1611 1147 1651 recenseam
1209 1614 1222 1649 :
1272 1610 1510 1663 quorum
1557 1595 1789 1664 primus,
1824 1608 1949 1647 cum
1995 1606 2193 1647 manus

599 1688 799 1758 ipsius,
854 1694 1092 1757 tyranno
1144 1685 1221 1738 ita
1277 1684 1605 1754 imperante,
1656 1683 1713 1737 in
1755 1681 2023 1737 mortario
2065 1696 2194 1735 con-

601 1780 990 1842 tunderentur,
1052 1778 1347 1832 carniﬁces
1413 1775 1731 1830 Anaxarchi
1799 1774 1911 1844 29
1970 1775 2190 1829 culeum

601 1870 839 1927 tundere
884 1868 1119 1939 jubehat
1178 1867 1277 1938 (ita
1326 1865 1584 1922 videlicet
1640 1864 1783 1919 hanc
1830 1877 2198 1919 aerumnosam

601 1962 959 2017 carunculam
1017 1958 1365 2029 appellans),
1435 1957 1595 2028 quasi
1659 1955 2021 2011 Anaxarchus
2082 1956 2198 2025 ipse

602 2053 829 2108 minimc
902 2051 1249 2117 tunderetur,
1322 2049 1431 2104 hoc
1498 2058 1603 2112 est,
1691 2047 2007 2118 pliilosOphi
2078 2046 2202 2102 ani-

601 2158 691 2198 ma
750 2160 767 2198 :
821 2141 968 2212 quod
1012 2140 1235 2210 quidem
1283 2138 1429 2209 apud
1475 2153 1577 2192 nos
1623 2145 1888 2192 externus
1937 2137 2101 2189 homo
2142 2140 2199 2188 et

603 2236 857 2291 internus
889 2234 1214 2305 appellatur.
1265 2232 1439 2297 Alter,
1474 2244 1600 2284 cum
1645 2242 1777 2282 crus
1820 2227 1923 2297 ipsi
1959 2226 2200 2296 stringe-

604 2338 763 2383 retur
812 2342 876 2381 ac
917 2327 1378 2394 distorqueretur,
1433 2322 1583 2377 velut
1634 2321 1690 2375 in
1739 2320 1920 2374 alieno
1963 2332 2200 2387 corpore

605 2418 1126 2491 phil’osophabatur,
1179 2417 1460 2485 citiusque
1507 2427 1637 2468 crus
1690 2409 2029 2482 perfractum
2072 2424 2199 2465 esse

601 2507 807 2569 visum~
846 2518 969 2575 est,
1019 2525 1182 2580 quam
1230 2510 1349 2578 ipse
1390 2506 1500 2561 vim
1561 2503 1773 2559 doloris
1828 2501 2195 2573 persensisse.

604 2605 865 2661 Socrates
916 2603 1156 2675 denique
1228 2604 1300 2655 ab
1358 2598 1791 2655 Atheniensibus
1844 2597 1911 2651 ad
1964 2604 2197 2653 mortem

563 2747 572 2755 .
602 2697 922 2760 damnatus,
958 2707 1372 2763 carceremqne,
1427 2699 1488 2744 ut
1537 2690 1672 2754 seis,
1719 2689 1969 2743 incolens
1993 2727 2008 2753 ,
2042 2688 2198 2759 prius

600 2788 827 2861 quidem
863 2786 932 2843 de
964 2801 1220 2857 corpore,
1254 2791 1517 2853 tanquam
1550 2781 1617 2835 de
1650 2780 1758 2835 alio
1789 2794 2035 2846 carcere,
2068 2794 2195 2835 cum

603 2880 896 2953 discipulis
934 2877 1242 2935 disserebat
1274 2891 1289 2941 ;
1322 2889 1562 2944 cumque
1593 2871 1777 2943 fugam
1812 2873 1951 2927 inire
1981 2873 2195 2936 liceret,

607 2969 664 3026 id
694 2970 871 3025 facere
903 2967 1181 3024 recusavit
1213 2984 1226 3020 :
1264 2973 1557 3035 postquam
1585 2973 1769 3018 autem
1795 2964 1980 3019 cicuta
2009 2964 2196 3019 oblata

601 3070 722 3125 est,
759 3061 1097 3132 perlibenter
1136 3060 1380 3127 accepit,
1430 3055 1659 3126 perinde
1719 3040 1784 3109 ac
1856 3070 1966 3109 non
2035 3054 2197 3110 letale

602 3153 859 3224 poculum
904 3150 1198 3221 acciperet,
1243 3148 1339 3203 sed
1378 3145 1725 3218 propinando
1757 3146 1968 3202 amicos
1998 3145 2065 3199 ad
2099 3160 2198 3215 po-

2296 590 2648 662 εὺδαιμονὶας
2681 592 3055 664 κωλυομένης.
3108 588 3348 644 Ἐπαινῶ
3374 589 3433 644 δὲ
3471 589 3582 644 τῶν
3624 591 3737 645 άπὸ
3790 592 3925 662 τῆς

2297 683 2468 747 Στοᾶς
2521 683 2583 736 τὸ
2637 685 2884 740 νεανικόν
2930 701 2989 739 τε
3039 684 3134 739 καὶ
3186 683 3517 754 μεγαλόνουν
3543 722 3559 745 ,
3612 683 3663 736 οἱ
3715 685 3924 756 μηδὲν

2297 774 2528 829 κωλύειν
2576 777 2712 846 φασὶ
2758 777 2896 850 πρὸς
2946 776 3290 848 εὐδαιμονίαν
3345 774 3420 829 τά
3472 774 3704 842 ἔξωθεν,
3769 777 3919 831 ἀλλ’

2296 862 2435 921 εἶναι
2489 867 2581 923 τδν
2634 869 2924 923 σπουδαῖον
2979 868 3285 941 μακάριον,
3339 868 3443 924 κᾶν
3495 869 3537 921 ’ό
3582 867 3918 942 Φαλάριδος

2296 958 2497 1033 ταῦρος
2525 961 2625 1035 ἔχῃ
2655 962 2968 1034 καιόμενον.

2369 1139 2482 1195 Καὶ
2535 1139 2624 1194 διὸ
2689 1137 2842 1193 τοῦτο
2889 1138 3154 1210 θαυμάζω
3215 1138 3315 1210 μὲν
3366 1141 3496 1205 τοὺς
3556 1141 3686 1213 παρ’
3745 1140 3906 1211 ἡμῖν

2299 1230 2439 1303 ὑπὲρ
2492 1229 2587 1284 τοῦ
2636 1230 2806 1284 καλοῦ
2852 1229 3338 1294 κινδυνεύσαντας,
3388 1231 3422 1302 ἥ
3462 1231 3749 1303 συμφορὰν
3815 1230 3910 1283 δι-

2300 1323 2625 1391 ενεγκόντας
2657 1320 2952 1386 νεανικῶς·
2996 1319 3261 1391 θαυμάζω
3294 1320 3352 1373 δὲ
3384 1321 3477 1373 κα).
3525 1322 3634 1374 τῶν
3680 1320 3912 1385 ἔξωθεν

2298 1413 2425 1476 τοὺς
2479 1411 2688 1476 τούτοις
2761 1410 3185 1483 παραπλησίους
3212 1452 3226 1477 ,
3293 1407 3405 1464 οἷον
3461 1410 3555 1464 τὸν
3624 1410 3911 1482 Ἀνάξαρ·

2299 1518 2392 1573 χον
2436 1501 2550 1569 (56)
2591 1504 2832 1566 ἐκεῖνον,
2882 1503 2975 1556 τὸν
3017 1500 3343 1571 Ἐπίκτητον
3366 1539 3381 1564 ,
3428 1500 3519 1553 τὸν
3561 1500 3904 1571 Σωκράτην,

2263 1640 2274 1656 ,
2300 1593 2387 1646 ἵνα
2426 1594 2500 1665 μὴ
2550 1593 2696 1662 λέγω
2742 1594 3004 1659 πολλούς’
3051 1588 3126 1646 ὧν
3158 1596 3187 1646 6
3240 1592 3338 1662 μὲν
3386 1594 3467 1665 ὲνᾼ
3485 1592 3635 1663 ὅλμῳ
3684 1609 3906 1645 κοπτο-

2304 1685 2482 1755 μένων
2528 1685 2696 1738 αὐτοῦ
2729 1684 2837 1738 τῶν
2879 1684 3115 1756 χειρῶν,
3150 1684 3293 1737 οὓτω
3333 1660 3743 1754 τοῢ⁹τυράννου
3790 1700 3904 1736 κε-

2300 1775 2574 1840 λεύοντος,
2611 1776 2861 1830 πτίσσειν
2905 1777 2997 1830 τὸν
3052 1775 3388 1847 Ἀναξάρχου
3427 1775 3660 1829 θύλακον
3700 1776 3901 1829 διεκε-

2232 1866 2274 1927 Β
2302 1867 2490 1921 λεύετο
2522 1870 2635 1932 τοῖς
2671 1862 3039 1938 βασανισταῖς.
3064 1869 3129 1921 Τί
3155 1869 3313 1921 τοῦτο
3343 1867 3516 1936 λέγων
3542 1884 3557 1933 ;
3586 1866 3647 1920 τὸ
3672 1867 3899 1938 μοχθη-

2302 1958 2395 2030 ρδν
2425 1956 2585 2029 ἡμῶν
2608 1957 2851 2029 ,σαρκίον
2877 1974 2891 1987 ·
2937 1956 3013 2021 ὡς
3064 1957 3394 2029 Ἀναξάρχου
3434 1974 3499 2026 γε
3542 1958 3605 2010 ού
3656 1973 3897 2013 πτισσοο

2301 2050 2486 2121 μένου,
2520 2051 2620 2120 τῆς
2654 2048 2953 2118 φιλοσόφου
2999 2046 3210 2119 ψυχῆςο
3269 2049 3408 2120 ὅπερ
3445 2049 3578 2119 ἡμῖν
3608 2049 3637 2102 6
3682 2048 3843 2112 ἐντὸς
3869 2090 3890 2116 ,

2297 2142 2393 2195 καὶ
2431 2145 2461 2194 6
2512 2141 2670 2205 ἐκτὸς
2727 2140 3017 2211 ἄνθρωπος
3046 2140 3160 2211 (57)
3217 2139 3564 2211 ὀνομάζεται.
3621 2141 3679 2193 '0
3723 2140 3782 2195 δὲ
3823 2141 3894 2194 τὸ

2299 2234 2493 2298 σκέλος
2540 2232 2997 2304 κατατεινόμενος
3035 2233 3131 2286 καὶ
3162 2231 3599 2304 στρεϐλούμενος
3628 2233 3739 2304 (38)
3765 2235 3895 2301 ἐφι-

2298 2322 2517 2393 λοσόφει
2546 2323 2737 2397 ὥσπερ
2763 2325 2821 2378 ὲν
2861 2322 3129 2395 ἀλλοτρίῳ
3165 2323 3245 2393 τῷ
3285 2321 3500 2392 σώματι
3520 2340 3533 2354 ο
3566 2322 3658 2377 κα).
3684 2323 3886 2377 θᾶττον

2297 2419 2633 2487 κατεαγῆναι
2681 2414 2743 2469 τὸ
2786 2415 3016 2482 σκέλος,
3056 2416 3090 2486 ἢ
3142 2413 3569 2469 ὲπαισθάνεσθαι
3612 2414 3709 2484 τῆς
3755 2414 3888 2484 βίας

2298 2506 2466 2573 ἔδοξε.
2512 2506 2811 2579 Σωκράτης
2865 2506 2924 2560 δὲ
2964 2507 3055 2559 τὸν
3115 2506 3347 2560 θάνατον
3400 2505 3519 2561 ὑπὸ
3584 2505 3888 2577 Ἀθηναίων

2298 2597 2675 2669 κατακριθεὶς,
2711 2597 2805 2650 καὶ
2842 2596 3030 2661 οἰκῶν,
3060 2596 3136 2661 ὡς
3179 2592 3357 2661 οἶσθα,
3391 2596 3455 2649 τὸ
3486 2596 3886 2668 δεσμωτήριον,

2297 2690 2435 2753 τέως
2468 2689 2589 2760 μὲν,
2621 2689 2697 2752 ὡς
2720 2688 2861 2759 ὑπὲρ
2895 2686 3055 2741 ἄλλου
3094 2684 3473 2759 δεσμωτηρίου
3506 2685 3603 2740 τοῦ
3632 2684 3888 2757 σώματος

2298 2785 2412 2845 τοῖς
2470 2781 2741 2853 μαθηταῖς
2796 2780 3065 2850 διελέγετο
3091 2818 3106 2845 ,
3161 2780 3258 2855 καὶ
3314 2782 3508 2849 φυγεῖν
3560 2779 3712 2846 έξδν,
3770 2781 3888 2833 άπ-

2298 2873 2532 2944 ηξίωσεν
2555 2890 2569 2904 ⁸
2607 2873 2796 2945 ἐπειδὴ
2822 2873 2878 2926 δὲ
2905 2871 3250 2945 προσηνέχθη
3283 2872 3346 2925 τὸ
3383 2870 3632 2933 κώνειον,
3668 2870 3886 2940 δέχεται

2302 2965 2448 3035 μάλα
2468 2965 2640 3037 ἡδέως
2671 2965 2805 3037 (59),
2835 2964 3025 3037 ὥσπερ
3065 2966 3165 3018 οὐκ
3191 2964 3286 3017 ἐπὶ
3325 2963 3543 3034 θανάτῳ
3566 2962 3884 3034 δεχόμενος,

2297 3054 2434 3109 ἀλλὰ
2462 3055 2780 3128 φιλοτησίας
2808 3057 3567 3129 προπινόμενος.Προσέθηκα
3594 3054 3639 3108 δ’
3667 3053 3735 3107 ἂν
3757 3052 3887 3107 τού-

2297 3163 2412 3211 τοις
2430 3147 2526 3201 κα).
2555 3146 2677 3201 Ἰὼϐ
2700 3148 2791 3203 τὸν
2809 3149 2975 3219 ήμέτε
2987 3165 3100 3221 ρον,
3118 3149 3166 3202 εί
3199 3150 3272 3219 μή
3293 3166 3353 3202 σε
3370 3149 3519 3220 ᾔδειν
3541 3148 3732 3219 πόρῤω
3770 3144 3889 3199 τῶν

602 3243 833 3298 tandum
902 3241 1184 3296 invitaret.
1248 3237 1345 3293 His
1392 3235 1591 3292 Jobum
1661 3251 1882 3306 quoque
1941 3242 2190 3290 nostrum

2299 3236 2411 3309 (40)
2437 3238 2648 3292 ἐκείνου
2672 3238 2879 3303 παθῶν,
2908 3239 3003 3292 καὶ
3021 3238 3152 3292 ὅντα
3184 3241 3281 3293 σὺν
3311 3238 3451 3309 Θεῷ,
3482 3238 3575 3292 καὶ
3602 3240 3881 3307 ἐσόμενον.

603 3334 929 3403 adjecissem
958 3372 975 3400 ,
1037 3332 1148 3387 nisi
1218 3339 1270 3385 te
1328 3330 1528 3387 scirem
1584 3328 1653 3384 ab
1701 3329 1823 3398 ejus
1876 3328 2163 3384 doloribus
2191 3366 2206 3394 ,
2253 3328 2367 3386 Deo
2418 3332 2745 3401 opitulante,
2790 3331 2952 3403 longe
3009 3343 3280 3387 remotum
3323 3345 3470 3397 esse,
3500 3337 3665 3400 atque
3713 3327 3884 3382 etiam

600 3424 740 3481 fore.

675 3515 775 3570 His
802 3514 1113 3569 rationibus
1146 3513 1386 3582 teipsum
1412 3512 1657 3566 mulcere
1692 3510 1825 3565 mihi
1860 3509 2086 3576 videris,
2110 3510 2199 3563 vir

601 3606 789 3661 divine
814 3612 870 3662 et
896 3611 1274 3668 sacrosancte,
1304 3610 1472 3673 atque
1501 3602 1644 3657 hanc
1686 3602 2013 3657 medicinam
2046 3601 2199 3658 adhi-

601 3699 762 3763 bens,
794 3704 913 3752 tum
954 3696 1072 3766 ipse
1104 3696 1305 3759 levius,
1340 3702 1400 3749 nt
1441 3709 1587 3758 reor,
1622 3694 1917 3748 habiturus
1956 3709 2037 3757 es,
2079 3700 2195 3747 tum

602 3807 707 3848 nos
734 3789 899 3845 etiam
934 3789 1158 3844 laudum
1190 3795 1408 3841 tuarum
1441 3800 1725 3856 praacones
1764 3793 1817 3840 et
1853 3784 2066 3840 amicos
2097 3799 2197 3838 vo-

601 3881 813 3951 luptate
852 3878 1091 3944 adicies;
1126 3879 1387 3933 nimirum
1430 3876 1668 3946 teipsum
1718 3874 1794 3928 ila
1843 3888 2193 3943 comparans,

602 3977 664 4025 ut
697 3985 799 4026 nec
832 3970 1026 4025 morbo
1054 3968 1381 4038 debiliteris,
1418 3981 1540 4035 nec,
1567 3964 1714 4038 quod
1742 3966 1819 4019 ait
1858 3964 2023 4019 David
2048 3971 2092 4031 τ,
2123 3965 2195 4020 ob

600 4069 953 4131 peccatorum
989 4073 1201 4131 pacem,
1235 4071 1537 4128 eorumque
1586 4055 1642 4111 in
1695 4056 1799 4110 hac
1833 4055 1942 4110 vita
1978 4054 2194 4110 felicem

600 4163 784 4203 rerum
836 4163 1063 4203 cursum
1119 4146 1416 4203 oli'endaris
1466 4165 1478 4201 :
1524 4146 1657 4216 quin
1705 4146 1889 4215 potius
1942 4146 2191 4215 purgeris

600 4239 666 4309 (si
696 4240 802 4295 hoc
827 4240 997 4296 verbo
1029 4240 1084 4295 in
1116 4247 1169 4295 te
1199 4241 1274 4293 uti
1301 4240 1384 4293 I'as
1423 4238 1554 4309 est),
1585 4245 1749 4308 atque
1788 4237 2188 4304 inﬁrmitatem,

599 4331 819 4387 virtutis
854 4331 1137 4386 materiam
1171 4331 1475 4385 existimes.

668 4487 689 4519 "
716 4486 863 4544 Psal.
901 4501 1078 4553 Lxxn,
1110 4485 1168 4553 2,
1197 4486 1251 4542 ὅ.

2368 3502 2557 3561 Ταῦτά
2587 3523 2675 3577 μοι
2703 3505 2879 3568 δοκεῖς
2918 3504 3240 3576 κατεπᾴδων
3269 3504 3378 3576 (41)
3411 3504 3663 3573 σεαυτοῦ,
3695 3499 3885 3566 ὧθεία

2298 3601 2393 3654 καὶ
2424 3600 2545 3671 ἱερὰ
2589 3597 2821 3669 κεφαλὴ,
2866 3597 2961 3651 καὶ
3010 3597 3155 3651 οὕτω
3202 3597 3428 3652 σεαυτὸν
3462 3599 3747 3669 ἰατρεύων,
3781 3602 3882 3655 αύ-

2298 3691 2389 3754 τός
2418 3707 2478 3743 τε
2509 3688 2575 3743 ἂν
2616 3689 2762 3759 ῥᾴων
2800 3687 3078 3756 γενέσθαι,
3112 3688 3207 3741 καὶ
3234 3689 3385 3757 ἡμᾶς
3415 3689 3727 3760 εὐφραίνειν
3750 3693 3881 3756 τοὺς

2302 3786 2428 3849 σοὺς
2477 3782 2769 3845 ἐπαινέτας
2820 3782 2915 3836 καὶ
2951 3780 3209 3853 ἐραστὰς,
3240 3781 3390 3835 οὐδὲν
3420 3781 3526 3835 ὑπὸ
3571 3783 3671 3854 τῆς
3717 3783 3879 3837 νόσου

2303 3874 2690 3946 καμπτόμενος
2747 3873 2883 3946 (42),
2936 3872 3111 3938 οὐδὲν,
3159 3873 3189 3927 ὃ
3243 3890 3408 3944 φησιν
3438 3876 3468 3927 6
3497 3873 3640 3939 θεῖος
3688 3875 3877 3937 Δαϐιδ,

2302 3964 2406 4019 ὑπὸ
2446 3966 2548 4036 τῆς
2589 3966 2812 4037 εἰρήνης
2836 3964 2942 4018 τῶν
2968 3963 3330 4037 ἁμαρτωλῶν,
3372 3966 3467 4020 καὶ
3492 3966 3590 4038 τῆς
3619 3966 3759 4021 κατὰ
3784 3967 3879 4021 τὸν

2301 4055 2415 4127 βίον
2446 4057 2631 4110 τοῦτον
2660 4056 2878 4127 εὐροίας
2907 4055 3088 4111 αὐτῶν
3127 4057 3530 4129 ὲγκοπτόμενος
3562 4059 3674 4130 (43)
3695 4075 3709 4089 ·
3740 4058 3878 4113 ἀλλὰ

2299 4149 2394 4202 καὶ
2419 4149 2841 4222 καθαιρόμενος,
2871 4152 2921 4204 εί
2944 4149 3103 4220 θέμις
3125 4138 3219 4203 ἐπὶ
3251 4150 3344 4203 σοῦ
3364 4149 3523 4204 τοῦτο
3546 4152 3722 4204 εἰπεῖν
3737 4150 3875 4223 (Η),

2298 4242 2392 4294 καὶ
2414 4240 2545 4313 ὓλην
2576 4242 2778 4313 ἀρετῆς
2809 4240 3128 4311 ποιούμενος
3159 4238 3257 4312 τὴν
3285 4240 3593 4297 ἀσθένειαν.

674 4665 788 4748 (ὅθ)
830 4665 941 4748 T61:
979 4663 1371 4748 Ἀνάξαρχον..
1396 4663 1766 4720 Anaxarchus
1800 4665 2179 4748 philosophus,

2294 4667 2672 4748 pdigdélsjrgt
2703 4667 3331 4748 llapcb;,_maxima-cum
3352 4667 3627 4748 hilaritate
3653 4668 3873 4748 accepit.

601 4745 821 4792 mortuo
855 4735 1207 4806 Alexandro,
1231 4735 1374 4806 apud
1407 4750 1567 4805 quem
1601 4750 1826 4806 aninmo
1877 4735 1931 4788 in
1966 4735 2176 4791 henorc

602 4806 814 4871 fuerat,
852 4805 907 4860 in
948 4805 1217 4876 Gra'c‘iam
1261 4802 1500 4870 rediens,
1530 4820 1558 4858 a
1599 4802 1964 4876 Nicocreonte
2004 4806 2175 4876 Cyre-

600 4893 792 4932 narum
829 4884 1061 4948 tyranno
1099 4874 1475 4948 interceptus,
1497 4888 1638 4948 novo
1667 4882 1722 4928 et
1758 4874 2007 4929 inaudito
2040 4874 2175 4945 sup-

598 4948 744 5018 plicii
773 4943 971 5018 genere
1007 4946 1289 5018 cruciatus
1313 4943 1719 5018 est.AEpii-tetus
1741 4952 1922 4999 autem
1957 4943 2177 5000 summo

599 5015 702 5071 Fuit
730 5015 801 5071 in
832 5019 1066 5072 ‘honore
1110 5016 1253 5085 apud
1300 5016 1601 5070 Adrianum
1638 5015 2065 5085 imperatorem.
2116 5023 2177 5069 ut

598 5087 754 5142 testis
785 5097 870 5141 est
901 5085 1081 5141 Elius
1103 5082 1444 5156 Spartianus
1474 5086 1544 5156 ing
1566 5082 1825 5156 Adriano.
1861 5082 1985 5156 llaec
2025 5084 2175 5139 BILL.

670 5156 787 5226 (37)
807 5156 989 5226 ⁸Ὅεξιειο
1013 5152 1219 5225 ἡμῖν-’ό
1243 5157 1417 5223 ἐντὸς
1452 5152 1551 5209 καὶ
1577 5158 1610 5208 ό
1642 5153 1818 5221 ἐκτὸς
1845 5153 2180 5226 ἅνθρωπος.

595 5223 845 5298 ιιι
893 5223 1146 5297 Βεε.Ἰιι
1171 5226 1302 5281 edit.
1332 5228 1512 5298 Ὅπερ
1563 5225 1694 5297 ἡμῖν
1724 5227 1754 5279 6
1799 5223 1955 5289 ἐκτὸς
2006 5225 2102 5278 καὶ
2153 5227 2183 5280 6

595 5295 780 5438 ὲνῖἓῖί)
814 5364 1323 5438 Κατατᾳινόμενος
1368 5363 1467 5417 καί
1505 5365 2004 5438 στρεϐλούμενος.
2055 5363 2178 5419 Bill.

592 5433 712 5490 cum
740 5454 862 5491 cm:
892 5436 974 5490 illi
998 5436 1369 5507 frangeretur;
1405 5441 1461 5487 at
1492 5433 1711 5507 videtur
1742 5433 2026 5507 putatione
2048 5450 2180 5507 crus

594 5507 881 5589 amisisse;
907 5502 1051 5589 quod
1076 5502 1919 5589 gregarius.xareayﬁvar‘dixit.
1956 5503 2176 5567 Suidas,

593 5576 875 5647 πηρωθεὶς
906 5573 967 5629 τὺ
999 5573 1204 5637 σκέλος
1219 5573 1327 5628 ὑπὸ
1361 5574 1655 5644 ῥεύματος,
1687 5573 1857 5628 altera
1886 5590 2044 5629 crure
2071 5590 2182 5627 mu-

596 5645 785 5726 tilatas
810 5662 875 5701 ea:
911 5646 1232 5713 deﬂuione,
1257 5644 1407 5717 quod
1448 5645 1607 5715 longe
1640 5652 1725 5700 est
1766 5660 1797 5699 a
1845 5644 2179 5715 cruril‘ragio

595 5722 1045 5858 “(gfodéxstar
1070 5783 1235 5855 μάλα
1264 5785 1470 5855 ἡδέως.
1498 5784 1634 5844 Cod.
1664 5783 1798 5858 Reg.
1832 5791 1889 5847 et
1926 5780 2170 5843 Comhcf.

2358 4739 2471 4809 (40)
2504 4737 2709 4808 Πόρῤω
2741 4737 2880 4809 τῷν.
2921 4738 2998 4793 lta
3033 4740 3153 4809 cod.
3191 4737 3372 4804 Pass,
3406 4739 3555 4809 quod
3589 4740 3874 4809 postulare

2280 4806 2501 4863 videtur
2536 4806 2755 4888 sensus.
2786 4808 2884 4862 Ed.
2919 4809 2980 4861 οὐ
3012 4808 3221 4931 πόρρω,
3250 4821 3354 4864 etc.

2354 4878 2467 4931 (Ml
2497 4882 2700 4931 Δοκειο
2725 4877 3104 4931 κατεπάδειν.
3155 4888 3205 4931 ιιι
3230 4879 3354 4931 cod.

2354 4878 2467 4951 (ei)
2497 4877 2700 4945 Δοκεῖς
2725 4877 3104 4947 κατεπᾲδεινζ
3124 4877 3205 4933 lta
3230 4879 3354 4934 cod.
3379 4877 3513 4951 Reg.
3538 4878 3597 4933 In
3624 4877 3716 4934 ed.
3742 4894 3874 4932 κατ-

2281 4949 2519 5019 επᾴδων.

2358 5016 2471 5087 (42)
2510 5016 2704 5088 οὐδέν
2735 5018 2856 5073 ὑπὸ
2909 5017 3018 5088 τῆς
3061 5019 3254 5073 νόσου
3312 5017 3748 5088 καμπτόμενος.
3791 5019 3870 5071 ita

2285 5087 2397 5161 duo
2426 5087 2589 5161 codd.
2624 5087 2794 5161 Regg.
2829 5100 2882 5144 et
2905 5087 3060 5146 Pass.
3102 5088 3161 5144 In
3196 5088 3328 5146 edit.
3359 5089 3503 5145 οὐδέ.
3548 5087 3787 5144 Montae.
3816 5096 3872 5144 et

2286 5157 2472 5229 Morel.
2506 5157 2950 5229 καμπτομένους.

2356 5225 2648 5300 (1.5113sz
2673 5225 3150 5300 τοῦτον-εὐροίας
3180 5225 3380 5283 αὐτῶν
3405 5228 3866 5300 ἐγκοπτόμενος.

2283 5297 2419 5353 Cod.
2450 5297 2585 5370 Reg.
2620 5299 2743 5371 Βίον
2776 5298 2955 5371 αύτῷν
2979 5297 3202 5371 εὐροίας
3244 5297 3671 5371 ὲ-κπτοούμενος,
3691 5297 3872 5352 obstu-

2283 5371 2523 5439 pefactus
2542 5368 2826 5439 concidas.
2861 5368 2983 5439 Mox
3020 5368 3070 5424 in
3096 5368 3219 5439 cod.
3257 5369 3415 5439 Pass.
3446 5368 3539 5423 καί
3571 5369 3746 5439 deest.

2359 5438 2470 5510 (44)
2495 5440 2567 5492 El
2594 5439 2760 5510 θέμις
2788 5438 2886 5492 ἐπὶ
2912 5438 3029 5510 σοῦ
3062 5438 3240 5493 τοῦτο
3270 5438 3479 5510 εἰπεῖν,
3507 5439 3553 5492 si
3582 5438 3695 5510 hoc
3716 5436 3870 5510 verba

2286 5510 2367 5581 tui
2401 5508 2486 5578 [ac
2529 5518 2647 5571 est;
2691 5509 2745 5562 id
2779 5516 2884 5581 est,
2926 5510 2975 5562 si
3002 5509 3087 5578 [as
3130 5520 3207 5563 est
3260 5508 3614 5581 hocgdicgereh:
3661 5508 3869 5581 Exigua

2288 5580 2379 5633 illa
2404 5577 2646 5650 peccata
2696 5593 2818 5649 qua:
2852 5580 2905 5634 in
2938 5587 2991 5634 te
3027 5589 3257 5643 restant,
3306 5577 3691 5650 alllietionibus
3720 5577 3867 5650 (pur.

2287 5647 2434 5731 gari,
2468 5664 2532 5704 ac
2563 5664 2671 5704 non
2692 5647 2904 5730 .'potius
2944 5660 3198 5731 Virtutem
3233 5658 3382 5731 tuam
3435 5647 3867 5715 calamitatibus,

2285 5718 2432 5777 i'clut
2466 5734 2660 5776 aurum
2692 5718 2836 5792 igne,
2869 5722 3112 5792 purgari.
3141 5718 3264 5776 Ilmc
3296 5719 3444 5774 Βιιι..

3876 5909 3905 5929 -4
