4158 6424
353 401 422 454 ’ῖῦ
1678 402 2010 458 EPISTULA
2056 404 2288 459 XXXlll.
3525 404 3589 461 7-2

889 606 1010 659 Al".
1054 606 1140 676 τι)
1181 607 1356 676 arra
1387 606 1518 675 (ιδ).

2560 607 2793 663 XXXI".
2837 607 3062 662 EIDEM.

415 787 550 848 Cum
583 790 826 843 nonnulli
861 788 1213 858 Philagrium,
1248 787 1336 858 qui
1371 787 1473 839 vim
1519 784 1686 858 morbi
1721 783 1989 837 laboribus
2031 793 2262 838 avertere
2308 785 2567 858 tentabat.
2605 795 2909 858 carperent,
2944 796 3124 858 atque_
3139 786 3420 855 objieerent
3472 802 3588 839 eum

346 864 587 916 auaritia:
627 861 858 914 studere.
907 859 984 912 uel
1020 854 1206 910 'onimi
1239 856 1503 908 duntaxat
1549 855 1987 906 oblectamentum
2044 871 2299 923 qumrere.
2346 855 2489 909 datis
2545 856 2613 908 ad
2662 872 2779 909 eum
2837 855 3029 908 litteris
3083 854 3388 923 Gregorius,
3431 858 3591 910 amici

347 933 576 992 labores,
611 931 896 983 dummodo
932 929 1158 982 avaritia
1209 927 1347 979 absit
1396 936 1444 979 et
1504 925 1894 979 immoderatio.
1933 941 2034 976 non
2082 926 2259 977 modo.
2282 934 2521 985 excusat,
2557 942 2732 980 verum
2758 927 2921 978 etiam
2952 927 3316 979 incusantibus
3362 928 3572 978 amicun

344 1004 453 1068 ipse
498 1012 803 1062 succenset;
847 999 1034 1063 quibus
1089 997 1263 1050 ualere
1307 995 1500 1064 jussis.
1551 1005 1608 1046 ut
1647 994 1906 1068 imperitis
1949 995 2058 1068 illis
2117 995 2590 1068 graculisaquila:
2640 996 2876 1068 uolutum
2925 995 3344 1063 explorantibus.
3406 996 3585 1068 Phila-

338 1063 518 1141 grium
547 1071 880 1130 adhortatur,
928 1079 981 1120 ut
1015 1073 1262 1136 seipsum,
1299 1063 1361 1118 ac
1402 1069 1586 1128 Iteum,
1631 1064 1828 1117 tumin
1871 1063 2072 1127 dolore,
2109 1078 2217 1116 tum
2263 1065 2317 1116 in
2364 1065 2431 1117 iis
2474 1081 2590 1134 qute
2633 1064 2867 1119 dolorem
2911 1074 3168 1132 spectant,
3212 1068 3266 1119 iu
3310 1067 3588 1120 consilium

339 1137 612 1196 adhibeat.

412 1320 788 1390 Λαμϐἀνονταί
832 1320 924 1373 σού
973 1335 1116 1381 τινες
1145 1317 1488 1386 (αἰσθάνομαι
1510 1315 1637 1386 γὰρ)
1667 1359 1681 1377 ,
1713 1317 1796 1378 ὡς
1831 1333 1907 1382 φι-

2089 1312 2228 1368 Sunt
2268 1314 2361 1384 qui
2404 1324 2456 1369 te
2501 1320 2731 1383 carpant
2777 1313 2794 1381 (
2811 1313 2916 1366 hoc
2963 1311 3108 1366 enim
3161 1310 3396 1379 sentio),
3443 1309 3588 1379 quod

334 1410 694 1474 λοκαλοῦντος
740 1411 852 1478 (46)
894 1411 956 1463 τὸ
1005 1409 1165 1480 μόνον
1205 1426 1296 1461 σου
1348 1408 1554 1478 κτῆμα,
1585 1408 1680 1460 καὶ
1728 1407 1914 1478 φιλερ-

338 1504 565 1572 γοῦντος
601 1507 658 1558 ὲν
696 1504 919 1574 τοιαύτῃ
966 1503 1297 1557 καταστάσει
1342 1501 1451 1570 (47)
1503 1501 1597 1554 τοῦ
1643 1499 1910 1571 σώματος.

334 1597 452 1650 Καὶ
487 1595 794 1666 θαυμαστὸν
825 1595 975 1650 οὐδέν
999 1613 1013 1626 ο
1065 1593 1249 1664 ἐπειδὴ
1284 1593 1379 1646 καὶ
1418 1594 1547 1664 ῥᾷον
1577 1595 1635 1646 ἐν
1674 1597 1785 1656 τοῖς
1819 1594 1914 1647 άλ-

330 1687 569 1758 λοτρίοις
601 1689 634 1758 ἢ
671 1690 783 1750 τοῖς
813 1688 1030 1752 οἰκείοις
1069 1687 1398 1756 φιλοσοφεῖν.
1453 1685 1594 1755 Ἐγὼ
1633 1687 1691 1740 δὲ
1734 1689 1782 1740 εί
1817 1687 1914 1756 μὲν

329 1777 526 1849 ἑώρων
561 1795 618 1831 σε
650 1785 800 1850 πέρα
827 1779 919 1832 τοῦ
943 1780 1142 1852 μέτρου
1173 1779 1332 1833 τοῦτο
1359 1779 1615 1833 ποιοῦντα
1636 1819 1651 1844 ,
1693 1779 1725 1850 ἢ
1758 1779 1938 1834 πλεον-

324 1869 568 1932 εκτικῶς
606 1870 718 1940 (48)
753 1872 786 1941 ἣ
835 1871 1023 1940 βιαίως
1055 1875 1121 1943 τῇ
1173 1871 1460 1942 φιλοπονίᾳ
1499 1872 1909 1943 προσκείμενον,

323 1961 439 2015 κᾶν
479 1963 816 2034 ἐμεμψάμην
845 1965 1147 2034 (εἰρήσεται
1177 1963 1285 2033 γὰρ
1313 1962 1588 2032 τάληθὲς),
1623 1962 1789 2033 μηδὲν
1815 1961 1912 2032 τὴν

325 2053 519 2122 φτλίαν
551 2054 585 2124 ἢ
621 2053 902 2106 παίδευσιν
951 2053 1062 2121 (49)
1098 2051 1385 2114 αἰδεσθείς.
1435 2053 1496 2103 El
1539 2052 1595 2104 δὲ
1637 2052 1912 2122 φιλεργεῖς

328 2144 458 2211 μὲν,
491 2144 592 2194 οὐκ
615 2142 718 2206 ἔξω
749 2142 805 2194 δὲ
833 2141 925 2194 τοῦ
958 2141 1177 2211 μέτρου,
1206 2143 1311 2210 χρᾷ
1343 2141 1400 2194 δὲ
1437 2141 1546 2208 (50)
1581 2143 1660 2204 εἰς
1691 2141 1809 2194 δέον
1833 2139 1914 2206 οἷς

323 2233 631 2305 φιλεργεῖς,
686 2233 948 2305 πρόσεστι
995 2231 1109 2301 (51)
1139 2232 1194 2284 δὲ
1226 2231 1320 2285 καὶ
1367 2233 1428 2284 τὸ
1459 2231 1648 2295 πάθος,
1692 2234 1914 2302 ὲνασχο-

320 2322 461 2376 λοῦν
485 2341 541 2375 τε
579 2324 700 2385 ταῖς
727 2323 997 2394 φροντίσι,
1033 2321 1126 2374 καὶ
1161 2320 1344 2373 πεῖθον
1366 2321 1440 2384 ὡς
1474 2321 1614 2393 ὑπὲρ
1657 2322 1717 2374 τὸ
1755 2322 1916 2393 σῶμά

321 2431 416 2468 σοι
459 2413 569 2482 (52)
620 2414 689 2467 τὰ
740 2414 834 2466 τοῦ
889 2412 1162 2484 σώματος,
1198 2414 1298 2466 οὐκ
1350 2413 1458 2482 ἔχω
1512 2413 1628 2476 πῶς
1683 2414 1758 2484 μὴ
1803 2417 1912 2477 τοῖς

319 2506 708 2578 μεμφομένοις
757 2504 1081 2576 μέμψωμαι,
1104 2505 1162 2557 σὲ
1210 2507 1311 2574 τῆς
1363 2504 1541 2567 αἰτίας
1589 2504 1906 2576 ἐλευθερῶν.

315 2598 442 2650 Καὶ
486 2593 619 2668 πρὸς
664 2613 728 2666 γε
757 2595 917 2650 τοῦτο
954 2594 1066 2665 (55)
1114 2593 1352 2664 ἐμαυτὸν
1399 2594 1589 2654 πείθω,
1640 2595 1722 2647 ὅτι
1771 2595 1909 2666 μήτε

2023 1403 2186 1457 unico
2225 1410 2320 1456 tuo
2351 1403 2553 1472 prmdio
2591 1403 2893 1474 elegantius
2923 1401 3171 1457 ornando
3211 1410 3266 1456 et
3294 1401 3592 1457 excolendo

2021 1496 2246 1550 nimiam
2293 1495 2554 1551 adhibeas
2597 1495 2955 1567 diligentiam,
2991 1510 3053 1549 ac
3107 1495 3161 1549 in
3204 1497 3294 1550 tali
3345 1495 3591 1564 corporis

2020 1587 2412 1642 constitutione
2451 1586 2624 1641 labori
2663 1585 2852 1642 sedulo
2894 1587 3197 1640 incumbas.
3242 1585 3351 1640 Nec
3392 1585 3588 1639 mirmn

2021 1680 2153 1734 illud
2204 1678 2379 1734 videri
2431 1678 2636 1734 debet:
2673 1677 2886 1735 facilius
2926 1681 3071 1734 enim
3122 1688 3207 1735 est
3263 1680 3316 1734 in
3374 1680 3590 1741 alienis,

2020 1787 2184 1841 quam
2216 1772 2268 1825 in
2298 1770 2534 1841 propriis
2555 1769 2955 1841 philosophari.
2992 1770 3102 1839 Ego
3139 1785 3286 1836 vero,
3320 1771 3367 1824 si
3401 1780 3452 1824 te
3476 1771 3589 1824 hac

2022 1863 2202 1918 facere
2233 1862 2590 1918 immoderate
2618 1870 2712 1916 aut
2744 1863 2985 1916 avaritia:
3004 1863 3112 1933 30
3136 1863 3318 1917 studio
3338 1873 3433 1917 aut
3463 1878 3587 1917 cum

2020 1955 2279 2010 violentia
2315 1955 2394 2009 sic
2423 1954 2596 2009 labori
2626 1954 2868 2010 deditum
2902 1971 3026 2009 esse
3062 1956 3460 2024 conspicerem,
3500 1956 3590 2008 ob-

2015 2046 2324 2115 jurgassem
2356 2053 2409 2099 te
2450 2044 2696 2114 profecto
2720 2045 2917 2108 (dicam
2949 2047 3092 2100 enim
3117 2050 3288 2109 vere).
3328 2046 3462 2100 nihil
3505 2047 3587 2102 vel

2021 2135 2319 2188 amicitiam
2373 2143 2640 2198 nostram,
2691 2137 2772 2189 vel
2819 2151 3161 2191 communem
3211 2137 3584 2193 educationem

2021 2225 2248 2278 veritus.
2309 2224 2406 2277 Sin
2465 2231 2646 2277 autem
2700 2224 2774 2277 ila
2824 2225 3102 2278 laboribus
3157 2227 3484 2293 oblectaris,
3533 2237 3590 2283 ut

2022 2315 2244 2368 modum
2279 2329 2389 2368 non
2411 2313 2666 2374 excedas.
2703 2322 2867 2385 atque
2896 2315 2986 2381 iis,
3031 2319 3085 2370 in
3121 2317 3319 2386 quibus
3363 2318 3590 2373 libenter

2020 2418 2242 2474 operam
2295 2403 2476 2473 ponis,
2537 2401 2633 2465 ita,
2692 2411 2752 2457 ut
2801 2405 2976 2470 decet,
3031 2406 3224 2469 uteris,
3269 2407 3588 2478 acceditque

2017 2499 2182 2554 etiam
2217 2496 2484 2568 aegritudo
2523 2497 2673 2553 curis
2713 2506 2767 2553 te
2812 2512 3111 2569 occupans,
3149 2514 3212 2553 ac
3253 2500 3588 2570 persuadens

2017 2589 2236 2660 corpori
2295 2588 2559 2660 prodesse
2607 2597 2895 2660 susceptos
2955 2592 3365 2649 exercitationis
3422 2609 3583 2649 causa

310 2687 647 2757 λογίσασθαι
686 2689 816 2760 περὶ
841 2687 1204 2758 πραγμάτων
1240 2686 1334 2739 σοῦ
1361 2702 1444 2749 τις
1470 2685 1732 2756 ἀμείνων,
1771 2680 1816 2754 ᾧ
1845 2703 1907 2754 γε

2011 2681 2260 2752 corporis
2303 2682 2554 2748 labores,
2618 2682 2799 2738 facere
2843 2697 2952 2737 non
3007 2698 3269 2752 possum,
3327 2685 3458 2755 quin
3519 2687 3588 2744 iis

311 2781 418 2834 καὶ
461 2779 597 2850 πρὸς
643 2779 712 2833 τὰ
759 2779 970 2832 ἑαυτῶν
1018 2778 1256 2842 ἅπαντες
1312 2775 1553 2848 χρῶνται
1601 2775 1912 2846 διδασκάλῳ

309 2874 416 2927 καὶ
458 2871 761 2942 παραινέτῃ
780 2871 981 2941 ὁμοίως
1012 2869 1119 2940 ἰδίᾳ
1153 2867 1247 2921 καὶ
1273 2867 1530 2938 δημοσίᾳ,
1566 2867 1702 2938 μήτε
1733 2865 1912 2936 ψυχῆς

309 2963 614 3036 φροντίσαι
652 2960 1104 3033 φιλοσοφώτερος.
1138 2961 1200 3013 Ei
1239 2960 1295 3012 δὲ
1323 2959 1418 3012 καὶ
1448 2957 1525 3028 τῷ
1558 2956 1771 3028 σώματι
1801 2957 1910 3027 (54)

310 3058 419 3125 τὴν
459 3055 647 3123 ὑγείαν
677 3055 972 3124 φυλάσσειν
1003 3055 1036 3124 ἧ
1066 3053 1364 3122 ἐπανάγειν
1395 3050 1509 3122 (55)
1545 3051 1712 3122 μόνης
1742 3053 1912 3122 ἰατρι-

314 3147 452 3216 κῆς,
484 3145 568 3207 τίς
615 3143 757 3198 οὕτω
788 3145 1061 3216 τολμηρὸς
1109 3145 1202 3199 καὶ
1251 3143 1576 3206 ἀπαίδευτος
1605 3142 1738 3213 (56).
1770 3141 1910 3195 ὥστε

317 3255 410 3290 σοι
439 3235 786 3305 περὶτούτων
801 3236 1229 3305 νομοθετεῖνῶἹ)
1247 3254 1263 3304 ;
1284 3237 1422 3299 Τοὺς
1443 3235 1540 3305 μὲν
1559 3229 1651 3288 οὖν
1677 3235 1908 3298 πολλοὺς

315 3325 386 3377 ἔα
422 3323 658 3392 χαίρειν,
694 3323 788 3375 καὶ
834 3319 972 3376 εἶναι
1021 3324 1262 3387 κολοιοὺς
1305 3324 1502 3394 πτῆσιν
1549 3324 1723 3378 ἀετῶν
1769 3323 1912 3376 δοκι.-

320 3414 606 3485 μάζοντας
648 3413 794 3484 (58)”
853 3413 1014 3475 αὐτὸς
1060 3413 1116 3466 δὲ
1167 3413 1376 3482 σεαυτῷ
1425 3412 1543 3482 χρῶ
1596 3411 1906 3482 συμϐούλῳ,

315 3506 419 3558 καὶ
448 3503 528 3575 τῷ
561 3503 702 3575 Θεῷ,
736 3504 863 3576 περί
905 3521 964 3557 τε
1007 3504 1101 3558 τοῦ
1133 3504 1360 3568 πάθους,
1387 3504 1612 3557 καὶτῶν
1656 3504 1754 3556 ὅσα
1797 3503 1905 3574 (50)

316 3596 454 3669 περὶ
481 3596 542 3649 τὸ
575 3595 768 3659 πάθος,
806 3597 901 3650 καὶ
931 3597 1028 3668 οὐχ
1074 3596 1412 3668 άμαρτήσεις
1439 3595 1532 3648 τοῦ
1567 3594 1797 3659 δέοντος.

2013 2774 2106 2842 qui
2140 2773 2240 2828 tibi
2286 2781 2618 2829 succensent
2655 2775 2771 2843 ipse
2819 2788 3196 2841 succenseam,
3233 2785 3392 2846 teque
3429 2779 3589 2848 culpa

2014 2865 2266 2919 liberem.
2300 2865 2379 2918 Ac
2411 2874 2670 2935 praeterea
2706 2865 2808 2917 hoc
2838 2879 3160 2934 persuasum
3194 2865 3387 2932 habeo,
3425 2871 3589 2925 nemi-

2015 2971 2142 3011 nem
2189 2969 2336 3020 esse,
2389 2955 2483 3024 qui
2537 2955 2620 3010 vel
2657 2953 2727 3009 de
2778 2955 2942 3011 rebus
2984 2957 3179 3012 melius
3209 2959 3583 3023 ratiocinetur,

2011 3062 2176 3120 quam
2231 3055 2330 3113 tu,
2371 3054 2559 3117 utpote
2610 3060 2720 3116 quo
2765 3059 2956 3101 omnes
2997 3048 3162 3102 etiam
3197 3048 3263 3102 ad
3316 3064 3405 3104 res
3457 3065 3586 3104 suas

2013 3140 2430 3196 constituendas
2471 3146 2807 3210 praeceptore
2854 3154 2920 3195 ac
2968 3141 3282 3195 consultare
3332 3142 3584 3212 privatim

2009 3233 2168 3303 juxta
2213 3239 2269 3287 et
2318 3231 2535 3302 publice
2589 3237 2832 3295 utantur,
2878 3231 2964 3286 vel
3011 3233 3312 3302 sapientius
3347 3235 3583 3290 animam

2014 3330 2193 3378 curet.
2227 3320 2382 3388 Quod
2420 3321 2466 3376 si
2496 3321 2747 3390 corporis
2777 3336 2997 3391 quoque
3018 3323 3305 3377 sanitatem
3334 3324 3474 3379 tueri
3502 3325 3584 3379 vel

2016 3429 2276 3469 revocare
2312 3413 2486 3469 solius
2529 3420 2614 3469 est
2654 3412 2960 3474 medicinae,
2999 3413 3124 3482 quis
3167 3422 3274 3467 tam
3318 3415 3495 3470 audax
3532 3426 3582 3471 et

2012 3505 2236 3573 ineptus
2281 3502 2408 3567 erit,
2459 3509 2520 3555 ut
2569 3500 2669 3556 tibi
2701 3500 2768 3557 de
2800 3501 2888 3557 bis
2932 3502 3100 3557 rebus
3149 3503 3297 3573 leges
3341 3507 3584 3559 statuat?

2011 3593 2278 3661 Quocirca
2324 3594 2572 3649 homines
2612 3593 2892 3664 imperitos
2925 3595 3104 3651 valere
3134 3596 3320 3663 sinito,
3359 3607 3415 3652 et
3457 3613 3583 3670 gra-

312 3691 482 3745 culos
503 3705 628 3746 esse
667 3692 977 3762 aquilarum
1017 3692 1258 3745 volatum
1306 3692 1702 3762 explorantes:
1766 3698 1821 3746 te
1886 3700 2067 3746 autem
2115 3690 2316 3760 ipsum,
2369 3704 2435 3744 ac
2485 3687 2680 3754 Deum,
2735 3699 2850 3745 tum
2903 3691 2956 3746 in
3008 3691 3219 3759 dolore,
3269 3701 3382 3747 tum
3417 3693 3472 3749 in
3515 3695 3582 3751 iis

312 3802 444 3856 quae
467 3785 710 3844 dolorem
744 3795 1016 3858 spectant,
1045 3787 1098 3841 in
1129 3787 1424 3842 consilium
1455 3786 1688 3854 adhibe;
1713 3785 1904 3857 sicque
1931 3786 2000 3840 ab
2025 3785 2202 3841 ollicio
2234 3787 2458 3841 minime
2489 3785 2793 3840 aberrabis.

388 4025 508 4090 (45)
545 4024 691 4095 Alias
714 4023 921 4080 LXVII.
955 4024 1155 4080 Eodem
1181 4025 1401 4095 circiter
1428 4039 1572 4080 anno
1600 4023 1830 4095 scripta.

387 4095 506 4164 (46)
550 4094 642 4160 Ὠς
683 4095 1182 4162 φιλοκαλοῦντος.
1221 4094 1310 4149 Sic
1343 4095 1502 4149 vertit
1559 4095 1678 4148 Bill.
1710 4093 1729 4149 Ξ
1764 4093 1896 4148 Uni-

311 4180 439 4217 cum
493 4173 640 4216 tuum
688 4164 946 4232 prtedium
979 4164 1258 4218 ambitiose
1307 4174 1463 4232 atque
1504 4165 1560 4218 in
1594 4165 1900 4232 Itujusmodi

310 4234 697 4288 constitutione
731 4234 932 4302 labores
965 4243 1307 4302 appetentem.

391 4303 511 4371 (47)
543 4301 930 4373 iiIi-10mm}?
965 4300 1352 4373 καταστάσει.
1411 4300 1486 4373 ita
1527 4302 1651 4354 cod.
1679 4301 1816 4373 Reg.
1846 4311 1901 4357 et

309 4370 571 4428 Combel'.
613 4371 709 4427 Ed.
746 4374 805 4424 ἐν
842 4370 1064 4450 τοιαύτῃ
1093 4372 1546 4493 vittatas-cacat.

391 4442 509 4493 (48)
543 4443 616 4493 Ἢ
644 4445 1100 4493 miserant/nmo.
1190 4441 1264 4493 Ill.
1298 4450 1388 4493 ant
1418 4456 1535 4493 cum

391 4442 509 4505 (48)
543 4443 616 4496 Ἦ
644 4440 1100 4510 πλεονεκτικῶς.
1136 4440 1264 4493 Bill.
1298 4450 1388 4493 ant
1418 4456 1535 4493 cum
1582 4441 1896 4510 rapacitate.

390 4513 508 4583 (49)
542 4513 887 4583 ΠιιίδευσινΣ
925 4509 1042 4565 Bill.
1067 4511 1424 4583 eruditionem
1451 4525 1470 4563 :
1517 4511 1654 4565 bene
1685 4511 1897 4583 minus;

315 4580 578 4650 intelligit
644 4583 788 4638 enim
849 4580 1148 4650 Gregorius
1203 4580 1586 4635 educationem
1628 4593 1750 4648 quae
1795 4581 1896 4648 ipsi

311 4653 632 4731 communis
686 4654 864 4708 fuerat
920 4667 1043 4706 cum
1094 4650 1392 4722 Philagrio,
1436 4650 1583 4721 quod
1632 4651 1802 4721 liquet
1831 4665 1896 4704 ex

317 4729 488 4776 θιιιει.
525 4737 654 4776 XXX.

355 4739 507 4856 p233)
687 4791 790 4862 δέχ
807 4789 897 4844 Sic
921 4791 1049 4862 legit
1076 4789 1348 4856 Combef.,
1375 4794 1468 4842 aut
1500 4791 1636 4860 χρῇς
1669 4803 1766 4860 pro
1788 4791 1895 4861 χρᾷ

321 4858 601 4929 proponit.
635 4859 690 4913 In
728 4860 816 4914 ed.
848 4860 972 4929 χρῄ.

393 4926 506 4995 (Si)
531 4926 990 4993 ΙΙρόσεστιζΒιῙΙ.
1031 4930 1232 4984 accedit
1258 4930 1473 4998 insuper
1492 4931 1644 4984 dolor
1673 4929 1728 4982 in
1751 4929 1894 4982 curis

317 5004 368 5048 te.
402 5012 690 5064 occupans,
723 4998 913 5065 tibique
947 5000 1264 5067 persuadens
1298 5002 1530 5067 corporis
1563 5009 1761 5054 statum
1804 5015 1896 5052 su-

313 5080 413 5132 pra
451 5082 640 5134 corpus
676 5067 768 5121 tibi
797 5083 927 5120 esse.

389 5136 505 5205 (5‘2)
545 5137 654 5190 Kal
685 5137 892 5190 πεῖθον
916 5138 995 5202 ὡς
1022 5136 1172 5206 ὑπὲρ
1209 5139 1275 5190 τὸ
1311 5138 1482 5206 σῶμὰ
1503 5155 1616 5194 σοι.
1658 5139 1736 5193 Ita
1767 5139 1890 5193 cod.

318 5203 452 5275 Reg.
489 5203 544 5261 et
572 5208 842 5268 Combef.,
874 5209 965 5276 qui
1007 5203 1285 5270 reddidit,
1321 5203 1641 5275 persuadens
1677 5223 1742 5261 ex
1782 5224 1894 5262 cor-

313 5279 460 5341 poris
496 5279 701 5332 ratione
728 5294 841 5331 esse
883 5293 999 5344 quis
1033 5286 1155 5330 sunt
1187 5279 1443 5339 corporis,
1487 5289 1634 5344 aptos
1676 5280 1721 5330 ei
1759 5288 1808 5330 et
1838 5279 1890 5330 in

316 5360 424 5399 rem
454 5349 569 5414 ejus
600 5349 674 5401 sic
701 5359 1000 5414 assumptus
1033 5347 1261 5406 labores.
1303 5349 1454 5416 quasi
1492 5347 1883 5401 exercitationis

312 5429 502 5486 causa.
535 5417 750 5470 Clarius
781 5427 946 5478 esset,
983 5417 1136 5486 addit
1169 5416 1441 5476 Combei.,
1475 5416 1741 5486 ὼςνπρός.

385 5485 501 5554 (55)
534 5487 690 5557 Πρός
722 5503 787 5556 γε
835 5487 1031 5557 τοῦτο.
1079 5485 1156 5557 rlta
1195 5487 1317 5541 cod.
1371 5487 1528 5557 Reg,
1565 5485 1799 5542 thtac.
1835 5495 1890 5540 et

314 5554 507 5634 Morel.
533 5556 600 5634 [ιι
629 5554 884 5634 ςᾳ.“πρός
905 5572 967 5634 γε
997 5556 1194 5634 τούτῳ.

382 5625 496 5699 (54)
523 5628 596 5681 El
622 5624 691 5679 δὲ
737 5624 940 5688 καὶτῷ
974 5624 1219 5695 σώματι.
1256 5625 1486 5682 Monlac.
1520 5633 1573 5682 et
1619 5624 1801 5682 Morel.
1843 5624 1892 5676 εῑ

593 5855 862 5915 Pnnoc.
917 5859 1024 5916 Gn.
1054 5853 1354 5914 XXXVII

2006 4042 2084 4094 τῳ
2113 4041 2346 4094 σωματι.

2077 4092 2293 4160 (55)“Ἡ
2328 4092 2669 4162 ἐπανάγειν.
2724 4094 2883 4150 Deest
2932 4095 2985 4148 in
3019 4095 3167 4156 cod.,
3213 4113 3310 4150 nec
3344 4096 3580 4154 admittit

2001 4163 2133 4218 Com
2143 4163 2364 4218 belisius

2074 4232 2330 4304 (56)7_Kai
2355 4234 2735 4298 ἀπαίδευτος.
2758 4232 3020 4300 Monum,
3041 4231 3230 4288 Morel.
3255 4245 3308 4291 et
3329 4235 3574 4293 Combef.

2001 4305 2034 4374 ἢ
2064 4302 2413 4374 ἀπαίδευτος,
2445 4315 2537 4357 aut
2569 4306 2790 4370 ineptus.

2073 4371 2186 4440 (5⁸7)
2221 4373 2320 4424 Σοὶ
2347 4375 2479 4440 περὶ
2506 4375 2729 4426 τούτων
2752 4372 3110 4440 νομοθετεῖν.
3147 4371 3250 4426 Pro
3283 4375 3364 4437 σέ,
3396 4384 3448 4429 ut
3481 4377 3577 4430 ba-

2002 4440 2269 4510 bentged“
2306 4440 2590 4510 legendum
2643 4441 2745 4499 σοί,
2781 4444 2854 4495 ait
2903 4441 3126 4505 Billius;
3170 4445 3390 4497 verbum
3426 4449 3572 4501 enim

2001 4508 2276 4583 νομοθετῷ
2323 4508 2540 4583 semper
2575 4512 2828 4580 jungitur
2857 4527 2980 4566 cum
3025 4513 3208 4583 dativo
3247 4530 3493 4583 personas
3524 4532 3575 4571 et

1999 4580 2313 4653 accusativo
2346 4580 2733 4653 rei.’_Dicimus_
2771 4583 2915 4653 enim
2950 4580 3267 4653 νομοθετεῖν
3318 4589 3423 4648 τοῖς
3473 4588 3576 4639 ὑπὸ

1999 4651 2273 4726 χεῖραηθι
2325 4651 2633 4726 νρμοθετείν
2685 4651 2784 4721 τὴν
2835 4651 3116 4726 εθσέϐειαν
3163 4655 3244 4726 vel
3298 4656 3424 4726 περὶ
3477 4658 3574 4726 τῆς

1998 4719 2301 4783 εὐσεϐείας.
2337 4719 2445 4774 Aut
2476 4722 2520 4775 si
2553 4725 2602 4775 in
2640 4719 2962 4789 pronomine
2994 4723 3052 4774 σέ
3084 4725 3265 4778 nullus
3289 4719 3572 4786 csterroi,

1998 4790 2260 4863 proiecto
2279 4805 2386 4844 non
2430 4793 2769 4863 νομοθετεῖν,
2818 4793 2910 4845 sed
2963 4793 3234 4863 νουθετεῖν
3289 4793 3571 4863 legendum

1996 4859 2345 4926 crediderim,
2394 4861 2440 4915 si
2474 4859 2634 4916 nobis
2676 4861 3102 4914 constructiouis
3146 4859 3411 4915 rationem
3444 4880 3574 4916 con-

1997 4939 2142 4984 stare
2169 4931 2443 4984 volumus.
2481 4929 2680 4985 Verum
2731 4945 2855 4983 cum
2891 4931 3012 4999 cod.
3066 4929 3194 4999 Reg.
3237 4933 3462 4996 legimus
3491 4935 3572 4986 col.

1995 4999 2322 5070 νομοθετεῖν,
2358 4999 2500 5066 Mox,
2549 5001 2675 5062 τοὺς
2719 5000 2819 5069 μὲν
2867 4994 2961 5051 οὖν
3008 4994 3253 5062 πολλούς.
3290 4994 3568 5070 Cotnbel'.,

1995 5069 2135 5136 vulgi
2173 5069 2426 5122 homines.

2067 5137 2526 5209 (58)_K0.10toi'e
2583 5137 2817 5209 πτῆσιν
2879 5137 3069 5209 ἀετῶν
3117 5138 3566 5209 νδοκιμάζὶνντας.

1997 5205 2179 5279 ΠιιιιοΔ
2201 5207 2377 5259 locum
2410 5207 2542 5259 citat
2583 5207 2844 5279 Erasmus
2887 5210 2939 5261 in
2973 5208 3184 5278 adagio,
3218 5205 3448 5279 aquilam
3478 5205 3567 5266 ro-

1998 5277 2108 5328 lare
2145 5275 2318 5337 doces,
2353 5284 2652 5346 monetque
2683 5277 2783 5329 hoc
2825 5275 3170 5346 proverbium
3203 5275 3385 5335 in'eos
3413 5296 3566 5334 com-

1995 5352 2200 5414 petere,
2233 5347 2326 5414 qui
2351 5344 2891 5415 llocere'quempiam
2920 5361 3190 5403 conantur
3221 5351 3273 5402 in
3307 5366 3369 5402 ea
3404 5367 3479 5410 re,
3511 5351 3565 5404 in

1993 5431 2259 5492 quauctun
2273 5416 2344 5492 sit
2367 5416 2483 5492 ipse
2504 5418 3010 5492 exercitatissimis,
3027 5420 3157 5492 nihil
3181 5427 3299 5486 eget
3324 5419 3567 5492 doctore.

2068 5485 2178 5556 ($9)
2209 5487 2314 5556 Kal
2350 5485 2468 5536 τῶν
2500 5485 2632 5540 ὅσα.
2660 5487 2736 5540 lla
2762 5490 2921 5540 codd.
2951 5491 3058 5542 duo
3091 5485 3278 5556 ηυδε,
3328 5489 3567 5552 Melitae.

1996 5561 2051 5608 et
2079 5555 2329 5610 (Σιιιιιιιυΐ.
2371 5556 2421 5607 In
2456 5556 2585 5608 edit.
2623 5557 2728 5608 τῶν
2758 5557 2928 5612 deest.
