4120 6408
548 392 621 449 85
1714 383 1752 437 S
1812 379 2146 438 GREGORII
2184 381 2538 439 TIIEOLOGI
3747 374 3824 431 84

549 510 734 558 autem
775 502 1069 574 episcopos
1127 502 1195 556 ad
1260 501 1451 555 urbem
1497 502 1828 554 concurrere
1859 496 2124 563 intellexi,

2231 498 2628 570 ἐπηρεάζουσι·
2672 494 2924 566 δεύτερον
2956 494 3012 548 δὲ
3037 535 3051 557 ,
3092 495 3141 546 εἰ
3174 495 3249 564 μὴ
3291 493 3336 545 τ’
3368 490 3510 545 αὑτά
3538 489 3621 544 σοί
3646 505 3707 543 τε
3740 488 3829 555 (6)

548 593 911 667 profectionis
936 593 1230 649 consilium
1267 593 1462 661 abrupi
1485 630 1501 655 ,
1535 589 1915 659 demirarique
1959 587 2124 659 ccepi.

551 688 788 757 primum
819 687 889 751 si,
930 685 1062 755 quid
1089 686 1381 741 honestum
1417 691 1586 746 esset,
1620 698 1730 737 non
1774 679 2126 753 perspexisti,

551 794 651 834 nec
680 779 883 851 putasti
919 777 1194 833 cavendas
1227 791 1350 832 esse
1381 776 1527 847 vulgi
1561 774 1669 846 35
1700 773 1982 828 hominum
2021 771 2128 826 lin-

550 887 708 939 guas,
747 886 870 940 quae
909 869 1341 940 simplicioribus
1375 868 1683 938 quibusque
1717 864 2004 921 celerrime
2031 877 2128 918 ca-

549 962 812 1016 lumniam
856 970 1115 1029 struunt;
1175 960 1406 1025 deinde,
1450 959 1497 1014 si
1559 973 1668 1013 non
1718 955 1908 1013 eadem
1937 955 2036 1011 tibi
2063 968 2131 1010 ac

549 1053 711 1108 nobis
752 1054 1048 1109 convenire
1085 1053 1391 1117 existimas,
1438 1050 1639 1121 quibus
1666 1057 1721 1106 et
1759 1049 1892 1112 vita,
1939 1055 1994 1103 et
2036 1046 2132 1102 do-

549 1149 752 1217 ctrina,
784 1159 840 1204 et
874 1149 1085 1219 reliqua
1111 1149 1298 1203 omnia
1333 1145 1650 1201 communia
1682 1151 1833 1209 sunt,
1864 1142 2125 1197 nimirum

550 1256 579 1295 a
615 1240 724 1296 Deo
752 1242 826 1295 ita
856 1242 969 1312 jam
1004 1242 1131 1298 inde
1164 1257 1195 1296 a
1226 1241 1402 1312 prima
1433 1246 1595 1294 attate
1624 1234 1996 1299 consociatis;
2029 1244 2133 1288 ter-

547 1334 628 1388 tio
674 1334 858 1405 (liceat
907 1334 1055 1388 enim
1113 1334 1218 1388 hoc
1278 1348 1498 1403 quoque
1527 1327 1768 1399 dicere),
1829 1326 1875 1383 si
1912 1325 2129 1398 piorum

549 1424 757 1495 Deique
783 1434 928 1481 metu
962 1425 1314 1497 praeditorum
1357 1422 1639 1479 hominum
1675 1416 1991 1490 hujusmodi
2019 1416 2128 1472 ele-

2236 590 2332 644 καὶ
2360 590 2492 662 ἡμῖν
2534 587 2767 660 πρέπειν
2802 584 3207 656 ὑπολαμϐάνεις
3233 621 3247 646 ,
3280 577 3360 646 οἷς
3394 581 3489 634 καὶ
3523 580 3635 651 βίος
3657 619 3674 644 ,
3724 583 3829 634 καὶ

2236 683 2425 752 λόγος,
2463 682 2649 736 καὶτὰ
2683 679 2863 733 πάντα
2888 677 3075 742 κοινὰ,
3107 675 3279 739 οὑτως
3305 677 3370 728 ὲκ
3404 672 3538 727 Θεοῦ
3569 671 3638 725 τὰ
3673 668 3833 742 πρῶ-

2235 793 2306 830 τα
2361 772 2810 847 συναρμοσθείσιο
2863 769 3047 841 τρίτον
3105 767 3287 838 (ἔστω
3342 764 3451 837 γὰρ
3505 764 3600 818 καὶ
3661 762 3833 816 τοῦτο

2237 869 2412 922 εἰπεῖν
2434 866 2483 935 ),
2513 867 2562 919 εί
2589 863 2696 919 τῶν
2721 860 3125 932 εὑλαὸεστέρων
3150 858 3405 929 ἐνόμισας
3437 856 3535 919 τὰς
3560 854 3832 916 τοιαύτας

2237 957 2376 1017 εἶναι
2405 958 2679 1033 προϐολὰς
2697 997 2713 1022 ,
2743 955 2882 1010 ἀλλὰ
2909 953 2984 1027 μὴ
3006 952 3113 1007 τῶν
3132 949 3519 1022 δυνατωτέρων
3544 988 3559 1013 ,
3588 947 3683 1001 καὶ
3706 948 3827 1009 τοῖς

2235 1051 2494 1124 πλήθεσιν
2555 1049 2921 1119 οίκειοτέρων.
2981 1043 3122 1115 Ἐγὼ
3180 1045 3278 1115 μὲν
3334 1038 3428 1097 οὖν
3478 1040 3565 1094 διὰ
3618 1038 3827 1102 ταῦτα,

2232 1145 2489 1218 πρύμναν
2539 1141 2888 1212 ὲκρουσάμην
2915 1177 2930 1202 ,
2979 1141 3075 1192 καὶ
3128 1135 3450 1206 ἀναδύομαι.
3506 1133 3599 1186 Σοὶ
3652 1131 3712 1185 δὲ
3768 1131 3829 1184 εἰ

2231 1235 2379 1290 δοκεῖ
2433 1234 2529 1290 καὶ
2581 1231 2731 1304 αύτῷ
2757 1273 2772 1298 ,
2818 1229 2978 1285 τοῦτο
3023 1229 3099 1300 (7)
3136 1227 3371 1299 δεδόχθω
3394 1267 3410 1292 ,
3451 1226 3642 1296 φυγεῖν
3690 1223 3829 1287 τοὺς

2232 1330 2291 1383 ὲν
2324 1329 2474 1400 μέσῳ
2501 1325 2761 1399 θορύϐους
2783 1364 2798 1388 ,
2855 1324 2951 1379 καὶ
2992 1322 3091 1386 τὰς
3123 1319 3367 1393 πονηρὰς
3417 1317 3673 1380 ὑπονοίας
3716 1316 3823 1386 (8).

2236 1418 2345 1491 Τὴν
2391 1419 2448 1472 δὲ
2488 1418 2587 1489 σὴν
2620 1416 2907 1471 εὐλάϐειαν
2938 1413 3239 1486 τηνικαῦτα
3290 1411 3523 1482 ὕψομαι,
3559 1409 3723 1480 ἡνίκα
3748 1408 3829 1461 ἂν

549 1516 760 1570 ctiones
819 1531 943 1571 esse
996 1516 1259 1585 jtulicasti
1284 1555 1300 1580 ,
1358 1531 1468 1570 non
1499 1522 1680 1569 autem
1713 1509 2046 1582 potentium,
2078 1516 2129 1564 et

2235 1512 2306 1566 τά
2358 1528 2419 1565 τε
2467 1510 2773 1582 πράγματα
2805 1508 3082 1577 καταστῇ,
3113 1505 3208 1559 καὶ
3236 1503 3427 1575 καιρὸς
3458 1498 3527 1574 ᾗ,
3560 1501 3656 1555 καὶ
3682 1501 3828 1553 ὀνει-

548 1604 692 1675 apud
732 1607 926 1677 vulgus
958 1608 1353 1678 gratiosorum.
1406 1609 1586 1676 Atque
1616 1617 1717 1675 ego
1785 1602 1873 1658 his
1901 1602 1969 1658 de
1995 1617 2129 1656 cau—

2236 1600 2369 1654 δίσω
2415 1617 2480 1670 γε
2525 1599 2745 1654 πλείονα
2796 1596 2890 1651 καὶ
2935 1594 3229 1666 βαρύτερα.

549 1695 627 1751 sis
665 1698 871 1767 navigii
921 1713 1141 1770 proram
1188 1698 1470 1763 converti,
1513 1712 1580 1751 ac
1620 1693 1896 1766 prolicisci
1961 1692 2283 1749 detrectavi.
2315 1691 2437 1747 Tibi
2484 1699 2667 1747 autem
2706 1690 2812 1762 ipsi
2872 1689 2920 1745 si
2979 1688 3232 1759 videtur,
3294 1684 3400 1739 hoc
3472 1696 3693 1753 quoque
3753 1680 3826 1738 li-

548 1806 679 1847 xum
738 1795 1214 1865 constitutumque
1262 1796 1334 1852 sit
1390 1791 1746 1848 intermedios
1797 1789 2068 1845 tumultus
2131 1804 2444 1859 pravasque
2493 1787 2842 1859 suspiciones
2894 1784 3102 1855 fugere.
3150 1780 3323 1836 Tuam
3381 1793 3509 1835 vero
3558 1777 3820 1847 pietatem

549 1896 664 1941 tum
706 1886 925 1942 demum
953 1887 1169 1952 videbo,
1194 1903 1319 1942 cum
1350 1897 1404 1943 et
1435 1884 1657 1957 negotia
1682 1884 1986 1942 constituta
2009 1882 2234 1949 fuerint,
2259 1893 2314 1937 et
2343 1899 2442 1954 per
2480 1892 2698 1953 tempus
2749 1879 3002 1951 licuerit;
3035 1891 3099 1930 ac
3158 1875 3316 1947 plura
3351 1873 3516 1930 etiam
3582 1879 3638 1927 et
3691 1883 3827 1942 gra-

543 1983 700 2038 viora
728 1981 1092 2049 exprobrabo.

934 2092 1071 2149 XLI.
1100 2092 1192 2147 AD
1221 2092 1750 2149 CESARIENSES.

2416 2087 2553 2142 MA'.
2584 2084 2765 2139 ΠΡΟΣ
2792 2082 2972 2136 ΤΟΥΣ
3018 2080 3106 2134 EN
3145 2078 3516 2150 ΚΛΙΣΑΡΕΙᾼ
3541 2077 3642 2148 (9).

615 2204 752 2261 Cum
779 2205 1021 2282 Ecclesia
1052 2207 1399 2264 Cwsariensis
1425 2211 1698 2264 accivisset
1719 2227 1782 2267 ac
1810 2218 2052 2282 rogasset
2074 2208 2412 2282 Gregorium,
2440 2203 2711 2282 Naziauzi
2733 2203 3053 2282 episcopum,
3079 2217 3142 2254 ne
3164 2216 3218 2254 se
3241 2199 3301 2281 in
3321 2198 3572 2282 elgctione
3591 2197 3824 2282 episcopi

546 2276 854 2351 ἀριστεῖα..
889 2279 1200 2346 adfuturum
1233 2295 1288 2333 se
1318 2281 1579 2348 promittit
1608 2267 1933 2351 venerandus
1967 2295 2125 2351 senes:
2155 2267 2661 2351 epistolasequenti,
2693 2267 2853 2351 quam
2895 2267 3091 2351 patris
3110 2270 3340 2351 nomine"
3355 2267 3639 2351 Gregorius
3656 2267 3818 2351 ﬁlius

549 2347 779 2422 scripsit.
815 2337 1388 2422 Detttonstratuquauti
1418 2351 1668 2422 momenti
1695 2352 1767 2422 sit
1797 2350 1982 2422 electio
2014 2337 2244 2418 episcopi
2289 2337 2571 2422 σφων-ἓως
2618 2337 2852 2398 omizium
2885 2337 3246 2422 gcclesiarurn
3277 2337 3670 2422 (Qappadocite)
3700 2354 3816 2391 nta-

551 2407 684 2486 tris}
721 2418 978 2486 nemiuem
1007 2407 1219 2471 Basilio
1247 2419 1492 2486 pra'ferri
1519 2419 1705 2473 debere
1727 2420 1989 2481 declarat,
2015 2407 2237 2486 eumque
2266 2418 2460 2479 solum,
2491 2415 2588 2486 uel
2608 2424 2746 2468 certe
2774 2407 3419 2486 omuium__essejaaxime
3452 2407 3694 2463 idoneum
3730 2422 3817 2461 re-

546 2484 737 2557 genda:
761 2485 842 2539 his
873 2486 1189 2554 temporibus
1223 2480 1495 2542 Ecclesia
1538 2488 1598 2543 Si
1632 2480 2015 2555 assentiamur,
2049 2504 2105 2543 se
2136 2480 2451 2557 adfuturum
2480 2485 2796 2554 pollicetur;
2845 2484 2933 2538 sin
2962 2480 3111 2535 aliud
3133 2481 3246 2536 illis
3273 2481 3505 2549 placeat,
3547 2496 3605 2534 se
3633 2494 3816 2534 eorum

547 2555 760 2609 consilii
775 2557 1086 2629 participem
1118 2574 1219 2611 non
1246 2558 1509 2627 futurum.

622 2667 756 2724 Sum
806 2670 1026 2741 quidem
1092 2681 1280 2743 pastor
1307 2675 1561 2745 exiguus,
1607 2676 1902 2748 exiguique
1943 2676 2124 2748 gregis

2298 2674 2433 2746 Εἰμὶ
2479 2673 2577 2744 μὲν
2627 2671 2829 2744 ποιμὴν
2874 2671 3055 2740 ὀλίγος
3082 2710 3098 2737 ,
3161 2669 3257 2723 καὶ
3314 2666 3569 2739 ποιμνίου
3613 2663 3817 2738 μικροῦ

548 2762 802 2828 antistes,
830 2770 994 2835 atque
1026 2764 1290 2822 minimus
1334 2768 1478 2823 inter
1509 2767 1750 2839 Spiritus
1800 2770 2125 2826 ministros:

547 2860 606 2907 at
637 2854 813 2924 gratia
853 2871 1199 2927 nequaquam
1261 2868 1494 2931 angusta
1535 2868 1642 2925 est,
1698 2877 1801 2917 nec
1855 2863 1991 2919 locis
2020 2862 2132 2918 cir-

547 2947 907 3018 cumscripta.
937 2946 1207 3013 Quocirca
1226 2952 1410 3019 parvis
1438 2967 1659 3022 quoque
1682 2952 1853 3009 libere
1872 2952 2129 3025 loquendi

549 3046 794 3110 potestas
841 3040 1177 3094 concedatur
1205 3081 1220 3103 ,
1275 3044 1582 3111 praesertim
1616 3045 1685 3100 de
1739 3045 2130 3108 communibus

550 3131 914 3201 maximisque
948 3132 1114 3189 rebus
1160 3133 1466 3190 orationem
1524 3136 1888 3203 habentibus,
1919 3144 1975 3193 et
2003 3152 2129 3193 cum

550 3229 702 3275 tanta
734 3222 937 3279 canitie
1000 3223 1465 3293 consultantibus,
1506 3241 1627 3296 quae
1650 3226 1857 3297 aliquid
1894 3227 2130 3283 fortasse

549 3312 879 3383 prudentius
936 3323 991 3370 et
1031 3314 1291 3371 solertius
1336 3316 1540 3383 habet,
1581 3334 1747 3388 quam
1806 3318 2058 3390 plerique
2095 3334 2127 3374 e

549 3405 735 3476 vulgo.
770 3405 889 3461 Non
918 3405 987 3462 de
1046 3408 1232 3479 parvis
1268 3416 1322 3464 et
1347 3409 1558 3466 levibus
1587 3411 1755 3466 rebus
1782 3410 2127 3477 deliberatis,

549 3512 743 3552 verum
799 3498 1032 3568 quibus,
1083 3500 1166 3554 vel
1224 3508 1374 3556 recte
1404 3540 1418 3564 ,
1451 3501 1534 3557 vel
1560 3516 1722 3558 secus
1773 3501 2126 3570 habentibus,

552 3586 948 3656 rempublicam
973 3603 1193 3658 quoque
1218 3631 1234 3654 ,
1276 3591 1361 3644 vel
1406 3591 1549 3658 hoc,
1583 3591 1670 3646 vel
1717 3590 1813 3645 illo
1862 3592 2024 3647 modo
2071 3608 2131 3649 se

555 3676 757 3732 habere
792 3692 1018 3734 necesse
1049 3686 1152 3734 cst.
1185 3677 1260 3734 De
1300 3677 1546 3735 Ecclesia
1577 3679 1722 3733 enim
1758 3680 1919 3735 nobis
1946 3694 2130 3736 sermo

555 3773 661 3833 est,
697 3781 797 3836 pro
844 3783 951 3838 qua
1000 3768 1256 3825 Christus
1312 3777 1544 3824 mortem
1586 3769 1833 3849 oppetiit.
1873 3784 1938 3824 ac
1967 3770 2034 3825 de
2065 3784 2132 3826 eo

555 3857 651 3927 qui
685 3857 829 3913 hanc
856 3857 969 3915 Deo
989 3861 1148 3916 sistat
1177 3869 1232 3917 et
1257 3860 1533 3916 conciliet.
1564 3859 1805 3915 Lucerna
1827 3861 1972 3916 enim
2006 3876 2127 3915 cor-

552 3950 719 4018 poris,
753 3958 813 4004 ut
843 3950 1126 4023 Scriptura
1153 3951 1313 4007 docet
1335 3952 1376 4018 ”,
1412 3961 1492 4006 est
1518 3953 1724 4015 oculus,
1754 3967 1865 4007 non
1893 3952 1982 4006 hic
2015 3960 2133 4006 tau-

2232 2763 2588 2839 προεστηκὼς
2606 2804 2621 2831 ,
2668 2765 2761 2819 καὶ
2786 2763 3076 2827 πολλοστὸς
3106 2764 3164 2816 ὲν
3192 2760 3494 2832 ὑπηρέταις
3520 2759 3616 2813 τοῦ
3645 2758 3820 2813 Πνεύ-

2235 2874 2424 2930 ματος.
2473 2858 2537 2910 Ἦ
2574 2857 2736 2928 χάρις
2790 2855 2846 2908 δὲ
2890 2854 2953 2908 οὑ
3004 2852 3204 2924 στενὴ,
3251 2851 3370 2905 οὑδὲ
3419 2851 3605 2914 τόποις
3657 2866 3819 2922 περι-

2231 2948 2477 3021 γραπτός
2510 2946 2645 3020 (10).
2680 2946 2780 3000 Διὰ
2827 2945 2987 2999 τοῦτο
3027 2944 3261 2999 δεδόσθω
3312 2944 3407 2998 καὶ
3450 2944 3564 3006 τοῖς
3600 2943 3817 3013 μικροῖς

2231 3041 2516 3114 παρρησία
2540 3081 2554 3104 ,
2601 3039 2777 3104 ἄλλως
2814 3056 2875 3093 τε
2916 3038 3010 3092 καὶ
3048 3037 3178 3109 περὶ⁹
3214 3035 3409 3091 κοινῶν
3441 3034 3553 3106 (II)
3583 3035 3682 3089 καὶ
3713 3051 3817 3105 τη·-

2230 3132 2494 3187 λικούτων
2538 3130 2689 3195 ὄντος
2716 3129 2811 3183 τοῦ
2839 3129 2999 3198 λόγου
3026 3170 3041 3196 ,
3077 3129 3174 3183 καὶ⁵
3219 3127 3357 3199 μετὰ
3394 3125 3663 3197 τοσαύτης
3693 3124 3817 3196 βου-

2230 3224 2542 3296 λευομένοις
2565 3224 2664 3296 τῆς
2686 3220 2877 3286 πολιᾶς
2894 3261 2910 3286 ,
2952 3221 2985 3293 ἢ
3015 3221 3176 3292 τυχὸν
3201 3219 3314 3290 ἔχει
3343 3235 3398 3272 τι
3427 3217 3654 3273 καὶτῶν
3688 3218 3818 3271 πολι

2230 3317 2339 3372 λῶν
2366 3315 2748 3388 συνετώτερον.
2783 3314 2859 3368 Οὐ
2896 3313 3024 3386 περὶ
3055 3312 3268 3385 μικρῶν
3287 3352 3302 3377 ,
3330 3311 3451 3365 οὐδὲ
3487 3310 3597 3366 τῶν
3620 3310 3819 3381 τυχόν-

2230 3429 2339 3465 των
2392 3407 2748 3480 βουλεύεσθε,
2783 3406 2901 3461 ἀλλ’
2945 3401 3022 3460 ὧν
3059 3406 3094 3476 ἦ
3142 3401 3201 3459 εὗ
3255 3404 3288 3476 ἢ
3336 3402 3522 3467 κακῶς
3558 3402 3815 3474 ἐχόντων,

2230 3501 2446 3571 ἀνάγκη
2489 3500 2583 3555 καὶ
2608 3500 2672 3554 τὸ
2700 3499 2879 3554 κοινὸν
2906 3499 3024 3579 ,(12)
3052 3498 3086 3571 ἢ
3130 3496 3354 3561 ἐκείνως
3380 3497 3414 3569 ἢ
3444 3495 3615 3559 οὕτως
3644 3497 3815 3566 ἔχειν.

2232 3595 2369 3666 Περὶ
2416 3593 2525 3665 γὰρ
2572 3592 2898 3666 Ἐκκλησίας
2928 3594 3062 3665 ἡμῖν
3093 3593 3122 3645 6
3178 3591 3367 3660 λόγος,
3411 3590 3552 3662 ὑπὲρ
3581 3585 3651 3663 ἧς
3680 3591 3820 3661 Χρι-

2232 3684 2358 3749 στὸς
2385 3684 2621 3739 ἀπέθανε
2656 3684 2809 3755 (15),
2852 3684 2946 3738 καὶ
2989 3681 3085 3736 τοῦ
3116 3682 3323 3754 ταύτην
3378 3680 3499 3751 Θεῷ
3530 3683 3819 3753 παραστή-

2233 3793 2419 3841 σοντος
2460 3778 2556 3832 καὶ
2602 3775 2988 3849 προσάξοντος.
3022 3776 3263 3847 Λύχνος
3299 3774 3398 3846 μὲν
3422 3775 3531 3846 γὰρ
3555 3772 3664 3827 τοῦ
3696 3774 3817 3827 σώ-

2231 3868 2417 3937 ματός
2448 3870 2623 3923 ἐστιν
2650 3868 2992 3939 ὀφθαλμὸς,
3023 3868 3099 3933 ὡς
3130 3866 3443 3937 ἠκούσαμεν
3469 3906 3485 3932 ,
3539 3867 3599 3919 οὑ
3656 3866 3818 3937 μόνον

2232 3949 2386 4022 οὗτος
2417 3960 2447 4012 6
2494 3959 2827 4030 σωματικῶς
2861 3959 3005 4031 ὀρῶν
3054 3959 3149 4013 καὶ
3191 3958 3466 4031 ὁρώμενος
3491 4004 3505 4023 ,
3539 3958 3677 4013 ἀλλὰ
3722 3958 3818 4012 καὶ

554 4048 695 4105 tum,
720 4043 812 4112 qui
832 4057 1098 4114 corporeo
1127 4042 1291 4098 modo
1323 4043 1500 4099 cei-nit
1531 4057 1596 4098 ac
1628 4043 1894 4107 cernitur,
1944 4042 2038 4099 sed
2085 4043 2129 4098 is

2235 4047 2265 4100 6
2299 4050 2683 4121 πνευματικῶς
2730 4051 2950 4122 θεωρῶν
3005 4052 3099 4105 καὶ
3157 4051 3547 4123 θεωρούμενος.
3614 4049 3818 4122 Λύχνος

556 4130 722 4185 etiam
773 4131 868 4201 qui
917 4132 1278 4202 spiritualiter
1335 4141 1548 4204 spectat
1575 4140 1630 4189 et
1658 4141 1959 4204 spectatur.
2021 4131 2134 4188 Lu-

558 4236 725 4277 cerna
777 4233 956 4278 autem
1010 4224 1271 4282 Ecclesia:
1307 4235 1393 4282 est
1424 4226 1741 4297 episcopus,
1773 4225 2134 4297 quemadmo-

558 4314 689 4369 dum
722 4314 824 4383 ipsi
857 4317 1146 4385 perspicue
1171 4319 1370 4383 nostis,
1412 4318 1631 4374 etiamsi
1678 4333 1787 4372 non
1839 4316 2134 4388 scripseri-

560 4409 706 4460 mus.
742 4404 930 4476 Itaque
969 4410 1426 4475 quemadmodum
1458 4425 1585 4465 cum
1618 4411 1711 4467 ille
1742 4426 1878 4481 pure
1897 4418 1953 4466 et
1989 4411 2134 4467 inte-

561 4510 657 4566 gre
700 4510 763 4552 se
813 4496 1009 4559 habet,
1052 4512 1253 4567 corpus
1296 4515 1517 4570 quoque
1549 4510 1698 4556 recte
1728 4488 1971 4566 ducitur,
2004 4518 2129 4558 cum

563 4593 745 4641 autem
781 4586 1031 4655 impurus
1071 4593 1189 4650 est,
1237 4603 1346 4643 non
1387 4596 1577 4645 recte:
1611 4591 1883 4647 consimili
1915 4607 2135 4663 quoque

566 4680 795 4743 ratione,
840 4677 1101 4739 utrolibet
1125 4680 1288 4736 modo
1316 4695 1439 4738 sese
1465 4679 1727 4738 Ecclesiae
1756 4683 1989 4739 antistes
2030 4684 2132 4737 ba-

517 4873 529 4883 .
633 4839 655 4871 ⁸
679 4837 865 4894 Matth.
897 4855 971 4907 vr,
997 4838 1092 4895 22.

635 4996 713 5062 (0)
756 5001 822 5051 Et
843 4999 930 5066 μὴ
964 4996 1014 5047 τ’
1039 4997 1185 5053 αὑτά
1207 5000 1309 5053 σοι
1339 5016 1422 5056 τε.
1448 5000 1524 5053 Ita
1549 5001 1672 5055 cod.
1700 4998 1855 5056 Pass.
1888 5009 1942 5055 et
1970 5002 2134 5055 (Iom-

565 5066 790 5143 bel.;_at_.
816 5069 938 5143 cod.
984 5066 1132 5123 Harl.
1179 5068 1230 5122 ει
1257 5069 1305 5123 τ’
1333 5069 1471 5125 αὐτὰ
1504 5070 1587 5123 σοί
1613 5088 1692 5125 τε.
1742 5071 1802 5126 In
1845 5071 1931 5128 ed.
1963 5072 2013 5124 εί
2055 5071 2132 5143 μὴ

563 5135 634 5189 τά
661 5134 799 5189 αύτά
827 5137 908 5189 σοί
943 5153 1024 5191 τε.

639 5206 715 5280 t3)
756 5206 861 5280 lia}
887 5206 1066 5280 αὐτῷ,
1090 5208 1285 5280 τοῦτο.
1304 5209 1463 5267 Forte
1490 5209 1774 5280 legendum
1797 5210 1930 5264 αὐτὸ
1950 5210 2125 5266 τοῦτο.

637 5276 713 5347 (8)
750 5276 857 5329 Καὶ
888 5277 994 5342 τὰς
1020 5278 1285 5346 πονηρὰς
1314 5276 1623 5347 ὑπονοίᾶς.
1656 5280 1791 5336 Cod.
1835 5280 1979 5336 2022
2013 5283 2131 5335 ὲπι·

565 5344 735 5410 νοίας.
762 5344 1359 5417 pronaquecoruinerita.

2236 4138 2295 4193 δὲ
2334 4139 2437 4212 τῆς
2482 4142 2807 4215 Ἐκκλησίας
2840 4144 3138 4208 ἐπίσκοπος
3161 4184 3177 4208 ,
3229 4144 3258 4197 6
3307 4143 3465 4214 δῆλον
3512 4146 3673 4216 ὑμῖν,
3712 4144 3817 4199 κᾶν

2237 4232 2393 4288 αὐτοὶ
2432 4232 2507 4305 μὴ
2530 4233 2852 4306 γράφωμεν.
2912 4234 3150 4306 Ἀνάγκη
3193 4235 3404 4299 τοίνυν,
3447 4233 3636 4305 ῶσπερ
3665 4235 3815 4288 ὲκεί-

2236 4339 2329 4378 νου
2356 4323 2615 4395 καθαρῶς
2648 4324 2749 4396 μὲν
2775 4324 2991 4396 ἔχοντος
3016 4324 3194 4397 ὀρθῶς
3227 4325 3457 4395 ἄγεσθαι
3502 4324 3597 4379 καὶ
3618 4326 3679 4380 τὸ
3710 4327 3819 4379 σῶ-

2241 4430 2319 4486 μα
2341 4452 2358 4469 .
2404 4414 2478 4486 μὴ
2508 4414 2750 4485 καθαροῦ
2777 4414 2834 4469 δὲ
2870 4413 3262 4486 τυγχάνοντος,
3296 4415 3397 4469 οὑκ
3433 4414 3634 4488 ὀρθῶς
3673 4415 3817 4469 οὕτω

2234 4504 2300 4576 δὴ
2328 4504 2442 4575 (Ib)
2478 4506 2571 4559 καὶ
2593 4504 2671 4576 τῷ
2701 4505 2980 4577 προστάτῃ
3008 4506 3108 4576 τῆς
3145 4506 3498 4577 Ἐκκλησίας,
3538 4506 3815 4578 ὁποτέρως

2237 4596 2303 4650 ἂν
2333 4595 2430 4668 ἔχῃ
2457 4637 2472 4662 ,
2505 4596 2722 4659 πάντως
2762 4595 2796 4666 ἢ
2839 4594 3356 4650 συνδιακινδυνεύειν
3381 4637 3396 4663 ,
3430 4597 3463 4668 ἢ
3514 4595 3813 4650 συνδιασώ-

2236 4684 2446 4750 ζεσθαι.
2476 4686 2665 4757 Πάσης
2696 4686 2792 4757 μὲν
2824 4681 2918 4740 οὖν
2959 4685 3286 4758 Ἐκκλησίας
3316 4686 3660 4759 φροντιστέον
3682 4727 3697 4752 ,
3735 4686 3812 4752 ὡς

2307 5001 2420 5071 (Η)
2452 4997 2993 5071 Περὶκοινῶνηθίς.
3027 4993 3275 5071 Cumbel‘.
3321 5010 3436 5048 cum
3471 4994 3535 5047 dc
3580 4990 3805 5071 publicis

2236 5062 2589 5140 maximisque
2637 5067 2790 5122 rebus
2841 5066 3157 5122 deliberatio
3204 5066 3296 5130 sit,
3341 5078 3534 5133 nempe
3582 5062 3647 5116 de
3694 5070 3807 5116 tota

2231 5142 2719 5280 άιιῗῗξῗι”Αν-ἁγκη
2743 5209 2810 5280 τὸ
2843 5208 3207 5280 κοινόνηειο.
3239 5202 3544 5280 Cod_.__I{eg.
3568 5209 3623 5256 et
3649 5201 3808 5280 Com:

2236 5272 2343 5338 beI'.
2369 5272 2547 5336 κοινὸν
2576 5272 2802 5351 οὑτοιὶςῆ
2826 5278 3047 5351 ἐκείνως
3075 5276 3239 5351 ἔχειν,
3267 5272 3545 5351 publicarit
3561 5288 3690 5351 rem,
3723 5272 3805 5351 vel

2161 5386 2207 5443 υ
2232 5353 2522 5443 publicum,
2559 5341 2739 5423 ipsam
2758 5341 2952 5419 nempe
2967 5341 3277 5409 ditecesim,
3296 5344 3391 5398 hoc
3423 5342 3501 5399 vel
3532 5342 3626 5397 illo
3649 5341 3807 5397 modo

641 5414 893 5490 (_9)_Aliags
926 5414 1089 5471 XXII.
1131 5415 1344 5490 Scripta
1395 5419 1554 5490 paulo
1582 5427 1726 5490 post,
1772 5420 1824 5474 id
1854 5429 1940 5475 est
1984 5434 2127 5490 anno
2161 5414 2207 5443 υ
2232 5414 2287 5478 se
2313 5414 2521 5477 habere;

567 5482 674 5556 ξπ)
705 5485 1018 5556 decedente.
1048 5517 1115 5528 --
1143 5482 1299 5556 Πρὸς*
1334 5482 1474 5553 τοὺς
1500 5482 1945 5556 «ὲν-’Καισαρείᾳ
1991 5489 2125 5543 Cod.

568 5551 702 5631 Iieg.
724 5557 791 5631 τῇ
834 5555 1128 5631 ’ξκκλησίᾳ
1152 5551 1482 5631 Καισαρέων
1502 5598 1518 5623 ,
1562 5558 1635 5631 ὡς
1669 5561 1734 5613 ὲκ
1760 5551 1855 5613 τοῦ
1894 5551 2131 5631 πατρός,

570 5621 827 5699 Ecclesiie
840 5621 1276 5699 Caesarien'sium,
1300 5621 1455 5699 quasi
1481 5621 1686 5699 nomine
1710 5631 1899 5699 patris.

640 5693 749 5761 (10)
802 5697 1216 5781 Περιγραπτός.
1262 5693 1337 5752 Ita
1389 5697 1499 5753 duo
1547 5693 1720 5753 codd;
1759 5699 1924 5772 Regg.
1958 5697 2017 5755 In
2042 5699 2128 5756 ed.

569 5778 637 5817 πε
646 5778 936 5836 ριγραπτη.

2305 5493 2419 5564 (13)
2438 5491 2706 5564 Χριστὸς
2726 5489 3043 5545 ἀπέθανεν.
3076 5485 3192 5541 Duo
3214 5484 3375 5542 codd.
3404 5483 3639 5555 Χριστὸς
3670 5480 3806 5536 ἐπα-

2234 5561 2345 5620 θεν.
2381 5561 2623 5618 Christus
2656 5576 2844 5620 pas-sus
2871 5570 2969 5613 est.

2303 5579 2345 5620 ν.
2381 5577 2623 5618 unmtus
2693 5577 2844 5614 assus
2871 5577 2969 5613 est.

2303 5633 2353 5702 (l
2369 5632 2416 5703 ί)
2457 5633 2621 5703 οὕτω
2643 5577 2744 5703 ἕή.
2785 5629 2844 5703 In
2875 5628 3000 5703 cod.
3035 5628 3177 5703 Reg.
3199 5629 3353 5703 deest
3378 5627 3463 5694 δή.
3513 5626 3693 5703 Paulo
3719 5627 3807 5681 in-

2233 5694 2339 5771 ira,
2369 5694 2902 5759 συνδιακινδυνεύειν.
2923 5699 2995 5756 Id.
3018 5694 3142 5756 cod:
3167 5698 3328 5755 habet
3348 5694 3802 5765 συγκινδυνεύειν.
