4120 6408
277 427 338 487 ὅ
1637 433 1972 490 EPISTOLA
2011 433 2149 491 XLI.
3461 437 3529 496 8‘5

278 544 481 613 Χριστοῦ
540 545 813 617 σώματος
834 589 851 613 ,

272 642 429 709 μὴτ-ηρ
478 639 691 709 σχεδὸν
718 641 974 695 ἁπάντων
1004 643 1112 695 τῶν
1153 644 1488 716 Ἑκκλησιῶν
1539 641 1607 717 ἦν
1650 661 1710 697 τε
1751 646 1846 698 ἀπ’

264 729 460 799 ἀρχῆς,
504 732 611 783 καὶ
647 731 748 785 νῦν
782 735 934 795 ἐστι,
976 735 1070 787 καὶ
1118 735 1431 805 νομίζεται,
1482 737 1575 790 καὶ
1617 736 1752 808 πρὸς
1780 736 1849 807 ἢν

259 820 313 873 τὸ
355 821 534 874 κοινὸν
573 821 774 891 βλέπει
801 823 936 895 (15),
981 823 1057 888 ὡς
1082 825 1294 896 κέντρῳ
1336 825 1535 888 κύκλος
1582 842 1851 898 περιγρα-

259 912 478 979 ςόμενος
501 951 517 971 ,
554 912 624 964 ού
653 914 823 983 μόνον
852 913 943 967 διὰ
983 913 1082 987 τὴν
1119 914 1430 986 ὀρθοδοξίαν
1474 915 1679 971 ἄνωθεν
1713 918 1850 970 πᾶσι

257 1002 715 1074 κεκηρυγμένην,
769 1004 909 1058 ἀλλὰ
963 1006 1056 1059 καὶ
1103 1007 1204 1077 τὴν
1257 1008 1321 1059 ἐκ
1377 1006 1511 1060 Θεοῦ
1560 1007 1851 1079 δεδομένην

255 1096 388 1166 αὐτῇ
443 1095 742 1166 προδήλως
788 1098 952 1168 χάριν
992 1098 1096 1168 τῆς
1139 1100 1410 1169 ὁμονοίας.
1473 1098 1690 1171 Ἐπειδὴ
1736 1099 1849 1171 (16)

258 1184 432 1237 τοίνυν
460 1186 783 1256 κεκλήκατε
820 1189 919 1259 μὲν
951 1190 1046 1243 καὶ
1076 1190 1226 1260 ἡμᾶς
1266 1192 1344 1254 είς
1373 1191 1472 1263 τὴν
1512 1193 1637 1264 περ)⁸
1658 1191 1849 1245 τούτου

259 1276 535 1346 διάσκεψιν
551 1317 569 1339 ,
595 1278 897 1343 ποιοῦντες
924 1280 1100 1352 ὀρθῶς
1128 1282 1221 1335 καὶ
1251 1283 1551 1347 κανονικῶς
1570 1324 1584 1347 ,
1617 1284 1849 1358 κρατού-

260 1366 394 1437 μεθα
427 1367 484 1421 δὲ
515 1370 678 1442 γήρᾳ
704 1372 804 1424 κα)¹
833 1372 1134 1444 ἀρρωστίᾳ,
1178 1375 1227 1427 εί
1256 1375 1355 1445 μὲν
1385 1375 1482 1431 καὶ
1510 1377 1665 1431 αὐτοὶ
1712 1394 1851 1450 παρ⁴

258 1459 477 1529 είημεν,
529 1461 629 1515 τοῦ
682 1463 1009 1535 Πνεύματος
1062 1464 1469 1539 ἐπιρρώσαντος
1508 1468 1697 1539 (οὐδὲν
1742 1469 1851 1542 γὰρ

258 1549 475 1604 ἄπιστον
507 1555 628 1616 τοῖς
665 1556 961 1625 πιστοῖς),
991 1555 1146 1610 τοῦτο
1176 1556 1256 1627 τῷ
1288 1558 1455 1611 παντὶ⁸
1488 1558 1695 1629 βέλτιον
1714 1559 1848 1630 (l7),

258 1643 346 1695 καὶ
379 1645 509 1713 ἡμῖν
544 1645 709 1716 ἥδιον
733 1691 750 1712 ,
789 1648 877 1703 ἵνα
923 1650 1019 1703 καὶ
1052 1650 1181 1721 ύμῖν
1226 1669 1279 1703 τι
1332 1653 1849 1723 συνεισενέγκωμεν,

257 1733 346 1787 καὶ
376 1736 531 1789 αὐτοὶ
563 1737 674 1809 τῆς
710 1738 965 1808 εὐλογίας
1000 1742 1392 1814 μετάσχωμεν·
1431 1745 1480 1796 εἰ
1516 1743 1573 1796 δὲ
1610 1746 1708 1814 τῆς
1738 1744 1850 1811 (18)

262 1823 542 1888 ἀσθενείας
587 1825 845 1897 νικώσης
903 1828 1330 1900 ἀπολειφθείην,
1382 1830 1483 1883 ὅσα
1534 1848 1594 1900 γε
1650 1831 1852 1885 ἀποῦσι

262 1912 475 1968 δυνατὸν
500 1956 516 1979 ,
545 1918 1013 1990 συνεισφέρομεν.

909 550 1144 620 μάλιστα
1190 552 1245 605 δὲ
1298 552 1396 623 τῆς
1452 553 1762 625 ὑμετέρας,
1814 554 1847 624 ἢ

1956 553 2156 617 bnerit,
2193 553 2302 624 36
2331 554 2554 607 onmino
2582 556 2663 610 vel
2706 553 2934 625 periculi
2963 558 3045 612 vel
3075 557 3268 612 salutis
3306 559 3531 627 partici-

1952 660 2074 716 pem
2126 660 2250 699 esse
2305 661 2529 700 necesse
2557 655 2665 701 est.
2701 646 2871 702 Porro
2891 649 3039 702 omni
3081 647 3353 713 Ecclesiae,
3412 656 3530 702 tan-

1951 749 2117 805 quam
2147 734 2351 788 Christi
2377 735 2619 804 corpori,
2646 751 2859 791 summa
2893 751 3026 790 cura
3071 744 3120 791 et
3153 737 3528 792 sollicitudine

1951 825 2394 898 prospiciendum
2426 834 2530 889 est,
2564 834 2681 880 tum
2740 828 2979 883 maxime
3011 839 3226 892 vestrae,
3260 844 3381 898 qme
3409 844 3531 881 om-

1952 918 2105 973 nium
2159 917 2271 975 fere
2307 918 2680 975 Ecclesiarum
2728 926 2901 975 mater
2946 931 3001 976 et
3050 920 3353 990 antiquitus
3406 918 3529 980 fuit,

1950 1018 2006 1065 et
2032 1025 2182 1065 nunc
2227 1019 2332 1074 est,
2368 1018 2534 1080 atque
2565 1019 2858 1077 censetur,
2899 1021 2951 1065 et
2985 1012 3050 1065 ad
3081 1028 3244 1081 quam
3272 1020 3387 1066 tota
3420 1028 3535 1067 res-

1952 1100 2172 1170 publica
2218 1099 2535 1157 Christiana
2571 1103 2765 1157 oculos
2808 1103 3054 1170 eoniicit,
3098 1103 3242 1157 haud
3279 1118 3440 1158 secus
3468 1117 3533 1156 ac

1952 1190 2195 1246 circulus
2228 1201 2419 1247 centro
2449 1192 2931 1263 circumscriptus,
2968 1209 3077 1247 non
3116 1194 3279 1247 modo
3307 1202 3535 1264 propter

1953 1281 2076 1336 ﬁdei
2131 1283 2500 1354 integritatem
2547 1286 2659 1355 jam
2699 1286 2829 1340 olim
2864 1286 3121 1340 erunibus
3156 1284 3535 1355 praedicatam,

1954 1373 2048 1429 sed
2098 1374 2261 1429 etiam
2301 1375 2372 1429 ob
2403 1378 2711 1432 concordiae
2738 1377 2992 1449 gratiam,
3036 1376 3223 1431 divino
3259 1372 3403 1428 haud
3432 1374 3535 1427 du-

1952 1464 2042 1520 bie
2073 1464 2341 1521 beneﬂcio
2398 1465 2506 1538 ipsi
2552 1482 2899 1524 concessam.
2956 1466 3224 1534 Quoniam
3257 1464 3426 1534 igitur
3467 1463 3535 1517 ad

1952 1555 2419 1623 deliberationem,
2454 1570 2615 1627 quam
2642 1556 2711 1613 de
2755 1557 2858 1613 hac
2901 1572 2959 1611 re
2989 1555 3225 1617 habetis,
3263 1569 3366 1608 nos
3396 1567 3535 1623 quo-

1951 1662 2079 1718 que,
2113 1655 2170 1700 ιιι
2206 1661 2306 1716 par
2327 1655 2467 1709 erat,
2503 1655 2671 1717 atque
2712 1645 3088 1703 ecclesiastica
3132 1646 3318 1717 regula
3346 1652 3535 1715 postn-

1953 1738 2123 1804 labat,
2154 1739 2430 1793 accivistis
2451 1780 2466 1802 ,
2500 1747 2783 1795 senectute
2811 1749 2991 1793 autem
3018 1746 3072 1793 et
3105 1738 3296 1792 morbo
3327 1736 3535 1790 detine-

1953 1847 2097 1896 mur,
2128 1830 2397 1901 siquidem
2455 1832 2560 1903 ipsi
2605 1848 2844 1903 quoque,
2886 1831 3093 1902 Spiritu
3138 1840 3331 1884 sancto
3390 1830 3537 1882 vires

1885 1912 1926 1966 Β
1951 1930 2175 1977 nostras
2209 1922 2559 1985 obfirmante,
2593 1924 2791 1978 adesse
2832 1938 3099 1993 queamus
3146 1922 3360 1992 (neque
3389 1919 3535 1974 enim

267 2007 551 2079 quidquam
582 2010 697 2064 tide
726 2011 974 2080 praeditis
1019 2012 1344 2069 incredibile
1377 2013 1520 2083 est),
1560 2012 1664 2068 hoc
1707 2028 1840 2070 sane
1869 2020 1924 2067 et
1958 2013 2191 2082 publicae
2232 2012 2458 2066 utilitati
2498 2014 2715 2075 melius,
2751 2021 2805 2068 et
2848 2013 3011 2068 nobis
3058 2013 3362 2081 jucundius
3414 2010 3536 2064 fue-

271 2100 360 2163 rit,
391 2108 449 2154 ut
496 2109 552 2156 et
580 2101 753 2158 vobis
807 2102 1015 2174 aliquid
1060 2104 1432 2171 conferamus,
1482 2114 1538 2162 et
1582 2105 1688 2176 ipsi
1751 2103 2151 2160 benedictionis
2204 2105 2494 2175 participes
2555 2103 2874 2160 elliciamur.
2914 2103 2969 2158 Si
3035 2112 3217 2160 autem
3258 2120 3354 2175 per
3409 2120 3535 2159 cur-

282 2195 424 2262 poris
472 2194 852 2252 inﬁrmitatem
900 2196 1098 2254 adesse
1159 2215 1269 2252 non
1318 2199 1555 2263 licuerit,
1601 2198 1653 2253 id
1687 2206 1857 2265 certe,
1888 2197 2035 2268 quod
2072 2196 2332 2252 absentes
2368 2204 2624 2266 possunt,
2655 2195 3015 2251 conferimus.

345 2306 594 2377 Πείθομαι
645 2308 757 2379 μὲν
792 2308 906 2380 (19)
934 2310 1031 2363 καὶ
1067 2310 1260 2376 ἄλλους
1292 2307 1432 2366 εἶναι
1477 2312 1578 2381 τῆς
1608 2329 1848 2384 προστα-

280 2399 389 2462 σίας
411 2397 591 2465 ἀξίους
620 2404 763 2473 παρ’
794 2402 925 2473 ύμῖν
949 2443 965 2468 ,
996 2404 1089 2456 καὶ
1113 2403 1189 2469 ὡς
1222 2406 1287 2460 ὲκ
1325 2406 1534 2471 πόλεως
1558 2406 1850 2477 τοσαύτης,

277 2489 363 2543 καὶ
388 2490 559 2555 οὕτω,
611 2493 719 2546 καὶ
750 2492 858 2546 ὑπὸ
903 2494 1160 2549 τοιούτων
1196 2496 1442 2566 ἡγμένης
1466 2498 1671 2552 ἄνωθεν
1690 2515 1703 2528 ·
1736 2498 1854 2561 ἑνὸς

276 2578 328 2632 δὲ
358 2581 542 2635 οὐδένα
564 2581 816 2654 δύναμαι
844 2584 1179 2655 προτιμῆσαι
1202 2585 1310 2639 τῶν
1335 2589 1466 2657 παρ’
1511 2588 1640 2657 ὑμίν
1682 2605 1855 2658 τιμω-

278 2670 441 2738 μένων
475 2673 589 2744 (20)
624 2674 731 2727 τοῦ
780 2673 1197 2743 θεοφιλεστάτου
1235 2676 1353 2731 υἱοῦ
1387 2678 1542 2749 ἡμῶν
1574 2678 1854 2731 Βασιλείου

280 2763 643 2836 πρεσϐυτέρου
677 2765 858 2836 (λέγω
893 2766 949 2819 δὲ
992 2766 1067 2831 ὡς
1105 2769 1211 2822 ὑπὸ
1260 2768 1380 2840 Θεῷ
1425 2771 1731 2842 μάρτυρι),
1758 2771 1855 2824 ἁν-

278 2853 391 2923 ὂρὸς
426 2856 518 2908 καὶ
736 2859 832 2911 καὶ
864 2858 1007 2929 λόγῳ
1055 2858 1506 2931 κεκαθαρμένου,
1554 2863 1648 2915 καὶ
1692 2861 1855 2932 μόνου

279 2944 377 2996 τῶν
417 2947 640 3001 πάντων
662 2990 681 3014 ,
715 2948 748 3018 ἢ
787 2950 870 3003 ὅτι
913 2950 1148 3020 μάλιστα
1169 2993 1185 3016 ,
1219 2953 1339 3006 κατ’
1376 2953 1665 3023 ἀμφότερα
1695 2953 1857 3007 δυνα-

282 3036 431 3104 μένου
459 3042 658 3109 στῆναι
696 3041 832 3112 πρὸς
855 3041 948 3095 τὸν
983 3041 1076 3094 νῦν
1105 3042 1291 3115 καιρὸν
1322 3042 1457 3113 (21),
1480 3044 1573 3096 καὶ
1601 3043 1700 3114 τὴν
1725 3061 1859 3099 κατ-

283 3128 492 3197 ἔχουσαν
544 3130 662 3184 τῶν
715 3133 1008 3204 αἱρετικιῖΝ
1058 3133 1458 3202 γλωσσαλγίαν.
1527 3135 1714 3190 Ταῦτα
1765 3134 1858 3190 καὶ

285 3220 558 3291 ἱερατικοῖς
586 3225 827 3295 γράφω,
855 3225 947 3278 καὶ
989 3230 1334 3296 μοναστικοῖς
1352 3268 1368 3292 ,
1401 3228 1629 3292 καὶτοῖς
1668 3230 1733 3282 ἐκ
1758 3228 1853 3282 τοῦ

2026 2309 2091 2363 Ει
2119 2309 2337 2380 quidem
2368 2309 2506 2364 alios
2537 2324 2756 2380 quoque
2782 2313 2925 2380 apud
2963 2326 3060 2366 vos
3103 2312 3412 2382 principatu
3446 2315 3533 2370 di-

1952 2418 2091 2476 gnos
2128 2417 2251 2458 esse
2289 2401 2541 2466 confido,
2588 2410 2778 2471 utpote
2807 2401 2862 2455 in
2899 2403 3031 2457 urbe
3055 2404 3415 2473 amplissima,
3457 2418 3540 2462 at-

1965 2510 2073 2557 que
2116 2494 2191 2548 ita
2231 2494 2529 2564 praeclare,
2596 2504 2653 2548 et
2707 2496 2778 2550 ab
2834 2496 3152 2566 hujusmodi
3211 2500 3539 2567 praesulibus

1957 2586 2089 2639 olim
2130 2587 2432 2654 gnbernata
2477 2602 2490 2638 :
2534 2594 2791 2642 caeterum
2835 2603 2901 2642 ex
2937 2589 3198 2645 onmibus
3238 2592 3332 2659 qtti
3391 2592 3535 2661 apud

1957 2692 2057 2732 vos
2102 2677 2154 2731 in
2199 2678 2408 2732 honore
2438 2685 2588 2744 sunt,
2620 2679 2888 2734 neminem
2929 2677 3038 2735 Deo
3072 2679 3428 2737 dilectissimo
3472 2683 3538 2737 ii-

1959 2768 2033 2821 lio
2086 2778 2274 2824 nostro
2326 2768 2529 2824 Basilio
2586 2770 2910 2840 presbytero
2984 2769 3264 2827 anteferre
3314 2788 3537 2842 possum

1961 2857 2099 2929 (luteo
2128 2865 2309 2914 autem
2355 2857 2511 2928 quasi
2555 2857 2663 2912 Deo
2715 2868 2855 2913 teste
2894 2858 3079 2929 dico),
3145 2859 3263 2913 viro
3312 2868 3368 2916 et
3430 2863 3540 2915 vita

1960 2956 2016 3004 et
2047 2964 2303 3003 sermone
2332 2956 2586 3019 purgato,
2614 2949 2821 3019 quique
2852 2949 2937 3005 vel
2972 2950 3219 3005 omnium
3250 2951 3421 3013 solus.
3455 2958 3542 3007 vel

1962 3048 2113 3094 certe
2146 3054 2311 3109 quam
2345 3038 2611 3102 maxime.
2645 3047 2881 3109 utraque
2919 3056 2978 3095 re
3008 3040 3274 3096 adversus
3313 3041 3541 3109 hujusce

1958 3129 2223 3200 temporis
2277 3130 2552 3185 turbinem
2596 3144 2663 3183 ac
2703 3130 2970 3199 vigentem
3020 3129 3400 3185 haereticorum
3436 3131 3541 3182 lin-

1958 3234 2078 3288 guae
2116 3219 2426 3290 pruritnm,
2494 3220 2645 3275 velut
2700 3219 2755 3274 in
2818 3222 3102 3291 procinctu
3152 3231 3298 3277 stare
3346 3221 3539 3291 possit.

285 3292 645 3384 ἀξιωματικοῦ
692 3316 786 3369 καὶ
839 3292 1185 3386 βουλευτικοῦ
1244 3319 1527 3391 τάγματος
1547 3363 1564 3387 ,
1620 3322 1714 3375 καὶ
1759 3320 1855 3376 τοῦ

1959 3309 2086 3365 Haec
2112 3318 2166 3364 et
2199 3310 2268 3367 iis
2306 3311 2515 3375 scribo,
2565 3310 2660 3380 qui
2704 3310 3001 3366 sacerdotii
3047 3324 3274 3365 munere
3309 3310 3543 3381 fungun-

286 3406 439 3477 δῆμον
476 3409 692 3472 παντός
723 3408 859 3477 (22).
896 3410 958 3462 El
994 3410 1093 3480 μὲν
1119 3406 1212 3464 οὖν
1238 3412 1396 3465 τοῦτο
1426 3412 1694 3480 συνδόξειε
1721 3452 1736 3477 ,
1765 3413 1862 3467 καὶ

290 3500 320 3567 ἡ
346 3496 512 3566 ψῆφος
564 3498 733 3570 ἡμῶν
763 3501 990 3573 κρατοίη
1013 3542 1029 3565 ,
1058 3501 1231 3566 οὕτως
1264 3502 1433 3571 ὑγιῶς
1459 3521 1517 3557 τε
1561 3504 1656 3559 κα)⁵
1686 3503 1861 3574 ὀρθῶς

287 3586 500 3655 ἔχοντα,
540 3589 621 3652 ὡς
659 3590 801 3660 μετὰ
834 3589 969 3644 Θεοῦ
1018 3590 1363 3664 ψηφιζομένη
1395 3592 1545 3662 (9.5),
1589 3593 1683 3648 καὶ
1716 3593 1860 3665 πάρα

292 3694 391 3748 ειμι
425 3681 820 3753 πνευματικῶς
871 3684 965 3736 καὶ
1017 3683 1331 3755 παρέσομαι
1362 3725 1378 3749 ,
1444 3685 1646 3755 μᾶλλον
1679 3685 1737 3738 δὲ
1767 3686 1861 3740 καὶ

292 3770 608 3841 ἐπιϐέϐληκα
672 3771 771 3843 τὴν
827 3775 985 3843 χεῖρα
1035 3774 1173 3845 ήδη,
1210 3776 1304 3828 καὶ
1353 3774 1542 3846 θαρρῶ
1573 3775 1652 3846 τῷ
1692 3776 1862 3831 Πνεύ-

296 3877 433 3929 ματι.
475 3862 538 3915 Ei
568 3864 629 3917 δὲ
681 3863 811 3917 ἄλλο
841 3881 926 3930 τι,
968 3864 1063 3919 καὶ
1100 3865 1178 3936 μὴ
1224 3865 1381 3919 τοῦτο
1418 3865 1685 3931 συνδόξειε
1714 3906 1730 3930 ,
1768 3868 1864 3921 καὶ⁵

296 3950 420 4004 κατὰ
458 3953 736 4026 φρατρίας
799 3954 894 4008 καὶ
943 3955 1264 4024 συγγενείας
1328 3956 1396 4010 τὰ
1456 3957 1683 4011 τοιαῦτα
1744 3958 1865 4029 κρί-

295 4058 449 4107 νοιτο,
483 4046 578 4098 καὶ
618 4048 660 4115 ἡ
690 4044 928 4115 ὀχλώδης
960 4046 1073 4115 (24)
1111 4046 1235 4119 χεὶρ
1274 4047 1436 4101 πάλιν
1466 4048 1774 4120 παρασύροι
1800 4048 1863 4103 τὸ

297 4130 535 4203 ωριῦὲς,
569 4137 871 4207 πράττοιτε
908 4136 1030 4190 καθ’
1079 4137 1223 4209 ὑμᾶς
1265 4138 1460 4202 αὐτοὺς
1507 4138 1569 4192 τὸ
1606 4137 1860 4211 ἀρέσκον,

297 4224 441 4292 ἡμεῖς
469 4227 525 4279 δὲ
559 4245 630 4281 συ
639 4226 1043 4299 σταλησὸμεθα.

1960 3408 2071 3465 tur,
2120 3409 2175 3457 et
2228 3402 2533 3465 monachis,
2606 3408 2663 3456 et
2725 3401 2795 3456 iis
2849 3401 2944 3472 qui
2982 3401 3279 3469 dignitates
3312 3406 3536 3471 gerunt,

1958 3498 2014 3547 et
2050 3491 2312 3546 senatorii
2348 3491 2560 3547 ordinis
2619 3500 2791 3556 sunt,
2836 3506 2901 3544 ac
2952 3490 3193 3561 denique
3220 3491 3364 3562 plebi
3422 3492 3544 3545 nni-

1958 3597 2152 3638 versae.
2199 3581 2254 3636 Si
2294 3582 2465 3654 igitur
2507 3583 2637 3639 hulc
2687 3584 2976 3639 sententia:
3030 3598 3321 3639 assensum
3353 3582 3544 3653 fuerit.

1959 3672 2397 3745 suﬂ'ragiumque
2441 3682 2691 3730 nostrum
2733 3675 2871 3731 adeo
2916 3690 3112 3731 sanum
3146 3682 3202 3731 et
3246 3674 3543 3745 integrum,

1959 3782 2179 3837 unaque
2233 3782 2359 3822 cum
2406 3767 2516 3823 Deo
2564 3768 2775 3832 latum,
2810 3768 3049 3834 vicerit;
3084 3775 3138 3822 et
3188 3768 3548 3837 spiritualiter

1960 3857 2154 3913 adsum
2181 3866 2240 3914 et
2287 3858 2478 3925 adero,
2510 3860 2621 3915 imo
2646 3865 2701 3915 et
2726 3859 2840 3928 jam
2870 3873 3096 3913 manum
3131 3858 3321 3923 inieci,
3370 3858 3545 3927 Spiri-

1961 3960 2160 4019 tusque
2209 3948 2407 4005 ﬁducia
2458 3953 2625 4005 nitor.
2686 3950 2786 4005 Sin
2836 3958 3019 4005 autem
3065 3949 3213 4003 aliud
3261 3948 3545 4018 quidpiam

1961 4040 2144 4111 potius
2178 4055 2342 4111 quam
2393 4041 2498 4096 hoc
2536 4043 2773 4111 placeat,
2828 4051 2884 4098 et
2940 4057 3039 4112 per
3077 4040 3332 4096 sodalitia
3366 4048 3421 4094 ct
3453 4054 3547 4094 co-

1964 4133 2251 4203 gnationes
2292 4132 2607 4203 huiusmodi
2647 4149 2740 4189 res
2781 4133 3185 4202 expendantur,
3219 4146 3283 4186 ac
3337 4131 3545 4202 promi-

1967 4238 2099 4278 seua
2131 4225 2288 4279 turba
2318 4225 2509 4294 judicii
2530 4224 2903 4280 sinceritatem
2937 4239 3154 4277 rursum
3188 4224 3547 4286 couvttlscrit,

1967 4322 2022 4371 et
2050 4315 2393 4379 distraxerit,
2420 4332 2672 4371 seorsum
2704 4332 2837 4371 sane
2865 4316 2917 4369 id
2935 4314 3081 4385 quod
3117 4316 3294 4386 placet
3353 4316 3545 4378 tacite.

1971 4423 2073 4465 nos
2101 4416 2285 4465 autem
2314 4409 2459 4463 intra
2483 4409 2855 4481 nosmetipsos
2880 4408 3223 4479 colligemus.

364 4586 466 4652 (15)
503 4587 667 4654 Πρὸς
708 4585 788 4654 ἦν
828 4588 894 4640 τὸ
940 4585 1148 4640 κοινὸν
1175 4584 1433 4655 βλέπει.
1465 4582 1589 4639 llaec
1640 4600 1747 4639 non
1799 4585 1856 4640 de

2043 4583 2157 4655 (20)
2202 4584 2564 4654 Τιμωμένων.
2601 4584 2736 4639 Cod.
2782 4586 2998 4655 τιμίων.
3045 4584 3212 4637 Paulo
3236 4591 3379 4653 post,
3408 4585 3549 4639 idem

305 4662 404 4707 tota
433 4659 713 4725 republica
762 4656 1073 4710 Christiana
1105 4664 1232 4711 sunt
1268 4654 1638 4725 intelligenda,
1668 4670 1767 4710 seu
1798 4655 1867 4709 de

307 4724 560 4797 universa,
598 4743 767 4797 quam
816 4728 923 4781 late
953 4735 1120 4797 patet,
1153 4725 1422 4788 Ecclesia,
1454 4724 1565 4797 sed
1597 4724 1664 4778 de
1688 4725 1868 4797 Gaesa-

309 4796 475 4866 r_iensi,
508 4794 633 4866 (μιαὲ
685 4799 931 4850 omnium
955 4794 1089 4851 'lere
1121 4804 1294 4849 mater
1341 4802 1461 4866 erat
1508 4794 1869 4863 Cappadociae

314 4860 685 4936 Ecclesiarnm,
719 4881 952 4935 quarum
984 4866 1232 4936 profecto
1263 4864 1559 4934 plurimum
1583 4860 1865 4936 intererat,

312 4939 366 4985 ut
416 4935 464 4987 in
513 4938 641 4992 sede
684 4934 1010 4993 Caesariensi
1049 4936 1283 4990 eximius
1334 4942 1522 5004 pastor
1571 4934 1869 4990 constitue-

314 5011 466 5057 retur.

373 5074 475 5143 (l6)
525 5075 779 5141 Ἐπειδὴ.
812 5076 887 5130 Ita
926 5076 1047 5131 cod.
1086 5075 1217 5143 Reg.
1246 5071 1305 5126 In
1338 5072 1424 5143 ed.
1457 5073 1600 5127 ἐπεί.

374 5140 477 5212 (l7)
510 5148 687 5201 Τοῦτο
711 5140 792 5212 τῷ
813 5146 991 5199 παντὶ
1015 5140 1286 5210 βέλτὶον.
1318 5142 1565 5213 Combei.
1601 5142 1680 5213 τῷ
1707 5140 1867 5197 παντί

319 5212 410 5283 vim
439 5216 671 5271 adverbii
720 5218 910 5270 tribuit
944 5216 1252 5283 vertitque,
1300 5212 1360 5283 id_
1395 5215 1608 5268 omnino
1644 5212 1864 5283 Aetolius.

1969 4654 2092 4709 cod.
2128 4664 2184 4709 et
2219 4655 2468 4709 Combef.
2498 4655 2777 4725 Βασιλεία)
2815 4654 2908 4707 τοῦ
2932 4655 3333 4725 πρεσϐυτέρου.

2041 4725 2151 4795 (2L)
2188 4726 2343 4794 Πρὸς
2370 4725 2479 4778 τὸν
2510 4724 2629 4778 νῦν
2666 4727 2894 4792 καιρόν.
2930 4723 3075 4785 Βηι..
3124 4723 3373 4795 odrersns
3420 4734 3549 4777 lem-

1968 4796 2111 4863 poris
2146 4797 2429 4854 turbinem.
2473 4795 2616 4862 quod
2661 4810 2768 4847 non
2806 4794 2980 4848 reddit
3010 4795 3100 4846 τὸν
3126 4794 3241 4850 νῦν.
3281 4809 3379 4845 nec,
3410 4808 3549 4860 prte-

1972 4873 2182 4919 sentem
2245 4866 2383 4920 satis
2436 4864 2642 4917 indit-at.
2700 4865 3170 4932 persecutimnem;
3222 4870 3351 4932 tunc
3399 4865 3545 4915 enim

1973 4932 2174 4989 Valens
2208 4934 2536 4988 Arianorum
2578 4930 2764 4989 favo—re
2802 4933 3068 4987 adversus
3101 4930 3417 4984 Catltolieos
3447 4934 3547 4986 de-

1972 5004 2363 5058 bacchabatur.

2041 5072 2153 5142 (2‘2)
2182 5072 2291 5125 Καὶ
2312 5072 2419 5124 τοῦ
2450 5070 2645 5140 δήμου
2674 5071 2918 5142 παντός.
2951 5066 3176 5125 Rectius
3200 5067 3342 5126 forte
3376 5072 3556 5141 legen-

1970 5142 2099 5197 dum
2136 5141 2231 5195 καὶ
2258 5142 2337 5211 τῷ
2361 5142 2520 5211 δήμῳ
2551 5141 2733 5193 παντί.

2042 5192 2707 5282 (ξ5)⁷-’Ψήᾲτιζόλιέηι.1ιε
2736 5207 3022 5278 legendum
3051 5208 3279 5264 videtur.
3315 5208 3412 5263 Ed.
3440 5208 3542 5279 ψη-

383 5280 480 5355 (18)
512 5286 951 5355 Μετάσκωιιεν·
983 5288 1034 5339 εί
1061 5280 1139 5338 δὲ’
1161 5281 1290 5355 τῆς.
1342 5280 1420 5355 lta
1462 5283 1583 5339 cod.
1640 5281 1775 5355 Reg.
1812 5290 1869 5340 et
1972 5280 2165 5355 φίζομε

321 5348 539 5426 Cotnhef.
567 5358 620 5409 In
656 5348 755 5411 ed:
784 5348 1125 5426 μετέχωμεν]
1169 5348 1396 5426 εἰδὲ-τὰ
1426 5354 1548 5426 τῆς.

387 5421 482 5491 (19)
509 5421 948 5495 Πείθομαιίιέρλξ
977 5421 1052 5495 Ita
1086 5423 1243 5493 Reg.,
1262 5421 1544 5495 dllerv._'ln
1575 5422 1735 5495 edit._
1748 5422 1866 5476 πεί-

511 5486 868 5581 Ρειιιὶυίιιΐτέι,
892 5496 986 5549 καὶ
1010 5494 1085 5559 ὡς
1109 5486 1193 5547 ὲί
1205 5486 1425 5556 πόλεως.
1456 5491 1532 5546 ita
1555 5493 1680 5548 cod.
1706 5491 1867 5548 Deest

358 5580 372 5613 Ι
399 5577 440 5614 εἰ
464 5601 476 5613 ο
509 5582 621 5614 και.

358 5580 372 5613 t
399 5577 476 5614 cu.
509 5577 621 5620 καὶ.

2042 5299 2299 5422 νίίαὶ
2327 5351 2364 5417 τ)
2387 5347 2789 5422 ὀχλώδηςε-Ιιιι
2817 5346 2941 5422 cod.
2969 5347 3100 5422 Reg.
3123 5361 3185 5422 _et
3209 5345 3483 5422 Comitem

1970 5415 2210 5476 deest'in
2263 5415 2395 5476 edit.
2421 5415 2560 5476 "Mox
2594 5415 2715 5474 καθ’
2748 5420 2911 5490 ὑμᾶς.
2959 5415 3157 5471 Sic—id.
3200 5415 3320 5470 cod.
3362 5419 3422 5473 lu
3452 5415 3541 5472 ed.

1975 5490 2094 5545 καθ’
2128 5493 2295 5562 ἡμᾶς,

1912 5742 1977 5754 ’.αα
