4158 6430
323 437 422 492 H7

1690 434 2029 494 EPISTOLA
2068 433 2206 494 LIX.

335 545 625 617 'Exxlnais
650 544 707 598 δὲ
728 543 973 616 μεγάλην
1003 545 1210 616 ζημίαν
1241 544 1351 617 (80)
1380 547 1439 601 τδ
1470 545 1537 600 δι’
1555 548 1681 613 ἐνὸς
1705 549 1893 622 maps;

2002 548 2214 612 cimus,
2273 547 2318 602 si
2360 562 2425 603 ex
2466 547 2587 603 aliis
2625 561 2843 619 quoque
2884 548 3243 615 dictionibus,
3283 553 3484 623 quibus
3525 557 3580 612 id

319 638 610 709 διωχθῆναι
637 637 737 707 τὴν
762 635 1041 707 ἀληθειαν.
1140 691 1148 699 ,

1995 649 2149 694 certo
2182 640 2493 710 colligatur,
2529 637 2790 709 Spiritum
2820 650 3072 698 sanetum
3108 639 3277 697 Deum
3309 657 3575 715 agnosca-

320 748 441 787 mus
486 735 686 802 (neque
714 730 861 785 enim
927 732 983 783 in
1011 729 1295 784 verborum
1326 745 1462 786 sono
1493 731 1691 802 potius,
1727 747 1888 802 quam
1926 731 1979 786 in
2001 739 2179 787 mente
2200 738 2253 787 et
2286 730 2552 787 sententia
2578 732 2778 789 veritas
2812 734 2917 789 sita
2945 735 3102 806 est);
3134 733 3374 792 Ecclesia
3394 746 3591 796 autem.

316 842 481 897 grave
528 826 731 880 vulnus
763 832 1051 895 acceptura
1085 830 1189 889 est,
1229 823 1273 879 si
1314 825 1387 879 ob
1436 825 1599 879 unius
1648 826 1883 880 hominis
1928 825 2246 896 cjeclinncnt
2275 825 2476 880 veritas
2503 823 2835 896 proﬂigetur.

389 915 506 968 Οὐκ
533 913 785 977 ἐδέξαντο
803 913 903 985 τὴν
927 913 1237 985 οἰκονομίαν
1253 915 1329 978 ὡς
1348 914 1514 968 ἕωλον
1541 915 1636 968 καὶ
1674 916 1897 981 παίζου-

317 1025 419 1061 σαν
446 1006 557 1077 (8|)
607 1006 821 1079 att'ieob;
860 1007 907 1059 οί
960 1005 1244 1076 παρόντεςο
1296 1004 1431 1060 ἀλλά
1476 1007 1568 1059 καὶ
1622 1006 1896 1062 κατεϐόων

311 1100 499 1170 ἡμῶν,
534 1099 609 1162 ὡς
640 1098 738 1168 τὴν
778 1096 976 1151 δειλίαν
1024 1097 1247 1167 μᾶλλον,
1295 1096 1329 1168 ἦ
1372 1098 1464 1151 τὸν
1505 1098 1665 1167 λόγον
1691 1100 1899 1153 οίκονο-

319 1189 589 1258 μούντων.
641 1188 781 1241 Πολῦ
831 1187 938 1259 τάρ
973 1182 1114 1240 εἶναι
1144 1186 1370 1257 βέλτιον,
1415 1188 1478 1242 τὸ
1513 1188 1779 1261 ἡμέτερον
1806 1208 1901 1260 φυ-

314 1284 534 1336 λάττειν
573 1281 660 1335 διὰ
687 1281 787 1349 τῆς
814 1280 1098 1352 ἀληθείας,
1132 1282 1166 1353 ἢ
1195 1280 1353 1335 τοῦτό
1390 1299 1455 1352 γι
1492 1282 1766 1355 ἀχρειοῦν,
1806 1284 1901 1338 καὶ

320 1373 396 1443 μὴ
430 1369 872 1442 προσλαμϐάνειν
912 1370 972 1424 τὸ
1010 1370 1309 1442 ἀλλότριον,
1350 1372 1437 1426 διὰ
1474 1373 1575 1443 τῆς
1613 1373 1770 1446 δῆθεν
1824 1376 1902 1428 οξ-

318 1463 596 1533 κονομίας.
639 1463 720 1517 Τά
762 1462 861 1534 μὲν
899 1458 992 1515 οὖν
1041 1462 1162 1516 καθ’
1212 1462 1461 1530 ἕκαστον,
1495 1456 1570 1518 ὧν
1614 1481 1673 1517 τε
1722 1459 1893 1530 εἷπον,

320 1546 397 1606 ὧν
432 1571 488 1607 τε
531 1555 761 1625 ηκουσα,
801 1555 895 1607 καὶ
926 1553 1003 1617 ὡς
1037 1554 1393 1626 ἠγανάκτησα
1423 1554 1559 1626 πρὸς
1586 1557 1712 1620 τοὺς
1752 1558 1901 1609 ἀντι-

323 1645 589 1710 τείνοντας
642 1646 786 1717 πέρα
822 1645 918 1698 τοῦ
982 1646 1202 1717 μετρίου
1241 1646 1429 1716 σχεδὸν
1479 1646 1591 1717 (82)
1647 1647 1741 1700 καὶ
1790 1648 1892 1718 τῆς

323 1735 559 1804 ἐμαυτοῦ
601 1735 885 1805 συνηθείας
909 1776 922 1795 ,
972 1735 1179 1807 μακρὸν
1218 1736 1285 1790 ἀν
1323 1737 1408 1807 εῐη
1454 1736 1550 1790 νῦν
1598 1734 1708 1808 (85)
1749 1738 1892 1791 ἐκδι-

2073 915 2178 987 53
2216 915 2367 970 lianc
2394 921 2754 971 meonomiam
2785 916 2823 971 ii
2853 956 2867 981 .
2903 918 2994 988 qui
3027 916 3276 986 aderant,
3307 927 3577 992 tanquam

2002 1023 2196 1062 vanam
2240 1019 2295 1062 et
2347 1007 2614 1063 insulsam
2669 1008 2929 1080 ipsosque
2989 1008 3401 1079 lttdilieantem,
3452 1028 3560 1066 nou

2005 1098 2165 1153 modo
2208 1113 2316 1153 non
2348 1098 2814 1168 comprobarunt:
2859 1099 2970 1153 imo
2997 1100 3162 1155 etiam
3192 1116 3295 1155 nos
3322 1102 3576 1157 clamori-

2004 1188 2109 1245 bus
2130 1190 2562 1254 insectabantur,
2594 1196 2655 1244 ut
2678 1188 2910 1260 ignaviae
2934 1199 3136 1246 nostra:
3168 1191 3377 1261 potius,
3408 1208 3573 1264 quam

2000 1279 2317 1333 orthodoxae
2348 1278 2613 1333 doctrina:
2641 1279 3015 1337 consulentes.
3045 1281 3232 1353 Longe
3262 1285 3410 1340 enim
3440 1301 3576 1357 prae.

1999 1372 2236 1426 stantius
2258 1388 2403 1434 esse,
2447 1379 2668 1427 nostros
2703 1387 2799 1442 per
2845 1374 3127 1429 veritatem
3166 1376 3307 1430 tueri
3354 1384 3410 1432 et
3440 1392 3578 1432 con-

1999 1476 2243 1525 servare,
2274 1478 2437 1532 quam
2482 1479 2581 1534 per
2618 1462 2933 1532 huiusmodi
2973 1465 3185 1521 scilicet
3210 1467 3574 1521 meouorniam

1999 1568 2095 1609 eos
2135 1552 2468 1609 labefactare
2501 1594 2518 1618 ,
2584 1569 2683 1608 nec
2730 1553 2950 1608 interitu
2995 1555 3206 1612 alienos
3268 1572 3572 1611 assumere.

1999 1642 2292 1699 Enimvero
2325 1660 2479 1714 qum,
2540 1652 2594 1700 et
2628 1645 2739 1699 dixi
2761 1688 2774 1711 ,
2806 1655 2859 1700 et
2884 1644 3093 1708 audivi,
3129 1653 3184 1698 et
3222 1661 3386 1716 quam
3421 1645 3578 1699 valde.

1997 1749 2060 1788 ae
2082 1742 2278 1804 praeter
2311 1735 2530 1789 modum
2566 1733 3138 1804 consuetudinemque
3170 1749 3345 1787 meam
3382 1732 3576 1789 adver-

320 1824 586 1895 ηγείσθαι,
616 1828 711 1880 καὶ
731 1828 862 1889 εσως
885 1826 985 1880 οὐκ
1001 1828 1313 1897 ἀναγκαῖον.
1339 1826 1503 1891 Τέλος
1524 1826 1682 1881 δὲτοῦ
1706 1827 1888 1897 λόγου,

1996 1841 2093 1882 sus
2128 1842 2253 1890 eos,
2305 1826 2397 1897 qui
2435 1835 2629 1881 contra
2666 1826 3018 1892 nitebantur,
3062 1825 3380 1896 indignatus
3414 1839 3571 1886 sum,

316 1914 441 1979 τοὺς
476 1917 573 1987 μὲν
602 1918 777 1981 οὓτως
806 1916 1247 1988 ἀπεπεμψάμην.
1284 1919 1356 1972 Σὺ
1388 1918 1444 1971 δὲ
1476 1917 1684 1983 δίδαξον
1721 1920 1888 1989 ἡμᾶς,

1998 1918 2281 1986 sigillatim
2312 1933 2608 1988 exponere,
2638 1917 2911 1989 prolixum
2940 1931 3087 1971 nunc
3106 1914 3291 1983 luerit,
3317 1913 3549 1968 minime

313 1998 359 2058 ὦ
392 2005 511 2061 θεία
543 2009 637 2061 καὶ
675 2008 798 2077 ίερά
838 2007 1069 2077 κεφαλὴ,
1109 2007 1269 2077 μέχρι
1302 2008 1444 2070 τίνος
1485 2008 1733 2077 προῖτέον
1762 2009 1893 2078 ἡμῖν

1998 2022 2103 2075 que
2135 2005 2371 2061 fortasse
2411 2006 2807 2061 necessarium.
2841 2002 2911 2059 Ut
2942 2012 3124 2058 autem
3158 2002 3317 2057 linem
3349 1997 3567 2055 dicendi

311 2098 410 2167 τῆς
436 2096 535 2150 τοῦ
569 2096 887 2165 Πνεύματος
921 2096 1217 2163 θεολογίας,
1245 2097 1341 2149 καὶ
1363 2097 1473 2148 τίσι
1500 2097 1765 2167 χρηστέον
1788 2113 1893 2164 φω-

2000 2093 2232 2157 faciam,
2274 2095 2356 2149 sic
2393 2110 2491 2149 eos
2528 2094 2835 2147 amandavi.
2885 2092 2966 2146 Tu
2992 2107 3142 2157 vero,
3174 2106 3209 2145 ο
3238 2091 3483 2144 divinqu
3517 2099 3575 2144 et

311 2187 457 2248 ναῖς,
486 2184 583 2235 καὶ
610 2182 773 2254 μέχρι
793 2183 937 2247 τίνος
962 2184 1365 2254 οίκονομητέον,
1395 2184 1462 2237 ἶν’
1490 2184 1702 2255 ἔχωμεν
1724 2183 1893 2238 ταῦτα

2001 2189 2418 2236 sacrosanctum
2456 2189 2624 2251 caput
2646 2219 2659 2243 ,
2690 2180 2825 2235 doce
2854 2195 2954 2234 nos
2984 2195 3273 2249 quousque
3298 2179 3351 2231 in
3376 2178 3570 2246 dispu-

313 2271 454 2342 πρὸς
474 2275 603 2335 τοὺς
627 2271 1028 2342 ἀντιλέγοντας.
1066 2274 1206 2343 Ἐγὼ
1226 2273 1336 2346 γὰρ
1356 2275 1404 2327 εί
1426 2273 1649 2346 δεοίμην
1670 2274 1765 2328 νῦν
1782 2272 1892 2344 (84)

2000 2272 2206 2326 latione
2230 2270 2297 2326 de
2328 2271 2563 2342 Spiritus
2590 2270 2766 2325 sancti
2799 2269 3085 2324 divinitate
3114 2268 3386 2339 progredi,
3412 2282 3573 2337 quas-

308 2359 472 2415 τοῦτο
502 2360 816 2431 μανθάνειν,
847 2364 875 2415 6
911 2363 1127 2417 πάντων
1163 2363 1400 2434 μάλιστα
1430 2363 1488 2417 σέ
1516 2380 1576 2417 τι
1606 2364 1701 2418 καὶ
1723 2363 1792 2417 τὰ
1824 2363 1892 2417 σά

1996 2376 2105 2432 que
2159 2377 2324 2418 voces
2383 2377 2683 2432 usurpare,
2741 2368 2796 2416 et
2834 2373 3121 2430 quousque
3151 2356 3458 2413 teconomia
3497 2357 3571 2410 uti

312 2451 631 2520 γινώσκων,
675 2453 771 2506 καὶ
818 2452 1079 2516 πολλάκις
1125 2452 1486 2526 περὶτούτων
1519 2453 1892 2525 πληροφορίαν

1995 2454 2306 2520 conveniat,
2338 2462 2396 2507 ut
2428 2469 2491 2510 ea
2517 2453 2785 2509 adversus
2811 2465 2926 2511 eos.
2950 2451 3041 2521 qui
3077 2449 3488 2512 contradicunt,
3514 2447 3570 2501 in

314 2543 409 2596 καὶ
457 2541 704 2607 δεδωκὼς
756 2544 851 2597 καὶ
902 2542 1213 2616 δεξάμενος,
1271 2544 1488 2599 πάντων
1541 2543 1609 2598 ἂν
1638 2545 1755 2615 είην
1778 2545 1887 2616 (85)

1995 2552 2250 2616 promptu
2291 2544 2615 2600 habeamus.
2652 2541 2786 2597 Nam
2830 2542 2876 2599 si
2926 2542 3029 2597 hoc
3065 2557 3212 2598 nunc
3240 2541 3360 2613 ipse
3390 2540 3490 2595 abs
3522 2547 3577 2595 te

313 2632 690 2703 ἀμαθέστατός
718 2650 778 2687 τε
810 2635 905 2689 καὶ
936 2633 1293 2700 ἀθλιώτατος.

1995 2634 2181 2690 doceri
2218 2634 2591 2706 postularem,
2647 2648 2771 2689 cum
2812 2645 2868 2688 te
2916 2648 3116 2705 resque
3159 2640 3285 2689 tuas
3319 2632 3565 2686 omnium

314 2727 626 2782 mortalium
655 2728 890 2783 maxime
922 2736 1240 2800 perspectas
1273 2728 1521 2793 habeam,
1546 2740 1611 2782 ac
1631 2725 1998 2783 certissimam
2024 2725 2093 2781 de
2154 2726 2241 2781 his
2267 2726 2433 2782 rebus
2502 2724 2661 2779 tidem
2706 2724 2910 2796 saepius
2973 2723 3243 2787 dederim,
3309 2722 3576 2778 vicissim.-

313 2837 422 2889 que
446 2822 775 2894 acceperim,
808 2823 1052 2879 omnium
1090 2822 1337 2894 proiecto
1365 2821 1764 2880 stolidissimos
1784 2835 1961 2878 essem
1985 2834 2053 2876 ac
2085 2819 2455 2876 miserrimus.

785 2932 913 2991 NO'.
946 2934 1034 3004 ro
1064 2932 1248 3004 arm
1274 2932 1409 3006 (86).

2582 2927 2717 2985 LIX.
2762 2928 2991 2985 EIDEH.

384 3044 517 3130 Cyri:
551 3034 787 3134 σωροί-ἤ
819 3050 1009 3106 litteris
1045 3055 1285 3134 Basilius
1310 3058 1390 3111 sie
1417 3057 1770 3134 respondisset
1800 3065 1857 3109 ut
1888 3056 2015 3134 ipsis
2047 3051 2285 3134 nonnihil
2318 3052 2545 3134 offensus
2587 3050 2755 3134 [uisse
2795 3050 3081 3134 videretur.
3130 3049 3399 3134 rescripsit
3429 3049 3558 3105 (ἶνες

311 3120 516 3199 geritis,
543 3127 863 3199 mentemque
889 3134 1042 3199 suam
1071 3124 1293 3199 candide
1326 3120 1840 3199 aperiens,nttzrore
1871 3120 2122 3197 nﬁ'eetum
2168 3120 2432 3177 immerito
2482 3120 2747 3175 Basiliam
2792 3121 3151 3193 conqueritur,
3193 3120 3460 3193 eidemque
3506 3137 3559 3175 se

313 3188 478 3241 simul
498 3201 545 3242 et
578 3188 888 3258 adfuturum
918 3202 966 3246 et
986 3188 1371 3250 dimicaturum
1394 3212 1500 3251 una
1520 3188 1816 3267 puniretur.

383 3301 553 3354 Τοῦτο
574 3298 663 3375 ἦν,
688 3304 826 3376 ὅπερ
851 3304 1011 3371 ἄλλος
1034 3307 1132 3377 μὲν
1159 3308 1224 3363 ἄν
1250 3326 1336 3373 τις
1363 3309 1475 3380 (87)
1506 3308 1753 3363 ὑπείδετο
1782 3307 1889 3362 τῶν

2063 3302 2178 3359 lloe
2218 3303 2483 3359 nimirum
2516 3307 2667 3366 erat,
2710 3301 2854 3372 quod
2892 3302 3034 3358 alius
3066 3298 3343 3372 quiSpiam
3368 3297 3564 3369 majori

315 3396 716 3467 συνετωτέρων*
754 3396 865 3466 ἐγὼ
892 3398 947 3452 δὲ
979 3400 1080 3453 οὐκ
1109 3400 1287 3454 ἔδεισα
1325 3401 1462 3471 πρὸς
1500 3402 1559 3455 σὲ
1592 3400 1837 3473 γράφων,
1864 3401 1894 3453 6

315 3481 436 3535 λίαν
488 3482 716 3563 ἀρχαῖος
771 3485 865 3538 καὶ
920 3487 1171 3557 μάταιος.
1230 3487 1499 3559 Ἐλύπησέ
1558 3505 1617 3541 σε
1670 3488 1739 3541 τὰ
1782 3489 1892 3560 (88)

314 3574 641 3644 γράμματαο
659 3574 735 3639 ὡς
753 3575 809 3628 δὲ
838 3575 948 3644 ἐγώ
972 3594 1138 3649 φημι.
1161 3578 1261 3632 οὐκ
1284 3577 1478 3651 ὀρθῶς,
1509 3577 1628 3632 οὐδὲ
1648 3578 1892 3646 δικαίως,

315 3663 451 3717 ἀλλά
489 3665 584 3717 καὶ
614 3664 735 3719 λίαν
770 3666 1057 3738 πριττῶς.
1100 3670 1210 3722 Καὶ
1237 3669 1335 3742 τὴν
1359 3668 1538 3741 λύπην
1565 3670 1662 3741 οὐχ
1689 3669 1897 3741 ὡμολό·

315 3769 495 3825 γησας
528 3754 645 3825 μὲν,
681 3757 781 3810 οὐκ
810 3757 1052 3832 ἔκρυψας
1075 3760 1184 3830 (89)
1210 3760 1288 3825 δὲ,
1323 3762 1372 3815 εί
1402 3762 1496 3815 καὶ
1527 3763 1707 3831 σοφῶς
1736 3761 1894 3817 τοῦτο

316 3847 599 3916 ἐποίησας,
648 3847 836 3922 ὥσπερ
878 3851 985 3903 τινὶ
1032 3851 1380 3923 προσωπείῳ,
1422 3855 1487 3925 τῇ
1524 3854 1663 3907 αίδοῖ
1690 3853 1752 3907 τὸ
1796 3856 1895 3925 τῆς

314 3935 495 4007 λύπης
521 3935 811 3991 καλύπτων
840 3939 1149 4009 πρόσωπον.
1187 3940 1329 4009 Ἐγὼ
1348 3941 1425 4006 δὲ,
1460 3945 1509 3996 εί
1536 3942 1635 4013 μὲν
1658 3942 1893 4015 δολερῶς

317 4020 412 4073 καὶ
446 4019 732 4091 κακοήθως
761 4020 917 4074 τοῦτο
944 4022 1195 4093 ἐποίησα,
1214 4025 1313 4095 οὐχ
1333 4023 1439 4077 ὑπὸ
1464 4025 1561 4094 τῆς
1586 4026 1685 4096 σῆς
1716 4025 1893 4097 λύπης

319 4110 523 4181 μᾶλλον
558 4109 591 4181 ἢ
637 4110 739 4181 τῆς
773 4110 1030 4183 ἀληθείας
1076 4112 1435 4185 βλαϐήσομαιο
1456 4111 1578 4165 ιίδὶ
1592 4113 1781 4180 ἁπλῶς
1798 4116 1894 4171 καὶ

320 4198 460 4269 μετά
497 4198 597 4269 τῆς
637 4198 897 4269 συνήθους
937 4199 1168 4265 εὐνοίας,
1204 4200 1304 4264 τὰς
1333 4202 1473 4272 ὲμάς
1496 4204 1793 4275 ἁμαρτίας,
1828 4205 1891 4258 οὐ

316 4293 418 4361 τὴν
458 4289 556 4361 σὴν
601 4290 844 4345 διάθεσιν
886 4292 1224 4363 αἰτιάσομαι.
1273 4292 1419 4363 Πλήν
1454 4309 1517 4360 γε
1548 4295 1633 4347 ὅτι
1665 4292 1892 4364 διορθώ-

317 4380 517 4434 σασθαι
542 4380 713 4436 ταῦτα
749 4381 948 4453 μᾶλλον
979 4378 1092 4454 εἶχε
1134 4381 1334 4446 ψιλῶς,
1366 4382 1398 4453 ἦ
1432 4382 1569 4453 πρὸς
1596 4384 1721 4448 τοὺς
1752 4401 1889 4454 συμε-

318 4460 677 4539 ϐουλεύοντας
703 4474 1095 4547 δυσχεραίνειν.
1129 4473 1202 4528 Τὸ
1230 4474 1328 4545 μὲν
1358 4470 1452 4528 οὖν
1485 4474 1578 4527 σὺν
1605 4473 1701 4529 καὶ
1734 4477 1894 4540 αὐτὸς

316 4564 462 4634 ὕψει,
511 4565 607 4617 καὶ
648 4565 827 4628 ἄλλοις
875 4563 1266 4635 συμϐουλεύειν
1307 4564 1376 4618 τά
1415 4563 1555 4617 αύτά
1574 4564 1683 4636 (90)
1713 4566 1893 4630 ἱκανὸς

1995 3394 2197 3466 ingenii
2240 3393 2491 3449 acumine
2523 3391 2787 3463 praeditus
2827 3392 3095 3463 suspicari
3122 3391 3420 3463 potuisset;
3467 3406 3571 3460 ego

1994 3502 2130 3543 vero
2160 3501 2269 3556 qua
2313 3498 2435 3540 sum
2481 3481 2733 3538 vecordia
2768 3492 2822 3540 et
2857 3483 3205 3548 rusticitate,
3250 3497 3376 3537 eum
3411 3480 3478 3536 ad
3511 3490 3568 3536 te

1995 3577 2327 3642 scriberem,
2363 3589 2473 3629 non
2508 3573 2758 3631 extimui.
2799 3573 3030 3631 Mterore
3062 3583 3113 3630 te
3155 3572 3455 3629 affecerunt
3480 3573 3569 3628 lit~

1993 3675 2124 3724 terte
2165 3675 2404 3733 nostrae,
2441 3681 2551 3721 non
2592 3675 2775 3733 recte,
2808 3681 2907 3722 nec
2935 3665 3165 3729 merito,
3198 3679 3316 3719 mea
3348 3664 3584 3735 quidem.

1993 3761 2302 3828 sententia,
2330 3758 2427 3816 sed
2463 3767 2517 3814 et
2547 3757 2705 3815 valde
2742 3756 3035 3830 superﬂue.
3073 3757 3397 3826 Quanquam
3430 3771 3571 3813 ma:-

1992 3867 2174 3907 rorem
2207 3850 2355 3905 hunc
2384 3858 2538 3904 tuum
2569 3848 2995 3920 haudquaquam
3023 3854 3208 3918 aperte
3254 3845 3569 3918 prodidisti.

1993 3957 2097 3997 nec
2134 3957 2263 3996 vero
2298 3939 2593 3995 occultasti
2615 3978 2630 4005 ,
2658 3941 2912 4010 quamvis
2938 3939 3215 4008 sapienter
3252 3937 3304 3991 id
3347 3937 3565 4000 feceris,

1993 4031 2157 4087 veluti
2196 4030 2432 4101 quadam
2471 4029 2659 4091 larva,
2694 4029 2902 4098 pudore
2941 4028 3153 4081 scilicet
3191 4026 3443 4082 maeroris
3483 4026 3567 4079 l'a-

1992 4123 2130 4178 ciem
2165 4121 2450 4191 oblegens.
2491 4117 2549 4173 Si
2583 4117 2817 4173 subdolo
2839 4124 2893 4171 et
2925 4117 3191 4170 malevolo
3213 4114 3397 4169 animo
3426 4130 3455 4168 a
3479 4130 3567 4171 me

1992 4211 2098 4265 hoc
2133 4208 2337 4263 factum
2383 4216 2499 4275 est,
2537 4221 2648 4261 non
2693 4220 2780 4261 me
2824 4204 3000 4275 magis
3044 4218 3247 4258 mmror
3289 4203 3392 4259 iste
3433 4211 3595 4259 tuus.

1991 4317 2155 4373 quam
2184 4302 2388 4355 veritas
2423 4300 2543 4369 ipsa
2573 4296 2730 4352 laedet
2766 4314 2780 4351 :
2817 4295 2864 4352 si
2894 4302 3076 4351 autem
3114 4294 3349 4366 simplici
3379 4295 3589 4351 animm

1992 4400 2045 4447 et
2086 4406 2185 4461 pro
2220 4405 2285 4445 ea
2309 4431 2324 4457 ,
2359 4405 2466 4461 qua
2498 4388 2649 4445 soleo
2669 4428 2684 4454 ,
2715 4388 3114 4455 benevolentia,
3142 4404 3250 4443 non
3292 4387 3457 4442 animi
3491 4389 3595 4447 tui»

1993 4480 2282 4547 allectum,
2333 4480 2428 4536 sed
2467 4487 2691 4552 peccata
2736 4495 2855 4535 mea
2895 4480 3192 4535 accusabo.
3238 4477 3581 4551 Quanquam

1994 4573 2169 4630 satius
2215 4571 2424 4639 fuerat,
2466 4570 2553 4628 his
2598 4569 2963 4627 incommodis
3006 4571 3249 4636 mederi,
3280 4587 3440 4641 quam
3478 4571 3593 4635 iis,,

317 4654 412 4709 ὤν’
438 4656 539 4727 ἐμὲ
561 4655 618 4709 δὲ
649 4656 944 4729 προθύμως
977 4655 1122 4727 ἔχεις
1144 4657 1276 4727 (9i),
1302 4655 1398 4710 ἐὰν
1420 4655 1545 4727 διδῷ
1573 4657 1601 4709 6
1622 4656 1773 4721 Θεὸς,
1798 4656 1892 4711 καὶ

1995 4652 2085 4735 qui
2112 4661 2406 4719 consilium
2453 4659 2790 4724 all‘erebant,
2822 4673 3173 4715 succensere.
3211 4658 3318 4714 Sed
3354 4665 3412 4712 tu
3436 4656 3579 4728 quid.

389 4828 822 4903 (80)_M£7rd.1nr
848 4830 1099 4903 (aliter.
1127 4831 1208 4903 Ita
1254 4831 1373 4903 cod.
1421 4830 1577 4903 Pass.
1614 4830 1757 4903 Edit.
1794 4849 1895 4903 με-

317 4901 461 4982 γάλη
499 4900 885 4982 ςημίαεθᾶιοι,
930 4902 997 4956 δι’
1028 4902 1146 4966 ἑνὸς
1186 4901 1399 4973 ἀνδρός,
1438 4900 1585 4967 Bill.,
1621 4902 1685 4958 ob
1732 4900 1888 4973 unius

318 4970 547 5024 hominis
576 4970 905 5039 eiectionem.

391 5040 504 5111 (8|)
534 5038 644 5111 Kal
668 5039 1018 5111 παίῷυσαν.
1059 5038 1209 5094 Harl.
1237 5040 1332 5094 καὶ
1364 5040 1532 5095 πάλαι
1564 5040 1886 5106 παίζουσαν,

319 5119 369 5165 et
394 5109 716 5179 jampridem
744 5126 833 5164 eos
866 5109 1251 5179 ludiﬁcantem.

393 5180 504 5251 (82)
543 5179 701 5248 Πέρα
731 5180 837 5234 τοῦ
874 5178 1118 5249 μετρίου
1162 5178 1406 5246 σχεδόν.
1450 5178 1529 5234 lla
1561 5178 1685 5239 cod.
1723 5178 1887 5237 2022.

413 5251 545 5302 edit.
584 5250 805 5302 μέτρου.
836 5258 891 5302 et
919 5249 1104 5302 σνεδόν
1131 5247 1301 5302 deest.

988 5256 1104 5302 εδόν
1131 5256 1301 5303 deest.

322 5247 381 5303 In
401 5247 545 5320 edit.
583 5247 805 5320 μέτρου,
836 5258 891 5320 et

1012 5329 1128 5374 eest
1150 5318 1245 5373 νῦν
1273 5320 1326 5372 in
1355 5317 1478 5373 eod.
1515 5316 1671 5374 Pass.

356 5334 363 5337 '
393 5319 508 5387 (83)
550 5318 651 5372 ’Ᾱν
672 5318 766 5386 ἐτη
797 5318 933 5374 νῦν.

397 5389 510 5454 (8i)
544 5387 672 5441 Νῦν
711 5388 864 5443 deest
911 5390 965 5443 in
1009 5389 1198 5444 eodem
1241 5387 1364 5441 eod.
1407 5388 1547 5449 Mox,
1582 5391 1610 5441 6
1652 5387 1885 5444 πάντων.

326 5458 402 5509 Ita
440 5456 565 5511 eod.
601 5457 655 5509 In
683 5458 814 5511 edit.
845 5459 874 5510 6
900 5460 1073 5513 deest.
1110 5456 1217 5512 Pro
1238 5458 1268 5510 6
1292 5458 1509 5511 πάντων
1541 5458 1703 5513 habet
1736 5456 1887 5513 Harl.

327 5526 605 5587 ἁπάντων,
635 5532 690 5579 et
714 5524 869 5580 Pass.
892 5528 1074 5582 ὃποτε.

401 5597 514 5666 (85)
542 5594 1088 5667 Πάντωῃρῂᾲεῖῃνη
1113 5594 1267 5652 Pass.
1302 5596 1517 5660 πάντως
1551 5597 1618 5651 ἂν
1647 5598 1784 5667 εἴην.

400 5662 513 5735 (86)
552 5666 702 5719 Alias
732 5662 942 5735 XXVII.
973 5664 1187 5735 Scripta
1210 5667 1400 5721 eodem
1435 5677 1695 5735 tempore.

403 5733 510 5807 (87)
545 5738 761 5807 Ἄλλος
783 5733 1006 5807 μὲνίᾶν
1034 5733 1143 5799 τιὸ.
1183 5736 1425 5807 Cotnbef.
1466 5733 1625 5807 ἄλλος
1657 5735 1754 5807 μέν
1779 5752 1886 5807 τις,

325 5813 379 5860 ct
412 5805 511 5876 pro
531 5806 794 5874 ὑπείδετο,
835 5806 1030 5861 vellent
1071 5806 1315 5861 nonnulli
1351 5806 1553 5873 ὑπεῖδε,
1581 5805 1718 5878 quod
1745 5805 1885 5861 alius

1995 4840 2259 4896 suspicari
2297 4840 2488 4896 notuit.

2067 4856 2257 4909 spicari
2296 4856 2488 4910 ροικιι.

2067 4912 2178 4980 (88)
2222 4907 2523 4980 θελύεξησέ
2565 4905 2775 4980 σεῖό·
2822 4904 3084 4980 Passus
3129 4904 3183 4980 il!
3234 4901 3358 4980 οωὲ·
3382 4899 3574 4980 “se

1996 4970 2142 5041 Mox,
2160 4970 2513 5049 '06::69064,
2537 4976 2676 5049 ᾼούδὲ
2702 4974 2955 5049 δικαίως.⁸
3122 4971 3277 5049 idque
3306 4970 3566 5025 immeon

1996 5039 2197 5103 sorteet
2230 5039 2426 5116 inique,
2457 5039 2563 5115 qui'
2578 5060 2688 5099 non
2714 5043 2896 5116 reddit
2933 5040 3069 5095 ἀλλὰ
3097 5039 3200 5116 ,καὶ
3226 5039 3346 5094 λίαν
3380 5058 3568 5116 περιττ

1996 5118 2123 5180 τῶς.
2163 5108 2396 5170 Combef
2441 5108 2545 5167 non
2567 5123 2724 5175 recte,
2758 5127 2848 5165 nec
2867 5110 3021 5179 justa
3053 5108 3232 5179 aliqua
3265 5108 3563 5173 causa,'sed

1995 5198 2043 5241 et
2081 5186 2232 5240 valde
2267 5183 2552 5253 super/lue,
2578 5190 2628 5234 et
2653 5180 2808 5252 quasi
2836 5183 2975 5234 ultro
3005 5195 3040 5233 α
3072 5188 3119 5233 te
3151 5181 3374 5251 quesita
3406 5197 3563 5235 oeca-

1995 5272 2161 5310 820118.

2067 5324 2181 5394 (89)
2211 5324 2333 5378 οὐκ
2357 5321 2652 5394 ἔκρυψας.
2685 5315 2764 5394 [ta
2796 5315 2945 5394 Harl.
2975 5316 3175 5394 Deerat
3193 5318 3293 5373 οὐκ
3318 5318 3371 5394 in
3396 5317 3529 5394 edit.

2067 5326 2157 5394 (89
2211 5324 2333 5378 οὐκ
2357 5324 2652 5389 ἔκρυψας.
2686 5324 2764 5373 Ita
2796 5324 2945 5374 Harl.
2975 5324 3170 5374 Deerat
3193 5324 3293 5373 οὐκ
3318 5324 3371 5371 in
3396 5324 3529 5391 edit.

2067 5324 2181 5464 (90)
2208 5393 2287 5464 Tit
2317 5389 2489 5445 αὐτά.
2518 5388 2654 5445 Cod.
2689 5386 2840 5445 Harl.
2878 5388 3135 5444 τοσαῦτα.
3161 5387 3221 5442 In
3249 5388 3373 5442 cod.
3400 5384 3567 5445 Pass.~

1994 5463 2063 5516 τὰ
2076 5458 2226 5518 ἀὐτά
2252 5458 2471 5516 desunt.

2073 5535 2185 5603 (9t)
2217 5532 2535 5603 Προθύμως
2571 5530 2769 5603 ἔχειςη
2796 5528 3031 5603 Montae.
3058 5535 3114 5603 et
3145 5523 3569 5603 M0rel._propo.

1999 5594 2147 5673 nunt
2164 5594 2455 5673 προθύμως
2480 5594 2644 5673 ἔξεις,
2679 5594 2912 5673 habebis.
2949 5594 3097 5651 Nihil
3123 5594 3572 5673 ntulatttluttt_ptt-.

1998 5679 2078 5725 tat
2112 5666 2382 5730 Coinbefl,
2418 5669 2706 5738 redditque
2734 5686 2749 5722 :
2778 5666 2976 5738 habeas
3002 5681 3080 5738 nte
3108 5678 3348 5737 prompta
3379 5669 3566 5723 animo.

1998 5741 2332 5812 adfuturum.
2365 5738 2485 5794 Bill.
2513 5734 2632 5794 non
2660 5736 2816 5792 vertit
2847 5734 3163 5809 προθύμως,
3261 5734 3268 5737 ’
3548 5747 3568 5763 .
3622 5754 3627 5759 .
