4120 6444
514 424 614 480 131
1758 417 1817 478 S.
1856 417 2187 476 GREGORII
2223 419 2567 477 TllEOLOGl

515 541 749 598 facimus
783 560 796 597 :
830 550 979 597 tuam
1011 540 1377 613 integritatem
1418 555 1481 595 ac
1520 539 1909 611 perfectionem
1942 543 2087 598 salu-

2199 560 2298 615 μεν
2332 542 2407 615 μὴ
2438 543 2667 614 κάμνειν
2699 558 2756 595 σε
2798 539 3143 612 μεμνημένον
3167 539 3343 612 ἡμῶν.
3379 537 3454 592 Οὐ
3481 536 3588 608 γὰρ
3618 539 3765 607 ὼφέο

515 645 718 700 tamus,
775 641 938 704 teque
991 648 1062 688 ne
1109 634 1284 689 nostri
1328 631 1729 687 recordatione
1758 631 2087 704 defatigeris.

2192 634 2311 688 λεια
2343 635 2475 705 ἡμῖν
2507 635 2667 705 μόνον
2690 633 2799 687 τῶν
2825 635 2933 688 σῶν
2974 630 3361 697 καταξιοῢσθαι
3393 629 3765 703 γραμμάτων.

516 739 740 780 οτθηιιιε
776 731 941 794 atque
980 726 1359 780 obsecramus.
1396 723 1583 795 Neque
1627 724 1773 779 enim
1820 732 1925 778 tuae
1957 725 2087 780 litle

2192 725 2326 779 ἀλλὰ
2369 724 2465 779 καὶ
2494 724 2752 795 καύχημα
2798 725 2933 796 πρὸς
2963 723 3090 787 τοὺς
3131 721 3376 785 πολλοὺς,
3419 721 3513 774 καὶ
3549 717 3768 773 καλλιδ-

517 829 610 879 ῐαξ,
640 829 763 869 cum
810 817 879 871 iis
927 816 1024 870 abs
1054 826 1107 869 te
1145 815 1436 883 donamur,
1482 815 1639 870 nobis
1693 815 1912 869 utilitati
1961 815 2087 870 dun-

2192 831 2390 885 πισμα,
2421 816 2502 869 ὅτι
2539 815 2695 883 λόγος
2723 814 2878 886 ἡμῶν
2905 814 3022 867 ἐστι
3054 813 3184 885 παρ’
3209 812 3363 884 ἀνδρὶ
3398 810 3634 880 τοσούτῳ
3660 810 3769 881 τὴν

515 912 666 960 taxat
694 914 845 971 sunt,
874 907 968 961 sed
992 906 1154 961 etiam
1182 907 1496 977 gloriationi
1523 909 1662 978 apud
1701 908 1902 963 multos
1929 917 2087 978 atque

2189 907 2412 979 ἀρετὴν,
2445 906 2540 960 καὶ
2563 905 2833 976 τοσαύτην
2872 904 3047 977 ἔχοντι
3077 903 3213 974 πρὸς
3252 902 3385 956 Θεὸν
3431 903 3765 972 οἰκειότητα,

516 1003 841 1049 ornamento
874 1011 890 1048 :
921 1009 1114 1065 nempe
1134 995 1282 1064 quod
1311 996 1453 1067 apud
1478 997 1658 1050 virum
1707 1003 1860 1050 tanta
1890 997 2087 1051 virtute

2188 995 2330 1048 ὥστε
2387 997 2480 1049 καὶ
2525 995 2719 1059 ἄλλους
2763 994 2998 1049 οἰκειοῦν
3051 992 3310 1048 δύνασθαι
3357 992 3450 1047 καὶ
3486 991 3626 1061 λόγῳ
3665 990 3765 1043 καὶ

518 1082 827 1152 praeditum,
872 1093 1192 1156 tantamque
1241 1087 1383 1157 apud
1432 1085 1603 1141 Deum
1649 1087 2087 1157 conjunctionem

2189 1085 2568 1158 ὑποδείγματι.

516 1192 579 1230 ac
628 1175 1052 1233 familiaritatem
1100 1179 1408 1246 habentem,
1457 1186 1518 1234 ut
1566 1179 1704 1234 alios
1756 1178 1945 1243 etiam,
1983 1185 2099 1233 tum
2137 1193 2415 1247 sermone,
2459 1186 2574 1234 tum
2640 1176 2911 1249 exemplo,
2956 1172 3069 1231 Deo
3109 1175 3407 1234 conciliare
3457 1182 3622 1247 atque
3659 1173 3760 1228 ad-

511 1272 741 1347 iungere.
766 1272 963 1345 possit,
997 1274 1181 1345 aliquo
1209 1273 1331 1329 loco
1357 1288 1422 1329 ac
1453 1287 1682 1329 numero
1719 1273 1915 1330 simus.

3660 419 3769 474 139.

1018 1450 1229 1508 LXVII.
1270 1451 1297 1506 J
1307 1446 1579 1508 ULIANO.

2649 1440 2765 1500 εῖν.
2806 1441 3132 1516 ιοΥΑιΑΝᾳ
3170 1441 3311 1516 (56).·

587 1630 703 1696 Quo
748 1636 976 1697 tempore
1031 1625 1435 1681 Nazianzenam
1467 1623 1763 1697 Ecclesium
1814 1618 2585 1697 admin_i_strabat1'heolog_us,
2643 1617 2780 1673 hanc
2809 1617 3031 1674 Iuliano
3087 1621 3336 1689 prwfecto
3387 1622 3600 1690 scripsit
3646 1625 3765 1691 cpio

517 1690 759 1762 stolam;
815 1690 916 1752 nim
971 1698 1180 1768 quidem
1233 1707 1355 1768 ante
1387 1710 1594 1768 gummi
1637 1693 1777 1756 574,
1837 1708 1940 1762 quo
1975 1690 2356 1768 Nazianzenus
2411 1692 2684 1768 episcopus
2725 1699 2963 1768 "mrtuus
3002 1698 3306 1768 estheoque
3339 1702 3548 1745 mortuo
3580 1690 3766 1768 uoster

517 1751 804 1838 Creqorius
842 1751 1122 1850 regeu'da‘m
1166 1767 1338 1850 ipsius
1377 1764 1675 1850 .Eccfesiam
1737 1751 1874 1843 (egre
1909 1762 2164 1850 sqseepit,
2221 1776 2312 1815 nec
2354 1751 2542 1843 .serius
2587 1751 2730 1850 anno
2899 1751 3378 1850 ,_siquideni'ltoc
3427 1778 3566 1850 anno
3593 1801 3608 1824 ,
3656 1761 3765 1815 Ec-

515 1826 690 1893 clesia:
731 1826 982 1907 regimine
1025 1826 1226 1904 objecta
1247 1874 1280 1907 ,ί
1300 1833 1592 1907 Seleuciam
1620 1848 1675 1907 se
1702 1826 1915 1902 recepit.
1937 1826 2214 1885 lulianum
2233 1870 2248 1897 ,
2277 1831 2366 1901 qui
2392 1827 2731 1899 equuandis
2765 1828 2978 1884 tribulis
3007 1826 3105 1885 Iioc
3138 1846 3278 1885 anno
3312 1834 3590 1900 prwfectus
3620 1843 3761 1895 erat,

518 1918 667 1980 rogat
702 1917 758 1961 ut
787 1902 1009 1961 Elericos
1041 1902 1164 1961 suos
1196 1906 1396 1960 eximat
1421 1921 1455 1958 a
1485 1902 1721 1957 tributis.

584 2083 715 2139 Mihi
745 2091 940 2163 tecum.
958 2080 1213 2137 amicitia:
1238 2077 1458 2152 quidem
1485 2077 1655 2132 multa
1684 2075 1810 2147 jura
1852 2073 2087 2131 interce-

2270 2075 2425 2146 Ἐμοὶ
2451 2074 2586 2146 πρὸς
2620 2074 2681 2127 σὲ
2705 2072 2886 2142 φιλίας
2915 2072 3015 2145 μὲν
3043 2072 3214 2127 πολλὰ
3242 2073 3448 2140 δίκαια,
3475 2073 3572 2128 κα)⁸
3599 2074 3648 2127 εί
3684 2075 3759 2146 μή

510 2172 670 2237 dunt,
701 2180 757 2228 et
796 2173 841 2227 si
870 2160 1007 2227 nihil
1056 2170 1228 2236 aliud,
1262 2169 1459 2225 littera:
1500 2176 1669 2234 certe,
1698 2165 1901 2237 quibus
1943 2164 2087 2236 apud

2187 2184 2242 2221 τι
2268 2167 2415 2231 ἄλλο,
2443 2168 2493 2220 οἱ
2522 2167 2692 2236 λόγοι,
2721 2160 2796 2221 ὧν
2833 2166 2985 2219 οὐδὲν
3012 2169 3124 2230 τοῖς
3152 2166 3367 2230 πολλοῖς
3416 2166 3767 2238 αξδεσιμώτε-

514 2264 716 2318 mnltos
749 2262 888 2317 nihil
927 2261 1296 2318 venerabilius
1338 2269 1445 2325 est,
1492 2272 1597 2314 nec
1643 2257 1786 2326 quod
1825 2256 2087 2327 majorem

2192 2276 2305 2330 ρον,
2339 2256 2459 2311 οὐδὲ
2490 2257 2847 2329 οἰκειότερον·
2880 2257 3176 2328 ἀπεχθείας
3222 2258 3280 2311 δὲ
3314 2257 3567 2322 ὑπόθεσις
3608 2259 3758 2311 οὐδεο

510 2354 578 2408 ad
614 2352 1027 2409 conciliandum
1070 2366 1313 2406 amorem
1340 2350 1448 2403 vim
1489 2348 1689 2403 habeat
1720 2367 1736 2403 :
1768 2345 2088 2402 offensionis

511 2453 693 2499 autem
737 2451 789 2498 et
820 2441 1123 2497 inimicitiae
1168 2454 1272 2494 nec
1303 2452 1472 2493 causa
1503 2439 1614 2493 ulla
1651 2445 1755 2501 est,
1789 2444 1952 2506 atque
1977 2435 2088 2490 uti-

512 2550 639 2589 nam
679 2550 748 2589 ne
795 2535 869 2588 sit
924 2545 1190 2600 unquam.
1243 2527 1379 2583 Nam
1422 2542 1509 2592 ea,
1561 2527 1633 2582 ob
1654 2541 1779 2597 quae
1825 2525 2089 2581 adversus

513 2626 737 2679 fratrem
781 2620 1107 2676 Nicobulum
1153 2617 1368 2674 infenso
1415 2616 1602 2672 animo
1644 2631 1728 2682 es,
1763 2623 1860 2671 aut
1906 2615 1978 2671 ab
2023 2630 2090 2671 eo

511 2728 748 2771 moerere
784 2712 1013 2769 affectus
1041 2726 1124 2776 es,
1175 2725 1286 2766 nou
1330 2712 1505 2783 magis
1548 2709 1616 2765 ad
1665 2724 1753 2766 me
1793 2710 2087 2782 pertinent.

509 2821 676 2877 quam
706 2819 826 2873 qua:
852 2802 997 2873 apud
1020 2800 1182 2875 indos
1205 2811 1475 2873 geruntur
1501 2820 1515 2857 :
1547 2801 1654 2856 hoc
1696 2817 1808 2857 uno
1841 2809 2087 2872 excepto,

510 2895 657 2966 quod
698 2894 831 2948 nihil
864 2907 1078 2957 eorum,
1113 2906 1235 2961 qua:
1262 2890 1633 2962 contigerunt,
1666 2891 1797 2945 mihi
1821 2892 1926 2963 61
1961 2906 2092 2962 pro-

511 2981 693 3036 batur.
726 2980 1093 3047 Quamobrem
1121 2979 1237 3034 haec
1260 2979 1394 3033 mihi
1423 2994 1492 3035 ne
1522 2980 1777 3050 imputes,
1822 2996 1926 3036 nec
1962 2996 2093 3052 pro-

510 3085 698 3143 pterea
728 3071 972 3126 deterius
993 3070 1267 3141 quoddam
1297 3070 1363 3126 de
1384 3070 1558 3142 teipso
1583 3070 1875 3127 consilium
1901 3073 2087 3130 ineas:

510 3180 701 3220 verum
731 3165 910 3236 reipsa
956 3164 1349 3235 benignitatem
1379 3178 1523 3232 eam,
1553 3180 1718 3236 quam
1750 3167 2087 3236 pauperibus

510 3256 791 3327 pollicitus
833 3272 915 3322 es,
960 3265 1180 3327 praesta.
1217 3255 1361 3323 Quin
1417 3256 1579 3312 etiam
1627 3257 1857 3314 clericos
1914 3273 2085 3324 meos,

510 3358 650 3412 quos
691 3358 723 3397 a
771 3351 824 3399 te
871 3343 1116 3414 poposci,
1166 3343 1357 3399 tributi
1399 3343 1664 3415 pensione
1709 3344 2086 3403 libera:illud

2192 2349 2312 2419 μία,
2360 2347 2484 2401 οὔτε
2531 2349 2667 2411 ἐστὶ,
2729 2348 2866 2419 μήτε
2909 2348 3120 2417 γένοιτο
3166 2348 3301 2420 (57).
3357 2349 3422 2402 ’Δ
3465 2350 3574 2421 γὰρ
3625 2350 3760 2419 πρὸς

2190 2435 2280 2489 τὸν
2309 2435 2534 2505 ἀδελφὸν
2561 2435 2910 2501 Νικόϐουλον,
2965 2435 2998 2508 ἢ
3031 2434 3181 2508 παρὰ
3225 2437 3556 2491 Νικοϐούλου
3608 2437 3762 2491 λελύο

2191 2542 2382 2597 πησαι,
2420 2528 2520 2582 οὐκ
2541 2526 2650 2598 ἐμὰ
2681 2526 2902 2598 μᾶλλον,
2927 2526 2960 2598 ἢ
2993 2526 3061 2581 τὰ
3086 2529 3144 2581 ἐν
3176 2528 3356 2592 Ἰνδοῖς
3377 2528 3725 2600 πραττόμενα
3745 2547 3758 2560 ·

2191 2615 2315 2669 ὅσον
2355 2617 2448 2669 ἐπὶ
2476 2616 2538 2669 τὸ
2568 2616 2680 2687 (58)
2716 2616 2791 2689 μὴ
2837 2616 3265 2689 συναρέσκεσθαι
3307 2619 3496 2689 μηδεν)¹
3525 2620 3635 2673 τῶν
3672 2637 3758 2687 γει

2190 2709 2524 2780 γενημένων.
2559 2708 2650 2782 Μὴ
2683 2710 2858 2764 τοίνυν
2891 2712 3014 2782 ἐμοὶ
3044 2710 3216 2765 ταῦτα
3255 2710 3465 2782 λογίσῃ,
3503 2712 3635 2784 μηδὲ
3677 2713 3766 2767 διὰ

2189 2800 2350 2854 τοῦτο
2399 2800 2577 2874 χεῖρόν
2620 2818 2674 2854 τι
2723 2801 2984 2874 βουλεύσῃ
3032 2801 3161 2874 περὶ
3214 2802 3442 2856 σεαυτοῦ
3464 2818 3479 2832 ’
3532 2803 3650 2856 ἀλλ’
3696 2806 3766 2876 ἣν

2192 2890 2432 2961 ὑπέσχου
2460 2893 2573 2956 τοῖς
2623 2894 2859 2961 πτωχοῖς
2907 2891 3339 2964 φιλανθρωπίαν,
3391 2892 3594 2962 ταύτην
3641 2893 3766 2947 ἑπι-

2190 2978 2318 3052 τελῆ
2341 2981 2587 3050 ποίησον.
2617 2981 2729 3035 Καὶ
2759 2981 2860 3052 μέν
2889 2998 2970 3035 τοι
3004 2981 3249 3046 καὶτοὺς
3282 2980 3411 3052 περὶ
3450 2981 3550 3052 ἐμὲ
3576 2981 3769 3052 κληριο

2190 3071 2352 3134 κοὺς,
2406 3071 2564 3134 ὅσους
2609 3070 3050 3143 παρῃτησάμην,
3099 3072 3200 3142 τῆς
3262 3071 3593 3143 ἀπογραφῆς
3649 3073 3764 3143 (59)

2190 3158 2574 3230 ἐλευθέρωσον,
2621 3160 2799 3214 ἐκεῖνο
2840 3160 3186 3233 ἐνθυμηθεὶς,
3216 3161 3299 3214 ὅτι
3335 3159 3454 3214 λίαν
3493 3160 3602 3214 τῶν
3639 3160 3767 3213 ἀτό-

2191 3267 2310 3305 πων
2341 3252 2453 3321 (60)
2486 3250 2656 3317 ἐστὶν,
2695 3250 2885 3316 ἄλλους
2933 3253 3031 3324 μὲν
3058 3252 3153 3307 καὶ
3189 3252 3377 3306 οὐσίαν
3414 3251 3541 3323 ὅλην
3583 3250 3769 3305 καθιε-

2193 3342 2318 3414 ροῦν
2358 3343 2436 3414 τῷ
2475 3343 2618 3414 Θεῷ,
2668 3343 2728 3397 σὲ
2766 3343 2825 3397 δὲ
2872 3344 3007 3415 μηδὲ
3060 3347 3261 3415 προῖκα
3299 3343 3586 3414 βούλεσθαι
3620 3339 3764 3397 εἶναι

510 3443 695 3489 tecum
741 3441 1025 3504 reputans,
1060 3448 1178 3490 rem
1225 3448 1348 3491 esse
1396 3448 1726 3506 magnopere
1766 3434 2085 3502 absurdam,

2190 3435 2456 3506 χρηστόν
2513 3436 2608 3489 καὶ
2640 3434 2830 3499 ἄλλαις
2862 3435 2972 3507 (61)
3016 3436 3114 3506 μὲν
3149 3434 3337 3489 πόλεσι
3387 3435 3595 3498 πάντας
3636 3435 3768 3498 τοὺς

510 3525 652 3580 alios
680 3539 810 3580 suas
833 3540 1051 3595 quoque
1076 3540 1271 3580 omnes
1291 3523 1579 3582 facultates
1603 3525 1714 3581 Deo
1736 3540 2084 3594 consecrare,

509 3623 567 3669 te
609 3621 792 3668 autem
834 3628 904 3669 ne
934 3614 1108 3684 gratis
1149 3614 1371 3683 quidem
1402 3614 1698 3685 benignum
1740 3630 1863 3671 esse
1896 3616 2035 3672 velle
2066 3634 2082 3672 :

511 3715 677 3776 atque
702 3705 828 3761 aliis
858 3704 1090 3760 urbibus
1113 3718 1306 3759 omnes
1336 3718 1453 3769 eos,
1488 3704 1585 3774 qui
1626 3704 1930 3758 sacrarium
1971 3718 2088 3757 am-

510 3799 692 3862 biunt,
723 3797 939 3862 donari,
980 3797 1143 3855 nobis
1191 3807 1370 3854 autem
1411 3812 1481 3852 ne
1522 3810 1618 3852 eos
1665 3794 1906 3865 quidem,
1951 3810 2090 3864 quo-

510 3905 633 3946 rum
661 3887 1064 3945 consuetudine
1091 3887 1320 3971 utiulur,
1351 3896 1405 3943 et
1430 3887 1524 3958 qui
1555 3885 1714 3942 nobis
1754 3884 2088 3952 ministrant,

510 3981 676 4050 idque
701 3996 733 4035 a
762 3979 938 4045 vobis,
965 3979 1293 4049 quibuscum
1320 3993 1535 4035 summa
1558 3977 1719 4033 nobis
1740 3984 1825 4034 est
1848 3976 2086 4032 familia-

511 4073 669 4136 ritas,
699 4079 753 4126 et
785 4070 987 4142 quibus
1031 4068 1266 4126 fortasse
1299 4068 1522 4125 minime
1560 4067 1816 4124 dedecori
1855 4067 2083 4124 erimus.

512 4159 639 4214 llaec
668 4175 698 4213 a
731 4160 892 4217 nobis
929 4160 997 4214 ad
1032 4168 1085 4216 te
1125 4161 1293 4217 scribi
1322 4174 1420 4230 par
1463 4158 1589 4215 fuit.
1618 4156 1731 4215 Nec
1772 4158 1916 4214 enim
1955 4173 2087 4215 con-

511 4252 664 4321 gredi
704 4260 884 4307 tecum
914 4253 1090 4318 licuit,
1123 4260 1413 4322 propterea
1452 4249 1601 4321 quod
1632 4249 1858 4306 morbus
1891 4264 1979 4305 me
2012 4249 2084 4304 ad

2196 3525 2328 3595 περὶ
2351 3523 2414 3578 τὸ
2449 3523 2600 3596 βῆμα
2635 3525 2853 3596 δοθῆναι
2883 3525 3017 3596 (62),
3065 3528 3196 3598 ἡμῖν
3224 3526 3283 3579 δὲ
3317 3525 3454 3597 μηδὲ
3485 3525 3612 3590 τοὺς
3643 3541 3768 3578 συν-

2191 3615 2351 3681 όντας
2373 3618 2469 3671 καὶ
2494 3616 2895 3688 θεραπεύοντας
2922 3619 3056 3690 (65),
3098 3618 3191 3672 καὶ
3217 3617 3391 3672 ταῦτα
3435 3618 3565 3689 παρ’
3610 3617 3765 3689 ὑμῶν

2185 3704 2296 3760 τῶν
2326 3706 2693 3773 οἰκειοτάτων,
2723 3707 2818 3773 οὓς
2861 3709 3022 3780 τυχὸν
3062 3710 3162 3763 ούκ
3212 3708 3573 3780 αίσχυνοῦμεν
3620 3709 3762 3779 (64).

2189 3795 2375 3851 Ταῦτα
2405 3798 2761 3869 ὲπισταλῆναί
2788 3816 2871 3852 σοι
2908 3802 3037 3871 παρ’
3063 3798 3221 3871 ἡμῶν
3249 3799 3432 3863 καλῶς
3464 3794 3598 3869 εἶχε.
3630 3799 3763 3850 Συν-

2188 3890 2371 3959 τυχεῖν
2400 3887 2459 3942 δὲ
2500 3889 2601 3943 οὐκ
2644 3888 2946 3960 ἐξεγένετο,
2995 3889 3179 3961 ἐπειδή
3228 3906 3296 3962 με
3342 3891 3376 3961 ἡ
3409 3889 3564 3952 νόσος
3593 3887 3759 3960 ἐξώρ-

2194 3997 2335 4052 μησε
2380 3982 2517 4054 πρὸς
2563 3981 2633 4037 τά
2673 3983 2860 4038 Τύανα
2905 3982 3204 4058 θεραπείας
3253 3981 3601 4052 τευξόμενον,
3656 3979 3765 4042 ἕως

2192 4071 2403 4142 καιρός.
2435 4073 2548 4127 Καὶ
2581 4074 2938 4144 συγγίνωσκε.
2981 4073 3126 4127 ’Δντὶ
3161 4072 3220 4126 δὲ
3264 4070 3423 4143 ἡμῶν
3462 4070 3605 4141 ἔχεις
3630 4067 3764 4120 Θεὸν

2191 4161 2456 4235 παρόντα,
2502 4165 2597 4218 καὶ
2634 4164 2931 4237 βοηθοῦντα
2956 4166 3068 4227 τοῖς
3114 4162 3329 4234 πένησι,
3362 4161 3455 4216 τὸν
3501 4159 3637 4214 πολὺ
3663 4160 3764 4229 τῆς

2192 4253 2493 4323 παρουσίας
2519 4254 2678 4326 ἡμῶν
2707 4253 3147 4327 αἱδεσιμώτερον.

512 4338 855 4410 'l‘yanensem
903 4342 1092 4396 urbem
1137 4339 1410 4411 proficisci
1453 4339 1656 4411 coegit,
1692 4346 1774 4405 ut,
1855 4337 1984 4393 dum
2032 4354 2131 4410 per
2163 4347 2379 4412 tempus
2424 4343 2574 4408 licet,
2643 4362 2888 4403 curarcr.
2930 4347 3096 4418 idque
3132 4347 3293 4403 velim
3338 4332 3618 4420 ignoscas.
3655 4342 3764 4398 Pro

514 4436 674 4489 nobis
720 4444 901 4489 autem
962 4434 1132 4490 Deum
1174 4443 1500 4505 praesentem
1571 4434 1783 4499 babes,
1833 4448 1899 4491 ac
1967 4434 2303 4519 pauperibus
2348 4451 2505 4508 opem
2542 4438 2827 4506 ferentem,
2873 4442 2966 4512 qui
3015 4444 3302 4515 praesentia
3357 4449 3548 4500 nostra
3591 4440 3762 4497 multo

514 4525 799 4597 augustior
830 4538 895 4579 ac
923 4525 1287 4580 venerabilior
1315 4533 1420 4581 est.

587 4762 702 4834 (56)
740 4762 890 4834 Alias
910 4761 1139 4834 CLXVI.
1171 4762 1386 4834 scripta
1420 4762 1607 4834 eodem
1639 4768 1902 4834 tempore.

587 4829 705 4916 (57)
740 4833 904 4916 {trite
930 4833 1181 4903 γένοιτο.
1230 4829 1312 4886 Ita
1336 4831 1458 4887 cod.
1505 4831 1639 4903 Reg.
1675 4840 1730 4887 et
1756 4829 2002 4888 Combef.
2029 4830 2087 4887 In

517 4902 648 4958 edit.
681 4902 814 4974 μηδὲ
843 4902 1069 4972 γένοιτο.

591 4973 701 5053 (53$)
733 4974 923 5026 Ὅσον
943 4973 1041 5025 ἐπὶ
1060 4973 1147 5053 τό,
1174 4981 1279 5027 etc.
1307 4970 1578 5053 Combe-ﬁ:
1605 4988 1672 5053 ea
1694 4982 1830 5053 certe
1858 4970 2084 5053 ratione,

517 5040 656 5110 quod
684 5057 863 5095 eorum
888 5058 1004 5111 qua:
1040 5052 1186 5112 gesta
1210 5050 1354 5104 sunt,
1395 5041 1527 5094 nihil
1555 5039 1905 5110 probaverim.
1939 5039 2084 5107 Mox,

518 5109 835 5190 codJAi’ass.
869 5111 1002 5190 μηδὲ
1035 5110 1492 5190 ουναρέσιεεσθαι..
1556 5178 1592 5190 ἢ
1726 5178 1741 5190 _
2024 5176 2051 5190 _

592 5178 703 5261 (59)
741 5177 854 5247 Τῆς
870 5176 1246 5250 ἀπογραφῆς.
1285 5179 1360 5234 lla
1392 5181 1515 5235 cod.
1553 5178 1686 5250 Reg.
1724 5178 1781 5233 In
1827 5177 1962 5233 edit.
1992 5176 2093 5248 τῆς

521 5264 890 5400 ῒρῗύίθςλίαν
913 5317 1032 5371 τῶν
1057 5316 1418 5400 ἀτόπωκύια
1448 5318 1659 5400 πριιιιιι
1686 5317 1818 5373 edit.
1844 5316 1965 5371 λίαν
1985 5315 2095 5369 τῶν

525 5387 789 5447 ἀπίστων,
826 5404 935 5441 rem
970 5403 1277 5510 magnolpere
1311 5387 1688 5442 incredibilem.
1827 5455 1837 5467 .
1969 5455 1984 5471 ‘

525 5456 1225 5592 beglgdlﬁqtzﬁitﬁiacta
1253 5471 1442 5513 omnes
1479 5456 1640 5513 codd.
1669 5462 1840 5512 nostri
1870 5462 1924 5512 et
1944 5455 2098 5511 (.om-

2260 4762 2553 4839 (62)]ὀὺς
2578 4764 2710 4832 περὶ
2748 4763 2816 4839 τε)
2859 4761 3030 4834 βῆμα
3065 4764 3333 4839 δοᾷᾕναι.
3373 4764 3644 4832 Combef.,
3673 4769 3762 4839 qui

2194 4835 2436 4905 sacrario
2466 4836 2759 4905 funguntur
2782 4835 3055 4905 immunes
3070 4835 3242 4893 reddi.

2267 4902 2377 4973 (6'5)
2401 4905 2513 4960 Kal
2538 4902 2994 4971 θεραπεύοντας.
3020 4904 3330 4961 Tillemont.
3362 4906 3759 4973 interpretatio-

2195 4988 2316 5028 nem
2351 4973 2651 5043 sequimur.
2677 4973 2946 5036 Combef.,
2969 4976 3057 5043 qui
3087 4985 3266 5030 nostra
3291 4985 3411 5030 sunt
3440 4973 3643 5029 addicti
3671 4976 3763 5028 ob-

2195 5042 2395 5112 sequio.
2426 5042 2541 5097 Non
2570 5043 2715 5114 satis
2746 5053 2869 5114 apte
2900 5042 3047 5108 Bill.,‘
3069 5060 3102 5097 a
3132 5046 3318 5114 quibus
3343 5045 3567 5100 coiimur
3591 5056 3638 5099 et
3663 5046 3760 5114 pb-

2114 5156 2117 5159 .
2191 5127 2502 5183 servantur;
2537 5112 2618 5166 sic
2638 5114 2782 5167 enim
2809 5112 3102 5183 Gregorius
3127 5112 3157 5166 a
3185 5121 3300 5169 toto
3332 5116 3481 5169 clero
3506 5129 3625 5169 suo.
3653 5112 3759 5168 Sed

2190 5180 2281 5252 hic
2313 5182 2381 5237 de
2421 5181 2535 5252 illis
2582 5196 2763 5237 sermo
2811 5192 2896 5238 est
2924 5180 3032 5252 'qui
3082 5183 3304 5237 domum
3353 5184 3763 5252 constituebant

2189 5250 2624 5322 episcopi,iquos_
2644 5252 2869 5322 speciali
2891 5250 3103 5307 raiione
3125 5252 3399 5309 immunes
3421 5268 3544 5309 esse
3563 5251 3762 5308 debere

2190 5319 2555 5391 centen’debat
2586 5319 2899 5391 Gregorius.

2265 5389 2377 5463 (64)
2415 5388 3002 5463 οὺκᾲαισγξυνοῦμεν.
3021 5388 3196 5449 Codd.
3231 5388 3410 5462 l‘ass.,
3436 5391 3676 5463 Montac.
3707 5396 3771 5449 et

2192 5456 2382 5517 Norel.
2412 5456 2754 5531 αἰσχύνομαι.
