4182 6414
582 501 686 556 173
1860 499 1919 557 S.
1954 499 2164 556 GBEM

2270 502 2280 554 Ι
2318 501 2657 558 τιιιςοιοῦι
3216 540 3223 548 .
3732 501 3838 557 176

579 615 788 690 quidem
815 616 894 670 vel
936 617 1058 672 inde
1095 627 1324 690 constat,
1369 617 1507 689 quod
1561 634 1680 671 cum
1706 617 2125 687 Apollinaristis,
2166 635 2296 688 quos
2325 619 2584 690 exagitat,
2627 619 3039 672 con:roversiam
3067 636 3171 672 non
3194 617 3398 679 habuit,
3431 616 3536 671 nisi
3557 625 3838 687 postquam

584 688 1042 755 Constantinopoli
1075 689 1254 742 rediit.

655 758 866 826 Scripta
899 757 1075 826 itaque
1103 759 1276 826 prima
1308 756 1554 825 epistola,
1584 772 1703 809 cum
1733 755 2134 825 Apollinaristte
2155 797 2169 817 .
2211 772 2340 825 quos
2378 759 2626 811 furantes
2650 765 3040 826 raptanlesque
3071 755 3447 810 Nazianzenus
3480 771 3594 809 oves
3637 757 3837 824 Grego-

583 829 692 880 rius
761 827 1100 880 Nazianzum
1152 843 1387 881 reversus
1427 827 1693 880 inveniens
1717 865 1731 888 ,
1787 843 1849 878 ea
1883 841 1972 892 spe
2015 827 2337 893 pertulerat.
2374 838 2430 879 ut
2474 827 2694 880 lenitate
2723 845 2821 880 sua
2855 838 3160 882 mansuetos
3191 828 3427 880 redderet
3479 843 3541 880 ac
3567 827 3836 892 placidos.

582 896 936 968 paulatimque
992 897 1280 968 enuilliret,
1339 897 1462 950 hinc
1503 901 1703 964 pejores
1759 895 1960 968 effecti,
2013 912 2116 948 non
2156 895 2309 949 modo
2351 897 2781 965 simplicioribus
2839 899 3040 951 animis
3086 912 3495 968 pravamﬁsuam
3528 897 3836 968 doctrinam

583 965 892 1038 infundere,
928 966 1016 1038 sed
1049 965 1360 1038 Gregorium
1403 967 1562 1020 etiam
1591 965 2038 1038 tanquanr_ideni
2083 980 2268 1019 secum
2303 970 2624 1038 sentientem
2662 971 2779 1019 ausi
2807 978 2928 1022 sunt
2953 965 3285 1023 insimulare.
3315 967 3448 1038 Tum
3486 983 3604 1038 vero
3635 965 3839 1038 (ἐι-ευρ)-
3889 974 3892 975 ⁷

582 1037 731 1108 rius,
763 1051 846 1108 _ne
879 1036 1079 1090 malum
1112 1034 1295 1108 latius
1339 1034 1711 1105 grassaretur,
1749 1035 1988 1108 scribere
2013 1044 2242 1108 coactus
2282 1046 2379 1108 est.
2428 1034 2502 1088 Ne
2529 1051 2684 1108 nunc
2715 1039 2932 1106 quidem
2957 1078 2970 1100 ,
3005 1040 3174 1108 inquit
3195 1078 3210 1097 .
3252 1036 3446 1092 credas
3478 1037 3608 1090 mihi
3647 1034 3834 1108 velim.

582 1105 1038 1174 scripsissemus,
1071 1107 1175 1161 nisi
1209 1106 1505 1162 Ecclesium
1534 1105 1761 1160 lacerari
1797 1113 1962 1174 atque
1993 1105 2242 1175 discindi,
2266 1106 2591 1160 videremus.
2626 1105 2716 1160 Sic
2738 1105 2935 1161 ’t-eteres
2968 1105 3204 1162 nonnisi
3238 1107 3547 1161 necessitate
3577 1106 3841 1175 compulsi

581 1175 846 1246 calamum
877 1177 1222 1246 stringebant.
1271 1175 1452 1245 Neque
1484 1177 1622 1230 alius
1651 1175 1994 1244 epistolarum
2020 1175 2088 1228 ad
2117 1174 2425 1229 Cledonium
2450 1191 2656 1242 scapus,
2693 1189 2783 1229 aut
2819 1180 2930 1231 alia
2977 1180 3208 1237 occasio.
3245 1179 3349 1230 nisi
3380 1177 3519 1246 quod
3549 1174 3840 1229 secundum

581 1245 635 1316 in
668 1247 898 1316 gratiam
929 1243 1323 1300 Catholicorum
1355 1243 1520 1316 magis
1550 1243 1826 1314 scripsisse
1876 1245 2144 1316 videatur,
2195 1262 2283 1298 seu
2329 1247 2395 1300 de
2437 1246 2542 1314 ﬁde
2577 1246 2824 1316 Tlteologi
2860 1248 3098 1302 nonnihil
3132 1249 3212 1302 illi
3241 1243 3541 1300 dubitarent
3564 1288 3577 1306 ,
3622 1263 3734 1307 seu.
3777 1258 3841 1298 ut

579 1315 752 1382 placet
787 1314 944 1386 Elite,
976 1316 1030 1369 id
1068 1326 1269 1369 tantum
1311 1314 1559 1386 peterent,
1599 1324 1656 1368 ut
1686 1317 1927 1386 regulam
1964 1315 2082 1368 ﬁdei
2117 1317 2407 1383 quanidam
2457 1327 2507 1370 et
2549 1314 2814 1372 temonem
2851 1319 3112 1386 haberent
3135 1359 3150 1383 ,
3186 1321 3250 1370 ad
3288 1334 3411 1386 qua:
3441 1332 3638 1386 pravas
3663 1318 3844 1370 luere-

583 1381 818 1457 t_i_cor_um
842 1385 1112 1457 doctrinas
1142 1381 1426 1456 exigerent.
1467 1385 1636 1438 Porro
1670 1381 1979 1445 Cletlonius.
2003 1381 2268 1457 adquem
2301 1399 2520 1457 utraque
2556 1389 2753 1457 scripta
2783 1398 2860 1441 est
2888 1429 2902 1450 ,
2936 1391 2980 1442 is
3006 1381 3234 1454 ipse-est
3267 1428 3281 1447 .
3309 1381 3366 1440 ut
3399 1381 3602 1441 ridetur
3625 1425 3640 1448 ,
3685 1403 3841 1455 quem

585 1451 947 1527 Nazianaente
996 1451 1272 1510 diwceseos
1316 1457 1618 1527 solitarium
1659 1458 1945 1527 principem
1993 1451 2232 1527 Hellenio
2281 1451 2672 1510 continendans'
2707 1460 2857 1511 miris
2900 1451 3191 1527 Theologus
3221 1459 3369 1526 eﬁ'crt
3407 1457 3655 1510 laudibus
3681 1451 3708 1518 ;’
3746 1457 3840 1526 qui

584 1522 823 1598 Gregorii
866 1525 1204 1598 Testamento
1227 1526 1499 1596 presbyter
1532 1524 1698 1578 Iconii
1727 1522 2057 1598 subscripsit.
2093 1523 2232 1593 Ipsis
2256 1537 2462 1598 constat
2497 1529 2687 1598 litteris
2708 1568 2722 1588 .
2756 1527 3066 1583 Cledonium
3094 1522 3114 1591 ξ
3158 1529 3227 1580 ad
3251 1522 3408 1598 quem
3448 1528 3659 1594 scriptw
3689 1522 3840 1588 sunt,

582 1597 941 1665 presbyterum
967 1595 1154 1662 fuisse,
1183 1595 1403 1664 eumque
1437 1599 1637 1665 pietate
1667 1611 1729 1647 ac
1762 1595 1867 1664 ﬁde
1901 1596 2192 1667 insignem;
2223 1597 2373 1653 cuius
2414 1598 2606 1650 eratin
2640 1597 2880 1652 Ecclesia
2907 1600 3106 1653 docere
3142 1607 3192 1652 et
3216 1595 3535 1667 coarguere.
3580 1612 3842 1667 pravum—

580 1679 693 1736 que
738 1667 935 1736 dogma
987 1682 1055 1720 ne
1109 1677 1350 1734 serperet
1395 1667 1737 1736 advigilare,
1787 1675 1886 1718 etc.
1918 1694 1988 1702 —
2061 1665 2442 1736 [hereticorum
2498 1667 2723 1720 novandi
2756 1669 2919 1722 libido
2949 1709 2963 1728 ,
3010 1669 3322 1736 fraudesque
3357 1665 3426 1720 ‘ut
3494 1665 3844 1735 simpliciores

580 1733 839 1808 decipiant
861 1750 879 1787 :
903 1736 1044 1808 circa
1071 1733 1383 1808 Trinita_tem
1407 1734 1610 1808 etFilii
1647 1734 1741 1788 Dei
1770 1735 2186 1808 incarnationem
2218 1735 2579 1808 Christianum
2604 1733 3350 1808 dogma:Apcllinaristarum
3387 1733 3614 1790 maxime
3637 1753 3845 1808 errores

580 1815 628 1879 et
657 1805 906 1879 ﬁgmenta
933 1807 1224 1879 insectatur
1253 1804 1534 1876 Gregorius
1561 1813 1606 1858 et
1631 1814 1796 1858 tentat
1828 1806 2187 1873 comprimere,
2215 1816 2442 1877 petitque
2463 1827 2493 1862 a
2525 1804 2775 1862 Cledonio
2805 1820 2860 1862 ut
2891 1804 3007 1879 quae
3033 1810 3132 1877 ipsi
3160 1807 3366 1871 scribit,
3395 1809 3507 1861 lucc
3538 1805 3678 1876 apud
3701 1805 3846 1859 mul-

582 1875 862 1928 titudinem
891 1876 1011 1930 velit
1039 1879 1305 1931 attestari.

581 1993 668 2050 CI.
694 1992 790 2049 AD
816 1989 1267 2050 CLEDONIUM
1305 1989 1841 2048 PRESBYTERUM
1865 1988 2163 2045 CONTRA

1072 2060 1654 2120 APOLLINARIUM

1143 2172 1482 2226 EPISTULA
1521 2172 1562 2228 Ι.

2342 1993 2464 2047 PA'.
2511 1997 2708 2048 ΠΡΟΣ
2763 1996 3186 2048 ΚΛΗΔΟΝΙΟΝ
3231 1992 3776 2046 ΠΡΕΣΒΥΤΕΡΟΝ

2670 2067 2856 2118 ΚΑΤΑ
2891 2065 3391 2118 ΑΠΟΛΛΙΝΑΡΙΟ
3406 2064 3450 2115 Υ

2753 2177 3097 2230 summa
3131 2179 3188 2230 A'
3225 2176 3357 2248 (l7).

651 2289 927 2361 Perquam
957 2288 1279 2344 honorando
1304 2305 1368 2345 ac
1408 2289 1516 2343 Deo
1556 2289 1886 2344 charissima
1924 2286 2077 2340 fratri
2103 2295 2156 2341 et

2348 2292 2440 2363 Τῷ
2495 2294 2810 2364 τιμιωτάτῳ
2865 2294 2958 2347 καὶ
3021 2293 3418 2364 Θεοφιλεστάτῳ
3470 2290 3680 2361 ἀδελφῷ
3725 2290 3851 2361 (18)

583 2379 1031 2452 compresbytero
1060 2378 1344 2442 Cledonio,
1377 2377 1678 2449 Gregorius
1702 2380 1754 2432 in
1780 2378 2003 2433 Christo
2033 2393 2159 2448 gau-

584 2477 732 2530 dere.

657 2563 814 2618 Scire
843 2562 1118 2632 cupimus,
1154 2576 1405 2630 quamam
1445 2562 1558 2614 haec
1581 2569 1730 2616 tanta
1769 2561 1840 2616 sit
1869 2561 2017 2615 circa
2063 2561 2166 2615 Ec-

584 2655 807 2711 clesium
835 2653 1075 2708 novandi
1107 2653 1297 2716 libido,
1331 2661 1389 2706 ut
1417 2653 1592 2708 cuivis
1624 2653 1822 2707 volenti
1850 2652 1940 2716 ³⁹·,
1977 2661 2161 2722 atque,

585 2756 648 2803 ut
678 2746 980 2816 Scriptum
1013 2745 1283 2798 vocabqu
1325 2752 1468 2809 utar,
1513 2743 1626 2817 84.
1671 2743 2163 2814 praetergredienli,

587 2838 732 2893 ovile
763 2837 1025 2907 praeclare
1048 2835 1274 2890 ductum
1309 2847 1362 2890 et
1395 2837 1703 2892 institutqu
1729 2836 2068 2906 discerpere,
2103 2851 2167 2889 ac

587 2945 685 2998 per
714 2927 944 2982 furtivos
991 2927 1249 2996 impetus,
1305 2927 1389 2981 vel
1441 2930 1625 2998 potius
1686 2929 2050 2998 praedatorias
2110 2934 2166 2981 et

587 3019 860 3074 absurdas
890 3019 1176 3073 doctrinas
1226 3018 1465 3088 diripere
1516 3021 1695 3073 liceat.
1757 3018 1892 3072 Nam
1936 3021 1980 3072 si
2034 3017 2165 3088 quid

588 3112 872 3173 haberent,
901 3111 1046 3180 quol
1072 3110 1125 3163 in
1160 3109 1321 3164 nobis
1352 3111 1500 3164 circa
1531 3110 1686 3165 (idem
1732 3111 2046 3180 improbare
2101 3125 2166 3164 ac

587 3203 954 3257 condemnare
978 3209 1220 3270 possent,
1263 3201 1355 3272 qui
1386 3217 1531 3256 nunc
1571 3201 1834 3271 impetum
1893 3201 2163 3266 fecerunt,

589 3309 656 3350 ne
686 3293 768 3348 sic
791 3291 1010 3362 quidem
1042 3301 1247 3354 tamen,
1279 3293 1444 3347 nobis
1483 3308 1588 3346 non
1623 3308 1652 3345 a
1677 3292 1941 3355 lmonitis,
1969 3293 2167 3362 hujus-

591 3381 739 3435 modi
797 3379 1016 3435 facinus
1065 3380 1290 3450 aggredi
1349 3396 1448 3450 par
1474 3390 1610 3435 erat.
1665 3381 1825 3437 Prius
1861 3383 2031 3447 enim,
2083 3383 2166 3437 vel

590 3470 941 3540 persuadere,
969 3471 1052 3525 vel
1080 3470 1398 3541 persuaderi
1424 3471 1561 3525 velle
1587 3472 1876 3542 oportebat
1907 3473 1974 3542 (si
2007 3472 2166 3525 modo

590 3577 692 3617 nos
720 3575 938 3630 quoque
971 3561 1157 3629 aliquo
1191 3567 1248 3615 et
1275 3576 1508 3615 numero
1537 3577 1753 3627 sumus,
1785 3569 1844 3616 ut
1870 3563 1964 3632 qui
1997 3561 2164 3616 Deum

2267 2380 2362 2434 ita).
2389 2383 2855 2454 συμπρεσῦυτέρῳ
2903 2383 3179 2454 Κληδονίῳ
3222 2384 3522 2457 Γρηγόριος
3557 2385 3612 2435 ὲν
3649 2382 3847 2452 Κυρίῳ

2265 2472 2498 2542 χαίρειν.

2336 2562 2647 2635 Βουλόμεθα
2682 2563 2797 2636 (19)
2857 2563 3090 2634 μαθεῖν,
3126 2564 3209 2628 τίς
3261 2565 3293 2635 ή
3342 2563 3663 2634 καινοτομία
3712 2561 3847 2633 περὶ

2264 2657 2364 2727 τὴν
2417 2657 2744 2727 Ἐκκλησίαν
2770 2696 2784 2721 ,
2827 2657 2893 2709 ἵν’
2923 2657 3016 2728 ἐξῇ
3066 2658 3227 2712 παντὶ
3261 2656 3569 2727 βουλομένῳ
3605 2657 3697 2709 καὶ
3736 2672 3849 2708 rra-

2271 2745 2692 2816 ραπορευομένῳ
2716 2787 2731 2810 ,
2772 2746 2914 2799 κατὰ
2943 2747 3001 2799 τὸ
3025 2747 3412 2818 γεγραμμένον
3433 2786 3446 2808 ,
3471 2747 3703 2817 διασπᾷν
3742 2745 3848 2816 τὴν

2268 2839 2503 2908 ποίμνην
2557 2837 2737 2900 καλῶς
2793 2839 3072 2908 ἠγμένην,
3114 2839 3206 2891 καὶ
3266 2837 3602 2905 συλαγωγεῖν
3648 2838 3846 2890 κλοπι-

2271 2929 2449 2999 μαίοις
2478 2929 2712 2998 ἐφόδοις,
2745 2930 2942 3000 μᾶλλον
2966 2931 3023 2983 δὲ
3051 2931 3361 3000 ληστρικοῖς
3391 2931 3482 2982 καὶ
3515 2929 3848 3001 παραλόγοις

2266 3019 2605 3092 διδάγμασιν.
2665 3021 2728 3072 Ei
2794 3020 2892 3089 μὲν
2946 3021 3054 3092 γὰρ
3094 3017 3236 3091 εἶχόν
3299 3039 3350 3074 τι
3412 3019 3848 3088 καταγινώσκειν

2268 3111 2424 3182 ἡμῶν
2460 3113 2587 3182 περὶ
2611 3111 2708 3182 τὴν
2751 3113 2933 3167 πίστιν
2977 3113 3027 3164 oi
3075 3111 3170 3166 νῦν
3203 3112 3520 3175 ἐπελθόντες
3549 3112 3690 3180 (20),
3730 3111 3845 3163 οὐδ’

2266 3201 2409 3255 οὕτω
2442 3203 2538 3274 μὲν
2582 3205 2750 3276 χωρὶς
2795 3206 3152 3275 ὑπομνήσεως
3181 3205 3337 3276 ἡμῶν
3377 3204 3483 3257 ἔδει
3520 3205 3589 3258 τὰ
3618 3203 3848 3257 τοιαῦτα

2267 3292 2490 3364 τολμᾷν.
2520 3294 2708 3348 Πείσαι
2734 3295 2843 3368 γὰρ
2876 3296 3040 3367 ἐχρῆν
3067 3296 3099 3366 ἦ
3129 3295 3420 3367 πεισθῆναι
3453 3295 3672 3366 θελῆσαι
3711 3295 3847 3365 πρό-

2266 3401 2423 3456 τερον
2450 3384 2630 3456 (εῐπερ
2663 3403 2746 3449 τις
2795 3387 2891 3440 καὶ
2934 3387 3089 3458 ἡμῶν
3121 3387 3277 3454 λόγος
3298 3430 3314 3453 ,
3353 3388 3430 3452 ὼς
3456 3387 3548 3440 τὸν
3582 3387 3846 3460 Θεὸνοφο-

2268 3475 2548 3548 6ουμένων
2578 3477 2673 3530 καὶ
2701 3479 3078 3533 κοπιασάντων
3111 3481 3251 3552 ὑπὲρ
3277 3479 3371 3533 τοῦ
3405 3479 3562 3547 λόγου
3582 3518 3595 3541 ,
3627 3479 3721 3532 καὶ
3745 3476 3849 3548 τὴν

2283 3567 2610 3638 Ἐκκλησίαν
2649 3568 3100 3640 ὠφελησάντων),
3144 3573 3240 3624 καὶ
3281 3571 3401 3624 τότε
3429 3611 3443 3634 ,
3497 3570 3656 3640 εἴπερ
3710 3570 3846 3640 ἄρα,

593 3663 922 3715 metuamus,
957 3662 1011 3707 et
1043 3667 1142 3722 pro
1183 3651 1306 3706 ﬁdei
1338 3651 1656 3706 defensione
1691 3669 1918 3722 magnos
1943 3654 2161 3709 labores

2270 3662 2642 3730 καινοτομεῖν,
2686 3661 2826 3724 πλὴν
2875 3662 2969 3713 καὶ
3023 3661 3287 3730 ἀπολογία
3334 3679 3415 3725 τις
3463 3657 3530 3732 ἦν
3571 3663 3700 3725 ἴσως
3733 3664 3851 3722 τοῖς

590 3745 949 3804 subierimus.
997 3743 1175 3814 deque
1238 3743 1486 3798 Ecclesia
1538 3743 1678 3798 bene
1717 3745 1897 3798 meriti
1944 3746 2162 3815 simus),

591 3851 657 3893 ac
683 3845 822 3900 tmn,
861 3837 909 3892 si
941 3845 1055 3890 tum
1087 3838 1275 3896 etiam,
1318 3850 1408 3889 res
1457 3850 1627 3891 novas
1664 3835 1877 3902 moliri;
1931 3835 2027 3892 sed
2083 3844 2166 3891 ta-

595 3943 714 3983 men
751 3928 853 3981 hac.
883 3927 1096 3981 ratione
1140 3925 1512 3995 petulantibus
1547 3932 1600 3979 et
1627 3926 2042 3981 contumeliosis
2067 3927 2166 3981 Ιιο-

592 4020 832 4075 minibus
860 4020 1040 4090 aliqua
1069 4017 1324 4073 fortassis
1345 4017 1630 4072 excusatio
1657 4024 1990 4087 suppeteret.
2012 4019 2166 4073 Post-

591 4126 755 4180 quam
795 4119 977 4165 autem
1027 4109 1161 4165 ﬁdes
1212 4116 1424 4173 nostra,
1471 4116 1525 4163 et
1566 4109 1786 4178 scriptis
1824 4108 2163 4178 consignata,

2274 3750 2576 3822 ὑϐρισταῖς.
2621 3751 2838 3822 Ἐπειδὴ
2876 3751 2932 3803 δὲ
2980 3753 3074 3804 καὶ
3106 3753 3398 3822 ἐγγράφως
3433 3754 3526 3805 καὶ
3560 3753 3845 3823 ἀγράφως,

2271 3839 2367 3892 καὶ
2394 3838 2627 3892 ἐνταῦθα
2656 3841 2750 3893 καὶ
2778 3841 3129 3912 πορρωτέρω,
3159 3843 3250 3894 καὶ
3283 3842 3421 3912 μετὰ
3455 3843 3715 3895 κννδιὶνων
3734 3843 3850 3914 l2!)

2272 3928 2368 3982 καὶ
2414 3928 2742 3993 ἀκινδύνως,
2795 3932 2828 4002 ἡ
2876 3931 3056 3994 πίστις
3107 3932 3262 4001 ή-μῶν
3295 3935 3670 4003 κεκήρυκται,
3729 3934 3851 3997 πῶς

2270 4019 2318 4071 oi
2381 4017 2480 4090 μὲν
2536 4019 2844 4090 ἐγχειροῦσι
2899 4024 3012 4085 τοῖς
3069 4021 3328 4086 τοιούτοις
3356 4063 3372 4089 ,
3424 4024 3474 4076 οἱ
3531 4023 3589 4075 δὲ
3641 4024 3851 4094 ἡσυχά-

2274 4106 2426 4172 ζουσι
2458 4108 2610 4178 (es);

590 4212 647 4260 et
671 4200 850 4262 verbis
885 4220 1165 4275 expressa.
1194 4213 1249 4259 et
1283 4204 1371 4258 hic
1404 4210 1457 4257 et
1491 4203 1728 4272 longius,
1759 4212 1814 4256 et
1862 4206 1914 4257 in
1947 4204 2206 4274 periculis
2235 4211 2289 4260 et
2325 4203 2378 4258 in
2435 4203 2834 4274 tranquillitate
2892 4205 3186 4276 praedicata
3247 4214 3353 4272 est,
3407 4221 3645 4277 quonam
3687 4215 3848 4276 pacto

595 4296 672 4350 illi
710 4294 930 4366 quidem
963 4311 1054 4352 res
1083 4295 1399 4364 bujusmodi
1425 4301 1660 4358 tentant,
1702 4294 1756 4348 bi
1801 4303 1983 4349 autem
2009 4287 2250 4365 quietem
2280 4294 2493 4366 agunt?

691 4380 804 4444 Nec
855 4404 988 4444 vero
1049 4388 1229 4442 adhuc
1297 4389 1430 4443 illud
1485 4387 1770 4457 indignum
1829 4389 2166 4446 censendum

597 4488 680 4536 est
709 4478 994 4549 (quamvis
1047 4480 1239 4548 utique
1297 4492 1462 4548 grave
1503 4486 1670 4548 atque
1719 4477 2002 4550 indignum
2045 4481 2163 4546 sit),

599 4570 741 4642 quod
808 4569 1059 4623 homines
1129 4568 1218 4622 isti
1273 4582 1497 4638 pravam
1577 4583 1732 4622 suam
1827 4573 2163 4626 si-ntentiam

601 4659 1028 4731 simplicioribus
1052 4658 1251 4712 animis
1276 4673 1372 4726 per
1400 4659 1738 4714 versutiores
1775 4669 1828 4713 ct
1866 4661 2165 4730 improbio-

601 4765 689 4809 res
719 4748 1038 4815 inl‘undunt,
1081 4746 1176 4802 sed
1207 4744 1356 4816 quod
1398 4745 1466 4800 de
1510 4747 1668 4801 nobis
1703 4746 1839 4800 falso
1879 4749 2166 4802 commini-

603 4849 851 4903 scuntur,
885 4852 1143 4910 tanquam
1171 4840 1316 4895 idem
1348 4854 1412 4892 ac
1445 4839 1521 4892 illi
1547 4839 1854 4894 sentiamus
1891 4848 1944 4892 et
1988 4843 2169 4909 sapia-

604 4945 742 4993 mus,
770 4945 953 4985 escam
982 4929 1236 4984 videlicet
1284 4927 1449 4981 hamo
1487 4923 1916 4989 circumdantes,
1967 4925 2171 4994 impro-

2343 4391 2453 4443 Καὶ
2491 4391 2610 4463 οὐχὶ
2658 4391 2817 4445 τοῦτό
2855 4409 2942 4445 πω
2985 4392 3182 4459 δεινὸν,
3214 4394 3412 4466 καίπερ
3455 4394 3513 4447 ὃν
3540 4395 3711 4448 δεινὸν
3733 4435 3749 4459 ,
3794 4396 3847 4448 εί

2272 4479 2372 4549 τὴν
2420 4480 2630 4534 ἑαυτῶν
2679 4481 3000 4547 κακοδοξίαν
3054 4483 3164 4550 (23)
3215 4483 3493 4554 ἄνθρωποι
3549 4487 3668 4544 ταῖς
3717 4485 3848 4538 ἁκε-

2276 4569 2583 4641 ραιοτέραις
2610 4571 2807 4641 ψυχαῖς
2851 4571 2940 4624 διὰ
2981 4572 3088 4626 τῶν
3129 4576 3580 4646 κακουργοτέρων
3609 4576 3850 4628 ἐναποτί-

2275 4657 2457 4712 Θενται
2488 4661 2628 4730 (24),
2675 4660 2788 4713 ἀλλ’
2823 4661 2905 4714 ὅτι
2942 4662 3036 4714 καὶ
3079 4661 3234 4732 ἡμῶν
3286 4664 3738 4733 καταψεύδονται,
3770 4664 3848 4727 ὠς

2275 4749 2544 4819 ὁμοδόξων
2568 4753 2658 4804 καὶ
2695 4753 3012 4824 ὁμοφρόνων
3033 4793 3046 4816 ,
3098 4754 3176 4826 τῷ
3210 4755 3394 4827 χαλκῷ
3438 4757 3500 4808 τὸ
3529 4755 3721 4827 δέλεαρ
3751 4773 3848 4808 πε-

2281 4841 2654 4910 ριϐάλλοντες,
2695 4845 2790 4897 καὶ
2826 4844 2914 4898 διὰ
2965 4845 3060 4899 τοῦ
3105 4849 3491 4919 προσχήματος
3539 4847 3729 4902 τούτου
3789 4848 3848 4901 τδ

2276 4929 2483 4982 ἑαυτῶν
2510 4931 2718 5002 θέλημα
2749 4932 2934 4998 κακῶς
2973 4935 3373 5006 ἐκπληροῦντες
3393 4977 3408 5000 ,
3439 4937 3530 4990 καὶ
3557 4937 3654 5007 τὴν
3681 4935 3848 4988 ἁπλό-

603 5020 775 5088 beque
799 5033 894 5088 per
915 5018 1061 5073 hunc
1084 5019 1366 5073 obtentum
1390 5017 1743 5087 cupiditatem
1775 5029 1930 5069 suam
1953 5016 2164 5086 expleu-

2275 5037 2414 5090 τητα
2455 5021 2610 5092 ἡμῶν
2631 5063 2645 5088 ,
2695 5024 2754 5091 ἐξ
2786 5020 2854 5096 ἦς
2890 5025 3189 5096 ἀδελφικῶς
3223 5029 3418 5092 αὐτοὺς
3448 5028 3726 5099 ἑωρῶμεν,
3754 5027 3848 5081 καὶ

670 5138 738 5171 ³⁸*
777 5136 922 5193 Psal.
959 5153 1144 5206 tum,
1179 5139 1259 5192 l5.

674 5247 784 5320 (I7)
827 5248 978 5320 Alias
1016 5258 1159 5320 orat.
1208 5247 1268 5302 ι..
1293 5247 1526 5320 Scripta
1565 5262 1710 5320 anno
1750 5246 1874 5320 582.
1901 5249 2171 5320 —_’E:ct-

604 5317 899 5441 ῗέρλλῖἐγιέἒ
931 5317 1085 5440 (ἐφη).
1114 5320 1148 5372 5
1176 5319 1316 5371 κατὰ
1343 5317 1752 5387 Ἀπολλιναρίου
1782 5317 1939 5386 λόγος
2060 5319 2172 5372 Mo-

611 5405 707 5442 ιόι.
742 5405 899 5450 Λογος
937 5405 972 5440 α
996 5428 1008 5441 .

678 5404 1278 5527 ἱῖἒῖγὸἓοῗρίλεστάτῳ
1316 5455 1555 5524 ἀδελφῷ
1611 5457 1668 5511 In
1712 5456 1836 5512 cod.
1874 5456 2001 5527 Reg.
2035 5455 2076 5508 Β
2117 5463 2172 5511 et

613 5526 760 5596 Orat.
793 5526 829 5579 2
861 5525 1010 5582 deest
1041 5525 1275 5596 ἀδελφῷ.

675 5594 788 5666 (l9)
821 5594 1192 5666 Βᾳυλόμεθαζ
1219 5594 1466 5666 Combcf.
1503 5595 1783 5666 βούλομαι.

679 5663 790 5731 ('20)
819 5663 944 5718 Νῦν
980 5663 1353 5732 ἐπελθόντες.
1380 5663 1640 5732 Μοηίεε.,
1666 5663 1871 5721 Morel.
1915 5680 1979 5720 ac
2007 5665 2172 5720 Com-

605 5733 717 5792 bcf.
748 5732 1168 5795 ἐπεισελθόντες.

681 5803 791 5872 (2|)
817 5803 975 5857 Μετὰ
1019 5804 1334 5873 κινδύνων,
1380 5812 1488 5860 etc.
1524 5804 1678 5861 Colb.
1718 5804 1772 5868 5,
1810 5803 1948 5873 μετὰ
1991 5803 2172 5858 κινδύ-

606 5889 721 5936 νου,
757 5873 852 5926 καλ⁵
882 5873 1010 5927 ἄνευ
1036 5872 1295 5926 κινδύνου.

2351 5249 2463 5314 (22)
2501 5253 2564 5303 Ol
2586 5250 2653 5303 δὲ
2679 5250 3072 5319 ἡσυχάζουσι.
3102 5251 3349 5306 Combef.
3385 5254 3454 5306 rli
3475 5263 3648 5306 autem
3668 5251 3844 5305 silent.

2350 5320 2886 5392 (25)}t’ax060é'lar.
2920 5321 2994 5375 Ita
3038 5324 3190 5392 (olb.
3233 5321 3286 5384 ὃ,
3334 5331 3387 5375 et
3433 5326 3486 5376 in
3517 5323 3845 5392 quibusdam

2277 5391 2406 5443 edit.
2445 5389 2653 5445 llahent
2693 5393 2941 5446 nonnulli
2974 5391 3295 5456 κενοδοξίαν,
3326 5409 3515 5446 vanam
3538 5389 3694 5448 suam
3724 5409 3839 5444 sen-

2279 5461 2518 5513 tentiam.

2350 5531 2461 5601 (24)
2489 5531 2987 5601 Ἐναποτίοενται.
3013 5531 3269 5596 Melitae.
3299 5531 3484 5587 Morel.
3515 5547 3577 5586 ac
3598 5530 3845 5585 Combei‘.

2279 5599 2466 5670 legunt
2495 5600 2903 5654 ἐναποτίϐενται
2930 5601 3121 5672 λόγων,
3162 5618 3254 5671 per
3273 5604 3582 5657 eersutiores
3609 5601 3851 5672 fallacia-7

2283 5669 2467 5740 resque
2515 5687 2774 5724 sermones
2826 5669 3128 5739 inlundunt.
3163 5669 3298 5726 Mox
3347 5676 3506 5727 vertit
3539 5669 3659 5726 Ball.
3691 5691 3705 5726 :
3742 5669 3847 5726 Sed

2277 5741 2415 5809 quod
2435 5758 2536 5812 nos
2563 5741 2725 5812 etiam
2751 5741 3084 5812 insiniulaut,
3115 5752 3366 5812 tanquam
3397 5745 3532 5797 idem
3564 5743 3844 5797 sentientes

2278 5821 2325 5863 et
2348 5809 2524 5865 eodem
2563 5810 2714 5864 modo
2744 5811 2981 5879 aﬂ'cclus.
