4182 6412
578 356 678 410 179

1836 357 1893 412 S.
1938 357 2263 414 GREGORII
2302 358 2645 416 THEOLOGI

3723 364 3826 419 I80

575 473 812 528 subiisse
840 471 1009 538 dicat,
1039 472 1378 529 damnationi
1415 475 1689 532 obnoxius
1718 485 1824 534 est.
1857 478 1971 533 lloc
1999 479 2144 535 enim

2247 478 2394 547 λέγοι
2452 479 2608 542 Θεὸν,
2674 478 3022 551 κατάκριτος.
3083 480 3160 535 Οὐ
3227 480 3324 553 (ἀρ
3379 480 3630 552 γέννησις
3686 481 3829 536 θεοῦ

574 578 685 617 non
717 561 810 618 Dei
839 565 1119 634 generatio
1158 565 1343 631 fuerit,
1371 565 1467 623 sed
1499 569 1867 637 generationis
1905 569 2048 640 l‘nga.
2082 570 2140 626 Si

574 655 700 722 quis
728 654 867 709 duos
903 654 1063 718 ﬁlios,
1094 657 1323 711 alterum
1359 672 1426 711 ex
1460 655 1572 711 Deo
1611 667 1669 712 et
1694 656 1874 723 Patre,
1909 660 2140 715 alterum

574 759 638 797 ex
669 751 861 803 matre.
894 759 1003 797 non
1035 751 1217 799 autem
1250 761 1418 799 unum
1443 753 1609 815 atque
1635 747 1885 801 etundem
1913 748 2141 804 induxe-

574 835 670 898 rit,
706 835 754 888 is
782 835 851 888 ab
878 851 939 889 ea
984 851 1204 904 quoque
1232 835 1472 891 ﬁliorum
1504 838 1800 908 ad0ptione
1823 839 1870 870 “
1902 839 2138 907 excidat,

573 942 695 995 qua:
723 935 873 980 recte
910 926 1262 982 credentibus
1295 929 1562 997 promissa
1581 939 1684 986 est.
1717 930 1976 996 Quamvis
1996 932 2140 986 enim

573 1017 695 1071 duae
726 1024 935 1071 natum:
974 1020 1082 1073 sint
1122 1017 1264 1072 Dens
1307 1026 1361 1073 et
1390 1018 1574 1083 homo,
1603 1021 1806 1092 quippe
1830 1023 1921 1092 qui
1960 1022 2141 1077 anima

577 1109 644 1163 sit
672 1116 727 1162 et
755 1123 978 1177 corpus,
1016 1123 1122 1161 non
1159 1117 1340 1164 tamen
1375 1109 1487 1164 duo
1520 1110 1615 1165 ﬁlii
1649 1118 1705 1166 et
1734 1112 1806 1166 dii
1838 1131 1853 1167 :
1881 1115 2143 1183 quemad-

583 1201 796 1254 modum
843 1216 911 1256 ne
945 1200 1033 1254 hic
1066 1199 1285 1269 quidem
1314 1201 1426 1256 ‘duo
1460 1202 1733 1268 homines,
1757 1205 1972 1261 tametsi
1999 1203 2144 1261 Pau-

574 1292 660 1349 lus
689 1294 755 1347 ad
788 1293 933 1348 hunc
962 1292 1182 1347 modum
1221 1292 1491 1348 internam
1518 1302 1571 1349 et
1593 1302 1874 1349 externam
1904 1296 2141 1353 hominis

574 1391 783 1452 partem
818 1384 1169 1454 appellaverit
1196 1386 1263 1440 “.
1293 1386 1489 1454 Atque,
1527 1394 1587 1439 ut
1625 1385 1816 1455 paucis
1845 1402 1956 1441 rem
1987 1403 2141 1443 com-

574 1475 803 1544 plectar,
837 1475 986 1530 aliud
1013 1475 1233 1546 quidem
1277 1484 1440 1547 atque
1467 1476 1616 1532 aliud
1644 1484 1776 1533 sunt
1813 1492 1899 1544 ea,
1932 1493 1998 1533 ex
2022 1479 2142 1550 qui-

574 1570 679 1625 bus
711 1571 982 1634 Salvator,
1011 1571 1124 1643 86
1156 1571 1377 1643 (quippe
1417 1585 1542 1626 cum
1576 1586 1683 1625 non
1718 1572 1858 1627 idem
1889 1573 1960 1628 sit
1995 1572 2140 1643 quod

573 1662 726 1717 cerni
758 1678 866 1716 non
899 1671 1101 1732 potest,
1143 1678 1266 1717 cum
1297 1678 1364 1718 eo
1393 1661 1538 1733 quod
1573 1663 1627 1716 in
1665 1671 1945 1732 aspectum
1972 1664 2139 1731 cadit;

572 1762 620 1808 et
662 1753 805 1824 quod
852 1754 1115 1825 temporis
1165 1768 1361 1825 expers
1400 1764 1517 1816 est,
1559 1769 1682 1809 cum
1725 1769 1788 1809 eo
1821 1754 1966 1825 quod
2012 1764 2144 1811 tem-

575 1846 693 1917 pori
723 1845 944 1917 subest)
982 1862 994 1896 :
1058 1862 1166 1901 non
1190 1854 1373 1903 tamen
1399 1848 1541 1902 alius
1573 1854 1736 1917 atque
1758 1847 1898 1903 alius
1924 1863 1937 1899 :
1973 1847 2136 1904 absit.

573 1937 749 1993 Ambo
777 1936 922 1993 enim
955 1938 1068 1993 haec
1088 1939 1429 1996 connexione
1452 1956 1620 1994 unum
1646 1948 1797 2007 sunt,
1832 1940 1941 1997 Deo
1972 1941 2138 1996 nimi-

574 2044 693 2083 rum
727 2028 1143 2091 humanitatem,
1166 2035 1329 2100 atque
1355 2028 1572 2085 homine
1595 2030 1931 2088 divinilatem
1962 2032 2139 2087 susci-

575 2119 779 2187 piente.
833 2127 925 2173 aut
976 2134 1302 2189 quocunque
1345 2120 1562 2175 tandem
1597 2121 1818 2176 nomine
1861 2121 2136 2192 quispiam

2240 571 2397 625 τοῦτό
2434 573 2612 635 ἐστιν,
2656 571 2792 625 ἀλλὰ
2833 570 2979 643 φυγὴ
3023 572 3350 643 γεννήσεως.
3390 571 3457 625 Εἴ
3492 589 3577 637 τις
3613 574 3829 643 εἰσάγει

2240 662 2334 717 δύο
2367 663 2551 727 Υἱοὺς,
2576 663 2673 717 ἕνα
2702 663 2801 735 μὲν
2826 663 2917 717 τὸν
2950 665 3013 716 ὲκ
3038 662 3175 716 Θεοῦ
3198 663 3294 716 καὶ
3314 664 3547 735 Πατρὸς,
3573 663 3827 736 δεύτερον

2240 753 2298 807 δὲ
2328 754 2418 806 τὸν
2457 755 2520 807 ἐκ
2557 754 2655 823 τῆς
2696 754 2922 826 μητρὸς,
2959 754 3072 807 ἀλλ’
3105 753 3228 824 οὐχ).
3258 754 3355 808 ἕνα
3387 752 3599 807 καὶτὸν
3637 753 3824 819 αὐτὸν,

2241 840 2335 895 καὶ
2382 841 2480 912 τῆς
2528 841 2798 904 υἱοθεσίας
2845 843 3066 896 ἐκπέσοι
3104 842 3204 912 τῆς
3243 838 3659 914 ἐπηγγελμένης
3705 846 3825 908 τοῖς

2240 934 2415 1005 ὀρθῶς
2468 933 2800 987 πιστεύουσι.
2855 932 3050 997 Φύσεις
3096 935 3194 1005 μὲν
3245 934 3355 1006 γὰρ
3404 933 3498 987 δύο
3543 934 3674 995 θεὸς
3725 935 3825 990 καὶ

2241 1024 2548 1096 ἄνθρωπος,
2579 1024 2702 1077 ἐπεὶ
2734 1024 2828 1078 κα)⁸
2857 1023 3001 1095 ψυχὴ
3043 1025 3137 1078 καὶ
3166 1024 3328 1095 σῶμα
3366 1025 3500 1096 (55)*
3530 1024 3635 1078 υἱοὶ
3671 1025 3729 1079 δὲ
3754 1026 3824 1079 οὐ

2239 1115 2352 1181 δύο,
2390 1115 2511 1168 οὐδὲ
2544 1114 2687 1171 Θεοί.
2727 1115 2861 1169 Οὐδὲ
2895 1115 3004 1188 γὰρ
3039 1115 3272 1169 ἐνταῦθα
3305 1116 3399 1170 δύο
3436 1115 3826 1187 ἄνθρωποι,εει

2240 1210 2336 1265 καὶ
2359 1208 2535 1273 οὕτως
2564 1210 2594 1262 ὁ
2625 1207 2836 1271 Παῦλος
2874 1208 2937 1262 τὸ
2961 1208 3111 1272 ἐντὸς
3150 1208 3242 1262 τοῦ
3289 1208 3595 1280 ἀνθρώπου,
3629 1212 3724 1262 καὶ
3758 1208 3829 1262 τὸ

2240 1302 2397 1365 ἐκτὸς
2443 1301 2870 1374 προσηγόρευσε.
2924 1302 3034 1355 Καὶ
3084 1302 3132 1354 εἰ
3176 1301 3258 1355 δεῖ
3302 1300 3583 1371 συντόμως
3618 1300 3820 1365 εἰπεῖν,

2240 1391 2368 1446 ἄλλο
2392 1391 2491 1463 μὲν
2516 1393 2611 1445 καὶ
2639 1391 2766 1446 ἄλλο
2784 1391 2852 1445 τὰ
2877 1391 2935 1458 ἐξ
2959 1384 3033 1444 ὧν
3057 1394 3086 1445 ὁ
3110 1391 3303 1462 Σωτὴρ
3324 1390 3504 1462 (εἴπερ
3527 1389 3602 1462 μὴ
3626 1390 3826 1444 ταυτὸν

2239 1483 2301 1535 τὸ
2326 1483 2555 1555 ἀόρατον
2582 1483 2661 1554 τῷ
2687 1483 2892 1556 ὁρατῷ,
2941 1484 3035 1536 καὶ
3072 1483 3131 1537 τὸ
3166 1484 3389 1555 ἄχρονον
3430 1482 3508 1553 τῷ
3546 1482 3654 1536 ὑπὸ
3692 1481 3826 1553 χρό-

2240 1577 2384 1641 νον),
2428 1576 2528 1628 οὐκ
2563 1574 2722 1638 ἄλλος
2755 1575 2812 1628 δὲ
2861 1577 2955 1629 καὶ
2990 1575 3168 1639 ἄλλος·
3216 1574 3292 1647 μὴ
3322 1574 3549 1642 γένοιτο.
3593 1573 3676 1627 Τά
3709 1574 3826 1645 γὰρ

2241 1667 2525 1740 ἀμφότερα
2554 1667 2612 1721 ἓν
2647 1670 2712 1739 τῇ
2757 1667 3055 1738 συγκράσει
3086 1667 3220 1737 (56),
3254 1665 3389 1719 Θεοῦ
3423 1666 3521 1736 μὲν
3551 1663 3825 1737 ἑνανθρω-

2242 1762 2535 1830 πήσαντος,
2585 1758 2872 1829 ἀνθρώπου
2917 1758 2975 1812 δὲ
3017 1757 3329 1823 θεωθέντος,
3367 1757 3401 1828 ἢ
3451 1758 3600 1820 ὅπως
3635 1757 3702 1811 ἄν
3732 1773 3825 1820 τις

2241 1849 2548 1920 ὀνομάσειε.
2590 1849 2750 1918 Λέγω
2787 1850 2844 1903 δὲ
2888 1850 3016 1906 ἄλλο
3051 1851 3144 1903 κα).
3173 1848 3301 1903 ἄλλο
3335 1849 3471 1917 (57),
3512 1848 3751 1919 ἔμπαλιν
3784 1848 3823 1918 ἢ

2172 1904 2215 1960 Β
2243 1904 2348 1993 ἐπὶ.
2385 1940 2485 2010 τῆς
2532 1904 2762 2012 Τριάὲος
2815 1904 2947 2011 ἔχει.
3005 1941 3150 1994 Ἐκεῖ
3206 1940 3306 2010 μὲν
3340 1904 3469 2011 “γιιρ’
3515 1904 3672 2003 ἄλλος

2245 2031 2433 2097 ἄλλος,
2463 2030 2549 2084 ἴνα
2581 2030 2655 2102 μὴ
2687 2031 2786 2095 τὰς
2826 2031 3152 2094 ὑποστάσεις
3183 2030 3517 2101 συγχέωμεν·
3554 2032 3655 2084 οὒκ
3692 2029 3826 2084 ἄλλο

2242 2121 2301 2178 δὲ
2331 2123 2426 2177 καὶ
2453 2122 2601 2186 ἄλλο,
2638 2123 2694 2176 ἓν
2717 2122 2823 2193 γὰρ
2851 2122 2917 2177 τὰ
2949 2123 3076 2195 τρία
3104 2122 3198 2177 καὶ
3225 2122 3421 2175 ταυτὸν
3444 2125 3510 2193 τῇ
3536 2120 3768 2193 θεότητι.

575 2209 655 2262 uti
714 2208 884 2263 malit.
918 2208 1088 2263 Porro
1121 2210 1269 2264 aliud
1300 2217 1355 2264 et
1384 2210 1532 2266 aliud
1561 2211 1703 2269 dico.
1739 2218 1933 2266 contra
1966 2227 2130 2283 quam
2169 2211 2223 2267 in
2251 2212 2521 2270 Trinitatc
2548 2214 2636 2270 ies
2672 2215 2852 2270 habet.
2884 2214 2997 2269 Illic
3027 2216 3173 2270 enim
3235 2213 3377 2268 alius
3433 2224 3595 2284 atque
3657 2212 3826 2275 alius,

574 2317 643 2355 ne
678 2315 938 2371 person-Is
965 2300 1368 2357 eonfundamus
1397 2317 1543 2356 :non
1572 2311 1755 2356 autem
1792 2303 1939 2359 aliud
2007 2314 2170 2375 atque
2204 2304 2377 2370 aliud,
2457 2306 2716 2375 quoniam
2765 2307 2870 2360 tria
2922 2306 3103 2377 quoad
3157 2306 3497 2362 divinitatem
3546 2322 3711 2361 unum
3759 2313 3823 2360 et

573 2393 714 2447 idem
751 2403 898 2448 sunt.

647 2488 704 2541 Si
732 2490 855 2557 quis
880 2487 1220 2542 divinitatem
1254 2488 1308 2542 in
1339 2504 1427 2552 eo,
1458 2490 1608 2544 velut
1634 2489 1688 2544 in
1721 2492 2008 2561 propheta,
2049 2506 2147 2561 per

576 2578 807 2649 gratiam
863 2584 1140 2648 operatam
1189 2578 1381 2642 fuisse,
1433 2593 1541 2633 non
1601 2588 1780 2635 autem
1840 2580 2141 2636 secundum

573 2670 867 2727 essentiam
898 2670 1200 2740 eoprnlatam
1235 2671 1403 2726 fuisse
1440 2679 1601 2743 atque
1633 2671 1875 2742 copulari
1925 2671 2141 2734 dixerit.

576 2779 607 2816 a
644 2762 1009 2832 prmstantiori
1076 2762 1262 2817 al‘llatn
1304 2778 1515 2819 vacuus
1557 2764 1648 2827 sit,
1708 2765 1818 2819 imo
1864 2765 2144 2819 contrario

577 2853 887 2922 impleatur.
914 2850 970 2906 Si
994 2853 1119 2922 quis
1141 2851 1464 2906 crucilixum
1488 2867 1596 2906 non
1618 2851 1829 2913 adorat.
1853 2852 2142 2908 anathema

576 2943 673 3005 sit,
714 2952 882 3013 atque
934 2943 988 2997 in
1031 2958 1221 2996 eorum
1256 2943 1348 3012 qui
1385 2941 1552 2998 Deum
1602 2943 2001 2998 interemerunt
2044 2958 2146 2997 nu-

576 3050 783 3088 merum
813 3033 1142 3089 ascribatur.
1172 3032 1228 3087 Si
1253 3033 1377 3102 quis
1402 3049 1524 3088 eum
1566 3050 1633 3088 cx
1658 3034 1916 3105 operibus
1973 3034 2149 3105 perfe-

577 3135 726 3180 ctum
745 3125 936 3187 fuisse.
955 3132 1050 3180 aut
1072 3132 1195 3195 post
1215 3124 1569 3194 baptismum,
1583 3126 1668 3181 vel
1691 3127 2145 3182 resurrectionem

579 3234 608 3272 a
637 3217 892 3279 mortuis,
936 3218 991 3273 in
1042 3216 1214 3270 ﬁlium
1246 3215 1563 3287 adeptatum
1611 3215 1851 3283 dixerit,
1885 3217 2151 3289 quemad-

2313 2492 2381 2545 Εἴ
2400 2507 2506 2554 τις,
2535 2489 2611 2554 ὡς
2639 2489 2698 2542 ὲν
2729 2487 2983 2559 προφήτῃ
3003 2527 3017 2543 .
3047 2487 3196 2557 λέγοι
3227 2486 3368 2541 κατὰ
3398 2487 3556 2559 χάριν
3586 2490 3825 2563 ἐνηργη-

2241 2582 2424 2645 κέναι,
2467 2579 2606 2635 ἀλλὰ
2665 2578 2740 2651 μὴ
2769 2580 2892 2634 κατ’
2934 2578 3121 2633 οὐσίαν
3161 2578 3431 2650 συνῆφθαι
3467 2596 3526 2632 τε
3560 2580 3654 2633 κα)⁸
3692 2599 3824 2635 συν-

2241 2671 2524 2736 ἅπτεσθαι,
2557 2670 2640 2742 εἴη
2668 2669 2821 2735 κενὸς
2845 2670 2945 2742 τῆς
2972 2669 3276 2742 κρείττονος
3296 2670 3590 2742 ἐνεργείας,
3622 2673 3824 2743 μᾶλλον

2238 2763 2295 2817 δὲ
2341 2763 2556 2835 πλήρης
2602 2762 2700 2832 τῆς
2742 2762 3008 2825 ἐναντίας.
3060 2762 3127 2815 Εἴ
3154 2778 3237 2825 τις
3276 2761 3351 2833 μὴ
3398 2765 3689 2834 προσκυνεῖ
3727 2762 3824 2817 τδν

2244 2854 2673 2925 ἐσταυρωμένον,
2726 2853 2975 2924 ἀνάθεμα
3020 2851 3184 2913 ἔστω,
3241 2852 3337 2905 καὶ
3383 2852 3629 2924 τετάχθω
3681 2855 3824 2926 μετὰ

2244 2945 2353 2999 τῶν
2385 2945 2681 2999 bson-:6va
2716 2945 2847 3014 (58.
2877 2944 2946 3002 Εἴ
2969 2962 3052 3008 τις
3084 2944 3143 3009 ὲξ
3173 2944 3347 3015 ἔργων
3377 2944 3820 3017 τετελειωμένον,

2246 3036 2281 3107 ἦ
2315 3034 2453 3109 μετὰ
2488 3036 2550 3089 τὸ
2571 3036 2872 3107 βάπτισμα,
2900 3036 2933 3107 ἢ
2967 3036 3105 3107 μετὰ
3132 3036 3228 3107 τὴν
3262 3037 3325 3089 ὲκ
3352 3036 3562 3109 νεκρῶν
3586 3035 3823 3090 ἀνάστα-

2250 3144 2335 3182 σιν
2364 3127 2635 3191 υἱοθεσίας
2664 3127 2926 3198 ἠξιῶσθαι
2953 3128 3122 3196 λέγοι,
3161 3128 3408 3200 καοάπερ
3434 3128 3528 3192 οὒς
3560 3129 3821 3201 Ἕλληνες

2245 3218 2705 3292 παρεγγράπτους
2738 3220 3049 3291 εἰσάγουσιν
3091 3220 3225 3293 (59),
3262 3219 3509 3292 ἀνάθεμα
3548 3220 3708 3278 ἔστω.
3743 3222 3819 3277 Τδ

651 3376 697 3409 ⁸ο
751 3373 951 3446 Epiros.
1004 3390 1041 3432 ι.
1076 3374 1131 3429 5.
1224 3372 1265 3405 ⁸⁸
1299 3374 1321 3427 I
1351 3371 1502 3457 Cora
1527 3388 1632 3436 xv,
1669 3372 1776 3441 £5;
1810 3371 1857 3427 ιι
1879 3372 2006 3428 Cor.
2042 3388 2117 3438 Iv,

2240 3392 2244 3433 ;
2279 3372 2478 3444 Eplies.
2509 3389 2604 3437 ιιι,
2646 3373 2730 3429 16.
2824 3398 2831 3407 ν

653 3529 762 3607 (55)
805 3527 958 3583 Ἐπεὶ
982 3527 1075 3581 καὶ
1110 3525 1281 3607 ψυχῂ
1314 3526 1412 3580 καὶ
1438 3522 1627 3607 adipis,
1656 3527 1745 3593 qui
1766 3524 1972 3607 quidem
1992 3526 2145 3607 homo

2246 3526 2367 3595 quia
2405 3537 2452 3579 et
2470 3525 2797 3607 hoc-puriter
2823 3528 3595 3607 simplexhparitcrquebonum
3609 3540 3708 3595 est,
3732 3533 3820 3607 in-

581 3612 627 3654 et
652 3596 922 3653 animaest
943 3607 992 3652 et
1005 3614 1213 3666 corpus.
1241 3597 1312 3649 Ea
1336 3606 1414 3650 est
1432 3596 1575 3650 enim
1600 3596 1834 3666 humana
1863 3604 2058 3666 natura
2073 3596 2148 3666 de

584 3686 690 3739 qua
725 3668 989 3739 Gregorio
1032 3664 1405 3739 controversia
1427 3679 1550 3718 cum
1578 3664 2150 3739 _Apollinaristis.__Nec

584 3732 723 3795 bene
756 3732 863 3791 Bill
903 3757 917 3793 :
943 3734 1392 3801 Quemadmodum
1414 3744 1463 3788 et
1501 3732 1682 3788 anima
1699 3743 1749 3788 et
1776 3749 1982 3802 corpus.
2010 3732 2147 3788 Num

582 3812 705 3865 dum
734 3808 980 3862 natum?
1029 3816 1082 3861 at
1112 3821 1308 3862 sensus
1357 3806 1445 3858 hic
1491 3804 1686 3859 falsum
1736 3813 1913 3858 sonat.
1956 3803 2149 3859 Anima

584 3894 824 3949 namque
851 3890 904 3949 et
931 3893 1133 3949 corpus
1171 3884 1353 3949 partes
1396 3882 1526 3928 sunt
1574 3874 1737 3931 unius
1758 3875 2033 3949 _lunname
2062 3889 2153 3927 na-

502 3942 520 3969 ‘
584 3942 751 4006 Iurat:
770 3958 825 4003 et
848 3948 933 4002 his
960 3942 1233 4002 Christus.
1263 3945 1498 3998 lmmana
1521 3955 1711 3998 natura
1758 3943 1922 3997 homo
1945 3951 2049 4007 est,
2092 3951 2150 3997 ut

468 4038 474 4043 '
584 4029 641 4074 et
699 4018 986 4075 divinitate
1020 4014 1183 4072 Deus.
1238 4013 1496 4084 Nouimus
1554 4023 1602 4068 et
1648 4023 1913 4084 tenemus.
1976 4013 2152 4084 inquit

587 4091 627 4142 S
671 4087 882 4159 August
914 4128 930 4151 ,
958 4102 1135 4159 serm_._
1186 4084 1317 4159 A174,
1371 4083 1713 4159 mediatorem
1759 4081 1855 4136 Dei
1902 4092 1952 4137 et
1982 4081 2150 4159 hami.

588 4175 734 4224 num,
760 4152 1037 4211 'hominem
1070 4155 1339 4211 Christum
1366 4153 1567 4216 Iesum,
1608 4155 1664 4206 in
1705 4152 2151 4224 quantum_homo

585 4221 730 4292 erat,
762 4227 875 4297 ejus
904 4243 1017 4297 esse
1053 4237 1258 4297 natura;
1301 4226 1452 4293 cujus
1478 4233 1527 4277 et
1560 4238 1653 4276 nos
1674 4221 1877 4297 sumus.
1907 4258 1928 4297 ._
1942 4221 2023 4297 ‘Et
2052 4224 2152 4277 sic-

590 4309 647 4352 ut
706 4307 761 4351 tu
783 4292 925 4351 unus
953 4296 1129 4358 homo,
1167 4295 1345 4351 anima
1363 4292 1419 4349 es
1450 4304 1500 4347 et
1527 4310 1675 4356 caro,
1703 4293 1780 4346 sic
1819 4301 1868 4348 et
1909 4292 2001 4347 ille
2016 4310 2151 4350 unus

589 4368 854 4423 Christus.
904 4366 1041 4419 Deus
1066 4376 1114 4420 et
1143 4365 1318 4417 homo.

664 4435 776 4508 (56)
813 4439 923 4489 Ἓν
951 4435 1022 4503 τῇ
1054 4432 1405 4508 συγκράᾳξι.
1433 4431 1666 4486 Comhel'
1720 4448 1744 4508 :_
1766 4431 1933 4487 Ambo
1960 4434 2155 4489 condu-

591 4501 805 4560 naiione
848 4501 1017 4557 unum
1057 4501 1391 4572 sunt.;Addit
1420 4509 1599 4572 autem
1632 4518 1646 4553 :
1684 4501 1983 4572 σύγκρασιν
2014 4520 2154 4557 con-

593 4576 1020 4643 temperatione-nt
1043 4573 1172 4626 dicit
1195 4570 1408 4643 Cicero.
1441 4568 1571 4643 Qtue
1587 4586 1693 4643 vox
1729 4568 1850 4643 post
1879 4572 2152 4643 Eutychen

592 4636 916 4714 “‘9'”an
946 4652 1004 4696 ιιι
1043 4642 1429 4714 commercium
1474 4636 1604 4714 illud
1644 4636 1944 4714 divinitatis
1971 4636 2024 4695 et
2049 4641 2154 4694 hu-

594 4707 874 4769 manitatis
907 4712 959 4766 in
997 4727 1107 4765 uno
1127 4710 1345 4764 Christo
1373 4708 1661 4778 signiticet,
1688 4707 1895 4778 integra
1925 4720 2154 4778 utraque

593 4784 954 4839 substantia:
1015 4782 1105 4834 illa
1158 4776 1541 4833 continuatione
1589 4776 1731 4831 Dens
1767 4776 1930 4832 humo
1978 4776 2152 4834 iactus

592 4865 699 4913 est,
733 4864 786 4908 et
827 4853 987 4907 homo
1012 4850 1209 4904 deitate
1240 4849 1479 4902 imbutus
1512 4863 1685 4916 eoque
1717 4846 1880 4902 Deus.

667 4925 781 4987 (57)
807 4921 970 4992 uno
1008 4919 1264 4992 δξῳλο
1313 4918 1409 4992 καὶ
1438 4915 1612 4992 ἄλλοι
1659 4917 1815 4973 Alius
1867 4926 1953 4972 est
1975 4915 2158 4982 Pater,

596 4985 680 5045 ait
709 4985 850 5055 ΒΜ,
885 4985 1027 5045 alius
1057 4987 1247 5052 Filius,
1292 4988 1433 5043 alius
1464 4985 1703 5057 Spiritus
1745 4994 1971 5042 sanctus
2010 4995 2162 5045 :tres

596 5061 741 5115 enim
784 5062 1056 5117 distinctae
1092 5075 1336 5129 personae
1364 5066 1523 5122 sunt;
1567 5063 1626 5129 at
1668 5072 1775 5129 non
1827 5057 1974 5112 aliud
2011 5067 2160 5114 sunt.

600 5129 718 5187 Una
764 5132 909 5185 enim
953 5127 1258 5186 substantia
1287 5136 1391 5184 est.
1453 5129 1508 5181 In
1571 5127 1788 5182 tlhristo
1829 5136 2009 5182 autem
2059 5129 2164 5182 alia

599 5209 684 5256 est
716 5201 919 5264 divina,
960 5200 1064 5254 alia
1106 5200 1337 5253 humana
1378 5205 1612 5251 natura:
1656 5212 1762 5251 non
1794 5205 1974 5252 tamen
2002 5197 2163 5262 alius,

600 5282 765 5341 atque
811 5270 951 5341 alius
1011 5270 1285 5341 Christus.
1325 5266 1417 5341 Sic
1469 5268 1808 5341 Augustinus
1853 5266 1946 5321 lib.
1995 5266 2166 5341 xI_De

600 5337 810 5396 ci‘itate
866 5339 991 5401 Dei,
1056 5353 1177 5407 cap.
1232 5338 1328 5407 10,
1379 5337 1604 5391 istorum
1659 5337 2161 5407 duorum_vocabu-

604 5412 777 5464 lormn
828 5411 965 5463 alius
1015 5416 1067 5463 et
1110 5405 1257 5461 aliud
1311 5408 1467 5475 longe
1519 5407 1572 5459 in
1620 5407 1830 5460 ratione
1878 5405 2163 5463 Trinitatis

604 5481 875 5534 tlivet‘smn
918 5495 1040 5533 esse
1091 5477 1540 5543 signiﬁcationem
1594 5476 1869 5531 admonet.
1909 5475 2160 5545 Spiritus,

607 5549 805 5620 inquit.
840 5547 1019 5620 Patris
1035 5559 1083 5602 et
1118 5546 1247 5601 Filii
1281 5546 1508 5620 Spiritus
1541 5547 1999 5620 sanctuspropria
2035 5563 2164 5617 qua-

606 5614 730 5671 άοιίιι
765 5619 970 5672 ratione
996 5618 1151 5686 hujus
1186 5614 1411 5670 nominis
1438 5617 1490 5669 in
1516 5618 1684 5686 sacris
1714 5614 1926 5686 Litteris
1957 5614 2157 5671 nuncu-

607 5699 783 5754 patur.
823 5687 971 5740 Alius
998 5683 1075 5740 est
1114 5697 1287 5756 autem
1315 5684 1666 5756 quantrl’ater
1703 5696 1752 5756 et
1800 5683 1845 5735 F
1849 5686 1971 5738 ilius
1998 5701 2018 5739 :
2040 5688 2163 5753 quia

611 5774 701 5812 nec
723 5757 882 5812 l’alcr
915 5766 990 5811 est
1030 5773 1118 5809 ttrc
1166 5755 1368 5821 Filius;
1400 5755 1488 5810 sed
1517 5757 1656 5810 alius
1683 5755 1818 5819 dixi,
1851 5771 1953 5810 non
1993 5756 2159 5819 aliud,

2251 3596 2623 3650 commutabile
2653 3606 2702 3649 et
2736 3596 3007 3653 wternum.
3042 3597 3133 3653 Sic
3162 3596 3324 3653 etiam
3343 3599 3514 3654 llilar.
3543 3601 3634 3656 lib.
3670 3616 3707 3656 ιι
3740 3602 3821 3656 De

2254 3665 2516 3738 Triuitate
2549 3681 2568 3719 :
2600 3665 2775 3727 Alius,
2807 3667 3001 3738 inquit,
3031 3669 3096 3738 ab
3122 3669 3250 3738 alio,
3297 3670 3422 3738 quia
3458 3669 3618 3724 Pater
3644 3680 3694 3724 et
3721 3670 3820 3724 Fi-

2252 3735 2354 3788 lius
2384 3753 2402 3789 :
2432 3751 2533 3789 non
2566 3745 2758 3789 natura
2802 3735 3097 3790 divinitatis
3127 3737 3237 3791 alia
3267 3735 3318 3792 et
3352 3738 3484 3802 alia,
3514 3742 3638 3810 quia
3661 3743 3816 3795 ambo

2249 3821 2429 3859 unum.

2323 3873 2435 3945 (58)
2462 3876 2621 3945 Μετὰ
2667 3871 2792 3945 τῶν.
2831 3874 3176 3945 θεοκτόνων.
3226 3873 3484 3942 Montac.,
3522 3875 3709 3934 Morel.
3762 3889 3818 3935 et

2250 3942 2923 4017 [Zoililieﬁxpterourbvwm
2950 3958 3110 4013 quam
3150 3943 3432 4017 lectionem
3469 3957 3691 4003 secutus
3733 3962 3823 4004 est

2254 4014 2395 4075 Bill.,
2412 4012 2737 4077 quivertere
2759 4029 2867 4066 non
2894 4012 3176 4077 aususest,
3213 4012 3378 4066 Deam
3400 4014 3777 4071 interemerunt
3799 4036 3820 4075 :

2252 4083 2584 4150 θεοκτόνων,
2617 4083 2761 4153 quod
2800 4091 2981 4138 tamen
3014 4083 3342 4153 catholicum
3377 4085 3620 4141 omnino.
3654 4085 3822 4142 Proﬁ-

2251 4159 2431 4207 temur
2457 4154 2602 4207 enim
2640 4152 2810 4206 unam
2858 4152 2910 4206 in
2954 4152 3174 4207 Clu-isto
3205 4168 3270 4207 ex
3317 4153 3530 4209 duabus
3584 4160 3817 4217 naturis.

2251 4222 2431 4297 divina
2460 4222 2785 4297 ethnmana.
2810 4237 3121 4297 personam,
3144 4228 3338 4297 etcum
3372 4223 3638 4297 Epliesina
3663 4242 3822 4297 syno-

2253 4293 2343 4363 do,
2374 4300 2514 4360 part.
2535 4308 2587 4363 Al,
2619 4307 2669 4349 c.
2709 4291 2885 4355 26,7n.
2912 4294 2945 4347 4
2977 4311 2991 4348 :
3019 4291 3200 4361 Ipsum
3235 4291 3555 4363 unigenitum
3603 4291 3819 4350 Dei'Fi—

2254 4362 2381 4415 lium
2417 4377 2483 4415 ea:
2523 4361 2687 4435 Patre
2723 4372 2927 4435 natant,
2961 4364 3172 4435 etiamsi
3229 4361 3513 4418 secundum
3549 4367 3821 4435 propriam

2252 4441 2499 4485 naturam
2517 4432 2860 4499 impassibilis
2890 4435 2979 4489 sit.
3006 4434 3173 4486 nostri
3204 4442 3377 4486 tamen
3415 4449 3577 4486 causa
3601 4432 3820 4489 mortem

2252 4502 2307 4554 in
2346 4517 2504 4554 carne
2530 4501 2815 4573 secundum
2844 4500 3146 4569 Scripturas
3179 4517 3392 4573 passum
3427 4519 3559 4567 esse,
3588 4506 3824 4573 proprie-

2252 4586 2349 4638 que
2396 4572 2573 4625 carnis
2620 4569 2946 4691 alliictiones.
3000 4587 3132 4641 quas
3175 4570 3423 4624 nimirum
3478 4574 3532 4626 in
3566 4569 3822 4643 cruciﬁto

2253 4654 2465 4691 corpore
2500 4650 2646 4691 pertu
2675 4641 2744 4691 it.
2772 4640 2907 4691 citra
2948 4639 3100 4691 illam
3143 4641 3227 4691 sui
3261 4642 3556 4691 passionem
3593 4644 3694 4691 sibi
3723 4644 3822 4691 ad.

2253 4654 2465 4707 corpore
2499 4639 2744 4707 pertulit,
2772 4640 2907 4692 citra
2948 4639 3100 4693 illam
3143 4641 3227 4693 sui
3259 4642 3556 4708 passionem
3593 4644 3694 4697 sibi
3712 4639 3822 4697 ἀά-

2255 4710 2483 4778 sciuisse.
2529 4709 2637 4778 Nec
2681 4708 2826 4778 aliud
2872 4724 2973 4763 nos
3011 4710 3190 4778 docet
3229 4709 3521 4778 Apostolus
3572 4714 3691 4767 Act.
3725 4730 3820 4778 xx,

2255 4776 2540 4860 Ephesii-ue
2587 4777 2844 4860 Ecclesia:
2881 4777 3222 4860 presbyteros
3262 4776 3601 4860 alloquens:
3639 4776 3824 4837 Atten4

2192 4853 2234 4909 D
2262 4847 2370 4902 dite
2394 4848 2534 4902 vobis
2554 4856 2603 4919 et
2631 4846 2870 4919 uniuerso
2912 4846 3057 4917 gregi
3084 4849 3138 4901 in
3167 4865 3270 4919 quo
3308 4846 3403 4919 eos
3436 4850 3667 4919 Spiritus
3697 4869 3822 4906 san-

2261 4927 2375 4970 ctus
2403 4918 2595 4992 _p_os_m‘t
2649 4916 2923 4992 episcopos
2969 4933 3152 4992 regere;
3180 4916 3484 4992 Ecclesium
3511 4919 3606 4992 Dei
3659 4938 3819 4992 quam

2263 4985 2820 5059 acquisivitﬂsanguine
2850 5002 2966 5041 suo.
3000 4985 3283 5059 ‘Prol'usns
3314 4990 3475 5059 igitur
3509 4991 3562 5044 in
3608 4985 3820 5046 redem-

2264 5054 2501 5129 ptionem
2530 5054 3067 5129 Ecclesiae‘sanguis.
3102 5054 3445 5128 sanguis'est
3485 5060 3657 5129 ipsius
3697 5060 3816 5125 Dei,

2265 5126 2355 5197 qui
2403 5126 2639 5198 seipsmn
2672 5126 2913 5198 tradidit,
2936 5126 3007 5180 ιιι
3043 5126 3308 5198 sanguine
3341 5144 3441 5183 suo
3489 5126 3817 5198 acquireret,

2267 5196 2576 5270 mundargt.
2601 5196 3012 5270 βιιιιιτιίιὶιξιιιηξι,Δ
3028 5196 3389 5270 exhiberetqne
3413 5199 3521 5266 ipse
3568 5196 3671 5253 sibi
3706 5200 3823 5270 glo-

2265 5268 2463 5340 riosam
2488 5264 2777 5340 Ecclesium
2800 5283 2901 5340 non
2924 5267 3194 5340 habentem
3217 5264 3476 5340 oraculum
3507 5277 3598 5321 aut
3609 5264 3824 5340 rugam,

2269 5335 2360 5390 sed
2389 5346 2445 5388 ut
2476 5337 2540 5390 sit
2572 5346 2758 5389 sancta
2784 5345 2832 5388 et
2860 5337 3204 5390 immaculata
3243 5336 3456 5405 (Ephes.
3492 5354 3545 5404 ν,
3566 5335 3701 5401 27).’
3780 5364 3787 5369 ·

2339 5406 2449 5479 (59)
2488 5405 2978 5479 ﬂammantem
3027 5406 3397 5479 eiad-revocr.
3435 5406 3645 5479 Μοιιιιιε
3683 5409 3827 5479 apud

2268 5473 2580 5547 an-ianum
2630 5476 2682 5528 in
2724 5475 2944 5547 dialogo
2968 5475 3053 5528 cui
3090 5473 3281 5547 titulus
3309 5484 3393 5547 est
3430 5495 3443 5531 :
3482 5475 3691 5547 Jupiter
3715 5473 3826 5532 ira-

2264 5546 2468 5615 g'cdus,
2493 5544 2580 5615 his
2623 5545 2805 5615 verbis
2835 5544 3005 5598 utitur
3040 5560 3054 5596 :
3083 5545 3158 5599 Ac
3204 5546 3332 5599 mihi
3363 5546 3458 5600 hoc
3493 5544 3628 5610 loco,
3652 5565 3683 5601 ο
3724 5547 3828 5601 Ju-

2266 5613 2422 5683 piter,
2455 5613 2553 5667 soli
2594 5614 2731 5667 enim
2777 5630 2981 5677 sumus,
3029 5631 3121 5669 nec
3163 5616 3305 5669 ullus
3346 5615 3613 5670 hominum
3644 5620 3698 5671 in
3734 5620 3832 5673 hoc

2269 5695 2401 5756 coitu
2444 5693 2542 5756 est.
2574 5693 2766 5750 prwter
2786 5700 2955 5756 imum
2996 5683 3305 5750 Herculens,
3337 5703 3398 5739 ac
3424 5686 3731 5756 Dionysium
3779 5696 3828 5741 ct

2272 5752 2621 5823 Ganymedem
2658 5762 2707 5807 et
2751 5753 3120 5822 Aﬁsculapium
3165 5756 3255 5821 qui
3304 5759 3471 5809 nostri
3512 5752 3633 5810 sunt
3676 5768 3726 5812 ct
3753 5757 3831 5812 dii
