4182 6396
627 426 729 490 135

1890 405 1946 460 S.
1990 401 2315 460 GBEGORII
2356 397 2703 455 THEOLOGI

3775 391 3886 449 186

622 534 932 595 ouratioais
979 538 1063 587 est
1097 544 1297 598 expers
1331 545 1344 582 :
1380 523 1526 595 quod
1581 512 1764 575 autem
1824 519 1935 574 Deo
1981 519 2192 572 unitum

2309 515 2452 568 τοῦτο
2477 515 2570 567 καὶ
2603 510 2855 577 σώζεται.
2880 510 3171 580 Εἱ.ἦμιους
3194 506 3306 578 (49)
3332 508 3590 560 ἔπταισεν
3618 506 3647 559 6
3676 506 3889 577 Ἀδὰμ,

623 636 730 692 est,
774 628 879 681 hoc
921 637 1143 695 quoque
1192 627 1425 675 salutem
1463 615 1844 683 consequitur.
1880 611 1938 666 Si
1972 609 2200 666 dimidia

626 729 838 776 tantum
894 732 962 771 ex
1000 722 1158 785 parte
1205 711 1452 766 Adamus
1493 709 1681 779 lapsus
1708 714 1816 768 est,
1857 703 2201 760 dimidiatum

626 826 845 882 quoque
877 809 953 864 sit
990 804 1135 876 quod
1167 810 1515 872 assumptum
1562 807 1681 862 est,
1710 805 1765 852 et
1795 797 1940 867 quod
1971 795 2203 850 salutem

626 901 858 970 accipit;
905 899 951 954 si
1004 902 1189 951 autem
1235 901 1385 948 totus
1422 890 1690 962 peccavit,
1729 890 1828 943 toti
1861 900 2081 957 quoque
2112 900 2207 954 ge.

627 993 744 1047 nilo
776 989 964 1043 unitus
993 993 1101 1050 est,
1135 994 1302 1053 atque
1334 981 1485 1037 omni
1516 996 1583 1035 ex
1615 988 1772 1050 parte
1802 978 2039 1033 salutem
2072 988 2206 1027 con-

632 1078 896 1149 sequitur.
921 1074 1194 1142 Quocirca
1224 1086 1294 1127 ne
1335 1068 1630 1140 perlectam
1661 1067 1894 1122 salutem
1918 1064 2010 1119 isti
2044 1061 2205 1116 nobis

628 1170 926 1231 invideant,
955 1175 1047 1220 aut
1081 1180 1207 1220 ossa
1234 1164 1453 1224 solum,
1495 1169 1549 1215 et
1577 1175 1797 1223 nervos,
1830 1168 1994 1229 atque
2025 1155 2207 1211 homi-

628 1263 715 1319 nis
747 1260 1015 1333 picturam
1050 1256 1323 1311 Salvatori
1353 1254 1624 1309 tribuant.
1653 1250 1784 1306 Nam
1808 1250 1854 1305 si
1884 1250 2001 1322 ipse
2026 1246 2207 1303 inani-

628 1361 810 1408 matus
844 1351 1008 1405 homo
1037 1356 1144 1412 est,
1177 1348 1281 1402 hoc
1327 1346 1492 1408 etiam
1540 1343 1725 1398 Ariani
1776 1344 1953 1405 aiunt,
1988 1348 2046 1394 ut
2076 1355 2205 1410 pas-

627 1447 839 1503 sionem
874 1440 1148 1495 divinitati
1184 1438 1455 1502 tribuant,
1498 1436 1613 1507 88
1655 1443 1914 1504 tanquam
1951 1432 2206 1487 videlicet

623 1538 771 1609 quod
816 1550 1020 1604 corpus
1050 1547 1249 1598 movet,
1283 1531 1428 1587 idem
1466 1544 1691 1600 quoque
1720 1529 1978 1599 patiatur.
2022 1524 2079 1579 Si
2108 1539 2207 1579 au-

626 1639 736 1685 tem
791 1630 1065 1682 animatus
1096 1625 1341 1697 quidem.
1386 1639 1577 1679 verum
1612 1620 1818 1677 mentis
1843 1634 2064 1689 expers,
2096 1630 2207 1688 quo

626 1721 847 1775 tandem
903 1718 1065 1773 modo
1114 1717 1355 1772 hominis
1401 1731 1601 1771 nomen
1652 1709 1993 1769 sustinebit?
2025 1710 2208 1778 Neque

2302 606 2472 676 ἣμισυ
2501 604 2596 656 και)⁵
2629 602 2689 654 τὸ
2723 598 3194 672 προσειλημμένον
3223 598 3317 651 καὶ
3358 598 3417 650 τὸ
3451 595 3778 668 σωζόμενον.
3819 594 3894 652 Εἰ

2302 697 2357 751 δὲ
2389 696 2509 759 ὃλος
2548 694 2690 764 (50),
2732 694 2838 764 ὅλῳ
2874 692 2952 764 τῷ
2982 690 3294 763 γεννηθέντι
3327 690 3562 761 ἥνωται,
3607 690 3699 742 καὶ
3741 690 3894 753 ὅλως

2306 788 2535 853 σώζεται
2581 787 2714 855 (51).
2762 784 2854 857 Μὴ
2900 784 3075 840 τοίνυν
3125 781 3566 854 βασκαινέτωσαν
3610 783 3742 853 ἡμῖν
3783 782 3894 852 τῆς

2305 879 2600 942 παντελοῦς
2653 876 2955 948 σωτηρίας,
3002 875 3137 947 μηδὲ
3176 874 3311 927 ὁστᾶ
3352 873 3540 944 μόνον,
3584 873 3677 926 καὶ
3712 872 3895 944 νεῦρα

2305 973 2399 1027 καὶ
2431 970 2747 1041 ζωγραφίαν
2773 967 3055 1040 ἀνθρώπου
3086 965 3162 1038 τῷ
3191 967 3401 1037 Σωτῆρι
3431 963 3892 1036 περιτιθέτωσαν.

2305 1065 2368 1116 Εἰ
2401 1063 2500 1134 μὲν
2532 1062 2642 1133 γὰρ
2670 1060 2876 1130 ἄψυχος
2907 1061 2936 1112 6
2966 1056 3271 1131 ἄνθρωπος.
3304 1056 3462 1110 τοῦτο
3499 1057 3593 1109 κα)⁵
3615 1054 3899 1126 Ἀρειανοὶ

2305 1156 2573 1226 λέγουσιν,
2604 1155 2670 1208 ἶν’
2695 1155 2787 1208 ἐπὶ
2808 1152 2908 1224 τὴν
2937 1150 3164 1223 θεότητα
3192 1151 3254 1205 τὸ
3273 1151 3443 1213 πάθος
3471 1150 3794 1218 ἐνέγκωσιν,
3818 1148 3901 1213 ὼς

2304 1246 2399 1301 τοῦ
2432 1243 2709 1307 κινοῦντος
2740 1241 2801 1296 τὸ
2837 1242 3029 1313 σῶμα,
3064 1240 3253 1295 τούτου
3287 1242 3382 1295 κα)⁵
3415 1257 3715 1311 πασχοντος
3754 1240 3897 1309 (52).

2307 1338 2369 1391 El
2389 1338 2444 1391 δὲ
2477 1335 2739 1407 ἔμψυχος,
2770 1337 2819 1389 ει
2857 1333 2955 1406 μὲν
2979 1334 3041 1387 οὐ
3072 1332 3275 1406 νοερὸς,
3304 1332 3419 1398 πῶς
3448 1334 3541 1387 καὶ
3568 1331 3899 1405 ἀνθρωπος;

2305 1431 2367 1483 οὐ
2409 1428 2517 1499 γὰρ
2566 1426 2726 1482 ἄνουν
2781 1424 2918 1490 ζῶον
2971 1426 3000 1478 ὁ
3057 1423 3359 1495 ἄνθρωπος.
3411 1424 3521 1478 Καὶ
3565 1425 3789 1492 ἀνάγκη
3837 1422 3902 1476 τὸ

2308 1522 2491 1593 σχῆμα
2518 1521 2617 1591 μὲν
2642 1518 2979 1591 ἀνθρώπειον
3006 1512 3142 1570 εἶναι
3164 1516 3275 1586 (53)
3304 1515 3397 1569 καὶ
3417 1516 3514 1587 τὴν
3540 1513 3772 1586 σκηνὴν,
3801 1513 3903 1586 τὴν

2305 1611 2361 1665 δὲ
2378 1612 2555 1683 ψυχὴν
2579 1611 2745 1665 ἵππου
2778 1607 2942 1673 τινὸς,
2977 1606 3010 1677 ἢ
3053 1604 3195 1677 βοὸς,
3219 1607 3253 1678 ἢ
3281 1604 3438 1660 ἀλλου
3475 1604 3585 1658 τῶν
3621 1606 3898 1675 ἀνοήτων.

2307 1700 2479 1755 Τοῦτο
2506 1699 2637 1771 γοῦν
2675 1699 2826 1753 ἔσται
2863 1699 2957 1752 κα)⁵
2985 1697 3048 1751 τὸ
3086 1696 3410 1770 σωζόμενον·
3445 1698 3538 1751 καὶ
3568 1694 3900 1766 διεψεύσθην

624 1811 770 1866 enim
826 1809 993 1863 homo
1037 1807 1239 1862 animal
1268 1816 1352 1860 est
1403 1812 1585 1861 mente
1616 1820 1832 1859 carens.
1863 1804 2039 1872 Atque
2072 1798 2205 1854 illud

2309 1792 2419 1863 ἐγὼ
2438 1792 2589 1865 παρά
2621 1792 2720 1863 τῆς
2744 1789 3024 1863 ἀληθείας.
3058 1791 3219 1848 ἄλλου
3241 1789 3580 1873 τιμηθέντος,
3609 1786 3774 1851 ἀλλος
3803 1804 3902 1857 με·

624 1917 852 1958 necesse
883 1909 988 1963 est,
1016 1907 1075 1954 ut
1109 1898 1321 1970 species
1343 1897 1563 1968 quidem
1593 1905 1646 1951 et
1672 1896 1822 1949 larva
1849 1894 2085 1948 humana
2109 1890 2202 1954 sit,

2309 1883 2764 1955 γαλαυχούμενος.
2794 1884 2855 1938 Εἰ
2873 1883 2931 1937 δὲ
2955 1884 3162 1956 νοερὺς,
3185 1881 3300 1937 ἀλλ’
3322 1870 3600 1943 οῦκάνους
3625 1880 3652 1931 6
3678 1878 3902 1965 ἀνθρωο

624 1994 808 2050 anitna
836 2000 1016 2047 autem
1052 1994 1179 2062 equi
1219 1989 1550 2060 cuiuspiam,
1596 1996 1692 2042 aut
1719 1986 1898 2048 bovis,
1930 1993 2023 2038 aut
2061 1982 2204 2036 alius

2314 1994 2434 2042 πος,
2467 1975 2869 2030 παυσάσθωσαν
2906 1976 3074 2037 ὅντως
3110 1973 3516 2043 ἀνοηταίνοντες
3545 1971 3678 2041 (54).

625 2086 883 2141 animalis
917 2093 1156 2139 mentem
1201 2099 1312 2139 non
1363 2081 1640 2137 habentis.
1684 2081 1765 2136 Ac
1806 2077 2038 2149 proinde
2068 2074 2202 2130 illud
2240 2087 2462 2145 quoque
2500 2074 2634 2136 erit,
2674 2070 2766 2133 cui
2812 2070 2967 2126 salus
3013 2068 3313 2124 ail‘eratur:
3343 2078 3508 2135 atque
3543 2083 3644 2140 ego
3673 2068 3745 2123 ab
3779 2068 3899 2143 ipsa

624 2179 868 2238 Veritate
908 2178 1137 2234 delusus
1179 2193 1326 2239 sum.
1363 2187 1422 2233 ut
1453 2177 1568 2247 qui,
1605 2176 1714 2230 alio
1750 2176 1959 2230 honore
1999 2170 2215 2236 allecto,
2254 2170 2372 2239 ipse
2395 2168 2619 2240 glorier.
2651 2181 2847 2236 meque
2883 2165 3106 2235 jactcm.
3139 2163 3198 2220 Si
3237 2173 3417 2220 autem
3471 2165 3669 2221 mentis
3722 2166 3900 2235 parti-

624 2293 775 2349 ceps,
805 2292 917 2332 non
950 2285 1130 2328 autem
1164 2281 1347 2328 mente
1377 2288 1575 2327 carens
1607 2272 1771 2325 homo
1804 2278 1911 2333 est,
1946 2268 2200 2338 desipere
2235 2281 2362 2321 vere
2385 2278 2449 2317 ac
2473 2264 2671 2317 mentis
2700 2262 2881 2332 inopia
2908 2262 3158 2316 laborare
3187 2262 3460 2316 desinant.

693 2344 783 2433 λι,
849 2368 1049 2438 inquit,
1119 2364 1380 2422 divinitas
1438 2366 1643 2420 mentis
1704 2366 1825 2419 loco
1878 2360 2205 2418 sulliciebat.

2394 2355 2533 2408 Ἀλλ’
2561 2355 2752 2426 ἤρκει,
2781 2354 2966 2423 φησιν,
2997 2354 3031 2424 ἡ
3059 2352 3248 2422 θεότης
3279 2353 3400 2406 ἀντὶ
3428 2349 3522 2404 τοῦ
3558 2349 3667 2404 νοῦ.
3704 2349 3775 2403 Τί
3803 2344 3901 2405 οὖν

623 2461 765 2527 Quid
802 2470 983 2514 autem
1020 2458 1126 2512 hoc
1167 2457 1234 2512 ad
1276 2458 1402 2512 me?
1430 2456 1701 2532 Divinitas
1742 2454 1889 2510 enim
1921 2468 2047 2507 cum
2086 2451 2205 2508 sola

2310 2447 2445 2520 πρὸς
2472 2446 2571 2517 ἐμὲ
2602 2444 2789 2511 τοῦτο;
2826 2443 3029 2516 Θεότης
3058 2444 3168 2516 γὰρ
3196 2446 3333 2515 μετά
3373 2444 3574 2517 σαρκὸς
3606 2444 3776 2515 μόνης
3797 2443 3902 2498 οῦκ

624 2565 793 2607 carne
822 2550 986 2603 homo
1013 2564 1123 2603 non
1151 2556 1259 2609 est.
1289 2548 1401 2602 imo
1433 2564 1535 2602 nec
1564 2562 1690 2601 cum
1719 2546 1838 2602 sola
1871 2544 2078 2605 anima.
2100 2557 2202 2598 nec

2309 2540 2611 2611 ἄνθρωπος,
2647 2538 2762 2593 ἀλλ’
2798 2537 2919 2592 οὐδὲ
2949 2536 3128 2610 ψυχῆς
3172 2538 3368 2611 μόνης,
3408 2539 3528 2594 οὐδὲ
3568 2534 3901 2610 ἀμφοτέρων

623 2657 750 2697 cum
774 2649 1028 2709 utraque,
1053 2638 1100 2694 si
1125 2654 1278 2695 mens
1301 2640 1464 2706 absit,
1493 2654 1617 2710 quae
1643 2638 1809 2694 etiam
1841 2637 2015 2708 magis
2037 2636 2201 2691 homo

2309 2635 2472 2707 χωρὶς
2508 2632 2603 2687 τοῦ
2636 2631 2753 2697 νοῦ,
2790 2631 2819 2685 ὁ
2852 2631 2946 2695 καὶ
2984 2629 3183 2701 μᾶλλον
3215 2630 3502 2703 ἄνθρωπος
3547 2631 3683 2703 (55).
3723 2631 3903 2702 Τήρει

621 2731 841 2789 censeri
862 2730 1046 2787 debet.
1070 2728 1439 2797 Quamobrem
1473 2737 1649 2785 totum
1690 2728 1968 2789 hominem
2000 2728 2198 2789 retine,

625 2836 692 2875 ac
730 2820 1074 2875 divinitatem
1119 2820 1380 2892 adiunge,
1430 2830 1492 2876 ut
1522 2835 1608 2876 me
1649 2819 1810 2890 plene
1864 2833 1929 2872 ac
1962 2819 2206 2889 perfecte

625 2911 898 2967 beneﬁcio
952 2909 1191 2967 afﬁcias.
1241 2911 1331 2978 At,
1390 2911 1596 2982 inquis,
1648 2911 1760 2967 duo
1807 2909 2050 2981 perlecta
2096 2925 2207 2966 non

623 3003 895 3074 capiebat.
933 3002 1052 3057 Non
1092 3018 1256 3071 sane;
1289 3004 1561 3074 siquidem
1599 3017 1869 3074 corporeo
1899 3002 2066 3057 modo
2094 3016 2207 3056 rem

626 3093 925 3165 espendas.
970 3092 1081 3151 Vas
1110 3095 1257 3150 enim
1294 3096 1459 3151 unius
1490 3096 1658 3151 modii
1691 3112 1865 3167 capax
1904 3096 2048 3152 duos
2086 3111 2209 3151 mo-

2307 2723 2399 2782 οὖν
2426 2725 2517 2779 τὸν
2552 2725 2839 2794 ἄνθρωπον
2863 2724 3013 2789 ὅλον,
3054 2724 3149 2777 καὶ
3180 2724 3332 2795 μίξον
3367 2724 3466 2794 τὴν
3506 2724 3773 2795 θεότητα,
3813 2722 3900 2776 ἵνα

2312 2837 2378 2892 με
2416 2818 2616 2882 τελέως
2651 2818 2947 2889 εὐεργετῇς
2987 2815 3119 2886 (56).
3159 2815 3297 2869 Ἀλλ’
3338 2817 3438 2870 οὐκ
3475 2815 3694 2891 ἐχώρει,
3737 2816 3898 2889 φησὶ,

2308 2912 2403 2966 δύο
2458 2910 2662 2964 τέλεια.
2715 2909 2850 2963 Οὐδὲ
2902 2908 3033 2980 γὰρ,
3082 2908 3240 2980 εἰπερ
3285 2908 3611 2980 σωματικῶς
3653 2911 3899 2972 σκοπεῖς.

2323 3004 2571 3072 Ἀγγεῖον
2621 3000 2729 3073 γὰρ
2788 3000 3101 3072 μεδιμναῖον
3150 3001 3212 3054 οὐ
3264 3003 3502 3072 χωρήσει
3553 3001 3900 3072 διμέδιμνον,

2311 3096 2433 3150 οὐδὲ
2460 3096 2572 3164 (57)
2610 3095 2862 3166 σώματος
2901 3094 3018 3157 ἑνὸς
3049 3093 3213 3158 τόπος
3249 3093 3341 3147 δύο
3372 3095 3405 3164 ἧ
3445 3094 3612 3148 πλείω
3645 3094 3899 3165 σώματα’

627 3188 751 3244 dios
785 3187 1011 3243 minime
1049 3186 1384 3250 continebit,
1430 3201 1530 3243 nec
1570 3188 1821 3258 corporis
1856 3189 2022 3261 unius
2057 3188 2210 3243 locus

2310 3190 2361 3241 εἰ
2394 3187 2448 3242 δὲ
2473 3187 2550 3250 ῶς
2582 3187 2748 3258 νοητά
2779 3188 2875 3240 καὶ
2909 3184 3194 3256 ἀσώματα,
3235 3185 3425 3240 σκόπει
3455 3187 3538 3239 ὅτι
3571 3186 3665 3241 καὶ
3696 3185 3900 3258 ψυχὴν,

629 3280 740 3335 duo
770 3288 868 3334 aut
898 3279 1056 3350 plura
1080 3294 1333 3350 corpora.
1365 3279 1424 3334 Si
1453 3288 1635 3335 autem
1668 3290 1727 3334 nt
1764 3280 2127 3351 intelligihilia
2158 3291 2212 3336 et

630 3374 961 3444 incorporea
991 3387 1057 3429 ea
1087 3371 1431 3437 consideres,
1464 3372 1598 3428 illud
1632 3372 2031 3436 animadverte,
2063 3371 2211 3444 quod

631 3466 771 3521 idem
802 3466 941 3534 ipse,
980 3473 1036 3521 et
1066 3465 1334 3530 animum,
1366 3474 1420 3521 et
1450 3467 1744 3533 rationem,
1777 3474 1833 3522 et
1869 3474 2131 3531 mentem,
2155 3475 2212 3522 et

632 3555 898 3625 Spiritum
951 3563 1202 3609 sanctum
1243 3555 1513 3619 continui,
1558 3562 1723 3625 atque
1764 3558 1928 3610 etiam
1960 3564 2088 3611 ante
2123 3571 2209 3611 me

631 3645 872 3701 mundus
899 3644 988 3699 hic
1027 3644 1155 3714 (hoc
1189 3652 1275 3700 est
1303 3646 1448 3715 quod
1483 3661 1549 3701 ex
1581 3646 1892 3702 visibilibns
1917 3655 1973 3703 et
2018 3647 2212 3703 invisi-

632 3735 833 3791 bilibus
862 3736 1028 3790 rebus
1056 3735 1315 3806 constat),
1346 3733 1585 3800 Patrem,
1621 3733 1815 3791 Filium
1854 3745 1910 3792 et
1945 3734 2208 3808 Spiritum

632 3834 906 3883 sanctum.
938 3825 1065 3883 Haec
1088 3827 1233 3883 enim
1264 3843 1478 3893 eorum,
1520 3843 1645 3899 quae
1666 3828 1720 3883 in
1750 3828 2086 3885 intellectum
2117 3844 2213 3884 ca-

633 3919 794 3985 dunt,
847 3929 1043 3975 natura
1092 3928 1201 3984 est,
1248 3927 1308 3974 ut
1356 3920 1682 3992 incorporeo
1728 3929 1893 3990 atque
1946 3920 2210 3977 invisibili

634 4008 820 4073 modo,
853 4019 908 4064 et
951 4008 1096 4064 inter
1135 4024 1196 4065 se
1235 4018 1291 4064 et
1332 4025 1457 4065 cum
1487 4011 1814 4081 corporibus
1854 4010 2211 4074 misceantur,

632 4099 1077 4171 quandoquidem
1105 4109 1161 4157 et
1196 4100 1433 4171 plurium
1480 4118 1677 4159 vocum
1707 4104 1858 4159 auris
1894 4118 2003 4159 una
2038 4118 2209 4174 capax

632 4200 739 4258 cst,
775 4200 830 4249 et
864 4193 1161 4249 multorum
1200 4207 1298 4248 ora
1334 4193 1527 4250 iisdem
1561 4194 1834 4266 aspectari
1876 4192 2057 4249 oculis
2081 4208 2210 4264 pos-

2312 3279 2407 3332 κα).
2453 3276 2632 3347 λόγον,
2686 3277 2780 3330 καὶ
2824 3276 2971 3341 νοῦν,
3028 3277 3122 3332 καὶ
3170 3276 3396 3348 Πνεῦμα
3447 3277 3602 3345 ἆγιον
3655 3277 3685 3330 ὁ
3734 3276 3904 3340 αὐτὸς

2311 3369 2588 3441 ὲχώρησα,
2632 3370 2728 3423 καὶ
2762 3368 2870 3440 πρὸ
2911 3368 3047 3440 ἐμοῦ
3078 3370 3171 3423 τὸν
3209 3368 3458 3440 Πατέρα.
3493 3369 3585 3423 καὶ
3617 3368 3704 3422 τὸν
3738 3369 3900 3432 Υἱὸν,

2318 3463 2412 3516 οιαὶ
2462 3462 2525 3515 τὸ
2571 3462 2725 3531 ἀγιον
2772 3460 2997 3532 Πνεῦμα
3037 3461 3171 3532 (58),
3209 3464 3238 3515 6
3278 3462 3483 3533 κόσμος
3524 3453 3697 3526 οὗτος,
3734 3460 3803 3514 τὺ
3843 3460 3902 3528 ἐξ

2314 3554 2525 3624 ὁρατῶν
2558 3554 2702 3623 λέγω
2740 3554 2834 3607 καὶ
2863 3554 3112 3623 ἀοράτων
3151 3553 3423 3624 σύστημα.
3452 3552 3685 3623 Τοιαύτη
3713 3550 3830 3624 γὰρ
3867 3552 3903 3620 ή

2314 3643 2424 3697 τῶν
2460 3644 2666 3714 νοητῶν
2713 3642 2893 3713 φύσις,
2940 3642 3248 3713 ἀσωμάτως
3287 3643 3382 3696 καὶ
3429 3643 3760 3715 ἀμερίστως,
3810 3642 3904 3696 καὶ

2316 3734 2590 3805 ἀλλήλοις,
2636 3734 2732 3788 καὶ
2777 3733 2992 3803 σώμασι
3045 3733 3355 3803 μίγνυσθαι.
3396 3734 3546 3787 Ἐπεὶ
3587 3736 3681 3787 κα)⁵
3722 3732 3903 3803 φωναὶ

2317 3827 2537 3889 πλειους
2586 3826 2723 3897 ἀκοῇ
2767 3825 2865 3896 μιᾷ
2909 3824 3175 3895 χωρηταὶ,
3219 3826 3313 3879 καὶ
3351 3825 3502 3896 ὄψεις
3532 3827 3743 3880 πολλῶν
3791 3825 3904 3899 (59)

2316 3920 2429 3981 τοῖς
2462 3917 2645 3980 αὐτοῖς
2681 3917 2916 3989 ὁρατοῖς,
2958 3916 3054 3970 καὶ
3090 3914 3413 3987 ὁσφραντυῖς
3445 3917 3730 3989 ὄσφρησις,
3777 3917 3905 3973 οὔτε

2321 4008 2429 4062 τῶν
2476 4007 2783 4080 αἰσθήσεων
2831 4008 3348 4080 στενοχωρουμένων
3403 4010 3494 4062 ὑπ’
3543 4008 3823 4081 ἀλλήλων,
3868 4009 3903 4082 ἢ

2318 4101 2745 4173 ἐκθλιϐομένων,
2780 4099 2903 4155 οὔτε
2932 4102 3041 4155 τῶν
3078 4100 3349 4173 αἰσθητῶν
3384 4100 3795 4172 ἐλαττουμένων
3825 4101 3904 4173 τῷ

2319 4193 2512 4267 πλήθει
2540 4194 2642 4266 τῆς
2670 4193 3027 4266 ἀντιλήψεως.

634 4292 788 4348 sunt,
821 4284 1130 4355 odoresque
1161 4284 1367 4339 olfactu
1410 4285 1602 4340 eodem
1630 4285 1858 4356 percipi,
1885 4285 1960 4339 ita
2003 4292 2064 4339 ut
2107 4298 2209 4339 nec
2245 4299 2447 4342 sensus
2478 4294 2668 4341 mutuo
2692 4286 3154 4356 comprimantur,
3187 4285 3274 4341 vel
3337 4283 3723 4350 extrudantur,
3794 4299 3900 4341 nec

632 4391 725 4433 res
779 4377 1014 4434 sensiles
1059 4376 1130 4431 ob
1177 4377 1547 4448 perceptinnis
1607 4380 1824 4450 copiam
1876 4379 2298 4434 imminuantur.

845 4553 925 4627 [gl
943 4551 1191 4627 iigw‘yg.
1221 4549 1379 4627 Colb.
1407 4552 1523 4627 9_et
1550 4552 1794 4627 Combel‘.
1820 4557 1869 4609 sl
1905 4557 2101 4627 ἣμισυ.

710 4619 823 4688 (50)
860 4622 929 4674 El
971 4619 1041 4673 δὲ
1079 4619 1245 4686 ὅλος.
1289 4619 1402 4676 Vox
1454 4621 1680 4676 ἔπταισε
1718 4625 1799 4678 vel
1847 4619 2071 4688 excidit,
2125 4626 2206 4681 vel

636 4691 987 4757 subauditur,
1015 4690 1266 4761 hancque
1293 4689 1425 4761 ABill.
1458 4692 1751 4761 supplevit.

709 4760 823 4833 (51)
847 4760 975 4833 Καὶ,
997 4759 1152 4833 ῥλως
1190 4759 1455 4833 (ζώζεται.
1489 4759 1642 4816 Coll).
1673 4762 1728 4822 5.
1770 4762 1824 4827 9,
1871 4772 1921 4818 et
1963 4763 2209 4816 Comhel‘.

635 4829 735 4887 καῖ
762 4829 882 4895 ὅλος
911 4829 1158 4894 σώζεται.
1198 4830 1361 4885 Totus
1390 4833 1551 4885 etiam
1583 4833 1810 4886 salutent
1856 4834 2210 4895 consequitur.

704 4901 830 4984 (52),
858 4902 1077 4957 Τούτου
1124 4901 1224 4956 καὶ
1262 4901 1626 4972 πάσχοντος.
1675 4900 1810 4958 Cod.
1842 4902 1974 4975 Reg.
2024 4900 2085 4969 Β,
2122 4904 2217 4957 καὶ

637 4972 733 5026 τοῦ
764 4972 1079 5043 πάσχοντος.

714 5042 825 5112 (55)
863 5038 1246 5112 ’Ᾰνξθρώπειον
1269 5038 1445 5099 εἶναι.
1473 5043 1551 5099 Ita
1580 5042 1736 5112 Colb.
1768 5045 1823 5103 5.
1852 5045 1907 5104 6.
1942 5043 1997 5105 9,
2027 5053 2081 5099 et
2105 5042 2219 5112 Μυ-

639 5109 741 5238 sei.
807 5109 812 5111 ’
835 5120 892 5166 at
923 5109 1077 5168 Golb.
1108 5130 1139 5167 a
1162 5155 1177 5181 ,
1207 5113 1548 5186 ἀνθρώπινον
1595 5109 1753 5169 εἶναι.
1798 5117 1854 5170 In
1902 5115 2036 5170 edit.
2076 5109 2216 5167 εἶναι

679 5200 769 5238 (ιε-ε
797 5220 811 5234 .

679 5192 811 5238 (3⁸⁵51.

713 5253 823 5323 (54)
859 5254 1085 5323 Ὄντως
1113 5253 1593 5322 ἁνοηταίνοντες.
1622 5256 1696 5311 Ita
1728 5254 1881 5309 Colh.
1910 5255 1965 5315 3.
1992 5253 2046 5314 6.
2069 5253 2125 5316 9,
2161 5269 2215 5317 a,

641 5336 693 5377 et
730 5323 853 5378 cod.
904 5322 1037 5394 Reg.
1094 5338 1178 5394 ac,
1204 5324 1447 5379 Combel'.
1506 5324 1600 5381 Sic
1648 5325 1811 5379 etiam
1845 5326 1972 5394 legit
2002 5325 2123 5379 llill.
2157 5324 2213 5378 In

641 5396 799 5466 edit.:
820 5393 1013 5466 οὕτως,
1037 5393 1182 5463 quod
1207 5411 1315 5449 non
1342 5396 1596 5466 displicet
1624 5415 1638 5450 :
1668 5393 2216 5465 Tandem’oliquando

641 5463 874 5529 desipere
896 5464 1157 5517 desinant.

717 5532 828 5604 (55)
857 5535 926 5586 Ὃ
957 5535 1053 5588 καὶ
1078 5532 1320 5603 μᾶλλον
1344 5535 1672 5604 ἅνθρωπος.
1704 5532 1882 5598 ΜιιΙιί,
1910 5535 2086 5604 inquit
2112 5533 2215 5588 Bil-

644 5602 774 5666 lius,
815 5602 1091 5674 hominem
1131 5606 1245 5661 sola
1280 5602 1464 5662 mente
1486 5608 1855 5670 dellnieruut;
1887 5602 2043 5659 Plato
2073 5620 2212 5674 pta:-

643 5674 806 5743 cipne
838 5673 1199 5746 substantiam
1233 5676 1407 5746 ipsam
1436 5676 1721 5732 rationalis
1762 5678 1960 5730 animae
1998 5675 2210 5736 haberi.

644 5760 846 5814 corpus
897 5752 1075 5796 autem
1135 5745 1374 5810 hominis
1431 5747 1788 5801 simulacrum
1828 5753 1883 5799 ct
1936 5747 2208 5802 umbram.

647 5812 781 5870 Vide
813 5812 975 5868 Mars.
1015 5813 1257 5868 Ficinum
1287 5814 1343 5870 in
1375 5827 1698 5870 aruumento
1742 5829 1815 5869 xu
1850 5814 2045 5870 dialoai
2084 5817 2208 5870 l’la-

696 5830 781 5870 ιιιο
813 5830 975 5868 mars.
1015 5830 1257 5868 I‘ICllllllll
1287 5831 1343 5870 ιιι
1375 5830 1698 5885 argumento
1742 5830 1815 5869 ιιι
1850 5830 2045 5883 (1131081
2084 5830 2208 5872 ιἸἰΙ·

2241 4568 2290 4626 ι)
2315 4558 2462 4639 tonis
2490 4557 2828 4639 Detegit“:
2868 4556 3014 4638 unde
3059 4557 3352 4639 Africanus
3384 4558 3527 4627 apud
3553 4556 3894 4639 _t)ieeronem

2315 4628 2371 4681 in
2404 4627 2622 4683 Somnio
2654 4624 2739 4681 sic
2794 4625 3106 4695 Scipionem
3125 4624 3448 4696 alloquitur
3484 4647 3497 4682 :
3541 4624 3654 4681 Nec
3680 4628 3819 4680 enim
3848 4626 3895 4679 is

2313 4713 2368 4752 es
2397 4713 2549 4767 quem
2572 4697 2746 4766 forma
2780 4696 2888 4749 ista
2929 4696 3209 4759 declarat;
3239 4696 3330 4750 sed
3380 4713 3522 4751 mens
3566 4696 3819 4766 cujusque
3847 4696 3894 4767 is

2314 4766 2660 4838 est'quisque.
2707 4783 2809 4821 non
2853 4782 2917 4820 ea
2946 4768 3121 4837 ﬁgura
3160 4783 3277 4837 qua:
3322 4766 3489 4835 digito
3535 4766 3893 4821 dentomlrari

2312 4845 2500 5028 p033;
2537 4905 2758 4971 Τελέως
2780 4905 3118 4975 cosmetae.
3153 4906 3412 4971 Montac.,
3434 4906 3623 4963 Morel.
3646 4913 3701 4962 et
3729 4905 3889 4961 Com-

2316 4975 2382 5028 be
2412 5015 2423 5027 .
2455 4974 2675 5028 τελείως
2707 4976 3095 5028 εὐεργετήστιε.

2316 4975 2423 5030 bef.
2455 4975 2675 5037 τελείως
2707 4976 3095 5049 εὐεργετήσῃς.

2391 5045 2502 5127 (ΞΖ)
2525 5042 2700 5127 9.959-
2730 5045 2884 5127 00").-
2912 5048 2980 5127 δι
3083 5046 3415 5127 εξοριυὲιοὲ
3448 5049 3567 5127 οὒξὲ
3598 5048 3726 5127 tie
3787 5116 3810 5127 -

2349 5114 2503 5238 ὃ(εδδ)
2534 5114 2604 5168 Τὸ
2634 5114 2803 5184 ἅγιον
2827 5118 3088 5188 Πνεῦμα.
3120 5116 3274 5173 Colli.
3299 5120 3352 5181 5,
3379 5119 3433 5181 6,
3460 5119 3553 5173 καὶ
3581 5114 3643 5172 τδ
3671 5114 3895 5188 Πνεῦμα

2347 5214 2353 5226 ι
2408 5202 2580 5239 αγιον.

2312 5198 2735 5341 ω’(ἓῦῗῷψεις
2753 5256 3311 5341 ίτοῷιῶντιμιο-(ξοιὶ).
3335 5259 3390 5341 ἦ,
3420 5274 3471 5341 a.
3505 5258 3766 5341 Mount-ac"
3791 5254 3895 5341 llo-

2315 5328 2415 5379 rcl.
2452 5342 2517 5380 ac
2547 5327 2794 5383 Combef.
2850 5330 2907 5383 In
2953 5330 3085 5383 edit.
3134 5328 3285 5397 ὁιζιεις
3319 5329 3603 5384 πλειόνων.
3637 5327 3757 5383 Mox
3794 5340 3891 5397 pro

2313 5397 2551 5471 ὁρατοῖς,
2581 5397 2702 5450 cod.
2740 5397 2870 5467 Reg.
2906 5398 2969 5471 β,
3028 5395 3261 5471 Montac.
3293 5415 3357 5454 ac
3396 5399 3644 5471 Cortnltef.
3675 5395 3887 5471 ὁραταί,

2312 5476 2366 5541 ⁸Σὲ
2391 5482 2488 5541 P'!’
2518 5468 2863 5541 6_3'17P1V?0?€.
2896 5468 3144 5541 Coltnbel'.
3179 5469 3500 5541 ὁσφρανταί.
3533 5467 3722 5524 Vertit
3746 5467 3888 5521 Bill.:

2315 5534 2643 5605 lit—plurium
2666 5555 2699 5589 ιι
2727 5550 2902 5605 pectus
2927 5538 2991 5593 ab
3018 5538 3202 5593 iisdem
3234 5534 3383 5595 rebus
3411 5543 3465 5595 in
3486 5542 3756 5594 oculorum
3776 5553 3895 5593 scn-

2311 5623 2429 5682 auin
2454 5605 2763 5682 cadentibus
2792 5610 3136 5682 capipotcst,
3173 5624 3328 5682 atquc
3366 5611 3505 5667 idem
3544 5611 3798 5665 odoratus
3827 5606 3892 5661 ab

2311 5676 2500 5731 iisdem
2528 5677 2685 5756 rebus
2701 5693 2817 5758 qua:
2848 5676 3050 5749 olfactu
3068 5676 3388 5762 sentiuntur,
3413 5683 3490 5736 sic
3516 5696 3709 5762 nenth
3720 5687 3779 5734 ut
3805 5690 3895 5733 nec

2310 5764 2497 5824 sensus
2528 5765 2561 5800 a
2581 5748 2799 5824 seipsis
2835 5748 3016 5806 mutuo
3049 5753 3468 5816 comprimantur
3508 5748 3663 5824 atque
3692 5751 3747 5806 in
3794 5764 3892 5803 an-

2310 5819 2515 5883 quslias
2545 5817 2868 5880 radicantur.
