4182 6470
373 410 475 467 185

1843 411 2180 470 EPISTOLA
2218 412 2305 470 Cl.

3549 420 3647 476 186

428 521 553 575 Ποῦ
604 522 669 577 δὲ
708 521 804 576 καὶ
852 520 1061 585 τέλειος
1110 521 1238 587 νοῦς
1296 524 1589 594 ἀνθρώπου
1629 525 1665 596 ἦ
1714 525 1964 595 ἀγγέλου,

2140 525 2260 581 Jam
2292 542 2422 583 vero
2450 542 2690 601 quonam
2724 537 2888 600 pacto
2934 543 3094 586 mens
3120 529 3379 597 hominis,
3417 538 3513 587 aut
3543 547 3649 587 an-

354 610 665 682 συγκρίσει
694 609 970 682 θεότητος,
1015 611 1102 665 ῐνα
1129 611 1191 664 τὸ
1219 611 1406 684 ἕτερον
1433 612 1657 685 ἐκθλιϐῇ
1695 614 1967 690 παρουσίᾳ

348 701 446 755 τοῦ
485 703 780 772 μείζονοςς
803 702 928 755 οὐδὲ
957 701 1066 773 γὰρ
1087 702 1228 773 αὐγή
1256 719 1309 755 τι
1334 702 1447 771 (66)
1478 702 1616 775 πρὸς
1642 704 1813 774 ἥλιον,
1845 705 1967 758 οὐδὲ

347 794 499 856 νοτὶς
523 793 695 864 ὀλίγη
732 793 870 866 πρὸς
903 793 1174 864 ποταμὸν,
1217 794 1306 847 ἵνα
1334 793 1403 848 τὰ
1446 795 1619 866 μικρὰ
1655 795 1966 867 προανέλω-

347 902 455 954 μεν
480 884 637 953 (61),
668 884 822 937 οἴκου
862 884 961 955 μὲν
990 884 1185 955 αὐγὴν,
1219 884 1326 955 γῆς
1358 884 1418 940 δὲ
1458 886 1657 948 νοτίδα,
1693 887 1788 940 καὶ
1823 885 1967 940 οὕτω

346 973 592 1045 χωρηαῇ
631 975 701 1028 τὰ
737 975 909 1046 μείζω
941 975 1035 1028 καὶ
1069 974 1394 1046 τελεώτερα.
1432 975 1558 1040 Πῶς
1582 976 1690 1049 γὰρ
1725 979 1967 1050 χωρήσει

344 1065 445 1118 δῦο
476 1065 703 1128 τέλεια,
736 1061 887 1131 οἶκος
917 1067 1017 1137 μὲν
1046 1067 1223 1138 αὐγὴν
1254 1068 1351 1122 καὶ
1382 1068 1556 1138 ἥλιον,
1591 1069 1666 1139 γῆ
1696 1069 1752 1123 δὲ
1786 1070 1967 1124 νοτίδα

347 1158 447 1211 καὶ
484 1160 774 1230 ποταμὸν,
813 1159 971 1213 τοῦτο
1008 1157 1449 1230 διασκεψώμεθα·
1487 1159 1582 1213 καὶ
1621 1160 1730 1232 γὰρ
1764 1159 1966 1233 πολλῆς

345 1251 528 1314 ὅπως
568 1251 646 1303 τὸ
675 1252 908 1322 πρᾶγμα
929 1250 1210 1323 φροντίδος
1237 1249 1404 1316 ἄξιον.
1437 1252 1510 1307 Ἢ
1541 1253 1857 1322 ἀγνοοῦσιν,
1884 1254 1966 1308 ὅτι

346 1340 409 1394 τὸ
448 1342 603 1413 πρός
653 1361 705 1396 τι
747 1344 950 1396 τέλειον
994 1343 1131 1414 πρὸς
1179 1344 1366 1413 ἕτερον
1409 1344 1617 1409 ἀτελὲς,
1667 1345 1744 1410 ὡς
1779 1345 1966 1417 βουνὸς

352 1438 497 1503 πρὸς
535 1435 700 1507 ὅρος,
739 1438 834 1490 καὶ
872 1437 1071 1501 κόκκος
1118 1439 1321 1503 νάπυος
1372 1440 1508 1512 πρὸς
1553 1440 1787 1512 κύαμον,
1839 1441 1873 1513 ἦ
1910 1458 1965 1494 τι

352 1525 486 1579 ἄλλο
529 1527 655 1581 τῶν
702 1528 963 1599 μειζόνων
1004 1530 1353 1602 σπερμάτων,
1400 1531 1503 1585 κᾶν
1542 1532 1650 1586 τῶν
1685 1534 1966 1604 ὁμογενῶν

358 1619 551 1689 μεῖζον
586 1618 849 1690 λέγηται·
882 1623 931 1674 εί
951 1620 1007 1674 δὲ
1037 1620 1237 1691 βούλει,
1268 1623 1366 1677 καὶ
1393 1622 1625 1693 ἄγγελος
1645 1623 1782 1688 πρὸς
1810 1625 1963 1693 Θεὸν,

353 1710 452 1764 καὶ
492 1711 648 1783 πρὸς
685 1711 918 1780 ἄγγελον
956 1712 1272 1783 ἄνθρωποςς
1313 1714 1527 1768 Τέλειον
1566 1710 1661 1769 οὖν
1703 1716 1967 1788 ἡμέτερος

354 1803 506 1868 νοῦς,
539 1805 648 1857 καὶ
671 1805 1025 1875 ἡγεμονικὸν,
1064 1805 1199 1859 ἀλλὰ
1228 1805 1408 1878 ψυχῆς
1440 1808 1534 1861 καὶ
1562 1806 1833 1877 σώματος,
1868 1808 1966 1880 οὐχ

2068 619 2194 691 geli,
2228 620 2274 675 si
2317 636 2442 675 cum
2488 620 2775 683 divinitate
2822 630 3196 691 comparetur,
3250 622 3493 695 perfecta
3535 624 3646 682 dici

2065 720 2251 782 queat.
2277 722 2337 765 ut
2366 713 2596 767 alterum
2628 713 2749 767 loco
2779 712 2973 768 cedere
3001 723 3232 783 cogatur
3262 714 3484 783 majoris
3509 731 3648 785 prae-

2066 803 2283 858 sentia?
2313 801 2500 873 Neque
2526 803 2670 857 enim
2718 805 2976 874 splendor
3017 804 3249 874 aliquid,
3291 806 3336 860 si
3372 821 3496 859 eum
3532 808 3648 862 sole

2065 895 2402 958 conferatur,
2438 911 2537 950 nec
2564 894 2678 965 89
2712 896 2912 950 humor
2939 897 3192 965 exiguus,
3227 897 3272 950 si
3303 912 3427 951 cum
3458 896 3646 963 ﬂuvio;

2066 992 2126 1039 ut
2166 1000 2290 1054 qu:e
2328 1000 2494 1054 parva
2547 993 2675 1039 sunt
2713 986 2864 1054 prius
2914 987 3362 1048 submoto-amns,
3412 1002 3443 1041 e
3482 986 3648 1040 domo

2066 1074 2440 1147 splendorem,
2470 1091 2501 1131 e
2536 1084 2682 1129 terra
2716 1065 3024 1140 humorem,
3073 1084 3238 1144 atque
3279 1076 3352 1129 ita
3381 1092 3501 1146 qua:
3530 1092 3647 1128 ma-

2059 1172 2183 1242 jora
2222 1179 2350 1225 sunt
2384 1180 2436 1225 et
2481 1169 2807 1239 perfectiora
2862 1169 3173 1238 capiantur.
3213 1167 3461 1234 Quonam
3500 1168 3646 1223 enim

2062 1263 2229 1318 modo
2262 1263 2371 1317 duo
2395 1262 2631 1332 perfecta
2657 1261 3040 1326 continebunt,
3076 1262 3202 1314 hinc
3231 1276 3422 1330 nempe
3450 1261 3649 1317 domus

2063 1352 2413 1423 Splendorem
2450 1361 2505 1407 et
2539 1352 2733 1413 solem,
2771 1353 2895 1405 hinc
2933 1367 3151 1405 rursum
3184 1362 3329 1406 terra
3360 1353 3648 1404 humorem

2064 1448 2118 1496 et
2162 1439 2410 1504 (luvium,
2457 1441 2560 1494 hoc
2602 1439 3059 1503 consideremus;
3097 1455 3295 1510 magna
3343 1445 3487 1493 etum
3523 1455 3650 1509 pro-

2066 1530 2213 1587 fecto
2240 1546 2373 1585 cura
2404 1538 2459 1585 et.
2493 1532 2972 1585 animadversione
3008 1547 3097 1586 res
3125 1531 3291 1601 digna
3336 1538 3442 1585 cst.
3478 1532 3558 1582 An
3589 1530 3652 1583 il—

2065 1622 2158 1678 lud
2200 1638 2297 1677 eos
2337 1621 2494 1693 fugit,
2545 1622 2688 1691 quod
2744 1638 2829 1677 res
2880 1622 3093 1688 eadem,
3138 1638 3262 1693 qua:
3297 1638 3421 1675 cum
3464 1621 3648 1690 aliqua

2065 1715 2261 1769 collata
2287 1712 2529 1784 perfecta
2565 1724 2670 1776 est,
2701 1714 2928 1770 alterius
2957 1715 3169 1769 ratione
3200 1712 3519 1784 imperfecta
3553 1712 3645 1777 sit,

2068 1813 2128 1858 ut
2170 1806 2328 1860 collis
2369 1820 2495 1859 cum
2539 1814 2726 1859 monte
2769 1806 3027 1870 collatus,
3060 1813 3114 1859 et
3161 1820 3393 1875 granum
3436 1803 3647 1872 sinapis

360 1895 557 1958 ἁπλῶς
591 1897 830 1960 τέλειον,
869 1896 1007 1950 Θεοῦ
1041 1897 1098 1951 δὲ
1132 1897 1319 1951 δοῦλον
1350 1899 1446 1953 καὶ
1481 1899 1809 1971 ὑποχείριον,
1851 1900 1964 1955 ἀλλ’

2069 1912 2194 1951 cum
2228 1896 2370 1962 faba,
2401 1905 2494 1950 aut
2521 1897 2630 1949 alio
2659 1897 2917 1966 quopiam
2948 1895 3142 1966 majori
3173 1896 3404 1959 semine,
3430 1893 3649 1948 etiamsi

362 1988 425 2041 οὗ
451 1987 917 2058 συνηγεμονικὸν,
944 1988 1065 2041 οὐδὲ
1090 1988 1375 2060 ὁμότιμον.
1407 1990 1560 2043 Ἐπεὶ
1586 1990 1679 2044 καὶ
1707 1991 1967 2062 Μωῦσῆς,

366 2076 569 2159 1ξιοειρααῖι)
595 2079 693 2147 μὲν
715 2077 856 2141 θεὸς,
881 2076 1016 2131 Θεοῦ
1037 2077 1094 2131 δὲ
1118 2078 1391 2149 Θεράπων,
1426 2080 1502 2143 ὡς
1526 2079 1965 2151 ἀναγέγραπται·

375 2170 473 2223 καὶ
507 2170 734 2241 ἀστέρες
764 2170 937 2224 νύκτα
977 2171 1077 2241 μὲν
1116 2171 1552 2243 περιλάμπουσιν
1580 2171 1714 2243 (62),
1740 2172 1875 2244 ήλίῳ
1911 2173 1970 2227 δὲ

379 2263 741 2330 κρύπτονται,
768 2261 873 2323 ὡς,
906 2261 1027 2332 μηδ’
1057 2263 1140 2315 ὅτι
1171 2262 1341 2325 εἰσὶν,
1371 2263 1553 2334 ἡμέρᾳ
1582 2262 1966 2333 γνωρίζεσθαι·

372 2351 467 2404 καὶ
505 2351 733 2423 λαμπὰς
762 2352 918 2423 ὀλίγη
966 2351 1179 2425 μεγάλῃ
1216 2354 1461 2425 πυρχαῖᾷ
1493 2354 1603 2423 (65)
1641 2358 1967 2426 προσχωρή-

372 2456 540 2497 σασα.
577 2439 711 2494 οὔτε
746 2441 1074 2503 ἀπόλλυται,
1110 2439 1234 2494 οὔτε
1266 2440 1535 2510 φαίνεται,
1573 2440 1696 2495 οὔτε
1734 2442 1965 2514 χωρίζε-

372 2549 459 2584 ται
525 2533 670 2601 (64),
713 2532 830 2585 ἀλλ’
870 2533 991 2586 ὅλον
1033 2533 1149 2586 ἐστὶ
1193 2532 1612 2607 πυρκαϊὰνικϐὕ),
1661 2532 1757 2587 τοῦ
1795 2533 1966 2605 ὑπερ-

368 2620 584 2690 έχοντος
618 2624 1034 2693 ὲκνικήσαντος.

2068 1988 2159 2051 iis,
2189 2003 2311 2058 qua:
2335 1988 2584 2057 ejusdem
2623 1995 2754 2043 sunt
2776 1988 3017 2058 generis,
3053 1988 3233 2058 majus
3255 1986 3473 2041 dicatur
3499 2003 3514 2038 :
3548 2001 3649 2039 an-

2068 2081 2221 2151 gelus
2247 2080 2413 2134 etiam
2456 2080 2502 2134 si
2538 2079 2612 2133 ita
2655 2079 2830 2141 luhet,
2878 2094 3003 2133 cum
3041 2078 3176 2141 Deo,
3221 2087 3277 2132 et
3317 2078 3481 2131 homo
3522 2091 3650 2131 cum

2070 2169 2305 2237 angelo?
2325 2168 2597 2235 Quocirca
2623 2185 2777 2225 mens
2802 2177 3018 2229 nostra,
3045 2168 3287 2238 perfecta
3309 2167 3401 2220 illa
3426 2166 3648 2235 quidem

2070 2270 2177 2323 est,
2220 2268 2275 2315 et
2312 2261 2682 2331 principatum
2726 2268 2899 2325 tenet,
2944 2275 3135 2315 verum
3193 2260 3250 2313 in
3303 2257 3543 2312 animam
3592 2264 3651 2311 et

2072 2367 2310 2422 corpus;
2342 2367 2452 2407 non
2484 2361 2667 2408 autem
2715 2353 3038 2423 simpliciter
3066 2350 3347 2422 perfecta;
3382 2349 3476 2406 Del
3517 2364 3651 2405 vero

2072 2459 2230 2499 serva
2267 2453 2323 2499 et
2373 2444 2592 2499 subdita
2641 2451 2748 2507 est,
2782 2460 2892 2497 non
2941 2442 3287 2514 principatus
3321 2442 3493 2502 socia,
3548 2456 3651 2495 nec

2071 2533 2188 2603 pari
2226 2532 2438 2588 honore
2472 2532 2721 2604 praedita.
2751 2532 3210 2603 Quandoquidem
3239 2533 3402 2587 etiam
3443 2528 3646 2591 Moses,

2073 2622 2375 2679 Pharaonis
2397 2624 2617 2695 quidem
2641 2624 2777 2680 deus
2795 2624 2864 2688 '°,
2887 2623 2978 2679 Dei
3004 2634 3186 2678 autem
3216 2621 3455 2678 famulus
3476 2628 3650 2684 est",

368 2719 429 2765 ιιι
478 2710 714 2767 Litteris
771 2714 949 2768 sacris
995 2713 1274 2784 proditum
1329 2712 1597 2779 habetur;
1641 2724 1696 2767 et
1735 2713 1909 2769 stella:
1943 2723 2158 2769 noctem
2196 2716 2511 2782 illustrant,
2546 2733 2575 2770 a
2605 2718 2722 2771 sole
2753 2725 2933 2772 autem
2963 2717 3335 2781 occultantur,
3367 2717 3441 2770 ita
3473 2724 3533 2769 ut
3559 2715 3648 2769 in-

369 2806 545 2860 terdiu
593 2825 667 2861 ne
704 2825 800 2864 eas
856 2808 1079 2879 quidem
1129 2823 1252 2863 esse
1310 2807 1537 2878 agnOSci
1590 2808 1804 2877 possit;
1858 2815 1914 2863 et
1966 2809 2162 2880 exigua
2210 2814 2435 2865 lucerna
2485 2825 2685 2879 magno
2734 2810 3005 2864 accedens
3059 2825 3294 2865 accenso
3347 2824 3501 2880 rogo,
3548 2824 3650 2865 nec

370 2900 769 2969 exstinguitur,
801 2916 903 2956 nec
930 2900 1096 2966 lucet,
1143 2913 1246 2953 nec
1285 2898 1647 2969 disjungitur,
1683 2898 1780 2953 sed
1823 2906 2002 2953 totmn
2041 2915 2208 2971 rogus
2246 2910 2333 2956 est
2377 2914 2443 2955 ac
2472 2898 2713 2966 flamma,
2755 2909 3056 2969 superante
3099 2900 3358 2954 nimirum
3396 2914 3462 2955 eo
3501 2899 3649 2970 quod

367 2992 727 3059 praestantius
758 2999 855 3045 est.

445 3084 615 3136 Ἀλλὰ
669 3083 1016 3154 κατάκριτος,
1068 3083 1255 3155 φησιν,
1304 3084 1333 3136 δ
1371 3082 1640 3153 ἡμέτερος
1684 3081 1829 3144 νοῦς.
1886 3080 1951 3133 Τί

2132 3078 2202 3132 At
2231 3094 2382 3134 meus
2412 3087 2619 3145 nostra,
2643 3078 2841 3149 inquit,
2872 3078 3130 3133 damnata
3150 3087 3254 3134 est.
3288 3078 3429 3146 Quid
3455 3092 3638 3141 autem

369 3172 454 3226 δαὶ
485 3176 521 3244 η
558 3174 735 3244 eripi;
787 3175 849 3227 οὐ
902 3174 1271 3246 κατάκριτοςς
1329 3174 1400 3225 Ἦ
1444 3171 1538 3226 καὶ
1581 3172 1787 3243 ταύτην
1821 3172 1950 3225 ἀπο-

2065 3170 2226 3224 carO?
2277 3186 2461 3225 annon
2518 3170 2812 3225 damnata"
2864 3169 3047 3239 Quare
3105 3181 3201 3226 aut
3247 3173 3387 3228 hanc
3428 3190 3649 3246 quoque

372 3266 645 3320 σκεύασαι
673 3265 762 3318 διὰ
782 3266 881 3338 τὴν
909 3265 1203 3337 ἁμαρτίαν,
1238 3265 1272 3337 ἦ
1303 3265 1556 3318 κάκεῖνον
1582 3263 1826 3334 πρόσαγε
1848 3262 1961 3333 (66)

373 3355 455 3408 διὰ
487 3356 592 3427 τὴν
651 3357 947 3428 σωτηρίαν.
986 3357 1049 3410 Εἰ
1080 3357 1143 3411 τὸ
1190 3359 1374 3428 χεῖρον
1421 3354 1843 3427 προσείληπται,
1895 3353 1961 3405 ἵν’

375 3447 614 3519 ἁγιασξὶῇ
649 3448 741 3501 διὰ
770 3449 868 3519 τῆς
901 3448 1252 3520 σαρκώσεως,
1299 3447 1363 3500 τὸ
1398 3449 1647 3519 κρεῖττον
1678 3447 1741 3499 οὐ
1790 3462 1961 3516 προσ-

372 3540 739 3613 ληφθήσεται,
772 3542 839 3595 ἵν’
874 3540 1107 3613 ἁγιασθῇ
1138 3540 1229 3594 διὰ
1258 3540 1357 3611 τῆς
1384 3538 1883 3612 ἑνανθρωπήσεωςς
1914 3539 1963 3591 εἰ

375 3637 404 3688 6
431 3634 605 3703 πηλὸς
640 3633 898 3706 ἐζυμώθη
952 3635 1046 3688 καὶ
1074 3633 1193 3687 νέον
1234 3632 1464 3705 φύραμα
1506 3631 1751 3701 γέγονεν,
1794 3623 1839 3683 ὢ
1883 3645 1965 3682 σο-

376 3726 484 3795 φοὶ,
526 3728 562 3798 ἡ
599 3725 766 3779 εἰκὼν
808 3727 870 3780 οὐ
904 3724 1312 3797 ζυμωοήσεται,
1352 3725 1448 3779 καὶ
1481 3723 1619 3796 πρὸς
1661 3721 1794 3776 Θεὸν
1833 3722 1963 3775 ἁνα-

378 3816 715 3888 κραθήσεται
759 3817 893 3889 (67),
945 3815 1211 3871 Θεωθεῖσα
1243 3814 1335 3870 διὰ
1383 3815 1484 3886 τῆς
1526 3815 1808 3885 θεότητοςς
1846 3813 1962 3866 Κά-

379 3910 524 3960 κεῖνο
560 3907 621 3960 δὲ
657 3908 770 3977 (68)
806 3908 1217 3979 προσθήσομεν·
1250 3908 1299 3960 εί
1329 3906 1647 3961 διέπτυσται
1687 3905 1906 3967 πάντως
1934 3904 1964 3957 ὁ

378 3997 498 4063 νὀὗς
518 4000 610 4063 Ὶῦς
642 3999 1014 4071 ἁμαρτητικὸς
1040 3999 1136 4054 καὶ
1166 3998 1519 4070 κατάκριτος,
1556 3995 1650 4049 καὶ
1676 3995 1768 4050 διὰ
1804 3994 1964 4049 τοῦτο

382 4090 538 4162 σῶμα
597 4092 699 4160 μὲν
746 4088 1168 4163 προσείληπται,
1227 4090 1353 4155 νοῦς
1400 4089 1457 4144 δὲ
1512 4088 1960 4160 παραλέλειπται,

385 4180 681 4252 συγγνώμη
724 4186 837 4246 τοῖς
870 4182 1122 4236 πταίουσι
1161 4182 1289 4254 περὶ
1320 4181 1465 4236 νοῦν.
1515 4181 1807 4252 Μαρτυρία
1853 4180 1964 4252 γὰρ

383 4267 513 4323 Θεοῦ
560 4270 702 4323 κατὰ
746 4270 807 4324 σὲ
839 4270 950 4342 (69)
1001 4271 1188 4341 σαφῶς
1221 4271 1390 4337 ἔδειξε
1421 4271 1484 4324 τὸ
1524 4272 1622 4342 τῆς
1664 4270 1964 4338 Θεραπείας

380 4361 662 4416 ἀδύνατον.
695 4364 851 4417 Εἴπω
893 4363 954 4417 τὸ
1002 4363 1221 4435 μεῖζονο
1271 4364 1337 4417 σὺ
1383 4365 1482 4434 μὲν
1526 4362 1615 4415 διὰ
1648 4360 1810 4415 τοῦτο
1842 4361 1961 4415 ἀτι-

385 4444 597 4523 μάξεις,
663 4449 709 4509 ὧ
778 4455 1043 4525 βέλτιστε,
1107 4438 1201 4508 τὸν
1255 4454 1386 4526 ἐμὸν
1427 4454 1551 4509 νοῦν
1613 4453 1709 4525 (ὡς
1760 4469 1962 4523 σαρκο-

381 4544 601 4618 λᾶτρης,
622 4545 780 4618 εἴπερ
804 4546 1264 4618 ἁνθρωπολάτρης
1279 4545 1392 4615 ἐγώ
1428 4544 1562 4613 (70),
1578 4544 1666 4598 ἵνα
1688 4544 1955 4616 συνδήσῃς

448 4659 495 4689 ⁸⁸
529 4656 701 4713 Exod.
728 4674 828 4720 vn,
863 4658 916 4714 l.
991 4658 1036 4689 “
1092 4656 1211 4713 Jos.
1257 4674 1295 4725 ι,
1335 4656 1424 4711 15.
1523 4656 1571 4688 ⁸¹
1603 4653 1622 4708 l
1655 4654 1784 4709 Cor.
1829 4671 1884 4720 ν,
1921 4655 1973 4712 7.

2066 3268 2288 3331 propter
2335 3268 2618 3330 peccatum
2659 3260 2858 3330 abjice,
2913 3269 3008 3316 aut
3051 3262 3199 3316 illam
3235 3264 3399 3318 etiam
3426 3272 3649 3336 propter

2063 3353 2294 3407 salutem
2326 3353 2583 3422 adjnuge.
2617 3352 2674 3406 Si
2714 3350 2862 3421 quod
2896 3351 3140 3407 deterius
3170 3363 3276 3417 est,
3301 3364 3646 3425 assumptum

2063 3451 2170 3507 est,
2224 3450 2285 3497 ut
2338 3458 2437 3512 per
2498 3441 2936 3497 incarnationem
2988 3444 3404 3513 sanctiticetur;
3436 3462 3645 3512 annon,

2064 3534 2209 3603 quod
2236 3534 2591 3603 praestantius
2617 3544 2722 3598 est,
2756 3543 3092 3597 assumetur,
3123 3543 3180 3588 ut
3200 3551 3295 3606 per
3334 3536 3648 3592 humanita-

2065 3626 2136 3680 tis
2191 3626 2597 3694 snsceptionem
2655 3626 2948 3683 sanctitate
3013 3625 3326 3682 afﬁciatur?
3369 3628 3425 3683 Si
3471 3630 3645 3685 lutum

2065 3716 2449 3772 fermentatum
2494 3725 2659 3781 est,o
2697 3719 2976 3789 sapientes
3029 3718 3155 3783 viri,
3199 3735 3286 3776 ac‘
3318 3737 3457 3776 nova
3501 3721 3643 3778 con-

2064 3810 2278 3879 spersio
2304 3811 2516 3864 exstitit
2564 3812 2633 3877 ",
2689 3811 2869 3881 imago
2905 3811 3021 3881 ipsa
3061 3826 3166 3863 non
3201 3812 3642 3881 fermenlabitur,

2062 3910 2116 3956 et
2139 3917 2264 3956 cum
2289 3901 2401 3957 Deo
2431 3904 2846 3973 temperabitur,
2873 3891 2970 3972 per
2990 3901 3335 3959 divinitatem
3371 3906 3649 3963 deiﬁcata?

2063 3993 2207 4060 Quin
2236 3994 2343 4047 hoc
2394 4009 2613 4064 quoque
2651 3995 3020 4065 adjiciemus:
3055 3997 3100 4051 si
3135 4012 3312 4059 mens,
3361 4004 3423 4051 ut
3451 4012 3640 4067 pecca-

2064 4086 2171 4140 trix
2208 4092 2263 4140 et
2293 4084 2571 4150 damnata,
2621 4087 2846 4141 omnino
2895 4096 3080 4157 spreta
3108 4097 3161 4141 et
3196 4089 3399 4156 rejecta
3438 4083 3542 4153 est',
3573 4090 3646 4145 ob

2062 4191 2295 4247 eamque
2322 4190 2547 4231 causam
2599 4177 2805 4231 omissa
2840 4187 3024 4233 mente
3054 4193 3260 4248 corpus
3296 4188 3643 4249 assumptum

2061 4276 2168 4333 est,
2201 4267 2412 4338 ignosci
2477 4268 2666 4338 utique
2707 4282 2805 4338 par
2840 4276 2924 4323 est
2955 4270 3043 4333 iis,
3085 4269 3178 4339 qui
3224 4269 3371 4325 circa
3407 4280 3642 4326 mentem

2064 4369 2311 4429 peccant.
2362 4356 2453 4412 Dei
2513 4357 2660 4413 enim
2709 4359 3053 4423 testimonio,
3095 4360 3165 4415 de
3214 4370 3306 4415 tua
3345 4363 3641 4430 sententia,

2064 4459 2252 4521 aperte
2271 4452 2712 4507 demonstratum
2739 4461 2845 4518 est,
2873 4467 2993 4507 eam
3025 4455 3177 4509 nulla
3211 4455 3426 4510 ratione
3457 4455 3641 4511 curari

2064 4559 2247 4615 posse.
2303 4542 2559 4601 Dicamne
2605 4544 2753 4616 quod
2791 4545 2970 4616 majus
3005 4547 3119 4603 est?
3140 4545 3221 4603 Tu
3261 4547 3502 4620 quidem,
3546 4564 3643 4619 op-

452 4772 566 4840 (60)
605 4772 760 4827 Οὐδὲ
782 4773 893 4843 γὰρ
917 4773 1070 4843 αὐγή
1097 4792 1173 4827 τι.
1207 4772 1298 4828 Sic
1326 4771 1583 4828 emendat
1615 4770 1954 4843 _C9mbef,ln

2065 4777 2235 4843 totum
2257 4783 2392 4843 unus
2419 4775 2496 4843 est
2519 4783 2713 4843 rogus,_
2730 4783 2838 4820 una
2868 4767 3108 4843 ﬂamma.

383 4843 507 4897 edit.
536 4844 658 4896 οὐδὲ
689 4840 800 4915 γὰρ
828 4840 968 4914 αὐγή
992 4840 1080 4916 τις
1111 4845 1248 4916 πρὸς
1279 4844 1450 4916 ἥλιον,
1484 4841 1628 4916 quod
1658 4841 1812 4896 Bill.:
1848 4840 1959 4896 Ne-

384 4929 477 5052 ἵιιε
496 4917 635 4987 enim
666 4912 849 4967 radius
874 4912 1115 4985 quidam,
1141 4912 1186 4968 si
1219 4912 1337 4968 curn
1359 4914 1470 4968 sole
1496 4912 1822 4983 conferatur,
1846 4927 1959 4981 per-

407 4994 547 5037 actus
576 4993 676 5038 est.

2133 4839 2244 4909 (66)
2273 4837 2566 4909 desiror
2586 4836 2883 4906 πρόσαγε.
2914 4836 3160 4891 Cotnbef.
3196 4836 3450 4890 κάκεῖνον
3475 4852 3642 4904 προσ-

2060 4906 2256 4979 άγαγε,
2294 4906 2406 4979 Fac
2432 4908 2764 4979 adjnnazeris.

2130 4974 2248 5049 (6'7)
2291 4974 2804 5049 ‘Araxpadria'etat.
2845 4974 3242 5049 temperabitur,
3288 4990 3410 5049 qua:
3456 4976 3639 5049 versio

449 5053 720 5120 (6|)"Ira
763 5053 836 5107 τὰ
884 5054 1069 5124 μικρὰ
1109 5053 1552 5123 προανέλωμεν.
1594 5053 1757 5108 Bill.:
1806 5051 1955 5124 Libet

2065 5044 2269 5124 Graecis
2303 5044 2630 5124 respondet;
2662 5046 2755 5124 sed
2786 5060 2912 5124 cum
2939 5044 3160 5124 [fati-um
3201 5045 3423 5124 vocibus
3478 5044 3634 5099 abusi

384 5124 518 5175 enim
546 5140 711 5190 parva
740 5122 894 5191 prius
918 5141 1145 5185 attulere,
1198 5125 1452 5178 nimirum
1490 5124 1679 5178 domus
1710 5122 1956 5192 splendo-

2059 5117 2265 5173 fuerint
2302 5112 2562 5178 lmretici,
2613 5114 2798 5168 mallet
2825 5112 3073 5167 Combef.
3104 5112 3516 5177 consociabitur,
3543 5131 3635 5168 co-

387 5208 511 5254 rem,
533 5187 582 5246 et
608 5187 794 5256 solent,
833 5204 989 5250 terra
1020 5205 1196 5249 autem
1235 5194 1503 5249 humorem
1535 5204 1585 5248 et
1610 5187 1865 5263 pluviam,
1897 5201 1955 5246 ut
2057 5187 2353 5263 ριιίιιίζὶηιζε

387 5264 470 5334 sic,
486 5263 693 5330 majora
720 5274 770 5318 et
803 5266 1118 5334 perfectiora
1148 5266 1468 5334 concipiant.

453 5333 561 5403 (62)
591 5335 863 5405 Norant...
886 5332 1387 5405 περιλάμπουσιν.
1408 5333 1646 5388 Montac.
1678 5342 1732 5388 et
1763 5332 1951 5387 Morel.

387 5405 533 5474 νυκτὶ
565 5420 633 5458 πε
642 5403 917 5474 ριλάμπου
926 5423 1027 5459 σιν.

455 5472 560 5543 (65)
591 5470 834 5543 Μεγάλῃ
863 5473 1143 5544 πυρκατᾷ.
1162 5482 1268 5529 etc.
1304 5474 1422 5528 Bill.
1452 5490 1467 5527 :
1501 5471 1696 5541 Magno
1720 5470 1957 5526 incendio

386 5542 632 5609 adjuncta
662 5560 755 5598 nec
771 5542 1125 5613 exstinguitur
1144 5561 1235 5598 nec
1261 5553 1498 5612 apparet.

455 5614 741 5696 (tileDte
761 5610 1074 5696 χωρίζεται.
1100 5615 1256 5670 Colb.
1278 5610 1336 5669 5‘
1364 5611 1712 5683 γνωρίζεται,
1754 5627 1846 5665 nec
1870 5610 1956 5664 di-

386 5692 672 5751 gammitur.
896 5719 922 5743 .
958 5692 975 5703 “’

453 5754 563 5824 (65)
599 5753 782 5824 Ὄλοτ
812 5755 941 5809 ἐστὶ
975 5753 1254 5824 πυρκαϊὰ.
1285 5753 1405 5807 Bill.
1432 5771 1445 5806 :
1469 5752 1659 5824 Totam
1703 5750 1851 5805 istud
1873 5760 1950 5824 est

389 5822 697 5880 incendium.
756 5822 911 5890 Legit
947 5821 1191 5882 Combef.
1242 5824 1363 5880 ὅλον
1392 5823 1512 5877 ἐστὶ
1546 5822 1645 5893 μία
1683 5821 1946 5892 πυρκαῖά,

2134 5256 2246 5328 (68)
2280 5251 2692 5328 _de§i'ro__6§.
2751 5251 2830 5307 lta
2883 5252 3041 5309 Coll).
3072 5252 3126 5320 5,
3183 5267 3238 5316 a,
3278 5252 3513 5308 Montac.
3570 5268 3636 5310 ac

2063 5321 2251 5384 Morel.
2280 5326 2338 5379 In
2372 5322 2506 5379 edit.
2534 5321 2591 5375 δέ
2626 5322 2801 5379 deest.

2134 5396 2246 5467 (69)
2276 5394 2584 5467 Μαρερρίᾳ
2610 5392 2719 5462 γὰρ
2742 5391 2891 5467 θεοῦ
2910 5389 3072 5467 ,κατὰ
3111 5390 3206 5447 σέ.
3246 5388 3304 5444 In
3334 5390 3457 5445 cod.
3497 5389 3632 5465 Reg.

2064 5468 2124 5533 Β,
2142 5461 2212 5520 ὀι
2231 5461 2381 5535 apud
2411 5461 2599 5518 Merel.
2620 5461 2768 5535 κατὰ
2796 5465 2858 5535 σε
2892 5462 3112 5535 desunt.

2134 5537 2255 5609 (79)
2275 5529 2817 5609 ”ᾼῂᾷρωπο,2άτρης
2833 5530 2966 5609 ἑγῴ.
2987 5529 3057 5609 ψ
3085 5529 3385 5609 idololatrze
3416 5547 3546 5586 voca
3556 5550 3624 5609 ιι)

2063 5602 2172 5670 tur,
2209 5602 2286 5659 ait
2320 5602 2438 5658 Bill.
2461 5642 2477 5664 ,
2507 5604 2599 5674 qui
2646 5602 2959 5674 simulacris
2991 5602 3205 5674 divinos
3251 5602 3485 5657 honores
3531 5604 3633 5656 tri-

2062 5678 2256 5740 linunt,
2291 5674 2364 5728 ita
2397 5671 2805 5743 Apollinarium
2832 5671 3166 5743 orlltrodoxos
3189 5676 3630 5743 anttiriqmlatras

2058 5746 2422 5818 appellabant.
2448 5740 2596 5818 quod
2623 5752 2797 5818 totum
2821 5742 3091 5818 hominem
3118 5758 3147 5794 ιι
3179 5740 3399 5818 Qhrism
3415 5756 3633 5818 assum-

2059 5809 2210 5887 ptum
2238 5815 2404 5871 fuisse
2416 5809 2723 5879 crederent,
2750 5812 3106 5884 sicqueillum
3129 5811 3393 5867 colerent.
3419 5809 3619 5867 Eodem
