4182 6408
527 343 630 396 187

1778 339 1836 398 S.
1882 338 2208 398 (ΗΠ-2001111
2248 340 2592 399 τιιεοιοοι

3679 340 3787 401 183

526 457 657 509 ιὶιιιρ
689 454 771 509 vir
811 455 1090 524 (tanquam
1116 455 1436 522 sarcolatra,
1457 452 1723 524 siquidem
1752 469 1852 524 ego
1881 454 2100 508 antbro-

2207 454 2340 508 Θεὸν
2367 454 2502 528 πρὸς
2531 455 2730 527 σάρκα,
2758 454 2832 518 ὡς
2862 453 2966 508 οῦκ
3012 453 3185 519 άλλως
3211 453 3430 526 δεθῆναι
3463 455 3786 526 δυνάμενον,

523 546 742 616 polatra
768 549 936 614 sum),
967 545 1174 601 idcirco
1206 556 1438 601 mentem
1474 560 1648 600 meam
1684 545 2012 608 contemnis.
2049 553 2109 600 ut

529 638 699 692 1).:qu
727 653 850 692 cum
885 653 1053 692 carne
1074 637 1354 693 devincias
1383 637 1494 707 9o
1517 636 1742 708 perinde
1763 645 1928 707 atque
1951 637 2110 692 aliter

526 729 756 796 astringi
806 738 1062 800 nequeat,
1106 731 1177 784 ob
1203 729 1365 800 idque
1412 728 1796 783 intermedium
1844 729 2108 798 parietem

526 819 678 873 tollis
693 819 762 874 ⁸³.
776 819 894 873 Mea
914 825 1092 873 autem
1112 805 1396 882 ratio,hoc
1408 825 1513 882 est,
1534 817 1769 874 hominis
1785 817 2008 872 minime
2028 832 2110 872 sa-

529 909 728 976 pientis
757 915 812 962 et
827 907 1050 971 eruditi,
1089 923 1336 977 quaenam
1368 908 1490 962 est?
1512 906 1663 963 Mens
1679 909 1866 972 menti,
1889 915 1949 962 ut
1977 923 2106 979 pro-

530 995 805 1065 pinquiori
822 1002 877 1050 et
897 995 1283 1064 conjunctiori.
1302 995 1573 1066 jungitur,
1588 1011 1651 1049 ac
1679 1011 1908 1065 peream
1927 997 2103 1058 carni,

527 1084 673 1138 inter
694 1083 1031 1138 divinitatem
1062 1093 1117 1137 et
1144 1083 1328 1138 carnis
1360 1084 1555 1137 molem
1581 1123 1596 1146 ,
1630 1084 2104 1140 intervenientem.

601 1175 776 1230 Porro
803 1184 1006 1235 autem.
1038 1189 1201 1245 quam
1241 1175 1596 1232 humanitatis
1639 1185 1959 1247 assumpta,
1996 1177 2103 1243 vel,

528 1275 592 1320 ut
621 1267 723 1337 ipsi
755 1267 1074 1336 loquuntur,
1111 1267 1530 1326 incarnationis.
1586 1283 1808 1324 causam
1853 1269 2106 1338 aderant,

531 1357 837 1412 rideamus.
871 1355 1153 1426 Siquidem
1185 1365 1245 1410 ut
1275 1356 1419 1412 Deus
1441 1358 1645 1428 alioqui
1679 1359 2098 1431 incomprehen-

529 1447 740 1511 sibilis,
769 1447 1283 1518 comprehendatur,
1326 1463 1390 1503 ae
1429 1451 1534 1503 sub
1567 1465 1754 1512 carne,
1786 1452 1943 1521 quasi
1984 1453 2105 1508 velo

525 1537 790 1607 quodam,
829 1552 953 1591 eum
993 1537 1306 1593 hominibus
1346 1546 1612 1600 versetur,
1644 1539 1777 1594 scita
1819 1555 1952 1595 sane
1978 1540 2094 1595 haec

531 1629 669 1698 ipsis
698 1630 845 1682 larva
868 1637 976 1693 est,
1006 1637 1061 1684 et
1089 1629 1396 1700 hypocrisis
1423 1629 1604 1683 fabula
1625 1649 1638 1684 :
1661 1637 1718 1683 ut
1747 1630 1963 1685 interim
1993 1647 2100 1685 non

526 1721 708 1774 dicam
739 1721 847 1775 alio
876 1737 1092 1792 quoque
1120 1719 1280 1774 modo
1303 1720 1418 1774 lieri
1443 1721 1711 1790 potuisse,
1733 1730 1790 1775 ut
1815 1723 2098 1778 nobiscum

2208 545 2302 598 καὶ
2349 545 2437 600 διά
2480 546 2637 600 τοῦτο
2681 544 2921 616 ἐξαιρεῖς
2968 545 3028 598 τὸ
3076 545 3406 616 μεσότοιχον.
3459 548 3517 599 '0
3550 547 3605 600 δὲ
3649 549 3787 616 ἐμὸς

2205 634 2362 702 λόγος
2403 635 2506 698 τίς,
2541 635 2633 687 τοῦ
2665 633 2998 703 άφιλοαόφου
3030 634 3126 686 καὶ
3166 633 3532 700 ἀπαιδεύτους
3571 638 3600 688 ὁ
3654 636 3784 699 νοῦς

2204 726 2284 797 τῷ
2311 727 2390 780 νοτ
2417 727 2690 797 μίγνυται,
2735 726 2810 790 ὡς
2861 727 3144 798 ἐγγυτέρῳ
3188 728 3281 780 καὶ
3316 728 3646 798 οίκειοτὲρῳ.
3685 729 3784 780 acai

2204 819 2293 873 διά
2326 819 2516 873 τούτου
2547 820 2708 892 σαρκὶ
2746 819 3123 890 μεσιτεύοντος
3157 819 3268 892 (71)
3303 820 3516 874 θεότιπτι
3549 820 3642 874 acai
3676 838 3784 875 πα-

2206 925 2415 980 χυτητι.

2275 1172 2372 1236 Τίς
2412 1171 2468 1225 δὲ
2511 1171 2607 1226 καὶ
2647 1173 2676 1226 ὀ
2719 1171 2879 1242 λόγος
2923 1169 3108 1234 αὐτοῖς
3151 1171 3251 1239 τῆς
3295 1170 3779 1242 ὲνανθρωπήσεως,

2205 1263 2424 1334 ἴδωμεν,
2461 1264 2635 1317 είτουν
2676 1262 3028 1334 σαρκώσεως,
3205 1261 3357 1314 αὐτοὶ
3401 1261 3670 1329 λέγουσιν.
3709 1263 3779 1317 El

2205 1353 2307 1426 μὲν
2350 1353 2436 1406 ἵνα
2465 1353 2685 1424 χωρηθῇ
2713 1352 2867 1416 Θεὸς,
2910 1350 3086 1414 άλλως
3116 1348 3400 1422 άχώρητος
3428 1350 3524 1415 ὢν,
3557 1352 3654 1406 acai
3697 1353 3778 1417 ὡς

2205 1444 2310 1498 ὑπὸ
2340 1446 2798 1516 παραπετάσματι
2827 1445 2893 1513 τῇ
2926 1443 3090 1514 σαρκὶ
3120 1446 3230 1506 τοῖς
3276 1443 3582 1514 ἀνθρώποις
3610 1461 3778 1516 προσ-

2203 1537 2456 1608 ομιλήσῃ,
2509 1535 2718 1606 κομψὸν
2774 1535 2836 1590 τὸ
2886 1537 3228 1606 προσωπεῖον
3288 1535 3498 1600 αὐτοῖς,
3563 1538 3658 1590 καὶ
3711 1537 3777 1590 τδ

2201 1628 2384 1698 δράμα
2406 1628 2504 1698 τῆς
2534 1627 2874 1698 ὑποκρίσεως
2897 1645 2912 1660 ο
2947 1629 3034 1682 ἵνα
3071 1628 3145 1698 μὴ
3185 1626 3329 1696 λέγω
3360 1626 3440 1680 ὅτι
3482 1629 3576 1681 acai
3602 1629 3779 1694 ἄλλως

2202 1721 2461 1791 ὁμιλῆσαι
2505 1722 2638 1791 ἡμῖν
2685 1715 2796 1773 οἷον
2833 1738 2890 1773 τε
2925 1715 3015 1792 ἦν,
3065 1720 3254 1792 ὥσπερ
3305 1723 3364 1773 ὲν
3415 1719 3561 1791 βάτῳ
3604 1721 3778 1792 πυρὸς

529 1822 882 1878 versaretur,
932 1812 1387 1882 quemadmodum
1431 1813 1584 1882 prius
1611 1813 1665 1866 in
1699 1813 1840 1882 ignis
1875 1815 2014 1868 rubo
2034 1815 2100 1878 ⁸⁵,

2206 1811 2297 1866 καὶ
2333 1811 2658 1882 ἀνθρωπίνῳ
2709 1810 2836 1864 εῖδει
2885 1811 2998 1881 (72)
3033 1812 3094 1864 τὸ
3139 1811 3422 1883 πρότερον.
3480 1813 3542 1865 Εἰ
3586 1811 3642 1866 δὲ
3687 1813 3777 1866 ἵνα

526 1911 586 1957 et
609 1904 782 1958 forma
815 1905 1052 1958 humana
1074 1905 1139 1957 ιε.
1172 1903 1229 1956 Si
1263 1911 1442 1957 autem
1503 1912 1563 1958 ut
1606 1905 1772 1959 simili
1801 1921 1898 1976 per
1925 1907 2104 1963 simile

529 1993 872 2048 sanctificato
905 1993 1111 2064 peccati
1164 1990 1567 2048 damnationem
1606 1994 1802 2059 solvat,
1840 1996 2092 2065 profecto

527 2083 984 2154 quemadmodum
1042 2100 1210 2139 carne
1247 2091 1470 2154 pr0pter
1501 2099 1722 2139 carnem
1765 2086 2101 2150 damnatam,

526 2187 583 2230 et
628 2175 810 2229 anima
862 2183 1083 2246 propter
1143 2175 1379 2229 animam
1409 2189 1549 2245 opus
1576 2175 1787 2239 habuit,
1823 2177 1896 2230 ita
1938 2178 2103 2232 etiam

527 2276 712 2322 mente
735 2275 954 2337 propter
977 2276 1236 2333 mentem,
1280 2275 1468 2338 utpote
1497 2282 1618 2338 quae
1649 2266 1704 2320 in
1755 2265 1965 2320 Adamn
1991 2283 2102 2323 non

526 2357 708 2410 solum
781 2359 1123 2427 peccaverit,
1184 2357 1281 2413 sed
1333 2366 1386 2412 et
1431 2358 1606 2428 prima
1669 2356 1860 2412 aﬂecta
1917 2358 2101 2423 fuerit,

529 2447 991 2516 quemadmodum
1020 2449 1217 2502 medici
1250 2448 1306 2502 in
1334 2449 1544 2503 morbis
1588 2449 1910 2517 loquuntur.
1947 2447 2102 2513 Quod

527 2539 677 2592 enim
713 2541 1026 2592 mandatum
1068 2540 1298 2608 accepit,
1328 2538 1434 2593 hoc
1473 2538 1729 2592 mandato
1765 2554 1982 2608 quoque
2005 2540 2106 2594 mi-

527 2627 678 2682 nime
734 2627 914 2697 paruit
965 2628 1163 2698 :quod
1213 2636 1394 2683 autem
1457 2627 1680 2682 minime
1738 2630 1950 2697 paruit,
1997 2629 2100 2684 hoc

527 2715 694 2770 etiam
726 2732 790 2771 eo
818 2716 1060 2772 audacia:
1081 2732 1430 2788 progressum
1465 2726 1572 2780 est,
1601 2725 1658 2770 ut
1690 2717 1823 2771 illud
1850 2718 2097 2786 violaret;

525 2806 674 2876 quod
730 2815 909 2862 autem
943 2808 1182 2872 violavit,
1215 2808 1317 2862 hoc
1346 2808 1400 2863 in
1438 2807 1629 2878 primis
1669 2823 1887 2878 quoque
1925 2811 2099 2865 salute

2198 1902 2334 1976 λύσῃ
2383 1902 2444 1956 τὸ
2499 1902 2818 1972 κατάκριμα
2861 1905 2961 1974 τῆς
3016 1902 3290 1974 ἁμαρτίας
3350 1901 3429 1973 τῷ
3487 1902 3655 1973 ὁμοίῳ
3714 1903 3777 1956 τὸ

2197 1993 2380 2062 ὅμοιον
2413 1994 2670 2062 ἁγιάσας,
2695 1991 2884 2064 ὥσπερ
2909 1993 3112 2066 σαρκὸς
3142 1993 3327 2064 ἐδέησε
3353 1993 3440 2046 διὰ
3467 1993 3564 2064 τὴν
3600 1993 3779 2065 σάρκα

2198 2083 2641 2156 κατακριθεῖσαν,
2678 2083 2771 2137 acai
2809 2083 2989 2155 ψυχῆς
3017 2084 3103 2138 διὰ
3146 2083 3244 2156 τὴν
3273 2084 3470 2156 ψυχὴν,
3515 2084 3656 2138 οὕτω
3683 2085 3778 2138 καὶ

2197 2175 2288 2230 νοῦ
2316 2175 2405 2230 διὰ
2433 2175 2523 2228 τὸν
2563 2173 2706 2237 νοῦν,
2737 2175 2798 2228 οῦ
2849 2175 3150 2228 πταίσαντα
3188 2176 3346 2247 μόνον
3375 2177 3434 2228 ὲν
3457 2175 3536 2246 τῷ
3576 2176 3771 2246 Ἀδάμ,

2199 2269 2336 2323 ἀλλὰ
2358 2269 2454 2322 καὶ
2476 2267 3001 2338 πρωτοπαθήσαντα,
3025 2267 3213 2340 ὥσπερ
3234 2270 3283 2322 οί
3315 2267 3488 2339 ἰατροὶ
3532 2267 3778 2335 λέγουσιν

2201 2360 2292 2413 ἐπὶ⁵
2321 2360 2431 2412 τῶν
2454 2360 2923 2431 ἀρρωστημάτων.
2955 2361 3019 2412 Ὅ
3045 2360 3153 2430 γὰρ
3176 2359 3274 2431 τὴν
3299 2360 3517 2432 ἐντολὴν
3542 2359 3773 2424 ἐδέξατο,

2199 2449 2352 2503 τοῦτο
2393 2449 2488 2502 καὶ
2523 2448 2622 2520 τὴν
2666 2449 2882 2521 ἐντολὴν
2913 2450 3013 2503 οῦκ
3059 2450 3342 2519 ἐφύλαξεν·
3373 2451 3402 2503 ὃ
3437 2451 3493 2503 δὲ
3517 2451 3616 2503 οὐκ
3646 2449 3777 2519 ἐφύ-

2200 2540 2362 2605 λαξε,
2407 2539 2565 2593 τοῦτο
2611 2539 2704 2594 καὶ
2755 2540 2854 2612 τὴν
2908 2542 3222 2612 παράϐασιν
3276 2541 3605 2612 ἐτόλμησενο
3649 2540 3678 2593 ὅ
3720 2539 3776 2594 δὲ

2203 2632 2438 2704 παρέϐη,
2481 2632 2639 2685 τοῦτο
2687 2634 2779 2686 καὶ
2827 2633 3100 2704 σωτηρίας
3153 2633 3318 2686 ἐδεῖτο
3369 2633 3635 2704 μάλιστα;
3663 2631 3690 2684 δ
3721 2631 3780 2686 δὲ

2202 2723 2303 2793 τῆς
2350 2723 2620 2796 σωτηρίας
2653 2723 2842 2789 ἐδεῖτο,
2871 2723 3028 2778 τοῦτο
3054 2725 3149 2778 καὶ
3176 2723 3521 2796 προσελήφθη
3542 2739 3556 2752 ·
3590 2725 3634 2778 b.‘
3655 2721 3781 2788 νοῦς

2204 2812 2311 2884 ἄρα
2341 2813 2757 2885 προσείληπται.

529 2899 838 2970 indigebat;
861 2900 1003 2969 quod
1033 2909 1212 2954 autem
1238 2901 1413 2954 salute
1441 2898 1733 2968 indigebat,
1762 2898 1864 2952 hoc
1897 2901 2057 2953 etiam
2088 2913 2429 2974 asStttnptum
2446 2913 2526 2959 est
2551 2923 2566 2971 ;
2601 2905 2675 2958 ita
2701 2903 2778 2965 ﬁt.
2803 2912 2864 2958 ut
2894 2919 3049 2959 mens
3075 2912 3352 2974 assumpta
3375 2905 3462 2960 sit.

603 2990 717 3045 Hoc
773 3005 950 3054 nutic,
996 2991 1161 3044 velint
1230 2991 1441 3053 nolint,
1486 2987 1919 3044 demonstratum
1979 2998 2098 3055 est,

2274 2993 2444 3048 Τοῦτο
2479 2995 2574 3049 νῦν
2603 2996 2994 3059 ἀποδέδεικται,
3023 2996 3128 3050 κᾶν
3161 2995 3235 3068 μὴ
3265 2995 3583 3066 βούλωνται,
3632 3013 3778 3066 γεω-

529 3081 893 3151 geometricis,
939 3087 998 3134 ut
1042 3080 1144 3150 ipsi
1193 3080 1366 3141 aiunt.
1407 3096 1472 3134 ac
1518 3083 1850 3138 necessariis
1881 3083 2110 3136 demon-

530 3169 912 3224 strationibus.
973 3167 1053 3222 Tu
1112 3184 1240 3223 vero
1276 3169 1500 3239 prinde
1549 3169 1721 3235 facis,
1763 3186 1827 3224 ac
1875 3171 1942 3232 si,
1981 3171 2109 3226 Iaaso

530 3260 774 3314 hominis
797 3260 983 3326 oculo,
1013 3276 1076 3314 ac
1117 3259 1253 3330 pede
1284 3261 1513 3331 insuper
1551 3260 1781 3325 offenso,
1840 3261 1960 3332 pedi
1981 3261 2110 3332 qui-

529 3353 654 3406 dem
689 3351 1013 3406 medicinam
1055 3351 1366 3414 adhiberes,
1413 3353 1633 3406 oculum
1669 3362 1848 3406 autem
1895 3354 2110 3408 incura-

531 3451 648 3496 tum
703 3443 1038 3513 relinqueres
1071 3453 1224 3508 aaut,
1257 3459 1382 3497 eum
1431 3445 1607 3514 pictor
1668 3445 1873 3514 aliquid
1930 3445 2110 3500 minus

537 3542 685 3589 recte
738 3535 1026 3604 pinxisset,
1087 3537 1357 3606 picturam
1401 3535 1621 3606 quidem
1660 3537 1997 3600 inuuutares,
2025 3537 2109 3608 pi-

533 3635 739 3679 ctoretn
793 3633 997 3688 autem,
1060 3627 1211 3680 velut
1253 3643 1479 3682 munere
1517 3643 1618 3681 suo
1646 3637 1793 3682 recte
1839 3629 2105 3692 functum,

537 3717 870 3787 pra-terircs.
935 3717 1091 3784 Quod
1150 3719 1222 3784 si,
1283 3720 1368 3775 his
1419 3719 1725 3776 rationibus
1760 3719 2018 3790 prohibiti
2043 3735 2109 3774 eo

532 3808 883 3878 confugiunt,
919 3817 977 3863 ut
1018 3808 1210 3874 Deum,
1235 3822 1440 3866 remota
1469 3812 1634 3867 etiam
1668 3819 1869 3875 mente,
1905 3812 2107 3866 homini

535 3901 770 3955 salutem
814 3901 1009 3958 afferre
1038 3918 1199 3972 posse
1226 3903 1434 3968 dicant,
1477 3905 1664 3975 utique
1705 3905 1886 3973 potuit
1916 3903 2106 3967 etiam,

537 3999 750 4046 remota
779 4007 948 4047 carne
985 4008 1080 4064 per
1124 3994 1297 4049 solam
1346 3995 1705 4057 voluntatem,
1751 3993 2107 4064 quemadmo-

535 4083 664 4138 dum
695 4085 798 4138 alia
831 4101 1048 4156 quoque
1076 4087 1262 4142 omnia
1284 4088 1421 4142 citra
1455 4087 1704 4156 corporis
1728 4100 1946 4156 operam
1979 4099 2109 4153 ope-

535 4183 689 4229 ΐιιιιιδ
741 4183 844 4239 εει,
886 4185 942 4230 et
972 4189 1246 4248 operatur.
1274 4175 1454 4243 Quare
1489 4193 1612 4232 cum
1661 4184 1840 4231 mente
1883 4189 2103 4230 carnem

536 4283 756 4337 quoque
791 4269 940 4332 tolle,
965 4279 1020 4322 ut
1045 4270 1203 4340 plena
1228 4279 1282 4325 et
1315 4270 1553 4340 perfecta
1575 4269 1673 4324 tibi
1699 4269 1784 4328 sit.
1804 4269 2105 4326 temeritas.

2213 3089 2518 3156 μετρικαίς,
2570 3087 2646 3151 ὥς
2688 3105 2852 3157 φασιν
2907 3088 3080 3149 αὐτοὶ.
3128 3089 3221 3141 καὶ
3272 3088 3602 3155 ἀναγκαίαις
3641 3099 3780 3142 απο-

2206 3174 2426 3242 δείξεσι.
2489 3177 2560 3231 Σὺ
2611 3177 2667 3231 δὲ
2709 3180 2883 3240 ποιεῖς
2924 3176 3327 3249 παραπλήσιον,
3378 3177 3564 3249 ὥσπερ
3609 3177 3676 3232 ἂν
3731 3180 3781 3232 εί

2207 3267 2484 3339 ὀφθαλμοῦ
2528 3267 2812 3340 ἀνθρώπου
2866 3269 3195 3332 πταίσαντος
3254 3269 3349 3322 acai
3401 3269 3563 3332 ποδὸς
3617 3285 3784 3338 προσ-

2209 3359 2553 3422 πταίσαντος,
2578 3359 2670 3411 τὸν
2701 3358 2837 3412 πόδα
2864 3358 2962 3429 μὲν
2989 3359 3342 3430 ἐθεράπευες,
3375 3357 3468 3411 τὸν
3495 3358 3552 3411 δὲ
3585 3357 3783 3428 ὀφθαλ-

2212 3453 2312 3524 μὸν
2366 3451 2740 3524 ἀθεράπευτον
2790 3452 2939 3514 είαςο
2975 3450 3008 3520 ἢ
3040 3447 3332 3521 ζωγράφου
3379 3467 3432 3502 τι
3484 3449 3558 3520 μὴ
3603 3447 3783 3512 καλῶς

2209 3543 2538 3614 γράψαντος,
2567 3541 2628 3595 τὸ
2662 3541 2760 3610 μὲν
2787 3541 2996 3611 γραφὲν
3026 3539 3350 3610 μετεποίεις,
3377 3539 3467 3592 τὸν
3489 3539 3543 3592 δὲ
3572 3538 3784 3609 ζωγρά-

2211 3651 2309 3703 φον
2338 3634 2413 3696 ὡς
2456 3630 2822 3704 κατορθοῦντα
2871 3631 3224 3701 παρέτρεχες.
3269 3631 3331 3683 Εἰ
3365 3630 3420 3683 δὲ
3452 3630 3556 3684 ὑπὸ
3584 3631 3785 3683 τούτων

2210 3722 2576 3793 ἐξειργόμενοι
2618 3719 2724 3773 τῶν
2769 3719 3074 3789 λογισμῶν,
3123 3719 3556 3788 καταφεύγουσιν
3604 3721 3695 3772 ἐπὶ
3725 3718 3786 3771 τδ

2207 3813 2432 3868 δυνατὸν
2461 3807 2601 3866 εἶναι
2625 3810 2764 3881 Θεῷ,
2795 3809 2888 3864 acai
2919 3810 3086 3880 χωρὶς
3115 3808 3228 3873 νοῦ,
3261 3809 3430 3862 σῶσαι
3461 3810 3552 3862 τὸν
3576 3810 3785 3881 ἄνθρω-

2210 3923 2330 3968 πον,
2380 3903 2599 3957 δυνατὸν
2652 3903 2718 3974 δή
2763 3919 2865 3956 που
2913 3902 3007 3954 καὶ
3052 3902 3220 3971 χωρὶς
3273 3900 3492 3970 σαρκὸς,
3543 3900 3688 3969 μάγῳ
3709 3900 3787 3970 τῷ

2210 3995 2526 4066 βούλεσθαι,
2558 3994 2745 4066 ὥσπερ
2776 3995 2870 4050 acai
2917 3993 2986 4047 τά
3022 3993 3156 4047 ἄλλα
3189 3993 3363 4046 πάντα
3395 3993 3607 4062 ὲνεργεῖ
3629 4033 3640 4048 ,
3691 3991 3786 4043 acai

2209 4087 2512 4158 ἐνήργηκεν
2557 4086 2883 4156 άσωμάτως.
2916 4084 3105 4138 Ἀνελε
3142 4079 3235 4136 οὖν
3285 4080 3422 4153 μετὰ
3451 4079 3546 4132 τοῦ
3574 4078 3667 4132 νοῦ
3693 4080 3782 4132 καὶ

2208 4175 2304 4247 τὴν
2339 4174 2536 4247 σάρκα,
2575 4169 2701 4248 ἵν’ᾖ
2737 4190 2820 4227 σοι
2848 4173 3050 4228 τέλειον
3094 4172 3157 4225 τὺ
3193 4170 3292 4242 τῆς
3325 4169 3598 4232 ἀπονοίας.
3649 4167 3784 4220 Ἀλλ’

2213 4267 2528 4322 άπατῶνται
2580 4266 2685 4320 ὑπὸ
2726 4265 2820 4319 τοῦ
2866 4266 3225 4337 γράμματος,
3270 4261 3364 4315 καὶ
3397 4259 3484 4314 διὰ
3525 4259 3680 4312 τοῦτο
3717 4259 3784 4328 τῇ

535 4355 646 4413 Sed
676 4359 885 4414 scilicet
913 4375 942 4414 a
985 4361 1162 4416 littera
1199 4361 1569 4433 decipiuntur,
1604 4370 2002 4434 proptereaque
2032 4362 2098 4418 ad

2206 4358 2368 4432 capaci
2431 4357 2862 4431 προστρέχουσι,
2916 4356 3013 4427 τὴν
3075 4353 3364 4426 συνήθειαν
3410 4352 3510 4422 τῆς
3567 4347 3786 4421 Γραφῆς

635 4580 683 4613 ⁸³
721 4578 918 4650 Ephes.
946 4596 1006 4648 ιι,
1044 4581 1122 4636 14.
1195 4581 1242 4613 ³⁸
1270 4580 1436 4636 Exod.
1471 4596 1550 4643 ut,
1582 4582 1636 4634 Ξ.
1712 4582 1758 4614 ⁸³
1791 4581 1926 4636 Gen.
1956 4597 2111 4647 svnt,
2154 4583 2178 4637 l
2217 4598 2338 4653 sqq.

539 4777 729 4848 itaque
776 4778 938 4832 modo
985 4777 1282 4847 Gregorius
1329 4776 1647 4846 Apollinarii
1703 4791 1965 4847 sequaces
1995 4793 2115 4832 sar-

540 4851 783 4904 colatras
832 4857 1013 4911 vocat,
1058 4848 1202 4917 quod
1259 4863 1479 4901 carnem
1508 4848 1680 4901 solam
1708 4849 1776 4899 ab
1805 4862 1872 4901 eo
1899 4862 2116 4901 assum-

544 4931 691 4989 ptam
718 4920 886 4974 fuisse
919 4919 1331 4972 contenderent.
1368 4918 1637 4985 Superius
1681 4918 1824 4971 enim
1869 4917 2120 4986 probavit

537 5004 637 5059 eos
681 4991 775 5059 qui
814 4998 1045 5044 tuentem
1081 4989 1298 5048 tollunt.
1340 4989 1575 5059 animato
1621 5001 1839 5055 quoilue
1890 5001 2121 5059 prorsus

543 5057 752 5122 tollere,
782 5066 968 5126 utpote
995 5060 1047 5112 in
1074 5075 1178 5128 qna
1209 5059 1338 5128 nihil
1374 5058 1445 5110 sit
1479 5065 1668 5128 mente
1703 5057 2078 5128 praestantius.

622 5129 734 5195 (7i)
772 5125 1222 5196 Μέσιτεύοινίτος.
1261 5126 1494 5180 Montac.
1529 5134 1584 5180 et
1624 5125 1810 5180 Morel.
1843 5126 1914 5188 ὡς
1953 5142 2112 5196 μεσι-

540 5200 810 5261 τεύοντος.
872 5195 1043 5252 Vertit
1093 5197 1336 5251 (Lo'nbel'.
1377 5215 1390 5250 :
1432 5197 1563 5262 Qua:
1604 5197 1777 5249 media
1822 5195 2113 5250 intercedat

543 5272 682 5323 inter
700 5269 945 5322 deitatem
972 5277 1018 5318 et
1043 5267 1219 5318 carnis
1255 5265 1463 5320 molem.

615 5339 728 5406 (Η)
775 5339 876 5390 Ἐν
933 5335 1280 5403 ἀνθρωπίνῳ
1335 5335 1501 5406 εῖδει.
1555 5333 1626 5406 In
1666 5335 1895 5406 humana
1919 5336 2114 5406 specie,

546 5403 799 5461 videlicet
821 5409 949 5459 dtttn
980 5406 1062 5459 sui
1099 5404 1442 5472 praesentiant
1492 5405 1820 5472 patriarchis
1846 5403 2114 5457 exhibuit.

544 5478 824 5529 Christum
847 5476 914 5528 ab
931 5476 1087 5528 initio
1110 5477 1251 5527 inter
1272 5473 1520 5526 homines
1552 5474 1721 5527 l'uisse
1738 5481 2120 5527 conversatum

545 5546 933 5600 existitnarunt
975 5543 1191 5597 Patrum
1236 5544 1504 5598 nonnulli.
1539 5541 1865 5610 Congressus
1912 5552 2013 5605 est,
2046 5543 2124 5596 in-

547 5617 666 5683 quit
699 5611 1094 5683 Tertulliauns,
1156 5629 1274 5666 cum
1325 5611 1736 5683 patriarcltiset
1786 5613 2119 5683 prophetis...

547 5681 783 5740 ediscens
798 5683 918 5752 jam
937 5681 1099 5736 indita
1120 5681 1694 5751 pramordio,jaminde
1710 5681 1974 5737 hominem
1986 5681 2122 5752 quod

2208 4787 2324 4832 erat
2353 4779 2565 4849 futurus
2594 4778 2680 4849 ing
2699 4777 2822 4849 ﬁne.
2859 4777 3111 4849 Asserunt
3136 4776 3374 4849 quidam,
3413 4774 3489 4849 ait
3531 4773 3782 4849 Augusti-

2214 4842 2476 4907 nusflib.
2512 4863 2598 4902 am
2651 4842 2724 4900 De
2750 4848 2849 4902 civ.
2885 4846 2996 4900 Dei.
3023 4842 3159 4914 «τινί
3182 4845 3270 4911 29,
3308 4845 3586 4898 Dominum
3625 4842 3777 4899 Chri-

2214 4929 2376 4981 stum,
2405 4919 2569 4970 etiam
2601 4925 2721 4969 ante
2751 4917 3112 4968 indumentum
3161 4915 3359 4976 carnis,
3414 4914 3578 4981 {uisee
3611 4914 3789 4966 visibi-

2217 4987 2341 5042 lem.
2384 4986 2477 5040 Est
2529 4987 2736 5055 quidem
2767 4984 2955 5037 dicina:
2995 4986 3269 5052 potestatis
3301 4994 3348 5037 et
3384 4983 3681 5055 invisibilis.
3711 4984 3775 5034 in-

2221 5053 2549 5122 corporalis,
2582 5055 3131 5123 inconunutabilisque
3170 5066 3393 5114 naturw,
3427 5055 3536 5106 sine
3561 5053 3672 5105 ulla
3705 5054 3784 5105 sui

2221 5128 2507 5180 mutatione
2527 5127 2692 5178 etiam
2721 5125 3032 5177 mortalibus
3064 5123 3359 5192 aspectibus
3383 5138 3653 5192 apparere,
3683 5139 3783 5174 non

2217 5212 2308 5264 per
2339 5197 2390 5248 id
2415 5193 2552 5264 quod
2586 5205 2684 5259 est,
2721 5195 2809 5248 sed
2836 5211 2924 5262 per
2955 5191 3155 5263 aliquid
3189 5196 3326 5261 quod
3374 5194 3476 5264 sibi
3521 5191 3787 5264 subditum

2219 5261 2319 5319 est.
2351 5261 2491 5331 Quid
2522 5277 2698 5318 autem
2726 5264 2804 5317 illi
2837 5261 3118 5317 subditum
3145 5280 3246 5315 non
3283 5272 3358 5316 est
3379 5265 3404 5316 r
3436 5261 3634 5314 Verum
3665 5263 3789 5313 huic

2224 5336 2505 5389 sententia:
2528 5335 2582 5387 S.
2603 5335 2800 5387 Doctor
2829 5334 3007 5386 favere
3030 5349 3136 5386 non
3168 5333 3400 5386 videtur.
3420 5331 3580 5384 Addit
3605 5332 3749 5384 enim
3772 5347 3786 5382 :

2226 5404 2400 5458 Multo
2437 5413 2514 5458 est
2547 5404 2848 5458 credibilius
2880 5403 3015 5470 quod
3043 5413 3091 5456 et
3145 5401 3413 5456 Abraham
3450 5401 3505 5453 in
3533 5399 3719 5462 tribus,
3742 5408 3791 5451 et

2221 5474 2318 5527 Lat
2344 5477 2395 5526 in
2427 5472 2630 5527 duobus
2677 5474 2802 5526 viris
2855 5469 3135 5524 Dominum
3189 5469 3559 5542 agnoscebant,
3591 5470 3678 5522 cui
3701 5484 3794 5542 per

2221 5544 2538 5610 singularem
2569 5558 2839 5596 numerum
2872 5537 3242 5613 loquebantur,
3264 5543 3425 5596 etiam
3451 5554 3571 5593 cum
3590 5554 3680 5594 eos
3701 5537 3795 5593 lto-

2222 5617 2386 5669 mines
2411 5629 2522 5669 esse
2541 5613 2951 5667 arbitrarentur.
