4182 6408
293 349 390 405 ibi)

1741 345 2078 403 EPISTULA
2117 346 2200 402 Cl.

3477 356 3500 405 1
3514 348 3582 406 ῗιθ

287 465 636 534 ἁῄπῦντες.
698 464 890 534 Ἡμεῖς
945 465 1140 529 αὐτοὺς
1202 467 1296 518 καὶ
1353 465 1511 520 τοῦτο
1585 466 1894 538 διδάξομεν.

2003 484 2219 524 carnem
2253 476 2574 531 accurrunt,
2601 468 2903 539 Scriptum
2932 469 3393 526 consuetudinem
3422 469 3581 537 igno-

289 558 407 609 ὀτι
461 557 570 624 μὲν
623 553 730 624 γὰρ
765 554 1040 624 πανταχοῦ
1076 555 1178 624 τῆς
1203 556 1429 627 Γραφῆς
1465 557 1751 629 ἄνθρωπος
1796 560 1888 612 καὶ

290 646 747 718 Υὶᾲάνθρώπου
777 647 1262 718 προσαγορεύεται,
1307 648 1360 700 τί
1399 649 1480 702 δεῖ
1511 649 1646 720 πρὸς
1675 649 1885 714 εἰδότας

284 741 376 792 καὶ
418 739 611 807 λέγειν
634 755 650 804 ;

1999 569 2183 615 rantes
2215 579 2227 614 :
2255 576 2356 614 nos
2388 561 2491 616 hoc
2519 576 2738 631 quoque
2778 561 2884 631 91
2927 576 3023 616 eos
3065 560 3408 615 docebimus.
3443 558 3579 614 Nam

1992 652 2137 719 quod
2195 651 2451 707 Christus
2504 652 2709 722 passim
2762 656 2819 707 in
2876 652 3198 723 Scriptura,
3271 653 3470 714 homo,
3529 661 3581 705 et

1990 741 2160 796 Filius
2199 741 2437 797 hominis
2479 744 2807 813 appelletur,
2842 744 2976 815 quid
3009 743 3155 814 apud
3190 758 3286 799 eos
3341 757 3583 798 comme-

285 849 503 886 morare
531 833 750 896 attinet,
787 833 988 902 quibus
1015 833 1118 887 hoc
1142 835 1423 902 cognitum
1463 843 1548 891 est
1579 843 1635 889 et
1670 836 2050 906 exploratum?

351 925 414 976 ΕΞ
458 924 521 976 δὲ
573 923 1000 994 διισχυρίζονται
1038 923 1114 994 τῷ
1166 923 1300 993 (75),
1373 924 1438 978 '0
1492 926 1685 994 Λόγος
1727 923 1883 992 σὰρξ

282 1013 552 1082 ἐγένετο,
609 1013 712 1066 καὶ
743 1013 1099 1077 ἐσκήνωσεν
1145 1015 1217 1067 ἐν
1249 1013 1412 1082 ἡμῖν,
1448 1015 1541 1068 καὶ
1587 1015 1674 1068 διὰ
1728 1014 1890 1068 τοῦτο

287 1103 618 1173 περιξέουσι
669 1102 761 1155 τοῦ
810 1102 1101 1174 ἀνθρώπου
1153 1104 1214 1157 τὸ
1270 1103 1576 1167 κάλλιστον,
1617 1105 1806 1176 ῶσπερ
1840 1108 1890 1158 οἱ

291 1195 513 1256 σκυτεῖς
563 1193 639 1246 τα
683 1192 965 1262 παχύτερα
1001 1192 1110 1247 τῶν
1141 1194 1428 1265 δερμάτων
1466 1195 1602 1264 (74),
1634 1196 1722 1248 ἵνα
1751 1195 1888 1249 Θεὸν

292 1286 457 1355 σαρκὶ
505 1284 982 1355 συγκολλήσωσιν,
1018 1285 1136 1354 ῶρα
1180 1285 1362 1352 λέγειν
1401 1286 1600 1348 αὐτοὺς
1629 1287 1725 1340 καὶ
1755 1303 1890 1357 σαρ-

290 1377 400 1430 κῶν
435 1376 628 1445 μόνων
675 1375 789 1446 (75)
815 1376 906 1428 τὸν
942 1375 1074 1428 Θεὸν
1121 1372 1260 1428 εἶναι
1289 1376 1442 1438 θεὸν,
1487 1375 1602 1428 ἀλλ’
1641 1377 1762 1445 οὐχὶ
1792 1378 1888 1430 καὶ

289 1467 500 1538 ψυχῶν,
560 1467 656 1521 διὰ
704 1467 768 1520 τὸ
814 1467 1146 1537 γεγράφθαι,
1200 1466 1407 1533 Καθὼς
1454 1467 1682 1533 ἔδωκας
1730 1467 1892 1533 αὐτῷ

292 1560 596 1624 ἐξουσίαν
640 1559 846 1626 πάσης
898 1560 1158 1627 σαρκὸς,
1215 1561 1330 1623 καὶ,
1380 1559 1535 1626 Πρὸς
1593 1561 1668 1614 σὲ
1722 1561 1891 1616 πᾶσα

296 1652 450 1719 σὰρξ
491 1651 660 1718 ἥξει,
697 1651 791 1705 καὶ
829 1652 1162 1720 Εὑλογείτω
1187 1650 1356 1705 πᾶσα
1387 1651 1544 1721 σὰρξ
1587 1652 1651 1706 τὸ
1705 1652 1892 1720 ὄνομα

2059 921 2216 989 Quod
2246 925 2292 979 si
2357 925 2486 980 huic
2517 926 2640 980 loco
2689 925 3021 992 innituntur,
3073 928 3298 983 Verbum
3333 945 3458 983 caro
3485 928 3585 998 fa-

1988 1024 2129 1068 ctum
2164 1027 2264 1080 est,
2313 1025 2363 1071 et
2404 1017 2658 1070 habitavit
2697 1018 2752 1072 in
2790 1019 2940 1073 nobis
2967 1021 3038 1084 ⁸⁵,
3081 1021 3151 1075 ob
3184 1020 3369 1091 idque,
3400 1028 3460 1073 ut
3485 1035 3581 1073 su-

1989 1117 2138 1163 tores
2169 1124 2293 1180 qua:
2331 1109 2384 1162 in
2415 1111 2654 1179 pellibus
2683 1112 2960 1166 crassiora
2978 1119 3130 1176 sunt,
3176 1112 3251 1166 ita
3276 1113 3402 1182 ipsi,
3434 1111 3579 1181 quod

1990 1203 2044 1254 in
2067 1202 2285 1256 homine
2309 1203 2824 1272 praestantissimum
2849 1212 2956 1266 est,
2993 1202 3291 1268 abradunt,
3321 1212 3381 1259 ut
3411 1203 3581 1258 Deum

1998 1309 2122 1347 cum
2173 1309 2339 1348 carne
2390 1295 2773 1363 conglutinent
2806 1313 2819 1349 :
2851 1303 3066 1365 tempus
3111 1303 3198 1349 est
3249 1305 3307 1349 ut
3346 1297 3450 1366 ipsi
3494 1297 3581 1349 di-

2001 1393 2149 1446 cant,
2180 1386 2427 1439 carnium
2452 1401 2672 1456 quoque
2703 1385 2967 1440 duntaxat
3015 1385 3184 1440 Deum
3230 1403 3353 1442 esse
3389 1385 3580 1452 Deum,

1999 1490 2108 1527 nou
2169 1484 2349 1528 autem
2394 1475 2558 1528 etiam
2629 1476 2959 1540 animarum,
3015 1477 3276 1547 quoniam
3315 1480 3582 1548 scriptum

1998 1573 2103 1627 est,
2155 1564 2306 1619 Sicut
2358 1565 2552 1620 dedisti
2603 1567 2650 1620 ei
2698 1577 3005 1634 potestatem
3059 1569 3230 1622 omnis
3271 1570 3450 1621 curuis
3494 1568 3582 1634 ⁸⁷;

1997 1663 2071 1717 et,
2096 1656 2178 1709 Ad
2214 1668 2262 1710 te
2291 1659 2461 1711 omnis
2495 1674 2621 1712 caro
2647 1659 2810 1712 ueniet
2844 1659 2928 1726 ⁵⁸;
2965 1667 3040 1725 et,
3073 1658 3358 1713 Benedicat
3415 1661 3584 1714 cuiuis

297 1745 360 1800 τό
407 1745 592 1813 ἄτιον
628 1743 839 1807 αὐτοῦ,
869 1743 1012 1796 τοῦτ’
1043 1744 1156 1796 ἔστι
1186 1745 1293 1807 πᾶς
1320 1743 1605 1815 ἄνθρωπος
1624 1759 1638 1772 ·
1669 1743 1702 1815 ἢ
1734 1744 1895 1797 πάλιν

2003 1765 2119 1801 caro
2149 1750 2348 1802 nomini
2408 1758 2590 1803 sancto
2627 1749 2742 1820 ejus
2760 1751 2844 1816 ";
2888 1750 2991 1805 hoc
3023 1759 3127 1815 est,
3158 1752 3339 1805 omnis
3372 1751 3537 1805 homo
3567 1771 3582 1806 :

299 1838 649 1905 ἀσωμάτους,
686 1835 779 1887 καὶ
816 1835 1081 1905 ἀοράτους
1111 1835 1547 1907 καταϐεδηκὲναι
1577 1836 1703 1898 τοὺς
1730 1837 1896 1889 πατέ-

307 1940 398 1994 ρας
423 1922 590 1992 ⁴ἡμῶν
629 1923 710 1984 εἰς
748 1921 1046 1988 Αἴγυπτον,
1077 1923 1168 1976 καὶ
1203 1923 1304 1995 τὴν
1339 1923 1517 1994 ψυχὴν
1558 1923 1652 1976 τοῦ
1701 1925 1896 1996 Ἰωσὴφ

306 2014 543 2067 δεδέσθαι
589 2014 760 2082 μόνην
801 2013 907 2065 ὑπὸ
951 2014 1045 2066 τοῦ
1084 2015 1282 2084 Φαραὼ
1317 2015 1450 2084 (76),
1476 2014 1564 2068 διὰ
1592 2015 1653 2067 τὸ
1689 2017 1896 2088 γεγράσ

310 2104 460 2174 φθαι,
501 2105 608 2157 Ἐν
644 2103 1055 2171 ἐόὃίλιμήκοιοτα
1091 2103 1269 2158 πέντε
1301 2107 1528 2175 ψυχαῖς
1557 2107 1900 2174 κατέϐησαν

314 2195 734 2263 ειςΛτγιγπτοικ
777 2195 893 2256 καὶ,
935 2195 1193 2262 Σίδιιρον
1223 2194 1467 2264 διῆλθεν
1492 2198 1531 2264 ἠ
1574 2197 1747 2266 ψυχὴ
1785 2200 1895 2252 αὑ-

318 2286 418 2338 τοῦ
449 2287 581 2355 (Π),
616 2288 852 2356 πρᾶγμα
895 2286 1117 2356 δεθῆναι
1152 2287 1226 2359 μὴ
1259 2288 1576 2360 δυνάμενον.
1621 2290 1900 2357 Ἀγνοοῦσι

312 2379 412 2448 γὰρ
443 2380 490 2431 οἱ
524 2379 706 2432 ταῦτα
735 2374 1026 2448 λέγοντες,
1049 2383 1130 2436 ὅτι
1163 2385 1556 2455 συνεκδοχικῶς
1580 2386 1648 2439 τὰ
1677 2385 1902 2440 τοιαῦτα

312 2468 636 2537 ὀνομάζεται
658 2511 673 2534 ,
728 2470 841 2523 ἀπὸ
888 2471 1087 2541 μέρους
1136 2472 1229 2525 τοῦ
1292 2474 1492 2536 παντὸς
1535 2473 1863 2544 δηλουμένου
1885 2492 1898 2506 ο

312 2557 492 2629 ὥσπερ
541 2559 668 2623 καὶ,
704 2562 960 2614 Νεοσσοὶ
1009 2561 1128 2615 τῶν
1168 2564 1439 2630 κοράκων
1471 2564 1901 2618 ἐπικαλοῦνται

313 2648 412 2700 τὸν
453 2649 636 2711 Θεὸν,
675 2650 805 2720 ἴν’ἠ
858 2647 1034 2721 πτηνὴ
1082 2650 1293 2723 δηλωθῇ
1335 2653 1528 2722 φύσις,
1566 2654 1659 2707 καὶ
1706 2654 1903 2718 Πλειὰς

314 2739 400 2791 καὶ
444 2739 727 2808 Ἕσπερος
785 2739 879 2792 καὶ
932 2739 1257 2813 Ἀρκτοῦρος
1306 2744 1735 2815 μνημονεύονται
1783 2747 1904 2798 ἀντὶ

315 2829 533 2883 πάντων
588 2830 834 2902 ἀστέρων
855 2872 871 2896 ,
921 2832 1015 2884 καὶ
1071 2832 1172 2903 τῆς
1235 2835 1364 2906 περὶ
1415 2835 1641 2900 τούτους
1698 2838 1905 2891 οἰκονο-

317 2939 459 2990 μιας.

377 3029 482 3084 Καὶ
527 3031 646 3100 ἅμα
678 3030 780 3084 οὐκ
816 3030 991 3094 ἄλλως
1043 3026 1154 3085 οἶόν
1180 3049 1240 3085 τε
1271 3027 1340 3104 ἦν
1383 3031 1483 3104 τὴν
1509 3033 1606 3087 τοῦ
1636 3034 1772 3087 Θεοῦ
1812 3034 1898 3105 δη·

1999 1849 2092 1894 aut
2121 1857 2335 1897 rursum
2357 1850 2538 1912 patres
2563 1850 2784 1917 nostros
2804 1843 3162 1912 incorporeos
3191 1850 3246 1896 et
3278 1842 3586 1897 invisibiles

2000 1933 2054 1986 in
2081 1931 2372 2002 Egyptum
2397 1933 2768 1998 descendisse,
2797 1936 3078 2004 solamque
3096 1932 3318 2003 .losephi
3340 1935 3582 1986 animam

2001 2039 2030 2076 a
2059 2022 2342 2079 Pliaraoue
2401 2025 2456 2079 in
2490 2026 2707 2079 vincula
2738 2025 3046 2094 coiijectam
3083 2025 3280 2087 fuisse,
3323 2027 3583 2094 quoniam

2001 2114 2266 2182 scriptum
2310 2123 2394 2168 est
2435 2132 2447 2167 :
2495 2113 2561 2167 In
2619 2116 2954 2185 septuaginta
3011 2117 3238 2184 quinque
3305 2113 3583 2166 animabus

2000 2205 2378 2262 descenderunt
2397 2209 2453 2262 in
2480 2206 2773 2279 Egyptutn
2803 2208 2848 2238 ‘°
2873 2224 2889 2273 ;
2920 2216 2995 2270 el,
3023 2205 3250 2260 Ferrum
3276 2207 3586 2274 pertransiit

2003 2301 2183 2354 anima
2229 2301 2342 2369 ejus
2393 2301 2462 2365 ⁶¹,
2496 2317 2582 2356 res
2616 2301 2867 2371 proiecto
2915 2301 3212 2370 ejusmodi,
3257 2316 3377 2369 qua:
3419 2299 3585 2352 nullis

2002 2393 2238 2446 vinculis
2301 2392 2527 2462 astringi
2585 2401 2771 2462 queat.
2831 2390 3090 2463 Ignorant
3121 2392 3292 2455 enim,
3338 2391 3432 2462 qui
3472 2391 3587 2444 lucc

2002 2483 2212 2548 dicunt,
2242 2499 2330 2540 res
2357 2483 2524 2539 hasce
2559 2499 2654 2554 per
2683 2484 3068 2555 synecdochen
3118 2483 3432 2547 enuntiari,
3472 2491 3589 2538 toto

2005 2596 2200 2651 nempe
2231 2597 2324 2651 per
2352 2589 2560 2650 partem
2608 2579 2882 2644 indicato;
2925 2587 2982 2633 ut
3010 2595 3134 2632 cum
3168 2579 3244 2633 ait
3276 2578 3585 2650 Scriptura,

2008 2672 2074 2727 Et
2098 2673 2232 2742 pulli
2261 2688 2535 2726 corvorum
2574 2669 2739 2725 Deum
2788 2672 3031 2725 invocant
3075 2672 3142 2737 ⁶²,
3174 2679 3233 2726 ιιι
3273 2673 3454 2724 avium
3482 2687 3582 2724 na-

2004 2776 2125 2822 tura
2159 2766 2491 2834 designetur,
2529 2773 2583 2817 et
2618 2763 2796 2818 Pleias
2816 2773 2871 2818 et
2898 2761 3176 2832 VeSpcrus
3224 2771 3278 2817 et
3319 2763 3590 2818 Arcturus

2009 2863 2384 2910 memorantur
2409 2854 2476 2918 “,
2509 2867 2606 2922 pro
2635 2868 2723 2915 eo,
2758 2868 2822 2907 ac
2853 2853 2898 2908 si
2929 2853 3134 2906 diceret
3160 2852 3344 2906 omnia
3384 2851 3588 2914 sidera,

2010 2945 2212 3015 Deique
2241 2945 2386 2997 circa
2403 2959 2464 2997 ea
2490 2941 2911 3012 providentiam.

2081 3036 2194 3090 lluc
2220 3034 2452 3098 accedit,
2509 3035 2654 3105 quod
2686 3050 2792 3089 non
2840 3034 3002 3088 aliter
3028 3031 3122 3088 Dei
3154 3047 3283 3103 erga
3315 3048 3418 3088 nos
3440 3048 3595 3088 amor

313 3122 549 3193 λωτιῆναι
572 3099 712 3194 περὶ
739 3125 886 3194 ἡμᾶς
914 3123 1156 3196 ἀγάπην,
1191 3125 1224 3196 ἢ
1272 3099 1338 3178 ὲνκ
1380 3099 1474 3178 τού
1519 3099 1896 3197 μνημονεοδϐἧλ

2003 3138 2237 3185 testatus
2280 3143 2402 3183 esse
2466 3135 2700 3197 poterat,
2757 3143 2922 3198 quam
2962 3143 3025 3181 ex
3080 3141 3147 3182 eo
3179 3126 3323 3196 quod
3368 3142 3498 3181 caro
3536 3127 3592 3181 in

316 3231 398 3266 ναι
426 3214 528 3286 τὴν
576 3216 781 3285 σάρκα,
835 3215 928 3268 καὶ
979 3216 1061 3268 δτι
1115 3215 1225 3286 (78)
1279 3215 1346 3269 δι’
1383 3218 1530 3287 ἡμᾶς
1572 3217 1774 3289 κατέϐη
1809 3221 1903 3272 καὶ

321 3306 472 3376 μέχρι
507 3306 610 3358 τοῦ
652 3307 916 3377 χείρονος.
969 3308 1156 3377 Σάρκα
1199 3308 1308 3380 γὰρ
1356 3304 1494 3362 εἶναι
1540 3309 1718 3380 ψυχῆς
1750 3311 1904 3363 είδτῦ

318 3395 592 3470 λέστερον,
625 3399 732 3461 πᾶς
756 3398 867 3452 τῶν
914 3395 974 3452 εὖ
1019 3399 1359 3471 φρονούντων
1400 3401 1726 3473 ὁμολογήσει
1769 3402 1904 3472 (79).

320 3487 389 3540 Th
408 3485 525 3553 οὖν,
569 3490 634 3542 ’0
661 3491 849 3559 Λόγος
883 3492 1038 3560 σὰρξ
1072 3490 1330 3562 ἐγένετο,
1365 3488 1482 3546 ἴσον
1521 3493 1668 3547 δοκεῖ
1703 3512 1791 3565 μοι
1822 3495 1912 3548 δύ-

320 3578 505 3632 νασθαι
553 3579 634 3650 τῷ
669 3581 765 3634 καὶ
801 3582 1076 3654 ἁμαρτίαν
1119 3585 1282 3637 αὐτὸν
1323 3586 1607 3653 γεγονέναι
1647 3586 1904 3654 λέγεσθαι

324 3671 413 3723 καὶ
439 3674 695 3744 κατάραν
715 3689 729 3701 ·
775 3675 877 3727 οὐκ
915 3676 996 3738 el;
1022 3675 1194 3729 ταῦτα
1223 3676 1313 3730 τοῦ
1361 3676 1568 3749 Κυρίου
1603 3695 1906 3749 μεταποιη-

325 3762 526 3827 θέντος,
561 3765 680 3828 πῶς
712 3765 857 3837 γάρ;
892 3767 1005 3820 ἀλλ’
1034 3767 1110 3830 ὼς
1149 3767 1238 3820 διὰ
1283 3767 1378 3820 τοῦ
1425 3768 1598 3822 ταῦτα
1649 3768 1904 3832 δέξασθαι

324 3855 418 3918 τὰς
453 3856 690 3927 ἀνομίας
725 3858 887 3928 ἡμῶν
934 3858 1314 3923 ἀναλαϐόντος,
1344 3859 1437 3911 καὶ
1465 3857 1562 3921 τὰς
1587 3857 1774 3921 νόσους
1806 3856 1906 3927 βα-

329 3949 647 4014 στάσαντος.
689 3949 875 4003 Ταῦτα
926 3951 1024 4021 μὲν
1063 3945 1156 4003 οὖν
1189 3949 1389 4014 ἱκανῶς
1444 3952 1501 4003 ἐν
1548 3949 1628 4020 τῷ
1680 3949 1910 4021 παρόντι

327 4040 409 4093 διὰ
433 4043 494 4095 τὸ
534 4042 709 4112 σαφὲς
738 4044 832 4095 καὶ
861 4045 975 4106 τοῖς
1007 4043 1221 4107 πολλοῖς
1249 4041 1540 4113 εῦληπτον.
1576 4041 1652 4095 Οὐ
1684 4041 1795 4113 γὰρ
1823 4041 1914 4094 λο-

329 4136 648 4204 γογραφεῖν,
693 4135 808 4188 ἀλλ’
854 4135 1100 4206 ἐπισχεῖν
1158 4134 1258 4206 τὴν
1314 4133 1532 4205 ἀπάτην
1579 4133 1913 4205 βουλόμενοι,

327 4225 494 4278 ταῦτα
543 4226 860 4297 γράφομεν,
910 4225 1003 4279 τὸν
1049 4226 1106 4278 δὲ
1153 4223 1480 4296 τελεώτερον
1523 4226 1650 4296 περὶ
1709 4224 1916 4278 τούτων

330 4313 501 4382 λόγον,
530 4317 581 4367 εἰ
605 4314 769 4376 δοκεῖ,
805 4316 896 4369 καὶ⁵
927 4315 1016 4368 διὰ
1047 4314 1402 4387 μακροτέρων
1435 4314 1805 4386 ἀποδώσομεν.

2003 3221 2268 3274 memoria
2342 3219 2526 3286 fuerit,
2586 3233 2639 3273 et
2677 3221 2804 3289 quia
2839 3220 3010 3273 nostri
3050 3234 3218 3272 causa
3273 3223 3390 3289 ipse
3419 3220 3586 3274 etiam

2006 3327 2181 3381 usque
2205 3310 2270 3364 ad
2313 3311 2644 3366 deteriorem
2680 3319 2887 3380 partem
2925 3326 3048 3365 sese
3079 3311 3321 3365 demisit.
3348 3311 3582 3366 Carnem

2006 3406 2151 3460 enim
2183 3403 2363 3456 anima
2395 3403 2639 3456 viliorem
2669 3417 2793 3456 esse
2821 3417 2980 3455 nemo
3008 3403 3368 3457 sanaamentis
3388 3403 3596 3456 inficia-

2011 3496 2178 3550 bitur.
2228 3493 2417 3563 Itaque
2447 3493 2534 3548 hic
2559 3493 2733 3554 locus,
2785 3491 3010 3546 Verbum
3029 3509 3154 3546 caro
3191 3491 3394 3561 factum
3422 3502 3497 3546 est
3525 3493 3591 3556 θ’,

2006 3587 2253 3642 eamdem
2283 3588 2390 3640 vim
2433 3592 2486 3640 et
2532 3584 2990 3653 signiﬁcationem
3024 3583 3158 3638 mihi
3205 3583 3408 3639 habere
3444 3585 3598 3640 vide-

2006 3688 2097 3733 tur
2131 3696 2251 3733 cum
2290 3693 2378 3742 eo,
2412 3677 2554 3747 quod
2582 3688 2854 3746 peccatum
2891 3691 3111 3747 quoque
3136 3675 3314 3746 ipsunt
3349 3686 3401 3728 et
3431 3673 3596 3727 male-

2007 3770 2205 3825 dictum
2264 3771 2440 3825 factus
2486 3785 2608 3825 esse
2639 3769 2844 3822 dicitur
2874 3769 2957 3833 ⁶⁸ς
3004 3783 3111 3823 non
3147 3767 3292 3836 quod
3333 3765 3596 3820 Dominus

2009 3862 2061 3915 in
2100 3863 2213 3916 haec
2262 3861 2583 3914 immutatus
2630 3859 2737 3924 sit;
2793 3859 2884 3929 qui
2928 3859 3073 3914 enim
3119 3859 3169 3912 id
3224 3857 3338 3912 ﬁeri
3378 3856 3597 3926 posset?

2012 3953 2107 4008 sed
2158 3952 2284 4022 quia
2337 3967 2432 4021 per
2464 3951 2516 4005 id
2549 3951 2693 4020 quod
2757 3951 2872 4004 haec
2930 3950 3219 4019 suscepit,
3275 3948 3597 4017 iniquitates

2014 4052 2235 4097 nostras
2283 4040 2531 4104 sustulit,
2566 4047 2620 4094 et
2663 4039 2887 4093 morbos
2943 4037 3201 4108 portavit.
3251 4037 3431 4106 Atque
3482 4037 3596 4092 haec

2016 4134 2232 4204 quidem
2274 4131 2329 4185 in
2382 4130 2671 4200 praesentia
2730 4138 2954 4200 propter
3013 4128 3492 4199 perSpicuitatem,
3540 4136 3596 4182 et

2014 4223 2143 4294 quia
2176 4223 2312 4278 vela
2355 4220 2672 4275 rudiorihus
2713 4219 2872 4274 facile
2913 4219 3118 4289 percipi
3163 4226 3390 4288 queant,
3438 4219 3597 4272 nobis

2015 4315 2221 4368 dixisse
2265 4311 2517 4367 sulliciat.
2565 4309 2684 4363 Non
2741 4308 2888 4362 enim
2951 4315 3008 4361 ut
3069 4307 3238 4362 libros
3273 4306 3594 4372 condamus,

334 4407 422 4460 sed
452 4416 510 4460 ut
536 4423 782 4462 errorem
799 4417 852 4462 et
880 4407 1126 4462 fraudem
1153 4407 1602 4477 comprimamus,
1627 4408 1742 4462 hac
1767 4408 2082 4471 scribimus,
2109 4407 2403 4477 pleniorem
2435 4413 2489 4460 et
2518 4403 2896 4476 perfectiorem
2931 4403 2999 4458 de
3031 4401 3099 4457 iis
3141 4401 3308 4457 rebus
3347 4399 3595 4471 disputa-

335 4495 532 4549 tionem
568 4493 729 4560 alias:
756 4498 801 4551 si
835 4498 1130 4559 videbitur.
1159 4499 1384 4552 edituri.

405 4589 467 4642 ’0
492 4589 550 4642 δὲ
577 4589 782 4644 τούτων
811 4590 926 4644 ἐστὶ
971 4589 1288 4664 βαρύτερον,
1316 4591 1427 4644 οὐδ’
1456 4590 1588 4644 αὐτὸ
1617 4589 1776 4643 τοῦτο
1805 4606 1900 4642 πα-

2079 4589 2187 4660 92
2217 4589 2370 4656 Quod
2399 4596 2579 4644 autem
2629 4585 2716 4643 his
2751 4587 2974 4656 gravius
3013 4593 3114 4653 est,
3142 4602 3210 4642 ne
3229 4585 3333 4641 hoc
3364 4584 3586 4657 quidem

405 4771 451 4802 ⁸⁸
477 4767 639 4824 Joan.
683 4785 722 4832 ι,
755 4768 843 4826 Η.
943 4769 987 4801 "
1017 4769 1177 4824 Joau.
1207 4787 1339 4832 xvii,
1368 4772 1424 4826 2.

343 5087 373 5150 ζ
408 5019 518 5090 (73)
559 5017 1026 5141 AgiaxvplC'mm
1068 5017 1169 5084 τῷ.
1205 5016 1362 5074 Colb.
1394 5017 1448 5086 5,
1478 5018 1533 5084 9,
1565 5033 1618 5086 a,
1645 5016 1914 5089 διισχυρι-

374 5106 520 5143 ονται
548 5107 578 5142 τ
619 5130 629 5142 .

374 5106 520 5143 ονται
548 5106 629 5142 το.

412 5160 525 5230 (74)
561 5157 637 5213 Τὰ
657 5158 966 5230 παχύτερα
985 5158 1106 5230 τῶν
1127 5155 1452 5230 δερμάτων.
1465 5156 1765 5230 Ροψεηιῑι
1792 5157 1915 5212 Bill.

346 5227 628 5283 crassiores
657 5228 855 5297 pelles:
889 5229 970 5283 sic
990 5228 1138 5284 enim
1163 5231 1302 5297 perit
1333 5227 1657 5282 similitudo.

414 5300 526 5370 (75)
567 5298 814 5370 Σαρκῶνῖ
857 5299 1080 5370 μένωνα
1123 5298 1295 5370 βοιϋι
1340 5313 1410 5370 εις
1461 5297 1680 5370 σαρκῶν
1734 5297 1912 5370 levav-

346 5363 518 5440 Gulbf
539 5371 603 5432 5,
638 5363 872 5440 σαρκῶν
890 5363 1233 5440 μόνωννεῖναι
1265 5367 1398 5440 Θεὸν
1414 5437 1423 5440 _
1441 5363 1548 5440 τὸνί
1569 5363 1912 5440 Θεόν.’(]οιι›.

346 5437 401 5501 6,
431 5440 644 5509 σαρκῶν
675 5434 850 5509 μῖὁνων
879 5434 970 5492 τὸν
999 5434 1316 5509 Θεὸνᾼεῖναι,
1346 5437 1457 5509 ἀλλ’
1499 5438 1644 5509 οὐχί,
1677 5447 1783 5492 etc.

415 5507 522 5579 (76)
560 5507 693 5562 Ὑπὸ
721 5509 827 5562 τοῦ
844 5508 1072 5578 Φαραώ.
1105 5507 1370 5579 Melitae,
1391 5507 1914 5579 Mureli’etliombef.

349 5577 453 5631 ὑπὸ
474 5577 568 5632 τοῦ
595 5579 872 5650 Πετρεφιῖμ
915 5579 1019 5634 hoc
1053 5587 1158 5641 est,
1190 5577 1688 5650 Putipltare,_quam
1723 5577 1913 5650 laetio-

351 5663 470 5702 nem
510 5645 801 5704 confirmat
831 5645 1032 5706 Cenes.
1069 5664 1262 5710 sunt,
1289 5647 1379 5710 20,
1423 5648 1515 5702 ubi
1546 5645 1664 5702 non
1711 5662 1740 5700 a
1775 5645 1915 5699 Plia-

353 5733 534 5783 raone,
570 5717 668 5774 sed
711 5735 739 5773 a
782 5717 1075 5790 Putiphare
1118 5719 1353 5775 traditus
1383 5718 1588 5774 dicitur
1620 5716 1820 5787 Joseph
1859 5716 1911 5771 in

352 5801 637 5845 carcerem.

405 4771 451 4802 ⁸⁸
477 4768 639 4824 Joan.
683 4785 722 4832 ι,
755 4768 843 4826 Η.
943 4769 987 4801 "
1017 4769 1177 4824 Joau.
1207 4787 1339 4832 xvii.
1368 4772 1424 4826 2.
1526 4771 1570 4802 ⁸⁸
1600 4768 1741 4824 Psal.
1791 4785 1937 4828 utv.
1969 4771 2023 4824 '5.
2099 4769 2145 4802 ”
2183 4769 2324 4824 Psal.
2357 4783 2552 4830 cxuv,
2580 4768 2670 4823 2|.
2771 4768 2816 4798 ⁶⁰
2863 4768 2986 4820 Act.

339 4853 454 4906 civ,
487 4840 576 4894 18.
649 4841 693 4871 ⁸⁹
733 4839 880 4895 Psal.
915 4855 1094 4907 exul,
1125 4841 1179 4894 9.
1255 4842 1300 4872 “
1326 4840 1431 4896 Job
1472 4856 1702 4903 xxxviii,
1753 4839 1844 4908 5|,
1873 4841 1962 4895 52.
2036 4839 2080 4870 “
2110 4837 2268 4894 Joau.
2308 4839 2450 4906 1,14.
2511 4839 2555 4871 "
2589 4838 2781 4892 llCor.
2810 4853 2872 4890 v.
2909 4835 2971 4890 2|
2995 4853 3008 4865 '

2771 4767 2816 4798 °°
2863 4765 2986 4820 Act.
3025 4781 3138 4828 vn,
3200 4763 3286 4818 14.
3377 4764 3419 4796 ⁶¹
3453 4761 3595 4817 Psal.

2771 4853 2872 4890 .v.
2909 4835 3008 4890 ΞΓ
3087 4835 3206 4890 Gal.
3240 4850 3334 4890 tu.
3370 4833 3456 4886 15.

3135 4850 3206 4890 al.
3240 4850 3334 4897 ιιι,
3370 4850 3456 4886 ιο.

2099 4769 2145 4802 ³⁸
2183 4769 2324 4824 Psal.
2357 4783 2552 4830 cxuv,
2580 4768 2670 4823 2|.

2095 5016 2208 5086 (77)
2250 5014 2508 5082 Σίδηρον
2541 5012 2788 5086 διῆλθεν
2832 5014 2870 5080 ἠ
2907 5017 3076 5086 ψυχῇ
3118 5011 3324 5086 αὐτοῦ.
3374 5007 3597 5064 Ferrum

2023 5079 2336 5157 pertransiit
2383 5079 2564 5137 anima
2590 5079 2746 5157 ejus;
2798 5079 2865 5136 et
2908 5083 2990 5157 sic
3017 5079 3383 5157 Septuaginta
3427 5085 3594 5157 inter-

2068 5164 2231 5218 retes,
2267 5170 2430 5223 quam
2478 5151 2781 5223 versionem
2825 5152 3055 5223 requirit
3095 5151 3338 5223 historia:
3373 5151 3590 5223 veritas.

2068 5173 2231 5218 retes,
2267 5173 2430 5223 quam
2478 5173 2781 5207 versmnelu
2825 5173 3055 5220 requtrll.
3095 5173 3337 5203 Historiae
3373 5173 3590 5204 veritas.

2023 5173 2223 5279 K'ullibi
2255 5224 2400 5278 enim
2435 5224 2662 5293 legimus
2691 5221 2891 5293 Joseph
2935 5235 3255 5290 peri-ussum
3295 5219 3499 5293 gladio.
3535 5231 3594 5293 at

2024 5297 2079 5350 in
2107 5295 2320 5366 vincula
2347 5287 2676 5366 conj6ctum.
2723 5287 3010 5366 “ligatam
3056 5297 3279 5366 secutus
3302 5287 3411 5366 iest
3445 5287 3589 5366 Bill.,

2023 5363 2388 5434 reddiditque_
2417 5359 2615 5431 ferrum
2657 5359 2964 5434 pertransiit
2994 5362 3228 5414 animant
3274 5359 3406 5434 ejus,
3445 5359 3590 5434 quod

2026 5435 2216 5490 Grarco
2261 5427 2484 5487 minime
2537 5427 2862 5503 respondet,
2919 5441 2972 5486 et
3033 5447 3064 5483 a
3123 5437 3301 5483 mente
3342 5427 3589 5500 Gregorii

2026 5521 2252 5577 prorsus
2287 5510 2371 5577 est
2406 5504 2666 5577 alienum.

2095 5575 2207 5642 (78)
2248 5573 2356 5628 Kal
2402 5572 2505 5626 ὅτι.
2559 5570 2633 5625 Ita
2674 5572 2828 5628 Colb.
2869 5571 2925 5635 2,
2972 5570 3025 5634 ϐ,
3060 5569 3116 5635 9,
3155 5584 3208 5635 a,
3254 5569 3490 5624 Montac.
3533 5573 3590 5624 et

2025 5645 2211 5700 Morel.
2239 5645 2296 5696 In
2331 5642 2460 5696 edit.
2495 5642 2588 5695 καί
2615 5644 2786 5697 deest.

2093 5713 2206 5783 (79)
2254 5712 2661 5783 Ὀλιολογήσει.
2689 5711 3012 5783 AColb.3,_a,
3040 5707 3501 5783 Montac.,h{orel.
3528 5707 3588 5763 et

2021 5778 2265 5840 Comb'el'.
2304 5778 2410 5846 πᾶς
2433 5778 2498 5835 ἂν
2524 5783 2634 5836 τῶν
2658 5778 2715 5837 εὖ
2758 5781 3098 5854 φρονούντων
3122 5780 3496 5850 ὁμολογήσειε.
