4182 6450
526 473 630 529 I95

1767 470 1825 524 S.
1859 463 2183 523 GREGORII
2216 464 2560 521 TIIEOLOGI

3685 437 3785 518 ias

525 590 619 660 qui
673 588 750 645 ita
799 587 1090 652 sentiunt,
1151 602 1214 642 ac
1255 588 1490 650 docent,
1560 602 1662 657 pro
1729 586 1898 641 sociis
1946 586 2105 644 habe.

2209 601 2308 646 τας
2346 585 2442 637 καὶ
2469 582 2819 644 διδάσκοντας
2853 581 2942 651 ἔχε
2983 581 3327 644 κοινωνικοὺς
3356 579 3498 649 (97),
3530 580 3653 634 ἐπεὶ
3690 579 3781 633 καὶ

525 681 985 751 quemadmodum
1022 688 1077 736 et
1109 680 1213 751 ipsi
1258 679 1556 733 habemus:
1613 693 1709 732 eos
1739 686 1922 731 autem
1948 717 1962 739 ,
2012 676 2106 746 qui

527 788 688 827 secus
722 772 972 827 sentiunt
1005 785 1261 826 aversare
1284 809 1301 834 ,
1333 777 1497 840 atque
1536 785 1567 822 a
1620 767 1730 824 Deo
1759 777 1815 823 et
1861 767 2106 822 Ecclesia

526 865 801 919 catholica
841 863 1050 918 alienos
1089 862 1363 917 existima.
1411 861 1865 931 Quandoquidem
1901 870 2106 927 autem,

525 964 580 1010 et
609 955 677 1009 de
703 953 886 1008 divina
922 953 1283 1008 humanitatis
1315 953 1691 1022 assumptione
1715 989 1732 1016 ,
1766 952 1884 1006 sive
1927 952 2110 1006 incar-

527 1046 754 1099 natione
779 1082 793 1107 ,
827 1045 1060 1112 quaestio
1097 1043 1346 1113 quasdam
1399 1052 1652 1096 movetur
1678 1081 1695 1106 ,
1739 1042 1845 1095 hoc
1889 1041 2108 1113 quoque

525 1136 786 1190 omnibus
814 1135 882 1189 de
909 1134 1066 1188 nobis
1107 1133 1311 1187 aﬂirma
1334 1172 1348 1196 ,
1381 1148 1483 1188 nos
1523 1131 1614 1187 Dei
1657 1130 1889 1194 Filium.
1920 1133 2012 1202 qui
2041 1148 2105 1188 ex

527 1225 692 1280 Patre
723 1225 961 1296 primum
989 1264 1005 1284 .
1046 1239 1111 1278 ac
1140 1223 1338 1279 deinde
1366 1240 1432 1278 ex
1463 1235 1654 1277 sancta
1683 1223 1852 1277 Maria
1896 1224 2108 1294 virgine

526 1317 744 1387 genitus
772 1324 878 1380 est,
913 1315 968 1371 in
1001 1331 1170 1369 unum
1212 1313 1446 1389 iungere
1467 1355 1481 1376 ,
1520 1331 1619 1368 nec
1649 1315 1790 1370 duos
1845 1316 1984 1372 ﬁlios
2010 1332 2108 1371 no.

528 1409 760 1471 minare,
809 1407 902 1463 sed
951 1423 1120 1461 unum
1151 1418 1205 1462 et
1234 1408 1485 1462 eurndem
1528 1407 1583 1460 in
1615 1407 1964 1477 inseparabili
1993 1408 2107 1463 dei-

527 1507 637 1553 tate
669 1506 723 1554 et
751 1499 958 1554 honore
981 1497 1231 1554 adorare.
1267 1497 1424 1564 Quod
1457 1497 1502 1551 si
1538 1498 1663 1566 quis
1695 1499 1777 1552 vel
1819 1515 1988 1562 nunc,
2021 1499 2104 1554 vel

529 1605 581 1643 in
619 1597 925 1660 posterum,
969 1590 1054 1644 his
1083 1589 1306 1644 minime
1335 1605 1595 1645 assensus
1635 1589 1819 1652 fuerit,
1849 1590 1964 1661 ipse
1996 1590 2106 1646 Deo

528 1695 580 1732 tn
616 1679 706 1733 die
737 1677 937 1746 judicii
972 1677 1242 1734 rationem
1273 1677 1485 1733 reddet.

594 1769 672 1821 Ac
702 1775 890 1821 nostra
937 1767 1158 1837 quidem
1202 1768 1468 1823 adversus
1508 1775 1779 1822 amentem
1817 1783 2008 1824 eorum
2038 1769 2106 1823 de

529 1866 706 1912 mente
739 1858 1068 1914 sententiam
1103 1849 1386 1914 contentio
1417 1870 1470 1916 et
1499 1861 1770 1933 oppositio
1791 1901 1806 1924 ,
1843 1870 1902 1915 ut
1952 1860 2102 1915 brevi

2212 675 2410 742 ἡμεῖς·
2449 672 2576 734 τοὺς
2621 670 2677 722 δὲ
2733 670 2934 740 ἐτέρως
2981 669 3202 738 ἔχοντας
3258 668 3601 740 ἀποστρέφου
3627 710 3644 734 ,
3689 671 3785 722 καὶ

2211 760 2525 833 ἀλλοτρίους
2569 759 2706 830 ἡγοῦ
2741 758 2960 812 καὶτοῦ
3012 759 3148 812 Θεοῦ
3199 760 3292 812 καὶ
3344 759 3444 830 τῆς
3491 758 3780 829 καθολικῆς

2222 851 2568 922 Ἐκκλησίας.
2610 851 2828 922 Ἐπειδὴ
2849 851 2904 904 δὲ
2937 851 3030 904 καὶ
3054 851 3181 920 περὶ
3210 851 3307 920 τῆς
3331 849 3480 913 θείας
3519 849 3783 920 timorm-

2209 942 2450 1010 πήσεως,
2489 942 2664 994 εῖτουν
2708 941 3034 1014 σαρκώσεως
3063 941 3294 995 κινεῖταί
3329 958 3383 994 τι
3415 942 3656 1012 ζήτημα,
3688 941 3784 996 καὶ

2207 1031 2365 1086 τοῦτο
2405 1032 2638 1104 διορίζου
2679 1034 2812 1086 πᾶσι
2863 1034 2989 1104 περ).
3021 1032 3212 1103 ἡμῶν,
3258 1033 3340 1086 ὅτι
3398 1033 3490 1085 τὸν
3533 1032 3660 1084 Υἱδν
3688 1032 3782 1085 τοῦ

2208 1122 2376 1188 Θεοῦ,
2433 1121 2525 1175 τὸν
2584 1122 2912 1193 γεννηθέντα
2956 1124 3019 1174 ἐκ
3065 1122 3158 1175 τοῦ
3206 1121 3452 1194 Πατρδς,
3502 1123 3597 1174 καὶ
3647 1124 3783 1192 μετὰ

2206 1213 2364 1266 τοῦτο
2396 1215 2460 1266 ἐκ
2504 1217 2604 1283 τῆς
2653 1214 2814 1283 ἁγίας
2855 1214 3124 1286 παρθένου
3163 1214 3411 1285 Μαρίας,
3448 1214 3528 1277 είς
3572 1212 3630 1266 ἐν
3655 1214 3784 1281 ἄγο-

2210 1321 2332 1374 μεν,
2363 1304 2456 1357 καὶ
2483 1305 2542 1357 οὑ
2579 1304 2671 1357 δύο
2701 1306 2849 1368 υἱοὺς
2890 1305 3248 1376 ὀνομάζομεν,
3280 1305 3395 1358 ἀλλ’
3435 1305 3532 1358 ἕνα
3568 1305 3781 1358 καὶτὸν

2206 1396 2369 1449 αὑτὸν
2403 1400 2461 1450 ἐν
2489 1398 2776 1469 ἀδιαιρέτῳ
2805 1399 3018 1468 θεότητι
3050 1398 3146 1452 καὶ
3175 1401 3308 1469 τιμῇ
3344 1397 3777 1468 προσκυνοῦμεν.

2207 1488 2271 1541 El
2316 1487 2375 1540 δέ
2415 1505 2499 1551 τις
2536 1489 2595 1543 οὐ
2634 1488 2936 1542 συντίθεται
2981 1489 3258 1558 τούτοιςὴ
3304 1488 3400 1541 νῦν
3444 1489 3478 1559 ἡ
3529 1487 3776 1560 ὕστερον,

2205 1577 2369 1640 αὐτὸς
2393 1577 2580 1646 ὑφέξει
2607 1577 2682 1649 τῷ
2709 1578 2829 1650 Θεῷ
2864 1579 3021 1648 λόγον
3053 1582 3112 1632 ἐν
3141 1580 3324 1651 ἡμέρα
3349 1579 3602 1651 κρίσεως.

2288 1756 2352 1808 Ἦ
2400 1755 2500 1826 μὲν
2546 1751 2640 1808 οὖν
2684 1755 2821 1826 πρὸς
2869 1754 2968 1825 τὴν
3013 1753 3240 1824 ἀνόητον
3282 1753 3462 1807 αὐτῶν
3501 1753 3628 1822 περὶ
3681 1753 3776 1806 τοῦ

2207 1844 2298 1897 νοῦ
2325 1844 2482 1909 δόξαν
2523 1844 2769 1906 ἔνστασις
2804 1843 2960 1914 ἡμῶν
2993 1843 3086 1895 καὶ
3118 1841 3409 1906 ἀντίθεσις,
3438 1842 3514 1905 ὡς
3548 1844 3605 1894 ἐν
3639 1842 3776 1912 βρα-

529 1948 860 2016 complectar
886 1988 901 2014 ,
945 1949 1021 2002 ita
1071 1964 1132 2003 se
1187 1949 1388 2006 habet:
1431 1929 1733 2006 soli—“enim
1769 1949 1916 2014 fere,
1957 1949 2102 2020 quod

2206 1932 2313 1998 χεῖ,
2344 1930 2568 2002 τοιαύτη
2613 1930 2706 1983 καὶ
2748 1929 2919 1993 οὕτως
2957 1929 3190 2000 ἔχουσα·
3238 1931 3389 2001 μόνοι
3436 1930 3544 2002 γὰρ
3591 1932 3777 2001 σχεδὸν

529 2039 886 2106 proﬁtentur,
921 2037 1022 2092 hoc
1049 2039 1215 2093 etiam
1242 2033 1429 2094 revera
1461 2041 1775 2110 patiuntur,
1820 2041 1890 2093 ob
1918 2055 2104 2094 amen-

527 2131 657 2182 tiam
707 2131 964 2186 nimirum
995 2141 1230 2186 mentem
1280 2132 1756 2187 circumcidentes.
1793 2131 1870 2187 Ne
1920 2140 2100 2187 autem

526 2235 628 2277 nos
657 2222 760 2276 hoc
803 2222 1024 2278 nomine
1053 2233 1342 2288 accusent,
1384 2224 1529 2294 quod
1568 2223 1750 2278 Vitalii
1793 2225 1894 2278 viri
1941 2224 2102 2280 nobis

528 2309 841 2364 charissimi
875 2310 1034 2366 fidem
1055 2351 1070 2374 ,
1119 2326 1284 2381 quam
1303 2352 1318 2378 ,
1371 2313 1444 2366 ita
1472 2313 1782 2382 postulante
1810 2314 1969 2368 beato
1997 2312 2102 2366 Da-

534 2415 706 2464 maso,
738 2399 926 2456 Romae
956 2403 1214 2472 episcopo
1237 2441 1253 2466 ,
1292 2403 1485 2458 litteris
1514 2403 1885 2473 consignatam
1909 2404 2098 2469 edidit,

535 2490 687 2558 prius
749 2491 970 2559 quidem
1015 2493 1467 2560 probaverimus,
1539 2509 1686 2548 nunc
1752 2509 1881 2548 vero
1937 2508 2102 2564 repu-

529 2578 740 2632 diemus
767 2618 783 2643 ,
818 2579 887 2633 de
935 2579 1035 2633 hac
1069 2594 1286 2648 quoque
1322 2595 1381 2633 re
1410 2595 1580 2650 pauca
1617 2581 1972 2638 disseremus.
2005 2581 2098 2638 Isti

529 2672 702 2733 enim,
739 2685 864 2724 cum
897 2669 1040 2740 apud
1073 2670 1208 2725 [idos
1260 2686 1392 2726 suos
1440 2672 1740 2742 discipulos
1782 2683 1836 2727 et
1866 2689 2098 2728 arcano-

531 2776 649 2814 rum
679 2760 968 2826 conscios,
999 2761 1459 2831 quemadmodum
1496 2761 1801 2828 Manichzei,
1830 2765 1975 2836 apud
2003 2781 2098 2821 eos

529 2867 667 2921 quos
695 2852 897 2908 eiectos
927 2862 1126 2907 vocant
1150 2893 1166 2915 ,
1199 2855 1267 2909 de
1314 2855 1602 2911 divinitate
1657 2856 1974 2928 disputant,
2014 2866 2100 2912 to-

529 2954 645 2999 tum
685 2960 844 3000 suum
896 2945 1148 2999 morbum
1181 2945 1521 3016 detegentes,
1559 2948 1642 3002 vix
1677 2947 1839 3002 etiam
1876 2961 2097 3004 carnem

530 3034 801 3091 Salvatori
857 3037 1126 3090 tribuunt.
1173 3036 1309 3090 Cum
1359 3044 1540 3092 autem
1597 3041 1978 3095 communibus
2031 3040 2098 3096 de

534 3126 890 3180 humanitatis
919 3125 1296 3195 assumptione
1329 3127 1634 3190 sententiis,
1669 3143 1808 3198 quas
1847 3127 2096 3200 Scriptu-

534 3234 594 3270 ra
643 3217 905 3280 exhibet,
968 3218 1372 3271 convincuntur
1427 3233 1490 3272 ac
1554 3227 1920 3289 premuntur,
1979 3222 2096 3292 pias

530 3309 749 3380 quidem
792 3309 1060 3364 dir-tiones
1095 3309 1446 3373 conﬁtentur,
1480 3325 1669 3366 verum
1702 3312 1848 3366 circa
1878 3328 2098 3368 sensum
2125 3282 2168 3339 θ

530 3412 586 3456 et
625 3401 1034 3472 intelligentiam
1083 3401 1237 3458 dolos
1289 3410 1514 3457 nectunt
1541 3441 1558 3466 ,
1589 3418 1694 3457 non
1727 3403 1943 3474 quidem
1978 3405 2099 3458 ani-

533 3511 653 3558 mae,
689 3511 788 3550 nec
815 3495 1043 3550 rationis
1078 3509 1142 3548 ac
1169 3494 1368 3550 mentis
1409 3504 1686 3565 expertem
1727 3511 1826 3549 nec
1856 3495 2104 3564 imperfe-

531 3595 681 3640 ctum
702 3586 811 3656 95
843 3586 1114 3641 hominem
1138 3586 1489 3642 conﬁtentes:
1515 3595 1772 3643 caeterum
1805 3589 2020 3651 animae,
2047 3595 2103 3642 et

531 3677 800 3739 rationis,
856 3691 920 3730 ac
958 3677 1159 3732 mentis
1193 3677 1313 3732 loco
1362 3677 1702 3734 divinitatem
1758 3677 2099 3748 inducentes,

532 3767 760 3838 perinde
796 3775 961 3837 atque
995 3766 1113 3838 ipsa
1168 3768 1285 3822 sola
1319 3782 1444 3822 cum
1493 3783 1659 3823 carne
1705 3768 2001 3838 temperata
2048 3776 2103 3823 et

532 3857 784 3928 copulata
825 3856 1026 3921 fuerit,
1058 3864 1114 3910 at
1153 3872 1262 3912 non
1298 3855 1464 3912 etiam
1497 3856 1746 3912 humana:
1771 3867 1973 3913 nostrae
2013 3875 2101 3915 res

532 3956 588 4002 et
627 3947 1022 4017 proprietates;
1069 3947 1283 4003 etiamsi
1318 3948 1410 4002 illa
1458 3948 1526 4003 ab
1561 3948 1712 4002 omni
1746 3958 1971 4019 peccato
2001 3965 2103 4021 pu-

530 4041 668 4094 ritas
722 4039 957 4093 humana
996 4039 1309 4094 comlitione
1365 4039 1654 4094 sublimior
1684 4048 1863 4107 esset,
1915 4056 1979 4097 ac
2017 4042 2100 4096 vi-

533 4133 796 4188 tiosarum
824 4141 1132 4187 nostrarum
1159 4132 1504 4189 aliectiouum
1530 4134 1820 4206 expiatrix.

604 4289 717 4360 (97)
758 4290 895 4360 Ἔχε
949 4289 1355 4355 κοινωνικούς.
1414 4287 1696 4360 (Σωτιδείζτ
1753 4287 1821 4344 In
1867 4305 2103 4345 commu-

533 4359 687 4413 nione
716 4359 865 4421 habe,
898 4359 1008 4412 illis
1037 4360 1398 4429 communione
1435 4359 1676 4429 jungerc.

605 4429 714 4498 (98)
747 4431 812 4498 "O_
834 4427 1300 4498 δογματίζουσιζ.
1325 4426 1406 4498 Ita
1435 4426 1585 4482 Colb.
1616 4431 1670 4494 '5,
1694 4429 1748 4493 6,
1783 4429 1839 4494 9,
1867 4445 1919 4493 a,
1948 4429 2102 4486 Mon-

533 4496 640 4552 tac.
680 4496 741 4550 ac
767 4496 951 4550 Morel.
994 4497 1226 4566 legitque
1259 4496 1397 4566 Bil|._
1421 4498 1477 4550 In
1505 4499 1636 4552 edit.
1673 4500 1702 4552 ὅ
1734 4500 1906 4554 deest.

607 4567 717 4633 (99)
756 4562 1071 4618 Οὺΐταλίοῦ
1100 4562 1327 4618 πῖστιν.
1359 4564 1610 4629 Vitalius,
1654 4570 1938 4624 honestate
1974 4570 2100 4624 vitze

2203 4581 2392 4619 uxores
2433 4566 2622 4619 habent
2649 4605 2662 4625 .
2709 4579 2929 4633 quorum
2962 4562 3094 4614 nihil

2206 2019 2235 2072 ὃ
2272 2019 2688 2092 δογματίζουσιν
2731 2021 2863 2089 (98),
2906 2020 3074 2084 ὅντως
3115 2021 3208 2073 καὶ
3248 2021 3575 2092 πάσχουσιν,
3619 2024 3775 2095 ἀνοίᾳ

2205 2112 2299 2166 τὸν
2343 2111 2467 2166 νοῦν
2515 2113 2959 2184 περικόπτοντες.
3011 2114 3129 2166 Ἵνα
3165 2113 3222 2166 δὲ
3275 2113 3348 2185 μὴ
3400 2115 3775 2185 κατηγορῶσιν

2207 2203 2364 2275 ἡμῶν
2396 2205 2474 2269 ὡς
2505 2205 2603 2274 τὴν
2633 2204 2730 2257 τοῦ
2776 2203 3059 2275 ἀγαπητοῦ
3101 2203 3382 2258 Οὐῖταλίου
3423 2207 3602 2258 πίστιν
3639 2206 3772 2276 (99),

2208 2298 2276 2368 ἡν
2313 2295 2633 2367 ἀπαιτηθεὶς
2675 2295 2779 2348 ὑπὸ
2811 2295 2904 2348 τοῦ
2948 2297 3216 2368 μακαρίου
3246 2298 3502 2369 Δαμάσου
3545 2299 3637 2351 τοῦ
3674 2299 3774 2369 τῆς

2216 2386 2436 2458 Ῥώμης
2469 2388 2790 2449 ἐπισκόπου,
2839 2387 3115 2458 ἔγγραφον
3152 2389 3462 2454 ἐπιδέδωκε,
3513 2392 3771 2462 πρότερον

2209 2479 2306 2549 μὲν
2345 2479 2792 2549 ἀποδεχομένων,
2836 2479 2932 2532 νῦν
2981 2479 3039 2534 δὲ
3085 2481 3486 2552 ἀναινομένων,
3523 2484 3614 2535 καὶ
3645 2485 3775 2554 περὶ

2202 2569 2392 2622 τούτου
2442 2568 2648 2640 βραχέα
2695 2568 3045 2641 δηλώσωμεν.
3087 2568 3246 2626 Οὗτοι
3308 2572 3416 2644 γὰρ
3469 2573 3630 2644 ἡνίκα
3675 2575 3775 2643 μὲν

2203 2664 2269 2717 ἂν
2314 2667 2426 2726 τοῖς
2458 2664 2701 2735 γνησίοις
2743 2664 2925 2718 αὐτῶν
2950 2665 3027 2734 (1)
3066 2666 3367 2736 μαθηταῖς,
3402 2666 3497 2720 καὶ
3546 2665 3775 2737 μύσταις

2202 2754 2311 2808 τῶν
2357 2757 2682 2827 ἀπορρήτων
2731 2754 3050 2824 θεολογῶσιν
3078 2797 3092 2820 ,
3150 2757 3338 2828 ὥσπερ
3383 2757 3433 2810 οἱ
3483 2760 3773 2828 Μανιχαῖοι

2203 2850 2315 2910 τοῖς
2353 2847 2628 2911 ἐκλεκτοῖς
2676 2847 2984 2918 λεγομένοις
3017 2849 3093 2920 (2)
3115 2890 3131 2916 ,
3181 2849 3309 2920 ὃλην
3340 2850 3437 2922 τὴν
3473 2851 3625 2904 νόσον
3675 2852 3776 2905 ab-

2201 2941 2308 2994 τῶν
2340 2941 2416 3012 (5)
2450 2939 2916 3006 ὲκκαλύπτοντες,
2977 2943 3128 3012 μόλις
3179 2943 3272 2996 καὶ
3318 2945 3416 3014 τὴν
3469 2945 3645 3015 σάρκα
3695 2944 3773 3016 τῷ

2202 3035 2416 3105 Σωτῆρι
2452 3033 2705 3089 διδόασιν.
2753 3037 2920 3090 Ὅταν
2960 3037 3016 3090 δὲ
3065 3041 3185 3103 ταῖς
3233 3041 3440 3101 κοιναῖς
3474 3038 3773 3109 ὑπολήψεσι

2204 3129 2332 3201 περὶ
2371 3129 2472 3199 τῆς
2504 3112 2988 3200 ἐνανθρωπὴσεως,
3013 3128 3080 3194 ἀς
3119 3129 3153 3201 ἡ
3191 3129 3383 3200 Γραφὴ
3421 3132 3769 3200 παρίστησιν,

2205 3221 2532 3290 ἐλέγχωνται
2565 3222 2659 3275 καὶ
2685 3222 2998 3286 πιέζωνται,
3034 3220 3135 3285 τὰς
3175 3222 3273 3292 μὲν
3316 3223 3557 3286 εὐσεϐεῖς
3597 3221 3771 3289 λέξεις

2200 3310 2543 3381 ὁμολογοῦσι,
2578 3313 2708 3383 περὶ
2745 3311 2801 3364 δέ
2832 3313 2923 3365 τὸν
2955 3312 3081 3366 νοῦν
3123 3313 3522 3386 κακουργοῦσιν
3545 3315 3643 3384 (ὦ),
3674 3315 3772 3368 οὐκ

2201 3401 2406 3473 ἄψυχον
2446 3403 2577 3474 μὲν,
2615 3403 2736 3457 οὐδὲ
2773 3404 2964 3473 ἄλογον
2985 3445 3000 3469 ,
3049 3405 3171 3460 οὐδὲ
3225 3408 3414 3471 ἄνουν,
3457 3407 3577 3460 οὐδὲ
3609 3407 3771 3478 ἀτελῆ

2201 3495 2592 3565 ὁμολογοῦντες
2634 3495 2727 3550 τὸν
2775 3497 3057 3568 ἄνθρωπον
3082 3536 3097 3561 ,
3137 3497 3315 3569 ψυχὴν
3358 3498 3414 3552 δὲ
3465 3499 3560 3552 καὶ
3588 3498 3769 3565 λόγον,

2203 3586 2300 3640 καὶ
2330 3586 2477 3650 νοῦν,
2507 3587 2677 3658 αὐτὴν
2727 3587 3040 3656 εἰσάγοντες
3072 3587 3169 3659 τὴν
3193 3588 3450 3660 θεότητα,
3490 3589 3565 3652 ὡς
3605 3590 3770 3659 αὐτῆς

2201 3679 2267 3748 τῇ
2301 3678 2465 3750 σαρκὶ
2491 3677 2889 3749 συγκραθείσης
2931 3678 3116 3749 μόνης,
3147 3679 3260 3731 ἀλλ’
3291 3680 3412 3750 οὐχ).
3434 3679 3510 3751 (5)
3541 3681 3634 3734 καὶ
3666 3680 3770 3734 τῶν

2201 3772 2485 3844 ἡμετέρων
2521 3773 2614 3825 καὶ
2652 3770 3030 3843 ἀνθρωπίνων,
3071 3773 3120 3824 εί
3167 3772 3261 3826 καὶ
3288 3773 3348 3825 τὸ
3391 3773 3772 3845 ἀναμάρτητον

2202 3864 2449 3932 κρεῖττον
2475 3863 2508 3932 ἡ
2547 3863 2669 3917 καθ’
2703 3864 2853 3934 ἡμᾶς
2890 3859 2979 3935 ἦν,
3004 3863 3102 3917 καὶ
3128 3863 3240 3918 τῶν
3269 3864 3552 3936 ἡμετέρων
3587 3866 3775 3921 παθῶν

2203 3952 2520 4026 καθάρσιον.

2201 4284 2349 4340 bere.
2382 4285 2710 4348 Auditorent,
2739 4284 2807 4340 de
2835 4283 3118 4338 Victorino
3142 4283 3476 4338 subdiacono
3505 4283 3769 4353 loquitur.

2201 4372 2329 4410 sane
2358 4355 2815 4416 Manichaeorum,
2848 4371 2952 4408 non
2997 4354 3213 4407 electum
3249 4371 3302 4408 se
3345 4370 3459 4407 esse
3502 4356 3770 4422 confessus

2200 4435 2300 4480 est.
2335 4428 2618 4480 Auditores
2651 4435 2823 4478 autem
2856 4423 2944 4492 qui
2997 4424 3333 4492 appellantur
3371 4427 3509 4492 apud
3548 4441 3635 4476 eos
3658 4465 3672 4486 ,
3722 4438 3770 4478 et

2202 4495 2446 4549 carnibus
2488 4505 2785 4560 vescuntur,
2815 4502 2864 4546 et
2895 4509 3049 4562 agros
3089 4498 3284 4555 colunt,
3317 4504 3364 4547 et
3401 4495 3449 4546 si
3484 4496 3762 4559 voluerim,

3152 4563 3350 4630 faciunt
3389 4565 3477 4633 qui
3520 4577 3772 4617 vocantur

534 4627 864 4704 conspicuus
903 4642 959 4705 et
1006 4635 1427 4705 apostoliCorum
1465 4627 1788 4705 dogmatum’
1820 4638 2093 4701 alumnus,
2130 4627 2172 4681 Ῑ)
2199 4635 2366 4688 electi.
2410 4634 2511 4688 Sed
2553 4635 2652 4702 ipsi
2682 4627 2950 4705 auditores
2987 4640 3107 4705 ante
3152 4627 3339 4685 electos
3383 4627 3551 4702 genua
3578 4637 3769 4703 ﬁgunt,

535 4705 606 4759 ab
633 4703 976 4777 ‘A’pollinario
1014 4703 1230 4777 tan_t_I_em
1259 4703 1559 4777 correptus
1579 4713 1661 4758 est
1692 4707 2094 4777 atqueiinﬂhte-

537 4770 706 4831 resqu
743 4781 1066 4844 pertractus.
1091 4770 1545 4845 Tlieodoret.'lib.
1575 4789 1640 4845 ν,
1691 4770 1813 4845 cap.
1851 4776 1904 4828 4.
1941 4773 2098 4845 IIunc

535 4842 904 4927 épollinarilus
936 4842 1296 4927 sectatoribus
1342 4843 1470 4927 suis.
1499 4842 1802 4927 Antiochia:
1835 4844 2094 4926 prtefecit.

537 4910 761 4984 Νίεεριι-
795 4915 886 4968 ml-
911 4928 1008 4976 ιιι,
1043 4910 1224 4984 (3³9ςρ
1248 4950 1263 4975 .
1299 4913 1391 4984 qui
1424 4920 1477 4966 et
1519 4913 1663 4984 illius
1705 4910 1868 4982 supra
1911 4915 2101 4984 memi-

536 4981 690 5040 nerat
729 4985 822 5040 lib.
862 4999 916 5036 ιιι
943 5022 957 5044 ,
995 4998 1114 5051 cap.
1144 4981 1210 5034 I2
1235 5022 1250 5044 ,
1286 4983 1374 5036 ubi
1415 4991 1470 5036 et
1512 4981 2102 5052 Apollitiaristas_Vita-

538 5056 716 5109 Iianos
755 5055 932 5107 dictos
981 5050 1438 5106 ab’Antioc-Iienis
1484 5050 1698 5107 scribit.
1733 5053 1868 5108 Ciun
1903 5050 2100 5108 Vitalio

538 5125 645 5179 isto
700 5140 759 5178 se
803 5122 1106 5176 Antiochiae
1156 5137 1551 5188 congressum,
1598 5135 1760 5188 atque
1818 5124 1986 5177 multa
2033 5125 2100 5179 de

537 5191 962 5317 pilentalillhristi
1011 5193 1338 5246 disseruisse
1394 5193 1584 5247 scribit
1636 5193 1851 5264 Epiph.,
1887 5194 1978 5247 lib.
2015 5210 2095 5248 ιιι.

585 5279 663 5317 are
730 5281 740 5316 I
791 5301 804 5314 .

585 5279 663 5318 ire
685 5279 804 5316 υΙΙΙ.

610 5334 684 5403 (I)
712 5330 1000 5403 ιένησίοις
1018 5327 1241 5403 gerrim.
1278 5329 1430 5403 C_o|b.
1472 5331 1802 5403 5,_yvqalotg
1838 5332 2064 5403 ἑαυτῶν.

609 5397 685 5471 (‘2)
735 5397 1070 5471 Ἐκζλεκτοῖς
1118 5398 1481 5471 λεγομένοις.
1526 5397 1756 5471 August.
1800 5403 1855 5456 in
1897 5402 1991 5456 lib.
2024 5402 2102 5457 De

536 5469 820 5526 hwresibus
886 5470 952 5524 ad
990 5469 1455 5534 Quodvultdeum,
1523 5469 1716 5526 Interes.
1759 5486 1916 5532 XLVI,
1965 5480 2099 5526 tom.

537 5539 670 5604 VIII,
711 5555 851 5612 pag._
875 5539 961 5612 tt,
1000 5539 1324 5612 Manichacus
1355 5539 1832 5612 ecclesiam_suaiii
1861 5541 2103 5597 voluisse

535 5609 796 5666 constare
823 5609 1035 5663 duabus
1069 5609 1520 5676 professionibus,
1564 5609 1873 5662 auditorum
1907 5619 1961 5664 ct
1992 5612 2100 5666 ele-

535 5679 998 5743 ctorum,scribit.
1032 5676 1102 5731 Ut
1131 5687 1311 5748 autem
1351 5677 1643 5748 intelligas.
1676 5679 1751 5732 ait
1785 5677 1928 5738 Bill..
1960 5696 2100 5748 quos

536 5751 742 5805 electos
771 5787 786 5811 ,
848 5762 1097 5828 quosque
1148 5747 1425 5828 auditores
1450 5816 1464 5828 θ
1491 5747 1754 5828 vecarent
1777 5747 2096 5828 Manichaei,

541 5835 721 5889 opera:
747 5815 979 5889 pretium
999 5815 1104 5889 erit
1128 5815 1290 5889 verba
1312 5816 1552 5889 ejusdem
1579 5819 1806 5889 August.
1840 5833 1901 5873 ex
1933 5820 2096 5887 epist.

543 5883 690 5945 ιιιιιιο
749 5883 858 5943 ’ὶὸϋ
916 5886 983 5940 ad
1033 5883 1352 5940 Deuterium’
1390 5883 1705 5956 episcopum
1772 5887 1861 5941 hic
1929 5883 2100 5944 ascri-

2197 4713 2252 4755 ut
2305 4706 2380 4757 eis
2429 4699 2613 4757 maniis
2660 4699 2982 4770 supplicibus
3032 4699 3522 4769 immanium—non
3572 4699 3768 4758 a'solis

2197 4774 2490 4842 episcopis.
2536 4772 2612 4826 vel
2640 4770 2978 4842 presbyteris,
3021 4770 3382 4842 autﬁdiaconis
3411 4789 3626 4836 eorum,
3678 4775 3770 4827 sed

2198 4837 2232 4893 α
2259 4837 2574 4910 quibuslibet
2605 4837 2811 4910 electis.
2836 4837 3010 4894 Solem
3060 4841 3221 4910 etiam
3264 4851 3312 4894 et
3344 4843 3522 4895 lunam
3547 4859 3662 4895 cum
3693 4846 3768 4898 eis

2198 4908 2423 4966 adorant
2451 4923 2499 4966 et
2533 4919 2709 4980 orant.
2745 4908 2838 4962 Die
2852 4925 3064 4980 quoque
3085 4908 3360 4964 Dominico
3377 4911 3622 4980 jejunum
3651 4931 3769 4966 cum

2197 4981 2340 5047 illis,
2381 4994 2430 5036 et
2472 4997 2647 5035 omnes
2687 4979 3040 5049 blasphemias
3092 4981 3306 5034 credunt
3333 5021 3348 5044 ,
3380 4979 3484 5035 etc.
3539 4983 3662 5036 llaec
3693 4985 3766 5037 ibi

2199 5052 2431 5121 August.
2454 5049 2762 5121 Elec'tor-um
2790 5049 3240 5121 etiam‘ipsorum,
3266 5058 3322 5105 ut
3353 5061 3406 5106 et
3432 5053 3762 5117 auditorum,

2200 5119 2444 5176 meminit
2508 5119 2837 5176 Posidonius
2891 5120 3229 5175 Calamensis
3277 5122 3332 5176 in
3387 5122 3482 5176 lib.
3524 5123 3601 5175 De
3648 5122 3765 5176 Vita

2200 5190 2449 5260 August,
2473 5207 2594 5261 cap.
2629 5189 2716 5243 I6.

2271 5256 2347 5326 ('3)
2377 5256 2579 5315 Ndo'oir
2605 5258 2820 5313 αὐτῶν.
2850 5257 2926 5311 Ita
2956 5256 3191 5313 Montac.
3224 5266 3278 5314 et
3312 5257 3498 5314 Iorel.
3539 5259 3597 5314 In
3627 5260 3762 5316 edit.

2199 5330 2351 5382 νόσον
2403 5333 2620 5396 αὐτοῖς,
2670 5330 2941 5398 vertitque
2971 5328 3130 5382 BiII.:
3163 5332 3344 5384 Totum
3396 5331 3632 5384 morbum
3667 5333 3766 5399 ipsi

2198 5399 2510 5451 deleamus.

2235 5409 2510 5455 eteaentes.

2541 5470 2608 5523 δὲ
2640 5468 2748 5522 τὸν
2770 5467 2922 5539 γοῦν
2946 5467 3348 5538 κακουργοῦσι
3395 5469 3640 5524 Οοιιιὴεί.
3676 5469 3763 5524 in-

2200 5537 2638 5609 terpretationem
2670 5537 2976 5608 sequimur:
3005 5537 3240 5594 verterat
3265 5539 3405 5594 Bil|.:
3433 5541 3589 5594 Circa
3616 5557 3762 5594 men-

2201 5619 2301 5662 tem
2329 5610 2508 5664 dolum
2537 5619 2767 5664 struunt.

2272 5679 2346 5748 (5)
2387 5680 2539 5733 Ἀλλ’
2572 5679 2729 5748 οὐχί,
2760 5688 2868 5733 etc.
2899 5679 3181 5735 Combel'.:
3215 5680 3291 5732 Ac
3333 5696 3434 5732 non
3463 5680 3621 5732 etiam
3649 5694 3766 5745 qua;

2201 5759 2383 5802 nostra
2407 5759 2526 5872 sunt
2550 5759 2704 5819 atque
2723 5749 2954 5804 Iutmana
2975 5750 3138 5805 eidem
3163 5759 3547 5819 conteinperata
3571 5750 3766 5817 fuerim

2201 5829 2248 5872 et
2282 5835 2410 5872 comi
2438 5829 2549 5872 uta.

2199 5829 2248 5872 et
2282 5829 2549 5889 copulata.
