4178 6450
561 423 665 480 199

1797 424 1855 480 S.
1892 420 2225 479 GREGORll
2265 418 2612 476 THEOLOGI

3736 423 3844 483 200

559 539 746 596 dinem
781 537 1066 595 hominum
1110 538 1454 596 Salvatorem
1480 542 1692 597 factum
1728 556 1885 607 esse,
1942 551 2000 598 et
2052 542 2145 597 ha-

2257 538 2421 611 μένου
2439 577 2457 605 ,
2513 537 2817 609 φαντασίας
2868 538 2929 594 δέ
2973 556 3124 605 τινος
3177 539 3468 612 ἀπατηλῆς
3525 542 3623 597 κα)⁵
3676 540 3843 614 δοκή-

558 630 676 686 bitu
713 629 996 687 inventum
1037 641 1098 687 ut
1136 632 1449 688 hominem:
1501 635 1663 704 quasi
1699 633 1788 691 his
1821 635 2007 691 verbis
2036 650 2146 689 nou

561 724 804 779 humana
862 723 1039 780 forma
1103 725 1485 798 signiﬁcetur,
1525 728 1621 783 sed
1682 726 1849 782 fallax
1897 728 2148 798 quaedam

560 817 775 887 species
802 825 857 872 et
889 817 1099 887 Opinio.
1862 828 1867 835 ‘

631 908 899 976 Quoniam
932 909 1099 980 igitur
1141 926 1221 965 eae
1249 925 1450 974 voces,
1485 910 1531 966 si
1566 919 1717 966 recte
1743 910 2143 982 intelligantur,

558 1014 684 1059 cum
726 1000 928 1072 pietate
980 1000 1293 1070 conjuncta:
1344 1009 1509 1070 sunt;
1567 1003 1612 1058 si
1662 1018 1948 1073 perperam
1980 1017 2148 1072 expo-

558 1101 780 1157 nantur,
820 1092 1105 1162 impietate
1144 1109 1253 1147 non
1281 1101 1494 1157 carent,
1532 1094 1663 1164 quid
1708 1096 1929 1158 mirum,
1969 1094 2016 1150 si
2055 1093 2149 1149 Vi-

556 1183 672 1239 talii
701 1198 923 1254 quoque
952 1185 1117 1238 verba
1146 1200 1250 1237 nos
1278 1183 1523 1253 quidem,
1553 1185 1628 1239 ita
1662 1184 1930 1241 suadente
1953 1185 2148 1239 γυιων

554 1282 699 1339 tate,
731 1276 789 1329 in
845 1275 997 1344 pium
1059 1289 1285 1329 sensum
1342 1275 1691 1345 accepimus,
1734 1276 1824 1329 alii
1861 1284 2043 1331 autem
2077 1274 2147 1329 ad

554 1382 773 1429 eorum,
802 1382 925 1437 quae
965 1366 1169 1436 scripta
1204 1375 1354 1425 sunt.
1387 1375 1624 1422 mentem
1664 1375 2069 1438 exasperantur
2093 1374 2148 1422 et

558 1454 1018 1511 inﬂammantur?
1045 1454 1202 1522 Quod
1245 1456 1410 1510 etiam
1468 1456 1523 1510 in
1574 1471 1744 1512 causa
1790 1455 1962 1512 fuisse
2000 1471 2145 1521 reor,

556 1560 659 1603 cur
692 1547 809 1618 ipse
829 1565 1046 1620 quoque
1079 1547 1345 1604 Damasus
1367 1592 1381 1611 ,
1409 1564 1532 1602 cum
1569 1556 1757 1618 postea
1784 1549 1990 1603 rectius
2017 1548 2149 1603 edo-

556 1649 680 1696 ctus
711 1640 929 1706 l'uisset,
973 1642 1249 1712 simulque
1278 1641 1333 1695 in
1365 1642 1616 1711 pristinis
1649 1656 1745 1695 eos
1791 1640 2149 1711 expositioni-

557 1733 660 1787 bus
689 1741 935 1803 perstare
961 1733 1248 1795 audiisset,
1290 1748 1386 1788 eos
1427 1734 1495 1787 ab
1531 1731 1790 1788 Ecclesia:
1816 1741 1962 1787 cmtu
1994 1732 2150 1786 abdi-

554 1825 731 1891 carit,
785 1823 1020 1895 ﬁdeique
1064 1825 1304 1880 libellum
1354 1840 1480 1879 cum
1512 1826 1971 1880 auathematismo
1996 1823 2146 1879 dele-

2256 646 2419 696 σεως.

2340 899 2556 970 Ἐπειδὴ
2602 897 2785 952 τοίνυν
2818 913 2876 951 αι
2921 900 3096 967 φωνα1⁵
3133 894 3293 955 αὗται
3328 900 3471 970 (18),
3514 900 3693 966 καλῶς
3742 907 3841 972 μὲν

2255 992 2566 1062 νοούμεναι,
2607 990 2744 1063 μετὰ
2797 991 2898 1061 τῆς
2950 991 3232 1057 εὐσεϐείας
3266 993 3396 1056 εἰσὶ,
3438 994 3622 1057 κακῶς
3658 994 3714 1050 δὲ
3757 995 3843 1060 ἐξ.

2255 1082 2579 1155 ηγούμεναι,
2606 1083 2666 1137 τὸ
2696 1082 2954 1147 δυσσεὸὲς
2981 1083 3187 1155 ἔχουσι,
3218 1085 3270 1138 τί
3301 1084 3634 1156 θαυμαστὸν,
3664 1088 3713 1139 εί
3743 1087 3841 1139 καὶ

2252 1177 2382 1240 τοὺς
2428 1176 2712 1231 Οὐῖταλίου
2761 1175 2985 1246 λόγους,
3021 1179 3183 1249 ἡμεῖς
3220 1176 3320 1249 μὲν
3371 1178 3465 1230 ἐπὶ
3517 1178 3580 1230 τὸ
3621 1178 3843 1232 εὐσεϐέ-

2254 1285 2447 1343 στερον
2473 1268 2797 1340 ἐδεξάμεθα,
2830 1268 2975 1322 οῦτω
3003 1268 3098 1322 τοῦ
3139 1268 3316 1323 θέλειν
3353 1269 3650 1334 πείθοντος,
3688 1271 3840 1326 ἄλλοι

2253 1364 2311 1418 δὲ
2347 1363 2485 1433 πρὸς
2532 1364 2627 1418 τὸν
2667 1363 2778 1417 τῶν
2818 1361 3223 1433 γεγραμμένων
3258 1362 3385 1416 νοῦν
3426 1364 3837 1435 άγριαίνουσιν;

2253 1456 2284 1510 ὃ
2310 1450 2400 1526 μοι
2430 1454 2598 1516 δοκεῖ,
2633 1454 2730 1508 καὶ
2768 1454 3023 1524 Δάμασος
3050 1454 3213 1517 αὐτὸς
3263 1452 3690 1524 μεταδιδαχθεὶς.
3747 1456 3841 1509 καὶ

2253 1542 2373 1614 ἅμα
2400 1544 2705 1615 πυθόμενος
2723 1544 2817 1596 ἐπὶ
2845 1541 2953 1596 τῶν
2981 1542 3264 1615 προτέρων
3293 1543 3477 1613 μένειν
3508 1543 3616 1613 (19)
3643 1546 3841 1609 αὐτοὺς

2255 1633 2590 1706 ἐξηγήσεων.
2625 1632 3047 1705 ἁποκηρύκτους
3090 1634 3288 1698 αὐτοὺς
3333 1634 3698 1704 πεποιῆσθαι.
3746 1637 3840 1690 καὶ

2253 1726 2316 1781 τὸ
2346 1728 2729 1798 γραμματεῖον
2753 1725 3183 1795 ἀνατετραφέναι
3206 1724 3321 1795 (20)
3351 1724 3452 1797 τῆς
3476 1726 3710 1789 πίστεως
3741 1729 3838 1781 σὺν

2254 1817 2715 1889 άναΟεματισμῷ·
2753 1819 2849 1870 καὶ
2882 1816 3018 1889 πρὸς
3062 1816 3233 1888 αὐτὴν
3269 1816 3369 1887 τὴν
3414 1817 3629 1887 ἀπάτην
3657 1816 3840 1872 αὐτῶν

551 1918 726 1973 verit:
762 1927 877 1971 tum
909 1918 1071 1972 etiam
1111 1917 1256 1987 quod
1311 1916 1556 1971 fraudem
1585 1933 1706 1972 eam
1731 1959 1747 1981 ,
1783 1918 1836 1971 in
1867 1932 2028 1987 quam
2057 1932 2145 1987 per

2254 1911 2613 1983 δυσχεράνας,
2644 1911 2714 1981 ἡν
2738 1909 2942 1964 ἔπαθεν
2962 1908 3023 1974 ἐξ
3055 1907 3376 1981 ἁπλότητος.

552 2008 959 2076 simplicitatem
986 2009 1287 2072 inciderat,
1314 2011 1641 2079 permoleste
1672 2008 1858 2064 ferret.

622 2096 826 2152 Harum
890 2099 1073 2168 itaque
1124 2114 1308 2153 rerum
1374 2115 1498 2153 eum
1559 2100 1847 2155 manifeste
1903 2099 2139 2154 convicti

548 2198 711 2252 sunt,
758 2204 863 2244 nou
894 2189 1267 2261 indignatione
1293 2188 1620 2253 afﬁciantur,
1656 2189 1749 2244 sed
1788 2192 1994 2262 pudore
2022 2191 2141 2247 suf-

552 2282 885 2347 fundantur;
918 2298 1027 2338 non
1055 2282 1357 2339 mendaciis
1385 2297 1487 2339 nos
1535 2284 1817 2338 incessant
1842 2324 1857 2347 ,
1892 2284 1986 2338 sed
2023 2284 2143 2338 ani-

549 2390 669 2429 mos
706 2374 1014 2444 deprimant
1040 2414 1056 2435 ,
1107 2389 1172 2429 ac
1208 2389 1469 2445 magnum
1500 2373 1630 2428 illud
1669 2384 1724 2430 ct
1758 2374 2139 2429 admirandum

549 2464 892 2518 orthodoxize
912 2464 1149 2534 elogium
1177 2471 1231 2517 et
1256 2464 1591 2532 praeconium
1630 2479 1697 2518 ex
1738 2464 1935 2518 :cdium
1973 2463 2143 2517 vesti-

551 2558 697 2612 bulis
736 2565 1052 2628 expungant
1078 2596 1093 2619 ,
1139 2571 1251 2627 quo
1290 2556 1624 2626 ingressui-is
1662 2556 1847 2610 statim
1882 2573 2005 2612 eum
2038 2556 2144 2610 htt-

548 2637 788 2718 jusniodi
818 2646 1123 2717 quaestione
1157 2661 1222 2701 ac
1255 2644 1607 2701 distinctione
1643 2652 1964 2709 occurrunt,
1996 2642 2145 2700 Ado-

550 2739 781 2796 randum
822 2739 1077 2794 videlicet
1125 2753 1288 2803 esse,
1345 2752 1454 2793 non
1508 2738 1782 2793 hominem
1840 2736 2142 2806 Deiferum,

549 2832 649 2888 sed
686 2831 853 2886 Deum
889 2831 1242 2886 carniferum.
1279 2830 1400 2899 Quo
1428 2830 1559 2902 quid
1587 2831 1811 2888 stultius
1847 2831 1973 2903 ﬁngi
2009 2845 2142 2902 pos-

549 2926 662 2989 sit,
690 2941 1020 2997 magnopere
1046 2925 1174 2979 licet
1196 2925 1301 2979 hoc
1333 2924 1552 2981 nomine
1573 2925 1879 2995 glorientur
1909 2925 2032 2979 novi
2063 2924 2141 2980 illi

550 3017 802 3073 veritatis
834 3017 1158 3087 prtecones?
1193 3014 1456 3082 Quamvis
1495 3015 1641 3070 enim
1662 3055 1678 3080 ,
1710 3017 1782 3071 oh
1810 3016 2141 3073 inversionis

549 3107 891 3163 celeritatem
917 3145 934 3170 ,
966 3105 1321 3176 sophisticam
1359 3104 1596 3174 aliquam
1644 3108 1875 3178 gratiam
1922 3106 2141 3172 habeat,

550 3209 608 3256 et
636 3198 786 3254 velut
823 3198 879 3254 in
917 3198 1258 3255 calculorum
1286 3197 1674 3264 subductionc,
1714 3198 2141 3255 ludiﬁcationem

550 3294 865 3368 quamdam,
906 3295 1284 3366 imperitorum
1315 3293 1532 3350 animos
1561 3293 1927 3350 oblectantem
1956 3310 1971 3350 :
2005 3294 2142 3349 nihil
2168 3258 2213 3318 ϐ

549 3401 732 3447 tamen
770 3405 923 3461 teque
953 3388 1281 3453 ridiculum,
1325 3386 1465 3442 nihil
1504 3402 1659 3458 atque
1686 3387 1915 3443 stultum
1944 3394 2000 3444 et
2033 3395 2148 3442 sto-

550 3484 722 3538 lidum
743 3482 1040 3554 excogitari
1067 3489 1270 3552 potest.
1311 3478 1447 3534 Nam
1485 3479 1533 3535 si
1567 3482 1693 3552 quis
1724 3481 2013 3537 immutate
2040 3480 2145 3536 hoc

549 3575 858 3636 vocabulo,
912 3573 1091 3638 hante,
1121 3582 1288 3643 atque
1339 3574 1468 3630 item
1502 3573 1606 3629 hac
1659 3587 1831 3639 voce,
1881 3589 2039 3637 caro,
2090 3573 2146 3628 in

552 3667 724 3722 Deum
776 3667 1048 3735 (quorum
1105 3664 1314 3720 scilicet
1369 3664 1603 3719 alterum
1649 3662 1857 3729 nobis,
1915 3664 2145 3719 alterum

553 3757 692 3828 ipsis
720 3757 917 3827 placetl
937 3796 953 3821 ,
987 3767 1177 3827 postea
1211 3755 1410 3812 eximia
1446 3757 1552 3811 ista
1578 3766 1633 3810 et
1660 3756 1927 3811 divinitus
1958 3755 2149 3827 cogni~

551 3858 607 3905 ta
639 3850 951 3905 inversione
986 3856 1197 3914 utatur,
1220 3849 1361 3921 quid
1389 3847 1755 3904 conﬁcietur?
1782 3863 1974 3918 nempe
2014 3848 2148 3903 ado-

552 3944 663 3997 rari
697 3941 898 3997 debere
922 3982 937 4007 ,
984 3957 1094 3996 non
1135 3957 1356 3996 carnem
1389 3939 1652 3995 deiferam
1681 3981 1697 4005 ,
1724 3938 1820 3995 sed
1845 3938 2016 3996 Deum
2043 3939 2147 3995 ho-

548 4034 886 4093 tuiniferum.
918 4034 964 4092 Ο
992 4035 1268 4107 ingentem
1294 4033 1728 4090 absurditatem!
1762 4033 2144 4090 absconditam

550 4133 668 4197 post
682 4125 793 4196 97
805 4124 1081 4181 Christum
1094 4126 1418 4197 sapientiam
1435 4124 1596 4181 hodie
1610 4125 1769 4179 nobis
1782 4124 2142 4179 annuntiant:

550 4217 603 4271 i.l
628 4219 773 4289 quod
806 4233 939 4274 sane
972 4218 1231 4291 lacrymis
1272 4218 1497 4289 dignum
1528 4227 1634 4274 est.
1671 4214 1807 4271 Nam
1831 4216 1876 4272 si
1918 4217 2144 4289 triginta

548 4310 818 4365 duntaxat
857 4310 1058 4365 abhinc
1087 4311 1247 4365 annis
1277 4310 1415 4366 ﬁdes
1446 4309 1664 4365 initium
1703 4309 1971 4381 sumpsit,
2016 4324 2142 4364 cum

551 4401 935 4472 quadringenti
958 4401 1071 4469 jam
1098 4401 1210 4457 fere
1236 4402 1364 4456 anni
1403 4401 1660 4459 ﬁnxerint
1685 4418 1714 4458 a
1746 4417 1857 4474 quo
1885 4400 2143 4458 Christus

551 4491 938 4549 manifestatus
965 4502 1091 4559 est,
1126 4492 1290 4549 inane
1322 4495 1511 4564 utique
1544 4502 1697 4550 tanto
1742 4504 1989 4565 tempore
2040 4493 2143 4549 fuit

2321 2089 2489 2144 Ταῦτ’
2523 2088 2616 2145 οὖν
2662 2090 3015 2161 ἑληλεγμένοι
3060 2090 3270 2159 σαφῶς,
3317 2091 3391 2163 μὴ
3439 2089 3841 2161 χαλεπαινέτω-

2253 2200 2374 2248 σαν,
2416 2183 2534 2238 ἀλλ’
2579 2182 3065 2257 ὲντρεπέσθωσαν,
3101 2183 3238 2253 μηδὲ
3289 2182 3836 2252 καταψευδέσθωσαν,

2246 2279 2385 2335 ἀλλὰ
2420 2278 2895 2332 συστελλέσθωσαν
2918 2318 2933 2340 ,
2970 2278 3067 2331 καὶ
3112 2277 3220 2330 τῶν
3266 2273 3527 2330 πυλώνων
3559 2275 3837 2346 ἐξαλειφέ-

2246 2386 2429 2423 τωσαν
2481 2369 2544 2422 τὸ
2596 2369 2740 2440 μέγα
2778 2369 2873 2423 καὶ
2927 2367 3242 2440 θαυμαστὸν
3286 2367 3465 2421 αὐτῶν
3513 2370 3687 2422 ὲκεῖνο
3721 2366 3837 2439 (2!)

2250 2462 2599 2535 πρόγραμμά
2641 2478 2702 2514 τε
2734 2461 2830 2514 καὶ
2870 2461 3131 2532 κήρυγμα
3168 2459 3270 2530 τῆς
3306 2458 3648 2530 όρθοδοξίας,
3697 2457 3838 2528 μετὰ

2248 2554 2564 2626 ζητήματος
2590 2551 2753 2616 εὐθὺς
2794 2551 3147 2615 ἀπαντῶντες
3174 2553 3287 2614 τοῖς
3315 2551 3545 2604 εἰσιοῦσι
3589 2550 3685 2604 καὶ
3723 2549 3841 2604 δια-

2250 2646 2523 2720 κρίσεως,
2571 2645 2633 2698 τὸ
2678 2644 2790 2698 δεῖν
2823 2647 3151 2717 προσκυνεῖν
3194 2645 3269 2718 μὴ
3316 2644 3603 2716 ἄνθρωπον
3649 2644 3841 2714 θεοφό-

2250 2756 2379 2812 ρον,
2416 2736 2552 2792 ἀλλὰ
2592 2735 2727 2790 Θεὸν
2770 2734 3131 2809 σαρκοφόρον.
3178 2731 3253 2790 Οὗ
3293 2734 3345 2788 τί
3377 2735 3488 2805 (9‘2)
3534 2734 3730 2803 γένοιτ’
3770 2734 3838 2789 ἂν

2248 2830 2611 2903 ἀλογώτερον,
2650 2829 2755 2884 κᾶν
2787 2827 2866 2900 τῷ
2901 2829 3109 2899 ῥήματι
3156 2826 3332 2899 τούτῳ
3369 2827 3512 2899 μέγα
3541 2826 3652 2897 (ἳό)
3698 2843 3836 2899 φρο-

2247 2922 2415 2978 νῶσιν
2439 2923 2490 2975 οί
2528 2921 2639 2975 νέοι
2662 2919 2763 2990 τῆς
2805 2917 3062 2989 ἀληθείας
3097 2918 3375 2990 κήρυκες;
3408 2918 3567 2989 χάριν
3597 2917 3695 2987 μὲν
3728 2918 3840 2990 γὰρ

2248 3015 2361 3088 ἔχει
2389 3013 2514 3069 τινὰ
2542 3010 2862 3082 σοφιστικὴν
2895 3010 2973 3081 τῷ
2998 3010 3156 3081 τάχει
3190 3010 3294 3082 τῆς
3321 3009 3705 3082 ἀντιστῳφῆς,
3744 3009 3839 3064 καὶ

2248 3106 2628 3179 ψηφολογικὴν
2670 3103 2989 3177 τερατείαν,
3028 3103 3157 3167 τοὺς
3201 3102 3557 3166 ἀπαιδεύτους
3605 3102 3841 3175 τέρπου-

2250 3218 2351 3256 σαν
2376 3217 2390 3232 ο
2422 3200 2539 3254 ἔστι
2558 3199 2616 3253 δὲ
2634 3198 2746 3253 τῶν
2775 3196 3000 3266 γελοίων
3027 3195 3387 3269 γελοιότερον,
3417 3196 3512 3251 καὶ
3534 3195 3643 3250 τῶν
3668 3197 3834 3249 ἀσυν-

2246 3292 2385 3347 έτων
2436 3289 2861 3362 άσυνετώτερον.
2913 3289 2977 3342 Ei
3026 3287 3137 3359 γάρ
3191 3304 3277 3351 τις
3325 3286 3648 3360 μεταϐαλὼν
3697 3286 3833 3359 τὴν,

2246 3388 2580 3459 ἄνθρωπος,
2611 3384 2818 3457 φωνὴν,
2848 3383 2943 3437 καὶ
2978 3381 3100 3453 τὴν,
3132 3380 3311 3451 σὰρξ,
3337 3383 3418 3444 είς
3459 3379 3591 3434 Θεὸν
3626 3372 3741 3449 (ὧν
3776 3378 3837 3432 τὸ

2250 3482 2351 3554 μὲν
2395 3481 2527 3551 ἡμῖν
2563 3477 2810 3550 ἀρέσκει,
2844 3474 2906 3529 τὸ
2951 3474 3009 3529 δὲ
3046 3474 3300 3546 αὐτοῖς),
3341 3473 3535 3527 ἔπειτα
3582 3475 3648 3544 τῇ
3685 3474 3837 3526 ἀντι·
3910 3482 3915 3486 ’

2248 3574 2459 3644 στροφῇ
2494 3570 2608 3642 (21)
2643 3570 2913 3642 χρήσαιτο
2948 3569 3017 3638 τῇ
3045 3565 3328 3638 θαυμασία
3371 3564 3544 3638 ταύτῃ
3588 3563 3683 3618 καὶ
3716 3563 3835 3616 θεο-

2245 3664 2475 3733 γνώστῳ
2506 3660 2643 3731 (25),
2672 3661 2726 3714 τί
2772 3660 3205 3733 συναχθήσεταις
3255 3658 3317 3712 τὸ
3352 3657 3462 3711 δεῖν
3506 3658 3834 3728 προσκυνεῖν

2250 3754 2329 3827 μὴ
2372 3753 2552 3826 σάρκα
2595 3751 2886 3826 θεοφόρον,
2941 3751 3079 3807 ἀλλὰ
3108 3751 3243 3805 Θεὸν
3290 3749 3733 3822 ἀνθρωποφόρον.
3768 3750 3834 3804 Ὢ

2245 3846 2348 3918 τῆς
2389 3846 2651 3910 ἀτοπίαςί
2702 3843 2804 3916 τὴν
2857 3842 3358 3917 ἀποκεκρυμμένην
3413 3840 3553 3914 μετὰ
3596 3841 3832 3912 Χριστὸν

2249 3937 2443 4007 σοφίαν
2486 3937 2730 4009 σήμερον
2775 3937 2908 4007 ἡμῖν
2959 3934 3419 4005 καταγγέλλουσιν
3454 3932 3598 4004 (‘26),
3646 3933 3732 4002 ἐφ’
3785 3925 3832 4002 ᾧ

2245 4030 2341 4083 καὶ
2368 4028 2627 4100 δακρύειν
2669 4028 2840 4096 ἄξιον.
2880 4028 2945 4082 Εἰ
2977 4027 3086 4100 γάρ
3137 4026 3243 4100 πρὸ
3286 4025 3581 4098 τριάκοντα
3625 4025 3834 4080 τούτων

2245 4120 2385 4176 ἑτῶν
2442 4123 2476 4193 ἡ
2529 4122 2713 4186 πίστις
2738 4121 2989 4201 μήρξατο.
3032 4120 3403 4192 τετρακοσίων
3455 4118 3640 4190 σχεδὸν
3694 4116 3831 4171 ἐτῶν

2244 4215 2546 4285 γεγονότων
2589 4213 2683 4285 ἀφ’
2735 4207 2796 4267 οὗ
2831 4212 3067 4285 Χριστὸς
3111 4213 3523 4286 πεφανέρωται,
3568 4210 3723 4267 κενὸν
3772 4212 3829 4263 ἒν

2242 4306 2484 4377 τοσούτῳ
2528 4305 2707 4378 χρόνῳ
2750 4304 2813 4359 τὸ
2860 4304 3195 4373 Εὑαγγέλιον
3227 4304 3387 4375 ἡμῶν
3408 4344 3423 4369 ,
3459 4303 3589 4373 κενὴ
3636 4301 3693 4354 δὲ
3737 4299 3831 4353 καὶ

2241 4401 2275 4473 ἡ
2320 4400 2506 4462 πίστις
2540 4397 2733 4468 ἡμῶν,
2782 4398 2878 4452 καί
2924 4396 3102 4466 μάτην
3138 4397 3188 4449 oi
3241 4396 3340 4465 μὲν
3384 4394 3832 4465 μαρτυρήσαντες

2244 4490 2665 4562 ἐμαρτύρησαν,
2712 4489 2890 4561 μάτην
2918 4486 2974 4541 δὲ
3025 4486 3119 4539 τοῦ
3154 4486 3287 4540 λαοῦ
3320 4486 3435 4556 (27)
3485 4484 3827 4556 προέστησαν

553 4583 906 4654 Evangelium
933 4625 947 4648 ,
973 4582 1154 4638 inanis
1183 4586 1348 4639 etiam
1390 4584 1524 4640 ﬁdes
1561 4592 1750 4641 nostra
1778 4625 1793 4649 ,
1826 4584 2139 4655 frustraque

2247 4583 2294 4635 οἱ
2321 4579 2553 4634 τοιοῦτοι
2584 4578 2681 4632 καὶ
2730 4574 3041 4648 τηλικοῦτοι
3080 4574 3408 4646 προστάται.
3451 4572 3685 4627 καὶτῶν
3730 4570 3829 4642 μέ·-

552 4683 825 4745 martyres
877 4672 1145 4743 martyrio
1191 4673 1467 4743 perfuncti
1526 4681 1692 4740 sunt,
1746 4674 1948 4729 frustm
2001 4676 2137 4737 tales

551 4765 801 4837 tantique
831 4763 1108 4820 antistites
1151 4765 1294 4835 plebi
1335 4765 1701 4837 praefuerunt,
1746 4781 2134 4839 versuumque,

550 4874 661 4915 non
690 4864 872 4913 autem
910 4855 1037 4913 ﬁdei
1061 4896 1077 4922 ,
1118 4865 1204 4914 est
1230 4857 1428 4928 gratia.

626 5036 738 5104 (18)
777 5018 1076 5092 Τοίνυνθαί
1102 5037 1292 5107 φωναὶ
1311 5024 1509 5094 αὗται.
1536 5036 1611 5092 Ita
1636 5037 1792 5093 Coll).
1825 5038 1880 5103 '5,
1903 5038 1954 5100 6.
1992 5038 2047 5099 9.
2080 5052 2133 5101 a,

553 5105 791 5230 Montzc.
818 5148 832 5173 ,
866 5107 1051 5164 Morel.
1085 5105 1140 5163 et
1178 5107 1424 5165 Combel'.
1472 5107 1699 5164 ln'edit.
1747 5109 1930 5164 τοίνυν
1972 5108 2137 5165 αὑταὶ

553 5196 704 5230 ωωνα
1447 5197 1452 5203 ”

592 5196 738 5233 ωναι.
1447 5197 1452 5203 ”

768 5246 1075 5323 Προτέρων
1098 5248 1326 5323 μένειν.
1367 5197 1525 5305 Colb.
1555 5252 1591 5307 5
1631 5259 1685 5305 et
1722 5249 1971 5307 Combef.
2007 5267 2136 5323 προ-

549 5318 725 5392 τέρων
753 5321 934 5392 μένειν
974 5318 1209 5383 σκοπόν,
1250 5321 1305 5375 in
1347 5322 1698 5389 pristinarum
1738 5336 1825 5376 eos
1854 5318 2135 5392 expositio-

551 5404 676 5460 num
695 5392 967 5460 proposito
991 5399 1250 5460 perstare.

626 5458 739 5529 (20)
778 5457 1279 5529 Ἀνατετραφέναι.
1325 5458 1480 5515 Colb.
1515 5460 1570 5525 '5,
1614 5471 1669 5516 et
1708 5460 1955 5517 Combel‘.
2002 5461 2138 5515 ἀνα-

553 5527 922 5651 ἔεέραῑρέναι,
971 5527 1097 5585 cuni
1150 5531 1595 5586 anathematismo
1644 5533 1979 5587 monimentis
2023 5540 2127 5585 tra-

595 5616 609 5649 ι
650 5615 726 5651 en
759 5637 773 5648 .

595 5615 773 5652 mem.

628 5668 738 5738 (2])
762 5666 967 5738 Αὐτῶν
1000 5669 1218 5727 ἐκεῖνο.
1252 5672 1331 5726 lla
1359 5670 1517 5727 Colh.
1549 5670 1604 5737 5,
1637 5671 1693 5738 6,
1719 5672 1776 5735 9,
1826 5687 1877 5726 a.
1905 5672 1962 5727 In
1997 5671 2131 5728 edit.

558 5736 738 5791 αὐτῶν
773 5737 874 5791 οὐκ
909 5739 1106 5791 ἐκεῖνο.

648 5807 740 5880 22)
763 5803 948 5880 045:1.
984 5807 1122 5862 Cod.
1155 5808 1289 5880 Reg.
1323 5810 1364 5880 Β
1402 5819 1456 5865 et
1482 5810 1646 5880 βου).
1683 5824 1735 5871 a,
1766 5814 1959 5864 τούτου
1987 5813 2061 5865 τί.

646 5878 736 5937 251
773 5878 1015 5941 Ῥήματι
1049 5878 1437 5951 τούτῳίιέγα.
1480 5878 1555 5931 Ita
1606 5880 1763 5933 (Zoili.
1813 5881 1866 5945 '5,
1902 5881 1956 5945 6,
1992 5880 2048 5947 9,
2081 5888 2134 5935 et

2238 4689 2384 4745 τρων
2409 4672 2443 4742 ἡ
2473 4670 2653 4743 χάρις,
2684 4667 2800 4723 ἀλλ’
2832 4667 2892 4720 οὺ
2918 4666 3020 4735 τῆς
3045 4664 3302 4729 πίστεως.

2239 5048 2373 5119 Reg.
2404 5047 2465 5113 Β,
2491 5048 2751 5113 Montac.,
2777 5046 2968 5105 Morel.
2992 5055 3047 5104 et
3084 5047 3334 5106 Combef.
3364 5047 3419 5104 In
3452 5048 3583 5104 edit.
3618 5049 3827 5120 ῥήματι

2242 5118 2387 5171 μέγα
2414 5118 2595 5171 τοῦτο.
3156 5136 3169 5145 ’

2351 5135 2387 5172 α
2414 5136 2595 5174 τουτο.
3156 5136 3169 5145 ’

2241 5135 2387 5189 μεγα
2414 5136 2595 5174 τουτο.
3156 5136 3169 5145 ·

2241 5188 2547 5312 ﬁlias???
2580 5189 2978 5261 ἀναστροφῇ.
3005 5188 3082 5245 Ita
3112 5190 3268 5246 Colb.
3291 5190 3347 5254 '5,
3373 5188 3427 5254 6,
3449 5189 3504 5254 9,
3523 5204 3574 5243 a.
3602 5189 3661 5242 In
3685 5187 3823 5244 edit.

2237 5272 2304 5314 τη
2333 5272 2509 5314 αθεει.

2271 5262 2855 5400 ᾖᾶἓῗεῖεογνώστῳ.
2889 5329 3128 5385 Montae.
3182 5337 3238 5385 et
3288 5327 3476 5383 Morel.
3524 5328 3712 5400 legunt
3769 5337 3825 5383 ct

2238 5397 2559 5471 θεογνώστῳ
2597 5397 2664 5455 et
2693 5400 3062 5471 θεοπνεύστῳ.

2310 5469 2421 5542 (ἳβ)
2448 5470 2720 5538 Σήμερον
2740 5471 2885 5542 ἡμῖν
2908 5469 3448 5542 καταγγέλλουσιν.
3482 5469 3617 5525 Male
3640 5470 3724 5523 vel
3751 5473 3830 5537 ly-

2237 5540 2323 5609 pis
2356 5540 2881 5602 festinattti'hus,‘vel
2914 5540 3149 5602 calamo,
3205 5545 3258 5597 in
3308 5541 3441 5597 edit.
3473 5542 3677 5596 omissa
3720 5554 3826 5592 vox

2236 5609 2396 5683 hodie
2424 5625 2441 5663 :
2465 5610 2630 5665 simili
2663 5614 3081 5683 praescriptione
3111 5615 3383 5669 haercsum
3422 5616 3692 5667 novitates
3717 5623 3823 5665 sae-

2235 5680 2362 5748 pius
2388 5680 2840 5749 cmupreséerunt
2860 5680 3150 5739 Catholici.

2303 5749 2423 5829 $2.7)
2459 5743 2669 5829 ῃᾶτςην
2692 5750 2894 5829 δὲιτοῦ
2922 5753 3107 5829 λαοῦ...
3139 5752 3386 5829 Monta_c_._
3411 5759 3464 5829 et
3498 5748 3691 5829 Morel.
3726 5743 3821 5800 καὶ

2235 5817 2330 5871 τοῦ
2361 5817 2518 5882 λαοῦ,
2552 5819 2741 5889 sicque
2773 5821 2979 5891 legerat
3011 5822 3133 5875 Bill.~
3158 5833 3211 5878 et
3237 5821 3575 5878 reddiderat.
