4182 6404
497 353 668 407 “’9“θὸ

1819 342 1876 395 S.
1913 338 2242 396 GRECORH
2282 339 2624 395 THEOLOCI

3697 335 3803 387 ἳοιι

562 470 750 524 virtuti
798 483 901 522 tusc
950 473 1359 536 anteponerem.
1410 466 1589 534 Atque
1639 461 1756 516 haec
1804 461 1987 515 scribo
2027 476 2131 515 non

2237 462 2297 514 οὐ
2333 461 2431 532 τὴν
2467 460 2785 514 δυναστείαν
2815 457 3131 530 θεραπεύων
3158 457 3292 528 (56),
3323 455 3457 508 ἀλλὰ
3487 453 3577 507 τὸν
3607 453 3804 524 τρόπον

564 560 928 632 principatum
981 557 1208 622 colens,
1255 554 1350 611 sed
1393 554 1486 624 qui
1549 551 1790 606 animum
1847 565 2134 621 moresque

563 651 765 714 colam,
802 663 1034 720 quorum
1065 647 1219 717 parvi
1249 645 1468 715 quidem
1518 657 1622 698 nos
1655 642 1888 697 fortasse
1932 657 2135 712 praco—

563 756 663 796 nes
695 756 908 803 sumus,
948 754 1138 794 verum
1175 737 1318 807 quod
1350 751 1416 790 ex
1462 734 1724 789 facultate
1757 733 1830 788 sit
1862 747 1969 787 non
1996 746 2135 801 prae-

562 832 930 886 termittentes
957 846 970 883 :
1004 843 1068 883 ac
1092 843 1200 882 non
1229 841 1510 896 praecones
1537 833 1770 888 tantum,
1804 823 1899 878 sed
1923 830 1977 876 et
2009 835 2136 876 con-

565 929 892 984 certatores,
939 935 1048 974 una
1094 933 1219 972 cum
1270 916 1528 988 precibus
1580 922 1906 986 potestatem
1956 912 2136 967 conie-

564 1019 767 1066 rentes.
799 1009 918 1064 lluc
945 1025 1122 1078 usque
1166 1007 1456 1078 epistolam
1492 1006 1796 1076 producere
1835 1003 2135 1058 constitue-

561 1115 677 1154 ram
701 1117 715 1166 ;
740 1099 870 1168 quia
901 1113 1030 1153 vero
1053 1097 1298 1152 divinum
1319 1110 1517 1149 numen
1543 1109 1652 1148 non
1675 1093 1853 1148 solum
1876 1092 2130 1156 colimus,

562 1188 658 1244 sed
685 1190 850 1244 etiam
886 1195 947 1243 ut
992 1187 1258 1243 beneﬁcio
1285 1201 1390 1241 nos
1423 1184 1639 1248 alliciat,
1684 1183 1960 1253 poscimus
1989 1200 2002 1235 :
2034 1181 2132 1235 ad-

560 1279 714 1332 mitte
746 1277 910 1333 etiam
937 1276 1077 1348 ipse,
1108 1292 1219 1332 non
1249 1283 1310 1330 ut
1345 1273 1593 1330 molestia
1626 1288 1656 1326 a
1691 1272 1848 1327 nobis
1878 1271 1987 1325 ulla
2017 1269 2133 1324 alli-

559 1369 727 1423 eiaris
774 1368 908 1439 (non
952 1369 1098 1422 enim
1137 1374 1328 1422 nostra
1375 1363 1478 1418 tibi
1529 1361 1795 1416 molestiae
1839 1367 1998 1426 sunt;
2030 1360 2134 1439 hoc

561 1474 626 1512 ex
663 1461 732 1514 iis
757 1436 879 1529 quae
909 1463 1343 1519 anteverterunt,
1375 1453 1647 1522 conjicere
1673 1450 1909 1523 habeo);
1946 1436 2133 1505 verum

559 1555 619 1599 ut
657 1560 754 1614 per
785 1560 885 1601 nos
941 1547 1000 1599 in
1044 1551 1280 1598 mentem
1323 1540 1574 1596 reducas.
1623 1538 1934 1609 Supplicem
1980 1546 2132 1592 tuum

559 1635 917 1704 Euphemium
958 1649 1154 1691 rursus
1182 1631 1353 1688 oll‘ero
1395 1631 1532 1697 tibi;
1559 1635 1724 1700 atque
1754 1628 1953 1683 iterum
2003 1643 2135 1697 sup-

560 1726 722 1795 plico,
751 1732 808 1779 ut
836 1739 944 1779 non
981 1725 1157 1780 solum
1190 1721 1425 1792 benigne
1447 1721 1707 1791 juvenem
1738 1717 2003 1788 excipias.
2037 1718 2133 1774 sed

2232 555 2429 624 τιμῶν,
2467 549 2528 608 οὐ
2584 554 2769 625 μικροί
2798 552 2895 622 μὲν
2935 552 3176 622 κήρυκες
3205 550 3335 612 ῐσως
3365 550 3545 618 ἡμεῖς,
3572 545 3710 616 πλὴν
3744 548 3807 600 τὸ

2233 645 2312 706 εἰς
2350 643 2578 712 δύναμιν
2611 643 2719 711 (57)
2762 643 2862 695 οὐκ
2913 641 3281 702 ἐλλείποντεςο
3336 640 3430 692 καὶ
3473 640 3534 691 οὐ
3566 639 3806 708 κήρυκες

2237 737 2415 807 μόνον,
2444 734 2578 788 ἀλλὰ
2604 733 2695 786 καὶ
2725 732 3140 800 συναγωνισταὶ,
3177 733 3296 794 ταῖς
3340 731 3526 799 εὐχαῖς
3559 729 3620 782 τὸ
3642 728 3803 782 δύνα-

2235 825 2357 878 σθαι
2382 824 2843 893 συνεισφέροντες.
2892 822 3071 894 Μέχρι
3111 821 3304 874 τούτου
3331 821 3526 889 στῆσαι
3557 820 3666 890 (58)
3705 821 3806 890 τὴν

2234 914 2521 983 ἐπιστολὴν
2553 912 2856 982 ἐϐουλόμην
2875 927 2890 942 °
2929 913 3049 964 ἐπεὶ
3080 911 3138 964 δὲ
3170 912 3266 964 καὶ
3297 909 3357 962 τὸ
3393 909 3536 963 Θεῖον
3565 911 3626 962 οὐ
3651 909 3804 962 σέϐο-

2237 1023 2335 1077 μεν
2389 1005 2569 1076 μόνον,
2630 1004 2767 1058 ἀλλὰ
2815 1004 2909 1056 καὶ
2952 1003 3012 1056 τὺ
3058 1003 3368 1073 εὐεργετεῖν
3413 1000 3753 1071 ἀπαιτοῦμεν
3787 1015 3805 1033 ο

2231 1093 2378 1161 δέξαι
2411 1095 2505 1148 καὶ
2562 1093 2724 1156 αὐτὸς
2769 1092 2832 1145 οὐ
2880 1090 3255 1162 διοχλούμενος
3320 1091 3452 1161 παρ’
3495 1089 3651 1160 ἡμῶν
3695 1090 3805 1158 (59)

2235 1184 2316 1254 (οὐ
2353 1183 2462 1255 γὰρ
2516 1184 2670 1253 δχλος
2728 1199 2810 1236 σοι
2855 1181 2924 1235 τὰ
2971 1183 3246 1252 ὴμέτερα’
3287 1182 3400 1243 τοῖς
3452 1179 3802 1250 προλαϐοῦσι,

2231 1272 2390 1326 τοῦτο
2441 1271 2682 1337 εἰκάζειν
2723 1271 2874 1341 ἔχω),
2935 1271 3048 1326 ἀλλ’
3085 1269 3629 1341 ὑπομιμνησκόμενος
3674 1270 3806 1338 παρ’

2234 1363 2390 1434 ἡμῶν
2411 1380 2425 1394 ·
2454 1362 2545 1416 τὸν
2578 1362 2668 1417 σὺν
2704 1363 2887 1433 ίκέτην
2910 1362 3020 1432 (40)
3047 1362 3328 1431 Εὐφήμιον
3356 1360 3516 1414 πάλιν
3544 1361 3807 1431 προσάγω

2234 1470 2339 1518 σοι,
2392 1453 2488 1506 καὶ
2523 1452 2684 1506 πάλιν
2713 1451 3071 1516 καθικετεύω,
3108 1451 3182 1522 μὴ
3220 1450 3378 1520 μόνον
3409 1449 3808 1520 φιλανθρώπως

2231 1543 2484 1608 δέξασθαι
2531 1543 2624 1596 τὸν
2649 1543 2788 1608 νέον,
2828 1544 2924 1596 καὶ
2961 1542 3268 1610 συγγνῶναι
3321 1542 3418 1612 τῆς
3453 1541 3804 1612 βραδυτῆτος,

2233 1633 2450 1686 ἐπειδὰν
2507 1632 2818 1703 όρφανικοῖς
2857 1631 3173 1702 πράγμασιν
3213 1630 3441 1694 ἐπιστὰς
3495 1632 3808 1699 ἀναγκαίως

2232 1721 2504 1794 ὴσχολήθη
2535 1723 2662 1793 περὶ
2717 1722 2777 1776 τὸ
2832 1721 3050 1775 οἰκίδιον
3089 1719 3230 1792 (41)⁶
3294 1718 3432 1774 ἀλλὰ
3476 1718 3569 1772 καὶ
3624 1720 3703 1782 εἰς
3745 1718 3807 1771 τὸ

558 1786 720 1869 etiam
753 1824 812 1868 ut
861 1814 1143 1870 condones
1172 1786 1463 1876 tarditati,
1513 1808 1733 1880 quando
1773 1786 1994 1880 quidem
2036 1826 2131 1866 ne-

2237 1786 2432 1884 πρόσω
2449 1786 2676 1883 ἀγαγεῖν
2704 1786 3110 1884 προθυμήθητι,
3137 1786 3218 1875 είς
3245 1811 3410 1882 τιμήν
3431 1827 3489 1862 τε
3506 1809 3803 1880 ἡμετέραν,

558 1905 724 1974 gotiis
775 1904 1038 1958 orborum
1089 1900 1402 1972 praefectus,
1462 1898 1781 1954 necessario
1833 1907 2131 1968 occupatus

2236 1901 2507 1967 καὶδόξαν
2537 1903 2636 1971 τῆς
2683 1903 2783 1972 σῆς
2809 1900 3228 1969 καλοκαγαθίας.
3261 1898 3476 1954 Πολλῶν
3499 1898 3606 1968 γὰρ
3636 1898 3805 1950 δντων

559 1991 661 2044 fuit
692 1991 840 2045 circa
864 2006 927 2045 ea
960 2005 1082 2060 quae
1116 1998 1333 2045 tenuem
1357 1987 1578 2042 domum
1609 2002 1676 2043 ac
1709 1987 1973 2042 familiam
2009 2001 2131 2057 spe-

2236 1997 2330 2060 οὓς
2361 1991 2421 2050 εὖ
2447 1995 2755 2065 πεποίηκας
2807 1993 2901 2047 καὶ
2930 1994 3104 2056 ποιεῖς
3136 1990 3268 2063 (42),
3299 1988 3511 2051 οὐδενός
3540 2005 3621 2040 σοι
3647 1987 3806 2040 τοῦτο

546 2090 716 2136 etam
745 2102 760 2137 ε
795 2083 932 2152 quin
963 2083 1130 2138 etiam
1172 2080 1406 2137 ulterius
1426 2095 1551 2136 eum
1587 2094 1914 2150 promovere
1943 2079 2124 2143 stude,

535 2185 681 2224 -cum
713 2172 938 2228 honoris
979 2172 1155 2227 nostri
1199 2186 1388 2237 causa,
1421 2179 1536 2226 tum
1584 2170 1651 2224 ad
1696 2170 1986 2240 probitatis
2023 2179 2129 2225 tua:

561 2259 779 2316 laruam.
813 2259 947 2314 Nam
980 2272 1104 2315 cum
1136 2261 1290 2315 multi
1342 2260 1476 2324 sint,
1515 2259 1583 2314 de
1611 2259 1811 2329 quibus
1844 2260 1983 2316 bene
2013 2275 2130 2316 me-

558 2351 698 2406 ritus
748 2367 830 2415 es,
889 2365 954 2405 ac
993 2351 1132 2406 bene
1182 2350 1430 2415 mereris,
1486 2350 1588 2404 hoc
1639 2350 1736 2403 tibi
1777 2351 2132 2418 promeritum

2232 2073 2312 2150 εἰς
2332 2085 2647 2156 ’φιλοτιμίαν
2697 2084 2938 2148 ἔλαττον,
2969 2084 3045 2147 ὡς
3095 2080 3283 2152 παρὼν
3312 2077 3546 2145 ἐδίδαξα.
3578 2077 3688 2132 Καὶ
3709 2075 3804 2130 νῦν

2233 2174 2369 2240 ἀξιῶ
2417 2173 2802 2243 πιστευθῆναγ
2855 2173 2884 2225 ὀ
2926 2171 3035 2242 γὰρ
3067 2170 3229 2232 αὐτὸς
3271 2168 3364 2221 καὶ
3393 2167 3480 2220 διὰ
3508 2167 3606 2238 τὴν
3635 2166 3806 2236 ὀρφα-

2237 2264 2353 2318 νίαν
2409 2261 2658 2325 ἐλεεινὸς,
2693 2262 2788 2314 καὶ
2833 2259 2924 2314 διὰ
2979 2259 3070 2312 τὸν
3115 2258 3314 2329 τρόπον
3351 2255 3628 2325 ἀγαπητὸς
3648 2255 3800 2324 ἡμῖν,

2240 2355 2328 2407 ῖνα
2363 2353 2441 2424 μὴ
2460 2353 2604 2420 λέγω
2625 2352 2711 2405 διὰ
2747 2352 2843 2420 τὴν
2877 2348 3190 2421 ἀγχιστείαν
3210 2347 3304 2401 τοῦ
3329 2348 3575 2418 αἵματος.

560 2441 711 2494 nullo
744 2441 924 2495 minus
973 2440 1039 2495 ad
1064 2441 1246 2510 gloria:
1277 2440 1446 2495 decus
1492 2441 1670 2505 cedet,
1707 2447 1767 2493 ut
1814 2455 1998 2496 coram
2034 2443 2214 2502 docui.
2248 2445 2312 2500 Et
2347 2460 2493 2499 nunc
2518 2445 2675 2499 (idem
2711 2443 2842 2497 mihi
2877 2459 2906 2496 a
2943 2452 2996 2498 te
3029 2441 3273 2497 adhiberi
3316 2440 3516 2494 velim:
3547 2437 3634 2490 hic
3655 2435 3800 2490 enim

560 2541 672 2585 tum
710 2538 933 2600 propter
963 2531 1252 2586 orbitatem
1282 2530 1795 2596 miserandus,..tum
1819 2531 2038 2604 propter
2071 2551 2251 2594 mores
2307 2552 2336 2591 a
2380 2537 2550 2592 nobis
2613 2536 2849 2591 dilectus
2901 2543 3003 2600 est,
3054 2549 3124 2588 ne
3175 2531 3351 2586 dicam
3409 2530 3478 2585 ob
3515 2526 3800 2598 sanguinis

562 2621 1050 2690 propinquitatem.

1092 2711 1227 2768 CIV.
1270 2710 1594 2768 OLYMPIO.

2696 2717 2816 2768 PA'.
2853 2713 3167 2782 ΟΛΥΜΠΙῼ
3213 2710 3344 2779 με).

630 2827 939 2905 Olympius,
960 2827 1029 2882 ad
1055 2844 1201 2905 quem
1224 2827 1362 2905 datae
1389 2800 1508 2905 sunt
1536 2827 1617 2882 Ita:
1659 2827 1868 2905 littere,
1902 2845 2041 2883 anno
2088 2811 2222 2895 582:
2249 2830 2488 2885 secundae
2533 2828 2900 2905 Cappadocum
2947 2829 3000 2880 in
3030 2842 3144 2905 _qua
3185 2825 3342 2878 situm
3380 2823 3792 2905 est‘Arianz‘unt.

556 2897 833 2964 prwleetus
861 2898 992 2971 fuit,
1025 2897 1082 2950 ut
1113 2897 1316 2971 abunde
1343 2897 1830 2971 probant__epistolce
1877 2909 2170 2971 sequentes,
2201 2917 2360 2971 quas,
2397 2916 2516 2953 cum
2546 2897 2883 2971 initiaillius
2909 2898 3234 2971 pra’feeturm
3260 2897 3800 2971 spectentlianca'teris

560 2961 984 3039 separatas,'hoe
1005 2983 1143 3039 anno
1167 2961 1509 3039 collocamus.
1542 2961 1820 3020 Neminem
1845 2961 2020 3023 volens
2044 2961 2295 3025 accusare
2319 2968 2620 3039 Gregorius,
2654 2968 2884 3036 Olympii
2909 2961 3052 3034 opem
3074 2967 3322 3034 implorat
3341 2978 3435 3032 pro
3465 2961 3798 3025 Philumena,

553 3034 684 3103 quid
716 3051 878 3100 passa
916 3035 1098 3103 fuerit,
1134 3035 1460 3102 expositum.

630 3141 750 3195 Alia
781 3141 966 3196 omnia
996 3140 1276 3204 beneﬁcia,
1308 3156 1429 3211 quae
1459 3154 1784 3200 consecutus
1809 3159 1953 3212 sum,
1982 3161 2010 3199 a
2036 3155 2126 3201 tua

2303 3148 2414 3212 Τὰς
2471 3149 2567 3219 μὲν
2609 3148 2772 3211 ἄλλας
2827 3147 3074 3217 χάριτας,
3132 3146 3271 3200 ὅσων
3310 3145 3517 3215 ἔτυχον,
3563 3147 3799 3217 εἰληφὼς

559 3232 980 3287 mansuetudine
1036 3248 1117 3287 me
1166 3235 1443 3302 accepisse
1478 3231 1590 3302 99
1634 3235 1749 3288 scio
1795 3250 1906 3289 :ae
1966 3237 2126 3291 velim

560 3320 706 3376 Deus
750 3337 849 3391 pro
881 3321 965 3376 his
995 3321 1092 3376 tibi
1127 3321 1266 3374 bona
1320 3338 1418 3377 sua
1468 3323 1750 3392 rependat,
1797 3334 1958 3394 atque
1989 3326 2128 3380 inter

559 3417 756 3468 uetera
796 3413 948 3479 illud,
976 3421 1035 3467 ut
1065 3413 1406 3483 principatus
1430 3415 1764 3468 curriculum
1790 3431 1912 3469 cum
1944 3420 2127 3486 splen-

556 3502 690 3557 dore
716 3510 876 3570 atque
899 3501 1069 3571 gloria
1101 3501 1381 3556 conﬁcias.
1416 3502 1574 3568 Quod
1617 3513 1798 3559 autem
1836 3522 1985 3561 nunc
2014 3523 2043 3560 a
2074 3516 2126 3564 te

559 3600 704 3662 peto,
754 3600 839 3648 est
883 3592 1218 3662 hujusmodi,
1251 3601 1311 3647 ut
1339 3594 1569 3652 daturus
1615 3596 1732 3666 ipse
1775 3580 1958 3668 potius
1995 3601 2122 3667 sim,

559 3697 723 3752 quam
747 3690 1100 3753 accepturus,
1137 3683 1242 3738 nisi
1268 3693 1447 3740 tamen
1472 3686 1576 3740 hoc
1597 3689 1948 3760 arrogantius
1978 3705 2006 3743 a
2039 3706 2126 3746 me

557 3773 792 3828 dicatur.
839 3773 1090 3829 Miseram
1126 3771 1499 3830 Philumenam
1532 3791 1695 3832 manu
1744 3791 1864 3832 mea
1911 3779 2008 3833 tibi
2038 3779 2124 3834 ol-

557 3858 696 3926 fero,
741 3870 797 3914 ut
832 3860 899 3914 ad
926 3860 1155 3930 iustitiae
1204 3867 1310 3915 tuae
1352 3862 1517 3930 pedes
1555 3876 1675 3919 sese
1710 3864 2015 3933 provolvat,
2060 3881 2124 3921 ac

556 3951 710 4006 vobis
744 3950 1012 4020 lacrymas
1041 3966 1135 4006 eas
1169 3951 1349 4014 sistat,
1377 3952 1576 4022 quibus
1604 3954 1844 4007 animum
1875 3963 2120 4010 nostrum

557 4040 802 4096 conﬁcit.
836 4041 1015 4112 Atque
1049 4056 1144 4097 eas
1177 4041 1396 4111 quidem
1430 4041 1680 4111 injurias,
1717 4058 1857 4114 quas
1889 4047 2118 4117 accepit,

556 4138 611 4183 et
640 4144 670 4183 a
699 4130 923 4200 quibus,
957 4128 1075 4198 ipsa
1106 4137 1361 4199 exponet.
1390 4127 1576 4199 Neque
1605 4131 1749 4183 enim
1779 4131 1910 4186 mihi
1933 4148 2122 4202 quem-

555 4235 718 4290 quam
754 4235 1017 4276 accusare
1047 4229 1220 4274 tutum
1255 4227 1359 4274 est.
1393 4219 1506 4274 Hoc
1547 4235 1714 4273 unum
1744 4221 2007 4276 duntaxat
2039 4223 2122 4277 di-

554 4325 677 4364 cere
720 4324 948 4364 necesse
1000 4320 1104 4372 est,
1157 4311 1300 4378 quod
1340 4309 1573 4365 viduitas
1618 4317 1672 4364 et
1719 4311 1946 4376 orbitas,
1996 4329 2118 4368 cum

2233 3235 2351 3294 οἶδα
2381 3239 2528 3310 παρὰ
2573 3241 2670 3311 τῆς
2722 3240 2820 3309 σῆς
2859 3239 3192 3310 ἡμερότητος
3243 3235 3383 3306 (14)*
3434 3236 3525 3290 καὶ
3576 3237 3634 3290 σὲ
3679 3236 3800 3291 ἀντὶ

2232 3331 2434 3384 τούτων
2462 3331 2754 3402 ἀμείψαιτο
2785 3334 2894 3393 τοῖς
2927 3330 3056 3399 παρ’
3088 3326 3278 3380 ἑαυτοῦ
3302 3327 3556 3396 χρηστοῖς
3591 3328 3619 3379 ό
3643 3325 3795 3390 Θεὸς.

2233 3420 2290 3472 ἓν
2321 3421 2380 3474 δὲ
2409 3420 2519 3474 τῶν
2550 3421 2800 3492 χρηστῶν
2838 3420 3118 3489 εὐδόκιμον
3167 3419 3260 3470 καὶ
3306 3417 3555 3487 λαμπρὸν
3598 3415 3797 3480 διεξελ-

2233 3509 2343 3561 θεῖν
2395 3509 2492 3580 τὴν
2542 3510 2740 3579 ἀρχήν.
2800 3510 2902 3562 Ἢν
2935 3509 2993 3560 δὲ
3024 3507 3118 3560 νῦν
3159 3505 3315 3571 αἰτῶ,
3355 3507 3538 3560 δώσων
3567 3505 3796 3577 ἔρχομαι

2235 3597 2451 3666 μᾶλλον,
2481 3598 2623 3670 ἢπερ
2651 3595 2950 3668 ληψόμενος
2979 3596 3112 3665 (45),
3141 3598 3188 3649 εἰ
3225 3595 3297 3666 μὴ
3326 3596 3576 3668 φορτικὸν
3603 3598 3790 3651 εἰπεῖν.

2231 3688 2341 3759 Τὴν
2395 3687 2583 3742 ἀθλίαν
2634 3687 2968 3758 Φιλουμένην
3008 3685 3074 3738 δι’
3103 3687 3336 3756 ἐμαυτοῦ
3385 3687 3496 3758 (46)
3538 3687 3797 3757 προσάγω

2231 3790 2334 3837 σοι,
2365 3776 2460 3829 καὶ
2490 3779 2556 3846 τῇ
2615 3779 2682 3847 σῇ
2739 3775 2861 3848 δίκῃ
2897 3777 3405 3848 προσπεσουμένην,
3440 3777 3534 3830 καὶ
3575 3778 3700 3846 ὑμῖν
3727 3777 3796 3830 τὰ

2227 3865 2433 3934 δάκρυα
2461 3867 2760 3935 στήσουσαν
2804 3864 2936 3935 (47),
2969 3860 3050 3929 οἷς
3094 3865 3361 3935 συντρίϐει
3390 3865 3488 3935 τὴν
3522 3867 3793 3937 ἡμετέραν

2227 3952 2420 4023 ψυχήν.
2482 3955 2547 4006 Ἀ
2587 3953 2684 4023 μὲν
2709 3949 2801 4006 οὖν
2829 3953 3101 4024 ἠδίκηται,
3126 3953 3219 4006 καὶ
3254 3954 3378 4023 παρ’
3413 3947 3507 4015 ὧν,
3535 3954 3670 4023 αὐτὴ
3704 3954 3796 4024 δη-

2228 4041 2404 4094 λώσει.
2437 4043 2510 4094 Οὐ
2541 4044 2648 4114 γὰρ
2678 4045 2810 4114 ήμῖν
2844 4059 2907 4111 γε
2937 4047 3258 4113 κατηγορεῖν
3293 4041 3502 4104 οὐδενὸς
3529 4041 3789 4110 ἀσφαλές.

2227 4132 2432 4195 Αὐτοὺς
2453 4131 2509 4184 δὲ
2539 4133 2791 4186 τοσοῦτον
2821 4134 2992 4186 εἰπεῖν
3013 4134 3328 4200 ἀναγκαῖον,
3350 4133 3430 4185 ὅτι
3456 4133 3648 4204 χηρεία
3677 4133 3791 4204 (48)

2228 4222 2322 4275 καὶ
2353 4222 2604 4292 ὀρφανία,
2636 4225 2768 4276 πᾶσι
2809 4223 2908 4294 μὲν
2936 4221 3203 4295 βοηθητέα
3233 4225 3344 4286 τοῖς
3360 4239 3422 4292 γε
3445 4224 3567 4279 νοῦν
3587 4224 3789 4295 ἔχουσι,

2230 4312 2462 4384 μάλιστα
2497 4314 2574 4376 δὲ,
2612 4311 2692 4376 οἷς
2719 4315 2854 4385 γυνὴ
2877 4314 2970 4367 καί
2999 4314 3162 4367 τέκνα
3199 4316 3256 4366 ὲν
3293 4314 3459 4384 μέσῳ,
3483 4315 3548 4368 τὰ
3582 4314 3788 4384 μεγάλα

625 4477 734 4547 (56)
763 4480 1132 4555 defamata!-
1156 4481 1510 4555 θεραπεύωνἔ
1541 4479 1676 4555 Cod.
1707 4480 1862 4550 Reg,
1899 4483 1957 4536 Β.
1993 4485 2046 4549 5,
2070 4496 2124 4540 et

2232 4496 2508 4555 occupatus
2537 4488 2636 4553 fuit
2663 4489 2717 4542 in
2750 4489 3086 4542 dantuiri-ala.

555 4544 796 4600 Pass.'ac
824 4547 1054 4619 Montac.
1080 4544 1394 4619 δυναστείαν
1428 4547 1757 4619 κολακεύων,
1791 4544 1896 4602 non
1923 4544 2122 4619 princi-

551 4623 734 4682 patum
781 4615 1082 4669 adulatione
1112 4615 1428 4668 demulcens.
1483 4615 1652 4670 Vertit
1702 4617 1887 4672 Morel.
1923 4615 1951 4672 ’ς
1995 4620 2119 4675 Non

552 4685 900 4751 principatum
951 4685 1159 4745 colens,
1196 4683 1284 4736 sed
1335 4701 1501 4737 mores
1541 4685 1825 4740 honoraris.
1873 4686 1990 4741 Mox
2062 4691 2116 4742 in

553 4753 682 4807 edit.
716 4753 806 4823 τόν
840 4753 1026 4807 deerat
1052 4762 1177 4808 ante
1223 4753 1444 4823 τρόπον,
1479 4753 1574 4808 sed
1608 4753 1809 4808 habent
1844 4756 2000 4810 codd.
2021 4773 2119 4812 no-

553 4825 650 4878 stri
675 4830 729 4876 et
748 4822 994 4877 Combef.

624 4890 1142 4973 (57).].lli1rroelc
1167 4889 1441 4973 optuerier,
1482 4899 1590 4947 etc.
1636 4891 1821 4948 Morel.
1860 4913 1873 4948 :
1926 4895 2116 4970 Verum

551 4959 644 5028 pro
673 4959 812 5014 virili
840 4970 1024 5016 nostra
1049 4977 1150 5014 non
1179 4959 1494 5029 deﬁcientes.
2103 4959 2110 4970 ’

624 5030 734 5099 (58)
783 5029 970 5099 Μέχρι
1018 5033 1231 5084 τούτου
1261 5030 1508 5099 στῆσαι,
1543 5039 1647 5086 etc.
1696 5032 1885 5087 Morel.
1927 5049 1941 5086 :

548 5098 731 5171 usque
763 5098 1032 5164 epistolam
1057 5098 1372 5171 procedere.
1407 5099 1654 5156 Connbel’.
1691 5116 1704 5154 :
1740 5102 2015 5157 Scribendi
2041 5105 2112 5171 ﬁ-

550 5184 666 5221 nem
705 5168 874 5236 facere
899 5169 1290 5222 constitueram.

788 5239 929 5304 [Iap’
975 5237 1163 5304 ἡμῶν.
1223 5237 1281 5290 In
1327 5237 1448 5293 cod.
1509 5238 1548 5291 Β
1639 5241 1704 5307 5,
1753 5239 1949 5296 desunt
1995 5241 2109 5296 hate

549 5319 733 5360 verna.

620 5376 732 5443 (40)
771 5375 881 5429 Τὸν
903 5373 1268 5443 σὸιςίκέτην.
1307 5373 1383 5428 Ita
1414 5376 1613 5439 cod.let
1643 5375 1797 5432 Pass.
1847 5393 1909 5431 ac
1947 5380 2104 5433 Com-

551 5442 659 5518 hci.
687 5441 830 5508 {sed
860 5441 1141 5518 eod._Reg_._
1176 5441 1229 5496 et
1258 5443 1490 5518 Montac.
1524 5446 1614 5498 τὸν
1642 5446 1731 5500 σὺν
1757 5448 1989 5518 οἰκέτην,
2022 5450 2106 5517 [a-

550 5512 749 5564 mulum
783 5523 942 5566 tuum.
979 5515 1036 5567 ln
1061 5514 1187 5566 edit.
1219 5513 1308 5565 σόν
1342 5513 1510 5569 deest.

622 5582 733 5656 (ιι)
767 5581 908 5656 Περὶ.
932 5583 996 5656 τό
1023 5582 1287 5656 οίχζᾷιον.
1316 5582 1390 5636 Ita
1429 5586 1547 5656 cod,
1599 5584 1732 5656 Reg.
1757 5585 2098 5656 et7Combel‘.

2298 4557 2408 4625 (42)
2439 4559 2777 4627 Πεποίηκας
2801 4558 2896 4609 καὶ
2917 4559 3130 4627 ποιεῖς,
3154 4557 3228 4611 Ita
3256 4557 3378 4610 cod.
3407 4557 3536 4627 Reg.
3563 4565 3615 4612 et
3649 4557 3705 4610 Β.
3727 4559 3782 4622 5,

2225 4623 2460 4704 Montac.
2492 4641 2555 4704 a_e
2585 4625 2771 4679 Morel.
2808 4625 3146 4704 At.Co_mbel':
3173 4627 3266 4680 καὶ
3295 4623 3572 4704 ποιήσεῐς,
3602 4639 3663 4678 ac
3695 4628 3784 4695 fu-
3889 4700 3892 4704 Ι

2226 4701 2401 4744 turum
2425 4703 2480 4745 ut
2511 4694 2634 4747 bene
2667 4694 2935 4746 merearis.
2971 4695 3028 4747 In
3061 4695 3191 4748 edit.
3225 4697 3318 4747 καὶ
3342 4694 3514 4756 ποιεῖς
3541 4694 3711 4749 deest.

2296 4761 2586 4833 (45)_Al_ia§
2611 4761 2888 4833 οωωμν.
2907 4761 3130 4833 _S_cript_a
3156 4779 3298 4817 anno
3323 4763 3444 4817 582.
3477 4793 3546 4803 -—-
3578 4765 3786 4833 Ὀλυμ-

2223 4830 2614 4903 πίφκϐοόηΒ,
2658 4832 2710 4884 5.
2752 4831 2993 4903 ῌύσεϐίῳ
3039 4830 3194 4902 φίλῳ.
3243 4833 3399 4898 Cod.,
3448 4833 3678 4887 Montac.
3719 4830 3783 4889 ἐι

2227 4897 2413 4972 Morel.
2442 4907 2495 4972 et
2533 4899 2809 4972 Ὀλυμπίῳ
2827 4907 2894 4972 _et
2919 4897 3212 4972 Θεμίστίὶρ.

2295 4967 2405 5035 (Η)
2445 4969 2608 5048 {mea
2636 4967 2745 5048 τῇς
2771 4967 2888 5048 σῆς
2917 4967 3296 5048 ἡμερότήτος.
3325 4968 3560 5024 Montac.
3594 4979 3647 5026 et
3670 4970 3783 5025 Mo-

1997 5033 2114 5110 (iuc
2222 5033 2336 5110 rel._
2355 5033 2607 5110 περὶ-τῆς
2643 5033 2741 5107 σῆς
2765 5033 3151 5110 καθαρότητος.

2289 5106 2401 5174 (45)
2438 5107 2615 5178 "IL-rep
2660 5106 3036 5178 ληψόμενοςζ
3068 5107 3213 5178 Cod.
3259 5107 3394 5178 Reg.
3437 5120 3490 5163 et
3533 5108 3778 5163 Comhel.

2217 5174 2759 5294 ἦεπαραληψόμενος.
2800 5174 3033 5232 Montae.
3077 5188 3131 5233 et
3167 5174 3420 5244 Morelf'l)
3461 5179 3782 5248 παραληψάο

2220 5261 2257 5294 υ.
2290 5261 2397 5294 νος.

2219 5261 2397 5312 μενος.

2291 5313 2402 5386 (ρο)
2433 5315 2916 5386 Δι’γέμαυτοῦειιει
2949 5316 3082 5386 οοὼ
3111 5315 3264 5386 lleg.,
3295 5315 3555 5382 Montuc.,
3581 5315 3770 5370 Morel.

2214 5396 2277 5436 ac
2298 5383 2544 5438 Combef.
2582 5387 2635 5438 In
2659 5387 2786 5439 edit.
2817 5385 2883 5437 δι’
2905 5385 3119 5438 ἑαυτοῦ.

2284 5451 2396 5521 (47)
2428 5453 2807 5517 Στήσουσαν.
2841 5456 2973 5508 Cod.
2999 5453 3156 5521 ch.,
3197 5453 3460 5520 Montac.,
3488 5453 3674 5508 Morel.
3709 5467 3777 5507 ac

2209 5518 2454 5592 Coinbef.
2492 5525 2656 5592 συστή
2666 5539 2880 5575 σουσαν.

2282 5590 2394 5666 (48)
2428 5592 2546 5666 ’ίοτι
2571 5587 2797 5666 χηρεία.
2825 5591 2971 5666 ϐοά.-
2991 5593 3072 5666 ὅτι
3094 5593 3283 5665 χηρεία
3313 5593 3430 5666 μέν.
3461 5592 3550 5647 Sic
3576 5599 3630 5645 et
3656 5587 3772 5644 Mo-

513 5727 518 5730 _
550 5645 608 5704 In
629 5645 765 5706 edit.
795 5645 922 5723 ’περὶ
947 5652 1007 5703 τὸ
1031 5652 1295 5716 οἰκίδειον,
1323 5654 1465 5725 quod
1499 5645 1741 5709 March":
1789 5655 2099 5710 Necessario

2232 5645 2331 5725 ἐἴη
2363 5645 2453 5731 qui
2479 5645 2662 5730 paulo"
2673 5670 2792 5730 post
2822 5645 2920 5730 μέν
2941 5647 3101 5717 delet.‘
