4178 6456
522 493 632 554 2‘23

1748 493 1806 552 S.
1831 492 2153 550 GREGORlI
2182 492 2524 550 TllEOLOGl

3657 497 3774 553 9‘2"

525 615 910 677 consequatur.
947 607 1238 662 Maximum
1268 615 1447 663 autem
1478 606 1696 676 pondus
1727 607 1794 661 ad
1826 606 2088 675 depreca-

2195 608 2303 669 τοῖς
2334 605 2592 676 μεγάλοις
2637 604 2765 674 ὑμῖν
2809 603 2920 675 (48)
2963 604 3258 676 γνώριμος,
3311 608 3405 661 καὶ
3451 610 3482 678 ἡ
3517 611 3769 679 συμφορὰ

525 701 730 755 tionem
767 701 924 755 nobis
954 699 1108 754 all‘ert
1141 699 1227 753 ’iic
1260 714 1475 768 quoque
1509 699 1625 768 ipse
1656 699 1757 758 vir,
1793 713 1858 752 ex
1893 698 2088 766 insigni

525 798 690 860 atque
720 791 916 845 illustri
950 791 1160 856 militia,
1188 790 1343 845 vobis
1376 791 1535 844 etiam
1573 789 1784 859 magnis
1816 789 1948 842 viris
1983 788 2092 842 for-

525 887 673 933 tasse
708 887 868 932 notus
891 917 906 942 ,
936 885 1097 947 atque
1139 877 1390 948 corporis
1431 878 1715 932 calamitas
1746 878 1922 932 oculis
1958 877 2090 946 ipsis

525 969 682 1024 Iidem
709 969 936 1023 faciens.
965 969 1096 1033 Quae
1119 985 1242 1023 cum
1277 985 1370 1038 per
1396 984 1454 1024 se
1475 969 1656 1038 gravis
1687 976 1741 1022 et
1771 968 1963 1022 acerba
1996 968 2088 1029 sit,

521 1065 634 1112 tum
684 1059 810 1127 quia
861 1067 1057 1128 praeter
1087 1061 1362 1122 meritum,
1391 1069 1449 1112 ut
1483 1059 1779 1114 verisimile
1824 1067 1929 1119 est,
1971 1057 2093 1127 plus

2195 698 2288 750 τοῦ
2341 697 2592 766 σώματος
2638 695 2864 750 αὐτόθεν
2911 696 3010 766 τὴν
3061 697 3183 766 ὄψιν
3244 698 3524 752 πείθουσα.
3568 700 3764 770 Βαρεῖα

2199 789 2297 858 μὲν
2336 789 2429 841 καὶ
2460 789 2582 841 καθ’
2630 788 2851 857 ἑαυτὴν,
2895 787 2972 857 τῷ
3003 791 3133 858 παρ’
3177 789 3335 854 ἀξίαν
3370 789 3448 852 δὲ,
3477 790 3552 853 ὡς
3599 791 3765 854 εἰκὸς,

2198 879 2488 950 βαρυτέρα.
2527 879 2748 941 Τούτοις
2802 878 3158 948 προστεθεῖσα
3219 880 3312 932 καὶ
3356 882 3389 950 ἡ
3435 882 3568 950 παρ’
3614 880 3768 950 ἡμῶν

2198 969 2565 1040 παράκλησις.
2603 964 2723 1022 οἶδα
2770 969 2852 1021 ὅτι
2887 968 3220 1040 κατορθώσει
3257 969 3456 1041 μᾶλλον
3496 970 3559 1022 τὸ
3600 987 3770 1022 σπου-

2197 1057 2510 1129 δαζόμενον.

519 1151 832 1206 acerbitatis
875 1151 1056 1204 habet.
1100 1151 1312 1216 Quibus
1350 1151 1512 1206 rebus
1554 1152 1808 1220 adjuncta
1837 1158 2023 1206 nostra
2049 1151 2312 1220 precatio,
2343 1167 2451 1206 non
2489 1150 2701 1214 dubito,
2732 1149 2864 1220 quin
2899 1147 2974 1212 id,
3005 1147 3073 1202 de
3098 1163 3208 1218 quo
3236 1147 3566 1211 laboramus,
3597 1146 3768 1217 magis

517 1240 790 1296 conﬁciat.

1059 1352 1295 1409 CXXIX.
1338 1351 1568 1407 EIDEM.

2640 1352 2813 1406 PKG’.
2853 1351 2940 1420 To
2977 1350 3158 1420 ΑΥἸᾮ
3197 1350 3330 1420 (te).

589 1465 666 1518 De
699 1473 924 1534 tempore
952 1482 1052 1535 quo
1082 1466 1280 1532 scripta
1316 1473 1392 1518 est
1422 1465 1532 1519 [nec
1562 1465 1802 1533 epistola,
1852 1474 1908 1518 ut
1938 1467 2198 1533 superior,
2236 1463 2368 1519 nihil
2403 1464 2530 1518 certi
2572 1463 2845 1535 habemus.
2884 1460 2969 1535 Ea:
3012 1461 3092 1514 his
3121 1463 3561 1535 _ta_ntum_verbis
3583 1479 3612 1517 ε.
3651 1462 3782 1518 Nisi.

518 1549 685 1604 prava
715 1530 974 1604 corporis
995 1530 1302 1604 valetudine
1329 1530 1626 1596 uteremur,
1651 1530 2103 1588 convenissemus
2140 1530 2213 1597 te,
2246 1544 2299 1588 et
2335 1535 2474 1604 hanc
2507 1548 2602 1601 per
2632 1546 2731 1584 nos
2764 1530 3220 1604 legationem_ipsi
3269 1532 3619 1604 obiissemus,
3649 1549 3768 1604 con-

519 1599 686 1670 jicere.
707 1603 787 1670 fas
812 1599 890 1656 est
921 1602 1228 1673 Gregorium
1257 1602 1774 1673 Constantinopolim
1805 1603 2175 1671 proﬁciscendi
2207 1599 2522 1673 consiliunf
2545 1617 2646 1673 non
2678 1601 2890 1673 cumino
2941 1599 3230 1673 abiecisse;
3262 1601 3518 1673 siquidem
3572 1602 3766 1673 prmfe-

521 1666 636 1724 ctus
671 1666 720 1723 in
749 1689 810 1724 ea
840 1673 964 1726 urbe
992 1666 1223 1741 dEgebat,
1252 1675 1328 1725 rei
1355 1666 1672 1740 Procopium
1703 1666 1865 1724 alium
1903 1666 2085 1740 fuisse.
2127 1671 2527 1727 Observandum
2555 1671 2715 1741 etiam
2759 1666 3065 1738 Gregorium
3093 1670 3165 1741 ad
3193 1666 3401 1741 nuptias
3435 1666 3766 1741 Olympiadis

523 1751 761 1793 uocatum
796 1758 828 1793 a
871 1737 1148 1808 Procopio,
1175 1751 1376 1805 postea,
1416 1750 1470 1792 ut
1510 1737 1820 1802 uidebimus,
1854 1737 2057 1794 nullam
2091 1743 2278 1805 aliam,
2329 1750 2528 1805 pra'ter
2559 1738 2818 1800 morbum,
2866 1737 3253 1790 excusationem
3294 1737 3602 1808 obtendere;
3629 1739 3766 1808 quod

523 1821 827 1878 argumento
857 1822 934 1863 est
961 1805 1252 1876 superiores
1285 1811 1484 1862 litteras
1516 1811 1585 1863 ad
1619 1809 1931 1877 Procopium
1963 1809 2447 1878 Constantinopolis
2510 1808 2816 1876 prcefectum
2846 1809 3070 1875 scriptas
3112 1822 3249 1869 esse,
3317 1823 3408 1861 nec
3457 1805 3766 1878 Gregorium

523 1879 734 1932 omnino
764 1880 1074 1932 valedixisse
1104 1879 1222 1932 huic
1248 1880 1474 1934 civitati.

593 1995 710 2052 Nisi
757 2013 919 2067 prava
956 1999 1203 2067 corporis
1247 1998 1554 2054 valetudine
1586 2005 1882 2064 uteremur,
1933 2007 2096 2069 atque

2267 1999 2330 2050 Εἰ
2374 1999 2470 2069 μὲν
2516 1997 2590 2067 μὴ
2635 1994 2887 2066 πονηρῶς
2919 1997 3050 2066 ἡμῖν
3088 1993 3284 2066 ἔχρητο
3320 1993 3380 2047 τὸ
3408 1994 3586 2065 σῶμα,
3634 1995 3768 2066 μηδὲ

522 2089 592 2144 de
612 2089 727 2158 ipsa
753 2091 914 2144 etiam
943 2090 1049 2144 vita
1083 2075 1275 2143 malam
1306 2105 1454 2159 spem
1483 2090 1835 2154 haberemus,
1863 2091 2096 2162 primum

519 2178 657 2233 illud
715 2193 779 2234 ac
841 2181 1135 2233 maximum
1196 2180 1411 2233 lucrum
1469 2179 1828 2243 fecissemus,
1887 2191 1945 2234 ut
2005 2191 2098 2234 tuo

520 2283 816 2338 congressu
865 2283 928 2322 ac
977 2269 1248 2339 colloquio
1304 2267 1633 2333 l'rueremur,
1685 2270 1830 2339 quod
1873 2271 2098 2324 omnino

520 2358 697 2413 nostri
739 2367 950 2428 ergate
981 2357 1140 2412 ollicii
1193 2358 1332 2412 ratio
1361 2359 1673 2428 postulabat
1712 2378 1724 2412 :
1762 2358 1958 2414 deinde
2005 2374 2101 2428 per

522 2462 625 2501 nos
667 2447 819 2516 ipsos
871 2446 1013 2500 hanc
1055 2447 1380 2515 legationem
1418 2447 1772 2502 obiissemus.
1827 2448 2098 2512 Quoniam

526 2543 731 2599 autem,
774 2535 966 2590 morbo
1016 2550 1280 2604 prorsus,
1333 2543 1590 2605 tanquam
1645 2537 1854 2590 catenis
1901 2537 2098 2599 vincti,

524 2621 794 2691 iacemus,
826 2635 926 2675 nec
962 2630 1157 2690 sponte
1187 2632 1374 2677 nostra
1408 2631 1463 2678 et
1491 2623 1768 2679 voluntate
1800 2624 1905 2679 hoc
1933 2625 2102 2680 detri-

527 2720 770 2766 mentum
814 2711 1162 2781 accepimus,
1208 2713 1354 2783 quod
1398 2725 1702 2784 supererat,
1747 2716 1801 2771 id
1836 2716 2098 2782 facimus,

528 2813 688 2873 teque
732 2819 828 2872 per
869 2805 1078 2860 litteras
1113 2805 1361 2872 adimus,
1398 2817 1561 2876 atque
1609 2809 1993 2878 amplectimur
2048 2817 2102 2864 et

524 2893 929 2955 exosculamur,
967 2908 1196 2962 eamque
1236 2893 1489 2948 ﬁduciam
1522 2897 1886 2965 concipimus,
1916 2904 1974 2950 ut
2001 2912 2101 2967 pro

469 3053 476 3065 .
525 2981 862 3035 condiacono
908 2991 1098 3037 nostro
1131 2983 1372 3052 Eugenio
1421 3000 1692 3054 rogemus,
1729 3003 1888 3056 quem
1935 3003 1965 3040 a
2010 2996 2099 3040 tua

525 3070 728 3125 mentis
762 3072 1137 3140 magnitudine
1170 3087 1232 3126 ac
1268 3075 1587 3143 praestantia
1622 3076 1994 3144 deposcimus.
2023 3078 2102 3130 Ac

525 3161 571 3215 si
607 3159 827 3230 quidem
865 3162 1074 3216 nullum
1106 3164 1314 3218 crimen
1341 3176 1426 3218 est
1457 3181 1521 3219 ca
1572 3164 1937 3230 familiaritas,
1981 3182 2102 3237 quae

526 3250 630 3320 ipsi
684 3266 808 3304 cum
869 3251 1113 3323 Reg-iano
1169 3253 1387 3309 bomine
1430 3257 1589 3324 110
1629 3256 2006 3310 conscelerate
2047 3265 2102 3311 et

2200 2087 2329 2158 περὶ
2362 2085 2454 2140 τοῦ
2481 2085 2579 2157 ζῇν
2624 2085 2794 2139 αὐτοῦ
2836 2085 3077 2156 πονηρὰς
3120 2084 3340 2155 εἴχομεν
3379 2084 3478 2148 τὰς
3527 2085 3766 2152 ἐλπίδας,

2197 2179 2412 2249 πρῶτον
2447 2177 2545 2248 μὲν
2580 2176 2692 2247 (50)
2733 2176 2800 2230 ἂν
2846 2177 2938 2229 καὶ
2981 2176 3232 2245 μέγιστον
3270 2175 3640 2246 ὲκερδάναμεν
3673 2175 3770 2246 τὴν

2199 2266 2298 2338 σὴν
2333 2266 2620 2336 συντυχίαν
2649 2269 2740 2320 καὶ
2782 2267 3068 2320 συνουσίαν
3097 2266 3231 2336 (51),
3260 2266 3294 2336 ἡ
3327 2283 3407 2318 σοι
3438 2267 3570 2336 παρ’
3613 2266 3768 2335 ἡμῶν

2199 2357 2414 2420 πάντως
2442 2357 2730 2424 ὠφείλετο·
2761 2355 3012 2428 δεύτερον
3047 2357 3102 2410 δὲ
3135 2357 3201 2410 δι’
3233 2355 3390 2426 ἡμῶν
3418 2355 3594 2408 αὐτῶν
3625 2355 3758 2408 ταύ-

2197 2463 2297 2518 την
2326 2447 2391 2500 ἂν
2427 2447 2824 2518 ὲπληρώσαμεν
2864 2448 2963 2519 τὴν
3007 2446 3321 2519 πρεσϐείαν.
3362 2445 3514 2497 Ἐπεεῖ¹
3553 2444 3609 2498 δὲ
3647 2443 3763 2496 κεί-

2203 2536 2342 2608 μεθα
2377 2537 2654 2602 παντελῶς
2693 2541 2758 2609 τῇ
2787 2537 3068 2609 ἀρρωστίᾳ.
3101 2536 3492 2607 πεπεδημένοι,
3536 2535 3630 2588 καὶ
3669 2536 3767 2606 οὐχ

2201 2627 2415 2690 ἑκόντες
2445 2625 2819 2697 ὲζημιώμεθα,
2852 2626 2880 2678 ὃ
2917 2626 3164 2696 δεύτερον
3196 2621 3264 2696 ἦν
3295 2623 3573 2693 ποιοῦμεν,
3596 2622 3766 2693 πρόσε-

2203 2717 2324 2787 ιμέν
2357 2715 2467 2786 (52)
2500 2734 2580 2769 σοι
2621 2716 2712 2770 διὰ
2750 2717 2856 2769 τῶν
2893 2715 3257 2788 γραμμάτων,
3288 2715 3379 2767 καὶ
3423 2711 3767 2783 δεξιούμεοα,

2200 2808 2295 2860 καὶ
2342 2805 2802 2877 κατασπαζόμεθα
2842 2807 2977 2877 (55),
3014 2806 3106 2860 καὶ
3160 2804 3464 2877 Θαρῤοὖμεν
3515 2803 3775 2872 δεηθῆναι

2201 2900 2329 2971 περὶ
2360 2900 2455 2953 τοῦ
2503 2899 2847 2953 συνδιακόνου
2876 2900 2988 2970 (54)
3020 2899 3179 2970 ἡμῶν
3212 2898 3490 2965 Εὑγενίου,
3536 2896 3594 2949 ὃν
3626 2894 3769 2958 ἐξαι-

2200 2990 2438 3062 τούμεθα
2482 2991 2632 3061 παρὰ
2684 2993 2782 3063 τῆς
2831 2992 2928 3060 σῆς
2987 2989 3358 3061 μεγαλονοίας.
3413 2988 3474 3039 Ei
3531 2987 3627 3056 μὲν
3676 2983 3770 3040 οὖν

2200 3081 2350 3136 οὐδέν
2386 3084 2532 3136 ἐστιν
2573 3082 2814 3152 ἀδίκημα
2856 3084 2888 3152 ἡ
2932 3083 3066 3152 πρὸς
3105 3081 3194 3134 τὸν
3229 3079 3439 3133 ἀνόσιον
3487 3077 3770 3147 Ῥηγιανὺν

2200 3173 2468 3244 οἰκειότης
2509 3173 2606 3240 (οὐ
2639 3172 2747 3242 γὰρ
2780 3171 2907 3225 ἄλλο
2935 3188 2996 3240 γε
3031 3170 3180 3223 οὐδὲν
3216 3168 3414 3222 ἀδικῶν
3455 3165 3758 3236 φαίνεται),

2200 3262 2267 3314 δι’
2295 3262 2428 3315 αὐτὸ
2455 3262 2516 3314 τὸ
2541 3261 2766 3325 δίκαιον,
2804 3254 2865 3314 οὗ
2900 3263 2962 3314 σὺ
2995 3260 3299 3331 βραϐευτὴς
3340 3259 3449 3327 (55)
3509 3258 3600 3310 καὶ
3638 3274 3768 3327 προ-

526 3341 740 3396 nefario
803 3343 1113 3399 intercessit
1157 3347 1174 3411 (
1201 3361 1376 3416 neque
1423 3349 1567 3401 enim
1624 3363 1747 3402 eum
1800 3347 2098 3418 quidquam

2203 3350 2402 3421 στάτης
2425 3365 2439 3380 ⁸
2474 3353 2522 3403 εί
2555 3351 2610 3404 δὲ
2643 3351 2888 3421 ἀδίκημα
2924 3349 3078 3403 τοῦτο
3105 3350 3306 3421 κρίνεις
3329 3349 3462 3418 (56),
3482 3347 3568 3399 διά
3594 3363 3656 3413 γε
3680 3346 3770 3396 τῦν

527 3433 670 3487 aliud
708 3434 932 3490 sceleris
982 3435 1274 3492 admisisse
1309 3437 1596 3508 constat),
1644 3437 1714 3492 ob
1761 3436 1854 3507 jus
1899 3438 2100 3507 ipsum,

529 3519 687 3588 cujus
729 3527 787 3573 tu
819 3521 1024 3576 arbiter
1063 3538 1125 3578 ac
1172 3533 1441 3592 patronus
1470 3541 1530 3581 es
1565 3545 1578 3580 :
1613 3526 1658 3580 si
1693 3536 1874 3581 autem
1910 3527 1963 3581 id
1990 3527 2100 3581 cri-

527 3626 652 3665 men
683 3626 806 3665 esse
835 3627 1051 3679 censes,
1083 3624 1234 3669 certe
1270 3616 1322 3670 in
1361 3616 1454 3671 Dei
1491 3618 1750 3688 gratiam,
1784 3618 1873 3671 cui
1906 3619 2098 3685 astitit,

529 3715 594 3754 ac
630 3703 929 3757 senectutis
961 3711 1161 3758 nostra:
1193 3721 1380 3772 causa,
1417 3723 1580 3776 quam
1620 3708 1806 3762 multis
1834 3710 1967 3764 viris
2006 3709 2100 3764 Dei

529 3799 676 3844 metu
711 3791 954 3861 praeditis
988 3796 1324 3850 venerationi
1373 3813 1496 3852 esse
1535 3814 1644 3853 non
1689 3799 1927 3869 ignoras,
1962 3800 2101 3855 banc

528 3881 714 3950 igitur,
752 3898 966 3952 quaeso,
1007 3886 1237 3953 gratiam
1269 3893 1323 3940 et
1364 3887 1544 3950 nobis,
1574 3895 1630 3943 et
1669 3888 1924 3944 universo
1954 3891 2099 3944 clero

530 3971 810 4038 concede;
884 3982 1047 4042 atque
1118 3974 1392 4030 hominem
1471 3977 1745 4031 calumnia
1817 3978 2098 4033 liberando

529 4059 734 4118 faustas
800 4064 895 4117 tibi
941 4064 1154 4121 divinas
1200 4081 1324 4137 spes
1372 4068 1541 4124 eflice.
1596 4067 1653 4122 Si
1717 4069 1818 4123 hoc
1879 4069 2094 4133 feceris,

2198 3441 2350 3502 Θεὸν,
2380 3434 2424 3508 ᾧ
2456 3441 2770 3511 παρέστηκε
2795 3441 2931 3510 (57),
2969 3440 3062 3493 καὶ
3095 3439 3194 3510 τὴν
3235 3438 3508 3509 ἡμετέραν
3549 3434 3761 3498 πολιὰν,

2197 3533 2264 3603 ἢν
2299 3532 2575 3602 αέδὲσιμον
2609 3528 2749 3595 οἶδας
2780 3531 2892 3602 (58)
2915 3531 3129 3594 πολλοῖς
3165 3530 3272 3583 τῶν
3296 3527 3636 3598 φοϐουμένων
3665 3525 3756 3577 τὸν

2197 3621 2421 3691 Κύριον,
2456 3622 2544 3685 δὺς
2571 3618 2663 3675 οὖν
2704 3622 2837 3692 (59),
2878 3621 3216 3694 παρακαλῶ,
3257 3622 3350 3673 καὶ
3385 3621 3515 3690 ἡμῖν
3554 3616 3648 3670 καὶ
3691 3615 3769 3684 τῷ

2206 3710 2392 3782 κλήρῳ
2424 3713 2588 3765 παντὶ
2629 3711 2830 3780 ταύτην
2860 3711 2957 3782 τὴν
3001 3712 3157 3782 χάριν
3178 3729 3190 3742 ·
3221 3712 3315 3764 καὶ
3355 3708 3531 3773 δεξιὰς
3562 3704 3770 3775 σεαυτῷ

2206 3803 2432 3873 ποίησον
2478 3803 2574 3866 τὰς
2620 3803 2760 3856 κατὰ
2805 3803 2936 3856 Θεὸν
2977 3805 3215 3868 ἐλπίδας,
3252 3797 3768 3872 ὲλευθερὼσας,τῆς

2206 3893 2466 3963 ἐπηρείας
2499 3894 2588 3947 τὸν
2639 3889 2942 3965 ἄνθρωπον.
2991 3894 3280 3966 Ἀντιλήψῃ
3320 3893 3409 3955 δὲ,
3459 3884 3534 3945 ὧν
3582 3889 3769 3952 δίδως,

2203 3984 2303 4036 οὐκ
2335 3986 2592 4039 ἐλάττονα
2633 3986 2719 4058 (εἰ
2747 3987 2822 4057 μὴ
2853 3986 2996 4058 μέγα
3041 3985 3200 4039 τοῦτο
3245 3985 3466 4052 εἰπεῖν),
3507 3979 3606 4043 τὰς
3635 3977 3767 4048 παρ’

2204 4074 2238 4142 ὴ
2246 4073 2360 4143 μῶν
2393 4077 2577 4145 εὐχάς.

529 4167 629 4221 pro
659 4153 724 4209 iis
745 4195 759 4218 ,
801 4172 921 4225 quae
951 4158 1148 4212 tribuis
1169 4197 1183 4223 ,
1229 4175 1338 4214 non
1383 4160 1592 4214 minora
1621 4160 1764 4232 (nisi
1800 4161 1902 4215 hoc
1946 4159 2095 4215 dictu
2133 4161 2298 4219 nimis
2330 4179 2582 4236 magnum
2609 4165 2737 4238 est),
2763 4165 3020 4237 recipies,
3053 4164 3154 4220 hoc
3208 4169 3312 4228 est,
3364 4167 3583 4217 nostras
3646 4167 3767 4210 ora-

529 4245 725 4304 tiones.

602 4422 714 4494 (48)
740 4423 1032 4494 Manilth
1061 4426 1221 4494 ὑμῖν.
1245 4423 1320 4477 Ita
1349 4426 1471 4479 cod.
1502 4426 1560 4478 Β.
1583 4425 1637 4486 ’5,
1668 4424 1736 4491 R,
1761 4432 1815 4480 et
1845 4422 2090 4479 Combel‘.

528 4489 589 4544 ln
611 4489 723 4561 edit
771 4489 898 4561 ὑμῖν
929 4489 1320 4548 ὁρέειῖιιριιύίι
1351 4503 1530 4549 tamen
1561 4489 1770 4548 Billius.

566 4560 714 4640 .(4?)
755 4560 1164 4640 Alias-CLVIII.
1219 4562 1410 4616 Incerti
1465 4564 1724 4632 temporis
1753 4601 1768 4628 ,
1817 4561 1911 4617 sed
1955 4561 2094 4618 forte

530 4630 776 4698 ejusdem
808 4631 954 4698 anni.

605 4697 717 4767 (50)
748 4697 987 4766 Πρῶτον
1016 4699 1164 4764 μέν,
1218 4707 1322 4754 etc.
1367 4697 1524 4752 Hunc
1555 4698 1776 4761 locum,
1827 4699 1916 4752 cui
1967 4699 2118 4758 nihil.

530 4775 718 4822 censet
737 4768 1065 4848 addendum,
1092 4768 1172 4822 sic
1205 4771 1358 4823 vertit
1389 4767 1669 4848 (loinbcf.:
1703 4767 1943 4821 Primum
1967 4769 2102 4823 illud

530 4853 594 4891 ac
621 4839 913 4892 maximum
944 4854 1172 4891 essemus
1209 4839 1491 4898 consecuti,
1527 4847 1582 4889 ut
1609 4847 1695 4890 tuo
1720 4854 2001 4905 congressu
2039 4855 2102 4892 ac

528 4907 789 4980 colloquio
812 4907 1119 4980 potiremur,
1149 4910 1334 4980 quippe
1372 4907 1625 4980 qui/iane
1661 4907 1967 4980 Iegationem
2011 4923 2102 4977 per

531 4993 626 5030 nos
653 4978 790 5043 ipsos
841 4977 1170 5032 obiissemus.
1196 4978 1384 5032 Billius
1411 5017 1426 5041 ,
1464 4978 1674 5046 inquit,
1720 4981 1832 5031 haec
1864 4977 2096 5044 dividit;

533 5046 627 5099 scd
670 5047 864 5101 melius
893 5063 954 5101 ac
994 5049 1297 5118 simplicius
1328 5049 1470 5103 edita
1503 5046 1690 5118 Graeca
1737 5063 1858 5116 quze
1909 5049 2101 5118 lectio—

530 5131 695 5176 nem,
747 5131 907 5184 quam
944 5115 1164 5172 secutus
1216 5127 1299 5173 est
1332 5159 1346 5184 ,
1397 5133 1504 5171 non
1554 5115 1864 5171 admittunt.
1922 5115 2100 5172 Unum

531 5186 779 5257 agnoscit
806 5186 1206 5257 detrimentum
1245 5187 1539 5255 Gregorius
1567 5226 1582 5250 ,
1617 5189 1762 5256 quod
1810 5188 2100 5257 praesentia

530 5253 621 5326 illa
665 5254 927 5326 exciderit
953 5294 967 5317 ,
999 5259 1086 5326 cui
1109 5258 1339 5326 alterum
1362 5253 1501 5326 iacit
1521 5296 1534 5320 ,
1566 5253 1656 5326 _ut
1686 5271 1781 5326 per
1810 5253 2100 5326 epistolam

531 5322 769 5397 atlcat_et
805 5324 1144 5397 interpellet:
1185 5328 1249 5376 Ὃ
1285 5325 1532 5395 δεύτερον
1564 5321 1631 5395 ἦν
1656 5321 1976 5397 ,’πρόσιμέν
2019 5342 2101 5377 σοι

528 5392 616 5444 διὰ
645 5392 754 5445 τῶν
790 5392 1154 5512 γραμμάτων.

600 5460 824 5512 (51)Κα
867 5463 1154 5512 συνουσία

600 5460 714 5530 (51)
737 5460 846 5514 Καὶ
867 5460 1228 5530 σὺνουσίαν.
1263 5460 1529 5518 Addimus
1555 5477 1676 5516 Cum
1695 5463 1816 5517 cod.
1848 5463 2000 5530 Reg.
2037 5461 2097 5516 Β.

530 5529 566 5614 5
591 5537 646 5582 et
681 5529 753 5614 ιι,
779 5545 841 5612 ac
864 5529 1188 5614 Morelﬁzfil
1213 5547 1316 5614 ,σοί
1338 5533 1465 5614 παρ’
1498 5532 1654 5614 ημῶν
1679 5534 1905 5614 ’πάντφς
1933 5529 2101 5614 finesi-

529 5597 653 5672 λεςτο
677 5614 693 5627 ο
724 5597 974 5672 δεύτερον
1014 5599 1069 5652 δὲ
1094 5599 1164 5672 tit:
1202 5600 1356 5672 ήμῷν
1386 5597 1565 5655 αὐτῶν
1595 5603 1798 5672 ταύτην
1830 5602 1896 5672 ἂν
1930 5600 2100 5669 ὲπλη-

531 5665 789 5742 ρῴσαμεν
815 5665 912 5738 τὴν
942 5665 1254 5742 πρεσϐείανξ
1284 5669 1436 5742 Legit
1470 5671 1703 5742 Montac.
1728 5665 1880 5742 ε’Κα).
1916 5665 2103 5742 συνου-

532 5737 676 5801 σίαν,
705 5737 1026 5860 Eductam"
1055 5739 1211 5809 ἡμῶν
1251 5737 1490 5805 σπανίως
1526 5741 1816 5808 ὠφείλετο·
1850 5737 2102 5860 δεύτερον

532 5803 590 5860 ὁὶ
613 5812 689 5860 ὡς
757 5805 790 5859 ι’
818 5808 975 5860 ἡμῶν
1001 5809 1179 5860 αὐτῶν
1206 5810 1371 5860 ταῦτα
1404 5809 1818 5860 ὲπληοώσαιιεν.
1874 5808 1932 5860 ln
1965 5822 1993 5860 c
2039 5809 2096 5860 it.

531 5803 590 5860 ὁὶ
613 5812 689 5872 ὡς
723 5803 790 5860 δι’
818 5803 979 5878 ἡμῶν
1001 5803 1179 5864 αὐτῶν
1206 5810 1371 5865 ταῦτα
1404 5803 1818 5880 ὲπληρῶσαμεν.
1874 5808 1932 5862 lu
1965 5803 2096 5862 edit.

2203 4425 2298 4510 καὶ
2325 4424 2627 4493 συνουσίαν,
2656 4425 2736 4479 ὅτι
2763 4425 2892 4498 παρ’
2922 4422 3076 4494 ἡμῶν
3099 4421 3280 4475 αὐτῶν·
3308 4420 3511 4489 ταύτην
3533 4419 3770 4488 avem.-

2237 4512 2476 4564 ωσαμεν.

2127 4543 2170 4598 D
2203 4512 2476 4566 ρωσαμεν.
3109 4559 3137 4571 ~

2270 4565 2380 4632 (52)
2414 4568 2474 4617 Ὁ
2529 4558 3308 4632 δεύτερον-ἦνλαξοιουμενᾷ
3334 4556 3644 4632 πρρᾳιμετς.
3688 4555 3768 4609 Ita

2203 4624 2324 4704 cod.
2351 4624 2504 4704 Reg,
2527 4635 2584 4688 B.
2617 4635 2670 4698 5,
2693 4624 2793 4704 'et_
2813 4624 2928 4704 BIL
2947 4624 3149 4704 Morel;
3167 4642 3230 4679 ac
3271 4625 3516 4704 Combel}
3533 4624 3771 4704 ,δίοψις

2203 4703 2354 4772 legit.
2391 4692 2506 4758 ΒῘῙΙ.
2545 4704 2635 4773 qui
2657 4692 2855 4773 vertit:
2886 4692 3043 4773 Quod
3064 4698 3299 4773 deinceps
3331 4693 3640 4773 sequebatur
3666 4692 3765 4773 ,_

2203 4763 2446 4852 facimus.
2486 4763 2719 4852 hie-utam
2757 4768 2786 4821 ὃ
2811 4763 3059 4839 δεύτερον
3091 4764 3159 4839 ἦν
3192 4764 3506 4837 προσίομεν.
3544 4763 3602 4817 In
3633 4764 3768 4818 edit.

2207 4843 2957 4980 Μίὲὶὲἷεῖἰὲξὲῗξταζόμεθα.
3013 4905 3145 4963 Cod.
3201 4912 3256 4962 et
3300 4901 3552 4959 Combef.
3588 4903 3772 4956 ἀσπα-

2203 4979 2930 5120 ζόῗὲἓῗὲυνδιακόνουᾼιε
2960 5046 3081 5120 cod.
3100 5044 3258 5116 Reg.,
3286 5041 3545 5105 Montac.,
3580 5037 3770 5093 Morel.

2202 5127 2256 5174 et
2283 5116 2530 5174 Coinbrl‘.
2575 5119 2632 5173 In
2671 5117 2804 5172 edit.
2839 5116 3104 5170 διακόνου.

2277 5190 2388 5258 (55)
2413 5185 2496 5244 Οὗ
2535 5188 2630 5258 ob
2679 5188 3032 5255 βραϐευτής.
3071 5185 3147 5238 Ita
3172 5181 3296 5258 cod.
3331 5179 3487 5248 Reg,
3514 5175 3777 5243 Montae.,

2204 5251 2391 5312 Morel.
2427 5273 2491 5311 ac
2519 5251 2766 5312 Combe'l'.
2809 5258 2866 5308 lu
2897 5251 3028 5310 edit.
3054 5251 3376 5317 κρατεύτης.

2273 5327 2384 5396 (56)
2421 5327 2598 5381 Ίϊῦτο
2621 5325 2971 5396 κρίνεις-,711³
3009 5313 3293 5396 cod._li_e_g.
3419 5313 3772 5396 5.“Monta_c.,

2203 5387 2391 5482 Molrel.
2445 5411 2510 5450 ac
2556 5387 2837 5458 Combef.,
2875 5395 3098 5463 ipseque
3142 5387 3263 5443 Bill.
3322 5387 3384 5441 In
3435 5387 3566 5443 edit.
3618 5387 3773 5437 τοῦτο

2205 5481 2402 5536 κρινει-.

2275 5533 2388 5600 (57)
2417 5533 2783 5600 Πσρέστηκε.
2820 5531 3053 5588 Montac.
3090 5537 3144 5586 et
3177 5526 3361 5600 Morel.
3398 5524 3770 5596 παρέστηκας.

2275 5593 2388 5673 (58)
2425 5593 2620 5668 Οἶδας.
2648 5593 2835 5658 Morel.
2866 5613 2919 5658 et
2957 5602 3201 5673 Combef.
3235 5593 3369 5673 οἶδα.
3409 5666 3422 5673 _
3552 5662 3570 5673 ‘
3635 5593 3643 5595 ⁷
3687 5659 3722 5673 υ

2203 5740 2238 5796 d
2274 5659 2386 5795 is?)
2413 5673 2523 5758 43¢
2550 5659 2678 5727 οἶνν.
2708 5674 2787 5728 lta
2815 5673 2938 5728 cod.
2969 5671 3154 5728 Morel.
3190 5678 3242 5725 ct
3272 5662 3518 5722 Combcl‘.
3552 5662 3612 5716 ln
3637 5659 3774 5717 edit.

2240 5757 2330 5799 COS
2405 5759 2520 5795 ουν.
