4182 6394
298 377 406 432 E25
1660 370 1999 428 EPISTOLA
2037 371 2281 430 CXXXI.

760 491 884 544 PA'.
928 489 1016 558 re
1051 487 1239 558 ΑΥΤῼ
1288 489 1425 559 (60).
2545 492 2762 548 cxxx.
2806 494 3036 550 EIDEM.

377 607 689 678 Superiores
715 608 975 675 epistolw,
1001 608 1251 678 quamvis
1274 607 1462 660 incerti
1497 607 1770 676 temporis,
1813 607 2116 661 necessario
2145 605 2266 659 huic
2304 608 2688 678 pra‘mittendte
2717 618 2890 666 erant.
2927 624 3046 678 qua:
3095 608 3355 678 sequitur,
3400 624 3580 675 nempe

296 678 418 738 156,
453 694 617 748 quam
651 677 916 746 Procopio
946 677 1186 748 scripsit.
1213 675 1680 748 Constantinopoli
1711 678 1950 748 habitum
1978 687 2058 730 est
2089 693 2228 730 anno
2252 675 2358 730 582
2383 679 2706 740 concilium;
2742 679 2809 731 ad
2841 675 2977 748 quod
3012 675 3237 741 mature,
3278 677 3414 746 forte
3445 681 3577 734 veris

298 748 470 808 initio,
504 747 581 800 rel
606 749 768 801 citius
805 749 970 801 etiam
995 763 1028 799 a
1056 746 1354 816 Theodorio
1388 746 1674 816 Gregorius
1707 747 1922 801 honoris
1958 763 2123 816 causa
2162 757 2377 800 vocatus
2417 757 2518 800 est.
2565 748 2754 802 Verum
2786 746 2905 800 cum
2938 748 3121 800 adesse
3151 748 3334 810 nollet,
3366 758 3457 802 aut
3485 766 3579 803 ac-

297 816 509 870 cedente
542 816 727 870 morbo
754 835 857 870 non
882 826 1078 885 posset,
1111 816 1179 868 ad
1205 815 1527 885 Procopium
1563 819 1853 886 notarium,
1886 833 1976 871 seu
2017 815 2312 869 Theodosio
2337 835 2368 869 a
2397 818 2633 880 secretis,
2665 827 2721 870 ut
2753 818 2860 870 vult
2900 817 3292 879 'l‘illemontius,
3326 835 3415 872 seu
3438 835 3580 886 prte-

299 886 491 956 [totum
527 886 678 940 urbis
709 884 1349 953 Constantinopolitano”,
1380 884 1436 939 ut
1463 886 1617 940 habet
1643 884 2017 954 Gothofredus,
2042 886 2321 953 epistolam
2357 888 2480 949 150,
2513 889 2650 940 alias
2685 887 2773 951 55,
2820 886 2985 949 dedit,
3020 904 3125 956 qua
3163 904 3217 941 se
3256 884 3494 950 excusat,
3532 898 3582 943 et

300 954 626 1027 Procopium
659 966 834 1026 rogat,
866 966 923 1010 ut
948 956 1036 1008 det
1065 971 1281 1027 operam
1332 971 1401 1027 ne
1433 957 1716 1027 piissimus
1748 958 2052 1027 imperator
2079 957 2290 1010 inertia:
2317 972 2381 1009 ac
2414 956 2642 1026 ignavia:
2669 973 2726 1010 sc
2761 954 3112 1016 eundemnet,
3151 958 3244 1010 sed
3279 957 3580 1012 inﬁrmitati

299 1025 572 1094 ignoscat,
602 1024 830 1096 etcfAit
863 1035 1038 1079 autem
1074 1042 1130 1079 se
1157 1024 1447 1095 Gregorius
1475 1024 1539 1079 ab
1563 1027 1805 1081 omnibus
1831 1024 2201 1096 episcoporum
2237 1024 2478 1080 conciliis
2514 1027 2820 1089 abhorrere,
2849 1035 3063 1094 propter
3094 1027 3239 1079 rixas
3287 1037 3336 1080 et
3369 1037 3583 1081 conten-

301 1097 494 1159 tiones,
525 1095 714 1163 quibus
750 1097 888 1150 inter
920 1112 976 1150 se
1004 1096 1406 1164 conﬂictantur.

3470 371 3578 436 29.6

378 1211 530 1278 Ἐχω
565 1210 662 1279 μὲν
697 1209 902 1273 οὕτως,
938 1210 988 1261 εί
1031 1210 1113 1262 δεῖ
1159 1208 1391 1279 τάληθὲς
1431 1210 1697 1280 γράφειν,
1738 1211 1878 1264 ὥστε

2062 1211 2172 1281 Ego
2193 1251 2208 1275 ,
2255 1210 2301 1264 si
2339 1225 2463 1264 vera
2509 1209 2752 1265 scribere
2798 1219 3030 1280 oportet,
3063 1209 3166 1265 hoc
3198 1211 3384 1264 animo
3419 1227 3538 1266 sum
3565 1251 3582 1277 ,

299 1300 483 1354 πάντα
533 1297 789 1368 σύλλογον
836 1299 1061 1367 φεύγειν
1109 1301 1444 1363 ἐπισκόπων,
1487 1301 1568 1353 ὅτι
1623 1303 1893 1373 μηδεμιᾶς

303 1389 529 1442 συνόδου
587 1388 740 1451 τέλος
789 1383 933 1440 εἶδον
988 1387 1261 1458 χρηστὸν,
1307 1389 1442 1458 μηδὲ
1503 1387 1656 1441 λύσιν
1706 1390 1892 1442 κακῶν

304 1481 506 1552 μᾶλλον
534 1479 646 1550 (61)
699 1483 998 1550 ἐσχηκυῖαν
1043 1479 1076 1550 ἢ
1111 1478 1448 1550 προσθήκην.
1492 1480 1604 1534 ’Δεὶ
1643 1481 1751 1551 γὰρ
1781 1480 1890 1551 (62)

302 1572 629 1640 φιλονεικίαι
683 1572 774 1624 καὶ
821 1569 1100 1640 φιλαρχίαι
1151 1569 1301 1640 (ἀλλ’
1346 1571 1496 1634 ὅπως
1547 1571 1622 1641 μή
1660 1572 1770 1642 (65)
1825 1589 1892 1643 με

301 1662 560 1734 φορτικὸν
614 1663 890 1733 ὑπολάϐῃς
955 1661 1100 1716 οὕτω
1153 1663 1506 1731 γράφοντα),
1571 1664 1667 1716 καὶ
1732 1663 1891 1732 λόγου

302 1756 613 1824 κρείττονες
638 1753 751 1822 (64)
773 1771 786 1782 ·
824 1753 917 1806 καὶ
939 1752 1133 1805 θᾶττον
1165 1753 1230 1806 ἄν
1249 1770 1335 1816 τις
1370 1752 1662 1824 ἐγκληθείη
1693 1754 1892 1807 κακίαν

301 1843 510 1914 ἑτέροις
553 1841 666 1912 (65)
713 1841 950 1906 δικάζων
983 1882 998 1908 ,
1049 1842 1081 1912 ἢ
1117 1842 1215 1913 τὴν
1268 1843 1493 1896 ἐκείνων
1537 1843 1738 1896 λύσειε.
1795 1845 1892 1897 Διὰ

302 1934 458 1987 τοῦτο
484 1936 565 1996 είς
597 1933 834 2005 ἐμαυτὸν
860 1933 1214 2005 συνεστάλην,
1253 1935 1347 1987 καὶ
1389 1935 1560 2006 μόνην
1591 1937 1891 2005 ἀσφάλειαν

303 2025 479 2096 ψυχῆς
509 2024 619 2095 (66)
647 2024 744 2095 τὴν
794 2026 1028 2096 ἡσυχίαν
1082 2026 1334 2098 ἐνόμισα.
1381 2026 1498 2080 Νῦν
1545 2027 1600 2079 δὲ
1658 2029 1752 2080 καὶ
1793 2027 1892 2099 τὴν

306 2117 616 2188 ἀρρωστίαν
666 2117 776 2187 ἔχω
832 2117 1249 2188 προστατοῦσαν
1316 2119 1416 2188 τῆς
1471 2119 1740 2190 κρίσεως,
1805 2118 1892 2171 ἀεὶ

310 2205 495 2275 σχεδὸν
544 2204 654 2274 (67)
704 2205 771 2257 τὰ
830 2204 1120 2259 τελευταῖα
1190 2206 1405 2270 πνέων,
1454 2207 1547 2258 καὶ
1614 2207 1694 2270 είς
1740 2206 1891 2259 οὐδὲν

304 2298 526 2368 ἐμαυτῷ
576 2298 811 2369 χρῆσθαι
869 2297 1190 2368 δυνάμενος.
1243 2298 1343 2352 Διὰ
1404 2299 1563 2352 τοῦτο
1623 2315 1893 2368 συγγινω-

304 2388 480 2442 σκέτω
518 2389 618 2459 μὲν
643 2392 777 2460 ἡμῖν
810 2390 920 2459 (68)
957 2393 990 2462 ἡ
1027 2391 1094 2462 σὴ
1142 2390 1489 2461 μεγαλόνοια,
1520 2391 1797 2462 πεισθήτω
1834 2391 1892 2445 δὲ

300 2477 389 2531 διὰ
435 2479 529 2532 σοῦ
567 2481 715 2533 καὶό
763 2479 1150 2545 εὐσεϐέστατος
1196 2481 1467 2551 βασιλεὺς,
1513 2481 1588 2553 μὴ
1619 2481 1890 2553 ῥᾳθυμίαν

1995 1310 2054 1356 ιιι
2074 1317 2292 1356 onmem
2351 1301 2737 1372 episcoporum
2799 1310 3128 1357 conventuin
3165 1301 3391 1372 fugiam,
3443 1318 3583 1373 quo-

1994 1393 2138 1446 niam
2170 1393 2382 1447 nullius
2415 1393 2638 1446 concilii
2683 1392 2842 1447 linem
2879 1394 3060 1447 laetum
3094 1401 3148 1446 et
3179 1393 3421 1448 faustum
3448 1394 3581 1451 vidi.

1993 1499 2096 1540 nec
2150 1484 2295 1554 quod
2353 1484 2735 1553 depulsionem
2801 1486 3068 1539 malorum
3135 1486 3360 1553 potius,
3417 1499 3579 1554 quam

1994 1575 2372 1628 accessionem
2425 1583 2481 1628 et
2545 1575 2942 1629 incrementum
3015 1575 3287 1629 habuerit.
3359 1574 3586 1645 Semper

1943 1707 1954 1716 .
1993 1666 2140 1720 enim
2177 1671 2307 1720 sunt
2349 1665 2769 1734 contentiones,
2800 1674 2854 1720 et
2895 1666 3215 1722 dominandi
3251 1666 3584 1736 cupiditates

1993 1755 2013 1825 (
2032 1770 2096 1810 ac
2129 1771 2198 1810 ne
2229 1771 2335 1817 me,
2361 1772 2571 1826 quaeso,
2603 1773 2826 1828 gravem
2864 1765 2917 1812 et
2951 1759 3243 1833 molestum
3277 1759 3580 1828 existimes,

1995 1848 2110 1904 hinc
2143 1849 2528 1918 scribentem),
2561 1864 2663 1904 nec
2699 1849 2824 1904 ullis
2852 1849 3074 1919 quidem
3107 1849 3290 1903 verbis
3319 1849 3584 1919 explicari

1992 1949 2243 2008 queunt;
2309 1941 2583 2010 citiusque
2642 1941 2842 2013 aliquis
2893 1940 3261 2010 in'probitatis
3292 1949 3584 2009 arguetur,

1992 2031 2121 2084 dum
2159 2030 2282 2084 aliis
2313 2046 2372 2085 se
2407 2031 2646 2099 indicem
2684 2030 2907 2099 praebet,
2933 2047 3096 2100 quam
3131 2033 3347 2086 illorum
3383 2033 3584 2102 impro-

1991 2121 2223 2175 bitatem
2253 2122 2599 2190 comprimat.
2639 2118 2938 2189 Propterea
2969 2131 3169 2175 memet
3205 2122 3324 2191 ipse
3363 2123 3581 2193 collegi,

1993 2212 2300 2280 animmque
2343 2210 2696 2266 securitatem
2734 2211 2787 2263 in
2828 2210 2944 2264 sola
2977 2211 3161 2280 quiete
3193 2227 3256 2266 ac
3290 2214 3586 2268 solitudine

1994 2303 2124 2356 mihi
2152 2303 2384 2372 positam
2409 2301 2683 2372 judicavi.
2714 2299 2877 2356 Nunc
2902 2318 3034 2358 vero
3059 2303 3187 2358 huic
3209 2320 3429 2374 qu0que
3461 2321 3585 2361 meo

1987 2393 2196 2463 judicio
2228 2401 2495 2464 patronus
2539 2393 2767 2448 morbus
2803 2394 3037 2457 accedit,
3078 2397 3282 2465 quippe
3324 2397 3416 2466 qui
3447 2411 3586 2467 quo-

1995 2484 2127 2538 tidie
2180 2484 2292 2540 fere
2339 2493 2616 2540 extremos
2649 2483 2771 2538 elllo
2816 2486 3080 2555 spiritus,
3116 2504 3216 2542 nec
3263 2489 3370 2542 ulla
3417 2489 3472 2542 in
3526 2505 3588 2545 re

301 2569 458 2639 ἡμῶν
483 2569 956 2639 καταγινώσκειν,
997 2571 1134 2625 ἀλλὰ
1180 2571 1580 2640 συγγινώσκειν
1619 2574 1685 2643 τῇ
1733 2572 1889 2626 ἀσθε-

1995 2574 2203 2643 meipso
2239 2575 2314 2628 nti
2360 2591 2524 2644 queo.
2559 2577 2739 2645 Atque
2770 2577 2841 2630 ob
2872 2577 3016 2631 hanc
3068 2593 3293 2634 causam
3331 2580 3583 2650 ignoscat

298 2661 443 2732 νεία,
466 2661 534 2714 δι’
559 2663 627 2732 ἦν
656 2659 763 2715 οἵδε
793 2662 885 2716 καὶ
910 2665 1272 2734 συγχωρήσας
1297 2662 1408 2734 (69)
1431 2665 1584 2734 ἡμῖν,
1614 2662 1884 2735 δεηθεῖσιν

299 2752 424 2806 ἀντ’
456 2754 620 2825 ἄλλης
648 2756 989 2826 εὐεργεσίας,
1013 2754 1113 2826 τὴν
1139 2753 1507 2827 ἀναχώρησιν.

1992 2660 2152 2715 nobis
2202 2667 2294 2714 tua
2345 2663 2511 2716 animi
2572 2664 2923 2734 magnitudo,
2979 2666 3179 2736 detque
3237 2685 3460 2739 operam
3517 2685 3587 2724 ne

1994 2753 2281 2823 piissimus
2333 2753 2627 2823 imperator
2679 2771 2779 2810 nos
2847 2757 3061 2812 inertiie
3126 2769 3290 2828 atque
3357 2762 3586 2831 ignavia:

298 2845 636 2900 condemnet
660 2887 674 2910 ,
728 2847 880 2915 ιιι
926 2845 1021 2901 sed
1058 2845 1364 2899 inlirmitati
1403 2845 1684 2916 ignoscat,
1713 2850 1782 2904 ob
1821 2858 1983 2914 quam
2013 2859 2071 2898 se
2123 2860 2344 2914 quoque
2376 2846 2568 2912 nobis,
2633 2846 2810 2900 instar
2848 2848 2986 2902 alius
3025 2850 3330 2920 cujuspiam
3381 2853 3586 2910 bencﬁ-

300 2937 376 2992 cii
408 2937 512 2993 hoc
543 2936 966 3007 postulantibus,
1001 2933 1289 2989 secedendi
1321 2941 1653 3003 potestatem
1691 2932 1886 2988 iecisse
1920 2931 2092 2985 novit.

736 3050 906 3104 ιἈΑο.
948 3047 1265 3116 υΑΥΜΠιῼ
1305 3046 1441 3116 (70).

2476 3043 2713 3102 CXXXI.
2755 3046 3086 3107 OLYMPIO.

378 3165 534 3218 Nihil
559 3164 915 3234 superioribus
961 3163 1153 3234 litteris
1185 3160 1404 3234 perfecit
1432 3155 1755 3234 Gregorium
1778 3158 1897 3212 lmo
1920 3159 2114 3234 iterata
2145 3155 2403 3234 mandata
2431 3172 2524 3234 per
2557 3155 2792 3234 Icarium
2819 3169 2868 3213 et
2899 3160 3200 3234 Olympium
3232 3161 3585 3234 Cappadocia:

302 3228 634 3304 pra'fectum.
681 3233 901 3302 Utrique
930 3228 1218 3304 re_spoudil.
1255 3228 1473 3284 Littera:
1503 3228 1572 3282 ad
1599 3228 1851 3304 Alcarium
1878 3230 2100 3299 periere,
2129 3245 2283 3299 quem
2315 3228 2744 3282 illustrissimum
2777 3244 2927 3283 vocat
2961 3228 3013 3284 in
3042 3228 3267 3300 epistola
3294 3228 3361 3287 ad

303 3301 474 3376 pium,
511 3321 628 3375 qua:
665 3313 920 3373 superest.
956 3301 1038 3355 Ea
1074 3303 1190 3370 ipsa
1219 3311 1297 3355 est
1323 3317 1439 3371 qute
1463 3301 1720 3370 sequitur.

376 3427 549 3481 Τοῦτό
579 3443 670 3496 μοι
711 3424 822 3496 (Ἠ)
874 3424 974 3493 τῆς
1023 3421 1335 3495 ἀρρωστίας
1380 3419 1498 3472 ἐστὶ
1556 3419 1886 3492 βαρύτερον,

305 3519 368 3571 τὸ
412 3516 803 3590 ἀρρωστοῦντα
853 3514 990 3586 μηδὲ
1037 3511 1421 3577 πιστεύεσθαι,
1467 3510 1580 3564 ἀλλ’
1621 3509 1889 3580 ἐκδημίαν

309 3607 448 3660 οὕτω
481 3607 700 3677 μακρὰν
731 3603 1134 3666 ἐπιτάττεσθαι,
1160 3602 1252 3656 κα).
1285 3602 1364 3664 εἰς
1397 3602 1595 3672 μέσους
1629 3600 1889 3671 θορύϐους

307 3699 588 3764 ὠθεῖσθαι,
613 3690 690 3752 ὧν
738 3696 835 3768 τὴν
868 3695 1216 3766 ἀναχώρησιν
1245 3696 1638 3764 ἠγαπήσαμεν,
1689 3691 1887 3764 μικροῦ

307 3793 404 3846 καὶ
441 3793 596 3863 χάριν
649 3791 735 3844 διὰ
775 3789 932 3842 τοῦτο
973 3791 1039 3858 τῇ
1087 3787 1183 3840 τοῦ
1240 3786 1488 3857 σώματος
1547 3783 1888 3854 κακοπαθείᾳ

305 3884 764 3954 ὁμολογήσαντες.
835 3880 1170 3951 Ἀπρὰγμων
1243 3877 1350 3949 γὰρ
1409 3875 1607 3946 ἡσυχία
1670 3874 1772 3944 τῆς
1833 3875 1888 3926 ὲν

306 3973 598 4044 πράγμασι
632 3972 745 4042 (7‘2)
793 3968 1149 4042 περιφανείας
1210 3966 1534 4037 τιμιωτέρα.
1575 3963 1744 4016 Τοῦτο
1793 3966 1888 4016 ἐπ-

306 4063 523 4119 έστειλα
576 4065 675 4134 μὲν
737 4063 827 4116 καὶ
879 4061 1068 4132 πρώην
1109 4060 1188 4130 τῷ
1249 4058 1687 4129 θαυμασιωτάτῳ
1751 4054 1892 4108 Ἰκα-

405 4218 492 4288 60)
525 4217 674 4288 Alias
711 4215 820 4288 LV.
860 4214 1075 4288 Scripta
1110 4228 1261 4288 anno
1298 4212 1403 4288 2982
1425 4255 1439 4274 ,
1477 4226 1603 4288 vere
1626 4211 1887 4288 _int_:yn_te.

302 4279 486 4352 -Τιῖί
505 4286 686 4352 αὐτῷ.
717 4279 1002 4355 Procopio;
1028 4283 1277 4338 tlombef.
1319 4281 1680 4353 Ἠρακλιανῷ.
1706 4279 1889 4355 _llnjus

306 4351 554 4426 epistola:
587 4351 911 4411 auctoritate
936 4354 1009 4426 ad
1030 4351 1399 4426 conciliorum
1424 4351 1886 4426 oppugnationem

305 4421 570 4482 Calvinus
603 4428 879 4485 abutitur,
919 4423 1014 4479 sed
1069 4425 1340 4478 neminem
1391 4421 1604 4491 piorum
1667 4435 1890 4474 movere

307 4497 488 4552 debet.
518 4495 630 4550 Nec
657 4497 802 4550 enim
832 4494 898 4548 de
937 4493 1322 4564 generalibus,
1357 4490 1451 4545 sed
1471 4491 1552 4564 de
1596 4490 1886 4564 particula-

310 4567 465 4621 ribus
517 4567 849 4636 quibusdam
869 4559 1124 4636 conciliis
1159 4563 1418 4636 loquitur.
1456 4559 1670 4636 Alioqui
1702 4573 1888 4636 secum

312 4637 427 4705 ipse
453 4627 750 4707 pugnaret,
793 4643 991 4707 utpote
1034 4633 1128 4707 qui
1165 4627 1415 4707 pluribus
1462 4630 1514 4684 in
1547 4629 1685 4707 locis
1718 4627 1890 4681 Nicae-

313 4699 768 4759 num'co'ncilium
792 4699 1128 4758 laudibus'in
1160 4699 1361 4756 caelum
1393 4699 1566 4763 lerat,
1613 4706 1667 4752 et
1695 4713 1889 4768 magna

314 4776 428 4845 ipse
450 4792 578 4845 pars
601 4775 766 4830 fuerit
795 4768 1889 4845 Constantinopolitana:synodi,.inuqua

313 4837 719 4907 {lac-edoniani,
767 4845 858 4914 qui
903 4843 1130 4912 Spiritui
1161 4837 1383 4914 'sancto
1425 4837 1624 4894 bellum
1665 4837 1886 4914 indixe-

313 4927 434 5036 {iant
459 4910 797 5036 ,Billlamnati,
835 4910 999 4980 atque
1047 4912 1394 4966 anathemate
1433 4910 1676 4980 percussi
1736 4914 1885 4961 sunt.

361 5002 436 5036 1-;-
509 5003 520 5036 Ι
571 5024 584 5036 .

361 5002 436 5038 κέ·
463 4985 584 5038 ΒῘΙΙ.

380 5055 490 5121 (61)
517 5055 712 5108 Λύσιν
743 5051 960 5107 κακῶν.
997 5049 1130 5106 Cod.
1175 5050 1309 5122 Reg.
1346 5057 1399 5104 et
1436 5047 1592 5104 Pass.
1637 5062 1702 5102 ac
1727 5045 1891 5100 Com-

312 5125 418 5179 bef.
449 5125 604 5178 λύσιν
636 5122 832 5176 κακοῦ.

383 5196 490 5262 (6‘2,
535 5194 652 5248 Ἀεὶ
880 5191 958 5245 Ita
1015 5189 1139 5263 cod.
1197 5198 1250 5246 et
1310 5188 1464 5243 Pass.
1519 5201 1598 5263 ac_
1637 5184 1886 5263 Combef.

3394 3233 3581 3307 Olym-

2075 3416 2189 3470 lloc
2232 3417 2362 3470 mihi
2409 3415 2602 3470 morbo
2651 3415 2771 3487 ipso
2811 3417 3033 3488 gravius
3086 3425 3206 3484 est,
3259 3421 3407 3492 quod
3456 3439 3581 3481 cum

1998 3525 2143 3580 aeger
2165 3509 2290 3573 sim,
2315 3516 2582 3579 mgrolare
2619 3516 2800 3565 tamen
2849 3525 2962 3565 non
3006 3511 3223 3576 credar,
3259 3531 3447 3570 verum
3481 3535 3578 3589 pe-

1997 3601 2423 3671 regrinalionem
2457 3600 2529 3653 ita
2561 3599 2779 3670 longam
2807 3601 2966 3666 inire,
3000 3603 3054 3656 in
3080 3605 3287 3668 medios
3315 3610 3582 3667 tumultus

1997 3693 2264 3761 meipsnm
2293 3691 2571 3761 impellere
2596 3693 2816 3762 jubear,
2847 3709 2877 3748 a
2901 3695 3102 3764 quibus
3134 3699 3436 3755 secessisse
3463 3707 3577 3756 tam

1997 3783 2127 3836 mihi
2158 3791 2376 3853 gratum
2425 3782 2562 3848 fuit,
2603 3793 2661 3839 ut
2697 3786 2800 3842 lzoc
2850 3787 3336 3855 nominegratiam
3365 3807 3584 3862 quoque

1996 3875 2245 3944 corporis
2298 3874 2580 3929 alllictioni
2640 3877 3034 3947 propemodum
3092 3877 3344 3934 habeam.
3386 3880 3582 3947 Quieta

1999 3967 2142 4019 enim
2173 3972 2227 4019 et
2264 3981 2291 4018 a
2330 3967 2566 4035 negotiis
2602 3976 2812 4021 semota
2843 3968 2969 4022 vita:
3012 3969 3155 4022 ratio
3185 3977 3424 4025 actuosze
3459 3975 3582 4028 vine

1998 4055 2288 4126 splendore
2319 4057 2666 4126 prtestantior
2697 4065 2800 4111 est.
2831 4056 2945 4111 lloe
2973 4067 3026 4112 et
3053 4058 3426 4116 illustrissimo
3448 4080 3584 4133 quo-

2081 4211 2194 4280 (66)
2245 4211 2608 4280 Ἀσςράλειαν
2648 4209 2876 4280 ψυχῆς.
2921 4209 3061 4279 Lego
3101 4210 3270 4275 enim,
3311 4212 3387 4265 ait
3427 4212 3575 4280 Bill.,

1996 4281 2176 4351 ψυχῆς
2200 4283 2500 4351 ἀσφάλειαν
2526 4325 2538 4345 ,
2575 4297 2680 4335 non
2710 4283 2820 4350 jam
2854 4297 2918 4334 ex
2954 4281 3267 4346 conjectura
3290 4283 3578 4349 duntaxat,

1999 4361 2058 4405 ut
2085 4354 2136 4403 in
2179 4353 2358 4421 priore
2388 4353 2652 4414 editione,
2673 4351 2766 4406 sed
2779 4351 2944 4405 etiam
2970 4351 3294 4421 auctoritate
3316 4353 3579 4409 librorum

2000 4419 2328 4491 italico‘rum.
2359 4421 2450 4475 Sic
2479 4423 2642 4476 etiam
2683 4422 2883 4475 habent
2921 4421 3044 4474 cod.
3090 4419 3270 4487 Pass.,
3314 4421 3576 4491 Montac.,

1998 4489 2185 4563 More}.
2222 4506 2286 4545 ac
2324 4491 2568 4563 Combel‘.
2601 4491 2657 4545 In
2690 4492 2804 4546 edit
2847 4491 3065 4563 -εὐχῆςη

2075 4559 2187 4629 (67)
2234 4561 2348 4614 Ἀεὶ
2401 4561 2627 4630 σχεδόν
2649 4602 2664 4627 ,
2705 4569 2808 4632 etc.
2844 4559 2997 4614 BilILE
3034 4561 3236 4630 Quippe
3263 4565 3354 4632 qui
3389 4564 3466 4616 ita
3497 4581 3579 4620 me

1997 4628 2348 4704 distorqueat,
2374 4642 2430 4684 ut
2447 4628 2690 4704 quotidie
2716 4631 2825 4700 fere
2857 4641 3116 4686 extremos
3140 4628 3366 4701 spiritus
3393 4635 3575 4704 eﬂ‘lem,

1998 4715 2092 4753 nec
2121 4701 2233 4772 ulla
2285 4718 2338 4754 re
2384 4703 2462 4755 uti
2499 4704 2695 4770 meipso
2733 4719 2938 4772 queam.

2070 4771 2180 4840 (68)
2210 4772 2670 4840 Συγγινωσκέτω
2699 4770 2816 4840 μὲν
2848 4771 3012 4840 ἡμῖν.
3048 4773 3127 4824 lla
3175 4770 3300 4826 eod.
3331 4781 3384 4826 et
3419 4771 3574 4828 Pass.

1998 4837 2260 4905 Melitam,
2293 4837 2482 4896 Morel.
2518 4837 3084 4910 acCoriibel.;’sicque
3109 4841 3239 4910 legit
3263 4841 3406 4903 Bill.,
3451 4842 3577 4897 licet

1996 4911 2129 4979 ἡμῖν
2157 4910 2298 4965 desit
2334 4912 2387 4964 in
2417 4911 2546 4964 edit.

2070 4980 2197 5052 (69)
2221 4979 2669 5052 Eurxtopqo'ac._
2696 4979 3006 5048 Legendum
3049 4978 3190 5034 forte
3220 4997 3233 5033 :
3285 4980 3576 5052 συγχωρῆο

2001 5047 2108 5100 σαι.
2145 5047 2237 5102 Sic
2266 5047 2504 5102 mentae.
2537 5058 2591 5103 et
2625 5047 2813 5104 Morel.

2071 5118 2368 5188 (70)7Alias
2396 5117 2634 5174 LXXVI.
2681 5119 2895 5188 Scripta
2925 5131 3070 5188 anno
3110 5116 3324 5188 382-
3358 5119 3578 5188 Ὀλυμ-

1998 5187 2147 5258 sitq).
2195 5187 2429 5258 hlontac.
2491 5200 2549 5258 et
2602 5187 3135 5258 Μοτειζθεμιστίῳ.
3194 5187 3340 5241 Nihil
3389 5187 3574 5254 vetat,

309 5255 404 5333 qui
453 5255 662 5328 reddit,
697 5255 972 5331 nunquam
1024 5261 1161 5314 enim
1209 5277 1312 5315 non
1372 5258 1772 5312 contentionem.
1828 5255 1887 5309 In
1926 5295 1966 5348 υ
2003 5256 2178 5348 inquit
2205 5256 2474 5322 Comhel'.,
2521 5257 2842 5348 Gregorium
2889 5255 3138 5348 pluribus
3173 5257 3485 5340 scripsisse_
3508 5259 3577 5314 de

311 5335 446 5388 edit.
478 5336 531 5386 αἱ
555 5335 680 5403 γάρ.

382 5403 494 5476 (ϐξ)
524 5395 720 5476 ’ὁπ’ως
747 5401 832 5471 μή
865 5418 959 5476 με.
996 5400 1075 5455 Ita
1105 5399 1227 5458 eod.
1266 5397 1334 5452 Β.
1372 5406 1427 5453 et
1459 5397 1614 5452 Pass.
1643 5411 1706 5450 ac
1733 5395 1894 5450 Com-

311 5474 418 5530 bcl'.
442 5474 504 5526 In
536 5475 665 5528 edit.
689 5474 839 5535 ὅπως
866 5474 1023 5543 μήτε.

381 5543 491 5616 (64)
524 5543 639 5616 Kal
674 5534 878 5616 .topov'
922 5534 1276 5616 κρείττονες.
1313 5537 1575 5604 Montem,
1607 5534 1794 5591 Morel.
1830 5549 1895 5589 ac

306 5613 550 5668 Combcl'.
587 5614 695 5666 εἰσὶ
719 5613 878 5682 λόγου
905 5613 1234 5682 κρείττονες.

375 5685 487 5754 (ϐὕ)
520 5685 754 5736 Κακίαν
775 5673 1017 5750 ἑτέροις.
1039 5681 1128 5754 ilta
1151 5673 1276 5754 eod.
1319 5687 1372 5734 et
1399 5677 1490 5754 3.,
1520 5677 1710 5754 sicque
1747 5673 1894 5730 Mon-

306 5747 440 5820 tac.,
471 5747 662 5809 Morel.
690 5770 750 5806 ac
777 5747 1018 5809 Combel.
1039 5753 1094 5807 In
1128 5752 1262 5808 edit.
1301 5749 1500 5805 κακίαν
1533 5747 1750 5818 ἑτέραν.

1995 5327 2190 5398 eodem
2235 5339 2575 5398 argumento,
2608 5327 2693 5384 vel
2724 5327 2899 5383 etiam
2918 5328 3128 5390 eadem,
3157 5343 3255 5397 per
3293 5343 3432 5396 quos
3472 5329 3578 5385 iter

2006 5396 2136 5450 illud
2163 5396 2574 5467 deprecaretur,
2607 5407 2662 5454 et
2701 5410 2760 5453 ut
2783 5413 2843 5454 se
2879 5399 3023 5469 apud
3067 5396 3451 5467 imperatorem
3479 5414 3579 5454 ex-

2004 5476 2283 5520 cusarent.

2080 5535 2191 5608 (μ)
2234 5536 2423 5608 Τοῦτό
2445 5556 2583 5608 μοι.)
2607 5538 2798 5593 Delent
2827 5555 2916 5608 μοι
2952 5536 3192 5608 Montac.
3225 5546 3279 5592 et
3311 5537 3502 5593 Morel.

2073 5605 2184 5675 (72)
2231 5605 2346 5672 Τῆς
2373 5605 2803 5678 ἐνήπράγματι.
2825 5605 2956 5661 Cod.
2984 5609 3041 5658 ὲν
3069 5606 3376 5678 πράγμασι.
3421 5607 3578 5664 llune

2001 5676 2180 5729 locum
2220 5677 2393 5729 reddit
2426 5676 2676 5732 C‘omhci.
2703 5697 2714 5731 :
2755 5676 2996 5747 Negotiis
3028 5676 3484 5732 vacans'solitudo
3513 5693 3580 5734 ac

2001 5747 2147 5816 quies
2179 5747 2428 5800 claritate
2455 5765 2570 5817 qua’
2606 5750 2657 5802 in
2691 5758 2842 5804 rebus
2884 5748 3122 5819 gerendis
3155 5759 3230 5802 est
3267 5749 3498 5804 charter.
