4178 6410
582 312 679 370 23!
1826 306 1882 362 S.
1927 303 2260 363 GREGORII
2299 303 2644 362 TliEOLOCI
3761 311 3871 369 πε

581 443 643 486 ιιι
702 425 956 498 pluribus
993 421 1278 479 beneﬁciis
1335 438 1438 479 nos
1488 423 1625 492 ipsis
1682 421 1983 478 obstrictos
2040 436 2166 479 esse

2272 419 2378 491 γάρ
2416 421 2534 473 ὲστι
2586 419 2681 472 καὶ
2740 413 3135 486 ἀδικουμένους
3197 408 3259 471 εἷ
3324 409 3559 490 πάσχειν
3600 418 3738 493 (97),
3773 417 3871 480 καὶ

583 533 974 592 agnoscamus.
1012 515 1180 570 Multa
1225 515 1370 570 enim
1415 524 1564 581 sunt,
1633 513 1687 567 in
1723 514 1925 583 quibus
1969 513 2028 580 ii,
2072 513 2168 583 qui

583 612 884 675 la-duntur,
925 609 1253 665 beneﬁcium
1280 607 1586 678 accipiunt,
1615 613 1670 660 ct
1715 614 1913 660 contra
1947 604 2042 670 iis,
2072 605 2169 676 qui

584 702 912 759 beneﬁcium
956 700 1255 770 accipiunt,
1308 699 1512 770 injuria
1571 697 1832 753 infertur.
1869 695 2048 767 Atque
2101 695 2169 750 ad

588 795 733 849 hunc
777 791 996 847 modum
1044 807 1132 847 res
1164 799 1370 846 nostrae
1414 805 1476 846 se
1509 789 1732 845 habent.
1766 787 1927 855 Quod
1959 787 2007 844 si
2040 786 2168 841 aliis

591 885 754 954 hujus
803 884 882 939 rei
913 882 1073 938 ﬁdem
1114 897 1227 936 non
1259 881 1521 947 facimus,
1555 888 1610 936 te
1633 879 1854 951 quidem
1879 885 2051 942 certe,
2083 876 2171 932 cui

586 977 775 1032 libenti
800 977 983 1031 animo
1011 975 1139 1030 vitze
1166 982 1375 1030 nostrae
1417 975 1688 1030 rationem
1732 970 2037 1037 reddimus,
2081 969 2170 1023 in-

583 1075 702 1122 star
760 1065 1007 1120 omnium
1069 1063 1214 1118 scire
1259 1063 1536 1128 volumus,
1596 1062 1707 1116 imo
1751 1075 1880 1115 vero
1931 1066 1986 1113 et
2029 1058 2173 1114 scire

583 1156 951 1222 conﬁdimus,
1017 1162 1073 1210 et
1132 1152 1521 1226 ignorantibus
1575 1150 1736 1206 ﬁdem
1795 1148 1998 1203 facere.
2058 1145 2172 1203 Vos

586 1264 739 1312 vero,
775 1249 1030 1310 obsecro,
1068 1245 1218 1300 omni
1241 1244 1424 1300 studio
1454 1243 1508 1297 in
1555 1243 1658 1296 hoc
1686 1241 2008 1306 incumbite,
2043 1249 2101 1294 ut
2125 1238 2172 1292 si

589 1357 699 1394 non
758 1337 938 1407 prius,
994 1349 1143 1390 nunc
1203 1333 1397 1388 saltem
1471 1331 1622 1386 orbis
1678 1336 1961 1399 segmenta
2029 1326 2174 1382 male

589 1430 866 1498 disjuncta
901 1427 1218 1494 conspirent
1261 1430 1315 1477 et
1357 1427 1574 1485 coeant,
1612 1435 1677 1474 ac
1734 1419 2072 1489 praesertim,
2125 1417 2172 1472 si

589 1538 684 1576 eos
715 1519 1059 1581 inveneritis,
1109 1531 1216 1570 non
1267 1515 1339 1569 ob
1391 1513 1514 1568 fidei
1570 1511 1906 1576 doctrinam,
1959 1511 2053 1566 sed
2105 1509 2174 1564 ob

589 1611 833 1681 privatas
859 1607 1171 1663 simultates
1201 1603 1346 1658 inter
1370 1618 1430 1658 se
1460 1602 1766 1657 distractos
1797 1614 1862 1654 ac
1901 1599 2170 1662 divulsus,

587 1699 736 1771 quod
770 1698 988 1769 quidem
1026 1697 1146 1767 ipse
1185 1693 1494 1750 observavi.
1532 1691 1648 1746 Hoc
1683 1697 1737 1746 et
1781 1690 1938 1746 vobis
1969 1703 2176 1744 merce-

2269 512 2451 578 καλῶς
2509 513 2817 582 πάσχοντας
2845 507 3172 564 ἀδικεῖσθαι.
3223 509 3304 563 Τὰ
3347 510 3449 581 μὲν
3487 507 3582 566 οὖν
3619 513 3870 589 ἡμέτερα

2269 604 2518 659 τοιαῦτα.
2553 604 2662 656 Καὶ
2706 602 2754 655 εἰ
2795 599 2870 671 μὴ
2895 600 3021 664 τοὺς
3052 598 3252 665 ἄλλους
3283 601 3568 672 πείθομεν,
3609 606 3772 660 αὐτόν
3802 607 3869 678 γέ

2272 714 2334 750 σε
2376 695 2492 766 (98)
2541 693 2667 746 ἀντὶ
2723 691 2941 745 πάντων
2982 689 3184 743 εἰδέναι
3235 690 3556 764 βουλόμεθα,
3615 689 3661 765 ᾦ
3709 696 3868 768 λόγον

2272 787 2552 858 ὑπέχομεν
2578 784 2749 855 ἡδέως
2781 783 2894 854 (99)
2937 782 3049 836 τῶν
3089 783 3398 856 ἡμετέρων,
3437 786 3637 856 μᾶλλον
3670 788 3749 855 δὲ,
3785 791 3867 844 ει-

2270 879 2420 933 δέναι
2479 874 2861 944 πεπείσμεθα,
2911 875 3008 926 καὶ
3063 873 3276 928 πείθειν
3334 879 3463 940 τοὺς
3509 879 3862 947 ἀγνοοῦντας.

2284 971 2444 1042 Ὑμῖν
2482 967 2572 1034 δὲ,
2630 965 2953 1037 παρακαλῶ,
3008 967 3158 1020 πᾶσα
3218 969 3424 1040 σπουδὴ
3472 972 3714 1039 γενέσθω
3770 969 3867 1029 νῦν

2271 1060 2424 1130 γοῦν,
2466 1061 2515 1112 εἰ
2569 1057 2666 1111 καὶ
2710 1057 2785 1128 μὴ
2837 1057 3127 1129 πρότερον,
3166 1061 3531 1132 συμφωνῆσαι
3558 1063 3635 1134 (1)
3665 1066 3762 1119 καὶ
3787 1067 3869 1130 εἰς

2272 1151 2330 1204 ἓν
2358 1151 2536 1205 ἐλθεῖν
2567 1149 2637 1203 τὰ
2703 1149 2804 1219 τῆς
2859 1149 3188 1220 οἰκουμένης
3239 1153 3508 1222 τμήματα
3560 1155 3748 1219 κακῶς
3787 1156 3870 1210 διο

2273 1242 2506 1306 εστῶτα,
2537 1242 2631 1295 καὶ
2653 1240 2912 1312 μάλιστα,
2941 1243 2991 1295 εἰ
3015 1241 3233 1296 λάϐοιτε
3256 1243 3456 1307 αὐτοὺς
3484 1245 3582 1315 οὐχ
3608 1247 3748 1318 ὑπὲρ
3769 1246 3863 1302 τοῦ

2271 1331 2432 1400 λόγου
2483 1332 2584 1402 τῆς
2641 1332 2899 1397 πίστεως,
2939 1333 3055 1386 ἀλλ’
3103 1334 3245 1406 ὑπὲρ
3269 1336 3379 1389 τῶν
3420 1336 3566 1390 ἰδίων
3600 1339 3866 1410 μικροψυ-

2271 1423 2404 1494 χιῶν
2433 1423 2747 1490 διεστῶτας,
2799 1425 2936 1496 ὅπερ
2967 1423 3080 1493 ἐγὼ
3124 1427 3406 1498 τετήρηκα
3433 1428 3530 1498 (2).
3570 1428 3745 1484 Τοῦτο
3771 1431 3866 1484 καὶ

2274 1513 2404 1583 ὑμῖν
2437 1511 2735 1583 ἔμμισθον,
2773 1512 2840 1566 ἂν
2873 1512 2960 1583 εἴη
2993 1513 3054 1566 τὸ
3083 1513 3372 1569 δύνασθαι·
3405 1520 3500 1571 καὶ
3528 1519 3658 1589 ἡμῖν
3684 1521 3866 1590 ἡὰνα-

2273 1601 2516 1673 χώρησις
2563 1601 2895 1674 ἀλυποτέρα,
2927 1605 2976 1657 εἰ
3023 1604 3326 1676 φανείημεν
3361 1605 3438 1677 μὴ
3465 1608 3638 1672 κενῶς
3662 1609 3864 1680 ταύτην

2273 1693 2642 1763 ἁρπάσαντες,
2695 1693 2811 1747 ἀλλ’
2847 1695 3030 1748 ἑκοντί
3077 1697 3152 1767 (5)
3189 1697 3444 1768 ῥίψαντες
3473 1701 3623 1769 ἡμᾶς
3668 1700 3864 1764 αὐτοὺς

588 1793 710 1846 deni
744 1788 953 1853 tulerit,
985 1787 1030 1842 si
1075 1785 1130 1840 id
1162 1785 1453 1856 potueritis
1487 1801 1503 1850 ;
1537 1791 1593 1838 et
1628 1781 1787 1836 nobis
1837 1780 2020 1834 minus
2049 1794 2168 1834 mte-

2277 1784 2418 1837 κατὰ
2438 1784 2730 1853 πελάγους,
2756 1787 2946 1859 ῶσπερ
2967 1788 3196 1853 όΊωνᾶς
3229 1789 3306 1859 (4)
3343 1791 3570 1855 ἐκεῖνος,
3591 1793 3656 1846 ἵν’
3689 1794 3718 1846 ό
3737 1793 3866 1845 κλύ-

587 1886 731 1939 roris
787 1881 1075 1936 habiturus
1126 1886 1212 1933 est
1259 1883 1446 1931 noster
1474 1889 1750 1939 secessus,
1785 1872 1831 1928 si
1867 1873 2168 1941 apparuerit

2282 1873 2388 1928 δων
2440 1875 2740 1945 παύσηται,
2773 1875 2869 1930 καὶ
2917 1876 3164 1932 σωθῶσιν
3203 1877 3460 1948 ἀσφαλῶς
3514 1881 3564 1934 οἰ
3601 1881 3867 1952 ἐμπλέον-

588 1992 690 2030 nos
757 1989 884 2030 eum
959 1986 1071 2027 non
1135 1970 1417 2025 incassum
1483 1967 1764 2036 amplexos
1827 1964 2029 2031 fuisse,
2081 1963 2176 2019 sed

586 2076 784 2137 sponte
818 2065 1194 2130 nosmetipsos
1239 2059 1292 2113 in
1341 2058 1588 2128 pelagus,
1626 2054 1777 2110 Jona:
1827 2054 1974 2108 illius
2014 2052 2176 2125 114

2281 1981 2388 2028 τες.
2430 1966 2493 2018 Εἰ
2546 1965 2604 2018 δὲ
2633 1965 2784 2019 οὐδὲν
2815 1961 2976 2038 ἧττον
3024 1968 3398 2040 χειμάζονται,
3426 1969 3554 2039 τόγε
3593 1972 3864 2043 ἡμέτερον

2279 2057 2663 2127 εἰσενήνεκται.

491 4103 496 4109 ’
582 4099 940 4162 contendens,
983 4105 1042 4152 ut
1085 4096 1386 4168 episcopis,
1423 4096 1518 4166 qui
1571 4109 1722 4150 nunc
1763 4101 2166 4159 convenerunt,

587 2161 781 2224 instar,
816 2157 1144 2229 projecisse,
1189 2161 1249 2208 ut
1285 2153 1508 2208 sedetur
1532 2159 1850 2220 tempestas,
1883 2163 1949 2203 ac
1979 2157 2230 2204 vectores
2259 2156 2381 2206 tuto
2407 2159 2716 2209 serventur.
2783 2153 2941 2222 Quod
3003 2154 3050 2213 si
3125 2154 3484 2214 nihilominus
3539 2163 3864 2228 tempestate

579 2256 882 2325 jactnntur,
926 2267 1029 2307 nos
1070 2257 1252 2314 certe,
1297 2246 1447 2319 quod
1494 2246 1549 2301 in
1604 2244 1764 2300 nobis
1806 2243 1910 2298 fuit
1953 2243 2326 2314 praestitimus.

727 2366 1018 2426 CXXXVI.
1053 2361 1370 2421 MODARIO
1404 2358 1803 2416 EXERCITUS
1851 2356 2032 2414 DUCI.
2143 2419 2146 2424 ι

2494 2363 2682 2431 ΡΛςῖο.
2719 2365 3018 2438 ΜυΔΑΡΙῼ
3062 2366 3520 2437 nmmum
3551 2367 3650 2437 (5).

655 2487 830 2540 Mteri
860 2487 1022 2539 etiam
1070 2483 1328 2556 magistro
1361 2480 1618 2556 militum,
1641 2495 1761 2532 cum
1778 2479 1898 2548 jam
1925 2476 2211 2556 c_oncilium
2255 2478 2634 2556 celebraretur,
2661 2483 2869 2538 litteras
2898 2485 3041 2556 dedit
3064 2483 3368 2556 Gregorius,
3396 2483 3862 2556 quibus_9bsecrat

589 2567 646 2609 nt
695 2573 875 2626 pacem
915 2564 963 2608 et
981 2549 1499 2626 concordiaminter
1533 2551 1827 2626 episcopos,
1870 2549 1961 2619 qui
1987 2558 2359 2618 convenerant,
2389 2551 2562 2621 foveat
2586 2563 2635 2608 et
2661 2563 2899 2611 tueatur.
2943 2554 3001 2610 Is
3027 2549 3286 2626 magister
3314 2549 3544 2609 militum
3577 2553 3860 2611 Modarius

588 2619 705 2680 erai
731 2627 944 2680 natione
959 2622 1192 2687 ‘Gothus,
1223 2620 1311 2676 sed
1342 2619 1703 2674 Christianus.

657 2737 739 2792 Tu
782 2735 938 2791 nobis
972 2744 1027 2790 et
1053 2742 1341 2805 cognatus,
1377 2739 1432 2787 et
1461 2730 1754 2786 familiaris
1779 2745 1861 2794 es,
1907 2737 1962 2786 et
2003 2731 2168 2802 quid-

2355 2734 2518 2808 Ἡμῖν
2549 2736 2613 2790 σὺ
2647 2736 2742 2790 καὶ
2768 2736 2844 2807 (6)
2893 2736 3162 2809 συγγενὴς
3187 2738 3284 2792 καί
3310 2739 3509 2802 οἰκεῖος
3529 2778 3544 2804 ,
3581 2739 3674 2794 καὶ
3706 2740 3813 2794 πᾶν
3833 2740 3862 2794 ὃ

584 2831 717 2903 quid
748 2826 1021 2899 ejusmodi
1053 2841 1083 2880 a
1110 2839 1391 2896 quoquam
1429 2823 1538 2879 dici
1572 2824 1768 2894 possit.
1801 2820 1987 2878 Pietas
2018 2822 2168 2877 enim

2272 2845 2324 2880 τι
2352 2823 2447 2882 οὖν
2487 2828 2555 2884 ἂν
2597 2829 2674 2900 (7)
2725 2829 2868 2883 εἴποι
2911 2830 3150 2885 τοιοῦτόν
3199 2847 3302 2894 τις.
3356 2831 3420 2884 Ἠ
3461 2831 3570 2903 γάρ
3605 2830 3864 2887 εὐσέϐεια

586 2937 688 2978 nos
720 2919 1011 2988 conjunxit
1040 2926 1096 2972 et
1131 2915 1356 2970 virtutis
1390 2913 1590 2984 gloria,
1621 2927 1787 2984 quam
1821 2913 1877 2967 in
1905 2922 1957 2968 te
1991 2912 2168 2966 anim-

2273 2918 2515 2991 συνῆψεν
2547 2920 2717 2992 ἡμᾶς,
2767 2921 2863 2974 καὶ
2893 2921 2956 2974 τὸ
2983 2922 3083 2992 τῆς
3127 2922 3330 2994 ἀρετῆς
3371 2922 3679 2994 εὐδόκιμον,
3714 2924 3780 2993 ἢν
3804 2924 3862 2977 ὲν

588 3011 929 3067 advertimus
961 3026 976 3074 ;
1009 3009 1141 3062 hinc
1168 3006 1428 3062 videlicet
1459 3004 1594 3058 illud
1643 3005 1935 3074 perspicue
1980 3012 2168 3058 osten-

2276 3010 2360 3063 σοὶ
2381 3011 2790 3083 κατεμάθομεν,
2829 3010 3064 3078 δείξαντι
3104 3012 3313 3082 σαφῶς,
3347 3011 3428 3065 ὃτι
3455 3012 3518 3065 τὸ
3551 3011 3861 3084 Ἑλληνικὸν

588 3101 774 3162 dente,
804 3098 1056 3154 Graecum
1096 3104 1152 3150 et
1193 3095 1512 3156 barbarum,
1554 3105 1878 3162 corporum,
1911 3106 2020 3146 non
2055 3090 2168 3144 ani-

2280 3101 2376 3154 καὶ
2408 3101 2470 3154 τὸ
2507 3101 2805 3174 βάρϐαρον,
2843 3101 3133 3172 σωμάτων,
3160 3103 3222 3155 οὑ
3245 3102 3433 3174 ψυχῶν
3460 3105 3578 3156 ἐστι
3605 3101 3858 3174 διαφορὰ,

589 3206 830 3252 morum,
871 3203 994 3246 esse
1039 3186 1363 3250 discrimen,
1413 3199 1480 3240 ac
1537 3185 1784 3239 locorum
1827 3183 2168 3247 distantiam,

2279 3189 2376 3242 καί
2405 3188 2588 3242 τόπων
2642 3189 2943 3255 διάστασις,
2971 3189 3086 3243 ἀλλ’
3133 3191 3193 3244 οὺ
3231 3192 3471 3263 τρόπων,
3508 3193 3629 3246 οὐδὲ
3665 3209 3862 3266 προαι-

590 3299 696 3339 non
737 3290 920 3338 autem
972 3294 1188 3335 morum
1238 3292 1302 3332 ac
1342 3277 1708 3332 voluntatum.
1749 3275 1928 3346 Atque
1963 3275 2168 3330 utinam

2281 3280 2485 3354 ρέσεων
2533 3280 2631 3351 (8).
2658 3280 2723 3333 Εἰ
2779 3279 2990 3349 γένοιτο
3044 3281 3272 3347 πολλοὺς
3325 3281 3434 3338 τῶν
3484 3284 3768 3356 ἡμετέρων
3800 3283 3862 3337 τὸ

586 3373 744 3428 multi
791 3387 859 3426 cx
909 3371 996 3437 iis,
1045 3370 1140 3439 qui
1187 3383 1386 3440 genere
1443 3367 1736 3423 nobiscum
1782 3367 1961 3439 juncti
2018 3373 2168 3433 sunt,

2279 3373 2458 3442 γένος,
2493 3371 2592 3445 τὴν
2610 3373 2710 3443 σὴν
2747 3373 3090 3445 μιμήσασθαι
3113 3374 3536 3444 καλοκάγαθίαν,
3562 3376 3655 3430 καὶ
3684 3376 3862 3430 πάντα

585 3462 915 3533 probitatem
950 3469 1102 3514 tuam
1133 3459 1454 3514 imitentur!
1489 3456 1581 3512 Sic
1618 3459 1763 3512 enim
1810 3471 1920 3511 non
1952 3456 2167 3526 dubito,

2276 3465 2409 3536 ἡμῖν
2441 3461 2538 3517 οἰδ*
2597 3465 2678 3518 ὅτι
2707 3465 2820 3531 ἔξει
2878 3465 3082 3530 καλῶς,
3117 3468 3187 3521 τά
3223 3484 3281 3520 τε
3313 3467 3468 3521 κοινὰ
3501 3469 3596 3521 καὶ
3632 3469 3700 3522 τά
3730 3468 3856 3522 ἴδια.

588 3554 721 3623 quin
743 3568 830 3607 res
855 3566 1048 3606 omnes
1074 3557 1298 3613 nostrae,
1329 3557 1439 3602 tam
1467 3549 1699 3620 publica:
1719 3563 1886 3620 quam
1920 3549 2165 3619 privatae,

2274 3555 2589 3628 Παρακαλῶ
2605 3555 2682 3622 δὲ,
2703 3556 2894 3628 ὥσπερ
2909 3557 3000 3611 τὺν
3029 3557 3228 3624 ἔξωθεν
3255 3557 3493 3628 πόλεμον
3523 3561 3592 3629 τῇ
3625 3556 3857 3612 σεαυτοῦ

587 3644 727 3703 belle
762 3642 1030 3696 habitura:
1065 3643 1194 3697 sint.
1227 3640 1306 3696 Te
1335 3647 1518 3694 autem
1551 3653 1687 3709 rogo
1714 3647 1880 3709 atque
1907 3639 2166 3704 obsecro,

2272 3647 2422 3717 δεξιᾷ
2450 3647 2545 3700 καὶ
2575 3644 2787 3701 συνέσει
2814 3647 2890 3717 (9)
2917 3647 3226 3710 καταλύεις,
3255 3646 3518 3716 γενναίως
3549 3645 3858 3720 ὑπερήμῶν

593 3745 651 3790 ιιι
681 3733 1145 3806 quemadmodum
1192 3741 1481 3786 externum
1516 3730 1718 3786 bellum
1766 3746 1930 3785 manu
1980 3741 2072 3786 tua
2110 3738 2166 3787 et

2276 3739 2588 3808 ἱστάμενος,
2647 3737 2792 3791 οὕτω
2844 3737 3006 3794 λῦσον
3051 3740 3145 3792 καὶ
3173 3738 3265 3792 τὸν
3317 3739 3610 3810 ἡμέτερονο
3653 3740 3752 3792 ὅσα
3792 3739 3860 3808 γέ

586 3825 821 3880 consilio
871 3839 934 3878 ac
974 3821 1265 3893 prudentia
1318 3820 1652 3890 exstinguis,
1696 3827 1924 3875 strenuo
1972 3820 2163 3877 animo

2272 3831 2419 3882 ἐστιν
2471 3829 2564 3881 ἐπὶ
2598 3829 2700 3892 σοὶ,
2729 3831 3003 3902 εἰρηνικὸν
3045 3831 3298 3900 γενέσθαι
3323 3831 3385 3886 τὸ
3417 3833 3566 3894 τέλος
3589 3835 3703 3896 τοῖς
3733 3849 3860 3884 συν-

584 3923 770 3984 partes
820 3922 1042 3968 nostras
1077 3920 1288 3978 tutans,
1326 3910 1401 3964 ita
1443 3910 1610 3964 etiam
1652 3917 1902 3965 nostrum
1947 3926 2168 3982 quoque

2272 3920 2490 3975 ελθοῦσι
2524 3920 2618 3974 νῦν
2657 3923 2978 3986 ἐπισκόποις
3022 3923 3451 3996 ἀγωνισάμενος.
3491 3923 3564 3978 Τὸ
3585 3924 3694 3996 γὰρ
3729 3940 3858 3977 συν-

581 4007 918 4076 comprimas
967 4023 980 4060 :
1027 4004 1289 4059 nimirum
1330 4009 1597 4073 quantum
1635 4002 1690 4057 in
1743 4009 1797 4057 te
1832 4002 1998 4058 situm
2040 4002 2167 4069 erit,

2276 4011 2414 4064 ιέναι
2445 4011 2544 4082 μὲν
2573 4011 2855 4078 πολλάκις,
2883 4013 3048 4085 μηδὲν
3091 4014 3148 4068 δὲ
3181 4015 3352 4087 πέρας
3377 4013 3725 4088 εὑρίσκεσθαι
3750 4013 3857 4068 τῶν

2273 4101 2486 4167 κακῶν,
2528 4103 2645 4157 ἀλλ’
2706 4107 2793 4160 ἀεὶ
2845 4106 3196 4178 προστιθέναι
3266 4114 3534 4182 ταραχαῖς
3574 4107 3856 4181 ταραχὰς,

581 4201 810 4262 pacatus
846 4193 972 4248 ﬁnis
1007 4192 1101 4247 sit.
1137 4190 1348 4245 Etenim
1382 4204 1525 4259 saepe
1562 4188 1616 4242 in
1649 4201 1820 4241 unum
1866 4187 2036 4252 coire,
2068 4203 2168 4244 nec

2277 4193 2525 4263 μείζονος
2549 4195 2647 4264 τῆς
2691 4195 2955 4268 αἰσχύνης
2993 4199 3124 4268 (10),
3147 4200 3176 4254 δ
3215 4201 3310 4256 καὶ
3356 4203 3518 4267 αὐτὸς
3543 4201 3854 4271 γινώσκεις.

581 4299 763 4340 tamen
799 4287 971 4341 ullum
1022 4285 1293 4339 malorum
1379 4281 1540 4337 ﬁnem
1590 4279 1847 4351 reperire,
1887 4294 2076 4334 verum
2143 4287 2474 4345 tumultibus
2511 4304 2729 4361 semper
2803 4293 3074 4349 tumultus
3138 4295 3462 4369 adjungere,
3507 4297 3754 4368 majoris,
3797 4300 3858 4348 ιιι

582 4383 640 4429 ιιι
671 4393 892 4448 quoque
921 4377 1310 4446 non-ignoras,
1341 4382 1427 4428 cst.
1455 4372 1713 4428 infamiae.

654 4553 768 4624 (97)
809 4553 921 4624 Καὶ
959 4551 1414 4624 ἀδικουμέζους,
1443 4547 1523 4624 εὖ,
1563 4550 1846 4624 πάσχειν.
1910 4553 1988 4608 Ita
2036 4553 2161 4624 cod.

2272 4553 2386 4609 ἀλλ’
2415 4556 2650 4620 ἑκόντες.

582 4621 800 4694 Βοεηει
823 4623 977 4694 Pass.
1006 4624 1062 4694 In
1086 4621 1220 4678 edit.
1252 4621 1570 4694 [leniitde
1598 4625 1712 4676 ἐστι
1733 4623 1828 4677 καὶ
1857 4623 2164 4678 ἀδικεῖσθαι

580 4690 872 4764 δοκοῦντας
901 4690 960 4764 εὖ
993 4693 1246 4762 πάσχειν,
1279 4699 1385 4764 el_c.
1421 4690 1596 4764 Multa
1628 4694 1762 4747 enim
1796 4702 1920 4746 sunt
1944 4697 1997 4748 in
2045 4695 2163 4764 qui-

580 4763 678 4817 bus
710 4763 749 4816 ii
773 4765 861 4832 qui
902 4763 1025 4818 lwdi
1055 4761 1294 4817 videntur
1325 4761 1629 4832 beneﬁcium
1655 4764 1940 4832 accipiunt,
1962 4773 2010 4818 et
2038 4761 2163 4818 cun—

581 4841 667 4904 tra
707 4834 774 4887 iis
800 4833 890 4902 qui
915 4834 1222 4904 beneﬁcium
1255 4834 1488 4904 accipere
1527 4843 1781 4902 putantur
1829 4835 2030 4904 injuria
2077 4835 2162 4888 in—

580 4902 774 4971 fertur.
813 4905 969 4975 Saape
995 4902 1049 4959 et
1078 4903 1286 4975 inimici
1319 4913 1551 4975 prosunt
1578 4904 1647 4959 iis
1683 4902 1889 4974 quibus
1929 4905 2163 4975 cupiunt

578 4974 1093 5046 necerc,iet’ainici
1138 4974 1342 5031 obsunt
1385 4974 1453 5046 iis
1497 4976 1700 5044 quibus
1749 4974 2016 5046 prodesse
2065 4989 2164 5028 cu-

578 5043 758 5165 piunJ.
803 5044 936 5101 Vide
962 5042 1346 5110 Plutarchum,
1396 5043 1472 5098 De
1507 5042 1834 5100 utilitate'ab
1865 5046 2040 5098 amico
2070 5060 2166 5098 ca-

578 5126 694 5165 men
738 5131 789 5165 α.

576 5126 789 5180 rtenaa.

647 5183 763 5308 $93)
794 5185 1104 5271 Πείθομεν,
1130 5187 1318 5274 αὐτόν
1345 5185 1409 5256 γέ
1437 5203 1529 5243 σε.
1567 5184 1704 5241 Cod.
1750 5183 2051 5254 πείθωμεν.
2087 5180 2164 5236 ld.

688 5293 701 5306 .
725 5263 780 5308 et
808 5257 1053 5308 L0lllbel.
1085 5257 1246 5308 αυτὸν
1281 5257 1340 5308 δέ
1373 5260 1436 5308 γέ
1467 5275 1547 5308 σε.

586 5257 780 5326 30d.et
808 5257 1053 5326 Coinbel‘.
1085 5257 1246 5309 αὑτὸν
1281 5257 1340 5309 δέ
1373 5260 1436 5326 γέ
1467 5275 1547 5312 σε.

650 5323 762 5395 (99)
804 5324 1044 5395 'lldéwc.
1073 5327 1208 5380 Cod.
1240 5335 1293 5379 et
1320 5323 1566 5382 Cdinbei'.
1599 5327 1779 5395 ἡμεῖς.

649 5393 726 5467 (i)
760 5394 1186 5467 Συμφωνῆσιιι.
1219 5396 1357 5467 Cod.
1395 5397 1458 5450 ιι.
1496 5393 1896 5467 συμῲρρνῆσαι.

651 5460 737 5536 (2)
761 5460 938 5534 Ὅέῑέρ
980 5460 1095 5536 ἐγὼ
1129 5465 1444 5533 τετήρηκα.
1473 5460 1802 5532 Col-Reg.
1861 5466 1998 5535 ὅπερ
2052 5460 2164 5530 ἐγὼ

575 5535 922 5622 πεπείρακα,
962 5537 1100 5622 quod
1153 5538 1363 5607 quidem
1407 5538 1514 5606 ipse
1571 5537 1764 5590 tentari
1796 5550 1814 5589 :
1851 5550 2012 5600 mox,
2055 5547 2156 5603 pro

573 5605 756 5671 τοῦτο,
786 5605 909 5659 cod.
941 5605 1104 5661 οὕτω.

647 5675 726 5745 (5)
778 5676 929 5730 Ἀλλ’
967 5676 1188 5732 exorti.
1242 5673 1322 5730 Ita
1367 5675 1490 5733 cird.
1535 5685 1584 5732 cl
1618 5675 1861 5733 Combcf.
1915 5675 1972 5729 In
2020 5671 2153 5730 edit.

2343 4626 2422 4696 (4)
2455 4628 2682 4701 Ὥσπερ
2705 4629 2738 4680 ό
2791 4624 3015 4701 Ἰωνᾷς.
3053 4625 3130 4680 Ita
3167 4628 3290 4682 cod.
3329 4638 3383 4684 et
3425 4627 3560 4701 Reg.
3612 4630 3675 4686 In
3715 4631 3852 4689 edit.

2270 4694 2427 4772 deest
2451 4696 2679 4772 0.310;,
2693 4696 3132 4772 pronaum-tati,
3173 4714 3240 4752 c0
3263 4702 3295 4772 ξ.
3313 4694 3532 4772 παύσῃῖ

2340 4767 2418 4845 (ξ)
2437 4767 2860 4845 Alias-CXXXV.
2879 4767 3091 4845 bjcripta
3105 4784 3248 4845 anno
3260 4771 3385 4845 38},
3407 4767 3629 4845 ineunte
3642 4781 3850 4830 testate.

2339 4838 2416 4907 (6)
2469 4837 2659 4914 Ἡμῖν·Δ
2678 4837 2770 4914 σὺ·
2807 4837 2928 4914 eiul:
2979 4841 3069 4914 Ιιιι⁸
3105 4840 3272 4914 codd.
3321 4842 3454 4914 Reg.
3492 4841 3551 4909 Β,
3609 4844 3664 4905 5,
3691 4853 3745 4899 et
3783 4846 3850 4909 ιι,

2270 4906 2506 4963 MOntac.
2537 4917 2591 4961 et
2621 4907 2867 4962 Comhel'.
2895 4908 2955 4962 ιιι
2985 4909 3118 4964 edit.
3150 4910 3214 4963 σύ
3245 4906 3416 4968 deest:

2323 4977 2432 5098 ἑῚέ
2459 4975 2644 5098 Πᾶὶθὸ
2667 4995 2720 5031 τι
2744 4973 2857 5032 οὖν
2889 4977 2984 5033 ἂν.
3021 4981 3099 5034 lta
3127 4983 3248 5036 cod.
3273 4993 3327 5039 et
3353 4983 3600 5039 Combef.
3630 4984 3688 5038 In
3717 4986 3850 5041 edit.

2352 5065 2379 5098 ν
2457 5065 2510 5098 τι
2610 5089 2622 5098 .

2273 5063 2379 5100 παν
2404 5064 2432 5099 ο
2457 5065 2510 5099 τι
2538 5063 2622 5102 αν.

2343 5117 2420 5238 (8)
2454 5117 2606 5171 Οὐδὲ
2631 5117 3051 5202 προαιρέσεως.
3088 5120 3164 5174 Ita
3200 5122 3361 5204 codd.
3409 5121 3542 5203 Reg.
3578 5122 3657 5182 iB.
3697 5125 3752 5192 5,
3802 5131 3857 5181 et

2374 5187 2401 5238 Β
2427 5200 2610 5238 onlac.
2647 5201 2701 5238 et
2733 5190 2948 5238 Μητρὶ..
2987 5207 3176 5238 ειιιιιιιιι
3205 5191 3334 5238 lenit
3364 5193 3484 5238 lhll-
3527 5197 3595 5238 At
3629 5195 3728 5238 nnri
3799 5202 3855 5238 ρι

2271 5186 2610 5262 [Milioniam
2647 5186 2701 5244 et
2733 5186 2948 5262 March,
2987 5192 3176 5262 sicque
3204 5191 3334 5262 legit
3362 5186 3595 5247 BillfAt
3629 5186 3750 5249 cod:
3799 5202 3855 5250 et

2275 5257 2523 5336 Combcf.
2561 5261 2954 5336 προαιρέσεως.
2985 5261 3043 5336 [ιι
3071 5257 3202 5336 edit.
3233 5257 3675 5336 προδιαιρέσεων.
3704 5264 3850 5336 Mox,

2273 5329 2943 5470 Ezollyﬁuzgokcggb
2983 5329 3115 5400 Reg.
3152 5331 3185 5400 ἢ
3233 5329 3468 5401 γένοιτεξ
3517 5335 3655 5390 Cod.
3699 5335 3764 5390 Β.
3801 5344 3856 5390 et

2465 5415 2477 5433 ⁵
2509 5438 2521 5451 ο
2801 5420 2828 5455 ν
2951 5441 2962 5453 σ

2266 5466 2422 5591 aug?)
2453 5466 2624 5535 Δεξὶᾀ
2655 5466 2754 5524 καί
2786 5470 3058 5527 συνέσει.
3101 5469 3161 5526 In
3205 5471 3332 5529 cod.
3373 5475 3466 5529 καὶ
3501 5476 3714 5530 συνέσει
3760 5475 3856 5530 de-

2338 5608 2460 5692 (i0)_
2491 5608 2605 5692 T71;
2632 5613 2954 5692 αἰσχύνης.
2988 5613 3066 5671 Ita
3097 5615 3221 5673 cod.
3263 5613 3400 5688 Reg.
3431 5624 3486 5677 et
3510 5615 3758 5678 Combci.
3789 5615 3851 5672 In

2266 5675 2398 5732 edit.
2429 5675 2587 5736 deest
2615 5681 2734 5752 τῆς.
