4178 6464
1747 484 2079 543 EPISTOLA
2122 489 2303 545 CXLI.

3557 493 3664 553 2J2

401 597 555 664 λάξαι
589 596 683 668 τὴν
711 593 893 652 οὖσαν.
945 599 1039 671 Μὴ
1068 600 1276 673 ἀνάσχῃ
1321 601 1482 672 μέχρι
1520 605 1620 673 τῆς
1670 603 1771 673 σῆς
1796 605 1971 675 ἀρχῆς

2086 621 2197 661 eam
2225 606 2509 677 quidpiam
2536 606 2807 673 addendo,
2841 607 2925 662 vel
2967 608 3236 679 integram
3260 605 3660 662 conservando.

401 685 535 742 εἶναι
568 688 743 753 πόλιν,
776 690 870 742 καὶ
903 688 1044 761 μετὰ
1083 690 1142 743 σὲ
1184 691 1375 761 μηκέτ’
1403 687 1542 745 εἶναι
1562 710 1579 723 ·
1635 694 1770 765 μηδὲ
1799 693 1979 749 δοῦναι

401 779 638 852 πονηρὸν
674 779 786 849 (58)
821 778 900 849 τῷ
936 780 1114 852 χρόνῳ
1166 778 1433 852 διήγημα,
1485 780 1671 835 λαϐεῖν
1716 782 1982 854 ἀριθμου-

406 869 575 940 μένην
630 871 689 923 ὲν
735 869 974 935 πόλεσιν,
1011 872 1104 925 καὶ
1135 872 1455 926 καταλιπεῖν
1500 873 1697 943 χωρίον
1729 874 1987 945 ἀοίκητον

398 959 497 1031 τὴν
558 960 690 1013 ποτὲ
745 958 900 1013 πόλιν
963 959 1134 1031 ὄρεσι,
1187 962 1283 1015 καὶ
1345 964 1643 1034 κρημνοῖς,
1689 964 1780 1017 καὶ
1831 962 1984 1027 ὕλαις

319 1108 331 1123 ζ
403 1048 594 1118 μόναις
618 1046 729 1117 (59)
752 1048 1175 1120 γνωριζομένην.
1216 1048 1401 1103 Ταῦτα
1430 1050 1529 1121 μὲν
1553 1050 1772 1104 ποιείτω
1796 1052 1889 1104 καὶ
1903 1051 1983 1104 λε-

401 1137 547 1206 γέτω
578 1137 718 1209 πρὸς
744 1137 843 1209 τὴν
871 1137 970 1209 σὴν
1000 1137 1113 1209 (60)
1126 1138 1537 1209 φιλανθρωπίαν
1556 1139 1713 1211 nam”)
1735 1141 1981 1212 πλάσμα-

400 1241 493 1290 τος
519 1225 693 1289 πόλις.

2087 694 2165 750 Ne
2197 697 2427 766 patiaris
2459 712 2577 751 eam
2620 713 2794 769 usque
2823 696 2890 752 ad
2930 697 3312 768 praefecturam
3351 704 3502 749 tuam
3533 692 3667 746 civi-

2091 792 2254 839 tatem
2289 799 2434 849 esse,
2468 793 2523 840 ct
2556 797 2678 856 post
2708 796 2760 841 te
2783 787 2897 857 jam
2944 802 3053 841 non
3085 801 3249 853 esse;
3278 801 3378 841 nec
3407 782 3655 840 commit-

2090 884 2196 940 tas,
2238 883 2296 930 ut
2340 877 2544 947 posteri
2594 878 2831 932 habeant
2862 879 3009 949 quod
3061 880 3130 934 de
3164 888 3215 935 te
3246 878 3388 933 male
3432 876 3659 945 loquan-

2092 973 2201 1031 tur,
2233 967 2494 1022 nimirqu
2542 979 2593 1023 te
2638 969 2780 1024 inter
2812 969 3064 1027 civitates
3114 976 3464 1025 numeratam
3505 978 3662 1019 acce-

2092 1056 2260 1126 pisse.
2292 1065 2457 1129 atque
2502 1075 2646 1124 eam,
2684 1074 2806 1131 qua:
2839 1059 3115 1130 quondam
3160 1060 3293 1114 urbs
3326 1057 3493 1128 119
3519 1063 3658 1112 erat.

2087 1156 2302 1203 vastum
2348 1158 2404 1205 et
2458 1151 2724 1205 incultum
2773 1155 2954 1206 locum
3012 1151 3325 1223 reliquisse,
3381 1146 3659 1202 montibus

2085 1238 2354 1295 duntaxat
2397 1250 2452 1295 ct
2493 1242 2830 1313 praecipitiis,
2882 1258 2947 1297 ac
2993 1242 3283 1297 ruderibus
3317 1240 3449 1295 solis
3496 1253 3659 1308 agun-

402 1321 682 1376 scendam.
738 1306 932 1393 (Atque
1001 1321 1121 1376 haec
1167 1319 1314 1392 apud
1354 1330 1501 1377 tuam
1569 1323 1965 1380 humanitatem
2010 1326 2177 1385 faciat
2242 1342 2299 1388 et
2357 1306 2513 1389 dicat
2565 1306 2760 1392 civitas
2815 1306 2919 1402 ea,
2978 1350 3142 1407 quam
3202 1306 3660 1405 loquentem—in-

400 1412 682 1469 duximus.

481 1502 669 1573 Ἰίμῶν
700 1503 758 1558 δὲ
804 1505 879 1568 ὡς
912 1504 1083 1576 φίλων
1126 1504 1274 1571 δέξαι
1312 1507 1665 1578 παραίνεσιν·
1727 1510 1984 1582 σωφρονί-

406 1610 497 1647 σαι
543 1595 639 1665 μὲν
666 1594 890 1666 θέλησον
928 1598 1055 1660 τοὺς
1082 1596 1534 1670 ἐξημαρτηκότας
1574 1599 1656 1664 είς
1700 1600 1764 1653 τὸ
1814 1599 1983 1672 πρόσ-

402 1700 588 1754 ταγμα
612 1687 711 1757 τῆς
733 1686 832 1757 σῆς
854 1685 1117 1752 ἐξουσίας.
1143 1688 1309 1761 ’Υπὲρ
1336 1688 1447 1761 γὰρ
1473 1689 1662 1744 τούτου
1699 1690 1812 1763 (61)
1829 1693 1983 1747 οὐδὲν

401 1776 733 1849 θαρροῦμεν,
773 1781 823 1832 εί
855 1780 946 1833 καὶ
987 1779 1062 1852 μὴ
1091 1780 1198 1834 ἀπὸ
1227 1781 1408 1836 κοινοῦ
1445 1783 1762 1856 σκέμματός
1818 1801 1984 1854 φασιν

400 1864 536 1921 εἶναι
558 1867 620 1922 τὸ
647 1867 871 1940 θράσος,
901 1868 1037 1923 ἀλλὰ
1071 1868 1180 1941 (62)
1208 1872 1583 1943 μειρακίσκων
1609 1873 1776 1927 τινῶν
1797 1873 1978 1947 ὁρμὴν

400 1958 703 2029 ἀλόγιστον.
734 1960 807 2014 Τὸ
840 1959 1021 2015 πλεῖον
1043 1961 1100 2014 δὲ
1145 1962 1246 2032 τῆς
1274 1962 1446 2035 ὀργῆς
1475 1964 1855 2035 συγχωρῆσαι,
1885 1964 1980 2017 καὶ

401 2049 646 2122 λογισμῷ
694 2051 1005 2123 χρήσασθαι
1048 2051 1277 2122 μείζονι.
1329 2053 1550 2125 Μητρὸς
1596 2054 1982 2126 ὑπερήλγησαν

402 2144 791 2214 νεκρουμένης,
840 2144 942 2197 οὐκ
987 2143 1226 2214 ἤνεγκαν
1278 2144 1490 2198 πολῖται
1534 2145 1841 2210 καλεῖσθαι,
1889 2147 1985 2201 καὶ

402 2229 543 2287 εἶναι
572 2233 843 2297 ἀπόλιδες,
871 2232 1177 2303 ἐμάνησαν,
1207 2234 1620 2306 παρενόμησαν,
1658 2236 1985 2305 ἀπέγνωσαν

398 2324 501 2394 τῆς
532 2325 743 2378 ἑαυτῶν
788 2326 1098 2397 σωτηρίαςο
1145 2323 1419 2396 ἔκφρονας
1460 2327 1659 2392 αὐτοὺς
1704 2328 1766 2381 τὸ
1798 2330 1983 2400 παρά-

398 2413 550 2479 δοξον
590 2413 685 2467 τοῦ
738 2414 944 2480 πάθους
962 2415 1242 2485 ἐποίησεν.
1272 2410 1398 2486 Ἆρ’
1432 2411 1526 2470 οὖν
1562 2415 1651 2470 διὰ
1687 2416 1850 2471 τοῦτο
1875 2417 1981 2490 χρὴ

403 2507 535 2578 μηδὲ
565 2502 704 2560 εἶναι
740 2507 894 2561 πόλιν
924 2505 1021 2578 τὴν
1050 2506 1243 2571 πόλιν;
1278 2507 1582 2578 Μηδαμῶς,
1609 2502 1655 2563 ὦ
1688 2509 1978 2581 θαυμάσιε,

402 2600 477 2670 μὴ
502 2598 662 2653 τοῦτο
681 2599 992 2672 ὲπιγράφῃς
1009 2592 1145 2670 (65).
1176 2596 1335 2651 Ἀλλὰ
1355 2598 1584 2671 τίμησόν
1607 2600 1817 2664 πάντας
1838 2600 1982 2654 πολί-

397 2708 516 2755 τας,
531 2691 627 2744 καὶ
642 2690 753 2760 (64)
786 2689 1126 2755 πολιτευτὰς,
1159 2689 1255 2743 καὶ
1285 2688 1689 2760 ἀξιωματικοὺς
1717 2691 1978 2745 ίκετεύονυ

398 2798 525 2845 ταςο
545 2781 762 2834 πάντων
777 2780 886 2852 γάρ
917 2779 1030 2834 οἴου
1046 2779 1145 2851 τὴν
1161 2778 1446 2850 συμφορὰν
1466 2779 1670 2850 ὁμοίως
1692 2778 1981 2843 ἅπτεσθαι,

399 2872 495 2927 καὶ
506 2874 553 2926 εί
569 2871 648 2942 τῷ
665 2870 883 2942 μεγέθει
896 2870 1009 2941 (65)
1024 2870 1125 2941 τῆς
1146 2869 1244 2940 σῆς
1260 2868 1507 2935 ἐξουσίας
1520 2868 1625 2938 ἔφη
1633 2869 1980 2940 συχάζουσιν,

398 2959 510 3017 οἷον
556 2959 866 3032 ὐποδρύχια
891 2960 1186 3023 στένοντες.
1219 2960 1461 3031 Τίμησον
1490 2959 1546 3013 δὲ
1582 2958 1681 3030 τὴν
1710 2960 1985 3033 ἡμετέραν

401 3050 613 3116 πολιὰν,
644 3046 726 3115 οἷς
757 3051 928 3105 δεινὸν
962 3052 1011 3103 εί
1044 3049 1177 3103 ποτὲ
1217 3048 1317 3120 τὴν
1361 3048 1604 3121 μεγάλην
1651 3048 1804 3103 πόλιν
1831 3048 1983 3119 ἔχον-

399 3159 511 3206 τες,
534 3141 630 3196 νῦν
662 3142 798 3213 μηδὲ
828 3140 983 3195 πόλιν
1016 3139 1234 3210 ἔχοιμεν
1255 3138 1389 3210 (66),
1418 3140 1515 3193 καὶ
1535 3138 1739 3211 θηρίων
1766 3140 1985 3211 οίκητή-

2155 1509 2275 1566 Jam
2308 1521 2575 1576 nostram,
2609 1511 2712 1567 hoc
2734 1519 2841 1578 est,
2870 1514 3031 1567 amici
3063 1513 3186 1575 viri,
3228 1514 3659 1571 admonitiOnem

2085 1603 2293 1673 accipe.
2325 1602 2561 1657 Causam
2599 1602 2742 1656 haud
2772 1603 2896 1657 dico
2944 1604 3076 1673 quin
3105 1615 3163 1659 tu
3208 1601 3264 1657 in
3310 1619 3428 1667 eos,
3471 1606 3564 1675 qui
3603 1607 3656 1660 iu

2084 1700 2191 1746 tute
2232 1691 2520 1762 potestatis
2569 1688 2809 1744 edictum
2861 1698 3179 1760 peccarunt.
3226 1689 3655 1746 animadvertas.

2082 1779 2217 1835 Nam
2244 1794 2347 1850 pro
2389 1780 2491 1834 hac
2521 1793 2581 1834 re
2618 1778 2831 1833 nullum
2874 1779 3101 1834 verbum
3144 1778 3330 1833 dicere
3370 1778 3654 1841 audemus.

2083 1871 2185 1928 etsi
2239 1870 2416 1925 audax
2465 1870 2571 1925 hoc
2617 1868 2851 1935 facinus,
2906 1885 3250 1941 nequaquam
3304 1885 3337 1925 α
3378 1872 3658 1925 communi

2082 1962 2337 2024 consilio.
2370 1960 2468 2016 sed
2518 1975 2549 2014 a
2585 1961 2884 2015 temerario
2923 1959 3285 2031 quorumdam
3333 1960 3659 2017 adulescen-

2085 2063 2201 2109 tum
2238 2055 2442 2123 impetu
2474 2051 2779 2124 profectum
2811 2068 2938 2109 esse
2959 2060 3204 2107 narrant.
3237 2052 3508 2107 Caeterum
3541 2068 3654 2108 ma-

2080 2145 2258 2216 jorem
2301 2144 2397 2199 ir:e
2434 2153 2642 2214 partem
2679 2144 2928 2208 remitte,
2978 2158 3041 2197 ac
3080 2142 3371 2198 sublimius
3417 2157 3533 2197 rem
3577 2149 3661 2200 ιο-

2084 2252 2209 2291 cum
2248 2236 2559 2292 considera.
2576 2234 2875 2291 Doluerunt
2905 2241 3131 2288 matrem
3157 2232 3415 2305 opprimi,
3445 2248 3511 2289 ac
3537 2236 3654 2290 vel-

2086 2334 2146 2383 ut
2195 2327 2449 2393 enecari;
2484 2341 2594 2380 nou
2630 2324 2873 2379 tulerunt
2899 2338 2959 2379 se
2985 2323 3185 2378 civium
3227 2337 3425 2377 nomen
3458 2322 3661 2377 habere

2082 2429 2135 2476 et
2175 2419 2398 2475 civitate
2442 2432 2655 2481 carere,
2708 2415 2895 2471 furore
2935 2416 3128 2487 perciti
3171 2422 3324 2480 sunt,
3373 2429 3404 2468 a
3448 2414 3660 2493 legibus

2082 2516 2454 2575 recesserunt,
2489 2508 2685 2564 salutis
2715 2522 2828 2563 sua:
2856 2522 3008 2578 spem
3047 2506 3369 2575 abiecerunt
3395 2523 3409 2560 :
3434 2505 3658 2560 calami-

2083 2602 2214 2656 tatis
2244 2601 2463 2655 novitas
2492 2614 2587 2655 eos
2616 2599 2684 2654 de
2717 2599 2919 2655 mentis
2942 2607 3088 2653 statu
3137 2596 3469 2652 deturbavit.
3501 2595 3659 2651 Idcir-

2081 2707 2221 2748 coue
2243 2692 2435 2746 urbem
2458 2689 2630 2745 everti
2657 2690 2907 2760 oportet?
2931 2690 3088 2745 Absit
3114 2704 3142 2741 a
3173 2698 3246 2754 te,
3272 2689 3355 2742 vir
3379 2687 3655 2758 praeclare,

2084 2791 2143 2837 ut
2180 2782 2284 2838 hoc
2326 2788 2557 2836 statuas.
2598 2777 2739 2845 Quin
2773 2780 2956 2849 potius
2997 2785 3050 2831 te
3095 2784 3329 2839 moveat,
3375 2784 3430 2831 et
3456 2775 3655 2831 civium

2083 2873 2349 2937 omnium,
2376 2882 2430 2928 et
2459 2886 2650 2927 eorum
2688 2872 2784 2941 qui
2814 2870 3210 2940 rempublicam
3251 2867 3655 2931 administrant,

2083 2975 2137 3022 et
2191 2966 2547 3036 magistratus
2595 2970 2813 3036 gerunt,
2862 2962 3222 3034 deprecatio:
3257 2974 3449 3015 omnes
3510 2959 3655 3014 enim

2083 3072 2237 3129 teque
2263 3064 2397 3127 puta
2430 3056 2741 3111 calamitate
2772 3056 2874 3110 hac
2913 3052 3075 3119 allici,
3114 3051 3332 3109 etiamsi
3357 3049 3660 3105 auctorita-

2085 3150 2157 3205 tis
2193 3159 2299 3204 tua:
2338 3146 2711 3219 magnitudine
2739 3146 2985 3203 deterriti
3023 3146 3263 3216 quietem
3297 3148 3489 3213 agunt,
3527 3142 3663 3197 tat-i-

404 3248 520 3304 ριον
577 3232 788 3300 γένοιτο
844 3229 981 3300 μετὰ
1024 3228 1123 3298 τὴν
1154 3228 1254 3299 σὴν
1312 3228 1507 3301 ἀρχὴν,
1565 3229 1594 3281 ὃ
1635 3244 1695 3280 τε
1739 3228 1867 3292 ναὸς
1923 3227 1984 3282 δν

2086 3246 2247 3309 teque
2280 3238 2666 3308 ingemiscunt.
2705 3234 2905 3292 Nostra
2949 3236 3112 3291 etiam
3164 3242 3217 3288 te
3247 3242 3458 3287 moveat
3502 3231 3663 3287 cani-

402 3322 707 3395 ἠγείραμεν
742 3318 854 3389 (67)
886 3318 965 3389 τῷ
1021 3317 1161 3388 Θεῷ,
1212 3319 1306 3372 καὶ
1336 3321 1370 3388 ὴ
1419 3317 1549 3388 περὶ
1595 3315 1781 3371 τοῦτον
1823 3318 1984 3389 ἡμῶν

403 3412 717 3486 φιλοκαλία.
763 3410 899 3465 Οὐδὲ
950 3408 1062 3481 γὰρ
1104 3409 1155 3462 εί
1195 3408 1510 3481 ἀνδριάντες
1556 3407 1983 3479 κατενεχθήσον-

401 3525 489 3563 ται
522 3503 659 3577 (68),
711 3500 870 3557 τοῦτο
916 3500 1109 3565 δεινὸν,
1158 3499 1207 3551 εί
1258 3498 1353 3552 καὶ
1388 3497 1565 3561 ἄλλως
1611 3496 1784 3550 δεινόν
1834 3496 1946 3569 (69)
1964 3512 1982 3530 ι

404 3598 541 3671 μηδὲ
578 3595 709 3669 περὶ
760 3586 968 3649 τούτων
1028 3590 1257 3663 νομίσῃς
1307 3591 1442 3662 ἡμῖν
1487 3583 1627 3644 εῖναι
1660 3588 1752 3643 τὸν
1800 3588 1978 3659 λόγον,

400 3688 484 3756 οἷς
543 3688 675 3763 περὶ
728 3687 797 3743 τὰ
836 3684 1122 3760 κρείττονα
1154 3685 1193 3755 ἠ
1238 3680 1464 3754 σπουδὴ,
1494 3680 1608 3736 ἀλλ’
1640 3681 1689 3735 εἰ
1743 3698 1981 3752 συγκατ-

400 3782 748 3854 ενεχθήσεται
776 3778 986 3843 τούτοις
1011 3776 1166 3841 πόλις
1206 3775 1444 3849 ἀρχαία,
1480 3774 1576 3829 καί
1622 3792 1676 3829 τι
1726 3773 1979 3846 λαμπρὸν

402 3872 731 3944 ὶνεγκοῦσα,
751 3869 970 3936 ζώντων
997 3867 1155 3939 ἡμῶν
1182 3868 1278 3922 καὶ
1296 3866 1549 3939 ὁρώντων
1572 3866 1695 3921 τῶνε
1711 3865 1862 3939 παρὰ
1892 3867 1981 3924 σοι

399 3965 749 4037 τιμωμένων,
774 3960 868 4017 καί
891 3977 1022 4016 τινα⁴
1056 3960 1209 4031 ἰσχὺν
1231 3958 1375 4031 ἔχειν
1396 3957 1788 4035 νομιζομένων.
1837 3958 1977 4019 Ἀλλ’

403 4058 435 4110 ό
488 4056 586 4127 μὲν
636 4053 765 4125 περ).
817 4051 1023 4105 τούτων
1069 4050 1227 4120 λόγος
1270 4049 1546 4114 τοσοῦτος.

2086 3328 2211 3391 tics,
2236 3326 2325 3383 cui
2345 3341 2509 3397 grave
2534 3334 2591 3381 et
2615 3325 2873 3380 acerbum
2907 3322 3095 3387 fuerit,
3132 3321 3180 3375 si
3210 3332 3461 3390 magnam
3484 3333 3661 3389 quon-

2088 3418 2213 3473 dam
2249 3416 2438 3471 urbem
2466 3416 2753 3478 habentes,
2786 3428 2931 3469 nunc
2974 3428 3043 3469 ne
3088 3412 3278 3469 urbem
3308 3411 3530 3483 quidem
3563 3410 3661 3465 ha-

2088 3508 2335 3572 beamus,
2383 3504 2481 3561 sed
2522 3514 2646 3577 post
2695 3502 3073 3577 praefecturam
3125 3512 3270 3559 tuam
3325 3505 3380 3559 in
3420 3501 3657 3558 ferarum

2086 3596 2321 3653 lustrum
2380 3604 2734 3653 convertatur
2787 3597 3050 3668 templum
3117 3595 3250 3653 illud
3279 3638 3295 3665 ,
3349 3595 3494 3667 quod
3549 3592 3661 3649 Deo

2085 3690 2482 3758 exstruximus,
2522 3707 2794 3763 omneque
2846 3702 3095 3749 nostrum
3144 3691 3198 3746 in
3240 3705 3307 3747 eo
3342 3688 3657 3747 exornaudo

2084 3782 2348 3839 studium.
2400 3782 2587 3855 Neque
2630 3784 2798 3851 enim,
2841 3783 2888 3839 si
2924 3792 3121 3842 statua:
3160 3782 3509 3852 dejiciantur,
3559 3780 3659 3832 hoc

2083 3888 2248 3943 grave
2294 3880 2349 3928 et
2398 3874 2656 3929 acerbum
2698 3881 2803 3941 est,
2854 3874 3070 3929 etiamsi
3122 3872 3325 3942 alioqui
3366 3869 3658 3932 acerbum;

2084 3978 2189 4020 nec
2220 3962 2290 4017 de
2322 3962 2410 4017 his
2446 3963 2607 4018 nobis
2633 3975 2756 4018 esse
2788 3978 3097 4020 sermonem
3134 3961 3447 4024 arbitreris,
3478 3958 3571 4029 qui
3606 3957 3660 4011 in

2088 4052 2466 4124 praestantiora
2505 4051 2908 4118 incumbimus;
2944 4067 3135 4107 verum
3163 4052 3210 4108 si
3252 4050 3388 4105 urbs
3414 4048 3659 4118 antiqua.

403 4158 474 4204 et.
496 4162 618 4217 qua:
683 4145 868 4200 eximii
931 4142 1141 4213 aliquid
1187 4157 1253 4197 ac
1292 4143 1538 4211 praeclari
1572 4143 1718 4210 tulit,
1769 4159 1878 4200 una
1914 4160 2039 4200 cum
2081 4146 2192 4203 illis
2230 4153 2474 4212 corruat,
2518 4145 2678 4200 nobis
2735 4144 3048 4201 viventibus
3086 4159 3152 4200 ac
3197 4142 3529 4207 videntibus,
3568 4141 3660 4211 qui

408 4243 463 4297 in
488 4240 698 4296 honore
735 4236 878 4309 apud
910 4244 962 4290 te
992 4250 1205 4300 sumus,
1246 4236 1527 4305 gratiaque
1555 4245 1610 4291 et
1652 4239 1981 4297 auctoritate
2031 4241 2282 4301 nonnihil
2317 4242 2499 4298 valere
2560 4238 2963 4297 existimamur.
2993 4236 3099 4294 Sed
3128 4237 3196 4295 do
3250 4237 3335 4296 his
3375 4236 3537 4293 rebus
3573 4249 3662 4293 sa-

409 4339 482 4395 tis
512 4351 543 4389 a
581 4333 740 4390 nobis
771 4331 981 4388 dictum
1009 4329 1102 4385 sit.

478 4426 613 4481 Οὐδὲ
639 4426 748 4496 γὰρ
774 4425 824 4478 εί
857 4422 1078 4476 πλείονα
1110 4420 1377 4489 εἴποιμεν,
1417 4417 1761 4490 ίσχυρὸτερόν
1798 4436 1854 4472 τι
1877 4418 1986 4472 τῶν

406 4517 517 4569 σῶν
547 4516 853 4587 εὑρήσομεν
883 4510 1178 4582 λογισμῶν,
1203 4504 1286 4572 οἷς
1316 4506 1468 4571 ἔθνος
1494 4506 1748 4562 τοσοῦτον
1770 4509 1995 4577 ἄγεται,

404 4608 499 4661 καὶ
525 4604 715 4677 ἀχθείη
760 4620 824 4673 γε
858 4602 1028 4657 πλείω
1057 4600 1169 4674 (70)
1222 4598 1316 4654 καὶ
1360 4599 1552 4670 μείζω,
1594 4598 1690 4653 καὶ
1733 4600 1825 4654 ἐπὶ
1862 4600 1983 4671 μεί-

477 4757 590 4829 (58)
618 4758 833 4813 Δοῦναι
855 4762 1140 4828 πονηρόν.
1166 4758 1255 4813 lta-
1270 4758 1401 4813 cod.
1423 4755 1569 4828 Reg.
1593 4755 1809 4812 laedit.
1830 4754 1989 4809 deest
2017 4752 2060 4808 ι)

404 4827 608 4882 δοῦναι.

479 4896 590 4966 (59)
622 4896 1106 4969 ΪΥλαιςνμὸναις.
1154 4896 1293 4954 Cod.
1328 4897 1483 4962 ὕλαις
1516 4899 1697 4969 μόνον.
1747 4892 1977 4949 Utrum-

408 4981 527 5037 que;
543 4965 778 5037 reddidit
808 4966 935 5037 Bill.

385 5034 445 5105 ιί
481 5034 592 5101 (60)
631 5034 789 5103 Πρὸς
806 5035 922 5102 τὴν
941 5035 1085 5105 σήν.
1119 5034 1197 5090 Ita
1244 5036 1369 5091 cod.
1416 5035 1648 5091 Montac.
1690 5034 1881 5091 Morel.
1918 5046 1984 5086 ao

408 5103 655 5176 Cornbel'.
687 5105 743 5158 In
771 5106 912 5176 cdit.
956 5103 1087 5176 nep).
1112 5105 1213 5175 τὴν
1239 5106 1357 5176 σήν.

644 5175 823 5244 ’Υπὲρ
849 5176 962 5247 γᾴρ
990 5171 1224 5247 religat).
1256 5171 1392 5247 (god.
1436 5174 1574 5247 ὑπὲρ
1606 5171 1911 5247 γάρτοῦτο.

483 5244 593 5315 (62)
644 5241 1052 5300 Φασῐνέῖναι.
1086 5243 1229 5315 ϐοά.Δ
1276 5243 1342 5296 Β.
1390 5259 1456 5298 ac
1513 5241 1759 5296 damnet;
1804 5241 1986 5312 φαμὲν

410 5312 581 5374 εἶναι,
605 5315 897 5383 profectum
928 5330 1042 5368 esse
1071 5313 1470 5383 existimamus.

483 5381 733 5454 (65))Mr‘)
761 5384 936 5454 τοῦτο
981 5382 1338 5454 ἐπιγράφῃς.
1384 5381 1468 5436 Ne
1506 5382 1603 5435 hoc
1643 5381 1883 5448 imperes,
1920 5393 1985 5434 ne

409 5455 509 5507 hoc
533 5453 755 5513 indices,
780 5470 843 5508 ne
868 5453 964 5507 hoc
996 5464 1225 5507 statuas.

482 5523 597 5593 (64)
642 5523 902 5593 Τίμησον
922 5539 1153 5588 κοντας
1171 5526 1448 5593 πολίτας,
1478 5521 1598 5582 καὶ,
1619 5528 1727 5573 etc.
1752 5517 1830 5573 lla
1854 5518 1979 5573 cod.

414 5594 471 5647 lu
495 5591 1035 5663 autemquova
1069 5593 1278 5663 πάντας
1311 5591 1536 5663 πολίτας
1562 5606 1644 5642 τε.

485 5663 597 5733 (65)
637 5657 748 5716 Καὶ
777 5657 830 5715 ἐι
859 5657 953 5726 τῷ
965 5662 1221 5729 μεγέθει,
1261 5669 1366 5714 etc.
1401 5661 1516 5733 ἐπεὶ
1536 5667 1747 5733 propter
1774 5657 1978 5726 magni-

414 5729 650 5787 tudine»:
677 5733 1018 5786 auctoritatis
1046 5741 1153 5785 tua:
1187 5740 1381 5792 tacent,
1419 5729 1581 5785 veluti
1619 5730 1765 5781 intra
1810 5743 1864 5782 se
1897 5741 1983 5796 ge-

414 5811 631 5859 mentes.
665 5802 771 5856 Pro
793 5800 1115 5871 ὑποϐρύχια,
1149 5800 1396 5871 Combef.
1432 5798 1780 5871 ὑποϐρύχιον.

484 5872 600 5944 (66)
641 5874 826 5928 Πόλιν
852 5868 1110 5942 ἔχοιμεν.
1146 5871 1282 5927 Cod.
1318 5870 1467 5926 πόλιν
1500 5868 1715 5939 ἔχομεν.
1770 5896 1777 5903 -

2160 4417 2349 4486 Neque
2377 4415 2522 4472 enim
2554 4415 2599 4471 si
2631 4412 3132 4486 pluradixerimus,
3156 4414 3386 4470 validius
3406 4418 3665 4487 quiddam

2094 4505 2399 4575 fortiusque
2430 4505 2541 4562 tuis
2585 4503 2889 4558 rationibus
2929 4513 3091 4574 atque
3142 4507 3388 4561 consiliis
3419 4510 3664 4565 invenie-

2090 4612 2235 4665 mus,
2293 4596 2493 4666 quibus
2552 4595 2832 4667 provincia
2875 4604 3023 4649 tanta
3084 4597 3441 4666 gubernatur,
3500 4610 3662 4671 atque

2159 4749 2466 4873 (6ηῡζναὸς
2490 4750 2563 4802 ὃν
2585 4749 2927 4829 ήτείραμετς.
2963 4745 3159 4818 Liquet
3186 4750 3339 4817 hinc,
3382 4753 3460 4805 ait
3493 4751 3658 4833 Cont-

2184 4858 2224 4873 ..
2317 4832 2709 4873 tocmsaream.
2766 4818 3103 4873 Nazranzum
3155 4836 3308 4873 esse.
3350 4835 3515 4873 uuam
3576 4837 3658 4873 sne

2089 4817 2709 4889 bef.,'D_iocaesaream,
2766 4817 3103 4889 iVazianzuiu
3155 4835 3515 4889 esse,rquam
3576 4822 3662 4876 sic

2089 4887 2575 4960 pater‘Gregorius
2610 4887 2901 4960 magnilico
2927 4887 3387 4960 temploornavit.

2161 4958 2274 5028 (68)
2315 4952 2415 5028 E'i'
2431 4952 2784 5028 ἀχδριάιςῐες
2822 4952 3384 5028 κατενεχθήσονται.
3425 4953 3527 5011 Hic
3560 4957 3660 5012 ob,

2094 5022 2294 5091 serva',
2328 5026 2405 5078 ait
2457 5022 2618 5089 Bill.,
2656 5022 2906 5093 Gregorii
2958 5037 3175 5092 quoque
3221 5029 3466 5093 tempore
3515 5030 3662 5084 ardes

2089 5111 2280 5153 sacras
2317 5094 2518 5155 statuis
2565 5100 2619 5148 et
2665 5090 3009 5160 imaginibus
3047 5099 3271 5160 ornatas
3312 5090 3500 5149 fuisse.
3548 5095 3657 5152 Ve-

2092 5181 2235 5228 rum,
2281 5165 2457 5232 inquit
2501 5158 2916 5221 Combe-iumen
2949 5159 3138 5230 magis.
3164 5159 3301 5232 dicit
3342 5171 3555 5220 statuas
3592 5167 3663 5220 ad

2092 5234 2279 5303 templi
2310 5228 2901 5303 oritatum‘spectantes
2931 5228 3094 5299 quain
3138 5229 3205 5284 ad
3242 5232 3395 5287 urbis
3425 5234 3659 5298 decora;

2094 5298 2326 5373 ideo'que
2363 5316 2471 5355 non
2503 5300 2718 5354 videtur
2746 5298 2874 5373 hinc
2899 5298 3073 5373 ratum
3093 5310 3471 5370 argumentum
3496 5305 3661 5371 hujus

2094 5367 2277 5428 saeculi
2327 5373 2783 5440 ritussacrarum
2830 5367 3123 5440 imagiumu
3150 5367 3216 5424 ac
3262 5367 3601 5440 statuarum,
3628 5390 3662 5428 a

2093 5444 2296 5514 quibus
2328 5440 2529 5514 statuis
2557 5437 2855 5514 abhorrent
2900 5437 3015 5514 fere
3040 5437 3354 5514 Graecorum
3393 5437 3581 5498 mores
3602 5444 3659 5499 in

2093 5508 2261 5568 rebus
2299 5509 2496 5575 sacris,
2536 5523 2659 5562 cum
2698 5508 2916 5578 pictura
2955 5509 3116 5576 plana
3169 5508 3464 5578 plurimum
3507 5514 3657 5570 dele-

2091 5590 2330 5638 ctentur.

2164 5651 2276 5719 (69)
2324 5651 2548 5712 Ἄλλως
2591 5645 2813 5719 δεινόν.
2854 5644 2991 5719 Cod.
3035 5644 3233 5719 ἄλλοις.
3271 5645 3355 5719 Ita
3384 5652 3550 5706 etiam
3605 5661 3659 5708 et

2093 5715 2283 5776 Min-el.
2311 5722 2402 5789 qui
2436 5725 2586 5789 nutat
2616 5715 2789 5789 άλλως
2818 5716 3076 5789 mendose
3101 5716 3218 5789 legi
3250 5733 3281 5771 a
3313 5718 3549 5789 Montac.

2167 5789 2278 5860 (70)
2320 5784 2427 5844 Καὶ
2472 5787 2679 5860 ἀχθείη
2733 5802 2800 5853 γε
2853 5786 3055 5839 πλείω.
3101 5784 3222 5860 Bill.
3262 5788 3487 5860 Quibus
3526 5807 3651 5857 pro-

2095 5856 2269 5916 uiu'citi
2309 5869 2457 5914 tanta
2496 5857 2818 5928 gubernatur
2861 5864 3015 5927 atque
3061 5856 3370 5912 sublimiora
3408 5856 3647 5928 imperia.
