4178 6416
479 391 588 449 255

1697 389 1752 446 S.
1795 391 2127 452 GIIEGORII
2165 387 2504 448 'I‘HEOLOGI

3627 387 3736 440 ego

413 558 436 586 ἦ
482 501 703 556 modum
734 501 864 568 ipsa:
897 516 1114 571 quoque
1140 501 1417 572 plagarum
1452 509 1592 556 notae
1621 503 1865 559 indicant
1894 508 1918 559 ?
1951 505 2064 562 IIoc

2171 509 2325 578 μεῖα,
2355 503 2512 556 τοῦτο
2548 499 2890 569 τεθαύμακα.
2933 499 3022 570 Μὴ
3067 501 3246 552 τοίνυν
3287 499 3577 570 παρέργως
3606 499 3734 570 δέξῃ

410 590 437 654 ._"
483 605 616 642 sane
643 588 946 643 demiratus
976 605 1118 643 sum.
1153 589 1422 654 Quocirca
1457 605 1523 643 ne
1555 589 1606 642 id
1629 629 1643 652 ,
1684 593 1826 660 quod
1859 592 2058 648 factum

435 721 441 726 .
481 687 588 740 est.
626 678 902 748 susdequc
959 680 1232 748 accipias;
1267 695 1452 733 verum
1485 682 1632 751 quod
1658 683 1884 748 accidit,
1917 685 2060 753 ipse-

486 780 596 824 met
625 770 692 824 ad
736 787 836 826 nos
867 771 1167 840 profectus.
1198 771 1360 826 nobis
1397 773 1814 841 expone..Adsit
1843 791 2061 845 quoque

483 862 747 917 diaconus
780 862 914 930 ipse.
944 870 1002 913 ut
1029 863 1303 922 criminis,
1334 863 1494 931 cujus
1540 863 1863 926 arcessitur,
1897 866 2062 917 ratio-

484 968 605 1006 nem
654 953 867 1015 subeat,
903 968 967 1005 ac
999 952 1067 1006 de
1115 954 1355 1006 hominis
1404 954 1594 1006 obtriti
1641 955 1751 1007 vita
1793 955 2054 1020 judicium

481 1042 738 1110 excipiat.
783 1041 969 1111 Neque
1015 1043 1159 1095 enim
1209 1053 1315 1094 tam
1344 1051 1504 1112 turpe
1535 1053 1695 1114 atque
1738 1046 2053 1099 indecorum

483 1131 694 1186 facinus
731 1133 786 1186 in
837 1133 1046 1187 nostris
1098 1135 1494 1202 propemodum
1526 1135 1702 1189 oculis
1754 1134 2054 1204 perpetrari

482 1223 626 1279 ferre
657 1239 970 1295 possumus.

941 1354 1096 1423 127
1133 1353 1240 1408 CL.
1278 1352 1594 1408 ASTERIO.

2161 596 2223 651 τὸ
2249 595 2500 664 γεγονὸς,
2552 591 2685 643 ἀλλὰ
2732 590 2792 642 τὸ
2850 590 3096 660 συμϐὰν,
3138 589 3308 641 ἐλθὼν
3345 589 3431 641 διὰ
3472 589 3734 651 σεαυτοῦ,

2165 685 2513 756 παράστησον
2559 683 2712 752 ἡμῖν.
2757 681 3022 750 Παρέστω
3047 679 3104 731 δὲ
3145 680 3240 732 καὶ
3268 681 3296 731 ὁ
3331 679 3595 743 διάκονος,
3643 681 3736 732 καὶ

2161 777 2318 843 λόγον
2349 774 2557 842 ὑφέξων
2606 773 2704 841 τῆς
2735 771 3091 842 κατηγορίας,
3139 770 3232 822 καὶ
3280 769 3448 822 τύπον
3493 770 3736 840 ληψόμε-

2164 884 2252 929 νος
2281 867 2390 935 (49)
2434 865 2562 934 περὶ
2607 866 2705 934 τῆς
2748 863 2840 914 τοῦ
2882 861 3254 933 συντριϐέντος
3303 859 3468 928 ζωῆς.
3511 861 3584 911 Ού
3627 859 3734 930 γὰρ

2165 955 2469 1026 ἀνεχόμεθα
2495 952 2749 1022 τοιαύτην
2789 952 3175 1021 ἀσχημοσύνην
3209 949 3508 1003 τολμᾶσθαι
3553 949 3734 1018 σχεδὸν

2162 1051 2218 1100 ἐν
2243 1052 2360 1111 ταῖς
2387 1049 2680 1117 ἡμετέραις
2706 1043 2894 1113 ὄψεσιν

2643 1352 2770 1406 PN'.
2810 1352 3100 1421 ΛΣΤΕΡΙῼ
3132 1351 3265 1419 (50).

561 1503 642 1558 Ea:
673 1507 859 1579 p_rimis
891 1507 1048 1579 Itujus
1081 1508 1319 1577 epistola:
1354 1509 1422 1560 ad
1454 1510 1722 1562 Asterium
1753 1509 1922 1563 verbis
1950 1509 2198 1579 colligere
2236 1524 2536 1577 possumus.
2568 1508 2744 1576 plures
2779 1506 3123 1579 Gregoriiad
3173 1522 3289 1559 eum
3349 1506 3556 1558 litteras
3597 1509 3738 1579 ξαν-ετ

483 1573 644 1647 disse.
682 1574 813 1629 Cum
838 1573 970 1629 enim
999 1573 1294 1647 frequenter
1319 1579 1610 1644 scripserit.
1641 1590 1688 1633 et
1731 1573 2369 1646 paucissimte'supersint
2413 1573 2670 1645 cpistolte,
2714 1573 2898 1647 ntultte'
2935 1577 3181 1647 perierinj
3227 1591 3431 1628 necesse
3465 1586 3568 1647 est.
3606 1576 3738 1630 Illud

486 1645 601 1717 scio
635 1660 719 1699 tne
752 1661 892 1713 sape
920 1661 983 1699 ac
1000 1643 1075 1701 de
1091 1643 1284 1717 multis
1310 1643 1473 1701 rebus
1519 1643 1822 1701 litteras-ad
1848 1657 1899 1701 te
1930 1643 2179 1710 dedisse,
2199 1649 2362 1715 inquit
2391 1643 2695 1717 Gregorius.
2730 1645 2858 1717 _llts
2893 1647 3082 1698 litteris
3136 1643 3414 1717 Georgium
3437 1646 3736 1717 diaconum,

487 1714 656 1766 cirum
688 1717 957 1780 eximium,
993 1716 1368 1770 commendat:
1412 1733 1515 1769 non
1555 1719 1720 1770 alium
1763 1719 1898 1769 [tunc
1929 1735 2040 1771 esse
2077 1714 2325 1786 putamus
2361 1714 2645 1786 Georgium
2687 1715 2750 1767 ab
2789 1732 2847 1768 eo
2889 1717 2972 1768 cui
3011 1717 3250 1782 superior
3285 1715 3509 1781 epistola
3542 1717 3738 1780 scripta

485 1792 583 1838 est.

556 1920 738 1976 Laetor
786 1937 890 1987 me,
942 1931 998 1977 et
1029 1923 1287 1986 scribere,
1349 1932 1402 1976 et
1454 1930 1632 1976 tamen
1689 1923 1789 1976 hoc
1841 1925 2056 1977 nurnine

2228 1923 2417 1992 Χαίρω
2467 1921 2562 1976 καὶ
2615 1922 2874 1994 γράφων.
2932 1922 3026 1975 καὶ
3073 1921 3473 1992 ἐγκαλούμενος
3529 1924 3608 1974 ὅτι
3663 1921 3738 1992 μὴ

487 2012 764 2076 accusari,
797 2012 943 2082 quod
991 2027 1098 2066 non
1131 2013 1402 2075 scribam,
1454 2011 1498 2064 si
1545 2012 1765 2080 quando
1796 2012 1899 2065 hoc
1932 2028 2066 2066 con-

489 2103 686 2171 tingat.
730 2103 864 2156 Nam
884 2118 1082 2158 suaves
1112 2118 1331 2172 quoque
1371 2102 1752 2156 accusationes
1783 2109 1888 2155 tua:
1915 2109 2061 2154 sunt.

485 2192 811 2262 Quanquam
851 2192 987 2246 illud
1023 2195 1138 2248 scio
1169 2209 1253 2247 nte
1300 2208 1444 2261 szepe
1471 2207 1534 2245 ac
1566 2192 1634 2246 de
1677 2193 1866 2249 multis
1900 2193 2064 2248 rebus

485 2281 696 2338 litteras
751 2282 818 2337 ad
872 2291 926 2339 te
974 2284 1222 2348 dedisse,
1277 2292 1440 2353 atque
1494 2285 1632 2338 adeo
1698 2299 1761 2338 ea
1813 2301 2062 2355 quoque,

487 2387 610 2440 quae
637 2372 891 2440 precibus
921 2387 950 2424 a
991 2382 1044 2426 te
1077 2373 1378 2442 petieram,
1422 2382 1780 2428 consecutum
1819 2389 1961 2429 esse.
1999 2373 2067 2426 At

488 2463 534 2514 si
565 2461 698 2516 nihil
727 2462 897 2526 aliud,
922 2474 1073 2517 certe
1097 2478 1313 2526 eorum,
1344 2463 1436 2530 qui
1464 2463 1741 2518 beneficiis
1762 2479 1790 2515 a
1817 2471 1868 2518 te
1888 2461 2066 2516 allecti

489 2561 642 2615 sunt,
666 2552 961 2606 multitudo
997 2553 1194 2609 litteris
1245 2556 1382 2610 meis
1423 2555 1744 2610 testimonio
1772 2562 1875 2609 est.
1912 2552 2066 2618 Quod

491 2643 537 2696 si
573 2651 631 2696 tu
665 2643 884 2712 quidem
911 2644 1154 2698 amicitia
1206 2645 1532 2716 locupletior
1573 2661 1655 2710 es,
1706 2658 1871 2714 quam
1903 2643 2067 2697 ullius

490 2744 617 2790 vota
667 2735 878 2800 ferant,
924 2751 1026 2807 ego
1055 2745 1247 2791 contra
1295 2737 1350 2791 in
1384 2735 1619 2806 petendo
1651 2735 1890 2790 timidior
1920 2749 2064 2790 sum.

491 2827 611 2898 Ipse
636 2844 772 2884 sane
809 2830 1026 2884 virtutis
1055 2830 1419 2900 principatum
1447 2830 1684 2894 habeas;
1718 2827 1851 2882 mihi
1883 2836 2063 2882 autem

489 2919 826 2989 ignoscatur,
880 2920 1317 2990 importunitatis
1360 2929 1544 2972 notam
1580 2917 1836 2987 fugienti;
1886 2931 2066 2985 quan-

489 3007 782 3077 doquidem
836 3008 1101 3076 optimum
1155 3020 1277 3060 esse
1316 3004 1576 3066 modum,
1619 3002 1896 3071 Sapientis
1943 3017 2064 3056 ser-

491 3114 654 3153 mone
696 3098 969 3168 proditum
1001 3105 1104 3151 est.
1138 3095 1410 3150 Caeterum
1447 3093 1559 3149 Deo
1601 3093 1788 3164 gratia:
1829 3092 2068 3146 habean-

493 3199 604 3252 tur,
636 3188 730 3258 qui
765 3187 870 3242 tibi
898 3187 1030 3240 iIIud
1066 3187 1318 3258 prtebuit,
1346 3195 1406 3239 ut
1438 3185 1506 3240 de
1541 3185 1663 3238 aliis
1695 3183 1831 3238 bene
1857 3197 2062 3238 merea-

2167 2014 2395 2082 γρὰφω,
2440 2013 2622 2064 εἴποτε
2662 2012 2820 2066 τοῦτο
2862 2013 3149 2083 συμϐαίνει
3189 2015 3320 2084 (51).
3357 2015 3582 2084 Χρηστά
3631 2014 3740 2081 γάρ

2167 2119 2258 2154 σου
2291 2104 2382 2155 καὶ
2406 2103 2475 2156 τά
2500 2103 2842 2174 ἐγκλήματα.
2881 2105 2990 2157 Καί
3018 2104 3100 2157 τοί
3125 2122 3187 2173 γε
3221 2104 3480 2168 πολλάκις
3509 2104 3620 2175 (52)
3648 2103 3744 2156 καὶ

2166 2195 2293 2266 περὶ
2322 2195 2533 2248 πολλῶν
2562 2196 2873 2260 ἐπιστείλας
2896 2192 3034 2262 οῖδα,
3059 2197 3153 2250 καὶ
3192 2196 3292 2267 μέν
3315 2214 3398 2249 τοι
3432 2197 3526 2248 καὶ
3564 2195 3741 2266 τυχὼν

2167 2287 2296 2355 περὶ
2347 2279 2422 2338 ὧν
2460 2284 2686 2355 ἐδεήθην
2736 2302 2852 2340 σου.
2906 2287 3016 2338 Καὶ
3073 2288 3122 2338 εί
3179 2287 3252 2356 μή
3299 2303 3352 2338 τι
3399 2285 3546 2347 ἄλλο,
3575 2285 3636 2337 τό
3676 2300 3738 2352 γε

2168 2375 2372 2445 πλῆθος
2402 2375 2510 2428 τῶν
2549 2372 2606 2429 εὖ
2638 2377 2984 2430 πεπονθότων
3018 2380 3285 2448 μαρτυρεῖ
3318 2394 3406 2448 μοι
3450 2376 3518 2429 τά
3561 2376 3741 2446 γράμ-

2170 2483 2334 2533 ματα.
2386 2467 2446 2518 El
2488 2466 2543 2519 δὲ
2590 2467 2653 2518 σὺ
2707 2467 2804 2537 μὲν
2842 2467 3213 2538 ἀφθονώτερος
3243 2463 3293 2520 al
3330 2468 3427 2538 τὴν
3457 2467 3659 2536 φιλίαν.
3706 2468 3740 2537 ἡ

2166 2573 2250 2620 τις
2275 2556 2340 2609 ἂν
2365 2556 2576 2622 εύξοιτο
2605 2558 2739 2626 (55),
2771 2557 2882 2626 ἐγὼ
2918 2557 2974 2610 δέ
3027 2559 3155 2628 περὶ
3203 2558 3302 2622 τὰς
3349 2559 3594 2629 αἰτήσεις
3635 2558 3742 2610 δει-

2166 2647 2402 2717 λότερος.
2451 2648 2521 2700 Σὺ
2567 2648 2666 2718 μὲν
2713 2648 2802 2718 ἔχε
2843 2648 2910 2702 τά
2959 2649 3151 2718 πρῶτα
3190 2649 3287 2718 τῆς
3335 2649 3565 2718 ἀρετῆς·
3617 2646 3742 2717 ἐμοὶ

2166 2739 2223 2791 δὲ
2259 2738 2554 2809 συγγνώμη
2591 2739 2651 2792 τὸ
2682 2738 2934 2811 φορτικὸν
2965 2739 3248 2808 φεύγοντι,
3283 2740 3472 2810 ἐπειδὴ
3510 2740 3616 2792 πᾶν
3647 2740 3742 2808 μέ-

2167 2847 2294 2901 τρον
2323 2831 2542 2900 ἄριστον
2570 2830 2682 2900 (54)
2716 2826 2856 2882 οἶδεν
2881 2832 2910 2883 ὀ
2949 2830 3042 2882 τού
3078 2829 3243 2898 σοφοῦ
3277 2830 3453 2898 λόγος.
3491 2831 3636 2901 Πλὴν
3663 2829 3744 2898 τῷ

2166 2920 2286 2990 Θεῷ
2321 2920 2498 2990 χάρις,
2539 2921 2622 2974 ὅτι
2665 2936 2746 2972 σοι
2793 2919 2855 2972 τὸ
2898 2914 2956 2972 εὖ
2988 2922 3160 2972 ποιεῖν
3204 2921 3553 2991 ἐνεχείρισεν,
3599 2918 3742 2972 οὕτω

2167 3012 2341 3065 κοινὸν
2369 3013 2666 3080 ἐπιστήσας
2713 3013 2845 3082 ἡμῖν
2878 3011 3172 3080 εὐεργέτην
3213 3028 3271 3064 τε
3318 3011 3430 3081 (55)
3479 3012 3574 3065 κα)¹
3618 3027 3743 3063 συν-

2166 3102 2422 3173 άρχοντα.
2465 3101 2622 3153 Ἐπεὶ
2674 3100 2768 3154 καὶ
2808 3100 2903 3152 νῦν
2951 3100 3241 3171 ἐγχειρίζω
3282 3117 3364 3154 σοι
3409 3101 3496 3153 διὰ
3540 3101 3743 3170 ταύτης

2170 3205 2271 3259 μου
2319 3189 2418 3260 τῆς
2471 3188 2798 3258 ἐπιστολῆς,
2842 3189 2935 3242 τὸν
2979 3189 3205 3258 ἀδελφὸν
3247 3192 3341 3244 καὶ
3401 3190 3746 3244 συνδιάκονον

494 3281 606 3346 ris,
639 3294 1096 3349 communemque
1132 3279 1536 3334 benefactoreni
1557 3316 1573 3340 ,
1606 3275 1927 3346 imperiique
1975 3289 2062 3330 so-

2169 3255 2324 3349 ἧμῶν
2369 3255 2673 3350 Ῠεώργιον,
2722 3255 2898 3348 ⁷ἄνδρα
2941 3280 3048 3332 τῶν
3095 3255 3388 3352 ἐνξαιρέτων
3422 3279 3534 3350 (56)
3576 3281 3738 3350 ἡμῖν,

492 3369 636 3427 cium
679 3371 838 3425 nobis
880 3369 1142 3440 praefecit.
1187 3371 1268 3424 Ac
1318 3377 1607 3439 propterea
1656 3383 1801 3421 nunc
1849 3380 2065 3436 quoque

494 3475 592 3528 per
624 3459 765 3513 hanc
796 3474 970 3514 meam
1002 3460 1290 3530 epistolam
1319 3457 1547 3513 fratrem
1575 3471 1637 3510 ac
1664 3457 2062 3510 condiaconum

497 3558 746 3604 nostrum
778 3550 1071 3621 Georgium
1103 3550 1200 3606 tibi
1237 3549 1413 3612 trado,
1450 3550 1628 3603 virum
1667 3557 1723 3603 ct
1759 3547 1916 3603 nobis
1949 3547 2065 3602 exi-

499 3640 669 3694 mium
720 3655 784 3694 ac
833 3643 1126 3705 sclectum,
1180 3648 1234 3695 et
1286 3639 1543 3694 Ecclesiae
1597 3653 1810 3694 summe
1847 3639 2062 3704 utilem,
2102 3655 2304 3710 rogans
2337 3649 2396 3694 ut
2447 3642 2500 3694 in
2556 3641 2625 3696 iis
2661 3642 2862 3706 rebus,

2171 3370 2266 3421 καὶ
2318 3371 2384 3438 τῇ
2441 3367 2739 3440 Ἐκκλησία
2791 3368 3233 3440 χρησιμώτατον,
3292 3369 3458 3434 ἀξιῶν
3510 3368 3744 3439 θάρσους

2171 3459 2333 3512 αὐτὸν
2367 3462 2544 3530 τυχεῖν
2572 3458 2683 3528 (57)
2718 3461 2775 3512 ἐν
2806 3456 2887 3522 οἷς
2921 3460 3058 3530 πρός
3100 3478 3250 3525 τινας
3282 3460 3614 3530 διαφέρεται,
3649 3457 3746 3509 καὶ

2173 3550 2250 3620 μὴ
2286 3550 2733 3620 συναρπασθῆναι
2762 3553 2829 3621 τῇ
2862 3551 3156 3621 τυραννίδι.

2937 3643 2990 3696 in
3042 3642 3242 3712 quibus
3296 3656 3418 3694 cum
3468 3638 3745 3693 nonnullis

499 3733 800 3798 contendit,
835 3733 1083 3788 ﬁduciam
1115 3735 1378 3798 obtineat,
1411 3749 1514 3789 nec
1558 3733 1745 3802 iniqua
1774 3740 1828 3787 ct
1864 3733 2154 3802 tyrannica
2185 3735 2428 3803 potentia
2461 3734 2645 3801 abripi
2683 3733 2902 3788 sinatur

1011 3888 1139 3945 CLI.
1180 3885 1545 3944 NECTARIO.

2596 3888 2770 3942 PNA'.
2813 3890 2859 3941 Ν
2865 3889 3162 3958 ΕΚΤΛΡΙῼ
3200 3887 3334 3957 (58).

709 4021 1023 4076 Neoterium
1052 4030 1202 4093 rogat
1235 4031 1291 4075 ut
1329 4019 1609 4091 Georgium
1637 4019 1798 4074 variis
1829 4019 2228 4075 calamitatibus
2263 4022 2512 4092 afﬂictum
2538 4023 2946 4078 domesticorum
2988 4023 3168 4077 comiti
3192 4022 3531 4076 commendet.

569 4177 834 4234 Praeclare
857 4178 1010 4232 multi
1033 4177 1100 4232 de
1121 4185 1304 4232 mente
1324 4185 1416 4231 tua
1441 4176 1814 4245 conjecturam
1843 4175 2070 4240 faciunt;

501 4269 612 4324 imo
635 4269 815 4339 potius
845 4285 952 4324 non
981 4269 1356 4338 conjecturam
1387 4267 1619 4330 ducunt,
1653 4267 1745 4320 sed
1777 4266 1937 4321 nobis
1957 4267 2074 4336 glo-

2251 4181 2442 4245 Καλῶς
2491 4185 2538 4237 οί
2584 4183 2767 4236 πολλοὶ
2805 4182 3155 4253 στοχάζονται
3199 4184 3309 4254 (59)
3357 4186 3456 4253 τῆς
3502 4182 3599 4252 σῆς
3634 4181 3748 4236 δια-

2177 4271 2354 4334 νοίαςο
2391 4273 2589 4342 μᾶλλον
2619 4273 2674 4326 δὲ
2710 4273 2811 4326 οὐκ
2851 4271 3179 4336 εἰκάζουσιν,
3217 4272 3333 4326 ἀλλ’
3374 4274 3504 4342 ἡμῖν
3547 4270 3748 4339 φιλοτι-

576 4492 688 4562 (49)
722 4493 918 4545 Τύπον
943 4490 1307 4558 ληψόμενος.
1353 4489 1475 4562 BiII.
1525 4493 1601 4544 Ae
1647 4492 1710 4544 de
1725 4493 1946 4546 hominis
1978 4491 2066 4545 ob-

2244 4487 2352 4562 (54)
2394 4486 2521 4562 Πᾶν
2542 4487 2761 4562 μέτρον
2810 4488 3076 4556 ἄριστον.
3118 4485 3364 4540 Combef.
3409 4502 3420 4536 :
3479 4480 3744 4550 Quidquid

505 4564 618 4616 triti
650 4560 755 4614 vita
787 4563 1014 4626 [armant
1051 4571 1204 4628 atque
1238 4560 1529 4626 exemplum
1553 4563 1796 4628 accipiat.
1829 4563 2073 4616 Obscura

506 4647 733 4713 prorsus
770 4632 960 4713 versio.
987 4647 1000 4682 :
1027 4630 1245 4713 ¹ςειξιιύυι·
1260 4640 1429 4713 "certe
1473 4632 1518 4684 si
1553 4645 1646 4709 per
1676 4646 1871 4713 .vo-cein
1907 4631 2075 4692 τύπος

509 4698 902 4769 intelligeretur
944 4698 1227 4767 judicium.
1260 4698 1441 4762 Τύπος
1483 4698 1626 4753 enim
1671 4701 1933 4763 judicium
1958 4709 2076 4753 erat

505 4786 616 4840 quo
659 4771 726 4840 iis
769 4769 1213 4840 interdicebatur_
1240 4769 1378 4830 foro,
1434 4771 1524 4838 qui
1550 4769 1914 4840 creditoribus
1945 4785 2075 4840 non

506 4837 653 4910 paria
679 4839 938 4910 facerent.
972 4838 1409 4910 et_quadrarent
1449 4837 1710 4894 rationes.
1743 4837 1876 4892 Vide
1929 4839 2067 4893 Con-

505 4906 730 4965 slantini
753 4909 962 4964 chicon
994 4906 1060 4960 ad
1096 4909 1313 4962 verbum
1350 4906 1535 4971 τύπος.

577 4981 688 5048 (50)
720 4981 866 5033 Alias
893 4976 1125 5032 CXXVI.
1157 4978 1367 5048 Scripta
1390 4979 1536 5048 circa
1570 4977 1709 5031 idem
1736 4985 1969 5048 tempus.

577 4985 665 5047 (50
720 4985 866 5033 Alias
893 4985 1125 5032 CXXVI.
1157 4985 1367 5048 Setipta
1390 4985 1536 5032 circa
1570 4985 1709 5031 idem
1736 4985 1969 5044 tempus.

577 4985 690 5118 (51)
725 5048 904 5102 Τοῦτο
931 5050 1268 5116 συμϐαίνει.
1306 5048 1443 5102 Cod.
1497 5047 1651 5102 Pass.
1692 5046 1851 5098 τοῦτο
1893 5044 2075 5115 συμὸἧ

502 5137 618 5174 νυν.

579 5187 689 5256 (59.)
731 5186 824 5240 Tol
853 5204 918 5256 γε
973 5187 1286 5252 πολλάκις.
1339 5183 1416 5240 Ita
1470 5185 1594 5240 cod.
1633 5195 1687 5240 et
1733 5184 1978 5242 Combcf.
2021 5184 2077 5239 In

505 5260 638 5314 edit.
664 5257 744 5310 τοί
769 5273 832 5325 γε
864 5257 1049 5312 πολλά.

579 5329 689 5394 (55)
742 5323 1164 5394 ’Ᾱφθονώτερος
1190 5323 1246 5380 εἷ
1270 5325 1386 5393 τὴν
1433 5327 1663 5393 φιλίαν,
1770 5341 1859 5387 τις
1883 5323 1959 5376 ἂν
1981 5326 2081 5406 εὖτ

581 5415 686 5447 ιτο.
722 5395 797 5447 Ita
841 5397 1000 5447 codd.
1043 5396 1173 5447 Rea.
1231 5394 1294 5447 Β.
1327 5403 1380 5447 et
1411 5394 1564 5447 Pass.
1607 5411 1670 5447 ac
1753 5393 1954 5447 ombef.
1985 5411 2077 5447 aut

507 5393 686 5462 ξοιτο.
722 5393 808 5450 Ita,
841 5397 1000 5450 Codd.
1043 5396 1173 5464 Reg.
1231 5394 1294 5448 Β.
1327 5403 1380 5449 et
1411 5394 1564 5464 Pass.
1599 5411 1670 5464 ac
1707 5393 1954 5448 Combef.
1985 5395 2077 5463 qui

508 5466 684 5521 reddit
709 5465 891 5530 :Quod
923 5468 968 5519 si
1001 5463 1314 5518 tuamicitiw
1329 5465 1525 5532 legibus
1546 5463 1819 5532 liberalior,
1843 5479 1896 5515 es
1923 5480 2080 5532 quam

511 5536 650 5588 ullus
697 5529 962 5601 op’averit.
993 5536 1226 5588 Montac.
1277 5541 1331 5584 et
1373 5529 1562 5602 Morel.
1611 5529 1994 5602 ἀφθονώτερος
2031 5529 2083 5585 εἷ

510 5605 608 5674 τὴν
653 5604 857 5674 φιλίαν.)
896 5607 979 5667 τὶς
1009 5605 1092 5657 ἄν.
1148 5605 1203 5657 In
1249 5602 1386 5674 edit.
1419 5600 1848 5674 ἀφθονώτεροςῆ
1881 5600 1963 5665 τὶς
1990 5603 2080 5674 *ἂν

513 5621 608 5726 ἓν
653 5621 852 5672 φιλιαν,
896 5621 979 5667 τις
1009 5621 1092 5657 αν.
1148 5621 1203 5657 In
1257 5621 1386 5656 eun.
1419 5621 1848 5674 αφυονωτεροςη
1881 5621 1963 5665 τις
2013 5621 2079 5655 αν

581 5671 749 5738 ξαιτο.
822 5672 991 5728 Vertit
1023 5681 1201 5726 autem
1249 5671 1368 5724 Bill.
1450 5670 1604 5733 Quod
1665 5675 1710 5726 si
1775 5680 1828 5724 tu
1874 5672 2079 5741 quidem

517 5746 745 5796 omnium
779 5753 898 5798 rota
944 5742 1264 5796 liberalitate
1301 5751 1390 5793 tua
1419 5755 1631 5806 superas

2176 4557 2535 4611 mediocritate
2565 4561 2814 4611 outimum
2851 4566 2948 4608 est.

2247 4627 2357 4696 (55)
2389 4617 2722 4696 Εὐεργέτην
2754 4643 2832 4677 τε.
2877 4625 2951 4696 Ita
2981 4623 3102 4696 cod.
3141 4621 3270 4696 ﬂag.
3297 4630 3364 4696 et
3408 4619 3650 4696 gontbef.
3685 4617 3742 4672 In

2175 4688 2302 4750 edit.
2338 4688 2398 4749 τέ
2433 4688 2606 4751 deest.
2645 4688 2786 4759 Mox,
2828 4694 2947 4745 ἐπεὶ
2985 4695 3078 4745 καὶ
3133 4688 3246 4746 νῦνξ
3295 4690 3369 4743 Ita
3408 4688 3540 4758 Reg.
3587 4689 3742 4742 I’ass.

2180 4766 2410 4820 Montac.
2440 4767 2558 4820 Bill.
2585 4779 2648 4817 ac
2667 4763 2912 4817 Combcf.
2952 4763 3005 4815 In
3029 4763 3156 4816 edit.
3182 4762 3272 4813 ἐπὶ
3297 4761 3389 4813 καὶ
3417 4760 3530 4810 νῦν.

2246 4836 2357 4905 (56)
2402 4834 2524 4905 Τιῖιν
2542 4831 2883 4905 ρξαιρᾴτων.
2917 4831 3052 4905 Cod.
3093 4830 3245 4905 Pass
3311 4831 3400 4905 τρν
3451 4828 3745 4905 ἐξαίρετον.

2249 4896 2359 4975 (57)
2414 4902 2613 4975 Ἄξιῷιή
2660 4896 2919 4975 ἆάρσους
2966 4901 3152 4975 αὑτὸν
3195 4899 3418 4975 τυχεῖν.
3471 4896 3590 4952 Bill.
3653 4896 3748 4949 Di-

2177 4971 2434 5044 gnumque
2461 4974 2551 5039 qui
2598 4974 2760 5044 initiis
2778 4973 2938 5044 rebus
2962 4971 3212 5044 ﬁduciam
3244 4971 3494 5044 obtineat.

2251 5040 2362 5112 (58)
2404 5046 2553 5097 Alias
2585 5040 2862 5096 CCXXVI.
2896 5043 3109 5113 scripta
3137 5041 3283 5113 circa
3317 5040 3486 5113 idem“
3513 5047 3745 5113 tempus.

2250 5105 2364 5183 (59)
2403 5113 2611 5178 Καλῶς
2641 5117 2693 5166 οι
2719 5112 2971 5184 πολλοὶ.
3002 5105 3408 5184 crematos-tat.
3431 5105 3750 5184 _Paro:mia—

2181 5176 2280 5237 cus
2309 5176 2562 5237 senarius
2589 5176 2695 5246 est,
2716 5182 2892 5250 inquit
2927 5176 3144 5243 Moreh,
3169 5179 3255 5232 cui
3299 5176 3490 5228 alludit
3523 5192 3534 5226 :

2285 5286 2509 5352 Μάντις
2532 5287 2582 5356 γ’
2609 5286 2853 5354 ἄριστος
2895 5286 3062 5351 ὅστις
3099 5281 3309 5342 εἰκάζει
3337 5280 3556 5345 καλῶς.

2183 5391 2287 5456 Qui
2317 5390 2442 5444 bene
2472 5390 2736 5457 conjiciet,
2780 5400 2948 5443 vatem
2991 5390 3128 5440 hunc
3159 5385 3423 5454 perhibeto
3461 5385 3712 5457 optimum
3733 5424 3748 5448 ,

2184 5455 2326 5530 apud
2357 5460 2427 5512 Μ.
2458 5455 2696 5513 Tullium
2751 5459 2803 5511 in
2825 5473 3003 5530 opere
3030 5457 3107 5530 De
3139 5457 3489 5530 divinatione,
3513 5455 3749 5530 “libum;

2185 5522 2327 5582 unde
2351 5543 2474 5581 mox
2515 5530 2715 5581 habent
2737 5522 2894 5582 codd:
2929 5528 3099 5581 nostri
3139 5526 3372 5580 Montac.
3416 5540 3479 5577 ac
3505 5522 3750 5578 Combcf.

2183 5600 2281 5651 ούκ
2312 5597 2638 5660 εἰκάζουσιν.
2671 5599 2724 5650 In
2765 5599 2898 5653 edit.
2930 5609 3108 5651 autem
3137 5599 3198 5649 ού
3231 5594 3596 5664 στοχάζονται.
3623 5591 3753 5648 Vide

2183 5667 2394 5723 Erasm.
2447 5670 2498 5721 in
2559 5667 2807 5736 Adagio:
2853 5667 3004 5719 I'ates
3057 5668 3279 5732 optimus
3328 5666 3416 5733 qui
3451 5664 3573 5718 bene
3626 5677 3754 5716 cou-

2177 5738 2297 5807 jicit
