4182 6414
446 454 510 507 73
1795 449 2129 509 EPISTULA
2175 451 2375 511 CLXV.
2469 408 2473 413 ί

3567 446 3675 504 ετξ

400 568 575 640 πέρας
615 566 749 639 εχει.
797 567 1271 640 ’Υπεχωρὴσαμεν
1314 569 1392 641 τῷ
1426 571 1636 643 φθόνῳ,
1669 571 1984 641 φιλοσοφοῦ-

2094 586 2186 626 res
2213 568 2429 631 reddas,
2463 574 2629 639 atque
2657 565 2725 621 ad
2761 564 3022 621 ulteriora
3061 578 3411 635 promoveas,
3474 567 3677 623 erube-

401 676 506 730 μεν
540 659 627 728 ἐφ’
661 660 898 729 ἡσυχίας
948 660 1027 729 τῷ
1061 660 1215 730 Θεῷ,
1269 660 1393 714 καθ’
1435 662 1583 733 ἡμᾶς
1624 663 1825 726 αὐτοὺς
1862 678 1993 731 συγ-

399 747 668 818 γινόμεθα
691 751 814 811 ταῖς
835 748 1022 819 εὐχαῖς
1042 788 1057 812 ,
1100 749 1209 802 τῶν
1253 753 1312 804 ὲν
1354 751 1505 823 μέσῳ
1538 752 1741 806 κλόνων
1770 755 1864 807 καὶ
1899 752 1990 806 θο-

401 835 587 907 ρύϐων
648 837 1097 909 ὴλευθερώμεθα.
1150 842 1225 893 Σὺ
1275 841 1330 893 δὲ
1382 843 1516 912 ἡμῖν
1563 843 1812 914 ἀνδρίζου
1841 884 1857 907 ,
1898 844 1992 898 καὶ

401 925 702 996 κραταιοῦ,
739 928 835 980 καὶ
867 928 1284 999 ὑπεραγωνίζου
1318 931 1418 1002 τῆς
1449 931 1679 1003 τριάδος
1717 933 1797 996 είς
1829 932 1991 985 δύνα-

404 1033 522 1086 μιν.
582 1018 693 1071 Καὶ
753 1021 782 1072 ὁ
811 1019 989 1090 πραῢς
1050 1020 1191 1073 ἔστω
1246 1022 1534 1092 μαχητὴς,
1599 1022 1630 1075 δ
1692 1023 1784 1076 καὶ
1841 1023 1990 1093 ἡμᾶς

402 1107 586 1179 ἑώρας
613 1108 724 1178 (60)
776 1109 1102 1175 ποιοῦντας’
1152 1113 1211 1165 οὐ
1245 1112 1353 1184 γὰρ
1386 1113 1645 1184 βούλομαι
1693 1114 1989 1186 κέρκωπας

407 1199 516 1269 μὲν
536 1201 863 1272 εὐδοκιμεῖν,
896 1204 1124 1274 ἠρεμεῖν
1148 1204 1207 1257 δὲ
1232 1203 1472 1269 λέοντας.
1498 1207 1610 1260 Καὶ
1632 1206 1790 1276 ἡμῶν
1818 1206 1989 1277 ὓπερ-

400 1290 567 1360 εύχου
632 1294 841 1365 σφόδρα
898 1295 1216 1366 καμνόντων
1243 1335 1260 1362 ,
1320 1297 1387 1349 ἶν’
1460 1298 1744 1369 εἰρηνικῆς
1805 1297 1986 1368 τύχοι-

402 1397 510 1448 μεν
534 1380 645 1452 (61)
678 1383 780 1453 τῆς
813 1384 992 1449 ἐξόδου
1017 1426 1032 1449 ,
1072 1386 1171 1457 ἤδη
1212 1386 1347 1459 πρὸς
1383 1386 1545 1440 τοῦτο
1573 1387 1815 1450 νεύοντες
1847 1386 1980 1458 (6‘2).

2090 672 2305 715 scemes
2330 658 2580 714 videlicet
2605 673 2713 713 non
2740 658 2877 712 tales
2918 672 3020 712 nos
3052 656 3521 727 prabere,quales
3551 673 3675 715 esse

2089 750 2395 806 arbitraris.
2443 750 2514 803 At
2572 756 2778 804 nostrae
2826 748 3048 819 quidem
3094 763 3185 804 res
3240 748 3402 801 finem
3446 748 3670 803 habent.

2090 840 2311 896 Invidiae
2353 840 2646 903 cessimus,
2694 838 2804 893 Deo
2849 838 3145 908 tranquille
3194 838 3668 920 philosophamur,

2089 933 2192 989 soli
2222 932 2493 1002 degimus,
2532 938 2697 1001 atque
2745 931 2798 983 in
2830 928 3089 999 precibus
3132 944 3439 993 versamur,
3480 931 3667 984 mundi

2095 1024 2416 1095 strepitibus
2458 1037 2525 1077 ac
2563 1021 2893 1078 tumultibus
2923 1020 3135 1075 liberati
3178 1035 3372 1075 sumus
3425 1018 3506 1074 Tu
3539 1037 3670 1076 vero

2094 1117 2328 1171 viriliter
2369 1130 2469 1185 age
2513 1122 2568 1169 et
2613 1112 2930 1168 confortare
2977 1112 3049 1171 ⁸⁹.
3096 1126 3163 1165 ac
3213 1126 3315 1181 pro
3359 1109 3665 1178 Trinitate,

2092 1216 2360 1280 quantum
2392 1208 2543 1261 vires
2577 1214 2687 1261 tua:
2716 1206 2915 1268 ferent,
2948 1203 3171 1275 dimica.
3201 1203 3266 1257 Et
3290 1204 3385 1273 qui
3414 1219 3670 1259 mansue-

2092 1306 2183 1353 tus
2223 1304 2332 1361 est,
2363 1311 2579 1367 pugnax
2615 1294 2729 1359 fiat,
2761 1293 3220 1364 quemadmodum
3250 1293 3414 1348 etiam
3456 1309 3562 1348 nos
3587 1292 3668 1347 fa-

2066 1403 2215 1463 .cere
2245 1388 2508 1442 videbas:
2539 1400 2718 1455 neque
2739 1384 2885 1439 enim
2916 1382 3049 1435 mihi
3077 1383 3276 1453 placet,
3313 1390 3372 1437 ut
3408 1382 3669 1438 simiillo-

398 1481 563 1527 reant
600 1475 956 1545 celebresque
977 1478 1108 1544 sint,
1144 1479 1328 1533 leones
1366 1488 1547 1534 autem
1579 1479 1888 1548 quiescant.
1922 1478 1999 1532 Ac
2037 1495 2137 1549 pro
2167 1480 2350 1542 nobis,
2384 1476 2479 1548 qui
2538 1475 2754 1546 magnis
2794 1473 3057 1529 aerumnis
3135 1473 3457 1543 premimur,
3496 1471 3667 1529 Deum

398 1581 654 1635 precare,
692 1574 752 1620 ut
808 1577 1060 1637 pacatum
1106 1585 1137 1624 e
1186 1570 1295 1624 vita
1334 1570 1668 1637 discessum,
1706 1570 1772 1624 ad
1821 1585 1983 1641 quem
2019 1570 2132 1640 jam
2163 1571 2462 1642 vergimus,
2487 1582 2905 1639 consequamur.

865 1683 1031 1738 Ρεεσ.
1062 1685 1150 1755 τῃ
1179 1684 1363 1755 arm
1394 1685 1530 1756 (63).

2634 1682 2844 1738 CLXV.
2889 1682 3114 1737 ElllEM.

398 1797 538 1852 Cum
571 1802 750 1854 nescio
768 1802 1132 1875 quid‘molesti
1171 1801 1443 1875 Timotheo
1474 1805 1804 1875 contigisset.
1836 1804 2116 1875 nimioque,
2145 1802 2486 1875 cum_dolore
2511 1801 2711 1875 factum
2754 1800 3034 1875 accepisset
3074 1796 3380 1875 Gregorius,
3411 1796 3553 1852 datis
3596 1795 3665 1852 ad

862 1872 1014 1926 illum
1053 1872 1268 1940 litteris,
1315 1875 1489 1928 amica
1519 1870 1682 1928 sim'ul
1707 1884 1757 1928 et
1784 1875 1899 1928 acri
1930 1870 2169 1929 nonnihil
2200 1870 2591 1944 objurgatione,
2617 1872 2853 1924 animum
2877 1870 2989 1933 eius
3022 1872 3207 1924 erexit.

470 1982 822 2055 Πυνθάνομαι
856 1987 916 2040 σὲ
962 1986 1103 2057 πρὸς
1138 1987 1200 2041 τὺ
1231 1988 1404 2052 πάθος
1445 1989 1791 2059 ἀφιλοσόφως
1818 1988 1984 2060 ἔχειν,

2160 1989 2237 2042 Te
2254 1986 2622 2043 calamitatem
2654 1986 2879 2041 minime
2910 1985 3292 2056 philosOphico
3321 1984 3505 2038 animo
3526 1983 3667 2040 ferre

397 2075 499 2127 καὶ
527 2075 628 2128 οὐκ
671 2075 909 2147 ἐπῄνεσα
930 2094 945 2109 ·
989 2078 1071 2132 δεῖ
1099 2078 1209 2151 γὰρ
1252 2080 1460 2153 τάληθῆ
1504 2082 1739 2153 γράφειν
1762 2121 1778 2148 ,
1806 2082 1985 2146 ἄλλως

395 2186 462 2223 τε
514 2170 607 2222 καὶ
650 2169 785 2242 πρὸς
813 2169 983 2242 ἄνδρα
1019 2171 1202 2240 φίλον,
1255 2166 1350 2225 καὶ
1381 2172 1787 2241 καλοκαγαθίας
1821 2189 1987 2244 μετα-

395 2260 743 2330 ποιούμενον.
781 2263 930 2332 Ἕχω
979 2262 1089 2334 γὰρ
1142 2261 1287 2317 οὕτω
1332 2264 1459 2334 περὶ
1504 2264 1750 2329 τούτων,
1792 2263 1870 2328 ὥς
1920 2280 1984 2332 γε

400 2351 640 2421 ἐμαυτὸν
679 2351 852 2405 πείθω
875 2391 892 2415 ,
921 2353 1017 2407 καὶ
1061 2353 1181 2407 λίαν
1215 2352 1327 2424 (64)
1366 2338 1564 2426 ὀρθῶς.
1599 2354 1739 2409 Uti-cs
1770 2355 1832 2408 τὸ
1864 2353 1984 2407 λίαν

399 2442 611 2505 ἀπαθὲς
658 2443 897 2507 ἐπαινῶ,
938 2442 1064 2497 οὔτε
1108 2443 1172 2498 τὸ
1222 2444 1363 2513 ἄγαν
1416 2446 1740 2518 περιπαθὲς.
1777 2446 1851 2499 Τὸ
1885 2445 1984 2515 μὲν

402 2531 513 2604 γὰρ
566 2531 966 2607 ἀπάνθρωπον,
1009 2534 1071 2587 τὸ
1128 2534 1186 2587 δὲ
1237 2534 1564 2605 ἀφιλόσοφον
1617 2534 1754 2605 (65).
1823 2534 1985 2588 Ἀλλά

399 2623 485 2675 δεῖ
523 2622 622 2693 τὴν
673 2624 848 2695 μέσην
896 2623 1176 2693 βαδίζοντα
1198 2662 1216 2689 ,
1265 2624 1373 2679 τῶν
1420 2626 1518 2696 μὲν
1567 2624 1708 2693 ἄγαν
1740 2625 1984 2697 ἀσχέτων

402 2712 834 2785 φιλοσοφώτερον
855 2713 966 2785 (66)
995 2713 1299 2784 φαίνεσθαι.
1331 2714 1440 2769 τῶν
1460 2715 1519 2768 δὲ
1547 2715 1981 2786 φιλοσοφούντων

401 2802 658 2875 ἀμέτρως
695 2804 1178 2877 ἀνθρωπινώτερον
1236 2804 1369 2877 (67).
1427 2807 1539 2861 Kal.
1588 2808 1638 2861 εί
1696 2808 1795 2878 μὲν
1847 2808 1983 2880 πρὸς

403 2894 562 2948 ἄλλον
611 2894 737 2949 τινὰ
791 2895 1133 2961 ἐπέστελλον,
1180 2897 1312 2961 ἴσως
1367 2896 1433 2951 ἄν
1490 2914 1583 2968 μοι
1628 2899 1985 2971 μακροτέρων

403 2986 592 3058 ἐδέησε
641 2986 837 3055 λόγων,
888 2987 986 3041 καὶ
1032 2987 1101 3042 τά
1150 2988 1248 3059 μὲν
1293 2990 1600 3060 συμπαθεῖν
1644 2988 1775 3056 ἔδει,
1800 2992 1871 3044 τά
1924 2990 1983 3044 δὲ

406 3077 755 3148 παραινέσαι,
776 3078 844 3131 τά
874 3077 932 3132 δὲ
960 3079 1092 3143 ἴσως
1139 3079 1487 3151 ἐπιτιμῆσαι.
1537 3081 1611 3135 Τό
1628 3097 1687 3134 τε
1712 3080 1822 3153 γὰρ
1857 3098 1984 3135 συνο

405 3166 606 3235 αλγεῖν,
640 3168 824 3223 ἱκανὸν
863 3169 944 3233 εἰς
977 3169 1351 3240 παραμυθίαν,
1382 3171 1478 3224 καὶ.
1507 3171 1678 3224 δεῖται
1711 3170 1770 3224 τὸ
1800 3173 1984 3243 ἀρρω-

407 3254 565 3309 ποῦν
617 3256 719 3326 τῆς
771 3257 835 3309 ὲκ
859 3256 954 3310 τοῦ
987 3258 1324 3326 ὑγιαίνοντος
1366 3258 1682 3331 θεραπείας.
1734 3261 1888 3314 Ἐπεὶ
1922 3261 1979 3315 δὲ

405 3345 541 3415 πρὸς
587 3325 758 3418 ἄνδρα
812 3325 1241 3419 πεπαιδευμένον
1291 3325 1551 3422 ποιονέμαι
1598 3352 1727 3416 τοὺς
1762 3352 1976 3422 λόγους.
2007 3325 2048 3383 C

403 3436 566 3507 ἀρκεῖ
580 3436 835 3491 τοσοῦτον
849 3439 1044 3491 εἰπεῖν·
1062 3438 1226 3494 Γενοῦ
1252 3441 1482 3495 σεαυτοῦ
1500 3441 1718 3496 καὶτῶν
1761 3441 1980 3512 βίϐλων,

403 3522 492 3590 αἷς
516 3527 928 3599 καθωμίλησας,
958 3531 1017 3584 ὲν
1042 3527 1134 3595 αἷς
1154 3530 1341 3584 πολλοὶ
1376 3532 1475 3603 μὲν
1512 3532 1646 3602 βίοι,
1697 3532 1883 3587 πολλοὶ
1926 3534 1984 3587 δὲ

402 3622 613 3689 τρόποι,
644 3621 836 3676 πολλαὶ
860 3623 918 3675 δὲ
940 3623 1129 3694 ἡδοναὶ
1148 3623 1243 3677 καὶ
1284 3624 1556 3695 λειότητες
1608 3626 1716 3697 (68)
1745 3642 1757 3654 ’
1793 3626 1983 3680 πολλαὶ

403 3709 479 3767 δὲ.
520 3710 597 3773 ὡς
643 3711 705 3764 τὸ
737 3712 906 3776 εἰκὸς,
943 3715 1222 3784 συμφοραὶ
1256 3715 1352 3768 καὶ
1395 3714 1754 3787 τραχύτητες.
1787 3715 1982 3769 Πλέκει

402 3802 460 3854 δὲ
490 3802 673 3857 ταῦτα
709 3802 776 3856 δι’
808 3803 1055 3875 ἀλλήλων
1091 3808 1121 3859 ό
1153 3805 1284 3870 Θεός
1305 3822 1320 3837 ·
1355 3806 1479 3877 ἐμοὶ
1514 3807 1682 3871 δοκεῖ,
1714 3807 1801 3861 ἵνα
1847 3808 1982 3878 μηδὲ

402 3893 464 3946 τὸ
501 3893 704 3948 λυποῦν
744 3894 1114 3968 ἀθεράπευτον
1143 3891 1199 3971 ᾖ,
1230 3896 1366 3969 μηδὲ
1403 3896 1465 3950 τὸ
1499 3898 1790 3970 εὐφραῖνον
1814 3900 1982 3953 ἀπαι-

400 3985 750 4056 δαγὼγητον,
793 3988 905 4051 καὶ,
930 3987 1019 4041 ἵνα
1046 3987 1107 4041 τὸ
1137 3990 1194 4042 ὲν
1220 3988 1432 4053 τούτοις
1463 3991 1696 4046 ἄστατον
1721 3992 1817 4045 καὶ
1839 3992 1981 4046 ἀνώ-

407 4074 574 4143 μαλον
631 4073 985 4145 θεωροῦντες,
1038 4076 1175 4148 πρὸς
1224 4075 1386 4130 com
1452 4078 1611 4149 μόνον
1669 4078 1977 4152 βλέπωμεν.

403 4162 585 4217 Ταῦτα
645 4160 738 4218 οὖν
788 4164 976 4237 ὥσπερ
1026 4166 1225 4220 κανόνα
1266 4170 1360 4221 καὶ
1410 4166 1667 4237 γνώμονα
1708 4170 1983 4242 προσάγο-

404 4270 504 4325 μεν
538 4253 650 4324 (69)
682 4253 761 4325 σῷ
816 4256 999 4309 πάθει.
1053 4257 1163 4311 Καὶ
1197 4258 1247 4310 εί
1292 4257 1393 4327 μὲν
1418 4258 1813 4329 ἑπαινούμενόν
1860 4277 1980 4314 τινα

400 4344 574 4414 ἔγνως
594 4347 705 4400 τῶν
736 4346 854 4401 λίαν
878 4348 1261 4401 ὑποπεσόντων
1298 4350 1411 4412 τοῖς
1439 4348 1729 4419 ἀλγεινοῖς,
1760 4352 1794 4423 ἦ
1826 4368 1880 4404 τι
1901 4350 1981 4422 τῷ

400 4438 586 4506 ἀλγεῖν
602 4438 1023 4510 κατορθώσαντα
1059 4439 1192 4510 (70),
1227 4441 1343 4512 χρῶ
1372 4440 1453 4512 τῷ
1478 4440 1740 4495 λυποῦντι
1765 4442 1979 4496 καὶτοῦ

402 4529 632 4595 πένθους
688 4530 929 4585 ἀπόλαυε
1006 4531 1122 4602 (71)
1189 4532 1385 4603 (οὐδεὶς
1440 4532 1634 4602 φθόνος
1693 4537 1981 4606 συμφορᾶς

472 4669 516 4701 ⁸³
546 4668 691 4724 Psal.
723 4684 852 4733 xxx,
878 4668 969 4723 25.

478 4782 589 4851 (60)
638 4781 814 4851 Ἠμᾶς
841 4782 1047 4851 ἐώρας.
1088 4781 1222 4837 Cod.
1258 4791 1312 4838 et
1348 4782 1596 4838 Combef.
1642 4782 1788 4853 ἡμᾶς
1822 4782 1972 4853 ὁρᾷς.

476 4853 585 4921 (61)
646 4856 953 4921 Τύχοιμεν.
1021 4852 1098 4906 Ita
1157 4854 1330 4909 codex
1378 4863 1434 4908 et
1472 4852 1855 4908 Combelisius.
1915 4854 1973 4906 In

402 4920 574 4978 editis,
592 4920 864 4991 τύχωμεν.

474 4990 589 5114 (62)
625 4989 938 5074 Nepos-rec.
970 4990 1045 5045 lta
1072 4991 1227 5047 codd.
1263 4989 1423 5062 Reg.,
1461 4989 1617 5048 Pass.
1648 4990 1703 5057 2,
1726 5000 1781 5048 et
1809 4991 1972 5048 Com-

497 5101 508 5112 .
549 5060 604 5113 In
638 5062 769 5115 etltt.
800 5079 1074 5115 νευοντας.

402 5063 508 5119 bef.
549 5063 604 5113 In
638 5063 769 5115 etlil.
800 5063 1074 5125 νεύοντας.

434 5201 447 5212 ο
473 5130 584 5200 (65)
625 5132 792 5212 Alias;
822 5130 1174 5212 (;_L.\;‘XXIX-..
1204 5130 1418 5212 Scripta
1440 5131 1606 5212 patilo
1637 5140 1765 5212 post
1811 5147 1972 5212 supe-

403 5201 627 5272 riorem.
695 5200 890 5272 —Cod.
935 5200 1096 5270 Reg.,
1130 5200 1371 5272 Montac.
1403 5209 1457 5253 et
1486 5200 1674 5272 Morel.
1723 5200 1973 5272 Τιμοθέῳ

406 5270 499 5322 καὶ
530 5269 845 5342 Στρατηγίῳ
880 5269 1127 5342 σοφιστῇ.
1162 5271 1296 5325 Cod.
1335 5269 1683 5342 Στρατειρίῳ.
1720 5269 1852 5325 Cod.
1901 5269 1967 5325 Κ.

404 5345 460 5391 et
490 5337 729 5393 Combef.
760 5341 1119 5393 Στοαγειοὶω.

490 5357 729 5393 wnioer.
761 5357 1051 5412 ιιτραγειρι
1105 5381 1119 5394 .

476 5406 585 5490 (ﬁt)
627 5409 731 5474 Ὠς
757 5428 825 5490 χε
858 5359 1124 5490 empty?
1155 5409 1358 5490 πείθω,
1389 5407 1489 5462 καὶ
1525 5411 1713 5490 μίαν..
1742 5408 1820 5463 Ita
1843 5409 1966 5490 cod.

398 5475 625 5599 ἲὲαξέοε.
660 5494 725 5533 ac
751 5475 1002 5537 Combef.
1047 5481 1107 5535 ln
1137 5480 1270 5535 edit.
1304 5477 1380 5543 ὦς
1408 5495 1472 5547 γε
1520 5480 1757 5551 ἐμαυτὸν
1797 5480 1970 5533 πείθω

472 5615 585 5686 (65)
636 5616 1063 5690 ’Δςριλόσοφον.
1110 5617 1189 5675 ita
1229 5618 1388 5675 codd.
1440 5616 1575 5690 Reg.
1617 5618 1675 5674 Β.
1716 5621 1769 5682 5.
1805 5629 1860 5675 et
1904 5620 1970 5677 R.

401 5681 662 5749 Romae,
701 5681 897 5743 Morel.
923 5681 988 5745 ct
1030 5691 1300 5754 Combef.,
1344 5681 1548 5759 sicque
1581 5690 1709 5761 legit
1745 5681 1863 5745 Bill.
1916 5691 1973 5747 In

398 5757 464 5808 ed
472 5757 506 5826 it
515 5790 530 5806 .
541 5773 576 5826 φ
584 5755 849 5826 ιλόσοφον.

473 5798 1152 5899 (66)”“ἷιῖδένοφώτερον.
1212 5829 1459 5886 Combcf.
1528 5849 1542 5886 :
1596 5826 1794 5898 Majori
1850 5847 1973 5886 con-

2007 4668 2054 4725 D

2088 2080 2274 2143 audio,
2303 2094 2406 2133 nec
2442 2077 2606 2133 laudo
2633 2092 2648 2130 :
2678 2092 2805 2132 vera
2822 2077 2967 2130 enim
3000 2076 3244 2131 scribere
3260 2080 3497 2145 oportet,
3529 2087 3668 2143 prte-

2087 2172 2275 2225 sertim
2312 2171 2378 2226 ad
2417 2171 2694 2226 hominem
2729 2170 2992 2234 amicum,
3025 2184 3091 2224 ac
3137 2168 3428 2237 probitatis
3462 2174 3517 2221 et
3567 2165 3667 2223 bo-

2089 2263 2321 2317 nestatis
2361 2262 2696 2318 studiosum.
2735 2261 2809 2317 De
2837 2261 2926 2317 his
2958 2260 3103 2315 enim
3146 2260 3311 2315 rebus
3345 2260 3427 2314 sic
3464 2260 3665 2326 sentio,

2084 2361 2140 2407 et
2195 2352 2436 2422 quidem,
2489 2362 2548 2407 ut
2601 2353 2732 2406 Inibi
2785 2353 3114 2423 persuadeo,
3175 2350 3503 2405 rectissime.
3552 2349 3666 2407 Nec

2084 2444 2233 2498 enim
2257 2445 2481 2498 nimiam
2512 2444 2871 2499 indolentiam
2902 2444 3095 2513 probo,
3126 2458 3226 2497 nec
3250 2443 3475 2495 nimiam
3510 2441 3669 2496 dolo-

2086 2532 2165 2585 ris
2200 2532 2577 2586 acerbitatem.
2620 2531 2760 2586 lllud
2794 2531 2941 2586 enim
2974 2531 3336 2584 inhumanum
3360 2536 3465 2592 est,
3503 2529 3608 2583 hoc
3632 2544 3669 2582 a

2086 2621 2412 2692 philos0pho
2463 2621 2727 2677 alienum.
2791 2619 2995 2675 Verum
3043 2620 3283 2675 medimn
3341 2618 3415 2672 ita
3479 2628 3667 2674 tenere

2085 2713 2340 2767 convenit
2378 2712 2534 2783 137
2568 2719 2626 2765 ut
2659 2720 2714 2767 et
2750 2713 2840 2778 iis,
2872 2712 2964 2782 qui
2999 2711 3165 2766 nimis
3185 2709 3450 2765 ellrenato
3478 2710 3668 2764 dolore

2085 2805 2394 2875 praecipites
2435 2812 2696 2875 aguntur,
2748 2804 3114 2874 sapientiores
3155 2818 3257 2858 nos
3303 2802 3665 2872 praebeamus,

2084 2906 2139 2952 et
2175 2897 2244 2951 iis
2284 2897 2378 2967 qui
2422 2896 2714 2951 immodice
2753 2894 3238 2966 philosOphantur,
3285 2892 3662 2949 humaniores.

2082 2989 2162 3042 Ac
2190 2988 2235 3043 si
2266 2987 2487 3057 quidem
2520 2986 2590 3041 ad
2630 2987 2800 3041 alium
2844 2987 3137 3057 quemdam
3187 2987 3510 3049 scriberem,
3545 2985 3670 3039 lon-

2082 3078 2219 3149 giori
2249 3076 2489 3133 fortasse
2517 3078 2764 3133 oratione
2786 3092 2928 3148 opus
2951 3077 3291 3139 habuissem,
3314 3091 3509 3147 meque
3539 3090 3663 3145 par-

2082 3169 2178 3223 tim
2235 3168 2410 3223 vicem
2464 3178 2612 3222 tuam
2659 3168 2866 3232 dolere,
2918 3168 3116 3238 partim
3161 3181 3408 3241 mouere,
3466 3165 3667 3235 partim

2082 3261 2246 3315 etiam
2280 3261 2576 3330 objurgare
2604 3259 2965 3329 oportuisset.
2995 3256 3129 3311 Nam
3156 3264 3211 3312 et
3253 3254 3669 3311 commiseratio

2085 3366 2335 3422 magnam
2382 3351 2451 3405 ad
2506 3349 2793 3405 levandum
2840 3348 3084 3404 dolorem
3118 3348 3225 3401 vim
3255 3348 3453 3412 habet;
3488 3353 3543 3400 et
3571 3343 3665 3415 qui

2083 3457 2229 3512 aeger
2252 3450 2356 3505 est,
2398 3443 2520 3511 ejus
2554 3442 2650 3512 qui
2684 3442 2910 3510 integra
2936 3439 3252 3494 valetudine
3292 3439 3464 3493 utitur
3494 3437 3668 3492 medi-

2084 3550 2202 3591 cam
2245 3550 2468 3588 manum
2515 3532 2766 3603 requirit.
2806 3529 3093 3597 Quoniam
3125 3538 3308 3583 autem
3359 3526 3491 3583 mihi
3539 3541 3667 3582 cum

2082 3628 2300 3683 erudito
2331 3627 2451 3681 viro
2482 3640 2665 3681 sermo
2698 3630 2805 3687 est,
2839 3623 2955 3677 haec
2980 3620 3168 3676 dicere
3193 3621 3429 3677 subiciet
3462 3636 3477 3675 :
3506 3618 3586 3672 Ad
3611 3628 3667 3673 te

2084 3721 2221 3786 redi,
2253 3727 2417 3790 atque
2447 3718 2514 3773 ad
2543 3734 2638 3774 eos
2669 3717 2860 3782 libros,
2893 3730 3035 3786 quos
3064 3713 3367 3769 familiares
3398 3711 3662 3775 habuisti,

2084 3814 2138 3867 in
2172 3812 2375 3883 quibus
2412 3818 2467 3866 et
2497 3810 2685 3864 multa;
2715 3808 2840 3862 vita:
2872 3816 3023 3870 sunt,
3056 3811 3111 3861 et
3143 3805 3297 3859 multi
3330 3803 3456 3857 vitae
3490 3800 3662 3865 modi.

2083 3912 2136 3957 et
2161 3904 2342 3957 multa:
2371 3886 2679 3971 voluptates
2702 3908 2757 3954 et
2786 3899 3039 3953 lenitates
3072 3916 3086 3952 :
3113 3895 3269 3951 multi
3301 3910 3449 3958 vero,
3484 3902 3544 3948 ut
3568 3909 3664 3963 par

2082 4002 2188 4058 est,
2234 3993 2446 4048 adversi
2493 4006 2659 4048 casus
2711 3999 2767 4047 et
2798 3991 3151 4060 asperitates.
3188 3987 3335 4043 Deus
3368 3987 3513 4042 enim
3546 3986 3664 4041 haec

2082 4087 2187 4140 alia
2223 4084 2348 4139 aliis
2380 4086 2550 4139 nectit
2582 4099 2596 4136 :
2626 4082 2699 4136 ob
2742 4080 2795 4136 id
2840 4081 3075 4144 scilicet,
3107 4095 3230 4135 meo
3261 4077 3484 4149 quidem
3508 4078 3664 4148 judi-

2082 4178 2189 4241 cio,
2218 4184 2278 4231 ut
2320 4191 2422 4231 nec
2452 4189 2658 4228 maeror
2683 4172 2952 4227 medicina
2978 4181 3190 4234 careat,
3223 4186 3323 4225 nec
3357 4170 3543 4224 ltetitia
3568 4185 3665 4224 ex-

2083 4286 2207 4341 pers
2236 4267 2542 4338 disciplinae
2566 4266 2677 4332 sit;
2715 4272 2901 4335 atque,
2935 4271 2996 4317 ut
3027 4261 3452 4318 inconstantiam
3486 4270 3540 4316 et
3565 4275 3662 4315 va-

2084 4361 2355 4425 rietatem,
2400 4374 2523 4430 qnze
2567 4358 2620 4412 in
2670 4357 2758 4413 his
2807 4356 2972 4412 rebus
3029 4364 3109 4411 est
3140 4394 3156 4420 ,
3204 4354 3659 4431 contemplantes,

2082 4452 2273 4504 oculos
2324 4448 2379 4502 in
2423 4462 2549 4502 eum
2587 4446 2971 4516 conjiciatnus.
3020 4443 3146 4500 Haec
3193 4445 3361 4513 igitur
3399 4451 3662 4514 tanquam

2084 4553 2333 4593 normam
2369 4552 2433 4592 ac
2457 4538 2726 4609 regulam,
2764 4545 2858 4591 tuo
2885 4534 3060 4591 dolori
3097 4534 3476 4589 admovemus.
3506 4533 3583 4588 Ac
3612 4533 3661 4589 si

2082 4788 2282 4842 stantia
2328 4803 2391 4841 ac
2432 4787 2685 4857 firmitate
2709 4786 2981 4857 prarditos.
3015 4786 3149 4842 Cod.
3194 4784 3326 4857 Reg.
3364 4773 3660 4855 epiloo'oedi-

2080 4874 2262 4911 τατον.

2154 4926 2264 4997 (67)
2308 4924 2870 4997 Ἀνθρωπινώτερον.
2919 4925 3054 4980 Cod.
3122 4924 3255 4992 Reg.
3308 4930 3361 4978 et
3408 4922 3652 4979 Ccrnbef.

2079 4994 2589 5081 “Reserate”!-

2151 5060 2261 5135 (68)
2296 5064 2405 5117 Kal
2440 5060 2777 5135 λὲιότητες.
2820 5060 3063 5135 Μοῐιῑιιςἶ
3107 5069 3157 5115 et
3209 5060 3398 5117 Morel.
3447 5062 3542 5115 καὶ
3572 5079 3655 5116 τεο

2078 5131 2375 5204 λειότήτες,
2402 5143 2451 5186 et
2482 5148 2702 5185 summa:
2730 5132 2965 5204 virtutes.
2996 5131 3149 5204 dios
3173 5148 3299 5204 qua:
3340 5140 3578 5204 sequuut
3590 5147 3657 5185 ur

2078 5200 2304 5259 deerant
2344 5208 2395 5257 in
2428 5204 2561 5256 edit.
2606 5216 2780 5269 usque
2814 5202 2879 5254 ad
2911 5200 3100 5254 πλέκει
3129 5200 3207 5254 δέ.
3248 5201 3354 5254 Sed
3395 5200 3457 5255 ea
3495 5203 3654 5255 nobis

2078 5273 2337 5397 apibent
2365 5272 2527 5327 codd.
2552 5271 2709 5341 Reg.,
2740 5270 2868 5335 8.3,
2900 5271 3161 5337 Moutac.,
3190 5270 3375 5325 Morel.
3406 5280 3459 5326 et
3486 5271 3650 5325 Com-

2167 5359 2319 5397 ustus.

2150 5344 2319 5398 lisius.

2149 5414 2259 5483 (69)
2298 5411 2703 5483 Προσὰγομεν.
2743 5409 2819 5483 ita
2854 5411 3070 5483 codaet
3116 5410 3182 5466 R.
3214 5425 3278 5465 ac
3305 5407 3552 5466 Combcl'.
3591 5408 3648 5466 In

2076 5481 2208 5537 edit.
2243 5480 2526 5554 προσάγω.
2557 5480 2694 5554 μυῖα.
2719 5480 2799 5550 τῷ
2830 5481 3088 5554 abundat.

2157 5553 2267 5621 (70)
2297 5549 2795 5620 Κατὸρθώσαντα.
2819 5550 3066 5606 Combef.
3100 5568 3114 5605 :
3138 5549 3352 5623 Afiqttid
3377 5550 3514 5622 quod
3546 5550 3652 5606 eir-

2083 5624 2210 5677 tutis
2253 5633 2328 5677 est
2365 5623 2689 5677 vrwstitisse.

2154 5693 2263 5759 (7i)
2290 5688 2554 5758 ΙΙένθους
2575 5691 2862 5746 ἀπόλαυε.
2901 5688 2956 5744 In
2985 5690 3115 5747 edit.
3139 5690 3359 5756 πείθους
3386 5688 3649 5745 ἀπόλαϐε.

2080 5764 2212 5819 Cod.
2247 5763 2302 5818 Β.
2332 5764 2387 5828 5,
2428 5762 2643 5824 πείθους
2674 5761 2931 5815 ἀπόλαυε.
