  <div class='ocr_page' id='page_1' title='image "/cluster/home/n/w/nwhite01/storage/ocr_20150623/37/hvd.32044012595211/153.png"; bbox 0 0 4182 6396; ppageno 0'>
   <div class='ocr_carea' id='block_1_1' title="bbox 634 358 731 413">
    <p class='ocr_par' dir='ltr' id='par_1_1' title="bbox 634 358 731 413">
     <span class='ocr_line' id='line_1_1' title="bbox 634 358 731 413; baseline -0.041 0"><span class='ocrx_word' id='word_1_1' title='bbox 634 358 731 413; x_wconf 69' lang='grc'><strong>291</strong></span> 
     </span>
    </p>
   </div>
   <div class='ocr_carea' id='block_1_2' title="bbox 1912 356 2732 417">
    <p class='ocr_par' dir='ltr' id='par_1_2' title="bbox 1912 356 2732 417">
     <span class='ocr_line' id='line_1_2' title="bbox 1912 356 2732 417; baseline 0 -4"><span class='ocrx_word' id='word_1_2' title='bbox 1912 358 1970 416; x_wconf 84' lang='lat' dir='ltr'><strong>S.</strong></span> <span class='ocrx_word' id='word_1_3' title='bbox 2013 356 2345 416; x_wconf 79' lang='lat' dir='ltr'><strong>GREGORII</strong></span> <span class='ocrx_word' id='word_1_4' title='bbox 2385 357 2732 417; x_wconf 73' lang='lat' dir='ltr'><strong>TllEOi.OGl</strong></span> 
     </span>
    </p>
   </div>
   <div class='ocr_carea' id='block_1_3' title="bbox 3787 372 3893 428">
    <p class='ocr_par' dir='ltr' id='par_1_3' title="bbox 3787 372 3893 428">
     <span class='ocr_line' id='line_1_3' title="bbox 3787 372 3893 428; baseline 0.019 -2"><span class='ocrx_word' id='word_1_5' title='bbox 3787 372 3893 428; x_wconf 65' lang='lat'><strong>293</strong></span> 
     </span>
    </p>
   </div>
   <div class='ocr_carea' id='block_1_4' title="bbox 704 430 2220 554">
    <p class='ocr_par' dir='ltr' id='par_1_4' title="bbox 704 467 2210 543">
     <span class='ocr_line' id='line_1_4' title="bbox 704 467 2210 543; baseline 0.003 -22"><span class='ocrx_word' id='word_1_6' title='bbox 704 467 836 534; x_wconf 69' lang='lat' dir='ltr'><strong>Qua:</strong></span> <span class='ocrx_word' id='word_1_7' title='bbox 868 478 1047 524; x_wconf 86' lang='lat' dir='ltr'><strong>autem</strong></span> <span class='ocrx_word' id='word_1_8' title='bbox 1080 475 1163 526; x_wconf 86' lang='lat' dir='ltr'><strong>est</strong></span> <span class='ocrx_word' id='word_1_9' title='bbox 1188 468 1303 526; x_wconf 62' lang='lat' dir='ltr'><strong>haec</strong></span> <span class='ocrx_word' id='word_1_10' title='bbox 1331 477 1542 525; x_wconf 65' lang='lat' dir='ltr'><strong>naturas</strong></span> <span class='ocrx_word' id='word_1_11' title='bbox 1573 468 1862 541; x_wconf 82' lang='lat' dir='ltr'><strong>aptitudo?</strong></span> <span class='ocrx_word' id='word_1_12' title='bbox 1898 472 1968 527; x_wconf 88' lang='lat' dir='ltr'><strong>Ut</strong></span> <span class='ocrx_word' id='word_1_13' title='bbox 1991 472 2210 543; x_wconf 85' lang='lat' dir='ltr'><strong>quidem</strong></span> 
     </span>
    </p>
   </div>
   <div class='ocr_carea' id='block_1_5' title="bbox 2304 430 3891 554">
    <p class='ocr_par' dir='ltr' id='par_1_5' title="bbox 2400 472 3891 554">
     <span class='ocr_line' id='line_1_5' title="bbox 2400 472 3891 554; baseline 0.011 -31"><span class='ocrx_word' id='word_1_14' title='bbox 2400 472 2559 525; x_wconf 78' lang='grc' dir='ltr'>Ἀλλὰ</span> <span class='ocrx_word' id='word_1_15' title='bbox 2589 475 2669 535; x_wconf 80' lang='grc' dir='ltr'><strong>τίς</strong></span> <span class='ocrx_word' id='word_1_16' title='bbox 2696 472 3104 544; x_wconf 72' lang='grc' dir='ltr'>ὲπιτηδειὸτηςς</span> <span class='ocrx_word' id='word_1_17' title='bbox 3138 473 3213 539; x_wconf 83' lang='grc' dir='ltr'>ὡς</span> <span class='ocrx_word' id='word_1_18' title='bbox 3244 477 3371 545; x_wconf 82' lang='grc' dir='ltr'>γοῦν</span> <span class='ocrx_word' id='word_1_19' title='bbox 3402 479 3525 551; x_wconf 71' lang='grc' dir='ltr'>ἐμοὶ</span> <span class='ocrx_word' id='word_1_20' title='bbox 3551 480 3891 554; x_wconf 71' lang='grc' dir='ltr'><strong>θεωρήσαντι</strong></span> 
     </span>
    </p>
   </div>
   <div class='ocr_carea' id='block_1_6' title="bbox 634 559 2212 631">
    <p class='ocr_par' dir='ltr' id='par_1_6' title="bbox 634 559 2212 631">
     <span class='ocr_line' id='line_1_6' title="bbox 634 559 2212 631; baseline 0.003 -18"><span class='ocrx_word' id='word_1_21' title='bbox 634 559 827 630; x_wconf 89' lang='lat' dir='ltr'><strong>ipsete</strong></span> <span class='ocrx_word' id='word_1_22' title='bbox 858 561 1159 630; x_wconf 90' lang='lat' dir='ltr'><strong>spectando</strong></span> <span class='ocrx_word' id='word_1_23' title='bbox 1189 560 1573 625; x_wconf 76' lang='lat' dir='ltr'><strong>animadverti,</strong></span> <span class='ocrx_word' id='word_1_24' title='bbox 1606 561 1842 631; x_wconf 90' lang='lat' dir='ltr'><strong>primum</strong></span> <span class='ocrx_word' id='word_1_25' title='bbox 1870 563 1994 618; x_wconf 64' lang='lat' dir='ltr'><strong>vitae</strong></span> <span class='ocrx_word' id='word_1_26' title='bbox 2016 572 2071 618; x_wconf 90' lang='lat' dir='ltr'><strong>et</strong></span> <span class='ocrx_word' id='word_1_27' title='bbox 2098 577 2212 617; x_wconf 90' lang='lat' dir='ltr'><strong>mo-</strong></span> 
     </span>
    </p>
   </div>
   <div class='ocr_carea' id='block_1_7' title="bbox 635 650 2212 721">
    <p class='ocr_par' dir='ltr' id='par_1_7' title="bbox 635 650 2212 721">
     <span class='ocr_line' id='line_1_7' title="bbox 635 650 2212 721; baseline 0.001 -18"><span class='ocrx_word' id='word_1_28' title='bbox 635 666 754 705; x_wconf 87' lang='lat' dir='ltr'><strong>rum</strong></span> <span class='ocrx_word' id='word_1_29' title='bbox 794 652 1167 721; x_wconf 74' lang='lat' dir='ltr'><strong>tranquillitas</strong></span> <span class='ocrx_word' id='word_1_30' title='bbox 1200 659 1365 721; x_wconf 88' lang='lat' dir='ltr'><strong>atque</strong></span> <span class='ocrx_word' id='word_1_31' title='bbox 1398 651 1748 721; x_wconf 79' lang='lat' dir='ltr'><strong>simplicitas,</strong></span> <span class='ocrx_word' id='word_1_32' title='bbox 1789 651 2116 721; x_wconf 91' lang='lat' dir='ltr'><strong>animusque</strong></span> <span class='ocrx_word' id='word_1_33' title='bbox 2145 650 2212 705; x_wconf 89' lang='lat' dir='ltr'><strong>ad</strong></span> 
     </span>
    </p>
   </div>
   <div class='ocr_carea' id='block_1_8' title="bbox 633 742 2213 813">
    <p class='ocr_par' dir='ltr' id='par_1_8' title="bbox 633 742 2213 813">
     <span class='ocr_line' id='line_1_8' title="bbox 633 742 2213 813; baseline 0 -19"><span class='ocrx_word' id='word_1_34' title='bbox 633 749 736 798; x_wconf 84' lang='lat' dir='ltr'><strong>has</strong></span> <span class='ocrx_word' id='word_1_35' title='bbox 767 743 891 797; x_wconf 87' lang='lat' dir='ltr'><strong>vitae</strong></span> <span class='ocrx_word' id='word_1_36' title='bbox 937 743 1156 798; x_wconf 80' lang='lat' dir='ltr'><strong>fraudes</strong></span> <span class='ocrx_word' id='word_1_37' title='bbox 1203 751 1259 798; x_wconf 92' lang='lat' dir='ltr'><strong>et</strong></span> <span class='ocrx_word' id='word_1_38' title='bbox 1307 742 1643 813; x_wconf 89' lang='lat' dir='ltr'><strong>imposturas</strong></span> <span class='ocrx_word' id='word_1_39' title='bbox 1688 757 1883 812; x_wconf 90' lang='lat' dir='ltr'><strong>parum</strong></span> <span class='ocrx_word' id='word_1_40' title='bbox 1929 742 2213 812; x_wconf 88' lang='lat' dir='ltr'><strong>appositus</strong></span> 
     </span>
    </p>
   </div>
   <div class='ocr_carea' id='block_1_9' title="bbox 635 832 2209 905">
    <p class='ocr_par' dir='ltr' id='par_1_9' title="bbox 635 832 2209 905">
     <span class='ocr_line' id='line_1_9' title="bbox 635 832 2209 905; baseline -0.002 -16"><span class='ocrx_word' id='word_1_41' title='bbox 635 842 690 889; x_wconf 89' lang='lat' dir='ltr'><strong>et</strong></span> <span class='ocrx_word' id='word_1_42' title='bbox 741 834 989 890; x_wconf 88' lang='lat' dir='ltr'><strong>idoneus.</strong></span> <span class='ocrx_word' id='word_1_43' title='bbox 1029 832 1169 887; x_wconf 87' lang='lat' dir='ltr'><strong>Tum</strong></span> <span class='ocrx_word' id='word_1_44' title='bbox 1212 834 1342 905; x_wconf 87' lang='lat' dir='ltr'><strong>quia</strong></span> <span class='ocrx_word' id='word_1_45' title='bbox 1378 834 1659 904; x_wconf 63' lang='lat' dir='ltr'><strong>praestanti</strong></span> <span class='ocrx_word' id='word_1_46' title='bbox 1688 848 1748 888; x_wconf 92' lang='lat' dir='ltr'><strong>es</strong></span> <span class='ocrx_word' id='word_1_47' title='bbox 1793 833 1962 887; x_wconf 90' lang='lat' dir='ltr'><strong>animi</strong></span> <span class='ocrx_word' id='word_1_48' title='bbox 2008 832 2209 895; x_wconf 91' lang='lat' dir='ltr'><strong>indole,</strong></span> 
     </span>
    </p>
   </div>
   <div class='ocr_carea' id='block_1_10' title="bbox 634 924 2211 994">
    <p class='ocr_par' dir='ltr' id='par_1_10' title="bbox 634 924 2211 994">
     <span class='ocr_line' id='line_1_10' title="bbox 634 924 2211 994; baseline -0.003 -14"><span class='ocrx_word' id='word_1_49' title='bbox 634 932 925 994; x_wconf 79' lang='lat' dir='ltr'><strong>menteque</strong></span> <span class='ocrx_word' id='word_1_50' title='bbox 950 925 1140 993; x_wconf 76' lang='lat' dir='ltr'><strong>alta,et</strong></span> <span class='ocrx_word' id='word_1_51' title='bbox 1170 932 1375 987; x_wconf 90' lang='lat' dir='ltr'><strong>erecta,</strong></span> <span class='ocrx_word' id='word_1_52' title='bbox 1408 934 1574 993; x_wconf 85' lang='lat' dir='ltr'><strong>atque</strong></span> <span class='ocrx_word' id='word_1_53' title='bbox 1607 924 1674 977; x_wconf 90' lang='lat' dir='ltr'><strong>ad</strong></span> <span class='ocrx_word' id='word_1_54' title='bbox 1697 924 2211 994; x_wconf 84' lang='lat' dir='ltr'><strong>contemplationem</strong></span> 
     </span>
    </p>
   </div>
   <div class='ocr_carea' id='block_1_11' title="bbox 634 1015 2213 1087">
    <p class='ocr_par' dir='ltr' id='par_1_11' title="bbox 634 1015 2213 1087">
     <span class='ocr_line' id='line_1_11' title="bbox 634 1015 2213 1087; baseline 0.001 -18"><span class='ocrx_word' id='word_1_55' title='bbox 634 1017 737 1071; x_wconf 88' lang='lat' dir='ltr'><strong>levi</strong></span> <span class='ocrx_word' id='word_1_56' title='bbox 777 1026 829 1071; x_wconf 93' lang='lat' dir='ltr'><strong>et</strong></span> <span class='ocrx_word' id='word_1_57' title='bbox 859 1017 1133 1087; x_wconf 79' lang='lat' dir='ltr'><strong>expedita.</strong></span> <span class='ocrx_word' id='word_1_58' title='bbox 1173 1015 1290 1071; x_wconf 88' lang='lat' dir='ltr'><strong>Huc</strong></span> <span class='ocrx_word' id='word_1_59' title='bbox 1315 1016 1526 1072; x_wconf 86' lang='lat' dir='ltr'><strong>accedit</strong></span> <span class='ocrx_word' id='word_1_60' title='bbox 1560 1016 1805 1072; x_wconf 81' lang='lat' dir='ltr'><strong>adversae</strong></span> <span class='ocrx_word' id='word_1_61' title='bbox 1838 1030 1971 1071; x_wconf 89' lang='lat' dir='ltr'><strong>cura</strong></span> <span class='ocrx_word' id='word_1_62' title='bbox 2001 1016 2213 1071; x_wconf 85' lang='lat' dir='ltr'><strong>valetu-</strong></span> 
     </span>
    </p>
   </div>
   <div class='ocr_carea' id='block_1_12' title="bbox 631 1109 2209 1180">
    <p class='ocr_par' dir='ltr' id='par_1_12' title="bbox 631 1109 2209 1180">
     <span class='ocr_line' id='line_1_12' title="bbox 631 1109 2209 1180; baseline -0.002 -16"><span class='ocrx_word' id='word_1_63' title='bbox 631 1110 799 1173; x_wconf 92' lang='lat' dir='ltr'><strong>dinis,</strong></span> <span class='ocrx_word' id='word_1_64' title='bbox 834 1118 888 1165; x_wconf 91' lang='lat' dir='ltr'><strong>et</strong></span> <span class='ocrx_word' id='word_1_65' title='bbox 919 1111 1172 1180; x_wconf 89' lang='lat' dir='ltr'><strong>corporis</strong></span> <span class='ocrx_word' id='word_1_66' title='bbox 1211 1109 1541 1165; x_wconf 84' lang='lat' dir='ltr'><strong>inﬁrmitas:</strong></span> <span class='ocrx_word' id='word_1_67' title='bbox 1579 1124 1704 1164; x_wconf 87' lang='lat' dir='ltr'><strong>nam</strong></span> <span class='ocrx_word' id='word_1_68' title='bbox 1732 1111 1836 1164; x_wconf 92' lang='lat' dir='ltr'><strong>hoc</strong></span> <span class='ocrx_word' id='word_1_69' title='bbox 1861 1124 2079 1178; x_wconf 90' lang='lat' dir='ltr'><strong>quoque</strong></span> <span class='ocrx_word' id='word_1_70' title='bbox 2099 1122 2209 1161; x_wconf 93' lang='lat' dir='ltr'><strong>non</strong></span> 
     </span>
    </p>
   </div>
   <div class='ocr_carea' id='block_1_13' title="bbox 632 1197 2209 1273">
    <p class='ocr_par' dir='ltr' id='par_1_13' title="bbox 632 1197 2209 1273">
     <span class='ocr_line' id='line_1_13' title="bbox 632 1197 2209 1273; baseline -0.003 -18"><span class='ocrx_word' id='word_1_71' title='bbox 632 1202 749 1257; x_wconf 83' lang='lat' dir='ltr'><strong>leve</strong></span> <span class='ocrx_word' id='word_1_72' title='bbox 772 1202 848 1257; x_wconf 83' lang='lat' dir='ltr'><strong>ad</strong></span> <span class='ocrx_word' id='word_1_73' title='bbox 882 1201 1282 1272; x_wconf 84' lang='lat' dir='ltr'><strong>philosophiam</strong></span> <span class='ocrx_word' id='word_1_74' title='bbox 1312 1200 1528 1270; x_wconf 87' lang='lat' dir='ltr'><strong>pondus</strong></span> <span class='ocrx_word' id='word_1_75' title='bbox 1553 1198 1754 1254; x_wconf 88' lang='lat' dir='ltr'><strong>habere</strong></span> <span class='ocrx_word' id='word_1_76' title='bbox 1781 1197 1999 1252; x_wconf 83' lang='lat' dir='ltr'><strong>Platoni</strong></span> <span class='ocrx_word' id='word_1_77' title='bbox 2030 1198 2209 1273; x_wconf 68' lang='lat' dir='ltr'><strong>visunt</strong></span> 
     </span>
    </p>
   </div>
   <div class='ocr_carea' id='block_1_14' title="bbox 629 1289 2211 1359">
    <p class='ocr_par' dir='ltr' id='par_1_14' title="bbox 629 1289 2211 1359">
     <span class='ocr_line' id='line_1_14' title="bbox 629 1289 2211 1359; baseline -0.004 -11"><span class='ocrx_word' id='word_1_78' title='bbox 629 1302 734 1348; x_wconf 87' lang='lat' dir='ltr'><strong>est.</strong></span> <span class='ocrx_word' id='word_1_79' title='bbox 765 1292 910 1359; x_wconf 89' lang='lat' dir='ltr'><strong>Quin</strong></span> <span class='ocrx_word' id='word_1_80' title='bbox 952 1295 1117 1348; x_wconf 85' lang='lat' dir='ltr'><strong>etiam</strong></span> <span class='ocrx_word' id='word_1_81' title='bbox 1161 1307 1222 1347; x_wconf 92' lang='lat' dir='ltr'><strong>es</strong></span> <span class='ocrx_word' id='word_1_82' title='bbox 1264 1298 1447 1353; x_wconf 64' lang='lat' dir='ltr'><strong>aetate,</strong></span> <span class='ocrx_word' id='word_1_83' title='bbox 1478 1300 1539 1346; x_wconf 94' lang='lat' dir='ltr'><strong>ut</strong></span> <span class='ocrx_word' id='word_1_84' title='bbox 1568 1290 1681 1358; x_wconf 88' lang='lat' dir='ltr'><strong>jam</strong></span> <span class='ocrx_word' id='word_1_85' title='bbox 1725 1289 1891 1344; x_wconf 89' lang='lat' dir='ltr'><strong>animi</strong></span> <span class='ocrx_word' id='word_1_86' title='bbox 1926 1290 2211 1359; x_wconf 85' lang='lat' dir='ltr'><strong>perturba-</strong></span> 
     </span>
    </p>
   </div>
   <div class='ocr_carea' id='block_1_15' title="bbox 630 1377 2206 1452">
    <p class='ocr_par' dir='ltr' id='par_1_15' title="bbox 630 1377 2206 1452">
     <span class='ocr_line' id='line_1_15' title="bbox 630 1377 2206 1452; baseline -0.004 -15"><span class='ocrx_word' id='word_1_87' title='bbox 630 1385 810 1439; x_wconf 83' lang='lat' dir='ltr'><strong>tiones</strong></span> <span class='ocrx_word' id='word_1_88' title='bbox 840 1383 1209 1439; x_wconf 80' lang='lat' dir='ltr'><strong>inflectantur.</strong></span> <span class='ocrx_word' id='word_1_89' title='bbox 1243 1384 1353 1438; x_wconf 77' lang='lat' dir='ltr'><strong>Nec</strong></span> <span class='ocrx_word' id='word_1_90' title='bbox 1385 1396 1514 1438; x_wconf 86' lang='lat' dir='ltr'><strong>vero</strong></span> <span class='ocrx_word' id='word_1_91' title='bbox 1540 1388 1863 1452; x_wconf 85' lang='lat' dir='ltr'><strong>paupertate</strong></span> <span class='ocrx_word' id='word_1_92' title='bbox 1894 1388 2002 1434; x_wconf 88' lang='lat' dir='ltr'><strong>tam</strong></span> <span class='ocrx_word' id='word_1_93' title='bbox 2031 1377 2206 1449; x_wconf 89' lang='lat' dir='ltr'><strong>frangi</strong></span> 
     </span>
    </p>
   </div>
   <div class='ocr_carea' id='block_1_16' title="bbox 630 1471 2208 1546">
    <p class='ocr_par' dir='ltr' id='par_1_16' title="bbox 630 1471 2208 1546">
     <span class='ocr_line' id='line_1_16' title="bbox 630 1471 2208 1546; baseline -0.003 -18"><span class='ocrx_word' id='word_1_94' title='bbox 630 1475 763 1528; x_wconf 88' lang='lat' dir='ltr'><strong>mihi</strong></span> <span class='ocrx_word' id='word_1_95' title='bbox 796 1474 1021 1538; x_wconf 90' lang='lat' dir='ltr'><strong>videris,</strong></span> <span class='ocrx_word' id='word_1_96' title='bbox 1056 1489 1219 1546; x_wconf 86' lang='lat' dir='ltr'><strong>quam</strong></span> <span class='ocrx_word' id='word_1_97' title='bbox 1250 1472 1496 1544; x_wconf 80' lang='lat' dir='ltr'><strong>gloriari.</strong></span> <span class='ocrx_word' id='word_1_98' title='bbox 1536 1472 1656 1525; x_wconf 84' lang='lat' dir='ltr'><strong>Jam</strong></span> <span class='ocrx_word' id='word_1_99' title='bbox 1695 1472 1845 1542; x_wconf 88' lang='lat' dir='ltr'><strong>quod</strong></span> <span class='ocrx_word' id='word_1_100' title='bbox 1883 1471 2208 1525; x_wconf 82' lang='lat' dir='ltr'><strong>erubescere</strong></span> 
     </span>
    </p>
   </div>
   <div class='ocr_carea' id='block_1_17' title="bbox 630 1548 2208 1629">
    <p class='ocr_par' dir='ltr' id='par_1_17' title="bbox 630 1548 2208 1629">
     <span class='ocr_line' id='line_1_17' title="bbox 630 1548 2208 1629; baseline -0.004 -10"><span class='ocrx_word' id='word_1_101' title='bbox 630 1565 762 1629; x_wconf 89' lang='lat' dir='ltr'><strong>scis,</strong></span> <span class='ocrx_word' id='word_1_102' title='bbox 801 1566 856 1621; x_wconf 93' lang='lat' dir='ltr'><strong>in</strong></span> <span class='ocrx_word' id='word_1_103' title='bbox 886 1581 950 1621; x_wconf 90' lang='lat' dir='ltr'><strong>eo</strong></span> <span class='ocrx_word' id='word_1_104' title='bbox 996 1581 1106 1620; x_wconf 91' lang='lat' dir='ltr'><strong>non</strong></span> <span class='ocrx_word' id='word_1_105' title='bbox 1151 1565 1438 1621; x_wconf 85' lang='lat' dir='ltr'><strong>rhetorum</strong></span> <span class='ocrx_word' id='word_1_106' title='bbox 1474 1548 1682 1617; x_wconf 77' lang='lat' dir='ltr'><strong>morem</strong></span> <span class='ocrx_word' id='word_1_107' title='bbox 1719 1560 1913 1617; x_wconf 78' lang='lat' dir='ltr'><strong>refers.</strong></span> <span class='ocrx_word' id='word_1_108' title='bbox 1963 1558 2069 1615; x_wconf 89' lang='lat' dir='ltr'><strong>Sed</strong></span> <span class='ocrx_word' id='word_1_109' title='bbox 2112 1573 2208 1613; x_wconf 87' lang='lat' dir='ltr'><strong>ne-</strong></span> 
     </span>
    </p>
   </div>
   <div class='ocr_carea' id='block_1_18' title="bbox 626 1649 2204 1727">
    <p class='ocr_par' dir='ltr' id='par_1_18' title="bbox 626 1649 2204 1727">
     <span class='ocr_line' id='line_1_18' title="bbox 626 1649 2204 1727; baseline -0.004 -17"><span class='ocrx_word' id='word_1_110' title='bbox 626 1673 732 1727; x_wconf 87' lang='lat' dir='ltr'><strong>que</strong></span> <span class='ocrx_word' id='word_1_111' title='bbox 763 1657 995 1712; x_wconf 88' lang='lat' dir='ltr'><strong>scelesta</strong></span> <span class='ocrx_word' id='word_1_112' title='bbox 1025 1656 1121 1711; x_wconf 91' lang='lat' dir='ltr'><strong>tibi</strong></span> <span class='ocrx_word' id='word_1_113' title='bbox 1159 1656 1345 1727; x_wconf 88' lang='lat' dir='ltr'><strong>lingua</strong></span> <span class='ocrx_word' id='word_1_114' title='bbox 1371 1662 1483 1719; x_wconf 86' lang='lat' dir='ltr'><strong>est,</strong></span> <span class='ocrx_word' id='word_1_115' title='bbox 1517 1668 1621 1708; x_wconf 89' lang='lat' dir='ltr'><strong>nec</strong></span> <span class='ocrx_word' id='word_1_116' title='bbox 1661 1652 1841 1707; x_wconf 89' lang='lat' dir='ltr'><strong>malus</strong></span> <span class='ocrx_word' id='word_1_117' title='bbox 1870 1649 2095 1706; x_wconf 81' lang='lat' dir='ltr'><strong>ell‘ectus</strong></span> <span class='ocrx_word' id='word_1_118' title='bbox 2122 1665 2204 1716; x_wconf 90' lang='lat' dir='ltr'><strong>es,</strong></span> 
     </span>
    </p>
   </div>
   <div class='ocr_carea' id='block_1_19' title="bbox 627 1748 2206 1818">
    <p class='ocr_par' dir='ltr' id='par_1_19' title="bbox 627 1748 2206 1818">
     <span class='ocr_line' id='line_1_19' title="bbox 627 1748 2206 1818; baseline -0.004 -13"><span class='ocrx_word' id='word_1_119' title='bbox 627 1766 729 1805; x_wconf 88' lang='lat' dir='ltr'><strong>nec</strong></span> <span class='ocrx_word' id='word_1_120' title='bbox 760 1750 1234 1805; x_wconf 88' lang='lat' dir='ltr'><strong>circumforaneus</strong></span> <span class='ocrx_word' id='word_1_121' title='bbox 1272 1765 1353 1813; x_wconf 91' lang='lat' dir='ltr'><strong>es,</strong></span> <span class='ocrx_word' id='word_1_122' title='bbox 1391 1763 1495 1804; x_wconf 84' lang='lat' dir='ltr'><strong>nec</strong></span> <span class='ocrx_word' id='word_1_123' title='bbox 1524 1748 1779 1818; x_wconf 85' lang='lat' dir='ltr'><strong>denique,</strong></span> <span class='ocrx_word' id='word_1_124' title='bbox 1813 1754 1873 1800; x_wconf 93' lang='lat' dir='ltr'><strong>ut</strong></span> <span class='ocrx_word' id='word_1_125' title='bbox 1912 1761 2024 1802; x_wconf 90' lang='lat' dir='ltr'><strong>rem</strong></span> <span class='ocrx_word' id='word_1_126' title='bbox 2070 1760 2206 1816; x_wconf 64' lang='lat' dir='ltr'><strong>pauo</strong></span> 
     </span>
    </p>
   </div>
   <div class='ocr_carea' id='block_1_20' title="bbox 2315 562 3890 644">
    <p class='ocr_par' dir='ltr' id='par_1_20' title="bbox 2315 562 3890 644">
     <span class='ocr_line' id='line_1_20' title="bbox 2315 562 3890 644; baseline 0.017 -40"><span class='ocrx_word' id='word_1_127' title='bbox 2315 563 2617 635; x_wconf 80' lang='grc' dir='ltr'><strong>κατεφάνη,</strong></span> <span class='ocrx_word' id='word_1_128' title='bbox 2666 562 2879 635; x_wconf 86' lang='grc' dir='ltr'>πρῶτον</span> <span class='ocrx_word' id='word_1_129' title='bbox 2915 564 3015 636; x_wconf 77' lang='grc' dir='ltr'>μὲν</span> <span class='ocrx_word' id='word_1_130' title='bbox 3064 567 3094 618; x_wconf 83' lang='grc' dir='ltr'>ὁ</span> <span class='ocrx_word' id='word_1_131' title='bbox 3139 566 3340 636; x_wconf 82' lang='grc' dir='ltr'><strong>τρόπος</strong></span> <span class='ocrx_word' id='word_1_132' title='bbox 3375 570 3468 623; x_wconf 78' lang='grc' dir='ltr'>καὶ</span> <span class='ocrx_word' id='word_1_133' title='bbox 3513 571 3574 625; x_wconf 78' lang='grc' dir='ltr'>τὸ</span> <span class='ocrx_word' id='word_1_134' title='bbox 3627 574 3740 644; x_wconf 76' lang='lat'><strong>(72)</strong></span> <span class='ocrx_word' id='word_1_135' title='bbox 3793 576 3890 631; x_wconf 77' lang='grc' dir='ltr'>τοῦ</span> 
     </span>
    </p>
   </div>
   <div class='ocr_carea' id='block_1_21' title="bbox 2314 654 3893 733">
    <p class='ocr_par' dir='ltr' id='par_1_21' title="bbox 2314 654 3893 733">
     <span class='ocr_line' id='line_1_21' title="bbox 2314 654 3893 733; baseline 0.011 -28"><span class='ocrx_word' id='word_1_136' title='bbox 2314 654 2478 723; x_wconf 68' lang='grc' dir='ltr'>ἧοους</span> <span class='ocrx_word' id='word_1_137' title='bbox 2512 654 2747 724; x_wconf 85' lang='grc' dir='ltr'>γαληνόν</span> <span class='ocrx_word' id='word_1_138' title='bbox 2795 672 2856 709; x_wconf 81' lang='grc' dir='ltr'><strong>τε</strong></span> <span class='ocrx_word' id='word_1_139' title='bbox 2902 656 2997 709; x_wconf 73' lang='grc' dir='ltr'><strong>κα)⁸</strong></span> <span class='ocrx_word' id='word_1_140' title='bbox 3040 657 3282 728; x_wconf 80' lang='grc' dir='ltr'>ἄτεχνον,</span> <span class='ocrx_word' id='word_1_141' title='bbox 3315 659 3410 713; x_wconf 80' lang='grc' dir='ltr'>καὶ</span> <span class='ocrx_word' id='word_1_142' title='bbox 3451 661 3585 733; x_wconf 82' lang='grc' dir='ltr'>πρὸς</span> <span class='ocrx_word' id='word_1_143' title='bbox 3641 665 3740 729; x_wconf 77' lang='grc' dir='ltr'><strong>τὰς</strong></span> <span class='ocrx_word' id='word_1_144' title='bbox 3793 666 3893 722; x_wconf 79' lang='grc' dir='ltr'>τοῦ</span> 
     </span>
    </p>
   </div>
   <div class='ocr_carea' id='block_1_22' title="bbox 2316 748 3893 832">
    <p class='ocr_par' dir='ltr' id='par_1_22' title="bbox 2316 748 3893 832">
     <span class='ocr_line' id='line_1_22' title="bbox 2316 748 3893 832; baseline 0.01 -32"><span class='ocrx_word' id='word_1_145' title='bbox 2316 748 2432 818; x_wconf 87' lang='grc' dir='ltr'>βίου</span> <span class='ocrx_word' id='word_1_146' title='bbox 2484 750 2722 821; x_wconf 80' lang='grc' dir='ltr'>στροφὰς</span> <span class='ocrx_word' id='word_1_147' title='bbox 2758 750 2960 815; x_wconf 86' lang='grc' dir='ltr'>ταύτας</span> <span class='ocrx_word' id='word_1_148' title='bbox 2994 752 3387 825; x_wconf 81' lang='grc' dir='ltr'>ἀνεπιτήδειον.</span> <span class='ocrx_word' id='word_1_149' title='bbox 3424 755 3655 811; x_wconf 85' lang='grc' dir='ltr'>Ἔπειτα</span> <span class='ocrx_word' id='word_1_150' title='bbox 3688 759 3749 813; x_wconf 77' lang='grc' dir='ltr'>τὸ</span> <span class='ocrx_word' id='word_1_151' title='bbox 3792 761 3893 832; x_wconf 80' lang='grc' dir='ltr'>τῆς</span> 
     </span>
    </p>
   </div>
   <div class='ocr_carea' id='block_1_23' title="bbox 2310 838 3947 918">
    <p class='ocr_par' dir='ltr' id='par_1_23' title="bbox 2310 838 3947 918">
     <span class='ocr_line' id='line_1_23' title="bbox 2310 838 3947 918; baseline 0.01 -27"><span class='ocrx_word' id='word_1_152' title='bbox 2310 838 2489 910; x_wconf 76' lang='grc' dir='ltr'>ψυχῆς</span> <span class='ocrx_word' id='word_1_153' title='bbox 2521 841 2719 910; x_wconf 80' lang='grc' dir='ltr'>εύφυὲς</span> <span class='ocrx_word' id='word_1_154' title='bbox 2753 841 2846 894; x_wconf 77' lang='grc' dir='ltr'><strong>καὶ</strong></span> <span class='ocrx_word' id='word_1_155' title='bbox 2881 842 3118 911; x_wconf 66' lang='grc' dir='ltr'>ύψίνουν,</span> <span class='ocrx_word' id='word_1_156' title='bbox 3165 844 3260 898; x_wconf 74' lang='grc' dir='ltr'>καὶ</span> <span class='ocrx_word' id='word_1_157' title='bbox 3298 844 3435 916; x_wconf 78' lang='grc' dir='ltr'>πρὸς</span> <span class='ocrx_word' id='word_1_158' title='bbox 3465 845 3697 918; x_wconf 82' lang='grc' dir='ltr'><strong>Θεωρίαν</strong></span> <span class='ocrx_word' id='word_1_159' title='bbox 3734 851 3893 905; x_wconf 81' lang='grc' dir='ltr'>εύκί-</span> <span class='ocrx_word' id='word_1_160' title='bbox 3944 906 3947 907; x_wconf 65' lang='lat'><strong>,</strong></span> 
     </span>
    </p>
   </div>
   <div class='ocr_carea' id='block_1_24' title="bbox 2312 932 3894 1013">
    <p class='ocr_par' dir='ltr' id='par_1_24' title="bbox 2312 932 3894 1013">
     <span class='ocr_line' id='line_1_24' title="bbox 2312 932 3894 1013; baseline 0.007 -29"><span class='ocrx_word' id='word_1_161' title='bbox 2312 948 2491 1001; x_wconf 88' lang='grc' dir='ltr'>νητον.</span> <span class='ocrx_word' id='word_1_162' title='bbox 2526 932 2719 1003; x_wconf 88' lang='grc' dir='ltr'>Τρίτον</span> <span class='ocrx_word' id='word_1_163' title='bbox 2751 934 2784 1003; x_wconf 78' lang='grc' dir='ltr'><strong>ἡ</strong></span> <span class='ocrx_word' id='word_1_164' title='bbox 2818 935 3111 1005; x_wconf 84' lang='grc' dir='ltr'>νοσοκομία</span> <span class='ocrx_word' id='word_1_165' title='bbox 3133 935 3270 1006; x_wconf 81' lang='grc'>(75),</span> <span class='ocrx_word' id='word_1_166' title='bbox 3300 937 3394 990; x_wconf 72' lang='grc' dir='ltr'>καὶ</span> <span class='ocrx_word' id='word_1_167' title='bbox 3425 936 3486 991; x_wconf 76' lang='grc' dir='ltr'><strong>τὸ</strong></span> <span class='ocrx_word' id='word_1_168' title='bbox 3515 939 3608 992; x_wconf 82' lang='grc' dir='ltr'><strong>τοῦ</strong></span> <span class='ocrx_word' id='word_1_169' title='bbox 3637 940 3894 1013; x_wconf 82' lang='grc' dir='ltr'>σώματος</span> 
     </span>
    </p>
   </div>
   <div class='ocr_carea' id='block_1_25' title="bbox 2311 1021 3892 1103">
    <p class='ocr_par' dir='ltr' id='par_1_25' title="bbox 2311 1021 3892 1103">
     <span class='ocr_line' id='line_1_25' title="bbox 2311 1021 3892 1103; baseline 0.008 -28"><span class='ocrx_word' id='word_1_170' title='bbox 2311 1021 2535 1086; x_wconf 82' lang='grc' dir='ltr'>ἀσθενές</span> <span class='ocrx_word' id='word_1_171' title='bbox 2555 1039 2569 1053; x_wconf 90' lang='grc'><strong>·</strong></span> <span class='ocrx_word' id='word_1_172' title='bbox 2604 1022 2789 1094; x_wconf 74' lang='grc' dir='ltr'>ἐπειδὴ</span> <span class='ocrx_word' id='word_1_173' title='bbox 2823 1024 2916 1077; x_wconf 75' lang='grc' dir='ltr'>καὶ</span> <span class='ocrx_word' id='word_1_174' title='bbox 2947 1024 3105 1077; x_wconf 78' lang='grc' dir='ltr'>τοῦτο</span> <span class='ocrx_word' id='word_1_175' title='bbox 3133 1026 3192 1079; x_wconf 86' lang='grc' dir='ltr'><strong>ού</strong></span> <span class='ocrx_word' id='word_1_176' title='bbox 3228 1028 3426 1100; x_wconf 81' lang='grc' dir='ltr'>μικρὸν</span> <span class='ocrx_word' id='word_1_177' title='bbox 3452 1031 3532 1094; x_wconf 82' lang='grc' dir='ltr'>εἰς</span> <span class='ocrx_word' id='word_1_178' title='bbox 3566 1030 3892 1103; x_wconf 63' lang='grc' dir='ltr'>φιλοσοφίαν</span> 
     </span>
    </p>
   </div>
   <div class='ocr_carea' id='block_1_26' title="bbox 2312 1110 3891 1194">
    <p class='ocr_par' dir='ltr' id='par_1_26' title="bbox 2312 1110 3891 1194">
     <span class='ocr_line' id='line_1_26' title="bbox 2312 1110 3891 1194; baseline 0.008 -28"><span class='ocrx_word' id='word_1_179' title='bbox 2312 1110 2448 1167; x_wconf 78' lang='grc' dir='ltr'>εἶναι</span> <span class='ocrx_word' id='word_1_180' title='bbox 2492 1114 2642 1167; x_wconf 63' lang='grc' dir='ltr'>δοκεῖ</span> <span class='ocrx_word' id='word_1_181' title='bbox 2668 1113 2745 1185; x_wconf 79' lang='grc' dir='ltr'><strong>τῷ</strong></span> <span class='ocrx_word' id='word_1_182' title='bbox 2778 1115 3023 1170; x_wconf 82' lang='grc' dir='ltr'>Πλάτωνι</span> <span class='ocrx_word' id='word_1_183' title='bbox 3065 1116 3199 1186; x_wconf 70' lang='grc'>(74).</span> <span class='ocrx_word' id='word_1_184' title='bbox 3232 1119 3341 1172; x_wconf 77' lang='grc' dir='ltr'><strong>Καὶ</strong></span> <span class='ocrx_word' id='word_1_185' title='bbox 3372 1120 3481 1191; x_wconf 83' lang='grc' dir='ltr'>μὴν</span> <span class='ocrx_word' id='word_1_186' title='bbox 3530 1123 3626 1176; x_wconf 74' lang='grc' dir='ltr'>καὶ</span> <span class='ocrx_word' id='word_1_187' title='bbox 3673 1123 3891 1194; x_wconf 83' lang='grc' dir='ltr'>ἡλικίας</span> 
     </span>
    </p>
   </div>
   <div class='ocr_carea' id='block_1_27' title="bbox 2311 1202 3891 1282">
    <p class='ocr_par' dir='ltr' id='par_1_27' title="bbox 2311 1202 3891 1282">
     <span class='ocr_line' id='line_1_27' title="bbox 2311 1202 3891 1282; baseline 0.009 -27"><span class='ocrx_word' id='word_1_188' title='bbox 2311 1202 2484 1267; x_wconf 72' lang='grc' dir='ltr'>οὕτως</span> <span class='ocrx_word' id='word_1_189' title='bbox 2515 1202 2681 1274; x_wconf 78' lang='grc' dir='ltr'>ἔχεις,</span> <span class='ocrx_word' id='word_1_190' title='bbox 2728 1204 2803 1270; x_wconf 85' lang='grc' dir='ltr'><strong>ὡς</strong></span> <span class='ocrx_word' id='word_1_191' title='bbox 2843 1205 2943 1276; x_wconf 71' lang='grc' dir='ltr'>ἤδη</span> <span class='ocrx_word' id='word_1_192' title='bbox 2972 1205 3041 1260; x_wconf 82' lang='grc' dir='ltr'>τὰ</span> <span class='ocrx_word' id='word_1_193' title='bbox 3091 1209 3233 1279; x_wconf 81' lang='grc' dir='ltr'>πάθη</span> <span class='ocrx_word' id='word_1_194' title='bbox 3288 1208 3565 1264; x_wconf 84' lang='grc' dir='ltr'>κλίνεσθαι</span> <span class='ocrx_word' id='word_1_195' title='bbox 3600 1213 3731 1282; x_wconf 83' lang='lat'><strong>(75).</strong></span> <span class='ocrx_word' id='word_1_196' title='bbox 3776 1217 3891 1270; x_wconf 76' lang='grc' dir='ltr'><strong>Καὶ</strong></span> 
     </span>
    </p>
   </div>
   <div class='ocr_carea' id='block_1_28' title="bbox 2310 1293 3882 1375">
    <p class='ocr_par' dir='ltr' id='par_1_28' title="bbox 2310 1293 3882 1375">
     <span class='ocr_line' id='line_1_28' title="bbox 2310 1293 3882 1375; baseline 0.008 -27"><span class='ocrx_word' id='word_1_197' title='bbox 2310 1299 2377 1366; x_wconf 84' lang='grc' dir='ltr'>τῇ</span> <span class='ocrx_word' id='word_1_198' title='bbox 2393 1293 2554 1366; x_wconf 82' lang='grc' dir='ltr'>πενίᾳ</span> <span class='ocrx_word' id='word_1_199' title='bbox 2569 1297 2631 1350; x_wconf 87' lang='grc' dir='ltr'><strong>ού</strong></span> <span class='ocrx_word' id='word_1_200' title='bbox 2646 1296 2989 1367; x_wconf 80' lang='grc' dir='ltr'>κάμπτεσθαί</span> <span class='ocrx_word' id='word_1_201' title='bbox 3024 1316 3115 1369; x_wconf 92' lang='grc' dir='ltr'><strong>μοι</strong></span> <span class='ocrx_word' id='word_1_202' title='bbox 3146 1301 3322 1364; x_wconf 83' lang='grc' dir='ltr'>δοκεῖς</span> <span class='ocrx_word' id='word_1_203' title='bbox 3373 1302 3571 1373; x_wconf 81' lang='grc' dir='ltr'>μᾶλλον</span> <span class='ocrx_word' id='word_1_204' title='bbox 3603 1304 3636 1375; x_wconf 80' lang='grc' dir='ltr'><strong>ἢ</strong></span> <span class='ocrx_word' id='word_1_205' title='bbox 3672 1306 3882 1361; x_wconf 70' lang='grc' dir='ltr'>καλλων</span> 
     </span>
    </p>
   </div>
   <div class='ocr_carea' id='block_1_29' title="bbox 2310 1384 3892 1471">
    <p class='ocr_par' dir='ltr' id='par_1_29' title="bbox 2310 1384 3892 1471">
     <span class='ocr_line' id='line_1_29' title="bbox 2310 1384 3892 1471; baseline 0.009 -32"><span class='ocrx_word' id='word_1_206' title='bbox 2310 1384 2582 1451; x_wconf 78' lang='grc' dir='ltr'>πίζεσθαι.</span> <span class='ocrx_word' id='word_1_207' title='bbox 2621 1386 2694 1439; x_wconf 87' lang='grc' dir='ltr'>Τό</span> <span class='ocrx_word' id='word_1_208' title='bbox 2733 1405 2791 1440; x_wconf 91' lang='grc' dir='ltr'><strong>τε</strong></span> <span class='ocrx_word' id='word_1_209' title='bbox 2825 1388 3175 1459; x_wconf 84' lang='grc' dir='ltr'>αίσχύνεσθαι</span> <span class='ocrx_word' id='word_1_210' title='bbox 3210 1392 3428 1457; x_wconf 75' lang='grc' dir='ltr'>ειδέναι,</span> <span class='ocrx_word' id='word_1_211' title='bbox 3458 1396 3519 1447; x_wconf 87' lang='grc' dir='ltr'>οὐ</span> <span class='ocrx_word' id='word_1_212' title='bbox 3552 1398 3694 1451; x_wconf 75' lang='grc' dir='ltr'>κατὰ</span> <span class='ocrx_word' id='word_1_213' title='bbox 3724 1400 3892 1471; x_wconf 76' lang='grc' dir='ltr'>ῥήτο-</span> 
     </span>
    </p>
   </div>
   <div class='ocr_carea' id='block_1_30' title="bbox 2310 1478 3889 1558">
    <p class='ocr_par' dir='ltr' id='par_1_30' title="bbox 2310 1478 3889 1558">
     <span class='ocr_line' id='line_1_30' title="bbox 2310 1478 3889 1558; baseline 0.01 -27"><span class='ocrx_word' id='word_1_214' title='bbox 2310 1494 2431 1549; x_wconf 91' lang='grc' dir='ltr'>ρας.</span> <span class='ocrx_word' id='word_1_215' title='bbox 2477 1478 2614 1532; x_wconf 77' lang='grc' dir='ltr'>Ἀλλ’</span> <span class='ocrx_word' id='word_1_216' title='bbox 2645 1478 2763 1532; x_wconf 75' lang='grc' dir='ltr'>οὐδὲ</span> <span class='ocrx_word' id='word_1_217' title='bbox 2796 1481 2947 1551; x_wconf 82' lang='grc' dir='ltr'>φωνὴ</span> <span class='ocrx_word' id='word_1_218' title='bbox 2986 1482 3159 1552; x_wconf 85' lang='grc' dir='ltr'>μιαρά</span> <span class='ocrx_word' id='word_1_219' title='bbox 3198 1500 3301 1549; x_wconf 87' lang='grc' dir='ltr'>σοι,</span> <span class='ocrx_word' id='word_1_220' title='bbox 3348 1485 3468 1540; x_wconf 77' lang='grc' dir='ltr'>οὐδὲ</span> <span class='ocrx_word' id='word_1_221' title='bbox 3511 1489 3738 1558; x_wconf 81' lang='grc' dir='ltr'>γέγονας</span> <span class='ocrx_word' id='word_1_222' title='bbox 3781 1510 3889 1546; x_wconf 86' lang='grc' dir='ltr'>κα-</span> 
     </span>
    </p>
   </div>
   <div class='ocr_carea' id='block_1_31' title="bbox 2309 1566 3888 1640">
    <p class='ocr_par' dir='ltr' id='par_1_31' title="bbox 2309 1566 3888 1640">
     <span class='ocr_line' id='line_1_31' title="bbox 2309 1566 3888 1640; baseline 0.011 -21"><span class='ocrx_word' id='word_1_223' title='bbox 2309 1566 2403 1629; x_wconf 80' lang='grc' dir='ltr'>κὸς</span> <span class='ocrx_word' id='word_1_224' title='bbox 2438 1566 2573 1637; x_wconf 87' lang='grc'>(76),</span> <span class='ocrx_word' id='word_1_225' title='bbox 2623 1567 2743 1620; x_wconf 82' lang='grc' dir='ltr'>οὐδὲ</span> <span class='ocrx_word' id='word_1_226' title='bbox 2798 1570 3056 1640; x_wconf 73' lang='grc' dir='ltr'><strong>ἀγοραῖος</strong></span> <span class='ocrx_word' id='word_1_227' title='bbox 3100 1567 3170 1635; x_wconf 85' lang='grc' dir='ltr'>εἷ,</span> <span class='ocrx_word' id='word_1_228' title='bbox 3201 1573 3322 1627; x_wconf 87' lang='grc' dir='ltr'>οὐδέ</span> <span class='ocrx_word' id='word_1_229' title='bbox 3363 1592 3419 1628; x_wconf 92' lang='grc' dir='ltr'><strong>τι</strong></span> <span class='ocrx_word' id='word_1_230' title='bbox 3471 1577 3582 1631; x_wconf 85' lang='grc' dir='ltr'>τῶν</span> <span class='ocrx_word' id='word_1_231' title='bbox 3629 1580 3888 1635; x_wconf 80' lang='grc' dir='ltr'>τοιούτων</span> 
     </span>
    </p>
   </div>
   <div class='ocr_carea' id='block_1_32' title="bbox 2307 1654 3887 1744">
    <p class='ocr_par' dir='ltr' id='par_1_32' title="bbox 2307 1654 3887 1744">
     <span class='ocr_line' id='line_1_32' title="bbox 2307 1654 3887 1744; baseline 0.012 -37"><span class='ocrx_word' id='word_1_232' title='bbox 2307 1654 2470 1725; x_wconf 80' lang='grc' dir='ltr'>ἔχεις,</span> <span class='ocrx_word' id='word_1_233' title='bbox 2522 1656 2588 1711; x_wconf 84' lang='grc' dir='ltr'><strong>ἵν’</strong></span> <span class='ocrx_word' id='word_1_234' title='bbox 2619 1655 2758 1710; x_wconf 74' lang='grc' dir='ltr'>εἴπω</span> <span class='ocrx_word' id='word_1_235' title='bbox 2793 1661 3094 1730; x_wconf 85' lang='grc' dir='ltr'><strong>συντόμως,</strong></span> <span class='ocrx_word' id='word_1_236' title='bbox 3124 1655 3209 1726; x_wconf 73' lang='grc' dir='ltr'><strong>οἷς</strong></span> <span class='ocrx_word' id='word_1_237' title='bbox 3251 1664 3474 1719; x_wconf 79' lang='grc' dir='ltr'><strong>πλάττει</strong></span> <span class='ocrx_word' id='word_1_238' title='bbox 3505 1668 3597 1722; x_wconf 78' lang='grc' dir='ltr'>τὸν</span> <span class='ocrx_word' id='word_1_239' title='bbox 3627 1671 3887 1744; x_wconf 79' lang='grc' dir='ltr'>ἀγοραῖον</span> 
     </span>
    </p>
   </div>
   <div class='ocr_carea' id='block_1_33' title="bbox 2309 1747 3888 1833">
    <p class='ocr_par' dir='ltr' id='par_1_33' title="bbox 2309 1747 3888 1833">
     <span class='ocr_line' id='line_1_33' title="bbox 2309 1747 3888 1833; baseline 0.013 -34"><span class='ocrx_word' id='word_1_240' title='bbox 2309 1747 2646 1820; x_wconf 86' lang='grc' dir='ltr'>Δημόκριτος</span> <span class='ocrx_word' id='word_1_241' title='bbox 2678 1750 2707 1802; x_wconf 83' lang='grc' dir='ltr'>ὁ</span> <span class='ocrx_word' id='word_1_242' title='bbox 2740 1751 3005 1820; x_wconf 82' lang='grc' dir='ltr'>κρείττων</span> <span class='ocrx_word' id='word_1_243' title='bbox 3053 1754 3133 1816; x_wconf 85' lang='grc' dir='ltr'><strong>είς</strong></span> <span class='ocrx_word' id='word_1_244' title='bbox 3162 1754 3518 1826; x_wconf 82' lang='grc' dir='ltr'>δημαγωγίαν</span> <span class='ocrx_word' id='word_1_245' title='bbox 3562 1761 3888 1833; x_wconf 79' lang='grc' dir='ltr'>Ἀριστοφά-</span> 
     </span>
    </p>
   </div>
   <div class='ocr_carea' id='block_1_34' title="bbox 624 1830 2220 1924">
    <p class='ocr_par' dir='ltr' id='par_1_34' title="bbox 624 1834 2208 1910">
     <span class='ocr_line' id='line_1_34' title="bbox 624 1834 2208 1910; baseline -0.004 -15"><span class='ocrx_word' id='word_1_246' title='bbox 624 1842 712 1896; x_wconf 88' lang='lat' dir='ltr'><strong>cis</strong></span> <span class='ocrx_word' id='word_1_247' title='bbox 761 1841 1118 1910; x_wconf 87' lang='lat' dir='ltr'><strong>complectar,</strong></span> <span class='ocrx_word' id='word_1_248' title='bbox 1175 1838 1472 1909; x_wconf 76' lang='lat' dir='ltr'><strong>quidquam</strong></span> <span class='ocrx_word' id='word_1_249' title='bbox 1528 1851 1717 1891; x_wconf 88' lang='lat' dir='ltr'><strong>eorum</strong></span> <span class='ocrx_word' id='word_1_250' title='bbox 1773 1835 1962 1910; x_wconf 78' lang='lat' dir='ltr'><strong>habes,</strong></span> <span class='ocrx_word' id='word_1_251' title='bbox 2006 1834 2208 1904; x_wconf 85' lang='lat' dir='ltr'><strong>quibus</strong></span> 
     </span>
    </p>
   </div>
   <div class='ocr_carea' id='block_1_35' title="bbox 2304 1830 3887 1924">
    <p class='ocr_par' dir='ltr' id='par_1_35' title="bbox 2310 1830 3887 1924">
     <span class='ocr_line' id='line_1_35' title="bbox 2310 1830 3887 1924; baseline 0.013 -34"><span class='ocrx_word' id='word_1_252' title='bbox 2310 1854 2437 1902; x_wconf 82' lang='grc' dir='ltr'>νσυς</span> <span class='ocrx_word' id='word_1_253' title='bbox 2465 1838 2601 1908; x_wconf 69' lang='grc'>(77).</span> <span class='ocrx_word' id='word_1_254' title='bbox 2646 1839 2805 1894; x_wconf 82' lang='grc' dir='ltr'>Ἀλλὰ</span> <span class='ocrx_word' id='word_1_255' title='bbox 2840 1842 3025 1914; x_wconf 77' lang='grc' dir='ltr'>ῥήτωρ</span> <span class='ocrx_word' id='word_1_256' title='bbox 3059 1845 3413 1917; x_wconf 87' lang='grc' dir='ltr'>καλούμενος,</span> <span class='ocrx_word' id='word_1_257' title='bbox 3461 1830 3636 1906; x_wconf 79' lang='grc' dir='ltr'>πάντα</span> <span class='ocrx_word' id='word_1_258' title='bbox 3685 1830 3887 1924; x_wconf 74' lang='grc' dir='ltr'>πρότε-</span> 
     </span>
    </p>
   </div>
   <div class='ocr_carea' id='block_1_36' title="bbox 627 1926 2220 2016">
    <p class='ocr_par' dir='ltr' id='par_1_36' title="bbox 627 1927 2203 1997">
     <span class='ocr_line' id='line_1_36' title="bbox 627 1927 2203 1997; baseline -0.004 -11"><span class='ocrx_word' id='word_1_259' title='bbox 627 1931 900 1988; x_wconf 80' lang='lat' dir='ltr'><strong>forensem</strong></span> <span class='ocrx_word' id='word_1_260' title='bbox 923 1930 1201 1985; x_wconf 86' lang='lat' dir='ltr'><strong>hominem</strong></span> <span class='ocrx_word' id='word_1_261' title='bbox 1226 1928 1573 1985; x_wconf 83' lang='lat' dir='ltr'><strong>Democritus</strong></span> <span class='ocrx_word' id='word_1_262' title='bbox 1592 1927 1745 1997; x_wconf 86' lang='lat' dir='ltr'><strong>fingit</strong></span> <span class='ocrx_word' id='word_1_263' title='bbox 1764 1935 1929 1996; x_wconf 79' lang='lat' dir='ltr'><strong>atque</strong></span> <span class='ocrx_word' id='word_1_264' title='bbox 1957 1927 2203 1993; x_wconf 85' lang='lat' dir='ltr'><strong>instruit,</strong></span> 
     </span>
    </p>
   </div>
   <div class='ocr_carea' id='block_1_37' title="bbox 2304 1926 3887 2016">
    <p class='ocr_par' dir='ltr' id='par_1_37' title="bbox 2311 1926 3887 2016">
     <span class='ocr_line' id='line_1_37' title="bbox 2311 1926 3887 2016; baseline 0.013 -36"><span class='ocrx_word' id='word_1_265' title='bbox 2311 1944 2406 1999; x_wconf 85' lang='grc' dir='ltr'>ρον</span> <span class='ocrx_word' id='word_1_266' title='bbox 2430 1929 2465 2000; x_wconf 81' lang='grc' dir='ltr'>ἢ</span> <span class='ocrx_word' id='word_1_267' title='bbox 2502 1929 2642 1984; x_wconf 84' lang='grc' dir='ltr'>κατὰ</span> <span class='ocrx_word' id='word_1_268' title='bbox 2663 1929 2725 1983; x_wconf 83' lang='grc' dir='ltr'><strong>τὺ</strong></span> <span class='ocrx_word' id='word_1_269' title='bbox 2758 1926 2889 2002; x_wconf 81' lang='grc' dir='ltr'>ἦθος</span> <span class='ocrx_word' id='word_1_270' title='bbox 2909 1932 3080 1998; x_wconf 79' lang='grc' dir='ltr'>τελεῖς</span> <span class='ocrx_word' id='word_1_271' title='bbox 3110 1937 3190 1998; x_wconf 83' lang='grc' dir='ltr'><strong>εἰς</strong></span> <span class='ocrx_word' id='word_1_272' title='bbox 3222 1939 3458 2010; x_wconf 79' lang='grc' dir='ltr'>ῥήτορας</span> <span class='ocrx_word' id='word_1_273' title='bbox 3487 1941 3619 2012; x_wconf 88' lang='grc'>(78).</span> <span class='ocrx_word' id='word_1_274' title='bbox 3653 1945 3743 2016; x_wconf 80' lang='grc' dir='ltr'><strong>Μὴ</strong></span> <span class='ocrx_word' id='word_1_275' title='bbox 3773 1946 3887 2000; x_wconf 63' lang='grc' dir='ltr'>τοία</span> 
     </span>
    </p>
   </div>
   <div class='ocr_carea' id='block_1_38' title="bbox 626 2018 2220 2111">
    <p class='ocr_par' dir='ltr' id='par_1_38' title="bbox 626 2018 2206 2091">
     <span class='ocr_line' id='line_1_38' title="bbox 626 2018 2206 2091; baseline -0.001 -18"><span class='ocrx_word' id='word_1_276' title='bbox 626 2025 710 2078; x_wconf 83' lang='lat' dir='ltr'><strong>vir</strong></span> <span class='ocrx_word' id='word_1_277' title='bbox 744 2023 958 2078; x_wconf 84' lang='lat' dir='ltr'><strong>scilicet</strong></span> <span class='ocrx_word' id='word_1_278' title='bbox 995 2021 1278 2091; x_wconf 83' lang='lat' dir='ltr'><strong>papularis</strong></span> <span class='ocrx_word' id='word_1_279' title='bbox 1321 2019 1748 2091; x_wconf 69' lang='lat' dir='ltr'><strong>gubernationis</strong></span> <span class='ocrx_word' id='word_1_280' title='bbox 1773 2019 1964 2088; x_wconf 87' lang='lat' dir='ltr'><strong>peritia</strong></span> <span class='ocrx_word' id='word_1_281' title='bbox 1993 2018 2206 2073; x_wconf 82' lang='lat' dir='ltr'><strong>Aristo-</strong></span> 
     </span>
    </p>
   </div>
   <div class='ocr_carea' id='block_1_39' title="bbox 2304 2018 3887 2111">
    <p class='ocr_par' dir='ltr' id='par_1_39' title="bbox 2308 2020 3887 2111">
     <span class='ocr_line' id='line_1_39' title="bbox 2308 2020 3887 2111; baseline 0.012 -37"><span class='ocrx_word' id='word_1_282' title='bbox 2308 2037 2405 2076; x_wconf 81' lang='grc' dir='ltr'><strong>νυν</strong></span> <span class='ocrx_word' id='word_1_283' title='bbox 2435 2020 2669 2093; x_wconf 81' lang='grc' dir='ltr'><strong>θελήσῃς</strong></span> <span class='ocrx_word' id='word_1_284' title='bbox 2705 2023 2970 2094; x_wconf 84' lang='grc' dir='ltr'>προέσθαι</span> <span class='ocrx_word' id='word_1_285' title='bbox 2993 2027 3094 2098; x_wconf 85' lang='grc' dir='ltr'>τῆς</span> <span class='ocrx_word' id='word_1_286' title='bbox 3123 2027 3439 2099; x_wconf 77' lang='grc' dir='ltr'>φιλοσοφίας</span> <span class='ocrx_word' id='word_1_287' title='bbox 3474 2034 3596 2088; x_wconf 81' lang='grc' dir='ltr'>ὅσον</span> <span class='ocrx_word' id='word_1_288' title='bbox 3625 2038 3887 2111; x_wconf 86' lang='grc' dir='ltr'>προείλη-</span> 
     </span>
    </p>
   </div>
   <div class='ocr_carea' id='block_1_40' title="bbox 626 2106 2220 2202">
    <p class='ocr_par' dir='ltr' id='par_1_40' title="bbox 626 2106 2204 2183">
     <span class='ocr_line' id='line_1_40' title="bbox 626 2106 2204 2183; baseline -0.003 -17"><span class='ocrx_word' id='word_1_289' title='bbox 626 2114 803 2183; x_wconf 89' lang='lat' dir='ltr'><strong>phane</strong></span> <span class='ocrx_word' id='word_1_290' title='bbox 837 2113 1034 2182; x_wconf 90' lang='lat' dir='ltr'><strong>potior.</strong></span> <span class='ocrx_word' id='word_1_291' title='bbox 1073 2109 1271 2165; x_wconf 77' lang='lat' dir='ltr'><strong>Verum</strong></span> <span class='ocrx_word' id='word_1_292' title='bbox 1306 2124 1434 2165; x_wconf 91' lang='lat' dir='ltr'><strong>eum</strong></span> <span class='ocrx_word' id='word_1_293' title='bbox 1469 2108 1659 2163; x_wconf 89' lang='lat' dir='ltr'><strong>rhetor</strong></span> <span class='ocrx_word' id='word_1_294' title='bbox 1709 2107 1943 2172; x_wconf 86' lang='lat' dir='ltr'><strong>voceris,</strong></span> <span class='ocrx_word' id='word_1_295' title='bbox 1987 2106 2204 2179; x_wconf 87' lang='lat' dir='ltr'><strong>quidvis</strong></span> 
     </span>
    </p>
   </div>
   <div class='ocr_carea' id='block_1_41' title="bbox 2304 2106 3884 2202">
    <p class='ocr_par' dir='ltr' id='par_1_41' title="bbox 2309 2106 3884 2202">
     <span class='ocr_line' id='line_1_41' title="bbox 2309 2106 3884 2202; baseline 0.012 -36"><span class='ocrx_word' id='word_1_296' title='bbox 2309 2127 2437 2183; x_wconf 84' lang='grc' dir='ltr'>φας,</span> <span class='ocrx_word' id='word_1_297' title='bbox 2469 2112 2604 2182; x_wconf 75' lang='grc' dir='ltr'>μηδὲ</span> <span class='ocrx_word' id='word_1_298' title='bbox 2636 2112 2707 2166; x_wconf 84' lang='grc' dir='ltr'>τὰ</span> <span class='ocrx_word' id='word_1_299' title='bbox 2755 2113 2985 2198; x_wconf 70' lang='grc' dir='ltr'>δεύτερα</span> <span class='ocrx_word' id='word_1_300' title='bbox 3020 2117 3150 2190; x_wconf 75' lang='grc' dir='ltr'>ἔχῃς</span> <span class='ocrx_word' id='word_1_301' title='bbox 3182 2120 3298 2191; x_wconf 82' lang='grc'>(79)</span> <span class='ocrx_word' id='word_1_302' title='bbox 3348 2124 3407 2177; x_wconf 80' lang='grc' dir='ltr'>ὲν</span> <span class='ocrx_word' id='word_1_303' title='bbox 3447 2128 3562 2192; x_wconf 76' lang='grc' dir='ltr'>τοῖς</span> <span class='ocrx_word' id='word_1_304' title='bbox 3604 2106 3884 2202; x_wconf 67' lang='grc' dir='ltr'>δεύτέροίς</span> 
     </span>
    </p>
   </div>
   <div class='ocr_carea' id='block_1_42' title="bbox 624 2198 2220 2282">
    <p class='ocr_par' dir='ltr' id='par_1_42' title="bbox 624 2198 2204 2275">
     <span class='ocr_line' id='line_1_42' title="bbox 624 2198 2204 2275; baseline -0.005 -16"><span class='ocrx_word' id='word_1_305' title='bbox 624 2214 805 2261; x_wconf 85' lang='lat' dir='ltr'><strong>tamen</strong></span> <span class='ocrx_word' id='word_1_306' title='bbox 856 2204 1062 2275; x_wconf 90' lang='lat' dir='ltr'><strong>potius,</strong></span> <span class='ocrx_word' id='word_1_307' title='bbox 1109 2216 1273 2274; x_wconf 86' lang='lat' dir='ltr'><strong>quam</strong></span> <span class='ocrx_word' id='word_1_308' title='bbox 1320 2198 1503 2272; x_wconf 87' lang='lat' dir='ltr'><strong>quoad</strong></span> <span class='ocrx_word' id='word_1_309' title='bbox 1550 2215 1734 2256; x_wconf 91' lang='lat' dir='ltr'><strong>mores</strong></span> <span class='ocrx_word' id='word_1_310' title='bbox 1783 2201 2000 2264; x_wconf 86' lang='lat' dir='ltr'><strong>attinet,</strong></span> <span class='ocrx_word' id='word_1_311' title='bbox 2060 2198 2204 2254; x_wconf 85' lang='lat' dir='ltr'><strong>inter</strong></span> 
     </span>
    </p>
   </div>
   <div class='ocr_carea' id='block_1_43' title="bbox 2304 2198 3885 2282">
    <p class='ocr_par' dir='ltr' id='par_1_43' title="bbox 2313 2198 3885 2282">
     <span class='ocr_line' id='line_1_43' title="bbox 2313 2198 3885 2282; baseline 0.014 -27"><span class='ocrx_word' id='word_1_312' title='bbox 2313 2202 2572 2275; x_wconf 77' lang='grc' dir='ltr'>μᾶλλονῆ</span> <span class='ocrx_word' id='word_1_313' title='bbox 2606 2202 2672 2256; x_wconf 74' lang='grc' dir='ltr'><strong>τὰ</strong></span> <span class='ocrx_word' id='word_1_314' title='bbox 2711 2204 2904 2276; x_wconf 84' lang='grc' dir='ltr'>πρῶτα</span> <span class='ocrx_word' id='word_1_315' title='bbox 2934 2207 2992 2259; x_wconf 77' lang='grc' dir='ltr'>ἑν</span> <span class='ocrx_word' id='word_1_316' title='bbox 3017 2211 3130 2273; x_wconf 80' lang='grc' dir='ltr'>τοῖς</span> <span class='ocrx_word' id='word_1_317' title='bbox 3165 2214 3459 2282; x_wconf 82' lang='grc' dir='ltr'>μεγίστοις.</span> <span class='ocrx_word' id='word_1_318' title='bbox 3496 2218 3559 2271; x_wconf 81' lang='lat' dir='ltr'><strong>Et</strong></span> <span class='ocrx_word' id='word_1_319' title='bbox 3591 2218 3647 2271; x_wconf 84' lang='grc' dir='ltr'>δὲ</span> <span class='ocrx_word' id='word_1_320' title='bbox 3682 2198 3775 2275; x_wconf 60' lang='grc' dir='ltr'><strong>καί</strong></span> <span class='ocrx_word' id='word_1_321' title='bbox 3810 2221 3885 2276; x_wconf 81' lang='grc' dir='ltr'><strong>τὰ</strong></span> 
     </span>
    </p>
   </div>
   <div class='ocr_carea' id='block_1_44' title="bbox 624 2291 2195 2363">
    <p class='ocr_par' dir='ltr' id='par_1_44' title="bbox 624 2291 2195 2363">
     <span class='ocr_line' id='line_1_44' title="bbox 624 2291 2195 2363; baseline -0.004 -9"><span class='ocrx_word' id='word_1_322' title='bbox 624 2301 869 2355; x_wconf 85' lang='lat' dir='ltr'><strong>rhetores</strong></span> <span class='ocrx_word' id='word_1_323' title='bbox 906 2297 1173 2354; x_wconf 85' lang='lat' dir='ltr'><strong>censeris.</strong></span> <span class='ocrx_word' id='word_1_324' title='bbox 1228 2294 1503 2361; x_wconf 83' lang='lat' dir='ltr'><strong>Quocirca</strong></span> <span class='ocrx_word' id='word_1_325' title='bbox 1547 2293 1662 2350; x_wconf 88' lang='lat' dir='ltr'><strong>noli</strong></span> <span class='ocrx_word' id='word_1_326' title='bbox 1719 2291 1773 2348; x_wconf 90' lang='lat' dir='ltr'><strong>id</strong></span> <span class='ocrx_word' id='word_1_327' title='bbox 1818 2292 2195 2363; x_wconf 73' lang='lat' dir='ltr'><strong>philosophiae,</strong></span> 
     </span>
    </p>
   </div>
   <div class='ocr_carea' id='block_1_45' title="bbox 621 2384 2196 2460">
    <p class='ocr_par' dir='ltr' id='par_1_45' title="bbox 621 2384 2196 2460">
     <span class='ocr_line' id='line_1_45' title="bbox 621 2384 2196 2460; baseline -0.003 -18"><span class='ocrx_word' id='word_1_328' title='bbox 621 2390 767 2460; x_wconf 85' lang='lat' dir='ltr'><strong>quod</strong></span> <span class='ocrx_word' id='word_1_329' title='bbox 795 2390 908 2460; x_wconf 81' lang='lat' dir='ltr'><strong>jam</strong></span> <span class='ocrx_word' id='word_1_330' title='bbox 946 2386 1226 2458; x_wconf 86' lang='lat' dir='ltr'><strong>accepisti,</strong></span> <span class='ocrx_word' id='word_1_331' title='bbox 1253 2386 1546 2456; x_wconf 86' lang='lat' dir='ltr'><strong>projicere,</strong></span> <span class='ocrx_word' id='word_1_332' title='bbox 1583 2398 1685 2439; x_wconf 87' lang='lat' dir='ltr'><strong>nec</strong></span> <span class='ocrx_word' id='word_1_333' title='bbox 1717 2384 1992 2439; x_wconf 88' lang='lat' dir='ltr'><strong>secundas</strong></span> <span class='ocrx_word' id='word_1_334' title='bbox 2013 2384 2196 2453; x_wconf 81' lang='lat' dir='ltr'><strong>potius</strong></span> 
     </span>
    </p>
   </div>
   <div class='ocr_carea' id='block_1_46' title="bbox 2307 2292 3884 2381">
    <p class='ocr_par' dir='ltr' id='par_1_46' title="bbox 2307 2292 3884 2381">
     <span class='ocr_line' id='line_1_46' title="bbox 2307 2292 3884 2381; baseline 0.011 -35"><span class='ocrx_word' id='word_1_335' title='bbox 2307 2292 2499 2365; x_wconf 86' lang='grc' dir='ltr'>πρῶτα</span> <span class='ocrx_word' id='word_1_336' title='bbox 2524 2293 2632 2347; x_wconf 85' lang='grc' dir='ltr'><strong>τῶν</strong></span> <span class='ocrx_word' id='word_1_337' title='bbox 2667 2294 2901 2348; x_wconf 71' lang='grc' dir='ltr'>ἐνταῦθα</span> <span class='ocrx_word' id='word_1_338' title='bbox 2944 2296 3189 2370; x_wconf 79' lang='grc' dir='ltr'>δοίημεν,</span> <span class='ocrx_word' id='word_1_339' title='bbox 3229 2305 3303 2376; x_wconf 83' lang='grc' dir='ltr'>μὴ</span> <span class='ocrx_word' id='word_1_340' title='bbox 3332 2306 3543 2381; x_wconf 81' lang='grc' dir='ltr'>ἀνάσχῃ</span> <span class='ocrx_word' id='word_1_341' title='bbox 3573 2310 3884 2381; x_wconf 80' lang='grc' dir='ltr'>ἀριστεύειν</span> 
     </span>
    </p>
   </div>
   <div class='ocr_carea' id='block_1_47' title="bbox 2304 2382 3494 2467">
    <p class='ocr_par' dir='ltr' id='par_1_47' title="bbox 2304 2382 3494 2467">
     <span class='ocr_line' id='line_1_47' title="bbox 2304 2382 3494 2467; baseline 0.016 -33"><span class='ocrx_word' id='word_1_342' title='bbox 2304 2385 2365 2436; x_wconf 77' lang='grc' dir='ltr'>ὲν</span> <span class='ocrx_word' id='word_1_343' title='bbox 2393 2382 2621 2448; x_wconf 81' lang='grc' dir='ltr'>κολοιοῖς</span> <span class='ocrx_word' id='word_1_344' title='bbox 2656 2382 2790 2454; x_wconf 89' lang='grc'>(80),</span> <span class='ocrx_word' id='word_1_345' title='bbox 2825 2385 2983 2450; x_wconf 73' lang='grc' dir='ltr'>ἀετὸς</span> <span class='ocrx_word' id='word_1_346' title='bbox 3010 2383 3147 2444; x_wconf 84' lang='grc' dir='ltr'>εῐναι</span> <span class='ocrx_word' id='word_1_347' title='bbox 3178 2392 3494 2467; x_wconf 81' lang='grc' dir='ltr'>δυνάμενος.</span> 
     </span>
    </p>
   </div>
   <div class='ocr_carea' id='block_1_48' title="bbox 624 2476 3883 2559">
    <p class='ocr_par' dir='ltr' id='par_1_48' title="bbox 624 2476 3883 2559">
     <span class='ocr_line' id='line_1_48' title="bbox 624 2476 3883 2559; baseline 0.004 -24"><span class='ocrx_word' id='word_1_348' title='bbox 624 2482 679 2536; x_wconf 91' lang='lat' dir='ltr'><strong>in</strong></span> <span class='ocrx_word' id='word_1_349' title='bbox 727 2481 985 2538; x_wconf 86' lang='lat' dir='ltr'><strong>secundis</strong></span> <span class='ocrx_word' id='word_1_350' title='bbox 1028 2480 1212 2546; x_wconf 89' lang='lat' dir='ltr'><strong>rebus,</strong></span> <span class='ocrx_word' id='word_1_351' title='bbox 1270 2493 1432 2548; x_wconf 88' lang='lat' dir='ltr'><strong>quam</strong></span> <span class='ocrx_word' id='word_1_352' title='bbox 1472 2478 1680 2547; x_wconf 87' lang='lat' dir='ltr'><strong>primas</strong></span> <span class='ocrx_word' id='word_1_353' title='bbox 1726 2478 1782 2532; x_wconf 92' lang='lat' dir='ltr'><strong>in</strong></span> <span class='ocrx_word' id='word_1_354' title='bbox 1840 2476 2096 2531; x_wconf 81' lang='lat' dir='ltr'><strong>maximis</strong></span> <span class='ocrx_word' id='word_1_355' title='bbox 2141 2476 2367 2532; x_wconf 85' lang='lat' dir='ltr'><strong>habeas.</strong></span> <span class='ocrx_word' id='word_1_356' title='bbox 2426 2477 2604 2547; x_wconf 87' lang='lat' dir='ltr'><strong>Atque</strong></span> <span class='ocrx_word' id='word_1_357' title='bbox 2674 2486 2734 2533; x_wconf 91' lang='lat' dir='ltr'><strong>ut</strong></span> <span class='ocrx_word' id='word_1_358' title='bbox 2774 2480 2938 2535; x_wconf 89' lang='lat' dir='ltr'><strong>etiam</strong></span> <span class='ocrx_word' id='word_1_359' title='bbox 2990 2483 3197 2552; x_wconf 86' lang='lat' dir='ltr'><strong>primas</strong></span> <span class='ocrx_word' id='word_1_360' title='bbox 3252 2488 3576 2559; x_wconf 64' lang='lat' dir='ltr'><strong>eloquentia</strong></span> <span class='ocrx_word' id='word_1_361' title='bbox 3640 2491 3735 2546; x_wconf 88' lang='lat' dir='ltr'><strong>tibi</strong></span> <span class='ocrx_word' id='word_1_362' title='bbox 3786 2492 3883 2549; x_wconf 84' lang='lat' dir='ltr'><strong>de-</strong></span> 
     </span>
    </p>
   </div>
   <div class='ocr_carea' id='block_1_49' title="bbox 625 2567 2939 2639">
    <p class='ocr_par' dir='ltr' id='par_1_49' title="bbox 625 2567 2939 2639">
     <span class='ocr_line' id='line_1_49' title="bbox 625 2567 2939 2639; baseline 0 -14"><span class='ocrx_word' id='word_1_363' title='bbox 625 2588 770 2636; x_wconf 81' lang='lat' dir='ltr'><strong>mus,</strong></span> <span class='ocrx_word' id='word_1_364' title='bbox 822 2587 888 2625; x_wconf 92' lang='lat' dir='ltr'><strong>ne</strong></span> <span class='ocrx_word' id='word_1_365' title='bbox 933 2570 1207 2627; x_wconf 83' lang='lat' dir='ltr'><strong>sustineas</strong></span> <span class='ocrx_word' id='word_1_366' title='bbox 1255 2571 1398 2622; x_wconf 88' lang='lat' dir='ltr'><strong>inter</strong></span> <span class='ocrx_word' id='word_1_367' title='bbox 1447 2568 1704 2639; x_wconf 74' lang='lat' dir='ltr'><strong>graculos</strong></span> <span class='ocrx_word' id='word_1_368' title='bbox 1752 2567 2043 2635; x_wconf 76' lang='lat' dir='ltr'><strong>excellere,</strong></span> <span class='ocrx_word' id='word_1_369' title='bbox 2078 2582 2205 2623; x_wconf 88' lang='lat' dir='ltr'><strong>cum</strong></span> <span class='ocrx_word' id='word_1_370' title='bbox 2240 2568 2424 2639; x_wconf 84' lang='lat' dir='ltr'><strong>aquila</strong></span> <span class='ocrx_word' id='word_1_371' title='bbox 2453 2583 2577 2625; x_wconf 80' lang='lat' dir='ltr'><strong>esse</strong></span> <span class='ocrx_word' id='word_1_372' title='bbox 2606 2571 2806 2638; x_wconf 87' lang='lat' dir='ltr'><strong>possis.</strong></span> <span class='ocrx_word' id='word_1_373' title='bbox 2921 2570 2939 2584; x_wconf 85' lang='lat'><em>‘</em></span> 
     </span>
    </p>
   </div>
   <div class='ocr_carea' id='block_1_50' title="bbox 698 2691 2199 2766">
    <p class='ocr_par' dir='ltr' id='par_1_50' title="bbox 698 2691 2199 2766">
     <span class='ocr_line' id='line_1_50' title="bbox 698 2691 2199 2766; baseline 0.001 -19"><span class='ocrx_word' id='word_1_374' title='bbox 698 2692 855 2765; x_wconf 67' lang='grc'><strong>147</strong></span> <span class='ocrx_word' id='word_1_375' title='bbox 894 2691 1190 2761; x_wconf 84' lang='lat' dir='ltr'><strong>Quousque</strong></span> <span class='ocrx_word' id='word_1_376' title='bbox 1217 2691 1289 2746; x_wconf 92' lang='lat' dir='ltr'><strong>ob</strong></span> <span class='ocrx_word' id='word_1_377' title='bbox 1318 2707 1405 2747; x_wconf 90' lang='lat' dir='ltr'><strong>res</strong></span> <span class='ocrx_word' id='word_1_378' title='bbox 1446 2708 1643 2763; x_wconf 85' lang='lat' dir='ltr'><strong>parvas</strong></span> <span class='ocrx_word' id='word_1_379' title='bbox 1671 2693 1935 2765; x_wconf 89' lang='lat' dir='ltr'><strong>humique</strong></span> <span class='ocrx_word' id='word_1_380' title='bbox 1977 2703 2199 2766; x_wconf 90' lang='lat' dir='ltr'><strong>reptan-</strong></span> 
     </span>
    </p>
   </div>
   <div class='ocr_carea' id='block_1_51' title="bbox 624 2782 2198 2853">
    <p class='ocr_par' dir='ltr' id='par_1_51' title="bbox 624 2782 2198 2853">
     <span class='ocr_line' id='line_1_51' title="bbox 624 2782 2198 2853; baseline 0.001 -14"><span class='ocrx_word' id='word_1_381' title='bbox 624 2793 706 2839; x_wconf 89' lang='lat' dir='ltr'><strong>tes</strong></span> <span class='ocrx_word' id='word_1_382' title='bbox 735 2782 1010 2845; x_wconf 87' lang='lat' dir='ltr'><strong>inllamur,</strong></span> <span class='ocrx_word' id='word_1_383' title='bbox 1047 2790 1212 2853; x_wconf 91' lang='lat' dir='ltr'><strong>atque</strong></span> <span class='ocrx_word' id='word_1_384' title='bbox 1252 2782 1396 2838; x_wconf 90' lang='lat' dir='ltr'><strong>inter</strong></span> <span class='ocrx_word' id='word_1_385' title='bbox 1427 2783 1865 2841; x_wconf 87' lang='lat' dir='ltr'><strong>adolescentulos</strong></span> <span class='ocrx_word' id='word_1_386' title='bbox 1899 2793 1947 2841; x_wconf 92' lang='lat' dir='ltr'><strong>el</strong></span> <span class='ocrx_word' id='word_1_387' title='bbox 1986 2784 2198 2841; x_wconf 86' lang='lat' dir='ltr'><strong>fabulas</strong></span> 
     </span>
    </p>
   </div>
   <div class='ocr_carea' id='block_1_52' title="bbox 625 2874 2201 2944">
    <p class='ocr_par' dir='ltr' id='par_1_52' title="bbox 625 2874 2201 2944">
     <span class='ocr_line' id='line_1_52' title="bbox 625 2874 2201 2944; baseline -0.001 -14"><span class='ocrx_word' id='word_1_388' title='bbox 625 2876 886 2939; x_wconf 87' lang='lat' dir='ltr'><strong>ludimus,</strong></span> <span class='ocrx_word' id='word_1_389' title='bbox 933 2881 986 2929; x_wconf 86' lang='lat' dir='ltr'><strong>et</strong></span> <span class='ocrx_word' id='word_1_390' title='bbox 1024 2889 1053 2928; x_wconf 91' lang='lat' dir='ltr'><strong>a</strong></span> <span class='ocrx_word' id='word_1_391' title='bbox 1086 2874 1370 2944; x_wconf 89' lang='lat' dir='ltr'><strong>plausibus</strong></span> <span class='ocrx_word' id='word_1_392' title='bbox 1421 2874 1474 2928; x_wconf 92' lang='lat' dir='ltr'><strong>in</strong></span> <span class='ocrx_word' id='word_1_393' title='bbox 1513 2875 1684 2929; x_wconf 90' lang='lat' dir='ltr'><strong>altum</strong></span> <span class='ocrx_word' id='word_1_394' title='bbox 1720 2876 2060 2929; x_wconf 83' lang='lat' dir='ltr'><strong>attollimur?</strong></span> <span class='ocrx_word' id='word_1_395' title='bbox 2102 2875 2201 2929; x_wconf 79' lang='lat' dir='ltr'><strong>Mi-</strong></span> 
     </span>
    </p>
   </div>
   <div class='ocr_carea' id='block_1_53' title="bbox 623 2963 2196 3037">
    <p class='ocr_par' dir='ltr' id='par_1_53' title="bbox 623 2963 2196 3037">
     <span class='ocr_line' id='line_1_53' title="bbox 623 2963 2196 3037; baseline 0 -18"><span class='ocrx_word' id='word_1_396' title='bbox 623 2980 843 3037; x_wconf 85' lang='lat' dir='ltr'><strong>grcmus</strong></span> <span class='ocrx_word' id='word_1_397' title='bbox 878 2964 1031 3027; x_wconf 90' lang='lat' dir='ltr'><strong>hinc,</strong></span> <span class='ocrx_word' id='word_1_398' title='bbox 1060 2964 1164 3018; x_wconf 88' lang='lat' dir='ltr'><strong>viri</strong></span> <span class='ocrx_word' id='word_1_399' title='bbox 1208 2963 1528 3029; x_wconf 78' lang='lat' dir='ltr'><strong>efﬁciamur,</strong></span> <span class='ocrx_word' id='word_1_400' title='bbox 1577 2966 1793 3019; x_wconf 91' lang='lat' dir='ltr'><strong>somnia</strong></span> <span class='ocrx_word' id='word_1_401' title='bbox 1824 2965 2196 3035; x_wconf 85' lang='lat' dir='ltr'><strong>projiciamus,</strong></span> 
     </span>
    </p>
   </div>
   <div class='ocr_carea' id='block_1_54' title="bbox 625 3054 2199 3125">
    <p class='ocr_par' dir='ltr' id='par_1_54' title="bbox 625 3054 2199 3125">
     <span class='ocr_line' id='line_1_54' title="bbox 625 3054 2199 3125; baseline -0.002 -16"><span class='ocrx_word' id='word_1_402' title='bbox 625 3055 849 3110; x_wconf 88' lang='lat' dir='ltr'><strong>umbras</strong></span> <span class='ocrx_word' id='word_1_403' title='bbox 906 3061 1328 3125; x_wconf 61' lang='lat' dir='ltr'><strong>pratereamus,</strong></span> <span class='ocrx_word' id='word_1_404' title='bbox 1394 3054 1516 3109; x_wconf 88' lang='lat' dir='ltr'><strong>aliis</strong></span> <span class='ocrx_word' id='word_1_405' title='bbox 1575 3055 1701 3108; x_wconf 71' lang='lat' dir='ltr'><strong>vita:</strong></span> <span class='ocrx_word' id='word_1_406' title='bbox 1767 3054 2199 3121; x_wconf 86' lang='lat' dir='ltr'><strong>oblectamenta,</strong></span> 
     </span>
    </p>
   </div>
   <div class='ocr_carea' id='block_1_55' title="bbox 2374 2697 3880 2773">
    <p class='ocr_par' dir='ltr' id='par_1_55' title="bbox 2374 2697 3880 2773">
     <span class='ocr_line' id='line_1_55' title="bbox 2374 2697 3880 2773; baseline 0.003 -21"><span class='ocrx_word' id='word_1_407' title='bbox 2374 2698 2554 2770; x_wconf 84' lang='grc' dir='ltr'>Μέχρι</span> <span class='ocrx_word' id='word_1_408' title='bbox 2602 2698 2747 2764; x_wconf 89' lang='grc' dir='ltr'>τίνος</span> <span class='ocrx_word' id='word_1_409' title='bbox 2800 2697 3099 2771; x_wconf 85' lang='grc' dir='ltr'>φυσώμεθα</span> <span class='ocrx_word' id='word_1_410' title='bbox 3146 2700 3259 2763; x_wconf 77' lang='grc' dir='ltr'>τοῖς</span> <span class='ocrx_word' id='word_1_411' title='bbox 3286 2701 3506 2771; x_wconf 76' lang='grc' dir='ltr'>μικροῖς</span> <span class='ocrx_word' id='word_1_412' title='bbox 3550 2702 3644 2754; x_wconf 75' lang='grc' dir='ltr'><strong>καὶ</strong></span> <span class='ocrx_word' id='word_1_413' title='bbox 3702 2702 3880 2773; x_wconf 79' lang='grc' dir='ltr'>χαμαὶ</span> 
     </span>
    </p>
   </div>
   <div class='ocr_carea' id='block_1_56' title="bbox 2307 2789 3881 2863">
    <p class='ocr_par' dir='ltr' id='par_1_56' title="bbox 2307 2789 3881 2863">
     <span class='ocr_line' id='line_1_56' title="bbox 2307 2789 3881 2863; baseline 0.006 -22"><span class='ocrx_word' id='word_1_414' title='bbox 2307 2789 2639 2860; x_wconf 72' lang='grc' dir='ltr'>ἐρχομένοις,</span> <span class='ocrx_word' id='word_1_415' title='bbox 2674 2791 2769 2844; x_wconf 75' lang='grc' dir='ltr'>καὶ</span> <span class='ocrx_word' id='word_1_416' title='bbox 2812 2791 3072 2863; x_wconf 80' lang='grc' dir='ltr'>παίζομεν</span> <span class='ocrx_word' id='word_1_417' title='bbox 3107 2792 3167 2845; x_wconf 82' lang='grc' dir='ltr'>ὲν</span> <span class='ocrx_word' id='word_1_418' title='bbox 3201 2791 3575 2863; x_wconf 84' lang='grc' dir='ltr'>μειρακίσκοις</span> <span class='ocrx_word' id='word_1_419' title='bbox 3610 2794 3703 2847; x_wconf 73' lang='grc' dir='ltr'>κάι</span> <span class='ocrx_word' id='word_1_420' title='bbox 3744 2792 3881 2850; x_wconf 75' lang='grc' dir='ltr'>πλάο</span> 
     </span>
    </p>
   </div>
   <div class='ocr_carea' id='block_1_57' title="bbox 2308 2880 3880 2955">
    <p class='ocr_par' dir='ltr' id='par_1_57' title="bbox 2308 2880 3880 2955">
     <span class='ocr_line' id='line_1_57' title="bbox 2308 2880 3880 2955; baseline 0.004 -24"><span class='ocrx_word' id='word_1_421' title='bbox 2308 2896 2498 2949; x_wconf 85' lang='grc' dir='ltr'>σμασι,</span> <span class='ocrx_word' id='word_1_422' title='bbox 2528 2882 2622 2933; x_wconf 65' lang='grc' dir='ltr'><strong>κα)⁵</strong></span> <span class='ocrx_word' id='word_1_423' title='bbox 2667 2880 2772 2934; x_wconf 79' lang='grc' dir='ltr'><strong>ὑπὸ</strong></span> <span class='ocrx_word' id='word_1_424' title='bbox 2800 2882 2908 2934; x_wconf 85' lang='grc' dir='ltr'><strong>τῶν</strong></span> <span class='ocrx_word' id='word_1_425' title='bbox 2941 2883 3151 2951; x_wconf 87' lang='grc' dir='ltr'>κρότων</span> <span class='ocrx_word' id='word_1_426' title='bbox 3201 2883 3504 2955; x_wconf 81' lang='grc' dir='ltr'>αἱρόμεθα;</span> <span class='ocrx_word' id='word_1_427' title='bbox 3533 2884 3880 2955; x_wconf 79' lang='grc' dir='ltr'>Μεταὸὧμεν</span> 
     </span>
    </p>
   </div>
   <div class='ocr_carea' id='block_1_58' title="bbox 2309 2968 3878 3047">
    <p class='ocr_par' dir='ltr' id='par_1_58' title="bbox 2309 2968 3878 3047">
     <span class='ocr_line' id='line_1_58' title="bbox 2309 2968 3878 3047; baseline 0.008 -28"><span class='ocrx_word' id='word_1_428' title='bbox 2309 2968 2581 3034; x_wconf 80' lang='grc' dir='ltr'>ἐντεῦθεν,</span> <span class='ocrx_word' id='word_1_429' title='bbox 2629 2969 2823 3041; x_wconf 80' lang='grc' dir='ltr'>ἄνδρες</span> <span class='ocrx_word' id='word_1_430' title='bbox 2867 2970 3173 3043; x_wconf 86' lang='grc' dir='ltr'>γενώμεθα,</span> <span class='ocrx_word' id='word_1_431' title='bbox 3208 2972 3460 3044; x_wconf 42' lang='grc' dir='ltr'>ῥίψωμεν,</span> <span class='ocrx_word' id='word_1_432' title='bbox 3498 2975 3566 3029; x_wconf 80' lang='grc' dir='ltr'><strong>τὰ</strong></span> <span class='ocrx_word' id='word_1_433' title='bbox 3602 2974 3878 3047; x_wconf 83' lang='grc' dir='ltr'>ὀνείρατα,</span> 
     </span>
    </p>
   </div>
   <div class='ocr_carea' id='block_1_59' title="bbox 2307 3059 3881 3140">
    <p class='ocr_par' dir='ltr' id='par_1_59' title="bbox 2307 3059 3881 3140">
     <span class='ocr_line' id='line_1_59' title="bbox 2307 3059 3881 3140; baseline 0.007 -30"><span class='ocrx_word' id='word_1_434' title='bbox 2307 3059 2756 3131; x_wconf 86' lang='grc' dir='ltr'>παραδράμωμεν</span> <span class='ocrx_word' id='word_1_435' title='bbox 2800 3061 2899 3124; x_wconf 82' lang='grc' dir='ltr'><strong>τὰς</strong></span> <span class='ocrx_word' id='word_1_436' title='bbox 2931 3062 3108 3127; x_wconf 81' lang='grc' dir='ltr'>σκιὰς,</span> <span class='ocrx_word' id='word_1_437' title='bbox 3142 3062 3324 3128; x_wconf 77' lang='grc' dir='ltr'>ἄλλοις</span> <span class='ocrx_word' id='word_1_438' title='bbox 3352 3064 3615 3136; x_wconf 85' lang='grc' dir='ltr'>παρῶμεν</span> <span class='ocrx_word' id='word_1_439' title='bbox 3640 3066 3708 3120; x_wconf 84' lang='grc' dir='ltr'><strong>τὰ</strong></span> <span class='ocrx_word' id='word_1_440' title='bbox 3751 3085 3881 3140; x_wconf 88' lang='grc' dir='ltr'>τερ-</span> 
     </span>
    </p>
   </div>
   <div class='ocr_carea' id='block_1_60' title="bbox 624 3126 2220 3235">
    <p class='ocr_par' dir='ltr' id='par_1_60' title="bbox 624 3144 2203 3217">
     <span class='ocr_line' id='line_1_60' title="bbox 624 3144 2203 3217; baseline 0.001 -18"><span class='ocrx_word' id='word_1_441' title='bbox 624 3147 856 3217; x_wconf 89' lang='lat' dir='ltr'><strong>plusque</strong></span> <span class='ocrx_word' id='word_1_442' title='bbox 897 3145 1105 3202; x_wconf 85' lang='lat' dir='ltr'><strong>doloris</strong></span> <span class='ocrx_word' id='word_1_443' title='bbox 1148 3160 1312 3215; x_wconf 86' lang='lat' dir='ltr'><strong>quam</strong></span> <span class='ocrx_word' id='word_1_444' title='bbox 1356 3145 1655 3214; x_wconf 84' lang='lat' dir='ltr'><strong>voluptatis</strong></span> <span class='ocrx_word' id='word_1_445' title='bbox 1716 3144 1995 3213; x_wconf 87' lang='lat' dir='ltr'><strong>habentia,</strong></span> <span class='ocrx_word' id='word_1_446' title='bbox 2035 3147 2203 3202; x_wconf 87' lang='lat' dir='ltr'><strong>relin-</strong></span> 
     </span>
    </p>
   </div>
   <div class='ocr_carea' id='block_1_61' title="bbox 2304 3126 3880 3235">
    <p class='ocr_par' dir='ltr' id='par_1_61' title="bbox 2307 3126 3880 3235">
     <span class='ocr_line' id='line_1_61' title="bbox 2307 3126 3880 3235; baseline 0.008 -35"><span class='ocrx_word' id='word_1_447' title='bbox 2307 3126 2415 3201; x_wconf 63' lang='grc' dir='ltr'>πνέι</span> <span class='ocrx_word' id='word_1_448' title='bbox 2446 3126 2540 3202; x_wconf 80' lang='grc' dir='ltr'><strong>τοῦ</strong></span> <span class='ocrx_word' id='word_1_449' title='bbox 2568 3126 2716 3221; x_wconf 65' lang='grc' dir='ltr'>βίον,</span> <span class='ocrx_word' id='word_1_450' title='bbox 2748 3152 2842 3204; x_wconf 78' lang='grc' dir='ltr'>καὶ</span> <span class='ocrx_word' id='word_1_451' title='bbox 2868 3151 3029 3205; x_wconf 87' lang='grc' dir='ltr'>πλέον</span> <span class='ocrx_word' id='word_1_452' title='bbox 3064 3126 3316 3225; x_wconf 51' lang='grc' dir='ltr'>όδυνηράξ</span> <span class='ocrx_word' id='word_1_453' title='bbox 3362 3126 3586 3235; x_wconf 61' lang='grc' dir='ltr'>Ἄλλονς</span> <span class='ocrx_word' id='word_1_454' title='bbox 3617 3126 3880 3230; x_wconf 71' lang='grc' dir='ltr'>πραγμα-</span> 
     </span>
    </p>
   </div>
   <div class='ocr_carea' id='block_1_62' title="bbox 622 3236 2205 3308">
    <p class='ocr_par' dir='ltr' id='par_1_62' title="bbox 622 3236 2205 3308">
     <span class='ocr_line' id='line_1_62' title="bbox 622 3236 2205 3308; baseline 0.001 -17"><span class='ocrx_word' id='word_1_455' title='bbox 622 3252 876 3308; x_wconf 87' lang='lat' dir='ltr'><strong>quamus.</strong></span> <span class='ocrx_word' id='word_1_456' title='bbox 918 3236 1071 3293; x_wconf 88' lang='lat' dir='ltr'><strong>Alios</strong></span> <span class='ocrx_word' id='word_1_457' title='bbox 1115 3244 1413 3307; x_wconf 90' lang='lat' dir='ltr'><strong>occupatos</strong></span> <span class='ocrx_word' id='word_1_458' title='bbox 1462 3244 1705 3302; x_wconf 88' lang='lat' dir='ltr'><strong>teneant,</strong></span> <span class='ocrx_word' id='word_1_459' title='bbox 1760 3238 1991 3308; x_wconf 88' lang='lat' dir='ltr'><strong>jactent,</strong></span> <span class='ocrx_word' id='word_1_460' title='bbox 2025 3238 2205 3293; x_wconf 85' lang='lat' dir='ltr'><strong>ludil&#39;l-</strong></span> 
     </span>
    </p>
   </div>
   <div class='ocr_carea' id='block_1_63' title="bbox 622 3327 2202 3398">
    <p class='ocr_par' dir='ltr' id='par_1_63' title="bbox 622 3327 2202 3398">
     <span class='ocr_line' id='line_1_63' title="bbox 622 3327 2202 3398; baseline 0.001 -17"><span class='ocrx_word' id='word_1_461' title='bbox 622 3334 817 3384; x_wconf 88' lang='lat' dir='ltr'><strong>centur</strong></span> <span class='ocrx_word' id='word_1_462' title='bbox 849 3327 1073 3390; x_wconf 90' lang='lat' dir='ltr'><strong>invidia,</strong></span> <span class='ocrx_word' id='word_1_463' title='bbox 1105 3336 1160 3383; x_wconf 91' lang='lat' dir='ltr'><strong>et</strong></span> <span class='ocrx_word' id='word_1_464' title='bbox 1195 3335 1433 3398; x_wconf 87' lang='lat' dir='ltr'><strong>tempus,</strong></span> <span class='ocrx_word' id='word_1_465' title='bbox 1469 3336 1523 3384; x_wconf 92' lang='lat' dir='ltr'><strong>et</strong></span> <span class='ocrx_word' id='word_1_466' title='bbox 1558 3327 1803 3385; x_wconf 84' lang='lat' dir='ltr'><strong>fortuna.</strong></span> <span class='ocrx_word' id='word_1_467' title='bbox 1848 3328 2005 3396; x_wconf 89' lang='lat' dir='ltr'><strong>Quod</strong></span> <span class='ocrx_word' id='word_1_468' title='bbox 2052 3330 2202 3385; x_wconf 79' lang='lat' dir='ltr'><strong>scili-</strong></span> 
     </span>
    </p>
   </div>
   <div class='ocr_carea' id='block_1_64' title="bbox 623 3420 2199 3502">
    <p class='ocr_par' dir='ltr' id='par_1_64' title="bbox 623 3420 2199 3502">
     <span class='ocr_line' id='line_1_64' title="bbox 623 3420 2199 3502; baseline 0 -27"><span class='ocrx_word' id='word_1_469' title='bbox 623 3428 708 3476; x_wconf 88' lang='lat' dir='ltr'><strong>cet</strong></span> <span class='ocrx_word' id='word_1_470' title='bbox 767 3435 952 3475; x_wconf 75' lang='lat' dir='ltr'><strong>rerum&#39;</strong></span> <span class='ocrx_word' id='word_1_471' title='bbox 1000 3420 1362 3502; x_wconf 83' lang='lat' dir='ltr'><strong>human_arum</strong></span> <span class='ocrx_word' id='word_1_472' title='bbox 1416 3421 1846 3475; x_wconf 85' lang='lat' dir='ltr'><strong>inconstantiam</strong></span> <span class='ocrx_word' id='word_1_473' title='bbox 1901 3421 2199 3491; x_wconf 89' lang='lat' dir='ltr'><strong>appellant,</strong></span> 
     </span>
    </p>
   </div>
   <div class='ocr_carea' id='block_1_65' title="bbox 624 3513 2203 3583">
    <p class='ocr_par' dir='ltr' id='par_1_65' title="bbox 624 3513 2203 3583">
     <span class='ocr_line' id='line_1_65' title="bbox 624 3513 2203 3583; baseline 0.002 -18"><span class='ocrx_word' id='word_1_474' title='bbox 624 3514 839 3568; x_wconf 88' lang='lat' dir='ltr'><strong>valeant</strong></span> <span class='ocrx_word' id='word_1_475' title='bbox 869 3513 1072 3578; x_wconf 88' lang='lat' dir='ltr'><strong>throni,</strong></span> <span class='ocrx_word' id='word_1_476' title='bbox 1120 3513 1487 3583; x_wconf 86' lang='lat' dir='ltr'><strong>principatus,</strong></span> <span class='ocrx_word' id='word_1_477' title='bbox 1523 3529 1679 3583; x_wconf 88' lang='lat' dir='ltr'><strong>opes,</strong></span> <span class='ocrx_word' id='word_1_478' title='bbox 1716 3513 2059 3583; x_wconf 82' lang='lat' dir='ltr'><strong>splendores,</strong></span> <span class='ocrx_word' id='word_1_479' title='bbox 2090 3516 2203 3569; x_wconf 90' lang='lat' dir='ltr'><strong>ela-</strong></span> 
     </span>
    </p>
   </div>
   <div class='ocr_carea' id='block_1_66' title="bbox 624 3604 2201 3676">
    <p class='ocr_par' dir='ltr' id='par_1_66' title="bbox 624 3604 2201 3676">
     <span class='ocr_line' id='line_1_66' title="bbox 624 3604 2201 3676; baseline 0.003 -19"><span class='ocrx_word' id='word_1_480' title='bbox 624 3605 824 3669; x_wconf 86' lang='lat' dir='ltr'><strong>tiones,</strong></span> <span class='ocrx_word' id='word_1_481' title='bbox 878 3619 1061 3669; x_wconf 90' lang='lat' dir='ltr'><strong>casus,</strong></span> <span class='ocrx_word' id='word_1_482' title='bbox 1114 3604 1241 3658; x_wconf 85' lang='lat' dir='ltr'><strong>vilis</strong></span> <span class='ocrx_word' id='word_1_483' title='bbox 1288 3605 1405 3659; x_wconf 64' lang='lat' dir='ltr'><strong>haec</strong></span> <span class='ocrx_word' id='word_1_484' title='bbox 1455 3615 1507 3660; x_wconf 87' lang='lat' dir='ltr'><strong>et</strong></span> <span class='ocrx_word' id='word_1_485' title='bbox 1556 3606 1914 3675; x_wconf 86' lang='lat' dir='ltr'><strong>despicabilis</strong></span> <span class='ocrx_word' id='word_1_486' title='bbox 1954 3608 2201 3676; x_wconf 81' lang='lat' dir='ltr'><strong>gloriola,</strong></span> 
     </span>
    </p>
   </div>
   <div class='ocr_carea' id='block_1_67' title="bbox 696 3779 2196 3853">
    <p class='ocr_par' dir='ltr' id='par_1_67' title="bbox 696 3779 2196 3853">
     <span class='ocr_line' id='line_1_67' title="bbox 696 3779 2196 3853; baseline 0.003 -21"><span class='ocrx_word' id='word_1_487' title='bbox 696 3781 807 3853; x_wconf 76' lang='lat'><strong>(72)</strong></span> <span class='ocrx_word' id='word_1_488' title='bbox 858 3780 910 3834; x_wconf 83' lang='grc' dir='ltr'><strong><em>Ὀ</em></strong></span> <span class='ocrx_word' id='word_1_489' title='bbox 940 3782 1158 3853; x_wconf 71' lang='grc' dir='ltr'>τρόπος</span> <span class='ocrx_word' id='word_1_490' title='bbox 1188 3782 1281 3835; x_wconf 79' lang='grc' dir='ltr'>καὶ</span> <span class='ocrx_word' id='word_1_491' title='bbox 1320 3782 1406 3835; x_wconf 91' lang='grc' dir='ltr'>τό.</span> <span class='ocrx_word' id='word_1_492' title='bbox 1443 3781 1518 3853; x_wconf 81' lang='lat' dir='ltr'><strong>Ita</strong></span> <span class='ocrx_word' id='word_1_493' title='bbox 1552 3781 1676 3836; x_wconf 86' lang='lat' dir='ltr'><strong>cod.</strong></span> <span class='ocrx_word' id='word_1_494' title='bbox 1710 3779 1842 3853; x_wconf 79' lang='lat' dir='ltr'><strong>Reg.</strong></span> <span class='ocrx_word' id='word_1_495' title='bbox 1869 3789 1923 3838; x_wconf 87' lang='lat' dir='ltr'><strong>et</strong></span> <span class='ocrx_word' id='word_1_496' title='bbox 1952 3783 2196 3839; x_wconf 89' lang='lat' dir='ltr'><strong>Combef.</strong></span> 
     </span>
    </p>
   </div>
   <div class='ocr_carea' id='block_1_68' title="bbox 622 3849 1496 3922">
    <p class='ocr_par' dir='ltr' id='par_1_68' title="bbox 622 3849 1496 3922">
     <span class='ocr_line' id='line_1_68' title="bbox 622 3849 1496 3922; baseline 0 -19"><span class='ocrx_word' id='word_1_497' title='bbox 622 3849 681 3904; x_wconf 88' lang='lat' dir='ltr'><strong>lu</strong></span> <span class='ocrx_word' id='word_1_498' title='bbox 707 3849 907 3922; x_wconf 14' lang='lat' dir='ltr'><strong>edit.76</strong></span> <span class='ocrx_word' id='word_1_499' title='bbox 932 3852 1131 3922; x_wconf 73' lang='grc' dir='ltr'>τρόπος</span> <span class='ocrx_word' id='word_1_500' title='bbox 1152 3854 1267 3905; x_wconf 76' lang='grc' dir='ltr'>ἐστὶ</span> <span class='ocrx_word' id='word_1_501' title='bbox 1298 3853 1394 3922; x_wconf 73' lang='grc' dir='ltr'>καὶ</span> <span class='ocrx_word' id='word_1_502' title='bbox 1418 3851 1496 3904; x_wconf 88' lang='grc' dir='ltr'>τό.</span> 
     </span>
    </p>
   </div>
   <div class='ocr_carea' id='block_1_69' title="bbox 717 3921 2091 3991">
    <p class='ocr_par' dir='ltr' id='par_1_69' title="bbox 717 3921 2091 3991">
     <span class='ocr_line' id='line_1_69' title="bbox 717 3921 2091 3991; baseline 0.002 -18"><span class='ocrx_word' id='word_1_503' title='bbox 717 3921 805 3985; x_wconf 77' lang='grc'>75)</span> <span class='ocrx_word' id='word_1_504' title='bbox 854 3921 919 3976; x_wconf 89' lang='lat' dir='ltr'><strong>&#39;H</strong></span> <span class='ocrx_word' id='word_1_505' title='bbox 961 3923 1311 3991; x_wconf 74' lang='grc' dir='ltr'>νοσοκομια.</span> <span class='ocrx_word' id='word_1_506' title='bbox 1347 3921 1521 3991; x_wconf 87' lang='lat' dir='ltr'><strong>Bill._:</strong></span> <span class='ocrx_word' id='word_1_507' title='bbox 1558 3921 1793 3976; x_wconf 81' lang='lat' dir='ltr'><strong>Adversa</strong></span> <span class='ocrx_word' id='word_1_508' title='bbox 1824 3922 2091 3976; x_wconf 79' lang='lat' dir='ltr'><strong>valetudo.</strong></span> 
     </span>
    </p>
   </div>
   <div class='ocr_carea' id='block_1_70' title="bbox 718 3989 2198 4072">
    <p class='ocr_par' dir='ltr' id='par_1_70' title="bbox 718 3989 2198 4072">
     <span class='ocr_line' id='line_1_70' title="bbox 718 3989 2198 4072; baseline 0.004 -30"><span class='ocrx_word' id='word_1_509' title='bbox 845 3990 1030 4072; x_wconf 52' lang='lat' dir='ltr'><strong>Aonii</strong></span> <span class='ocrx_word' id='word_1_510' title='bbox 1051 3991 1131 4072; x_wconf 78' lang='grc' dir='ltr'>τῷ</span> <span class='ocrx_word' id='word_1_511' title='bbox 1161 3989 1448 4072; x_wconf 61' lang='grc' dir='ltr'><strong>Πλὰξωνι.</strong></span> <span class='ocrx_word' id='word_1_512' title='bbox 1477 3989 1563 4072; x_wconf 67' lang='lat' dir='ltr'><strong>ita</strong></span> <span class='ocrx_word' id='word_1_513' title='bbox 1592 3990 1830 4072; x_wconf 81' lang='lat' dir='ltr'><strong>Montac.</strong></span> <span class='ocrx_word' id='word_1_514' title='bbox 1869 4000 1923 4046; x_wconf 86' lang='lat' dir='ltr'><strong>et</strong></span> <span class='ocrx_word' id='word_1_515' title='bbox 1951 3992 2198 4072; x_wconf 74' lang='lat' dir='ltr'><strong>Combei.</strong></span> 
     </span>
    </p>
   </div>
   <div class='ocr_carea' id='block_1_71' title="bbox 624 4060 2198 4132">
    <p class='ocr_par' dir='ltr' id='par_1_71' title="bbox 624 4060 2198 4132">
     <span class='ocr_line' id='line_1_71' title="bbox 624 4060 2198 4132; baseline 0.003 -19"><span class='ocrx_word' id='word_1_516' title='bbox 624 4060 681 4132; x_wconf 90' lang='lat' dir='ltr'><strong>In</strong></span> <span class='ocrx_word' id='word_1_517' title='bbox 710 4060 840 4132; x_wconf 74' lang='lat' dir='ltr'><strong>edit.</strong></span> <span class='ocrx_word' id='word_1_518' title='bbox 876 4061 936 4115; x_wconf 85' lang='grc' dir='ltr'>τὸ</span> <span class='ocrx_word' id='word_1_519' title='bbox 966 4062 1234 4126; x_wconf 83' lang='grc' dir='ltr'>Πλάτωνι,</span> <span class='ocrx_word' id='word_1_520' title='bbox 1270 4060 1682 4132; x_wconf 83' lang='lat' dir='ltr'><strong>Ptatonivisum</strong></span> <span class='ocrx_word' id='word_1_521' title='bbox 1703 4070 1817 4126; x_wconf 78' lang='lat' dir='ltr'><strong>est;</strong></span> <span class='ocrx_word' id='word_1_522' title='bbox 1850 4077 1913 4115; x_wconf 89' lang='lat' dir='ltr'><strong>ac</strong></span> <span class='ocrx_word' id='word_1_523' title='bbox 1946 4062 2198 4132; x_wconf 88' lang='lat' dir='ltr'><strong>proinde,</strong></span> 
     </span>
    </p>
   </div>
   <div class='ocr_carea' id='block_1_72' title="bbox 623 4130 2202 4197">
    <p class='ocr_par' dir='ltr' id='par_1_72' title="bbox 623 4130 2202 4197">
     <span class='ocr_line' id='line_1_72' title="bbox 623 4130 2202 4197; baseline 0.003 -14"><span class='ocrx_word' id='word_1_524' title='bbox 623 4131 702 4184; x_wconf 83' lang='lat' dir='ltr'><strong>ait</strong></span> <span class='ocrx_word' id='word_1_525' title='bbox 740 4130 889 4197; x_wconf 91' lang='lat' dir='ltr'><strong>Bil|.,</strong></span> <span class='ocrx_word' id='word_1_526' title='bbox 926 4132 1275 4187; x_wconf 82' lang='lat' dir='ltr'><strong>Academiam</strong></span> <span class='ocrx_word' id='word_1_527' title='bbox 1308 4131 1644 4187; x_wconf 85' lang='lat' dir='ltr'><strong>insalubrem</strong></span> <span class='ocrx_word' id='word_1_528' title='bbox 1662 4133 1855 4186; x_wconf 67' lang='lat' dir='ltr'><strong>Atticae</strong></span> <span class='ocrx_word' id='word_1_529' title='bbox 1881 4130 2059 4186; x_wconf 77' lang='lat' dir='ltr'><strong>locum</strong></span> <span class='ocrx_word' id='word_1_530' title='bbox 2089 4135 2202 4188; x_wconf 83' lang='lat' dir='ltr'><strong>ele-</strong></span> 
     </span>
    </p>
   </div>
   <div class='ocr_carea' id='block_1_73' title="bbox 622 4201 2197 4272">
    <p class='ocr_par' dir='ltr' id='par_1_73' title="bbox 622 4201 2197 4272">
     <span class='ocr_line' id='line_1_73' title="bbox 622 4201 2197 4272; baseline 0.002 -19"><span class='ocrx_word' id='word_1_531' title='bbox 622 4202 769 4268; x_wconf 82' lang='lat' dir='ltr'><strong>gisse</strong></span> <span class='ocrx_word' id='word_1_532' title='bbox 809 4202 1043 4263; x_wconf 85' lang='lat' dir='ltr'><strong>dicitur,</strong></span> <span class='ocrx_word' id='word_1_533' title='bbox 1097 4208 1157 4256; x_wconf 94' lang='lat' dir='ltr'><strong>ut</strong></span> <span class='ocrx_word' id='word_1_534' title='bbox 1207 4201 1373 4256; x_wconf 90' lang='lat' dir='ltr'><strong>nimis</strong></span> <span class='ocrx_word' id='word_1_535' title='bbox 1422 4203 1601 4272; x_wconf 88' lang='lat' dir='ltr'><strong>bonus</strong></span> <span class='ocrx_word' id='word_1_536' title='bbox 1647 4202 1899 4272; x_wconf 88' lang='lat' dir='ltr'><strong>corporis</strong></span> <span class='ocrx_word' id='word_1_537' title='bbox 1950 4201 2197 4272; x_wconf 80' lang='lat' dir='ltr'><strong>habitus,</strong></span> 
     </span>
    </p>
   </div>
   <div class='ocr_carea' id='block_1_74' title="bbox 623 4270 2200 4339">
    <p class='ocr_par' dir='ltr' id='par_1_74' title="bbox 623 4270 2200 4339">
     <span class='ocr_line' id='line_1_74' title="bbox 623 4270 2200 4339; baseline 0.004 -17"><span class='ocrx_word' id='word_1_538' title='bbox 623 4280 881 4339; x_wconf 75' lang='lat' dir='ltr'><strong>tanquam</strong></span> <span class='ocrx_word' id='word_1_539' title='bbox 936 4272 1104 4325; x_wconf 86' lang='lat' dir='ltr'><strong>nimia</strong></span> <span class='ocrx_word' id='word_1_540' title='bbox 1158 4272 1287 4325; x_wconf 85' lang='lat' dir='ltr'><strong>vitis</strong></span> <span class='ocrx_word' id='word_1_541' title='bbox 1330 4271 1575 4326; x_wconf 82' lang='lat' dir='ltr'><strong>luxuries</strong></span> <span class='ocrx_word' id='word_1_542' title='bbox 1625 4270 2022 4339; x_wconf 84' lang='lat' dir='ltr'><strong>amputaretur.</strong></span> <span class='ocrx_word' id='word_1_543' title='bbox 2065 4270 2200 4329; x_wconf 87' lang='lat' dir='ltr'><strong>Vide</strong></span> 
     </span>
    </p>
   </div>
   <div class='ocr_carea' id='block_1_75' title="bbox 622 4338 1308 4410">
    <p class='ocr_par' dir='ltr' id='par_1_75' title="bbox 622 4338 1308 4410">
     <span class='ocr_line' id='line_1_75' title="bbox 622 4338 1308 4410; baseline 0.003 -17"><span class='ocrx_word' id='word_1_544' title='bbox 622 4338 870 4394; x_wconf 87' lang='lat' dir='ltr'><strong>Ficinum</strong></span> <span class='ocrx_word' id='word_1_545' title='bbox 915 4342 969 4395; x_wconf 92' lang='lat' dir='ltr'><strong>in</strong></span> <span class='ocrx_word' id='word_1_546' title='bbox 1003 4340 1126 4410; x_wconf 84' lang='lat' dir='ltr'><strong>ejus</strong></span> <span class='ocrx_word' id='word_1_547' title='bbox 1169 4341 1308 4395; x_wconf 81' lang='lat' dir='ltr'><strong>Vita.</strong></span> 
     </span>
    </p>
   </div>
   <div class='ocr_carea' id='block_1_76' title="bbox 694 4409 2196 4481">
    <p class='ocr_par' dir='ltr' id='par_1_76' title="bbox 694 4409 2196 4481">
     <span class='ocr_line' id='line_1_76' title="bbox 694 4409 2196 4481; baseline 0.001 -18"><span class='ocrx_word' id='word_1_548' title='bbox 694 4410 821 4481; x_wconf 79' lang='lat'><strong>(75)</strong></span> <span class='ocrx_word' id='word_1_549' title='bbox 871 4410 946 4464; x_wconf 85' lang='grc' dir='ltr'><strong>Τὰ</strong></span> <span class='ocrx_word' id='word_1_550' title='bbox 996 4409 1153 4477; x_wconf 80' lang='grc' dir='ltr'>πάθη</span> <span class='ocrx_word' id='word_1_551' title='bbox 1207 4410 1544 4468; x_wconf 58' lang='lat' dir='ltr'><strong>xxiv-satiat.</strong></span> <span class='ocrx_word' id='word_1_552' title='bbox 1601 4410 1847 4469; x_wconf 88' lang='lat' dir='ltr'><strong>Comhef.</strong></span> <span class='ocrx_word' id='word_1_553' title='bbox 1897 4430 1910 4466; x_wconf 90' lang='lat'><strong>:</strong></span> <span class='ocrx_word' id='word_1_554' title='bbox 1961 4410 2029 4465; x_wconf 83' lang='lat' dir='ltr'><strong>Ut</strong></span> <span class='ocrx_word' id='word_1_555' title='bbox 2078 4411 2196 4481; x_wconf 87' lang='lat' dir='ltr'><strong>jam</strong></span> 
     </span>
    </p>
   </div>
   <div class='ocr_carea' id='block_1_77' title="bbox 621 4478 1426 4548">
    <p class='ocr_par' dir='ltr' id='par_1_77' title="bbox 621 4478 1426 4548">
     <span class='ocr_line' id='line_1_77' title="bbox 621 4478 1426 4548; baseline 0.002 -16"><span class='ocrx_word' id='word_1_556' title='bbox 621 4478 1042 4548; x_wconf 73' lang='lat' dir='ltr'><strong>perturbationes</strong></span> <span class='ocrx_word' id='word_1_557' title='bbox 1090 4490 1245 4548; x_wconf 86' lang='lat' dir='ltr'><strong>atque</strong></span> <span class='ocrx_word' id='word_1_558' title='bbox 1296 4481 1426 4534; x_wconf 80' lang='lat' dir='ltr'><strong>uitia</strong></span> 
     </span>
    </p>
   </div>
   <div class='ocr_carea' id='block_1_78' title="bbox 622 4549 2194 4623">
    <p class='ocr_par' dir='ltr' id='par_1_78' title="bbox 622 4549 2194 4623">
     <span class='ocr_line' id='line_1_78' title="bbox 622 4549 2194 4623; baseline 0.001 -20"><span class='ocrx_word' id='word_1_559' title='bbox 622 4549 765 4623; x_wconf 69' lang='lat' dir='ltr'><strong>Mox,</strong></span> <span class='ocrx_word' id='word_1_560' title='bbox 799 4564 896 4623; x_wconf 79' lang='lat' dir='ltr'><strong>pro</strong></span> <span class='ocrx_word' id='word_1_561' title='bbox 927 4549 1252 4623; x_wconf 75' lang='grc' dir='ltr'>κᾴπτεσθαι,</span> <span class='ocrx_word' id='word_1_562' title='bbox 1282 4549 1539 4623; x_wconf 69' lang='lat' dir='ltr'><strong>morderi.</strong></span> <span class='ocrx_word' id='word_1_563' title='bbox 1580 4553 1760 4607; x_wconf 88' lang='lat' dir='ltr'><strong>reddit</strong></span> <span class='ocrx_word' id='word_1_564' title='bbox 1791 4551 1907 4606; x_wconf 83' lang='lat' dir='ltr'><strong>Bill.</strong></span> <span class='ocrx_word' id='word_1_565' title='bbox 1944 4553 2194 4623; x_wconf 76' lang='grc' dir='ltr'>κᾴμπτε-</span> 
     </span>
    </p>
   </div>
   <div class='ocr_carea' id='block_1_79' title="bbox 623 4618 2195 4743">
    <p class='ocr_par' dir='ltr' id='par_1_79' title="bbox 623 4618 2195 4743">
     <span class='ocr_line' id='line_1_79' title="bbox 623 4618 2195 4743; baseline 0.003 -72"><span class='ocrx_word' id='word_1_566' title='bbox 623 4618 769 4743; x_wconf 49' lang='grc' dir='ltr'>σθαι,</span> <span class='ocrx_word' id='word_1_567' title='bbox 804 4620 982 4743; x_wconf 55' lang='grc' dir='ltr'><strong>[Ἔνιβί</strong></span> <span class='ocrx_word' id='word_1_568' title='bbox 1002 4633 1020 4684; x_wconf 87' lang='grc'><strong><em>;</em></strong></span> <span class='ocrx_word' id='word_1_569' title='bbox 1056 4621 1246 4691; x_wconf 89' lang='lat' dir='ltr'><strong>sicque</strong></span> <span class='ocrx_word' id='word_1_570' title='bbox 1281 4621 1574 4692; x_wconf 86' lang='lat' dir='ltr'><strong>legendum</strong></span> <span class='ocrx_word' id='word_1_571' title='bbox 1616 4630 1930 4695; x_wconf 89' lang='lat' dir='ltr'><strong>proponunt</strong></span> <span class='ocrx_word' id='word_1_572' title='bbox 1957 4618 2195 4677; x_wconf 85' lang='lat' dir='ltr'><strong>Montac.</strong></span> 
     </span>
     <span class='ocr_line' id='line_1_80' title="bbox 623 4704 957 4743; baseline -0.003 0"><span class='ocrx_word' id='word_1_573' title='bbox 623 4708 650 4743; x_wconf 83' lang='lat' dir='ltr'><strong>e</strong></span> <span class='ocrx_word' id='word_1_574' title='bbox 739 4704 841 4742; x_wconf 84' lang='lat' dir='ltr'><strong>.om</strong></span> <span class='ocrx_word' id='word_1_575' title='bbox 887 4706 914 4743; x_wconf 82' lang='lat' dir='ltr'><strong>e</strong></span> <span class='ocrx_word' id='word_1_576' title='bbox 943 4727 957 4742; x_wconf 94' lang='lat'><strong>.</strong></span> 
     </span>
    </p>
   </div>
   <div class='ocr_carea' id='block_1_80' title="bbox 621 4691 957 4745">
    <p class='ocr_par' dir='ltr' id='par_1_80' title="bbox 621 4691 957 4745">
     <span class='ocr_line' id='line_1_81' title="bbox 621 4691 957 4745; baseline -0.006 0"><span class='ocrx_word' id='word_1_577' title='bbox 621 4691 686 4745; x_wconf 72' lang='grc' dir='ltr'><strong>ρι’</strong></span> <span class='ocrx_word' id='word_1_578' title='bbox 710 4691 957 4743; x_wconf 76' lang='lat' dir='ltr'><strong>(Iomhel&#39;.</strong></span> 
     </span>
    </p>
   </div>
   <div class='ocr_carea' id='block_1_81' title="bbox 693 4758 2197 4831">
    <p class='ocr_par' dir='ltr' id='par_1_81' title="bbox 693 4758 2197 4831">
     <span class='ocr_line' id='line_1_82' title="bbox 693 4758 2197 4831; baseline 0.003 -18"><span class='ocrx_word' id='word_1_579' title='bbox 693 4759 805 4831; x_wconf 86' lang='lat'><strong>(76)</strong></span> <span class='ocrx_word' id='word_1_580' title='bbox 840 4758 1006 4831; x_wconf 63' lang='lat' dir='ltr'><strong>pws</strong></span> <span class='ocrx_word' id='word_1_581' title='bbox 1052 4758 1303 4831; x_wconf 68' lang='grc' dir='ltr'>γέγονας</span> <span class='ocrx_word' id='word_1_582' title='bbox 1347 4760 1552 4828; x_wconf 84' lang='grc' dir='ltr'>κακός.</span> <span class='ocrx_word' id='word_1_583' title='bbox 1603 4760 1678 4816; x_wconf 84' lang='lat' dir='ltr'><strong>ita</strong></span> <span class='ocrx_word' id='word_1_584' title='bbox 1737 4762 1863 4817; x_wconf 90' lang='lat' dir='ltr'><strong>cod.</strong></span> <span class='ocrx_word' id='word_1_585' title='bbox 1913 4760 2078 4827; x_wconf 67' lang='lat'><strong>2022,</strong></span> <span class='ocrx_word' id='word_1_586' title='bbox 2131 4776 2197 4817; x_wconf 90' lang='lat' dir='ltr'><strong>ac</strong></span> 
     </span>
    </p>
   </div>
   <div class='ocr_carea' id='block_1_82' title="bbox 621 4828 2191 4897">
    <p class='ocr_par' dir='ltr' id='par_1_82' title="bbox 621 4828 2191 4897">
     <span class='ocr_line' id='line_1_83' title="bbox 621 4828 2191 4897; baseline 0.001 -13"><span class='ocrx_word' id='word_1_587' title='bbox 621 4828 868 4886; x_wconf 79' lang='lat' dir='ltr'><strong>Cninbef.</strong></span> <span class='ocrx_word' id='word_1_588' title='bbox 894 4831 1043 4885; x_wconf 74' lang='lat' dir='ltr'><strong>Alias</strong></span> <span class='ocrx_word' id='word_1_589' title='bbox 1059 4828 1262 4895; x_wconf 78' lang='grc' dir='ltr'>κακῶς,</span> <span class='ocrx_word' id='word_1_590' title='bbox 1282 4846 1372 4883; x_wconf 86' lang='lat' dir='ltr'><strong>nec</strong></span> <span class='ocrx_word' id='word_1_591' title='bbox 1395 4830 1549 4884; x_wconf 78' lang='lat' dir='ltr'><strong>mala:</strong></span> <span class='ocrx_word' id='word_1_592' title='bbox 1573 4832 1768 4887; x_wconf 78' lang='lat' dir='ltr'><strong>indolis</strong></span> <span class='ocrx_word' id='word_1_593' title='bbox 1794 4834 1949 4886; x_wconf 84' lang='lat' dir='ltr'><strong>homo</strong></span> <span class='ocrx_word' id='word_1_594' title='bbox 1965 4849 2016 4887; x_wconf 78' lang='lat' dir='ltr'><strong>es</strong></span> <span class='ocrx_word' id='word_1_595' title='bbox 2036 4847 2055 4895; x_wconf 81' lang='lat'><strong>,&#39;</strong></span> <span class='ocrx_word' id='word_1_596' title='bbox 2088 4832 2191 4897; x_wconf 85' lang='lat' dir='ltr'><strong>vel,</strong></span> 
     </span>
    </p>
   </div>
   <div class='ocr_carea' id='block_1_83' title="bbox 622 4898 2189 4971">
    <p class='ocr_par' dir='ltr' id='par_1_83' title="bbox 622 4898 2189 4971">
     <span class='ocr_line' id='line_1_84' title="bbox 622 4898 2189 4971; baseline 0.003 -19"><span class='ocrx_word' id='word_1_597' title='bbox 622 4900 757 4971; x_wconf 84' lang='lat' dir='ltr'><strong>male</strong></span> <span class='ocrx_word' id='word_1_598' title='bbox 804 4910 963 4971; x_wconf 78' lang='lat' dir='ltr'><strong>natus</strong></span> <span class='ocrx_word' id='word_1_599' title='bbox 997 4918 1071 4954; x_wconf 70' lang='lat' dir='ltr'><strong>es.</strong></span> <span class='ocrx_word' id='word_1_600' title='bbox 1100 4899 1223 4971; x_wconf 75' lang='lat' dir='ltr'><strong>Bill.</strong></span> <span class='ocrx_word' id='word_1_601' title='bbox 1260 4917 1274 4952; x_wconf 89' lang='lat'><strong>:</strong></span> <span class='ocrx_word' id='word_1_602' title='bbox 1312 4898 1425 4954; x_wconf 87' lang='lat' dir='ltr'><strong>Nec</strong></span> <span class='ocrx_word' id='word_1_603' title='bbox 1458 4902 1600 4956; x_wconf 80' lang='lat' dir='ltr'><strong>male</strong></span> <span class='ocrx_word' id='word_1_604' title='bbox 1636 4904 1811 4971; x_wconf 78' lang='lat' dir='ltr'><strong>[actus</strong></span> <span class='ocrx_word' id='word_1_605' title='bbox 1854 4920 1926 4956; x_wconf 84' lang='lat' dir='ltr'><strong>es.</strong></span> <span class='ocrx_word' id='word_1_606' title='bbox 1961 4900 2020 4955; x_wconf 89' lang='lat' dir='ltr'><strong>ln</strong></span> <span class='ocrx_word' id='word_1_607' title='bbox 2059 4905 2189 4958; x_wconf 91' lang='lat' dir='ltr'><strong>edit.</strong></span> 
     </span>
    </p>
   </div>
   <div class='ocr_carea' id='block_1_84' title="bbox 618 4968 2195 5043">
    <p class='ocr_par' dir='ltr' id='par_1_84' title="bbox 618 4968 2195 5043">
     <span class='ocr_line' id='line_1_85' title="bbox 618 4968 2195 5043; baseline 0.002 -20"><span class='ocrx_word' id='word_1_608' title='bbox 618 4970 741 5023; x_wconf 73' lang='grc' dir='ltr'>οὐδὲ</span> <span class='ocrx_word' id='word_1_609' title='bbox 770 4970 1000 5043; x_wconf 76' lang='grc' dir='ltr'>γέγονας</span> <span class='ocrx_word' id='word_1_610' title='bbox 1033 4968 1238 5043; x_wconf 75' lang='grc' dir='ltr'>κακῶς,</span> <span class='ocrx_word' id='word_1_611' title='bbox 1282 4980 1337 5025; x_wconf 88' lang='lat' dir='ltr'><strong>at</strong></span> <span class='ocrx_word' id='word_1_612' title='bbox 1369 4972 1510 5043; x_wconf 84' lang='lat' dir='ltr'><strong>forte</strong></span> <span class='ocrx_word' id='word_1_613' title='bbox 1546 4968 1831 5043; x_wconf 83' lang='lat' dir='ltr'><strong>legendum</strong></span> <span class='ocrx_word' id='word_1_614' title='bbox 1864 4971 1985 5024; x_wconf 76' lang='grc' dir='ltr'>οὐδὲ</span> <span class='ocrx_word' id='word_1_615' title='bbox 2016 4972 2195 5043; x_wconf 83' lang='grc' dir='ltr'>γέγω-</span> 
     </span>
    </p>
   </div>
   <div class='ocr_carea' id='block_1_85' title="bbox 619 5040 2193 5112">
    <p class='ocr_par' dir='ltr' id='par_1_85' title="bbox 619 5040 2193 5112">
     <span class='ocr_line' id='line_1_86' title="bbox 619 5040 2193 5112; baseline 0.003 -20"><span class='ocrx_word' id='word_1_616' title='bbox 619 5056 717 5102; x_wconf 84' lang='grc' dir='ltr'><strong>νας</strong></span> <span class='ocrx_word' id='word_1_617' title='bbox 743 5040 950 5112; x_wconf 76' lang='grc' dir='ltr'>κακῶς,</span> <span class='ocrx_word' id='word_1_618' title='bbox 981 5056 1142 5112; x_wconf 79' lang='lat' dir='ltr'><strong>neque</strong></span> <span class='ocrx_word' id='word_1_619' title='bbox 1177 5040 1380 5095; x_wconf 78' lang='lat' dir='ltr'><strong>clamas</strong></span> <span class='ocrx_word' id='word_1_620' title='bbox 1416 5040 1766 5112; x_wconf 77' lang='lat' dir='ltr'><strong>impudenter,</strong></span> <span class='ocrx_word' id='word_1_621' title='bbox 1800 5055 1953 5097; x_wconf 89' lang='lat' dir='ltr'><strong>more</strong></span> <span class='ocrx_word' id='word_1_622' title='bbox 1979 5040 2193 5099; x_wconf 82' lang='lat' dir='ltr'><strong>scilicet</strong></span> 
     </span>
    </p>
   </div>
   <div class='ocr_carea' id='block_1_86' title="bbox 619 5111 1490 5180">
    <p class='ocr_par' dir='ltr' id='par_1_86' title="bbox 619 5111 1490 5180">
     <span class='ocr_line' id='line_1_87' title="bbox 619 5111 1490 5180; baseline 0.005 -18"><span class='ocrx_word' id='word_1_623' title='bbox 619 5111 982 5180; x_wconf 78' lang='lat' dir='ltr'><strong>qttorumdam</strong></span> <span class='ocrx_word' id='word_1_624' title='bbox 1020 5112 1490 5180; x_wconf 88' lang='lat' dir='ltr'><strong>philosophorum.</strong></span> 
     </span>
    </p>
   </div>
   <div class='ocr_carea' id='block_1_87' title="bbox 688 5179 2193 5253">
    <p class='ocr_par' dir='ltr' id='par_1_87' title="bbox 688 5179 2193 5253">
     <span class='ocr_line' id='line_1_88' title="bbox 688 5179 2193 5253; baseline -0.001 -15"><span class='ocrx_word' id='word_1_625' title='bbox 688 5179 801 5252; x_wconf 79' lang='lat'><strong>(77)</strong></span> <span class='ocrx_word' id='word_1_626' title='bbox 860 5179 1217 5253; x_wconf 72' lang='grc' dir='ltr'>Δημόκριτος</span> <span class='ocrx_word' id='word_1_627' title='bbox 1267 5183 1300 5235; x_wconf 86' lang='grc' dir='ltr'><strong>ό</strong></span> <span class='ocrx_word' id='word_1_628' title='bbox 1348 5183 1630 5253; x_wconf 65' lang='grc' dir='ltr'>κρείττων</span> <span class='ocrx_word' id='word_1_629' title='bbox 1675 5184 1758 5253; x_wconf 74' lang='grc' dir='ltr'>εἷς</span> <span class='ocrx_word' id='word_1_630' title='bbox 1808 5180 2193 5253; x_wconf 69' lang='grc' dir='ltr'>δημαγωγίαν</span> 
     </span>
    </p>
   </div>
   <div class='ocr_carea' id='block_1_88' title="bbox 630 5249 2192 5320">
    <p class='ocr_par' dir='ltr' id='par_1_88' title="bbox 630 5249 2192 5320">
     <span class='ocr_line' id='line_1_89' title="bbox 630 5249 2192 5320; baseline 0.003 -17"><span class='ocrx_word' id='word_1_631' title='bbox 630 5249 1122 5320; x_wconf 57' lang='grc' dir='ltr'>Ἄιλιστοεεάνους,</span> <span class='ocrx_word' id='word_1_632' title='bbox 1146 5253 1253 5320; x_wconf 18' lang='lat' dir='ltr'><strong>ita,</strong></span> <span class='ocrx_word' id='word_1_633' title='bbox 1286 5253 1409 5306; x_wconf 92' lang='lat' dir='ltr'><strong>cod.</strong></span> <span class='ocrx_word' id='word_1_634' title='bbox 1449 5252 1513 5305; x_wconf 77' lang='lat' dir='ltr'><strong>ll.</strong></span> <span class='ocrx_word' id='word_1_635' title='bbox 1559 5268 1623 5307; x_wconf 91' lang='lat' dir='ltr'><strong>ac</strong></span> <span class='ocrx_word' id='word_1_636' title='bbox 1666 5249 1912 5306; x_wconf 74' lang='lat' dir='ltr'><strong>Combel‘.</strong></span> <span class='ocrx_word' id='word_1_637' title='bbox 1944 5249 2082 5320; x_wconf 63' lang='lat' dir='ltr'><strong>Huic</strong></span> <span class='ocrx_word' id='word_1_638' title='bbox 2114 5253 2192 5307; x_wconf 90' lang='lat' dir='ltr'><strong>le-</strong></span> 
     </span>
    </p>
   </div>
   <div class='ocr_carea' id='block_1_89' title="bbox 617 5318 2188 5393">
    <p class='ocr_par' dir='ltr' id='par_1_89' title="bbox 617 5318 2188 5393">
     <span class='ocr_line' id='line_1_90' title="bbox 617 5318 2188 5393; baseline 0.002 -22"><span class='ocrx_word' id='word_1_639' title='bbox 617 5323 786 5393; x_wconf 63' lang='lat' dir='ltr'><strong>ctioni</strong></span> <span class='ocrx_word' id='word_1_640' title='bbox 817 5318 960 5393; x_wconf 59' lang='lat' dir='ltr'><strong>favet</strong></span> <span class='ocrx_word' id='word_1_641' title='bbox 982 5319 1128 5390; x_wconf 89' lang='lat' dir='ltr'><strong>quod</strong></span> <span class='ocrx_word' id='word_1_642' title='bbox 1146 5320 1213 5393; x_wconf 74' lang='lat' dir='ltr'><strong>de</strong></span> <span class='ocrx_word' id='word_1_643' title='bbox 1233 5319 1545 5393; x_wconf 74' lang='lat' dir='ltr'><strong>Democrito</strong></span> <span class='ocrx_word' id='word_1_644' title='bbox 1578 5323 1770 5393; x_wconf 86' lang='lat' dir='ltr'><strong>scribit</strong></span> <span class='ocrx_word' id='word_1_645' title='bbox 1801 5320 2002 5393; x_wconf 79' lang='lat' dir='ltr'><strong>Snidas</strong></span> <span class='ocrx_word' id='word_1_646' title='bbox 2024 5318 2188 5393; x_wconf 74' lang='grc' dir='ltr'>εῇρξε</span> 
     </span>
    </p>
   </div>
   <div class='ocr_carea' id='block_1_90' title="bbox 615 5388 2187 5462">
    <p class='ocr_par' dir='ltr' id='par_1_90' title="bbox 615 5388 2187 5462">
     <span class='ocr_line' id='line_1_91' title="bbox 615 5388 2187 5462; baseline 0.002 -20"><span class='ocrx_word' id='word_1_647' title='bbox 615 5390 672 5443; x_wconf 83' lang='grc' dir='ltr'>δὲ</span> <span class='ocrx_word' id='word_1_648' title='bbox 719 5393 777 5462; x_wconf 82' lang='grc' dir='ltr'>ὲν</span> <span class='ocrx_word' id='word_1_649' title='bbox 832 5388 1259 5462; x_wconf 46' lang='grc' dir='ltr'>’Δὸδήροιῆδιὰ</span> <span class='ocrx_word' id='word_1_650' title='bbox 1301 5390 1399 5462; x_wconf 80' lang='grc' dir='ltr'>τὴν</span> <span class='ocrx_word' id='word_1_651' title='bbox 1449 5392 1641 5446; x_wconf 79' lang='grc' dir='ltr'>ἑαυτοῦ</span> <span class='ocrx_word' id='word_1_652' title='bbox 1692 5391 1883 5461; x_wconf 77' lang='grc' dir='ltr'>σοφίαν</span> <span class='ocrx_word' id='word_1_653' title='bbox 1914 5388 2187 5462; x_wconf 69' lang='grc' dir='ltr'>τιμηθὲίς,</span> 
     </span>
    </p>
   </div>
   <div class='ocr_carea' id='block_1_91' title="bbox 616 5460 2188 5533">
    <p class='ocr_par' dir='ltr' id='par_1_91' title="bbox 616 5460 2188 5533">
     <span class='ocr_line' id='line_1_92' title="bbox 616 5460 2188 5533; baseline 0.003 -22"><span class='ocrx_word' id='word_1_654' title='bbox 616 5460 828 5533; x_wconf 74' lang='lat' dir='ltr'><strong>pra&#39;fuit</strong></span> <span class='ocrx_word' id='word_1_655' title='bbox 850 5470 920 5533; x_wconf 79' lang='lat' dir='ltr'><strong>et</strong></span> <span class='ocrx_word' id='word_1_656' title='bbox 951 5460 1337 5533; x_wconf 70' lang='lat' dir='ltr'><strong>Abderitarum</strong></span> <span class='ocrx_word' id='word_1_657' title='bbox 1358 5460 1711 5533; x_wconf 71' lang='lat' dir='ltr'><strong>reipublicae:</strong></span> <span class='ocrx_word' id='word_1_658' title='bbox 1743 5460 2033 5533; x_wconf 60' lang='lat' dir='ltr'><strong>qiaihonbr</strong></span> <span class='ocrx_word' id='word_1_659' title='bbox 2060 5477 2188 5530; x_wconf 85' lang='lat' dir='ltr'><strong>pro-</strong></span> 
     </span>
    </p>
   </div>
   <div class='ocr_carea' id='block_1_92' title="bbox 616 5529 2193 5602">
    <p class='ocr_par' dir='ltr' id='par_1_92' title="bbox 616 5529 2193 5602">
     <span class='ocr_line' id='line_1_93' title="bbox 616 5529 2193 5602; baseline 0.003 -20"><span class='ocrx_word' id='word_1_660' title='bbox 616 5529 920 5602; x_wconf 74' lang='lat' dir='ltr'><strong>ptcripsiuz</strong></span> <span class='ocrx_word' id='word_1_661' title='bbox 953 5533 1274 5600; x_wconf 80' lang='lat' dir='ltr'><strong>sapientiam</strong></span> <span class='ocrx_word' id='word_1_662' title='bbox 1318 5529 1533 5587; x_wconf 77' lang='lat' dir='ltr'><strong>habitus</strong></span> <span class='ocrx_word' id='word_1_663' title='bbox 1581 5534 1708 5602; x_wconf 76' lang='lat' dir='ltr'><strong>fuit.</strong></span> <span class='ocrx_word' id='word_1_664' title='bbox 1754 5529 1862 5598; x_wconf 79' lang='lat' dir='ltr'><strong>Qui</strong></span> <span class='ocrx_word' id='word_1_665' title='bbox 1904 5529 2069 5586; x_wconf 84' lang='lat' dir='ltr'><strong>etiam</strong></span> <span class='ocrx_word' id='word_1_666' title='bbox 2103 5549 2193 5587; x_wconf 69' lang='lat' dir='ltr'><strong>reo</strong></span> 
     </span>
    </p>
   </div>
   <div class='ocr_carea' id='block_1_93' title="bbox 618 5599 2190 5674">
    <p class='ocr_par' dir='ltr' id='par_1_93' title="bbox 618 5599 2190 5674">
     <span class='ocr_line' id='line_1_94' title="bbox 618 5599 2190 5674; baseline 0.004 -23"><span class='ocrx_word' id='word_1_667' title='bbox 618 5599 767 5674; x_wconf 77' lang='lat' dir='ltr'><strong>spuit</strong></span> <span class='ocrx_word' id='word_1_668' title='bbox 814 5599 1095 5674; x_wconf 60' lang='lat' dir='ltr'><strong>Athenas,</strong></span> <span class='ocrx_word' id='word_1_669' title='bbox 1153 5599 1590 5674; x_wconf 81' lang='lat' dir='ltr'><strong>cognominatus</strong></span> <span class='ocrx_word' id='word_1_670' title='bbox 1635 5602 1738 5657; x_wconf 85' lang='lat' dir='ltr'><strong>fuit</strong></span> <span class='ocrx_word' id='word_1_671' title='bbox 1790 5601 2081 5674; x_wconf 85' lang='lat' dir='ltr'><strong>sapientia,</strong></span> <span class='ocrx_word' id='word_1_672' title='bbox 2132 5612 2190 5657; x_wconf 89' lang='lat' dir='ltr'><strong>et</strong></span> 
     </span>
    </p>
   </div>
   <div class='ocr_carea' id='block_1_94' title="bbox 616 5670 2184 5742">
    <p class='ocr_par' dir='ltr' id='par_1_94' title="bbox 616 5670 2184 5742">
     <span class='ocr_line' id='line_1_95' title="bbox 616 5670 2184 5742; baseline 0.004 -21"><span class='ocrx_word' id='word_1_673' title='bbox 616 5670 985 5742; x_wconf 78' lang='lat' dir='ltr'><strong>clarissimum</strong></span> <span class='ocrx_word' id='word_1_674' title='bbox 1039 5672 1183 5726; x_wconf 90' lang='lat' dir='ltr'><strong>inter</strong></span> <span class='ocrx_word' id='word_1_675' title='bbox 1225 5670 1597 5742; x_wconf 72' lang='lat' dir='ltr'><strong>philosophos</strong></span> <span class='ocrx_word' id='word_1_676' title='bbox 1646 5670 1872 5727; x_wconf 56' lang='lat' dir='ltr'><strong>uometr</strong></span> <span class='ocrx_word' id='word_1_677' title='bbox 1899 5673 2135 5727; x_wconf 88' lang='lat' dir='ltr'><strong>obtinuit</strong></span> <span class='ocrx_word' id='word_1_678' title='bbox 2170 5690 2184 5728; x_wconf 91' lang='lat'><strong>:</strong></span> 
     </span>
    </p>
   </div>
   <div class='ocr_carea' id='block_1_95' title="bbox 616 5740 2189 5814">
    <p class='ocr_par' dir='ltr' id='par_1_95' title="bbox 616 5740 2189 5814">
     <span class='ocr_line' id='line_1_96' title="bbox 616 5740 2189 5814; baseline 0.001 -20"><span class='ocrx_word' id='word_1_679' title='bbox 616 5754 738 5794; x_wconf 79' lang='lat' dir='ltr'><strong>cum</strong></span> <span class='ocrx_word' id='word_1_680' title='bbox 772 5740 956 5810; x_wconf 88' lang='lat' dir='ltr'><strong>itaque</strong></span> <span class='ocrx_word' id='word_1_681' title='bbox 997 5743 1195 5795; x_wconf 82' lang='lat' dir='ltr'><strong>merito</strong></span> <span class='ocrx_word' id='word_1_682' title='bbox 1237 5740 1593 5814; x_wconf 68' lang='lat' dir='ltr'><strong>Aristophani</strong></span> <span class='ocrx_word' id='word_1_683' title='bbox 1642 5742 1856 5799; x_wconf 81' lang='lat' dir='ltr'><strong>comico</strong></span> <span class='ocrx_word' id='word_1_684' title='bbox 1904 5743 2189 5813; x_wconf 75' lang='lat' dir='ltr'><strong>anteponit</strong></span> 
     </span>
    </p>
   </div>
   <div class='ocr_carea' id='block_1_96' title="bbox 1477 4478 3047 4551">
    <p class='ocr_par' dir='ltr' id='par_1_96' title="bbox 1477 4478 3047 4551">
     <span class='ocr_line' id='line_1_97' title="bbox 1477 4478 3047 4551; baseline 0.002 -16"><span class='ocrx_word' id='word_1_685' title='bbox 1477 4482 1730 4551; x_wconf 77' lang='lat' dir='ltr'><strong>fatiscant</strong></span> <span class='ocrx_word' id='word_1_686' title='bbox 1781 4491 1830 4537; x_wconf 86' lang='lat' dir='ltr'><strong>et</strong></span> <span class='ocrx_word' id='word_1_687' title='bbox 1892 4478 2193 4536; x_wconf 83' lang='lat' dir='ltr'><strong>concidant.</strong></span> <span class='ocrx_word' id='word_1_688' title='bbox 2226 4478 2690 4545; x_wconf 80' lang='lat' dir='ltr'><strong>Dadinonemur,</strong></span> <span class='ocrx_word' id='word_1_689' title='bbox 2746 4484 2822 4536; x_wconf 90' lang='lat' dir='ltr'><strong>ait</strong></span> <span class='ocrx_word' id='word_1_690' title='bbox 2883 4481 3047 4547; x_wconf 87' lang='lat' dir='ltr'><strong>Bill..</strong></span> 
     </span>
    </p>
   </div>
   <div class='ocr_carea' id='block_1_97' title="bbox 2303 3241 3882 3319">
    <p class='ocr_par' dir='ltr' id='par_1_97' title="bbox 2303 3241 3882 3319">
     <span class='ocr_line' id='line_1_98' title="bbox 2303 3241 3882 3319; baseline 0.007 -26"><span class='ocrx_word' id='word_1_691' title='bbox 2303 3241 2507 3295; x_wconf 82' lang='grc' dir='ltr'>τευέτω</span> <span class='ocrx_word' id='word_1_692' title='bbox 2546 3241 2676 3313; x_wconf 85' lang='lat'><strong>(8|),</strong></span> <span class='ocrx_word' id='word_1_693' title='bbox 2711 3243 2803 3297; x_wconf 71' lang='grc' dir='ltr'>καὶ</span> <span class='ocrx_word' id='word_1_694' title='bbox 2840 3245 3298 3316; x_wconf 63' lang='grc' dir='ltr'>μταρριπτείτω,</span> <span class='ocrx_word' id='word_1_695' title='bbox 3333 3247 3426 3300; x_wconf 73' lang='grc' dir='ltr'>καὶ</span> <span class='ocrx_word' id='word_1_696' title='bbox 3457 3247 3716 3315; x_wconf 76' lang='grc' dir='ltr'>παιζέτω,</span> <span class='ocrx_word' id='word_1_697' title='bbox 3751 3250 3882 3319; x_wconf 78' lang='grc' dir='ltr'><strong>φθό-</strong></span> 
     </span>
    </p>
   </div>
   <div class='ocr_carea' id='block_1_98' title="bbox 2304 3333 3879 3414">
    <p class='ocr_par' dir='ltr' id='par_1_98' title="bbox 2304 3333 3879 3414">
     <span class='ocr_line' id='line_1_99' title="bbox 2304 3333 3879 3414; baseline 0.006 -29"><span class='ocrx_word' id='word_1_698' title='bbox 2304 3348 2415 3398; x_wconf 89' lang='grc' dir='ltr'>νος,</span> <span class='ocrx_word' id='word_1_699' title='bbox 2448 3333 2541 3386; x_wconf 70' lang='lat' dir='ltr'><strong>ml.</strong></span> <span class='ocrx_word' id='word_1_700' title='bbox 2574 3334 2784 3405; x_wconf 83' lang='grc' dir='ltr'>χρόνος,</span> <span class='ocrx_word' id='word_1_701' title='bbox 2823 3338 2919 3388; x_wconf 73' lang='grc' dir='ltr'>καὶ</span> <span class='ocrx_word' id='word_1_702' title='bbox 2949 3336 3111 3408; x_wconf 86' lang='grc' dir='ltr'>τύχη.</span> <span class='ocrx_word' id='word_1_703' title='bbox 3153 3339 3218 3390; x_wconf 91' lang='grc' dir='ltr'><strong>Ὃ</strong></span> <span class='ocrx_word' id='word_1_704' title='bbox 3257 3338 3322 3409; x_wconf 88' lang='grc' dir='ltr'>δή</span> <span class='ocrx_word' id='word_1_705' title='bbox 3367 3356 3498 3409; x_wconf 84' lang='grc' dir='ltr'>φασι</span> <span class='ocrx_word' id='word_1_706' title='bbox 3531 3340 3640 3394; x_wconf 86' lang='grc' dir='ltr'>τῶν</span> <span class='ocrx_word' id='word_1_707' title='bbox 3672 3342 3879 3414; x_wconf 58' lang='lat' dir='ltr'><strong>tis/Ope»</strong></span> 
     </span>
    </p>
   </div>
   <div class='ocr_carea' id='block_1_99' title="bbox 2306 3426 3875 3508">
    <p class='ocr_par' dir='ltr' id='par_1_99' title="bbox 2306 3426 3875 3508">
     <span class='ocr_line' id='line_1_100' title="bbox 2306 3426 3875 3508; baseline 0.008 -29"><span class='ocrx_word' id='word_1_708' title='bbox 2306 3426 2476 3481; x_wconf 85' lang='grc' dir='ltr'>πίνων</span> <span class='ocrx_word' id='word_1_709' title='bbox 2527 3428 2588 3481; x_wconf 87' lang='grc' dir='ltr'>τὸ</span> <span class='ocrx_word' id='word_1_710' title='bbox 2635 3430 2867 3483; x_wconf 82' lang='grc' dir='ltr'>ἄστατον</span> <span class='ocrx_word' id='word_1_711' title='bbox 2900 3433 2995 3484; x_wconf 77' lang='grc' dir='ltr'><strong>καὶ</strong></span> <span class='ocrx_word' id='word_1_712' title='bbox 3045 3431 3330 3504; x_wconf 79' lang='grc' dir='ltr'>ἀνώμαλον</span> <span class='ocrx_word' id='word_1_713' title='bbox 3377 3434 3512 3505; x_wconf 70' lang='grc'>(82),</span> <span class='ocrx_word' id='word_1_714' title='bbox 3564 3436 3875 3508; x_wconf 79' lang='grc' dir='ltr'>ὲρῤέτωσαν</span> 
     </span>
    </p>
   </div>
   <div class='ocr_carea' id='block_1_100' title="bbox 2304 3516 3875 3598">
    <p class='ocr_par' dir='ltr' id='par_1_100' title="bbox 2304 3516 3875 3598">
     <span class='ocr_line' id='line_1_101' title="bbox 2304 3516 3875 3598; baseline 0.008 -29"><span class='ocrx_word' id='word_1_715' title='bbox 2304 3516 2841 3588; x_wconf 82' lang='grc' dir='ltr'>Θρόνοι,δυναστείαι,</span> <span class='ocrx_word' id='word_1_716' title='bbox 2860 3520 3100 3585; x_wconf 81' lang='grc' dir='ltr'>πλοῦτοι,</span> <span class='ocrx_word' id='word_1_717' title='bbox 3127 3523 3530 3596; x_wconf 86' lang='grc' dir='ltr'>λαμπρότητες,</span> <span class='ocrx_word' id='word_1_718' title='bbox 3558 3527 3875 3598; x_wconf 77' lang='grc' dir='ltr'>ἐπάρματα,</span> 
     </span>
    </p>
   </div>
   <div class='ocr_carea' id='block_1_101' title="bbox 2303 3606 3878 3687">
    <p class='ocr_par' dir='ltr' id='par_1_101' title="bbox 2303 3606 3878 3687">
     <span class='ocr_line' id='line_1_102' title="bbox 2303 3606 3878 3687; baseline 0.008 -28"><span class='ocrx_word' id='word_1_719' title='bbox 2303 3606 2596 3678; x_wconf 86' lang='grc' dir='ltr'>πτώματα,</span> <span class='ocrx_word' id='word_1_720' title='bbox 2615 3609 2672 3661; x_wconf 84' lang='grc' dir='ltr'>τὸ</span> <span class='ocrx_word' id='word_1_721' title='bbox 2686 3609 2898 3674; x_wconf 70' lang='grc' dir='ltr'>εὐτελὲς</span> <span class='ocrx_word' id='word_1_722' title='bbox 2921 3611 3070 3665; x_wconf 82' lang='grc' dir='ltr'>τοῦτο</span> <span class='ocrx_word' id='word_1_723' title='bbox 3086 3610 3331 3685; x_wconf 78' lang='grc' dir='ltr'>δοξάριον</span> <span class='ocrx_word' id='word_1_724' title='bbox 3346 3615 3437 3668; x_wconf 79' lang='grc' dir='ltr'>καὶ</span> <span class='ocrx_word' id='word_1_725' title='bbox 3457 3616 3818 3685; x_wconf 85' lang='grc' dir='ltr'>ἀπόπτυστον,</span> <span class='ocrx_word' id='word_1_726' title='bbox 3833 3612 3878 3687; x_wconf 80' lang='grc' dir='ltr'>ᾧ</span> 
     </span>
    </p>
   </div>
   <div class='ocr_carea' id='block_1_102' title="bbox 2302 3782 3877 3857">
    <p class='ocr_par' dir='ltr' id='par_1_102' title="bbox 2302 3782 3877 3857">
     <span class='ocr_line' id='line_1_103' title="bbox 2302 3782 3877 3857; baseline 0.003 -21"><span class='ocrx_word' id='word_1_727' title='bbox 2302 3782 2619 3857; x_wconf 78' lang='lat' dir='ltr'><strong>Gregorius.</strong></span> <span class='ocrx_word' id='word_1_728' title='bbox 2662 3783 2721 3857; x_wconf 74' lang='lat' dir='ltr'><strong>in</strong></span> <span class='ocrx_word' id='word_1_729' title='bbox 2756 3784 2886 3840; x_wconf 86' lang='lat' dir='ltr'><strong>edit.</strong></span> <span class='ocrx_word' id='word_1_730' title='bbox 2922 3782 3004 3850; x_wconf 77' lang='grc' dir='ltr'>οἷς</span> <span class='ocrx_word' id='word_1_731' title='bbox 3042 3785 3263 3841; x_wconf 79' lang='grc' dir='ltr'>πλάττει</span> <span class='ocrx_word' id='word_1_732' title='bbox 3291 3787 3384 3840; x_wconf 67' lang='grc' dir='ltr'><strong>τὸν</strong></span> <span class='ocrx_word' id='word_1_733' title='bbox 3415 3788 3671 3857; x_wconf 82' lang='grc' dir='ltr'>ἀγοραῖον</span> <span class='ocrx_word' id='word_1_734' title='bbox 3697 3789 3877 3854; x_wconf 82' lang='grc' dir='ltr'>Δημό-</span> 
     </span>
    </p>
   </div>
   <div class='ocr_carea' id='block_1_103' title="bbox 2301 3853 3870 3928">
    <p class='ocr_par' dir='ltr' id='par_1_103' title="bbox 2301 3853 3870 3928">
     <span class='ocr_line' id='line_1_104' title="bbox 2301 3853 3870 3928; baseline 0.005 -24"><span class='ocrx_word' id='word_1_735' title='bbox 2301 3869 2485 3928; x_wconf 64' lang='grc' dir='ltr'>κριτον</span> <span class='ocrx_word' id='word_1_736' title='bbox 2534 3854 2627 3928; x_wconf 31' lang='grc' dir='ltr'>εἰς-</span> <span class='ocrx_word' id='word_1_737' title='bbox 2656 3853 3011 3928; x_wconf 80' lang='grc' dir='ltr'>δημαγωγίαν</span> <span class='ocrx_word' id='word_1_738' title='bbox 3065 3853 3477 3928; x_wconf 60' lang='grc' dir='ltr'>Ἀριστοφάνης,</span> <span class='ocrx_word' id='word_1_739' title='bbox 3522 3853 3668 3928; x_wconf 74' lang='lat' dir='ltr'><strong>quod</strong></span> <span class='ocrx_word' id='word_1_740' title='bbox 3698 3853 3820 3912; x_wconf 81' lang='lat' dir='ltr'><strong>Bill.</strong></span> <span class='ocrx_word' id='word_1_741' title='bbox 3857 3878 3870 3912; x_wconf 91' lang='lat'><strong>:</strong></span> 
     </span>
    </p>
   </div>
   <div class='ocr_carea' id='block_1_104' title="bbox 2303 3922 3874 3995">
    <p class='ocr_par' dir='ltr' id='par_1_104' title="bbox 2303 3922 3874 3995">
     <span class='ocr_line' id='line_1_105' title="bbox 2303 3922 3874 3995; baseline 0.006 -22"><span class='ocrx_word' id='word_1_742' title='bbox 2303 3922 2505 3995; x_wconf 79' lang='lat' dir='ltr'><strong>Quibus</strong></span> <span class='ocrx_word' id='word_1_743' title='bbox 2533 3922 2911 3995; x_wconf 71' lang='lat' dir='ltr'><strong>Aristophanes</strong></span> <span class='ocrx_word' id='word_1_744' title='bbox 2936 3922 3195 3995; x_wconf 68' lang='lat' dir='ltr'><strong>forensem</strong></span> <span class='ocrx_word' id='word_1_745' title='bbox 3226 3922 3379 3980; x_wconf 83' lang='lat' dir='ltr'><strong>illum</strong></span> <span class='ocrx_word' id='word_1_746' title='bbox 3412 3922 3769 3982; x_wconf 73' lang='lat' dir='ltr'><strong>Democritum</strong></span> <span class='ocrx_word' id='word_1_747' title='bbox 3802 3929 3874 3986; x_wconf 83' lang='lat' dir='ltr'><strong>ad</strong></span> 
     </span>
    </p>
   </div>
   <div class='ocr_carea' id='block_1_105' title="bbox 2299 3993 3727 4067">
    <p class='ocr_par' dir='ltr' id='par_1_105' title="bbox 2299 3993 3727 4067">
     <span class='ocr_line' id='line_1_106' title="bbox 2299 3993 3727 4067; baseline 0.004 -20"><span class='ocrx_word' id='word_1_748' title='bbox 2299 3993 2606 4067; x_wconf 53' lang='lat' dir='ltr'><strong>popttiarem</strong></span> <span class='ocrx_word' id='word_1_749' title='bbox 2638 3993 3069 4067; x_wconf 74' lang='lat' dir='ltr'><strong>gubernationem</strong></span> <span class='ocrx_word' id='word_1_750' title='bbox 3107 3997 3259 4067; x_wconf 72' lang='lat' dir='ltr'><strong>ﬁngit</strong></span> <span class='ocrx_word' id='word_1_751' title='bbox 3302 4007 3456 4067; x_wconf 82' lang='lat' dir='ltr'><strong>atque</strong></span> <span class='ocrx_word' id='word_1_752' title='bbox 3490 3999 3727 4053; x_wconf 60' lang='lat' dir='ltr'><strong>insﬂuit.</strong></span> 
     </span>
    </p>
   </div>
   <div class='ocr_carea' id='block_1_106' title="bbox 2372 4062 3873 4141">
    <p class='ocr_par' dir='ltr' id='par_1_106' title="bbox 2372 4062 3873 4141">
     <span class='ocr_line' id='line_1_107' title="bbox 2372 4062 3873 4141; baseline 0.008 -28"><span class='ocrx_word' id='word_1_753' title='bbox 2372 4062 2484 4132; x_wconf 83' lang='lat'><strong>(78)</strong></span> <span class='ocrx_word' id='word_1_754' title='bbox 2529 4063 2726 4141; x_wconf 67' lang='grc' dir='ltr'>Τελεξς</span> <span class='ocrx_word' id='word_1_755' title='bbox 2761 4066 2849 4132; x_wconf 82' lang='grc' dir='ltr'><strong>είς</strong></span> <span class='ocrx_word' id='word_1_756' title='bbox 2867 4062 3151 4141; x_wconf 64' lang='grc' dir='ltr'>ῥήτοραξ.</span> <span class='ocrx_word' id='word_1_757' title='bbox 3184 4062 3452 4141; x_wconf 66' lang='lat' dir='ltr'><strong>Rhetoijes</strong></span> <span class='ocrx_word' id='word_1_758' title='bbox 3485 4070 3631 4124; x_wconf 91' lang='lat' dir='ltr'><strong>enim</strong></span> <span class='ocrx_word' id='word_1_759' title='bbox 3660 4070 3873 4141; x_wconf 89' lang='lat' dir='ltr'><strong>antiqui</strong></span> 
     </span>
    </p>
   </div>
   <div class='ocr_carea' id='block_1_107' title="bbox 2301 4133 3873 4208">
    <p class='ocr_par' dir='ltr' id='par_1_107' title="bbox 2301 4133 3873 4208">
     <span class='ocr_line' id='line_1_108' title="bbox 2301 4133 3873 4208; baseline 0.006 -22"><span class='ocrx_word' id='word_1_760' title='bbox 2301 4133 2721 4208; x_wconf 74' lang='lat' dir='ltr'><strong>obtrectationis</strong></span> <span class='ocrx_word' id='word_1_761' title='bbox 2775 4145 2828 4189; x_wconf 93' lang='lat' dir='ltr'><strong>et</strong></span> <span class='ocrx_word' id='word_1_762' title='bbox 2871 4133 3287 4208; x_wconf 48' lang='lat' dir='ltr'><strong>maledicentia).</strong></span> <span class='ocrx_word' id='word_1_763' title='bbox 3344 4138 3478 4194; x_wconf 85' lang='lat' dir='ltr'><strong>vitio</strong></span> <span class='ocrx_word' id='word_1_764' title='bbox 3546 4153 3744 4208; x_wconf 81' lang='lat' dir='ltr'><strong>magna</strong></span> <span class='ocrx_word' id='word_1_765' title='bbox 3797 4133 3873 4196; x_wconf 64' lang='lat' dir='ltr'><strong>&#39;ex</strong></span> 
     </span>
    </p>
   </div>
   <div class='ocr_carea' id='block_1_108' title="bbox 2299 4202 3167 4275">
    <p class='ocr_par' dir='ltr' id='par_1_108' title="bbox 2299 4202 3167 4275">
     <span class='ocr_line' id='line_1_109' title="bbox 2299 4202 3167 4275; baseline 0.006 -20"><span class='ocrx_word' id='word_1_766' title='bbox 2299 4215 2475 4275; x_wconf 70' lang='lat' dir='ltr'><strong>parte</strong></span> <span class='ocrx_word' id='word_1_767' title='bbox 2502 4202 2842 4275; x_wconf 58' lang='lat' dir='ltr'><strong>laborabant.</strong></span> <span class='ocrx_word' id='word_1_768' title='bbox 2876 4203 3001 4260; x_wconf 63' lang='lat' dir='ltr'><strong>Haec</strong></span> <span class='ocrx_word' id='word_1_769' title='bbox 3046 4205 3167 4261; x_wconf 88' lang='lat' dir='ltr'><strong>Bill.</strong></span> 
     </span>
    </p>
   </div>
   <div class='ocr_carea' id='block_1_109' title="bbox 2300 4273 3868 4396">
    <p class='ocr_par' dir='ltr' id='par_1_109' title="bbox 2300 4273 3868 4396">
     <span class='ocr_line' id='line_1_110' title="bbox 2300 4273 3868 4396; baseline 0.005 -69"><span class='ocrx_word' id='word_1_770' title='bbox 2300 4273 2483 4396; x_wconf 32' lang='lat'><strong>6:33)</strong></span> <span class='ocrx_word' id='word_1_771' title='bbox 2525 4273 2609 4327; x_wconf 85' lang='grc' dir='ltr'><strong>Τὰ</strong></span> <span class='ocrx_word' id='word_1_772' title='bbox 2655 4273 2903 4392; x_wconf 68' lang='grc' dir='ltr'>δεύτερα</span> <span class='ocrx_word' id='word_1_773' title='bbox 2937 4277 3109 4346; x_wconf 80' lang='grc' dir='ltr'>ἔχῃς.</span> <span class='ocrx_word' id='word_1_774' title='bbox 3159 4276 3290 4332; x_wconf 88' lang='lat' dir='ltr'><strong>Cod.</strong></span> <span class='ocrx_word' id='word_1_775' title='bbox 3344 4274 3469 4332; x_wconf 87' lang='lat' dir='ltr'><strong>Par.</strong></span> <span class='ocrx_word' id='word_1_776' title='bbox 3523 4285 3579 4333; x_wconf 86' lang='lat' dir='ltr'><strong>et</strong></span> <span class='ocrx_word' id='word_1_777' title='bbox 3622 4278 3868 4336; x_wconf 78' lang='lat' dir='ltr'><strong>Combef.</strong></span> 
     </span>
    </p>
   </div>
   <div class='ocr_carea' id='block_1_110' title="bbox 2362 4360 2693 4396">
    <p class='ocr_par' dir='ltr' id='par_1_110' title="bbox 2362 4360 2693 4396">
     <span class='ocr_line' id='line_1_111' title="bbox 2362 4360 2693 4396; baseline -0.012 0"><span class='ocrx_word' id='word_1_778' title='bbox 2362 4360 2462 4396; x_wconf 87' lang='grc' dir='ltr'>ειν.</span> <span class='ocrx_word' id='word_1_779' title='bbox 2682 4381 2693 4392; x_wconf 89' lang='grc'><strong><em>.</em></strong></span> 
     </span>
    </p>
   </div>
   <div class='ocr_carea' id='block_1_111' title="bbox 2328 4362 3872 4485">
    <p class='ocr_par' dir='ltr' id='par_1_111' title="bbox 2328 4362 3872 4485">
     <span class='ocr_line' id='line_1_112' title="bbox 2328 4362 3872 4485; baseline 0.004 -18"><span class='ocrx_word' id='word_1_780' title='bbox 2547 4381 3029 4485; x_wconf 33' lang='grc' dir='ltr'>Ἀριστεύειζηὲν</span> <span class='ocrx_word' id='word_1_781' title='bbox 3075 4413 3353 4478; x_wconf 79' lang='grc' dir='ltr'>κολοιοῖς.</span> <span class='ocrx_word' id='word_1_782' title='bbox 3418 4412 3533 4485; x_wconf 77' lang='lat' dir='ltr'><strong>Hoc</strong></span> <span class='ocrx_word' id='word_1_783' title='bbox 3582 4418 3872 4485; x_wconf 88' lang='lat' dir='ltr'><strong>proverbio</strong></span> 
     </span>
    </p>
   </div>
   <div class='ocr_carea' id='block_1_112' title="bbox 3118 4484 3870 4554">
    <p class='ocr_par' dir='ltr' id='par_1_112' title="bbox 3118 4484 3870 4554">
     <span class='ocr_line' id='line_1_113' title="bbox 3118 4484 3870 4554; baseline 0.004 -17"><span class='ocrx_word' id='word_1_784' title='bbox 3118 4489 3377 4554; x_wconf 65' lang='lat' dir='ltr'><strong>prmstare</strong></span> <span class='ocrx_word' id='word_1_785' title='bbox 3433 4484 3593 4537; x_wconf 75' lang='lat' dir='ltr'><strong>inter</strong></span> <span class='ocrx_word' id='word_1_786' title='bbox 3631 4487 3870 4554; x_wconf 82' lang='lat' dir='ltr'><strong>Optimos</strong></span> 
     </span>
    </p>
   </div>
   <div class='ocr_carea' id='block_1_113' title="bbox 2300 4552 3867 4623">
    <p class='ocr_par' dir='ltr' id='par_1_113' title="bbox 2300 4552 3867 4623">
     <span class='ocr_line' id='line_1_114' title="bbox 2300 4552 3867 4623; baseline 0.001 -16"><span class='ocrx_word' id='word_1_787' title='bbox 2300 4562 2354 4607; x_wconf 91' lang='lat' dir='ltr'><strong>et</strong></span> <span class='ocrx_word' id='word_1_788' title='bbox 2408 4553 2897 4623; x_wconf 46' lang='lat' dir='ltr'><strong>praestantissimos</strong></span> <span class='ocrx_word' id='word_1_789' title='bbox 2963 4552 3135 4623; x_wconf 39' lang='lat' dir='ltr'><strong>viros’</strong></span> <span class='ocrx_word' id='word_1_790' title='bbox 3182 4554 3620 4623; x_wconf 83' lang='lat' dir='ltr'><strong>qualemcunque</strong></span> <span class='ocrx_word' id='word_1_791' title='bbox 3672 4552 3867 4623; x_wconf 73' lang='lat' dir='ltr'><strong>locum</strong></span> 
     </span>
    </p>
   </div>
   <div class='ocr_carea' id='block_1_114' title="bbox 2299 4620 3872 4696">
    <p class='ocr_par' dir='ltr' id='par_1_114' title="bbox 2299 4620 3872 4696">
     <span class='ocr_line' id='line_1_115' title="bbox 2299 4620 3872 4696; baseline 0.001 -21"><span class='ocrx_word' id='word_1_792' title='bbox 2299 4620 2488 4678; x_wconf 79' lang='lat' dir='ltr'><strong>tenere</strong></span> <span class='ocrx_word' id='word_1_793' title='bbox 2524 4638 2685 4691; x_wconf 90' lang='lat' dir='ltr'><strong>quam</strong></span> <span class='ocrx_word' id='word_1_794' title='bbox 2745 4621 2993 4696; x_wconf 78' lang='lat' dir='ltr'><strong>primum</strong></span> <span class='ocrx_word' id='word_1_795' title='bbox 3024 4620 3164 4696; x_wconf 64' lang='lat' dir='ltr'><strong>inter</strong></span> <span class='ocrx_word' id='word_1_796' title='bbox 3202 4620 3465 4696; x_wconf 82' lang='lat' dir='ltr'><strong>perditos</strong></span> <span class='ocrx_word' id='word_1_797' title='bbox 3512 4631 3567 4676; x_wconf 92' lang='lat' dir='ltr'><strong>et</strong></span> <span class='ocrx_word' id='word_1_798' title='bbox 3615 4620 3872 4696; x_wconf 72' lang='lat' dir='ltr'><strong>prodiga-</strong></span> 
     </span>
    </p>
   </div>
   <div class='ocr_carea' id='block_1_115' title="bbox 2299 4689 3870 4773">
    <p class='ocr_par' dir='ltr' id='par_1_115' title="bbox 2299 4689 3870 4773">
     <span class='ocr_line' id='line_1_116' title="bbox 2299 4689 3870 4773; baseline 0.002 -28"><span class='ocrx_word' id='word_1_799' title='bbox 2299 4701 2383 4746; x_wconf 88' lang='lat' dir='ltr'><strong>tos</strong></span> <span class='ocrx_word' id='word_1_800' title='bbox 2429 4712 2442 4748; x_wconf 92' lang='lat'>:</span> <span class='ocrx_word' id='word_1_801' title='bbox 2491 4689 2682 4773; x_wconf 71' lang='lat' dir='ltr'><strong>contra</strong></span> <span class='ocrx_word' id='word_1_802' title='bbox 2748 4689 2909 4773; x_wconf 77' lang='lat' dir='ltr'><strong>quam</strong></span> <span class='ocrx_word' id='word_1_803' title='bbox 2961 4689 3302 4773; x_wconf 41' lang='lat' dir='ltr'><strong>d_e._.Ca:sar_e</strong></span> <span class='ocrx_word' id='word_1_804' title='bbox 3367 4689 3634 4773; x_wconf 50' lang='lat' dir='ltr'><strong>legitur,’</strong></span> <span class='ocrx_word' id='word_1_805' title='bbox 3665 4689 3870 4763; x_wconf 63' lang='lat' dir='ltr'><strong>qui&#39;in</strong></span> 
     </span>
    </p>
   </div>
   <div class='ocr_carea' id='block_1_116' title="bbox 2298 4759 3871 4831">
    <p class='ocr_par' dir='ltr' id='par_1_116' title="bbox 2298 4759 3871 4831">
     <span class='ocr_line' id='line_1_117' title="bbox 2298 4759 3871 4831; baseline 0.004 -19"><span class='ocrx_word' id='word_1_806' title='bbox 2298 4777 2467 4831; x_wconf 83' lang='lat' dir='ltr'><strong>parvo</strong></span> <span class='ocrx_word' id='word_1_807' title='bbox 2502 4760 2735 4831; x_wconf 80' lang='lat' dir='ltr'><strong>quodam</strong></span> <span class='ocrx_word' id='word_1_808' title='bbox 2773 4768 2826 4814; x_wconf 93' lang='lat' dir='ltr'><strong>et</strong></span> <span class='ocrx_word' id='word_1_809' title='bbox 2863 4759 3084 4829; x_wconf 78' lang='lat' dir='ltr'><strong>ignobili</strong></span> <span class='ocrx_word' id='word_1_810' title='bbox 3115 4762 3314 4831; x_wconf 87' lang='lat' dir='ltr'><strong>oppido</strong></span> <span class='ocrx_word' id='word_1_811' title='bbox 3357 4759 3567 4831; x_wconf 86' lang='lat' dir='ltr'><strong>primus</strong></span> <span class='ocrx_word' id='word_1_812' title='bbox 3606 4759 3728 4818; x_wconf 75' lang='lat' dir='ltr'><strong>esse</strong></span> <span class='ocrx_word' id='word_1_813' title='bbox 3754 4779 3871 4818; x_wconf 91' lang='lat' dir='ltr'><strong>ma-</strong></span> 
     </span>
    </p>
   </div>
   <div class='ocr_carea' id='block_1_117' title="bbox 2300 4828 3866 4902">
    <p class='ocr_par' dir='ltr' id='par_1_117' title="bbox 2300 4828 3866 4902">
     <span class='ocr_line' id='line_1_118' title="bbox 2300 4828 3866 4902; baseline 0.003 -18"><span class='ocrx_word' id='word_1_814' title='bbox 2300 4828 2462 4895; x_wconf 83' lang='lat' dir='ltr'><strong>lebat,</strong></span> <span class='ocrx_word' id='word_1_815' title='bbox 2495 4828 2657 4900; x_wconf 81' lang='lat' dir='ltr'><strong>quam</strong></span> <span class='ocrx_word' id='word_1_816' title='bbox 2691 4828 3209 4887; x_wconf 34' lang='lat' dir='ltr'><strong>llomaz’secundu&#39;s&#39;.</strong></span> <span class='ocrx_word' id='word_1_817' title='bbox 3247 4828 3629 4902; x_wconf 59' lang='lat' dir='ltr'><strong>Sed&#39;profecto</strong></span> <span class='ocrx_word' id='word_1_818' title='bbox 3657 4840 3717 4888; x_wconf 91' lang='lat' dir='ltr'><strong>ut</strong></span> <span class='ocrx_word' id='word_1_819' title='bbox 3738 4833 3866 4888; x_wconf 90' lang='lat' dir='ltr'><strong>olim</strong></span> 
     </span>
    </p>
   </div>
   <div class='ocr_carea' id='block_1_118' title="bbox 2300 4900 3868 4972">
    <p class='ocr_par' dir='ltr' id='par_1_118' title="bbox 2300 4900 3868 4972">
     <span class='ocr_line' id='line_1_119' title="bbox 2300 4900 3868 4972; baseline 0.001 -18"><span class='ocrx_word' id='word_1_820' title='bbox 2300 4902 2742 4972; x_wconf 66' lang='lat' dir='ltr'><strong>crotoniataruni</strong></span> <span class='ocrx_word' id='word_1_821' title='bbox 2790 4907 3103 4972; x_wconf 86' lang='lat' dir='ltr'><strong>postremus</strong></span> <span class='ocrx_word' id='word_1_822' title='bbox 3149 4900 3488 4972; x_wconf 83' lang='lat' dir='ltr'><strong>reliquorum</strong></span> <span class='ocrx_word' id='word_1_823' title='bbox 3554 4900 3868 4958; x_wconf 82' lang='lat' dir='ltr'><strong>Graecorum</strong></span> 
     </span>
    </p>
   </div>
   <div class='ocr_carea' id='block_1_119' title="bbox 2298 4969 3872 5042">
    <p class='ocr_par' dir='ltr' id='par_1_119' title="bbox 2298 4969 3872 5042">
     <span class='ocr_line' id='line_1_120' title="bbox 2298 4969 3872 5042; baseline 0.003 -20"><span class='ocrx_word' id='word_1_824' title='bbox 2298 4971 2523 5042; x_wconf 62' lang='lat' dir='ltr'><strong>primus</strong></span> <span class='ocrx_word' id='word_1_825' title='bbox 2535 4983 2663 5042; x_wconf 80' lang='lat' dir='ltr'><strong>esse</strong></span> <span class='ocrx_word' id='word_1_826' title='bbox 2677 4969 2997 5042; x_wconf 64' lang='lat' dir='ltr'><strong>dicebatur,</strong></span> <span class='ocrx_word' id='word_1_827' title='bbox 3041 4970 3114 5026; x_wconf 90' lang='lat' dir='ltr'><strong>ita</strong></span> <span class='ocrx_word' id='word_1_828' title='bbox 3144 4971 3238 5042; x_wconf 92' lang='lat' dir='ltr'><strong>qui</strong></span> <span class='ocrx_word' id='word_1_829' title='bbox 3271 4969 3358 5026; x_wconf 58' lang='lat' dir='ltr'><strong>&#39;vel</strong></span> <span class='ocrx_word' id='word_1_830' title='bbox 3394 4978 3698 5028; x_wconf 78' lang='lat' dir='ltr'><strong>extremum</strong></span> <span class='ocrx_word' id='word_1_831' title='bbox 3729 4974 3872 5027; x_wconf 91' lang='lat' dir='ltr'><strong>inter</strong></span> 
     </span>
    </p>
   </div>
   <div class='ocr_carea' id='block_1_120' title="bbox 2295 5039 3872 5111">
    <p class='ocr_par' dir='ltr' id='par_1_120' title="bbox 2295 5039 3872 5111">
     <span class='ocr_line' id='line_1_121' title="bbox 2295 5039 3872 5111; baseline 0.001 -17"><span class='ocrx_word' id='word_1_832' title='bbox 2295 5054 2457 5111; x_wconf 86' lang='lat' dir='ltr'><strong>veros</strong></span> <span class='ocrx_word' id='word_1_833' title='bbox 2487 5039 2834 5111; x_wconf 78' lang='lat' dir='ltr'><strong>Christianos</strong></span> <span class='ocrx_word' id='word_1_834' title='bbox 2864 5048 3013 5096; x_wconf 90' lang='lat' dir='ltr'><strong>tenet</strong></span> <span class='ocrx_word' id='word_1_835' title='bbox 3057 5039 3260 5106; x_wconf 79' lang='lat' dir='ltr'><strong>locum,</strong></span> <span class='ocrx_word' id='word_1_836' title='bbox 3290 5043 3453 5098; x_wconf 88' lang='lat' dir='ltr'><strong>etiam</strong></span> <span class='ocrx_word' id='word_1_837' title='bbox 3486 5043 3693 5111; x_wconf 84' lang='lat' dir='ltr'><strong>opti&#39;mo</strong></span> <span class='ocrx_word' id='word_1_838' title='bbox 3737 5055 3872 5111; x_wconf 83' lang='lat' dir='ltr'><strong>gen-</strong></span> 
     </span>
    </p>
   </div>
   <div class='ocr_carea' id='block_1_121' title="bbox 2295 5110 3873 5182">
    <p class='ocr_par' dir='ltr' id='par_1_121' title="bbox 2295 5110 3873 5182">
     <span class='ocr_line' id='line_1_122' title="bbox 2295 5110 3873 5182; baseline 0.001 -19"><span class='ocrx_word' id='word_1_839' title='bbox 2295 5110 2404 5182; x_wconf 70' lang='lat' dir='ltr'><strong>tili,</strong></span> <span class='ocrx_word' id='word_1_840' title='bbox 2435 5110 2518 5182; x_wconf 83' lang='lat' dir='ltr'><strong>vel</strong></span> <span class='ocrx_word' id='word_1_841' title='bbox 2546 5124 2612 5164; x_wconf 91' lang='lat' dir='ltr'><strong>eo</strong></span> <span class='ocrx_word' id='word_1_842' title='bbox 2634 5110 2730 5182; x_wconf 87' lang='lat' dir='ltr'><strong>qui</strong></span> <span class='ocrx_word' id='word_1_843' title='bbox 2759 5111 2903 5165; x_wconf 91' lang='lat' dir='ltr'><strong>inter</strong></span> <span class='ocrx_word' id='word_1_844' title='bbox 2933 5112 3184 5168; x_wconf 86' lang='lat' dir='ltr'><strong>homines</strong></span> <span class='ocrx_word' id='word_1_845' title='bbox 3223 5111 3428 5166; x_wconf 91' lang='lat' dir='ltr'><strong>mundo</strong></span> <span class='ocrx_word' id='word_1_846' title='bbox 3458 5110 3710 5167; x_wconf 83' lang='lat' dir='ltr'><strong>addictos</strong></span> <span class='ocrx_word' id='word_1_847' title='bbox 3742 5110 3873 5182; x_wconf 86' lang='lat' dir='ltr'><strong>pro-</strong></span> 
     </span>
    </p>
   </div>
   <div class='ocr_carea' id='block_1_122' title="bbox 2295 5178 3618 5252">
    <p class='ocr_par' dir='ltr' id='par_1_122' title="bbox 2295 5178 3618 5252">
     <span class='ocr_line' id='line_1_123' title="bbox 2295 5178 3618 5252; baseline 0 -17"><span class='ocrx_word' id='word_1_848' title='bbox 2295 5178 2754 5252; x_wconf 73' lang='lat' dir='ltr'><strong>batissimevivit,</strong></span> <span class='ocrx_word' id='word_1_849' title='bbox 2789 5183 3137 5252; x_wconf 84' lang='lat' dir='ltr'><strong>praestantior</strong></span> <span class='ocrx_word' id='word_1_850' title='bbox 3175 5183 3482 5252; x_wconf 76' lang='lat' dir='ltr'><strong>censendus</strong></span> <span class='ocrx_word' id='word_1_851' title='bbox 3513 5189 3618 5252; x_wconf 82' lang='lat' dir='ltr'><strong>e_st.</strong></span> 
     </span>
    </p>
   </div>
   <div class='ocr_carea' id='block_1_123' title="bbox 2367 5248 3867 5321">
    <p class='ocr_par' dir='ltr' id='par_1_123' title="bbox 2367 5248 3867 5321">
     <span class='ocr_line' id='line_1_124' title="bbox 2367 5248 3867 5321; baseline -0.002 -16"><span class='ocrx_word' id='word_1_852' title='bbox 2367 5251 2479 5321; x_wconf 81' lang='lat' dir='ltr'><strong>(8i)</strong></span> <span class='ocrx_word' id='word_1_853' title='bbox 2540 5248 2805 5317; x_wconf 71' lang='grc' dir='ltr'>Ἀλλουςῖ</span> <span class='ocrx_word' id='word_1_854' title='bbox 2838 5250 3315 5321; x_wconf 74' lang='grc' dir='ltr'>πραγματευέτω.</span> <span class='ocrx_word' id='word_1_855' title='bbox 3362 5248 3660 5321; x_wconf 82' lang='lat' dir='ltr'><strong>C0d._Par.</strong></span> <span class='ocrx_word' id='word_1_856' title='bbox 3702 5258 3761 5321; x_wconf 70' lang='lat' dir='ltr'><strong>et</strong></span> <span class='ocrx_word' id='word_1_857' title='bbox 3807 5248 3867 5303; x_wconf 84' lang='grc' dir='ltr'><strong>Β.</strong></span> 
     </span>
    </p>
   </div>
   <div class='ocr_carea' id='block_1_124' title="bbox 2289 5319 3866 5393">
    <p class='ocr_par' dir='ltr' id='par_1_124' title="bbox 2289 5319 3866 5393">
     <span class='ocr_line' id='line_1_125' title="bbox 2289 5319 3866 5393; baseline -0.002 -18"><span class='ocrx_word' id='word_1_858' title='bbox 2289 5319 2384 5393; x_wconf 31' lang='grc'><strong>5(</strong></span> <span class='ocrx_word' id='word_1_859' title='bbox 2415 5320 2619 5393; x_wconf 79' lang='grc' dir='ltr'>ἄλλους</span> <span class='ocrx_word' id='word_1_860' title='bbox 2664 5319 3117 5393; x_wconf 61' lang='grc' dir='ltr'>πεττευέτω⁷κα⁶ι</span> <span class='ocrx_word' id='word_1_861' title='bbox 3169 5319 3606 5393; x_wconf 77' lang='grc' dir='ltr'>μεταρριπτείτω</span> <span class='ocrx_word' id='word_1_862' title='bbox 3652 5319 3866 5390; x_wconf 84' lang='grc' dir='ltr'>φθόνος,</span> 
     </span>
    </p>
   </div>
   <div class='ocr_carea' id='block_1_125' title="bbox 2290 5390 3513 5461">
    <p class='ocr_par' dir='ltr' id='par_1_125' title="bbox 2290 5390 3513 5461">
     <span class='ocr_line' id='line_1_126' title="bbox 2290 5390 3513 5461; baseline -0.001 -17"><span class='ocrx_word' id='word_1_863' title='bbox 2290 5391 2441 5446; x_wconf 78' lang='lat' dir='ltr'><strong>Alios</strong></span> <span class='ocrx_word' id='word_1_864' title='bbox 2472 5392 2811 5461; x_wconf 78' lang='lat' dir='ltr'><strong>ludiﬁcentur</strong></span> <span class='ocrx_word' id='word_1_865' title='bbox 2836 5400 2883 5444; x_wconf 87' lang='lat' dir='ltr'><strong>et</strong></span> <span class='ocrx_word' id='word_1_866' title='bbox 2904 5390 3111 5461; x_wconf 76' lang='lat' dir='ltr'><strong>jactent</strong></span> <span class='ocrx_word' id='word_1_867' title='bbox 3146 5390 3370 5452; x_wconf 73' lang='lat' dir='ltr'><strong>invidia,</strong></span> <span class='ocrx_word' id='word_1_868' title='bbox 3406 5399 3513 5446; x_wconf 89' lang='lat' dir='ltr'><strong>etc.</strong></span> 
     </span>
    </p>
   </div>
   <div class='ocr_carea' id='block_1_126' title="bbox 2362 5457 3867 5585">
    <p class='ocr_par' dir='ltr' id='par_1_126' title="bbox 2362 5457 3867 5585">
     <span class='ocr_line' id='line_1_127' title="bbox 2362 5457 3867 5585; baseline -0.007 -68"><span class='ocrx_word' id='word_1_869' title='bbox 2362 5462 2475 5585; x_wconf 69' lang='grc'>(82)</span> <span class='ocrx_word' id='word_1_870' title='bbox 2522 5457 2596 5548; x_wconf 55' lang='grc' dir='ltr'>τό</span> <span class='ocrx_word' id='word_1_871' title='bbox 2621 5460 2696 5527; x_wconf 81' lang='grc' dir='ltr'>δή</span> <span class='ocrx_word' id='word_1_872' title='bbox 2733 5477 2883 5530; x_wconf 69' lang='grc' dir='ltr'>φασι</span> <span class='ocrx_word' id='word_1_873' title='bbox 2905 5457 3044 5514; x_wconf 70' lang='grc' dir='ltr'><strong>’τῶν</strong></span> <span class='ocrx_word' id='word_1_874' title='bbox 3085 5462 3474 5543; x_wconf 62' lang='grc' dir='ltr'>ἀνθρωπίνωγ</span> <span class='ocrx_word' id='word_1_875' title='bbox 3506 5459 3581 5543; x_wconf 45' lang='grc' dir='ltr'><strong>τὸ.</strong></span> <span class='ocrx_word' id='word_1_876' title='bbox 3605 5457 3867 5535; x_wconf 73' lang='grc' dir='ltr'>ἄστατον</span> 
     </span>
     <span class='ocr_line' id='line_1_128' title="bbox 2362 5532 3867 5585; baseline -0.002 -4"><span class='ocrx_word' id='word_1_877' title='bbox 2362 5552 2366 5581; x_wconf 75' lang='lat' dir='ltr'>r</span> <span class='ocrx_word' id='word_1_878' title='bbox 2427 5532 2767 5585; x_wconf 76' lang='grc' dir='ltr'>άνωααλον.</span> <span class='ocrx_word' id='word_1_879' title='bbox 2801 5532 2932 5585; x_wconf 72' lang='lat' dir='ltr'><strong>Quae</strong></span> <span class='ocrx_word' id='word_1_880' title='bbox 2964 5533 3322 5585; x_wconf 77' lang='lat' dir='ltr'><strong>sequentibus</strong></span> <span class='ocrx_word' id='word_1_881' title='bbox 3349 5542 3530 5585; x_wconf 85' lang='lat' dir='ltr'><strong>aottus</strong></span> <span class='ocrx_word' id='word_1_882' title='bbox 3564 5544 3711 5585; x_wconf 73' lang='lat' dir='ltr'><strong>1mm</strong></span> <span class='ocrx_word' id='word_1_883' title='bbox 3744 5540 3867 5579; x_wconf 86' lang='lat' dir='ltr'><strong>cre-</strong></span> 
     </span>
    </p>
   </div>
   <div class='ocr_carea' id='block_1_127' title="bbox 2290 5530 3868 5605">
    <p class='ocr_par' dir='ltr' id='par_1_127' title="bbox 2290 5530 3868 5605">
     <span class='ocr_line' id='line_1_129' title="bbox 2290 5530 3868 5605; baseline -0.005 -19"><span class='ocrx_word' id='word_1_884' title='bbox 2290 5530 2388 5605; x_wconf 64' lang='grc' dir='ltr'>καὶ</span> <span class='ocrx_word' id='word_1_885' title='bbox 2427 5530 2767 5600; x_wconf 75' lang='grc' dir='ltr'>ἀνώμαλον.</span> <span class='ocrx_word' id='word_1_886' title='bbox 2793 5532 3322 5605; x_wconf 58' lang='lat' dir='ltr'><strong>Quaesequeutthus</strong></span> <span class='ocrx_word' id='word_1_887' title='bbox 3341 5532 3530 5605; x_wconf 81' lang='lat' dir='ltr'><strong>aptius</strong></span> <span class='ocrx_word' id='word_1_888' title='bbox 3559 5530 3711 5599; x_wconf 85' lang='lat' dir='ltr'><strong>jungi</strong></span> <span class='ocrx_word' id='word_1_889' title='bbox 3744 5540 3868 5579; x_wconf 86' lang='lat' dir='ltr'><strong>cre-</strong></span> 
     </span>
    </p>
   </div>
   <div class='ocr_carea' id='block_1_128' title="bbox 2290 5601 3866 5672">
    <p class='ocr_par' dir='ltr' id='par_1_128' title="bbox 2290 5601 3866 5672">
     <span class='ocr_line' id='line_1_130' title="bbox 2290 5601 3866 5672; baseline -0.003 -18"><span class='ocrx_word' id='word_1_890' title='bbox 2290 5602 2495 5672; x_wconf 87' lang='lat' dir='ltr'><strong>dimus,</strong></span> <span class='ocrx_word' id='word_1_891' title='bbox 2546 5605 2661 5655; x_wconf 63' lang='lat' dir='ltr'><strong>haec</strong></span> <span class='ocrx_word' id='word_1_892' title='bbox 2692 5603 2859 5656; x_wconf 81' lang='lat' dir='ltr'><strong>verba</strong></span> <span class='ocrx_word' id='word_1_893' title='bbox 2879 5601 2998 5672; x_wconf 77' lang='lat' dir='ltr'><strong>_llil|</strong></span> <span class='ocrx_word' id='word_1_894' title='bbox 3045 5601 3240 5657; x_wconf 61' lang='lat' dir='ltr'><strong>&#39;refert</strong></span> <span class='ocrx_word' id='word_1_895' title='bbox 3287 5603 3352 5657; x_wconf 92' lang='lat' dir='ltr'><strong>ad</strong></span> <span class='ocrx_word' id='word_1_896' title='bbox 3387 5601 3458 5657; x_wconf 82' lang='lat' dir='ltr'><strong>ea</strong></span> <span class='ocrx_word' id='word_1_897' title='bbox 3502 5614 3622 5672; x_wconf 65' lang='lat' dir='ltr'><strong>qua:</strong></span> <span class='ocrx_word' id='word_1_898' title='bbox 3666 5609 3866 5672; x_wconf 55' lang='lat' dir='ltr'><strong>pra’ceo</strong></span> 
     </span>
    </p>
   </div>
   <div class='ocr_carea' id='block_1_129' title="bbox 2290 5664 3875 5741">
    <p class='ocr_par' dir='ltr' id='par_1_129' title="bbox 2290 5664 3875 5741">
     <span class='ocr_line' id='line_1_131' title="bbox 2290 5664 3875 5741; baseline -0.005 -16"><span class='ocrx_word' id='word_1_899' title='bbox 2290 5671 2452 5737; x_wconf 87' lang='lat' dir='ltr'><strong>dunt,</strong></span> <span class='ocrx_word' id='word_1_900' title='bbox 2483 5664 2785 5741; x_wconf 76' lang='lat' dir='ltr'><strong>redditque</strong></span> <span class='ocrx_word' id='word_1_901' title='bbox 2819 5691 2834 5726; x_wconf 91' lang='lat'><strong>:</strong></span> <span class='ocrx_word' id='word_1_902' title='bbox 2872 5670 2938 5724; x_wconf 78' lang='lat' dir='ltr'><strong>Et</strong></span> <span class='ocrx_word' id='word_1_903' title='bbox 2984 5672 3223 5740; x_wconf 76' lang='lat' dir='ltr'><strong>fortuna,</strong></span> <span class='ocrx_word' id='word_1_904' title='bbox 3259 5674 3336 5727; x_wconf 77' lang='lat' dir='ltr'><strong>sic</strong></span> <span class='ocrx_word' id='word_1_905' title='bbox 3373 5664 3729 5727; x_wconf 52' lang='lat' dir='ltr'><strong>enim&#39;reru&#39;m</strong></span> <span class='ocrx_word' id='word_1_906' title='bbox 3770 5664 3875 5718; x_wconf 84' lang='grc' dir='ltr'>Ιιιι-</span> 
     </span>
    </p>
   </div>
   <div class='ocr_carea' id='block_1_130' title="bbox 2293 5742 3340 5812">
    <p class='ocr_par' dir='ltr' id='par_1_130' title="bbox 2293 5742 3340 5812">
     <span class='ocr_line' id='line_1_132' title="bbox 2293 5742 3340 5812; baseline 0.001 -16"><span class='ocrx_word' id='word_1_907' title='bbox 2293 5758 2575 5797; x_wconf 84' lang='lat' dir='ltr'><strong>manarum</strong></span> <span class='ocrx_word' id='word_1_908' title='bbox 2607 5742 3023 5796; x_wconf 74' lang='lat' dir='ltr'><strong>inconstantiam</strong></span> <span class='ocrx_word' id='word_1_909' title='bbox 3051 5743 3340 5812; x_wconf 82' lang='lat' dir='ltr'><strong>appellant.</strong></span> 
     </span>
    </p>
   </div>
  </div>
