4182 6408
591 418 692 473 δτι

1783 427 1842 481 S.
1884 424 2213 487 GREGORII
2249 430 2597 490 TIIEOLOGI

3728 452 3836 505 512

592 531 1030 602 quandoquidem
1097 552 1230 592 usus
1285 539 1542 602 obtinuit,
1609 548 1666 593 ut
1718 542 1963 612 ejusdem
2019 551 2153 606 artis

2266 551 2443 621 ἐπειδὴ
2492 553 2744 624 νενίκηκε
2793 557 2916 620 τοὺς
2968 556 3288 628 ὁμοτέχνους
3335 561 3680 635 ἀντιτέχνους
3733 586 3833 621 κα-

595 621 938 690 professores
989 626 1326 697 ἀντίτεχνοι,
1377 629 1430 682 id
1470 636 1574 690 est,
1608 632 1744 687 artis
1785 637 1965 690 annuli
1998 646 2162 708 atque

593 712 892 768 adversarii
942 724 1227 769 vocentur.
1280 718 1438 788 157
1489 719 1786 793 Quousque
1829 727 1974 782 enim
2021 729 2166 785 ista?

593 798 956 870 Nunquamne
997 805 1311 873 sophistica:
1355 808 1484 863 huic
1531 811 1919 868 obtrectationi
1955 825 2010 872 et
2045 834 2163 871 ma-

597 889 900 945 ledicentizn
965 891 1126 946 iltiem
1176 899 1521 952 statuemus?
1561 900 1645 954 An
1697 906 2160 973 exspectabimus,

595 977 724 1031 dum
790 994 938 1033 tuors
991 982 1059 1035 ab
1110 982 1212 1038 hac
1269 985 1620 1056 improbitate
1685 1006 1788 1044 nos
1846 993 2168 1066 abrumpat?

593 1066 796 1121 Juveni
827 1069 977 1124 enim
1023 1069 1280 1138 fortasse,
1309 1075 1534 1134 honoris
1569 1081 1868 1150 cupiditate
1891 1083 2162 1155 ﬂagranti,

594 1159 898 1229 opibusque
943 1161 1199 1226 inhianti,
1248 1167 1342 1235 qui
1399 1167 1514 1221 haec
1559 1171 1723 1224 modo
1766 1186 1927 1241 parce
1977 1174 2161 1240 faciat,

597 1249 850 1302 nonnihil
894 1250 1067 1305 veniae
1102 1252 1219 1308 dari
1260 1257 1432 1325 possit
1457 1257 1609 1316 (libet
1658 1261 1803 1314 enim
1835 1262 1890 1315 in
1935 1265 2162 1334 gratiam

597 1345 746 1392 tuam
815 1339 1192 1398 Demosthenis
1262 1347 1445 1403 verbis
1518 1348 1913 1419 aliquantulum
1996 1357 2160 1426 uti):

598 1428 872 1484 hominem
901 1439 1083 1486 autem
1119 1433 1174 1486 id
1200 1435 1402 1498 aetatis,
1443 1445 1606 1508 atque
1636 1439 1740 1494 hoc
1778 1456 1960 1496 rerum
1994 1451 2161 1508 statu,

598 1519 818 1587 publice
859 1521 1024 1574 alium
1064 1522 1333 1580 infamare
1373 1541 1438 1582 ac
1491 1529 1734 1584 vicissim
1779 1533 2055 1598 infamari,
2088 1537 2168 1591 in.

599 1608 982 1678 tempestivum
1037 1627 1263 1682 prorsus
1322 1624 1378 1670 et
1440 1619 1740 1687 pertinacis
1796 1625 2164 1681 contentionis

599 1697 816 1766 plenum
850 1717 870 1766 ;
897 1715 1008 1755 non
1039 1700 1214 1757 solum
1263 1706 1392 1775 quia
1430 1708 1534 1763 hoc
1560 1713 1782 1767 omnino
1813 1715 2162 1772 inhonestum

596 1798 651 1843 ct
690 1789 972 1845 sordidum
1004 1800 1108 1856 est,
1140 1794 1235 1850 sed
1259 1797 1421 1850 etiam
1451 1799 1578 1869 quia
1612 1801 1748 1855 mira
1778 1812 1861 1858 est
1892 1803 2054 1873 hujus
2085 1808 2161 1862 rei

599 1877 855 1942 facilitas,
892 1881 1117 1950 perinde
1155 1897 1220 1939 ac
1265 1885 1458 1952 ﬂuctus
1506 1889 1903 1958 reriprocantis.
1954 1889 2163 1950 Etenim
2197 1892 2237 1947 Β

597 1977 656 2021 ιιι
676 1983 800 2022 cum
827 1969 1061 2025 llomero
1091 1988 1288 2028 rursus
1314 1974 1509 2044 loquar
1543 1997 1557 2032 :

701 2076 919 2130 Dictum
953 2079 1058 2132 tale
1083 2079 1255 2148 feres,
1289 2082 1444 2152 qttale
1473 2093 1524 2137 et
1544 2083 1664 2153 jam
1694 2085 1894 2141 dixeris
1925 2104 2057 2157 ipse.

595 2183 888 2241 Radentem
919 2204 1079 2256 porro
1119 2191 1346 2245 vicissim
1379 2193 1564 2248 radere
1602 2211 1946 2268 nequaquam
1983 2214 2167 2271 repre-

597 2276 942 2332 hendendum
971 2289 1077 2336 est.

668 2368 803 2436 Quae
824 2371 989 2440 igitur
1011 2372 1124 2426 haec
1150 2371 1420 2442 sapientia
1457 2383 1541 2431 est
1566 2391 1692 2431 eum
1723 2378 1924 2433 virtute
1949 2379 2168 2437 vincere

598 2458 782 2521 liceat,
826 2462 961 2514 vitio
1013 2463 1286 2531 superari,
1327 2471 1422 2518 aut
1471 2466 1633 2520 etiam
1678 2483 1962 2538 superare,
2020 2471 2167 2540 quod

599 2552 772 2605 multo
807 2552 964 2621 pejus
998 2553 1128 2606 est?
1165 2553 1233 2607 At
1265 2554 1371 2608 hoc
1415 2572 1636 2626 quoque
1671 2560 1912 2622 nomine,
1947 2568 2008 2613 ut
2040 2576 2169 2616 vere

600 2640 820 2711 loquar,
866 2642 1084 2712 judices
1140 2647 1486 2702 accusandus
1546 2662 1672 2703 esse
1718 2664 1940 2713 censeo,
1997 2650 2166 2720 quod,

599 2749 722 2804 quae
758 2750 858 2804 pro
907 2736 1169 2791 tribunali
1200 2737 1489 2803 damnant,
1526 2741 1716 2799 eadem
1751 2757 1875 2796 cum
1911 2745 2166 2806 audiunt,

598 2825 847 2879 laudant.
895 2825 1006 2880 Nec
1051 2826 1107 2880 id
1149 2829 1351 2893 solum,
1381 2831 1477 2884 sed
1509 2830 1712 2886 multos
1737 2831 1900 2886 etiam
1935 2833 2166 2893 habent,

598 2917 692 2985 qui
743 2917 905 2971 simul
963 2919 1204 2986 laudent,
1249 2935 1313 2975 ac
1361 2921 1556 2975 vitium
1610 2924 1938 2985 accendant,
2005 2931 2170 2995 atque

599 3006 708 3060 huc
745 3023 925 3076 usque
959 3008 1012 3062 in
1048 3017 1231 3078 partes
1259 3019 1314 3065 et
1349 3011 1530 3065 studia
1569 3012 1794 3069 dissecti
1829 3015 1964 3070 sint.
1996 3017 2168 3086 Atqui

599 3096 858 3150 convenit
887 3104 969 3163 ut,
1017 3099 1062 3154 si
1113 3099 1230 3154 hinc
1273 3100 1414 3155 falsa
1452 3103 1863 3171 existimentur,
1902 3121 2008 3160 non
2045 3107 2167 3162 lau-

2262 642 2395 696 λεῖν.
2440 644 2619 714 Μέχρι
2660 643 2805 707 τίνος
2841 645 2948 716 γὰρ
2986 646 3184 712 ταῦτα;
3234 650 3328 702 κα)⁵
3378 653 3480 705 ποῦ
3526 656 3836 726 στησόμεθα

2261 733 2362 802 τῆς
2406 735 2726 803 σοφιστικῆς
2773 737 3065 806 ἐπηρείας;
3106 739 3208 802 ἕως
3245 740 3310 793 ἂν
3349 741 3404 792 τί
3441 744 3692 814 γένηταις
3732 747 3837 810 ἕως

2262 823 2328 876 ἂν
2350 823 2575 888 θάνατος
2593 827 2624 895 ἡ
2633 827 2739 896 μᾶς
2749 825 2976 900 διακόψῃ
2989 830 3085 900 τῆς
3095 832 3358 902 πονηρίας
3373 849 3387 897 ;
3401 834 3583 886 Ταῦτα
3596 837 3703 906 γὰρ
3719 838 3836 890 νέον

2265 915 2364 985 μὲν
2394 915 2539 977 ὄντα,
2568 917 2874 988 φιλοτιμίας
2901 920 3228 992 ἡττώμενον,
3257 923 3478 992 κέρδους
3513 927 3832 996 μεταποιού-

2265 1020 2444 1073 μενον,
2469 1004 2562 1057 καὶ
2585 1005 2705 1058 τότε
2742 1006 2977 1076 μετρίως
3007 1013 3197 1073 ποιεῖν,
3229 1010 3340 1080 ἔχει
3363 1012 3483 1066 τινὰ
3509 1013 3838 1087 συγγνώμην

2264 1093 2494 1164 (μικρὸν
2523 1095 2633 1165 γάρ
2669 1112 2722 1148 τι
2765 1096 3152 1166 Δημοσθενίσω
3195 1101 3295 1172 σὴν
3334 1103 3536 1172 χάριν)ο
3576 1105 3635 1156 ἐν
3665 1104 3839 1176 τούτῳ

2262 1185 2318 1238 δὲ
2361 1185 2460 1254 τῆς
2504 1186 2738 1255 ἡλικίας,
2788 1189 2881 1241 καὶ
2917 1188 3061 1243 οὓτω
3103 1193 3427 1263 πράττοντα,
3465 1195 3738 1265 κυρίττειν
3776 1214 3836 1250 τε

2265 1275 2360 1328 καὶ
2410 1276 2758 1347 κυρίττεσθαι
2801 1279 2944 1348 (86),
2997 1281 3274 1346 παντελῶς
3323 1284 3498 1354 ἄωρον
3542 1285 3636 1338 καὶ
3688 1286 3836 1354 φιλό-

2264 1381 2462 1430 νεικον,
2497 1368 2557 1419 οὑ
2585 1367 2745 1437 μόνον
2764 1371 2846 1422 δτι
2873 1371 3116 1441 ἀπρεπὲς
3137 1373 3232 1425 xci
3253 1375 3598 1427 παντάπασιν
3619 1375 3836 1436 ἀνελεύέ

2265 1453 2452 1525 θερον,
2487 1457 2601 1510 ἀλλ’
2632 1460 2713 1513 ὅτι
2744 1461 2836 1512 καὶ
2864 1460 3116 1531 ῥᾳστώνη
3151 1462 3318 1533 πολλὴ
3349 1464 3442 1516 τοῦ
3481 1465 3832 1536 πράγματος,

2277 1575 2560 1630 Ὀπποῑόν
2570 1579 2623 1632 κ’
2635 1579 2895 1648 εἴπῃσθα
2912 1581 3075 1646 ἔπος,
3093 1581 3315 1635 τοῖόνκ⁸
3325 1582 3688 1649 ἐπακούσαις
3700 1584 3833 1654 (87),

2267 1743 2519 1816 καθάπερ
2565 1747 2862 1816 ῥεύματος
2923 1748 3421 1818 ἀπεστρέφοντος
3443 1764 3458 1780 ⁸
3513 1748 3674 1802 πάλιν
3727 1749 3838 1821 γὰρ

2279 1836 2503 1907 Ὁμήρῳ
2537 1839 2939 1908 συγχρήσομαι·

2614 2051 2629 2065 .
2709 2013 2818 2067 Τὸν
2840 2013 3063 2077 {dorsa
3085 2012 3153 2066 δὲ
3182 2013 3484 2080 ἀναξύειν

2266 2223 2545 2291 παντελῶς
2572 2225 2951 2297 ἀνεπίφθονον.

2335 2379 2432 2443 Τίς
2457 2375 2551 2432 οὖν
2582 2381 2615 2450 ἠ
2648 2379 2836 2448 σοφία,
2867 2379 2984 2443 ὲξδν
3014 2379 3179 2450 ἀρετῇ
3215 2380 3536 2451 πρωτεύειν,
3567 2381 3832 2451 ἡττᾶσθαι

2265 2469 2455 2540 κακίᾳ,
2486 2469 2521 2539 ἢ
2559 2469 2653 2521 καὶ
2680 2471 2868 2539 νικᾷν,
2891 2469 2920 2522 ὃ
2951 2470 3130 2541 πολλῷ
3159 2471 3340 2541 χεῖρόν
3370 2473 3540 2535 ἑστινς
3584 2471 3697 2524 ἀλλ’
3729 2472 3839 2541 ἐγώ

2263 2575 2329 2627 γε
2353 2558 2444 2611 καὶ
2471 2558 2580 2610 τῶν
2603 2558 2870 2611 δικαστῶν
2905 2557 3062 2611 τοῦτο
3093 2559 3398 2629 μέμφομαι,
3427 2562 3703 2630 εἰρήσεται
3730 2559 3840 2631 γὰρ

2265 2649 2520 2719 τάληθὲς,
2541 2649 2622 2702 ὃτι
2646 2648 2683 2703 ἃ.
2703 2647 2992 2713 κολάζουσι
3013 2649 3312 2719 κρίνοντες,
3330 2649 3500 2702 ταῦτα
3530 2651 3841 2702 ἐπαινοῦσιν

2266 2738 2625 2811 ἀκροώμενοι.
2666 2739 2740 2791 Οὐ
2778 2737 2936 2809 μόνον
2971 2738 3050 2802 δὲ,
3093 2737 3228 2792 ἀλλὰ
3264 2739 3360 2791 καὶ
3397 2737 3622 2800 πολλοὺς
3659 2738 3839 2806 έχουσι

2265 2831 2391 2895 τοὺς
2421 2830 2829 2896 συνεπαινέτας,
2857 2831 2951 2884 καὶ
2987 2831 3086 2901 τὴν
3121 2831 3316 2883 κακίαν
3350 2830 3717 2892 ἀνάπτοντας,
3745 2831 3841 2882 καὶ

2266 2925 2385 2986 ταῖς
2423 2922 2676 2985 σπουδαῖς
2714 2923 2841 2993 ἄχρι
2881 2922 3070 2976 τούτου
3117 2922 3566 2992 μεμερισμένους
3609 2922 3748 2984 δέον,
3791 2923 3840 2974 εί

2271 3013 2370 3085 μὲν
2409 3014 2737 3078 ἀπιστεῖται,
2782 3013 2856 3086 μὴ
2905 3013 3261 3067 ἐπαινεῖσθαι·
3305 3015 3355 3066 εἰ
3397 3013 3452 3066 δὲ
3499 3011 3837 3076 πιστεύεται,

2267 3104 2500 3176 δημοσία
2550 3104 2849 3175 κρίνεσθαι·
2895 3103 2929 3173 ἢ
2973 3103 3142 3169 οὕτω,
3204 3106 3253 3156 εί
3315 3103 3413 3174 μὲν
3457 3103 3656 3172 ψευδῆ,
3712 3103 3840 3165 τοὺς

599 3185 840 3242 dentur:
898 3186 951 3243 si
1006 3196 1190 3244 autem
1249 3203 1378 3245 vera
1426 3205 1551 3248 esse
1580 3192 1878 3249 credantur
1931 3195 2167 3265 publice,

2270 3195 2609 3266 κατηγόρους
2664 3194 2977 3266 ἐλέγχεσθαι
3035 3194 3201 3265 (88)°
3262 3196 3310 3247 εἰ
3357 3195 3413 3248 δὲ
3460 3193 3664 3265 ἀληθῆ,
3716 3194 3840 3256 τοὺς

595 3277 970 3348 iudicentur;
1018 3288 1114 3334 aut
1158 3283 1326 3337 etiam
1375 3283 1518 3339 hanc
1569 3287 1836 3342 rationem
1883 3289 2166 3353 adhibere,

599 3377 655 3420 ιιι
693 3369 738 3422 si
775 3367 910 3423 falsa
954 3370 1315 3438 objiciuntur,
1349 3383 1700 3429 accusatores
1749 3385 2162 3447 coarguautur:

600 3457 692 3514 sin
730 3475 877 3524 vera,
926 3461 964 3515 ii
1004 3462 1272 3519 adversus
1311 3479 1452 3534 quos
1495 3466 1674 3520 oratio
1725 3467 2001 3534 habetur;
2054 3485 2164 3523 non

2273 3286 2393 3339 καθ’
2427 3280 2500 3340 ὧν
2529 3289 2557 3339 ὁ
2595 3286 2778 3354 λόγος·
2815 3287 2910 3340 καὶ
2950 3287 3024 3358 μὴ
3061 3285 3230 3350 οὕτω,
3279 3286 3535 3357 μέγιστον
3577 3286 3838 3356 πρᾶγμα,

2270 3378 2370 3448 τὴν
2427 3377 2534 3431 τῶν
2598 3374 2657 3431 εὖ
2716 3378 3013 3448 γεγονότων
3073 3377 3374 3448 ὑπόληψιν,
3435 3375 3578 3430 οὕτω
3643 3375 3840 3446 ῥᾳδίως

2269 3468 2574 3533 παίζεσθαι.

599 3557 784 3603 autem
835 3550 1152 3620 permittere
1188 3561 1248 3607 ut
1282 3555 1550 3610 nobilium
1593 3557 1838 3612 virorum
1875 3559 2247 3624 existimatio,
2289 3577 2380 3617 res
2441 3561 2664 3615 maximi
2730 3559 3015 3631 ponderis,
3085 3568 3196 3614 tam
3241 3557 3402 3613 facile
3439 3556 3677 3612 ludibrio
3743 3555 3839 3610 ad-

600 3639 876 3696 bibeatur.

670 3735 872 3802 Quare,
908 3737 953 3792 si
990 3753 1113 3793 meo
1141 3739 1375 3795 consilio
1412 3741 1618 3811 paretis
1663 3743 1980 3815 (utrumque
2019 3746 2166 3800 enim

601 3826 908 3897 alloquor),
946 3826 1262 3895 hujusuiodi
1315 3845 1602 3888 sermones
1641 3840 1695 3887 et
1735 3834 2169 3903 vituperationes

600 3915 785 3971 valere
815 3915 1003 3981 sinite,
1043 3917 1092 3972 si
1123 3919 1259 3974 nihil
1290 3920 1460 3987 aliud,
1487 3921 1706 3976 canitiei
1734 3932 1884 3978 certe
1913 3939 2170 3979 reveren-

601 4009 698 4073 tia,
730 4015 824 4061 aut
869 4009 1034 4064 etiam
1085 4024 1270 4064 rerum
1323 4014 1767 4082 turpissimarum
1821 4013 2165 4071 lassitudine.

599 4097 712 4169 ipsi
764 4115 894 4154 vero
957 4102 1013 4156 in
1054 4103 1300 4157 animum
1363 4104 1606 4161 inducite
1656 4107 1827 4160 veteri
1876 4108 2171 4176 praverbio

599 4191 853 4264 obsequi,
876 4193 1024 4263 quod
1058 4194 1285 4251 virtutis
1317 4197 1524 4251 cultum
1557 4199 1810 4268 amplecti
1838 4199 2017 4269 jubet,
2043 4214 2168 4255 cum

601 4283 745 4336 satis
781 4283 848 4336 ad
877 4282 1084 4338 victum
1118 4285 1314 4354 amplae
1357 4285 1647 4342 facultates
1689 4295 1838 4343 sunt.
1880 4287 1992 4343 Nec
2043 4303 2168 4342 cum

2343 3741 2410 3797 El'
2450 3759 2502 3795 τι
2543 3735 2636 3794 οὖν
2674 3741 2794 3810 ἐμοὶ
2829 3739 3078 3793 πείθεσθε
3109 3740 3266 3812 (πρὸς
3301 3740 3408 3812 γὰρ
3440 3741 3779 3813 ἀμφοτέρους
3807 3741 3840 3796 ὁ

2272 3833 2471 3902 λόγος),
2497 3834 2622 3895 τοὺς
2652 3832 2749 3902 μὲν
2775 3831 3047 3895 τοιούτους
3073 3831 3264 3900 λόγους
3291 3831 3385 3884 καὶ
3411 3830 3610 3900 ψόγους
3631 3833 3842 3902 χαίρειν

2274 3921 2470 3974 ὲάσατε
2506 3919 2638 3989 (89),
2678 3920 2727 3972 εί
2766 3921 2840 3991 μή
2876 3937 2928 3973 τι
2971 3918 3118 3980 ἄλλο,
3153 3919 3252 3990 τὴν
3289 3918 3478 3972 πολιὰν
3513 3918 3837 3990 αἰδούμενοι,

2274 4011 2308 4081 ἢ
2345 4011 2439 4063 καὶ
2473 4011 2875 4080 ἀποκάμνοντες
2911 4009 3036 4079 (90)
3081 4010 3138 4062 ἐν
3170 4010 3286 4072 τοῖς
3323 4009 3636 4078 αἰσχίστοις.
3677 4010 3841 4064 Αὐτοὶ

2273 4104 2330 4159 δὲ
2356 4102 2711 4174 βουλεύσασθε
2735 4102 2847 4173 (91)
2871 4102 2969 4170 τὴν
2997 4100 3231 4154 παλαιὰν
3255 4100 3478 4170 τιμῆσαι
3503 4099 3841 4172 παραίνεσιν,

2273 4195 2403 4263 τὴν,
2444 4195 2571 4247 ὅταν
2616 4196 2644 4246 ό
2686 4193 2799 4263 βίος
2844 4191 3023 4254 ἱκανὸς
3142 4191 3275 4259 (92),
3321 4191 3520 4262 ἀρετὴν
3557 4191 3841 4245 ἀσκεῖσθαι

2275 4284 2618 4338 κελεύουσαν.
2672 4285 2779 4338 Καὶ
2822 4285 2922 4338 οὐκ
2972 4282 3378 4336 ὲπιϐουλεύσετε
3427 4283 3526 4353 μὲν
3570 4285 3696 4352 ὑμῖν
3745 4284 3842 4336 αύ-

602 4372 759 4430 vobis
787 4373 944 4442 ipsis,
976 4383 1090 4429 tum
1117 4374 1379 4443 jnvenum
1415 4377 1530 4446 spei
1565 4377 1794 4434 insidias
1831 4387 2167 4450 comparate,

2273 4379 2385 4439 τοῖς
2420 4377 2552 4446 (95),
2590 4375 3000 4428 ἐπιϐουλεύσετε
3041 4374 3098 4427 δὲ
3131 4377 3250 4438 ταῖς
3290 4373 3398 4426 τῶν
3430 4374 3566 4424 νέων
3608 4372 3840 4436 ἐλπίσιν,

601 4527 706 4596 bus
730 4526 851 4582 illos
875 4533 1197 4596 praestantes
1227 4527 1397 4596 fuisse
1432 4529 1638 4583 volunt.
1676 4528 1751 4584 De
1780 4537 1895 4583 toto
1927 4531 2031 4583 hoc
2062 4547 2174 4584 ma-

602 4593 902 4669 lellQOrum
922 4611 1138 4669 genere,
1152 4593 1690 4669 vide'GyraldAum_|ib.
1717 4598 1788 4669 De
1802 4601 1904 4653 diis
1919 4601 2168 4669 gentium.

605 4664 680 4719 lle
708 4663 1060 4718 Telchinibus
1089 4676 1267 4718 autem
1299 4663 1420 4720 vide
1460 4665 1682 4720 Suidam
1711 4668 1778 4720 ad
1819 4663 2004 4722 vocem
2038 4670 2172 4720 Τελ-

637 4737 769 4805 ῖνες,
804 4744 858 4789 et
911 4734 1194 4788 Erasntum
1250 4735 1302 4788 in
1351 4735 1576 4805 Adagio,
1624 4735 1761 4789 Novi
1791 4737 2078 4802 Simonem,
2121 4748 2171 4791 ct

646 4819 785 4856 tmon
826 4820 924 4857 me.
1117 4825 1124 4831 ’

673 4872 786 4942 (86)
817 4873 1128 4940 κυρίττειν
1174 4889 1239 4926 τε
1278 4873 1379 4928 καί
1413 4875 1809 4943 κυρίττεσθαι.
1861 4873 1977 4927 Non
2033 4875 2173 4928 male

603 4941 728 5013 Bill.
770 4941 1144 5013 metaphoram
1195 4943 1450 5013 reddidit,
1489 4941 1583 4997 sed
1623 4943 1820 5013 legisse
1848 4945 2064 5013 videtur:
2082 4960 2174 5013 κη-

605 5011 933 5083 ρύττεινγτεή
959 5012 1056 5083 καὶ
1090 5011 1469 5083 κηρύττεσθαι.
1509 5013 1600 5083 Sic
1649 5011 1810 5065 habet
1868 5014 1988 5083 cod.
2041 5011 2171 5079 Reg.

602 5079 848 5134 Combef.
884 5079 1241 5151 κυρίττειιϊτε
1273 5083 1367 5135 καὶ
1412 5082 1778 5151 κυρίττεσθαι,
1812 5081 2053 5135 cornibus
2083 5097 2173 5148 pe-

604 5158 711 5203 tere
737 5165 801 5202 ac
827 5150 1056 5220 vicissim
1078 5153 1202 5217 peti,
1234 5150 1570 5220 petulcorum
1594 5150 1820 5204 arietum
1851 5166 1998 5204 tuere
2019 5168 2034 5216 ;
2057 5164 2176 5218 quae

603 5220 996 5300 grannnaticis,
1033 5219 1462 5300 iuqt'_i_t,’usitata
1507 5221 1956 5300 vocisacccptio
1983 5231 2036 5273 et
2065 5234 2175 5300 au-

603 5287 850 5358 ctoribus
882 5287 1132 5358 probata.
1163 5288 1274 5358 lloc
1301 5289 1536 5344 fortasse
1556 5287 1882 5357 significavit
1912 5289 2176 5344 Horatius

605 5357 660 5410 in
693 5355 822 5410 0dis
847 5355 1106 5411 {Parata
1132 5357 1262 5410 tollo
1299 5373 1519 5413 cornua.

677 5426 788 5496 (87)
835 5426 1119 5480 Ὀπποῖόν
1259 5427 1520 5493 ειπῃσθα
1559 5425 1725 5494 ἔπος,
1771 5426 1934 5480 τοῖόν
1957 5428 2036 5496 π’
2064 5426 2178 5496 ,ἐπ-

601 5493 918 5564 ακούσαις.
939 5497 1084 5548 Talia
1099 5493 1304 5558 audies,
1317 5497 1500 5564 qualia
1512 5498 1562 5549 in
1577 5493 1708 5550 alios
1720 5496 1940 5550 dixeris.
1957 5495 2010 5547 lli
2021 5495 2174 5550 llius:

727 5563 932 5616 victum
969 5567 1073 5635 tale
1108 5565 1240 5634 feres
1274 5563 1428 5635 quale
1473 5576 1593 5620 ante
1630 5567 1896 5621 interseris
1943 5567 2070 5633 ipse.

601 5630 782 5762 {galia
814 5641 942 5689 sunt
959 5630 1148 5694 (linea:
1173 5635 1240 5692 ad
1275 5630 1561 5702 Achillem,
1589 5635 1752 5691 Iliad.
1793 5637 1889 5691 lib.
1920 5630 2009 5700 si,
2031 5650 2175 5690 vers.

2353 4531 2463 4614 (.88)
2497 4529 2871 4614 ιεἀτῖιτεψορς
2897 4528 3274 4614 έλέτκεφξί
3290 4525 3515 4614 “94:3!
3528 4524 3677 4614 Est:
3705 4541 3841 4614 κσέξῖ

2271 4595 2509 4671 ηγὸρους
2551 4595 2894 4671 κολάζεσθαι,
2944 4595 3276 4671 accusatores
3343 4603 3697 4647 coerceantur.
3748 4595 3842 4649 Sic

2273 4665 2436 4723 etiam
2465 4668 2695 4721 thtat'.
2727 4677 2775 4721 ct
2810 4665 2995 4718 Morel.

2348 4739 2458 4805 (89)
2491 4737 2727 4803 Χαίρειν
2747 4734 2984 4788 ἐάσατε.
3016 4733 3175 4789 Forte
3196 4733 3479 4804 legendum
3511 4731 3723 4794 ἐάσετε,
3752 4747 3842 4784 ua-

2274 4806 2378 4858 lere
2411 4807 2612 4858 sinetis.

2316 4874 2454 4994 6(90)
2503 4871 3002 4940 Ἀποκάμνοιτες.
3051 4872 3127 4926 lla
3169 4871 3293 4927 cod.
3343 4869 3401 4924 In
3450 4871 3583 4926 cdit.
3629 4870 3841 4924 ἀποκαο

2346 4959 2488 4994 ντες.

2346 4959 2488 4996 ντες.

2276 4959 2933 5082 ῗοῖὄῗῗᾟορλξύσασαε.
2965 5008 3277 5082 Legendum
3306 5010 3445 5065 forte
3468 5007 3838 5080 βουλεύσεσθε.

2271 5078 2516 5134 Coinbel‘.
2556 5079 2947 5147 βουλεύσοισθε.

2345 5148 2456 5218 (9%)
2485 5143 2727 5219 fama
2746 5151 2885 5214 ,ϐίος
2911 5149 3118 5219 [aegr-dc
3141 5143 3203 5219 ᾖ,
3235 5158 3341 5203 etc.
3370 5149 3449 5202 Ad
3481 5149 3582 5202 hoc
3621 5163 3842 5218 prover-

2275 5216 2642 5272 biumalludit
2666 5216 2942 5283 Hetatius,
2958 5217 3130 5285 Epist.
3147 5216 3204 5270 ἰ.

2561 5286 2605 5341 0
2635 5288 2788 5351 cives,
2816 5293 3096 5356 qnwrenda
3126 5287 3344 5355 pecunia
3381 5287 3611 5354 primum
3634 5294 3734 5350 est,

2362 5357 2539 5410 Virtus
2570 5366 2685 5425 post
2716 5373 3068 5410 nummos.....

2349 5428 2461 5497 (95)
2495 5422 2616 5497 ρῦκ
2658 5426 3138 5497 artiﬁciali-uoces
3157 5424 3283 5497 per
3316 5424 3472 5497 {mir
3505 5423 3740 5497 autoic.
3768 5422 3841 5474 Ita

2278 5491 2402 5550 cod.
2433 5491 2487 5550 et
2513 5494 2644 5564 Reg.
2676 5497 2747 5547 At
2780 5494 3016 5548 Montac.
3042 5505 3095 5548 et
3123 5491 3308 5547 Morel.
3336 5491 3434 5547 οὐκ
3463 5491 3841 5564 ὲπιᾷουλεύσε-

2277 5583 2364 5618 ται
2402 5565 2499 5633 μὲν
2531 5560 2622 5617 οὖν
2645 5564 2773 5633 ὑμῖν
2819 5565 3024 5626 αὐτοῖς.
3060 5564 3280 5631 chisse
3309 5564 3521 5616 videtur
3562 5560 3704 5622 llill.,
3749 5568 3842 5633 aut

2281 5627 2472 5688 saltem
2516 5627 2798 5703 legendum
2839 5633 3121 5703 censuisse
3140 5627 3303 5702 ’μηδὲ
3357 5634 3502 5703 ὑμῖν
3539 5633 3737 5693 αὐτοῖς.
3783 5627 3843 5686 lu

2285 5703 2441 5767 edin,
2469 5701 2600 5776 ἡμῖν
2620 5705 2822 5766 αὐτοῖς.
2860 5701 2999 5761 Mox.
3016 5703 3150 5774 μηδὲ
3173 5701 3291 5765 ταῖς
3317 5703 3427 5754 τῶν
3449 5701 3600 5756 νέων.
