4182 6422
595 383 695 439 351

1788 379 1841 437 8.
1884 376 2208 438 GREGORII
2247 377 2592 436 THEOLOGI

3734 401 3836 436 07-):

596 493 844 549 morbum
877 507 1039 549 suum
1080 491 1380 549 insolenter
1411 499 1717 556 ostentant,
1753 493 2020 550 ecclesias
2047 493 2162 548 col-

2264 492 2372 546 τῶν
2417 493 2856 566 ἐκπομπεύουσιν
2893 492 2992 566 (8),
3041 493 3333 567 ἐκκλησίας
3373 493 3715 565 συνάγοντες,
3759 496 3836 559 ὼς

596 586 851 655 ligentes,
885 586 1046 657 quasi
1091 602 1154 641 ex
1197 586 1470 656 permissu
1513 585 1616 639 hoc
1653 585 1942 641 facientes.
1989 585 2168 641 Mace-

595 679 815 732 doniani
864 687 1067 743 autem,
1122 678 1354 733 factiose
1415 677 1838 741 contendentes,
1885 692 1950 733 eo
1998 685 2167 733 teme-

595 770 777 825 ritatis
805 777 1197 839 proruperunt,
1230 780 1288 823 ut
1333 769 1712 840 episcoporum
1757 769 1919 825 etiam
1968 785 2165 826 nomen

596 859 699 914 sibi
727 858 863 927 ipsis
892 857 1167 913 asciscant
1193 899 1208 924 ,
1261 866 1424 928 atque
1456 857 1511 912 in
1540 857 1628 913 bis
1673 854 1808 913 locis
1841 865 2164 928 appareant,

595 957 868 1020 caputque
900 957 1177 1012 esset-ant,
1210 948 1496 1004 Eleusium
1540 949 1656 1004 suis
1708 948 1986 1019 suﬂ‘ragiis
2016 950 2164 1006 cele-

594 1040 843 1095 brantes.
875 1039 946 1092 At
972 1053 1102 1093 vero
1137 1038 1460 1092 intestinum
1493 1039 1694 1092 malum
1735 1048 2006 1104 nostrum,
2057 1038 2165 1094 Eu-

593 1131 833 1194 nomius,
899 1145 1094 1200 parum
1131 1129 1242 1199 jam
1277 1129 1441 1185 habet
1463 1191 1466 1195 _
1488 1145 1708 1200 quoquo
1732 1145 1961 1186 numero
1991 1146 2116 1187 esse
2147 1146 2162 1183 :

594 1237 781 1276 verum
818 1221 921 1277 nisi
967 1235 1160 1276 omnes
1198 1219 1252 1275 in
1287 1221 1583 1292 perniciem
1625 1236 1782 1278 suam
1829 1221 2167 1293 exitiumque

597 1312 946 1384 pertraxerit,
1002 1311 1316 1368 detrimenti
1385 1313 1510 1370 loco
1573 1313 1743 1369 ducit.
1804 1314 1982 1385 Atque
2051 1314 2166 1370 hazc

595 1411 777 1458 tamen
820 1403 1120 1458 tolerantia.
1158 1402 1315 1470 Quod
1363 1414 1542 1459 autem
1588 1421 1656 1461 ex
1701 1405 1959 1462 omnibus
1985 1404 2160 1461 θεειο-

594 1495 834 1550 siasticis
902 1495 1307 1552 calamitatibus
1386 1497 1824 1563 acerbissimum,
1887 1497 2165 1567 Apollina-

596 1585 853 1639 ristarum
907 1583 1128 1638 licentia
1179 1594 1286 1648 est,
1341 1600 1482 1655 quos
1555 1584 1700 1639 haud
1757 1585 1873 1641 scio
1923 1599 2162 1656 quonam

595 1672 756 1725 modo
796 1671 967 1742 pietas
1012 1681 1105 1727 tua
1166 1682 1560 1740 convcntuum,
1591 1690 1746 1746 reque
1799 1689 1861 1730 ac
1904 1690 2028 1741 nos,
2067 1673 2164 1728 ba-

597 1760 894 1815 bendorum
927 1762 1308 1818 auctoritatem
1357 1763 1462 1819 sibi
1494 1778 1785 1836 arrogasse
1814 1771 1976 1836 atque
2001 1779 2164 1820 usur-

597 1867 778 1924 passe,
815 1868 975 1924 passa
1008 1855 1189 1910 fuerit.

661 1942 984 2014 Quanquam
1035 1956 1213 2001 autem
1251 1945 1478 2002 omnino
1507 1943 1602 2000 Dei
1650 1944 1916 2002 beneflcio
1962 1959 2163 2020 myste-

593 2033 693 2087 riis
718 2031 920 2088 divinis
950 2031 1256 2089 instructus
1286 2042 1341 2090 et
1366 2035 1638 2098 eruditus,
1667 2049 1782 2089 non
1815 2035 1976 2090 modo
2006 2045 2167 2092 rectae

594 2121 855 2175 doctrinae
894 2122 1259 2193 patrocinium
1305 2124 1474 2190 nosti,
1523 2139 1712 2179 verum
1757 2139 1820 2180 ea
1850 2125 2012 2180 etiam
2049 2141 2168 2181 om-

596 2213 708 2277 nia,
742 2228 864 2282 qua:
901 2213 1164 2268 adversus
1201 2227 1390 2269 sanam
1422 2221 1476 2270 et
1507 2213 1868 2270 orthodoxam
1917 2216 2072 2270 fidem
2099 2216 2168 2272 ab

595 2305 870 2362 bmreticis
911 2307 1222 2378 excogitata
1257 2315 1384 2362 sunt
1420 2325 1434 2362 :
1471 2307 1953 2363 honorificentiam
1985 2318 2166 2364 tamen

594 2405 742 2449 tuam
783 2411 812 2449 a
851 2397 1115 2452 tenuitate
1167 2405 1352 2452 nostra
1393 2397 1685 2452 certiorem
1728 2398 1843 2451 fieri
1888 2397 2168 2468 haudqua-

593 2503 755 2558 quam
804 2489 1248 2558 intcmpcstivum
1301 2487 1484 2552 fuerit,
1535 2487 1669 2541 mihi
1722 2487 1778 2542 in
1823 2501 2021 2543 manus
2076 2503 2168 2543 ve-

594 2576 742 2636 nisse
773 2579 1011 2634 libellum
1047 2576 1388 2649 Apollinarii,
1418 2576 1472 2631 in
1497 2592 1608 2646 quo
1635 2593 1723 2644 ea,
1757 2593 1877 2648 quae
1906 2587 2170 2635 astruun-

592 2681 707 2736 tur,
739 2669 1051 2725 harreticam
1083 2684 1299 2724 omnem
1333 2669 1657 2739 pravitatem
1679 2671 1966 2725 excedunt.
2004 2669 2165 2740 168

593 2762 833 2816 Allirmat
875 2761 1019 2816 enim
1070 2774 1419 2831 nequaquam
1464 2759 1817 2816 adventitiam
1869 2775 1988 2817 esse
2026 2774 2168 2815 car-

593 2868 715 2908 nem
763 2852 908 2906 illam
953 2851 1025 2906 ob
1070 2861 1282 2906 natura!
1333 2863 1536 2908 nostrae
1594 2853 2044 2910 instaurationem
2101 2855 2170 2912 ab

594 2945 878 3015 unigenito
961 2943 1102 2998 Filio
1169 2945 1472 2999 secundum
1549 2945 2013 3015 dispensationem
2081 2962 2173 3003 as-

594 3047 865 3106 sumplam
898 3052 912 3099 ;
947 3051 1137 3089 verum
1168 3035 1444 3090 carnalem
1479 3036 1626 3090 illam
1661 3044 1912 3090 naturam
1946 3037 2000 3091 in
2031 3036 2172 3094 Filio

593 3127 702 3197 iam
757 3126 882 3180 inde
933 3139 961 3179 a
1011 3124 1284 3196 principio
1349 3140 1492 3181 esse.
1565 3127 1742 3196 Atque
1792 3128 2162 3198 evangelicum
2191 3167 2236 3228 ο

592 3216 866 3288 quoddam
895 3216 1098 3271 dictum
1131 3231 1416 3288 perperam
1439 3225 1724 3288 acceptum
1760 3218 1826 3274 ad
1852 3218 2162 3288 huiusmodi

593 3309 952 3366 absurditatis
985 3308 1361 3366 testimonium
1415 3310 1726 3380 prmtendit,
1773 3310 1917 3381 quod
1957 3311 2031 3364 ita
2069 3310 2167 3364 ha-

594 3403 685 3457 bet
723 3417 737 3453 :
795 3401 964 3456 Nemo
1000 3401 1234 3456 ascendit
1274 3401 1328 3454 in
1369 3401 1590 3466 caelum,
1639 3402 1742 3456 nisi
1781 3402 1873 3473 qui
1903 3401 2166 3456 descendit

593 3489 657 3542 de
701 3489 848 3553 creto,
885 3487 1064 3568 Filius
1111 3489 1373 3543 hominisl
1409 3507 1422 3555 ;
1473 3497 1733 3560 tanquam
1780 3490 1932 3561 prius
1955 3489 2164 3556 ~ctiam,

594 3594 759 3648 quam
811 3579 926 3649 ipse
979 3579 1380 3647 descendisset,
1424 3580 1568 3636 illius
1617 3581 1857 3636 hominis
1903 3588 2068 3645 esset,
2103 3595 2167 3635 ac

594 3667 940 3723 descendens
967 3682 1190 3722 carnem
1230 3683 1382 3722 suam
1431 3683 1618 3723 secum
1659 3668 1950 3724 adduxerit
1995 3670 2164 3735 illam,

595 3775 759 3829 quam
807 3759 862 3814 in
907 3759 1062 3815 cmlis
1122 3758 1400 3824 habebat,
1453 3758 1744 3829 quamdam
1791 3766 1918 3815 ante
1967 3761 2166 3814 saecula

597 3849 973 3917 cxsistentem,
996 3849 1360 3920 essentiaequc
1389 3864 1500 3905 suae
1516 3849 1759 3905 insitam.
1781 3849 1993 3906 Profert
2021 3850 2167 3906 enim

600 3957 792 3998 rursus
835 3941 1194 4012 apostolicum
1239 3941 1510 4013 quoddam
1545 3941 1772 4008 dictum,
1827 3956 1854 3996 a
1892 3949 2007 3997 toto
2035 3957 2168 3998 con-

669 4098 685 4128 ¹
715 4097 875 4152 Joan.
913 4113 995 4163 ιιι,
1032 4097 1118 4152 15.

673 4229 749 4301 (8)
793 4229 1327 4302 Ἐκειςομπεύρυοίνἒ
1367 4227 1601 4283 Montac.
1642 4236 1696 4284 et
1730 4225 1916 4302 Morel.
1949 4229 2167 4301 ἐμπομ-

605 4300 882 4360 πεύουσιν,
921 4302 991 4352 ita
1019 4309 1072 4354 et
1098 4300 1342 4354 Contbef.

672 4371 766 4440 (9)7
793 4370 886 4432 Ἐξ
923 4369 1266 4437 ἐπιτροπῆς.
1325 4369 1754 4440 Permissionem,
1795 4367 1972 4440 inquit
2024 4367 2170 4438 Bill.,

601 4438 702 4493 hoc
758 4439 878 4509 loco
931 4439 1186 4493 transtuli
1234 4455 1263 4490 a
1304 4439 1492 4509 verbo,
1531 4438 1826 4509 ἐπιτρέπειν
1868 4439 2164 4509 absurdum

599 4509 744 4563 enim
782 4508 968 4579 fuisset
997 4517 1210 4579 vertere
1236 4523 1302 4561 ea:
1334 4507 1596 4579 mandato,
1617 4507 1668 4561 ei
1697 4510 1954 4576 delegato.
1982 4508 2167 4579 Neque

599 4579 744 4632 enim
769 4577 1062 4648 verisimile
1087 4586 1172 4632 est
1195 4577 1561 4648 Theodosium
1588 4578 1784 4647 insigni
1815 4579 2010 4647 pietate
2033 4577 2168 4648 prae-

601 4649 796 4711 ditum,
823 4647 1098 4718 haareticis
1132 4647 1418 4702 mandasse
1452 4657 1510 4701 ut
1538 4662 1756 4702 errores
1786 4663 1916 4702 suos
1945 4647 2168 4718 sparge-

602 4726 725 4772 rent
776 4731 838 4771 ac
891 4715 1286 4787 dilfundercnt;
1320 4731 1509 4772 verum
1560 4719 1683 4772 illos
1735 4718 1940 4787 potius
1975 4715 2166 4786 optimi

603 4788 864 4858 principis
895 4787 1182 4858 clementia
1211 4785 1520 4852 abutentes,
1552 4795 1716 4852 atque
1737 4785 2167 4858 'ecclesias’eon-

603 4856 910 4929 gregantcs,
944 4857 1046 4910 hoc
1080 4857 1324 4929 audacia:
1356 4873 1468 4912 sua:
1491 4856 1881 4929 prec-texuisse,
1911 4859 2066 4929 quod
2108 4874 2166 4914 se

606 4927 876 4996 periuissu
896 4927 1242 4998 imperatoris
1270 4927 1445 4982 facere
1471 4928 1736 4991 dicerent,
1760 4944 1880 4996 quae
1903 4927 2164 4982 facerent.

608 4998 670 5050 Et
714 5009 863 5068 certe
899 4997 1000 5052 hoc
1045 4999 1125 5054 eis
1169 4997 1535 5068 Theodosium
1577 4999 1894 5068 permisisse
1936 5005 2168 5053 testatur

605 5076 791 5122 uoster
821 5067 1116 5135 Gregorius
1142 5069 1196 5123 in
1231 5083 1328 5122 sua
1370 5067 1509 5133 Vita,
1541 5067 1714 5138 coque
1749 5069 1919 5123 etiam
1948 5070 2168 5122 nomine

606 5139 781 5207 ipsum
807 5140 1174 5207 reprehendit,
1208 5151 1266 5192 ut
1302 5153 1410 5193 non
1441 5138 1572 5193 satis
1604 5153 1798 5208 magno
1829 5139 1944 5192 zelo
1972 5138 2166 5207 prasdi-

605 5218 764 5274 tum;
797 5209 1008 5280 tametsi
1058 5220 1274 5280 postea,
1320 5217 1378 5262 ut
1432 5209 1611 5280 ipsius
1661 5209 2162 5280 fat-tumqescuset,

603 5293 827 5333 causam
871 5275 1107 5348 aliquaiu
1153 5279 1411 5347 proferat.
1442 5275 1708 5348 A'tiombef.
1748 5279 1823 5340 ὡς
1853 5275 1911 5342 ἐξ
1945 5279 2163 5348 ἐπιτρο-

604 5349 713 5418 πῆς
744 5348 901 5401 τοῦτο
930 5346 1228 5418 ποιοῦντες,
1256 5350 1390 5401 velut
1424 5346 1568 5417 {acta
1597 5349 1672 5401 rei
1712 5347 1944 5410 licentia,
1973 5346 2165 5401 relicto

605 5417 686 5473 eis
711 5433 819 5490 per
852 5419 1113 5490 principis
1147 5417 1460 5490 facilitatem
1489 5419 1566 5490 rei
1600 5418 1848 5490 arbitrio.

677 5483 787 5557 (Ιῦ)
816 5483 976 5541 Κατὰ
1010 5483 1397 5552 Μακεδόνων,
1426 5487 1732 5554 ἐρίζοντες.
1760 5486 1932 5542 Coisl.
1953 5496 2007 5557 et
2031 5483 2164 5556 Reg.

608 5555 839 5629 hientac.
874 5567 946 5629 et
995 5557 1180 5613 Morel.
1238 5557 1378 5612 κατὰ
1421 5557 1749 5611 Μακεδόνων
1779 5555 2160 5629 αἱρετίςοντες.

609 5627 904 5680 Macedonii
927 5638 1079 5680 εει-ιω
1105 5629 1447 5683 adlta'reules.

679 5698 788 5765 (II)
815 5697 1072 5762 Ἑαυτοῖς
1097 5699 1564 5768 enimut/(ortae.
1597 5698 1655 5754 In
1674 5698 1824 5754 Orat.
1849 5699 1903 5763 2,
1927 5708 1978 5754 et
2005 5698 2160 5753 Coll).

608 5772 659 5830 0',
692 5770 741 5835 9,
778 5770 991 5830 ἑαυτοῖς
1012 5769 1182 5821 deest.

2269 583 2328 649 ἐξ
2358 585 2658 658 ἐπιτροπῆς
2680 584 2754 658 (9)
2783 585 2939 640 τοῦτο
2968 587 3263 651 ποιοῦντες.
3295 588 3358 640 Οἱ
3389 587 3443 640 δὲ
3471 587 3611 641 κατὰ
3643 588 3834 641 Μακε-

2267 675 2456 738 δόνιον,
2509 676 2780 748 ἐρίζοντες
2819 675 2950 748 (10),
2997 678 3079 740 είς
3116 678 3367 731 τοσοῦτον
3405 677 3834 749 προεληλύθασιν

2267 765 2545 830 ἀπονοίας,
2582 767 2658 830 ὡς
2691 767 2784 821 καὶ
2808 767 2978 837 ὄνομα
2999 767 3313 822 ἐπισκόπων
3335 769 3543 832 ἑαυτοῖς
3566 769 3832 840 ἐπιφημί-

2267 855 2449 922 ζοντες
2471 856 2606 928 (11),
2641 859 2754 921 τοῖς
2783 857 2904 912 καθ’
2929 858 3077 928 ἡμᾶς
3111 858 3298 922 τόποις
3325 857 3667 921 ἐπιπολάζειν
3697 857 3828 926 (12),

2266 946 2356 1000 τὸν
2395 947 2666 1002 Ἐλεύσιον
2694 949 2813 1011 ταῖς
2846 948 3208 1019 χειροτονίαις
3238 949 3420 1003 αὐτῶν
3441 949 3551 1018 (15)
3581 947 3833 1018 ἐπιθρυλ-

2266 1036 2504 1102 λοῦντες.
2544 1037 2618 1091 Τὸ
2653 1037 2712 1091 δὲ
2747 1039 3034 1107 ἐγκόλπιον
3069 1039 3225 1110 ἡμῶν
3267 1039 3434 1094 κακὸν
3473 1042 3502 1094 ὁ
3551 1039 3830 1109 Εύνόμιος,

2266 1128 2448 1183 οὐκέτι
2485 1130 2676 1201 ἀγαπᾷ
2711 1130 2773 1183 τὸ
2803 1131 3052 1184 ὁπωσοῦν
3085 1127 3222 1184 εἶναι
3245 1147 3260 1164 ·
3292 1131 3405 1184 ἀλλ’
3434 1132 3484 1184 εἰ
3519 1130 3593 1202 μὴ
3626 1130 3834 1193 πάντας

2264 1222 2330 1292 τῇ
2363 1219 2554 1273 ἑαυτοῦ
2581 1219 2826 1291 ἀπωλείᾳ
2855 1220 3312 1291 συνεφελκύσαιτο
3338 1220 3472 1291 (14),
3502 1219 3705 1291 ζημίαν
3727 1220 3841 1291 κρί-

2265 1326 2365 1363 νει.
2393 1309 2500 1364 Καὶ
2529 1309 2701 1366 ταῦτα
2741 1311 2838 1382 μὲν
2875 1311 3108 1384 φορητά.
3145 1313 3220 1366 Τὸ
3247 1313 3303 1366 δὲ
3339 1312 3555 1366 πάντων
3585 1309 3838 1382 χαλεταίι-

2264 1417 2426 1458 τατον
2474 1403 2532 1456 ἐν
2579 1403 2699 1465 ταῖς
2745 1401 3227 1472 ἐκκλησιαστικαῖς
3279 1405 3606 1474 συμφοραῖς,
3655 1403 3688 1473 ἡ
3728 1401 3839 1454 τῶν

2277 1491 2766 1562 Ἀπολλιναριστῶν
2809 1493 2925 1545 ἐστι
2960 1493 3268 1565 παρρησία,
3298 1491 3393 1556 οὓς
3431 1494 3533 1545 οὐκ
3575 1487 3692 1544 οἶδα
3721 1489 3839 1554 πῶς

2265 1581 2489 1653 παρεῖδε
2521 1583 2632 1654 (15)
2657 1599 2748 1636 σου
2773 1584 2810 1654 ἡ
2839 1583 3055 1654 ὁσιότης
3089 1585 3489 1655 πορισαμένους
3510 1585 3722 1647 ἑαυτοῖς
3740 1577 3838 1638 τοῦ

2267 1674 2520 1745 συνάγειν
2549 1673 2825 1746 δμοτίμως
2853 1676 2987 1747 ἡμῖν
3010 1676 3258 1742 ἐξουσίαν
3281 1676 3411 1747 (16).

2335 1925 2560 1990 Πάντως
2594 1926 2694 1996 μὲν
2731 1923 2826 1980 οὖν
2855 1926 2943 1980 διὰ
2973 1927 3189 1982 πάντων
3237 1927 3377 1982 κατὰ
3411 1925 3546 1981 Θεοῦ
3574 1925 3735 1998 χάριν
3765 1927 3838 1980 τὰ

2265 2013 2381 2068 θεῖα
2408 2016 2836 2088 πεπαιδευμένος
2871 2019 3165 2088 μυστήρια,
3190 2018 3252 2071 οὐ
3285 2018 3444 2088 μόνον
3475 2017 3575 2090 τὴν
3603 2017 3696 2071 τοῦ
3741 2016 3835 2088 ὀρ-

2267 2105 2362 2160 θοῦ
2403 2106 2560 2175 λόγου
2609 2108 2941 2179 συνηγορίαν
2978 2108 3290 2174 ἐπίστασαι,
3317 2108 3459 2162 ἀλλὰ.
3487 2110 3714 2162 κάκεῖνα
3737 2108 3838 2162 ὅσα

2266 2200 2416 2270 παρᾶ
2444 2199 2552 2253 τῶν
2577 2199 2869 2271 αίρετικῶν
2890 2200 3034 2254 κατὰ
3052 2199 3152 2271 τῆς
3178 2199 3527 2270 ὑγιαινούσης
3557 2198 3834 2267 ἐπινενόη-

2264 2308 2352 2344 ται
2384 2291 2636 2356 πίστεως·
2675 2285 2815 2364 πλήν
2843 2292 2941 2346 καὶ
2971 2291 3122 2364 παρὰ
3153 2292 3254 2364 τῆς
3289 2291 3622 2363 βραχύτητος
3655 2289 3830 2360 ἡμῶν,

2265 2378 2365 2430 οὐκ
2405 2378 2631 2450 ἄκαιρον
2671 2379 2802 2443 ῐσως
2844 2379 3075 2434 ἀκοῦσαί
3120 2397 3213 2433 σου
3245 2381 3344 2452 τὴν
3380 2378 3832 2450 σεμνοπρέπειαν,

2265 2472 2347 2525 ὅτι
2374 2488 2465 2542 μοι
2521 2473 2781 2528 πτυκτεον
2812 2470 2976 2546 ἦλθεν
3005 2474 3063 2527 ἐν
3092 2473 3245 2544 χερσὶ
3270 2473 3380 2544 (17)
3403 2471 3496 2526 τοῦ
3525 2470 3835 2524 Ἀπολλιναο

2271 2561 2409 2634 ρίου,
2461 2563 2520 2617 ἐν
2566 2557 2610 2632 ᾧ
2658 2564 2726 2619 τὰ
2774 2565 3292 2636 κατασκευαζόμενα
3338 2565 3518 2618 πᾶσαν
3554 2559 3839 2634 αἱρετικὴν

2267 2653 2463 2709 κακίαν
2498 2655 2850 2728 παρέρχεται.
2883 2656 3296 2711 Διαϐεδαιοῦται
3327 2655 3456 2726 γὰρ,
3493 2653 3568 2726 μὴ
3607 2653 3836 2724 ἐπίκτη-

2266 2763 2360 2800 τον
2399 2742 2535 2801 εῐναι
2573 2748 2670 2820 τὴν
2700 2749 2878 2820 σάρκα
2914 2751 3034 2803 κατ’
3066 2747 3379 2820 οἰκονομίαν
3417 2747 3524 2800 ὑπὸ
3551 2745 3647 2800 τοῦ
3683 2759 3839 2815 μονο-

2267 2839 2456 2909 γενοῦς
2487 2839 2618 2894 Υίοῦ
2648 2841 3084 2912 προσληφθεῖσαν
3114 2841 3206 2894 ἐπὶ
3233 2837 3707 2910 μεταστοιχειὼσει
3740 2839 3842 2908 τῆς

2269 2933 2482 3002 φύσεως
2506 2933 2684 3005 ἡμῶν,
2713 2933 2827 2987 ἀλλ’
2851 2933 2910 3000 ἐξ
2936 2934 3112 3004 ἀρχῆς
3139 2935 3196 2986 ἐν
3223 2933 3301 3002 τῷ
3328 2931 3442 3002 Υίῷ
3463 2931 3560 3002 τὴν
3585 2929 3836 3001 σαρκώδη

2268 3019 2480 3089 ἐκείνην
2519 3020 2678 3089 φύσιν
2712 3015 2872 3074 εἶναι.
2914 3022 3024 3074 Καὶ
3057 3020 3243 3084 κακῶς
3271 3019 3516 3072 ἐκλαϐὼν
3549 3017 3838 3086 εὐαγγελι-

2271 3112 2375 3182 κήν
2401 3128 2519 3166 τινα
2554 3112 2710 3184 ῥῆσιν
2739 3113 2819 3176 είς
2855 3111 3160 3184 μαρτυρίαν
3193 3111 3293 3184 τῆς
3323 3110 3578 3182 τοιαύτης
3611 3108 3844 3172 ἀτοπίας

2266 3201 2629 3276 προσάλλεται
2655 3204 2850 3272 λέγων,
2881 3204 2968 3257 ὅτι
3000 3203 3208 3271 οὐδεὶς-
3235 3203 3607 3271 ἀναϐέϐηκεν
3627 3204 3713 3268 εὶς
3733 3202 3842 3255 τὸν

2266 3293 2545 3364 οὐρανὸν,
2577 3298 2628 3350 εὶ
2661 3295 2742 3364 μὴ
2774 3295 2843 3350 ἐκ
2886 3295 2993 3350 τοῦ
3021 3295 3282 3364 οὐρανοῦ
3323 3295 3582 3362 καταϐὰς
3629 3297 3662 3348 ό
3709 3292 3845 3360 Υἱὸς

2265 3385 2373 3441 τοῦ
2413 3385 2744 3454 ἀνθρώπου·
2791 3386 2868 3450 ὡς
2907 3386 3003 3440 καὶ
3046 3387 3180 3458 πρὶν
3222 3386 3316 3440 τοῦ
3355 3385 3636 3441 κατελθεῖν
3676 3383 3842 3438 αὐτὸν

2269 3478 2382 3532 υἱὸν
2409 3478 2697 3552 ἀνθρώπου
2723 3475 2883 3545 εῐναι,
2905 3479 3000 3533 καὶ
3025 3478 3308 3533 κατελθεῖν
3334 3479 3472 3533 ἰδίαν
3499 3477 3842 3547 ἐπαγόμενον

2270 3571 2448 3642 σάρκα
2483 3570 2718 3640 ἐκείνην,
2753 3569 2820 3640 ἢν
2853 3571 2910 3622 ἐν
2947 3572 3058 3633 τοῖς
3098 3569 3343 3639 ούρανοῖς
3375 3568 3514 3638 ἔχων
3557 3566 3839 3636 ἐτύγχανε,

2269 3659 2592 3733 προαιώνιὸν
2622 3677 2742 3713 τινα
2766 3660 2879 3730 (18)
2907 3661 3001 3713 καὶ
3035 3659 3494 3730 συνουσιωμένην.
3525 3659 3687 3728 Λέγει
3725 3657 3833 3731 γὰρ

2268 3755 2429 3810 πάλιν
2458 3755 2819 3825 ἁποστολικήν
2839 3773 2958 3808 τινα
2975 3755 3154 3826 ῥῆσιν,
3190 3753 3285 3808 τοῦ
3314 3755 3436 3808 ὅλου
3469 3754 3717 3826 σώματος
3735 3754 3835 3824 τῆς

2271 3848 2634 3919 συμφράσεως
2676 3847 2997 3911 ἀποκνίσαςο
3041 3847 3122 3901 ὅτι
3153 3849 3187 3902 ό
3224 3846 3499 3916 δεύτερος
3529 3846 3840 3916 ἄνθρωπος

2268 3938 2336 4004 ἐξ
2363 3938 2640 4007 οὐρανοῦ.
2681 3935 2816 3992 Εἶτα
2843 3937 3242 4003 κατασκευάζει
3270 3937 3361 3993 τὸν
3387 3939 3673 4011 ἄνθρωπον
3698 3940 3843 3994 ἐκεῖ·

2341 4221 2456 4295 (12)
2485 4221 2918 4295 ζεπιπολάζειν.
2958 4221 3127 4295 C_oisl.
3165 4220 3512 4295 1,4Mont_ac.,
3561 4220 3840 4295 Morel._ac

2269 4291 2513 4349 Combef.
2546 4293 2958 4375 ἐπιχωριάζειν,
2987 4293 3042 4346 in
3077 4293 3274 4347 nostris
3307 4292 3436 4346 locis
3474 4303 3634 4362 agant
3659 4301 3709 4347 et
3736 4293 3841 4362 [re-

2271 4373 2480 4434 quentes
2512 4372 2640 4416 sint.
3689 4411 3693 4415 .

2343 4435 2452 4503 (15)
2489 4432 2623 4498 Ταῖς
2653 4432 3044 4503 χειροτονῖαις
3076 4429 3293 4484 αὐτῶν.
3325 4429 3448 4503 Non
3480 4437 3628 4484 recte
3823 4450 3836 4484 :

2198 4497 2242 4553 Ῐ)
2272 4497 2544 4559 Eleusium
2577 4497 2688 4556 sua?
2718 4497 2988 4555 electionis
3012 4510 3278 4552 auctorem
3305 4500 3612 4566 garrientes.
3649 4498 3838 4554 Melius

2268 4573 2512 4630 Combef.
2545 4590 2556 4626 :
2586 4588 2802 4626 suarum
2829 4578 3091 4624 auctorem
3132 4568 3525 4622 ordinationum
3545 4574 3835 4634 jactantes,

2269 4645 2353 4700 vel
2374 4661 2429 4700 se
2457 4644 2525 4696 ab
2559 4641 2769 4695 Eleusio
2799 4639 3071 4693 ordinatos
3093 4653 3204 4692 esse
3225 4652 3486 4706 rumorem
3515 4647 3835 4706 spargentes.

2267 4714 2338 4768 At
2387 4711 2698 4784 hujusmodi
2743 4707 3226 4779 interpretationes
3270 4704 3460 4762 Graeco
3505 4704 3837 4777 respondere

2269 4799 2378 4838 non
2409 4784 2684 4836 videntur.

2341 4853 2450 4923 (14)
2481 4848 3023 4917 Συνεφελκύσαιτο.
3056 4845 3132 4901 Ita
3164 4844 3297 4916 Reg.
3325 4843 3381 4900 In
3411 4843 3544 4901 edit.
3581 4843 3841 4915 συνεφελ-

2268 4939 2504 4976 κυσοιτο.

2338 4993 2451 5061 (15)
2490 4987 2634 5045 Οἶδα
2661 4989 2784 5061 πρς
2807 4987 3065 5056 παρεῖδε.
3099 4986 3265 5061 C0i_s_l.
3300 4979 3480 5061 1,-οἷδξ
3511 4985 3659 5061 ὅπως
3679 4983 3843 5061 ’περί-

2338 4993 2469 5112 (15)ζ
2490 4993 2634 5045 Οἶδα
2661 4993 2784 5054 πῶς
2807 4993 3065 5056 παρεῖδε.
3099 4993 3265 5072 Coisl.
3300 4993 3350 5052 1,
3383 4993 3480 5066 οἰδ]
3511 4993 3659 5049 ὅπως
3688 4999 3792 5107 περ

2269 5063 2395 5117 ιδεν.
2474 5078 2560 5132 eg.
2708 5055 2803 5113 οἶδ’
2833 5061 2978 5137 otto);
3033 5057 3290 5137 περιειδε.
3331 5057 3504 5137 Vet‘ttt
3539 5053 3744 5137 Gon‘tbe
3775 5095 3788 5108 .

2267 5123 2690 5202 quonam'modo
2729 5123 3252 5202 neg.lexit,_ae-quasi
3285 5141 3393 5202 non
3433 5123 3687 5202 advertit,
3718 5138 3840 5192 qua:

2266 5193 2502 5258 Nactarii
2536 5217 2648 5256 non
2683 5193 2818 5256 satis
2842 5193 3127 5270 pervigilis
3161 5212 3226 5250 ex
3258 5193 3555 5266 episcopali
3591 5209 3841 5255 munere,

2269 5272 2607 5328 insimulatio
2636 5280 2738 5327 est.

2338 5341 2450 5414 (16)
2502 5342 2612 5396 Τοῦ
2653 5338 3009 5414 συνάγειν...
3058 5334 3367 5402 ἐξουσίαν.
3412 5331 3546 5407 Reg.
3587 5331 3684 5387 τοῦ
3717 5348 3843 5388 συν-

2267 5410 2892 5484 άγεινίπαρρησίανκη
2993 5478 3006 5484 _
3225 5479 3236 5484 _
3280 5475 3313 5484 _r
3379 5472 3414 5484 Α
3490 5473 3522 5484 Α
3572 5474 3607 5484 κ
3650 5472 3663 5484 ,

2340 5483 2450 5551 (1⁸1)
2471 5470 2769 5536 Πὲὺῑὶτίον
2783 5475 2967 5549 ἦλθεν
2981 5478 3051 5551 ἐκ
3064 5479 3256 5548 χερσί.
3280 5472 3469 5551 lta_0r.
3489 5473 3545 5539 2,
3567 5472 3735 5551 ᾳίῂρι.
3749 5470 3847 5526 iet

2266 5543 2501 5624 ()ι›11›.’5.
2517 5552 2762 5624 AtCoAisl.
2782 5543 2815 5604 1’
2839 5543 3098 5624 πτυκτίον
3124 5543 3342 5618 γέγονεν
3360 5549 3416 5600 ἐν
3433 5543 3849 5624 χερσσίᾋυιτιιιιὶ-

2267 5641 2381 5696 que
2396 5623 2620 5677 verbum
2648 5620 2916 5696 deeratin
2941 5621 3096 5683 edit.,
3126 5611 3414 5696 t'itriiiuque
3434 5611 3568 5696 legit
3597 5611 3844 5696 Comhef.

2339 5695 2461 5766 (18).
2533 5690 2891 5766 "perlabi-idr-
2959 5706 3110 5743 τινα.
3182 5688 3300 5742 Bill.
3327 5683 3358 5740 ἐ
3413 5683 3843 5738 antestzcularem

2269 5762 2551 5836 quamdam
2585 5762 2838 5818 videlicet.
