4182 6422
576 398 682 458 ΞΠ

1148 551 1301 608 CCX.
1346 549 1572 606 EIDEM.

1773 401 1834 459 S.
1875 402 2208 460 GREGORII
2241 401 2588 461 TIIEOLOGI
3724 399 3826 457 5.98

2702 555 2829 608 'zr.
2873 552 2959 623 ro
2996 549 3176 622 Ar'ro
3215 550 3344 621 (96).

653 680 898 756 Ejusdem
929 695 992 733 ac
1021 679 1258 746 superior
1286 679 1683 756 argumenti,_et
1710 678 1780 732 ad
1809 681 2046 756 eumdem
2073 693 2270 756 scripta
2298 684 2407 756 Iure
2434 694 2511 740 est
2539 684 2786 754 epistola.
2817 683 3118 756 Gregorius,
3149 693 3532 752 ingravescente
3550 683 3810 753 podagra,

579 747 714 808 lecto
758 750 981 818 afﬁxus,
1015 757 1190 824 atque,
1238 757 1309 824 ut_
1331 747 1441 815 ipse
1487 747 1737 824 loquitur,
1784 750 1943 824 plane
1983 747 2296 819 immobilis,
2341 747 2613 810 Castorem
2655 763 2828 824 rogat,
2868 747 3245 824 ut'idominat'n
3289 747 3626 808 communem
3669 747 3824 810 soro-

581 837 716 894 rem,
753 816 914 894 quam
955 818 1210 894 ocissime
1241 816 1309 894 ad
1343 832 1396 870 se
1436 816 1690 882 remittat,
1723 816 1865 894 utet
1895 821 2115 894 pio_r_um_
2143 816 2385 894 omnium
2426 834 2479 879 et
2517 839 2631 880 suae
2666 816 2841 894 ip'sius
2873 821 3207 890 inﬁrmitatis
3233 834 3522 878 commune
3545 832 3816 880 sustenta-

580 885 785 947 culum.
819 890 1077 955 Quaenam
1108 885 1203 939 illa
1233 887 1300 940 sit
1326 901 1479 939 soror
1506 889 1820 955 communis,
1856 885 1926 943 ah
1959 889 2173 956 Thecla,
2204 893 2528 964 ignoramus.

647 1022 798 1089 Mihi,
825 1029 881 1076 ut
913 1029 1157 1092 apparet,
1184 1021 1553 1092 benigniorem
1580 1039 1638 1080 se
1662 1025 1936 1098 prabebat
1957 1033 2143 1081 extera
2177 1035 2220 1092 Α

574 1118 743 1186 regio,
777 1129 941 1184 quam
978 1111 1174 1183 patria.
1227 1110 1362 1166 Nam
1407 1114 1494 1167 illa
1533 1114 1636 1169 hoc
1683 1117 1816 1171 mihi
1851 1117 2036 1184 dabat,
2086 1126 2148 1172 ut

577 1203 818 1258 amicitia
849 1213 940 1255 tua
990 1201 1242 1256 fruerer:
1283 1201 1397 1256 haec
1441 1211 1622 1258 autem
1661 1205 1794 1259 nihil
1835 1205 2148 1275 hujusmodi

574 1295 734 1349 nobis
785 1292 1079 1348 concessit.
1130 1290 1308 1361 Atque
1348 1292 1452 1347 hoc
1503 1295 1633 1346 mihi
1679 1296 1903 1352 morbus
1944 1299 2145 1362 attulit,

574 1383 670 1453 qui
712 1395 797 1437 me
823 1382 972 1436 velut
1011 1381 1248 1450 pedibus
1299 1382 1610 1438 devinctum
1649 1393 1821 1450 tenet,
1873 1395 2038 1458 atque
2079 1388 2147 1443 ad

574 1473 746 1525 multa
798 1469 1099 1540 torpidum,
1141 1478 1234 1525 aut
1272 1473 1460 1540 etiam,
1504 1473 1550 1530 si
1591 1475 1774 1531 verius
1813 1475 2147 1546 loquendum

573 1569 680 1626 est,
714 1561 875 1630 plane
918 1561 1252 1616 immobilem
1286 1563 1484 1618 reddit.
1526 1563 1630 1620 Sed
1659 1566 1803 1620 enim
1845 1567 1948 1621 hoc
1980 1566 2149 1622 detri-

574 1661 838 1715 mentum,
873 1660 1072 1706 mmsto
1109 1653 1235 1708 licet
1265 1654 1468 1718 animo,
1501 1653 1758 1712 feremus.
1795 1657 1933 1723 Quid
1967 1667 2145 1712 autem

575 1741 950 1796 molestiarum
990 1751 1096 1807 est,
1141 1743 1286 1812 quod
1335 1743 1498 1799 homo
1549 1760 1657 1800 non
1702 1746 1870 1801 ferat?
1913 1747 2144 1802 Tantum

575 1833 756 1888 valeas
784 1833 921 1903 ipse.
958 1834 1167 1905 tibique
1200 1836 1383 1889 omnia
1424 1851 1492 1891 ex
1521 1838 1788 1892 sententia
1819 1837 2038 1904 cedant,
2082 1854 2146 1894 ac

572 1940 662 1981 res
689 1934 796 1980 tua;
840 1925 896 1980 in
942 1941 1106 1980 manu
1153 1925 1246 1982 Dei
1275 1927 1405 1982 sint.
1441 1926 1613 1982 Erunt
1645 1936 1850 1995 autem,
1890 1931 1936 1986 si
1967 1931 2148 1985 animo

570 2017 791 2072 sincero
838 2033 964 2072 eum
1021 2017 1355 2087 prebendas.
1414 2017 1698 2073 Dominam
1745 2027 1950 2085 autem,
1997 2035 2148 2075 com-

572 2123 790 2163 munem
822 2117 1067 2162 nostram
1094 2122 1363 2172 sororem,
1397 2108 1559 2163 velim
1588 2123 1754 2178 quam
1791 2110 2050 2165 ocissime
2079 2109 2148 2165 ad

572 2214 674 2255 nos
713 2199 983 2264 remittas,
1032 2207 1092 2254 ut
1140 2206 1196 2254 et
1229 2199 1443 2270 piorum
1488 2208 1544 2256 et
1585 2209 1786 2256 nostra:
1814 2200 2146 2258 inﬁrmitatis

569 2304 861 2346 commune
904 2289 1362 2353 sustentaculum,
1403 2298 1498 2345 aut
1544 2292 1747 2362 alioqui
1799 2291 2144 2348 sacerdotem

2329 1028 2484 1100 Ἐμοὶ
2519 1027 2621 1099 τῆς
2654 1025 2934 1098 πατρίδος,
2966 1026 3041 1091 ὡς
3079 1025 3276 1092 ἔοικεν,
3307 1027 3341 1096 ή
3372 1025 3640 1094 ἀλλοδαπή
3679 1044 3812 1098 χρη-

2252 1121 2500 1192 στοτέρα.
2545 1120 2610 1173 Ἥ
2659 1121 2758 1190 μὲν
2791 1118 2900 1189 γὰρ
2938 1117 3106 1170 ἐδίδου
3133 1117 3232 1187 τῆς
3277 1117 3379 1186 σῆς
3415 1115 3702 1169 ἀπολαύειν
3734 1135 3820 1184 φι-

2249 1209 2368 1273 λίας
2400 1209 2534 1280 (97),
2573 1208 2689 1280 ήδὲ
2731 1207 2881 1262 οὐδὲν
2929 1205 3167 1260 τοιοῦτον
3201 1209 3330 1278 ἡμῖν
3358 1205 3668 1276 ἐχαρίσατο.
3713 1205 3822 1260 Καὶ

2249 1299 2406 1353 τοῦτό
2442 1317 2531 1371 μοι
2568 1297 2720 1370 παρά
2755 1300 2854 1369 τῆς
2883 1297 3211 1368 ἀρρωστίας,
3239 1298 3274 1368 ἦ
3316 1312 3382 1367 με
3412 1295 3630 1366 κατέχει
3659 1296 3821 1367 πεδή-

2251 1403 2410 1453 σασα,
2441 1390 2535 1442 καὶ
2579 1389 2714 1459 πρὸς
2747 1387 2916 1440 πολλὰ
2949 1391 3092 1442 ποιεί
3121 1387 3456 1456 δυσκίνητον,
3483 1386 3516 1456 ἢ
3539 1385 3820 1456 ἀκίνητον,

2248 1479 2297 1531 εἰ
2336 1478 2441 1549 χρὴ
2483 1479 2661 1548 λέγειν
2696 1477 2756 1530 τὸ
2795 1477 3177 1550 ἀληθέστερον.
3206 1477 3420 1546 Ταύτην
3465 1477 3562 1546 μὲν
3597 1470 3690 1529 οὗν
3714 1475 3814 1547 τὴν

2249 1567 2453 1640 ζημίαν
2480 1569 2807 1640 λυπούμενοι
2844 1570 2942 1640 μὲν
2968 1569 3078 1640 (98)
3107 1572 3345 1640 οἴσομεν.
3381 1568 3444 1620 Τί
3471 1568 3528 1621 δὲ
3562 1568 3621 1620 ού
3663 1568 3820 1640 φέρει

2247 1657 2356 1712 τῶν
2405 1660 2643 1730 ἀνιαρῶν
2692 1659 2804 1729 (99)
2836 1658 3154 1730 ἀνθρωπος;
3210 1659 3368 1728 μόνον
3414 1658 3693 1726 ύγιαίνοις,
3729 1657 3822 1711 καὶ

2249 1749 2509 1820 πράττοις
2537 1749 2606 1804 τὰ
2633 1749 2777 1804 κατὰ
2809 1748 2935 1803 νοῦν
2965 1750 3063 1820 (1),
3097 1751 3190 1803 καὶ
3230 1751 3287 1804 ἐν
3316 1752 3458 1821 χειρὶ
3481 1750 3616 1804 Θεοῦ
3644 1750 3729 1821 εἴη
3755 1750 3824 1803 τά

2249 1839 2338 1892 σά.
2372 1841 2565 1894 Ἔσται
2589 1841 2668 1905 δὲ,
2700 1843 2748 1895 εἰ
2774 1839 3014 1912 γνησίως
3059 1839 3226 1894 αὑτοῦ
3267 1840 3582 1913 λαμϐάνοιο.
3627 1841 3738 1912 τὴν
3763 1842 3822 1894 δὲ

2248 1935 2442 2004 κυρίαν
2463 1973 2478 1997 ,
2528 1935 2628 2005 τὴν
2694 1935 2880 2003 κοινὴν
2931 1933 3088 2004 ἡμῶν
3143 1933 3379 2004 ἀδελφὴν
3420 1933 3496 2003 (2)
3521 1973 3536 1998 ,
3590 1935 3825 2004 τάχιστα

2247 2027 2380 2096 ήμίν
2411 2023 2837 2094 ἀποπέμψασθαι
2865 2023 3110 2094 θέλησον,
3138 2023 3214 2087 ὡς
3247 2024 3424 2078 κοινὸν
3463 2024 3693 2095 ἔρεισμα
3729 2026 3826 2079 καὶ

2246 2115 2357 2167 τῶν
2397 2114 2663 2179 εύλαϐῶν,
2711 2115 2808 2168 καὶ
2847 2110 2949 2182 τῆς
2986 2113 3269 2177 ἀσθενείας
3300 2114 3400 2185 τῆς
3439 2115 3742 2187 ήμετέρας’
3789 2115 3822 2186 ἢ

2250 2201 2420 2256 πολλά
2449 2219 2541 2255 σου
2575 2203 2676 2273 τῆς
2725 2201 3117 2273 σακερόὡτιδος
3163 2202 3635 2274 καταὸοησόμεθα,
3663 2203 3731 2256 δι’
3757 2204 3824 2274 ἢν

2249 2292 2599 2365 ζημιούμεθα
2651 2295 2763 2365 ('5),
2820 2295 2915 2348 καί
2971 2295 3273 2365 καλέσομεν
3323 2294 3490 2366 αὐτὴν
3539 2297 3603 2365 τῇ
3647 2293 3823 2364 οἰκείᾳ⁸

570 2389 721 2434 tuam
765 2381 978 2451 magnis
1023 2381 1359 2438 clamoribus
1397 2383 1819 2452 exagitabimus,
1863 2384 1934 2440 ob
1979 2401 2143 2455 quam

2247 2384 2606 2456 προσηγορίᾳ.
2639 2383 2828 2456 Γνώσῃ
2855 2383 2912 2436 δέ
2943 2384 2978 2454 ἦ
3007 2400 3111 2449 τις,
3145 2383 3274 2455 παρ’
3297 2382 3467 2452 αὐτῆς
3495 2383 3816 2453 πυθόμενος.

573 2472 677 2527 hoc
705 2473 1030 2528 detrimento
1081 2471 1370 2539 aﬂicimur,
1399 2487 1465 2543 ac
1500 2475 1724 2546 proprio
1750 2489 1872 2532 eam
1921 2477 2140 2533 nomine
2182 2476 2603 2548 appellabimus.
2651 2475 2939 2543 Quodnam
2977 2483 3159 2531 autem
3223 2473 3356 2528 illud
3406 2473 3497 2538 sit,
3563 2473 3818 2544 explora-

572 2573 690 2621 tum
725 2566 972 2632 habebis,
1001 2565 1051 2621 si
1079 2581 1199 2622 eam
1230 2567 1564 2641 interroges.
1597 2644 1600 2646 γ

1085 2719 1263 2777 CCXI.
1306 2720 1628 2781 CYRIACO.

2720 2723 2864 2777 ΣιΑν.
2905 2719 3214 2790 ΚΥΡΙΑΚῼ
3253 2718 3351 2787 (ι).

639 2869 924 2946 Cyriaeu‘m
954 2881 1105 2941 rogat
1131 2869 1446 2946 Gregorius,
1478 2883 1536 2927 ut
1563 2889 1852 2944 pauperum
1875 2875 2187 2946 hospitalem
2216 2872 2563 2946 domum,eui
2590 2869 3130 2946 prteeratﬁacerdos,
3162 2870 3248 2923 cui
3277 2868 3595 2946 Castgrdtto
3620 2874 3822 2946 prtedia

571 2939 795 3011 largitus
851 2939 1047 3016 fuerat,
1093 2943 1176 2996 ab.
1207 2939 1355 2996 oinni
1397 2939 1585 3016 liberet
1632 2939 1837 3012 inquu
1876 2939 2037 3016 atque
2071 2946 2278 3016 injuria
2315 2943 2472 3012 (quod
2510 2939 2953 3016 deinectigalibus
2989 2943 3364 3016 interpretatur
3407 2939 3819 3016 Tillemoutius),

570 3009 869 3081 eorumque
901 3010 954 3063 in
985 3019 1258 3081 posterum
1298 3012 1583 3079 provideat
1617 3009 1922 3069 securitati.
1950 3009 2058 3069 'Hie
2099 3009 2282 3068 incerti
2326 3009 2575 3080 temporis
2603 3010 2825 3080 epistola
2863 3020 2977 3064 erat
3012 3009 3350 3075 collocanda,
3373 3026 3435 3064 eo
3459 3012 3596 3081 quod
3634 3013 3824 3067 Sacer-

571 3080 708 3134 dotis
734 3078 792 3133 et’
812 3078 1051 3134 Castoris
1084 3079 1138 3132 in
1164 3095 1226 3132 ea
1261 3078 1452 3135 mentio
1479 3082 1597 3150 ﬁat.

640 3211 944 3282 Religiosos
993 3210 1258 3274 honores,
1304 3207 1473 3278 probe
1525 3205 1674 3272 novi,
1727 3215 1781 3262 et
1818 3204 2147 3277 pauperibus

2321 3203 2499 3274 Τιμᾷς
2547 3203 2676 3267 τοὺς
2725 3203 2994 3272 εύλαὸεϊς,
3038 3199 3097 3260 εὖ
3143 3202 3281 3275 οἶδα,
3321 3209 3417 3263 καὶ
3466 3214 3716 3283 πτωχοὺς
3760 3211 3820 3270 εὖ

571 3303 800 3373 benigne
835 3302 969 3357 facis
1001 3321 1016 3359 :
1055 3303 1341 3371 utriusque
1373 3299 1594 3355 virtutis
1639 3299 1746 3360 tibi
1776 3313 1921 3352 nunc
1962 3312 2022 3352 se
2055 3295 2142 3351 of-

2247 3297 2410 3357 ποιεῖς
2439 3294 2536 3366 (5).
2579 3294 2795 3349 Τούτων
2832 3296 3158 3369 ἀμφοτέρων
3189 3316 3268 3352 σοι
3308 3300 3405 3355 νῦν
3457 3305 3669 3376 καιρόςο
3708 3307 3821 3377 ἔχει

573 3395 678 3450 fcrt
707 3395 962 3460 occasio;
995 3394 1074 3449 sic
1104 3393 1249 3449 enim
1284 3407 1371 3447 res
1392 3407 1450 3448 se
1472 3391 1655 3446 habet.
1685 3389 2059 3446 Charissimus
2086 3394 2140 3442 et

573 3487 688 3542 Deo
721 3487 1136 3556 acceptissimus
1184 3489 1328 3543 Illius
1363 3495 1551 3541 noster
1578 3482 1848 3538 Sacerdos
1892 3496 2144 3552 compre-

572 3580 780 3648 sbyter,
809 3576 1098 3646 pratl'ectus
1123 3584 1207 3630 est
1235 3590 1537 3646 pauperum
1567 3573 2019 3628 mendicorumve
2047 3573 2145 3627 do-

572 3666 709 3732 mui,
741 3663 947 3735 insigni
985 3671 1038 3719 et
1063 3664 1377 3720 hominibus
1413 3661 1650 3724 refertae,
1682 3662 1752 3715 ob
1785 3662 2040 3730 pietatem
2083 3668 2140 3714 et

572 3755 906 3826 diligentiam
937 3768 1060 3823 qua:
1124 3753 1179 3807 in
1219 3753 1322 3806 hac
1374 3766 1432 3807 re
1488 3749 1853 3805 desideratur.
1895 3747 2042 3803 Inter
2076 3762 2143 3803 ea

573 3853 781 3912 autem,
816 3861 938 3916 qtae
967 3845 1152 3900 domui
1183 3845 1435 3914 hospitali
1458 3841 1896 3912 suppeditantur,
1928 3838 2142 3893 Lirian-

571 3939 675 3995 dus
708 3947 761 3995 et
785 3938 1054 3994 Caberina
1086 3937 1287 4009 praedia
1322 3936 1410 3992 his
1450 3935 1586 3990 locis
1616 3933 1796 3988 vicina
1837 3932 1907 3987 ad
1939 3931 2144 3986 utilita-

573 4039 682 4084 tem
711 4029 906 4085 domus
935 4029 1259 4086 liberalitate
1291 4025 1702 4084 honoratissimi
1731 4025 1980 4080 Castoris
2009 4037 2144 4077 con-

572 4122 774 4178 ferunt.
816 4122 940 4178 Haec
965 4123 1011 4179 si
1046 4123 1194 4178 omni
1217 4122 1420 4193 injuria
1471 4128 1526 4177 et
1554 4119 1765 4174 insultu
1798 4115 2140 4180 liberaveris,

570 4228 682 4268 non
721 4215 1002 4269 minimam
1045 4215 1300 4270 conteres
1333 4222 1563 4284 partem,
1601 4219 1654 4265 et
1679 4209 2014 4281 pauperibus
2040 4223 2141 4270 cu-

565 4301 828 4367 rationis,
873 4317 937 4356 ac
980 4303 1078 4358 tibi
1113 4304 1269 4372 177
1301 4303 1402 4374 ipsi
1451 4299 1927 4362 remunerationis,
1976 4313 2140 4368 quam

566 4391 683 4463 piis
715 4391 903 4446 deberi
944 4391 1110 4447 nosti.
1147 4391 1502 4463 Perspicuum
1540 4399 1625 4446 est
1663 4399 1868 4455 autem,
1900 4405 2024 4446 cum
2057 4405 2146 4445 se-

572 4480 680 4535 mel
711 4479 952 4533 animum
977 4480 1258 4535 induxeris
1281 4481 1349 4534 ad
1381 4479 1853 4544 benefaciendum,
1893 4479 2056 4533 etiam
2091 4489 2145 4534 te

562 4570 858 4627 securitati
901 4571 956 4624 in
1001 4577 1280 4641 posterum
1319 4571 1688 4640 provisurum,
1726 4577 1788 4623 ut
1830 4585 1898 4624 ne
1940 4568 2144 4624 volenti

565 4663 792 4734 quidem
837 4664 930 4717 nlli
978 4661 1237 4716 damnum
1288 4660 1451 4714 liceat
1512 4659 1716 4714 inferre
1773 4659 1841 4714 iis
1875 4658 2030 4724 locis,
2075 4674 2142 4714 eo

561 4753 737 4809 modo
759 4769 918 4824 quem
951 4749 1222 4822 sagacitas
1248 4757 1341 4804 tua
1373 4748 1784 4821 excogitaverit.

2255 3387 2366 3459 γὰρ
2413 3385 2607 3450 οὕτως.
2652 3386 2710 3440 Ὀ
2738 3385 3067 3458 τιμιώτατος
3108 3389 3201 3442 καὶ
3243 3390 3650 3459 θεοφιλέστατος
3710 3398 3822 3462 υίὸς

2245 3479 2401 3552 ήμῶν
2454 3478 2758 3551 Σακερδὼς,
2791 3481 2820 3532 ὁ
2865 3479 3362 3552 συμπρεσσύτερος,
3397 3486 3664 3554 πτωχείου
3697 3505 3819 3559 προσ

2247 3570 2447 3641 ἕστηκε
2492 3569 2601 3622 τῶν
2642 3569 2929 3638 ἐπισήμων
2967 3569 3413 3640 πολυανθρώπου,
3448 3574 3726 3640 εύσεὸείας
3759 3595 3818 3631 τε

2245 3657 2408 3710 ἕνεκα
2445 3658 2538 3709 καὶ
2566 3656 2665 3725 τῆς
2690 3657 2770 3719 εἰς
2795 3657 2857 3709 τὸ
2887 3658 3120 3727 πρᾶγμα
3149 3659 3403 3729 σπουδῆς.
3443 3661 3595 3716 Ἐστι
3630 3663 3686 3717 δὲ
3709 3665 3819 3720 τῶν

2247 3747 2703 3818 ὑπηρετουμένων
2729 3746 2807 3817 τῷ
2839 3749 3088 3819 πτωχείῳ
3121 3750 3374 3821 κτήματα
3415 3754 3698 3825 Διριάνδος
3725 3759 3820 3812 καὶ

2249 3837 2529 3909 Κασερίνα
2569 3837 2646 3908 (6)
2685 3838 2986 3910 ὁμοροῦντα
3017 3839 3203 3904 τόποις
3241 3845 3360 3906 τοῖς
3388 3843 3489 3914 τῆς
3527 3847 3723 3912 οἰκίας,
3759 3847 3820 3914 ἐξ

2249 3930 2540 3994 ἐπιδόσεως
2587 3929 2681 3984 τού
2729 3931 3058 4001 τιμιωτάτου
3094 3934 3392 4006 Κάστορος,
3439 3937 3518 4008 τῷ
3567 3940 3819 4011 πτωχείῳ

2248 4038 2300 4074 τι
2337 4020 2752 4091 συνε-ισφέροντα
2792 4020 2890 4092 (7).
2938 4021 3122 4075 Ταῦτα
3154 4023 3336 4096 πάσης
3367 4026 3628 4097 ἐπηρείας
3664 4029 3818 4082 ἐλευ-

2249 4111 2513 4184 θερώσας,
2546 4113 2710 4185 μέρος
2744 4112 2845 4168 ούκ
2875 4113 3154 4186 ἐλάχιστον
3184 4119 3553 4184 συνεισοίσεις,
3591 4121 3682 4174 καί
3708 4124 3837 4195 τοῖς⁵

2244 4207 2480 4275 πτωχοῖς
2511 4206 2608 4274 τῆς
2663 4204 2980 4276 θεραπείας,
3036 4207 3130 4261 καὶ
3195 4209 3405 4281 σεαυτῷ
3455 4211 3556 4282 τῆς
3609 4213 3818 4267 ἀντιδό-

2245 4315 2403 4361 σεως,
2432 4297 2498 4369 ἣν
2525 4293 2672 4362 οἶδας
2703 4299 3057 4371 ὀφειλομένην
3076 4303 3189 4364 τοῖς
3221 4303 3490 4361 εὐσεϐέσι.
3530 4303 3700 4373 Δῆλον
3727 4305 3806 4368 δέ,

2244 4391 2325 4445 ὅτι
2363 4389 2508 4458 ἅπαξ
2559 4393 2806 4463 ὁρμήσας
2839 4394 2919 4456 εἰς
2953 4393 3051 4462 τὴν
3083 4393 3423 4461 εὐεργεσίαν,
3463 4394 3559 4444 καὶ
3595 4395 3694 4464 τῆς
3735 4396 3815 4456 εἰς

2246 4481 2306 4536 τὸ
2367 4481 2558 4552 μέλλον
2608 4481 2908 4550 ἀσφαλείας
2964 4482 3210 4549 ποιήσεις
3277 4481 3354 4548 (8)
3403 4481 3689 4551 πρόνοιαν,
3740 4484 3816 4548 ὡς

2249 4571 2384 4642 μηδὲ
2440 4570 2745 4641 βουλομένῳ
2789 4570 2895 4623 τινὶ
2949 4567 3147 4633 ἐξεῖναι
3198 4568 3366 4621 κακὸν
3423 4569 3676 4638 γενέσθαι
3737 4573 3814 4644 (9)

2248 4661 2374 4731 περὶ
2400 4661 2524 4726 τοὺς
2563 4662 2778 4724 τόπους,
2815 4657 3014 4730 τρόπον
3044 4658 3102 4711 ὃν
3142 4659 3479 4731 ἐπινοήσειεν
3508 4663 3541 4731 ή
3591 4663 3658 4734 σὴ
3690 4662 3813 4720 σύν-

2245 4764 2360 4811 εσις

647 4931 758 5000 (96)
785 4930 933 4986 Alias
953 4927 1137 4984 XCIV.
1169 4927 1383 4998 Scripta
1413 4926 1632 5001 circiter
1659 4925 1847 5001 eodem
1879 4933 2142 5001 tempore.
2176 4929 2220 4983 D
2251 4923 2345 5001 ὥς.
2385 4922 2586 4977 Verum
2627 4937 2751 4977 cum
2787 4923 3028 4979 Combel‘.
3066 4924 3141 4990 ὥς
3189 4928 3608 4998 expungendum
3655 4941 3807 5001 puta-

645 4993 759 5072 (97)
808 5001 1156 5072 'Aﬂolaitistr
1182 4993 1406 5072 φιλίας.
1437 4996 1749 5072 (Σοοηίὶεεη
1771 4993 2006 5049 Montac.
2041 4993 2148 5047 Mo-
2249 4997 2444 5072 vimus.

569 5068 675 5126 rei.
710 5068 774 5125 ac
801 5071 1045 5125 Combel‘.
1073 5068 1360 5140 ὡφελείας,
1393 5078 1449 5127 ut
1484 5068 1713 5140 utilitate
1748 5081 1864 5135 qua:
1893 5079 1957 5118 ea:
1991 5073 2038 5118 te
2069 5073 2147 5117 est

460 5145 464 5148 ’
565 5144 799 5210 fruerer.
833 5140 1076 5195 Combcf.
1102 5137 1203 5194 z'ut
1237 5157 1301 5194 ea:
1341 5149 1386 5210 te
1429 5137 1757 5210 commodum
1799 5144 2144 5210 reportarem.

647 5211 758 5281 (98)
786 5211 1156 5281 Λυεζρύμενοι
1186 5211 1320 5281 μέν,
1345 5208 1420 5281 Ita
1443 5205 1904 5281 conlaetCombel‘.
1923 5203 1988 5281 In
2011 5205 2143 5281 edit.

571 5273 680 5352 μέν
697 5273 869 5352 (ίὲξεει.Σ
898 5273 1039 5352 Mei,
1064 5295 1161 5352 pro
1186 5273 1241 5332 τί
1258 5280 1342 5352 ﬁt,
1362 5277 1605 5352 Combef.
1625 5277 1678 5329 τί
1693 5274 1834 5352 γάρ,-
1845 5273 1969 5352 quid
1983 5276 2143 5352 «315:3».

650 5352 764 5420 (99)
796 5349 919 5404 Τῶν
950 5342 1227 5419 ἀνιάρῶν.
1256 5347 1334 5401 lta
1366 5347 1487 5402 cod.
1521 5345 1673 5402 Pass.
1709 5342 2043 5400 et'COmbel'.
2088 5343 2146 5398 In

570 5421 711 5475 edit.
743 5419 853 5472 τῶν
891 5420 1063 5475 deest.

649 5489 726 5559 (Ι)
763 5490 837 5544 Τὰ
865 5490 1013 5543 κατὰ
1048 5489 1218 5544 νοῦν.
1255 5485 1335 5541 Ita
1364 5487 1484 5542 cod.
1514 5484 1670 5542 Pass.
1717 5491 1769 5540 et
1803 5483 2046 5543 Combcl‘.
2087 5481 2146 5538 In

568 5559 713 5614 edit.
737 5559 805 5611 τά
832 5559 1003 5613 deest.

649 5629 880 5698 (2)1‘1‘11'
903 5628 1114 5694 κοινὴν
1146 5627 1314 5698 ἡμῶν
1339 5624 1630 5698 ἀδελφήν.
1653 5623 2151 5698 ΟοᾱηῐὶοςεηΜοη-

571 5694 714 5762 ωε..
741 5694 927 5752 Morel.
961 5706 1014 5752 ct
1035 5694 1280 5756 Combul'.
1315 5698 1412 5777 τῂν
1441 5694 1854 5777 γνησίαν-ἡμων
1892 5694 2144 5777 ἀδελφήν,

2318 5065 2395 5186 (ὅ)
2427 5064 2506 5118 Δι’
2539 5062 2616 5132 ἣν
2654 5059 3026 5132 ζημιούμεθα.
3073 5065 3153 5119 Ita
3201 5065 3324 5121 cod.
3361 5067 3421 5121 In
3467 5067 3598 5122 edit.
3638 5067 3705 5120 δι’
3741 5067 3810 5138 ἢν

2248 5151 2362 5190 καί.

2315 5203 2391 5275 (t)
2420 5203 2566 5275 Alias
2585 5199 2773 5275 CCXX
2787 5201 2921 5275 XIII.
2959 5200 3171 5275 Scripta
3205 5204 3699 5275 temporeincerto.

2317 5269 2395 5343 (5)
2430 5269 2514 5343 Εξῦ
2549 5271 2699 5335 οἴδα,
2749 5273 2845 5324 καί
2894 5269 3167 5342 πτωχοὺς
3201 5269 3270 5328 εὖ
3315 5269 3528 5340 ποιεῖς.
3575 5275 3632 5331 In
3680 5276 3804 5334 cod.

2245 5338 2388 5398 2022'
2422 5338 2479 5395 εὖ
2510 5343 2684 5397 deest.

2319 5413 2396 5486 (6)
2435 5414 2741 5486 Καὸερίνα.
2770 5409 2846 5464 Id.
2881 5409 3003 5464 cod.
3042 5410 3343 5482 Καϐαρίνα.
3377 5411 3522 5479 Mox,
3556 5418 3670 5479 τοῖς
3707 5415 3806 5486 τῆς

2245 5484 2451 5546 οἰκείας
2481 5485 2683 5543 τόποις.

2317 5553 2394 5624 (7)
2427 5547 3180 5624 Zt'}‘_£lO';Jépqrf_(l._ld:_COIL
3211 5552 3666 5624 συνεισφέροντος.

2314 5619 2391 5700 (ξ)
2420 5621 2720 5700 Emim-
2760 5619 2893 5700 βοει-
2924 5619 3340 5700 wearum:

2317 5687 2393 5762 (9)
2429 5687 2628 5746 Κιικόν
2648 5689 2941 5762 γενέσθαι,
2960 5691 3152 5762 licddit
3180 5687 3366 5744 Merul.
3391 5687 3499 5762 :VUt
3533 5707 3594 5762 tte
3619 5690 3807 5745 volenti

568 5759 753 5825 ceram
792 5784 1023 5824 sororem
1061 5779 1317 5825 nostram.
1356 5759 1477 5826 M051
1509 5759 1562 5824 in
1601 5759 1986 5836 οὐίῑῗτάχιστα
2016 5759 2148 5834 ήμῐν
2245 5759 2451 5836 quidem
2485 5763 2580 5816 ulli
2613 5765 2866 5831 integrum
2892 5761 2959 5814 sit
2983 5760 3211 5830 maligno
3238 5776 3351 5815 esse
3375 5761 3514 5813 circa
3539 5759 3645 5816 Ita'c
3667 5761 3806 5816 loca.
