4162 6410
545 369 650 425 539

1741 360 1799 418 S.
1838 358 2167 416 GREGORII
2216 355 2565 416 TllEOLOGl

3698 367 3798 421 εει

545 477 802 537 canitiem
857 486 913 534 et
963 479 1204 545 labores,
1256 485 1372 532 tum
1425 490 1564 546 quos
1616 475 1702 545 pie
1759 473 2126 546 religioseque

2230 474 2320 539 οὓς
2368 477 2508 528 κατὰ
2559 473 2693 528 Θεὸν
2741 471 2982 545 ύπέστη,
3029 473 3410 547 πρεσϐυτέραν
3445 475 3542 545 τῆς
3589 473 3804 546 ἡλικίας

546 571 871 636 exantlavit,
925 572 1188 642 majorem
1237 584 1399 641 quam
1435 583 1534 637 pro
1557 567 1734 622 tetatis
1757 567 1974 621 ratione
2005 567 2124 636 pie-

549 671 715 718 tatem
755 663 1041 726 exhibens,
1091 670 1204 716 tum
1260 675 1400 731 quos
1427 657 1697 730 impendit
1738 657 1952 713 alendis
1994 673 2129 727 pau-

553 755 814 824 peribus,
863 753 1202 822 fratrumque
1258 751 1512 822 regendis
1552 751 1823 822 collegiis.
1880 749 2034 817 Quod
2080 749 2128 805 si

551 861 780 915 parvum
833 844 935 897 hoe
979 844 1074 898 tibi
1107 843 1346 907 videtur,
1393 858 1494 898 nos
1536 843 1732 896 saltem
1783 848 1838 896 et
1881 848 2126 895 nostram

549 937 980 990 obsecrationem
1019 949 1246 1003 prorsus
1296 949 1365 989 ne
1407 933 1682 1004 despicias
1721 939 1818 987 :et
1863 940 1988 986 ante
2019 930 2127 984 alia

549 1026 754 1088 omnia,
784 1025 1000 1081 dimitte
1026 1027 1106 1079 illi
1137 1026 1277 1080 iram
1325 1026 1605 1096 animique
1629 1025 1874 1079 dolorem
1903 1042 1916 1078 :
1941 1037 2128 1092 quaeso

548 1128 622 1181 te,
661 1128 716 1172 ut
749 1125 1011 1187 tanquam
1053 1127 1207 1188 pater
1241 1117 1338 1171 tibi
1373 1118 1537 1171 filium
1567 1116 1867 1186 conjungas
1900 1134 1913 1170 :
1945 1115 1990 1168 si
2019 1128 2127 1184 qua

547 1209 601 1262 in
633 1223 693 1262 re
734 1223 974 1262 mmrore
1005 1217 1059 1262 te
1101 1207 1368 1272 aﬂ'ecerit,
1395 1207 1541 1278 quod
1576 1222 1685 1261 non
1723 1206 1982 1271 arbitror,
2025 1205 2128 1258 hoc

549 1300 710 1354 nobis
758 1298 1105 1363 eondonans,
1154 1308 1207 1354 et
1257 1300 1392 1354 nihil
1429 1299 1714 1369 indignum
1761 1297 1877 1362 illo,
1932 1311 1995 1350 ac
2033 1304 2125 1350 tua

549 1392 798 1457 lenitate,
833 1392 916 1446 vel
945 1391 1158 1457 dicens,
1207 1391 1291 1446 vel
1323 1391 1570 1446 scribens
1601 1390 1668 1445 de
1701 1390 1858 1459 ipso;
1913 1388 1959 1444 si
1994 1386 2126 1458 quid

549 1490 730 1535 autem
757 1481 869 1550 jam
896 1482 1160 1550 scriptum
1186 1481 1277 1543 sit,
1315 1480 1622 1535 remittens.
1657 1478 1847 1549 Neque
1875 1478 2123 1532 dolorem

549 1572 818 1642 publices,
855 1587 1016 1640 quem
1045 1574 1324 1625 occultare
1352 1570 1554 1624 melius
1579 1576 1686 1633 est,
1724 1583 1889 1638 quam
1931 1573 2125 1621 notum

552 1661 731 1716 facere
775 1661 1055 1727 externis;
1099 1669 1159 1715 ut
1189 1676 1314 1715 cum
1362 1661 1491 1724 alia,
1522 1667 1637 1714 tum
1682 1659 1847 1715 etiam
1874 1671 2032 1729 aequo
2075 1665 2128 1713 et

550 1749 780 1821 patienti
820 1750 1006 1803 animo
1038 1750 1214 1819 ipsum
1243 1763 1368 1804 esse
1399 1749 1604 1804 doceas
1634 1747 1908 1818 exemplo.

1089 1901 1300 1957 CCXX.
1346 1901 1578 1956 EIDEM.

2230 567 2328 637 τὴν
2361 565 2645 619 εὐλάϐειαν
2671 564 3143 636 ἐπιδεικνύμενος,
3177 567 3271 620 καὶ
3299 567 3427 630 τοὺς
3453 568 3566 638 (78)
3610 567 3703 620 ἐπὶ
3734 571 3802 640 τῇ

2228 657 2611 728 πτωχοτροφίᾳ
2661 658 2755 710 καὶ
2810 658 3113 737 προστασίᾳ
3161 659 3272 714 τῶν
3321 659 3584 729 ἀδελφῶν.
3640 661 3702 714 El
3745 660 3804 714 δὲ

2226 747 2384 802 τοῦτο
2425 747 2621 819 μικρόν
2650 762 2732 799 σοι
2765 745 2934 812 δοκεῖ,
2978 747 3095 800 ἀλλ’
3125 749 3272 818 ἡμᾶς
3307 766 3370 818 γε
3403 750 3498 804 καὶ
3525 751 3623 821 τὴν
3664 751 3804 821 ἠμε-

2227 839 2392 912 τέραν
2429 838 2724 912 πρεσϐείαν
2781 838 2999 902 πάντως
3057 840 3133 910 μὴ
3187 841 3496 912 ἀτιμάσῃς·
3565 843 3660 896 καὶ
3696 859 3805 914 ergo

2228 933 2446 986 πάντων
2493 933 2600 985 τῶν
2633 931 2806 985 ἄλλων
2842 929 2994 1000 (79),
3037 930 3164 994 ἄνες
3195 931 3345 1003 αύτῷ
3377 934 3478 1004 τὴν
3507 933 3676 1005 ὀργὴν
3709 954 3803 994 »ιι

2227 1021 2560 1097 τὴν-λύπην,
2595 1022 2684 1074 ναὶ
2731 1021 3070 1092 παρακαλῶ,
3119 1023 3215 1075 καὶ
3256 1023 3332 1086 ὡς
3383 1025 3565 1096 πατὴρ
3614 1027 3802 1083 τέκνω

2227 1112 2536 1166 οίκείωσαι·
2572 1111 2626 1164 εἰ
2643 1130 2695 1166 τι
2745 1113 2839 1166 καὶ
2887 1111 3220 1182 λελύπηκεν,
3265 1114 3401 1185 ὅπερ
3455 1115 3554 1167 οὐκ
3596 1115 3798 1187 οῐομαι,

2227 1203 2384 1257 τοῦτο
2427 1205 2561 1274 ἡμῖν
2628 1205 3024 1276 συγχωρήσας,
3082 1205 3176 1258 καὶ
3233 1206 3398 1276 μηδὲν
3453 1207 3669 1274 ἀνάξιον
3703 1214 3802 1278 μιν

2228 1295 2394 1350 αὑτοῦ
2415 1334 2430 1358 ,
2465 1293 2682 1359 ἀνάξιον
2714 1296 2770 1348 δὲ
2805 1297 2903 1366 τῆς
2941 1295 3042 1365 σῆς
3085 1297 3422 1368 ἡμερότητος
3466 1299 3498 1370 ἢ
3529 1299 3696 1352 εἰπὼν
3718 1340 3732 1363 ,
3767 1300 3798 1372 η

2227 1386 2442 1457 γράψας
2481 1387 2611 1458 περὶ
2636 1385 2831 1441 αὑτοῦ·
2861 1388 2908 1440 εί
2933 1387 2988 1440 δέ
3019 1405 3072 1440 τι
3099 1389 3192 1441 καὶ
3215 1388 3524 1460 γέγραπται
3547 1431 3561 1456 ,
3611 1390 3798 1456 λύσας.

2228 1476 2377 1546 Μηδὲ
2434 1475 2532 1547 τὴν
2588 1475 2762 1547 λύπην
2815 1475 3212 1546 δημοσιεύσῃς,
3266 1478 3331 1547 ἢν
3389 1478 3652 1550 κρύπτειν
3692 1479 3804 1549 βέλ.

2227 1584 2339 1620 τιον
2380 1566 2490 1637 (80)
2534 1567 2568 1637 ἢ
2620 1566 2904 1638 γνωρίζειν
2937 1569 3051 1630 τοῖς
3108 1566 3333 1632 ἔξωθεν·
3389 1569 3464 1632 ὼς
3514 1569 3580 1623 ἂν
3628 1569 3697 1622 τά
3742 1587 3800 1624 τε

2227 1652 2360 1706 ἄλλα
2405 1654 2498 1708 καὶ
2543 1654 2703 1708 αὑτὸν
2755 1653 3125 1726 μακροθυμεῖν
3163 1653 3380 1730 διδάξῃς
3436 1656 3515 1728 τῷ
3587 1657 3801 1712 ὑποδεί-

2227 1759 2416 1814 γματι.

2699 1899 2824 1956 Σκν.
2867 1899 2954 1970 τᾳ
2991 1897 3172 1970 ure
3197 1899 3330 1970 (81).

619 2055 857 2124 Benigna
889 2056 1054 2110 verbis
1071 2055 1282 2179 guidem
1308 2055 1586 2123 suavisque
1615 2052 1851 2107 Ile/[adii
1873 2053 2145 2122 responsio
2178 2051 2280 2121 fuit
2309 2049 2581 2121 Gregorio,
2606 2063 2660 2107 re
2689 2063 2866 2108 autent
2910 2055 3320 2117 molestissima.
3347 2056 3530 2128 quippe
3557 2075 3672 2142 qtae
3707 2077 3798 2114 va-

619 2143 630 2178 l
657 2137 704 2179 el
729 2127 1043 2179 aravissima
1113 2125 1351 2178 arerdoti
1383 2124 1584 2179 obiecta
1616 2123 1780 2179 fuisse
1804 2125 2052 2179 crimina.
2081 2123 2158 2176 vel
2187 2131 2324 2175 certe
2363 2122 2567 2176 invidos
2593 2124 2879 2178 admodum
2912 2126 3224 2179 imposuisse
3254 2126 3504 2179 Melladio
3532 2131 3798 2179 staniﬁca-

549 2126 630 2178 ria
657 2137 704 2179 el
729 2127 1043 2194 gravissima

1113 2125 1351 2199 arerdoti
1383 2122 1584 2199 obiecta
1607 2123 2052 2199 _fuisse__crimina,
2081 2123 2158 2176 vel
2187 2131 2324 2199 certe
2363 2122 2567 2199 invidos
2593 2124 3224 2199 admodumimposuisse
3254 2122 3504 2199 Helladio
3532 2122 3801 2199 signiﬁca-

549 2196 655 2267 bat.
690 2191 891 2260 Quibus
920 2213 980 2251 eo
1010 2197 1182 2267 minus
1214 2195 1370 2267 ﬁdem
1397 2192 1682 2267 Gregorius
1713 2192 2055 2262 adjunqebat,
2086 2191 2225 2262 quod
2257 2191 2538 2267 Sacerdos,
2570 2194 2660 2262 qui
2683 2205 2803 2267 tum
2829 2191 3038 2267 aderat,
3077 2196 3146 2248 ad
3176 2198 3553 2264 defendendum
3579 2191 3639 2252 se
3669 2191 3799 2267 'pro-

547 2264 875 2336 bandnmque
895 2266 1074 2319 omnia
1097 2282 1208 2318 esse
1230 2264 1372 2332 falsa
1399 2274 1447 2318 et
1474 2265 1971 2336 con/ietapuratunt
2005 2279 2058 2315 sc
2076 2280 2188 2317 esse
2211 2263 2628 2336 contestabatur.
2668 2263 2932 2336 Quocirca
2966 2265 3136 2332 ipsum
3180 2263 3299 2333 cum
3338 2268 3436 2321 hac
3474 2263 3694 2336 epistola
3730 2270 3798 2321 ad

553 2331 858 2407 llelladium
903 2337 1072 2403 misit,
1122 2346 1177 2388 ut
1209 2331 1302 2401 per
1341 2349 1417 2399 se,
1468 2334 1513 2386 si
1552 2331 1678 2404 quid
1710 2333 1862 2386 illum
1909 2336 2296 2399 contristasset,
2329 2342 2542 2387 sanaret
2591 2333 2716 2402 ipse,
2766 2331 3104 2407 eumdemque
3142 2331 3319 2391 omnia
3360 2353 3425 2392 ea:
3465 2331 3541 2392 rei
3587 2339 3799 2394 veritate

547 2403 776 2459 doceret.

623 2553 755 2618 Quae
780 2551 848 2606 ad
895 2565 980 2606 me
1031 2547 1328 2618 scripsisti,
1363 2547 1560 2618 partim
1605 2546 1900 2601 admodum
1944 2549 2134 2603 suavia

2301 2546 2400 2606 Ὦν
2443 2553 2762 2621 ἐπέστειλας
2788 2555 2856 2610 τὰ
2891 2557 2991 2628 μὲν
3025 2557 3145 2612 λίαν
3173 2559 3356 2631 ἥμερα
3377 2559 3471 2613 καὶ
3497 2559 3801 2631 φιλάνθρω-

549 2656 604 2702 et
644 2644 904 2713 benigna,
949 2641 1147 2712 partim
1177 2638 1448 2709 ejusmodi
1484 2646 1634 2705 sunt,
1679 2647 1736 2692 ut
1774 2639 1900 2709 quid
1935 2639 2003 2694 de
2048 2640 2126 2696 his

2231 2659 2339 2707 πα,
2366 2641 2434 2695 τὰ
2464 2643 2521 2696 δὲ
2553 2645 2653 2699 ούκ
2687 2647 2796 2716 έχω
2822 2647 2933 2718 (82)
2969 2649 3022 2701 τί
3054 2649 3232 2718 λέγειν
3255 2691 3268 2713 ,
3302 2651 3440 2720 πλὴν
3473 2651 3602 2722 ἡμῖν
3631 2651 3802 2721 λυπη-

549 2737 752 2798 dieam,
789 2749 895 2790 non
931 2733 1181 2795 habeam,
1215 2731 1322 2787 nisi
1354 2731 1502 2801 quod
1531 2732 1689 2786 nobis
1725 2733 1954 2787 molesta
1984 2732 2132 2787 sint:

2232 2733 2330 2806 ράο
2355 2736 2449 2788 καὶ
2489 2736 2634 2806 μάλα
2656 2739 2882 2804 εἰκότως
2904 2780 2919 2803 ,
2945 2740 3022 2804 ὠς
3054 2742 3288 2813 ἐμαυτὸν
3319 2742 3506 2798 πείθω.
3544 2743 3667 2796 Εἴτε
3693 2725 3801 2814 γὰρ

547 2827 748 2896 etjure
794 2826 1014 2889 merito,
1047 2833 1107 2879 ut
1157 2823 1289 2879 mibi
1325 2823 1650 2894 persuadeo.
1687 2821 1820 2878 Nam
1865 2825 1979 2880 sive
2005 2825 2126 2895 jure

2230 2822 2450 2891 δικαίως
2479 2827 2790 2895 ἐγκαλεῖται
2830 2831 2859 2883 ὁ
2890 2830 3117 2901 ἀδελφὸς
3137 2833 3296 2903 ἡμῶν
3322 2834 3415 2887 καὶ
3446 2833 3800 2905 συμπρεσϐύ-

549 2927 842 2975 accusetur
867 2917 1026 2988 183
1059 2915 1226 2971 frater
1256 2923 1462 2976 noster,
1493 2923 1548 2968 et
1581 2916 1992 2986 compresbyter
2023 2915 2127 2969 Sa-

548 3012 767 3074 cerdos,
804 3011 949 3080 quod
989 3009 1206 3078 quidem
1254 3023 1365 3061 non
1394 3007 1655 3071 arbitror,
1687 3009 1980 3063 molestum
2019 3017 2123 3064 est.

2231 2934 2390 2989 τερος
2423 2919 2707 2988 Σακερδὼς
2753 2921 2864 2991 (83)
2891 2962 2904 2984 .
2944 2922 3081 2992 ὅπερ
3125 2924 3225 2976 οὐκ
3271 2923 3488 2995 οἴομαι,
3537 2923 3798 2994 λυπηρόν.

2240 3007 2364 3069 Πῶς
2391 3011 2502 3082 γὰρ
2541 3009 2636 3076 οὓς
2668 3012 2934 3085 τοσαύτην
2968 3014 3253 3070 εὐλάϐειαν
3281 3017 3376 3070 καὶ
3397 3015 3681 3078 τοσούτους
3713 3015 3802 3069 πό-

549 3099 655 3165 Qui
684 3099 834 3154 enim
871 3097 924 3152 id
965 3111 1074 3151 non
1104 3096 1288 3150 esset?
1330 3102 1539 3149 tantam
1585 3096 1929 3166 religionem.
1965 3107 2018 3153 et
2051 3105 2126 3153 tot

2233 3118 2356 3166 νους
2406 3101 2579 3168 οὕτως
2636 3106 2695 3158 έν
2746 3105 2940 3176 βραχεῖ
2977 3107 3369 3180 καταλυθῆναι;
3419 3109 3542 3163 Εἴτε
3581 3107 3801 3180 διαϐολὴ

550 3205 616 3245 ac
659 3199 839 3244 tantos
877 3188 1113 3254 labores,
1163 3192 1277 3240 tam
1332 3199 1502 3256 parvo
1545 3186 1812 3256 temporis
1851 3196 2129 3244 momento

550 3279 813 3352 periisse?
843 3277 972 3334 Sive
1001 3277 1276 3332 calumnia
1309 3277 1424 3330 haec
1461 3273 1629 3331 fuerit
1662 3276 1732 3332 ab
1757 3277 2128 3336 invidentibus

551 3373 651 3442 ipsi
679 3380 1031 3442 comparata;
1067 3379 1120 3425 et
1147 3370 1252 3424 hoc
1286 3367 1568 3432 acerbum,
1600 3367 1802 3428 virum.
1837 3368 1996 3440 cujus
2026 3371 2126 3426 tibi

550 3466 846 3533 conjum-ta
893 3463 1015 3518 vitae
1061 3462 1200 3516 ratio
1251 3469 1305 3516 et
1354 3460 1670 3529 disciplina,
1708 3459 1876 3524 hunc,
1928 3461 2128 3531 quibus

552 3557 829 3624 appetitur
857 3553 1102 3623 injuriis,
1147 3551 1465 3606 abalienari.
1506 3549 1664 3616 Quod
1702 3551 1869 3622 igitur
1899 3552 1952 3606 in
1985 3567 2127 3622 prae-

552 3645 694 3701 senti
738 3659 920 3699 rerum
981 3651 1130 3698 statu
1173 3644 1440 3712 optimum
1491 3651 1546 3696 et
1597 3641 1952 3697 utilissimum
2001 3644 2129 3699 novi

553 3737 869 3800 consilium,
903 3739 1006 3790 hoc
1032 3734 1219 3804 accipe
1253 3753 1266 3788 :
1302 3734 1481 3804 ipsum
1515 3732 1583 3787 ad
1625 3739 1678 3788 te
1719 3733 1843 3788 misi
1881 3733 2125 3799 fratrem,

553 3829 634 3883 vel
665 3827 846 3898 potius
879 3825 1186 3896 profectum
1227 3824 1452 3886 deduxi,
1484 3823 1577 3894 qui
1617 3823 1734 3895 ipse
1767 3841 1863 3896 per
1892 3841 1950 3882 se
1982 3825 2128 3897 quod

552 3921 786 3974 moleste
819 3917 1002 3980 liabet,
1049 3924 1348 3972 sanaturus
1381 3915 1473 3981 sit,
1509 3925 1562 3970 et
1598 3916 1781 3970 omnia
1809 3931 1877 3971 ex
1918 3917 1996 3972 rei
2036 3932 2130 3972 ve-

554 4007 716 4062 ritate
741 4007 1060 4062 edoeturus.
1099 4005 1174 4062 De
1200 4007 1325 4063 aliis
1365 4006 1511 4062 enim
1543 4006 1611 4062 ad
1636 4006 2013 4064 defensionem
2039 4008 2127 4063 of-

554 4098 830 4154 ferendam
867 4105 1120 4170 paratum
1162 4114 1220 4154 se
1243 4099 1401 4164 dicit,
1445 4108 1500 4154 et
1533 4098 1600 4153 ad
1633 4099 1975 4170 probandum
2019 4099 2127 4154 alia

555 4197 613 4244 ut
645 4188 779 4244 falsa
807 4189 934 4243 dolo
959 4188 1131 4245 fuisse
1155 4189 1481 4260 composita.
1515 4187 1629 4244 lloc
1653 4189 1798 4244 enim
1826 4190 1990 4244 etiam
2023 4204 2127 4243 uo-

553 4279 638 4333 bis
667 4279 962 4348 persuasit,
1004 4278 1209 4350 quippe
1259 4281 1353 4350 qui
1390 4278 1486 4334 Dei
1528 4287 1676 4334 metu
1716 4293 2002 4336 sermones
2043 4277 2129 4333 in-

550 4370 753 4427 stituit.

2232 3191 2404 3246 ταῦτά
2437 3195 2552 3247 ἐστι
2590 3194 2743 3268 παρὰ
2770 3196 2877 3250 τῶν
2911 3197 3249 3267 φθονούντων
3282 3199 3430 3272 αύτῷ
3464 3218 3802 3256 κατασκιυαυ

2235 3281 2421 3336 σθείσα
2451 3282 2560 3354 (84)
2581 3324 2596 3350 ,
2636 3286 2728 3338 καὶ
2755 3285 2912 3339 τοῦτο
2940 3288 3192 3360 ἀνιαρὸν,
3230 3284 3290 3344 οὗ
3321 3292 3353 3361 ἡ
3395 3291 3638 3344 πολιτεία
3680 3307 3802 3345 συν-

2231 3374 2400 3444 ῆπταί
2436 3391 2551 3440 σοι,
2605 3375 2792 3430 τοῦτον
2839 3377 3250 3450 ἀλλοτριοῦσθαι
3298 3384 3418 3445 ταῖς
3488 3383 3798 3454 ὲπηρείαις.

2239 3469 2342 3522 Ἦν
2383 3465 2476 3523 οὖν
2521 3471 2578 3523 ὲν
2610 3474 2722 3534 τοῖς
2755 3472 2989 3543 παροῦσι
3018 3473 3249 3546 ἀρίστην
3285 3475 3510 3546 γνώμην
3538 3476 3632 3528 καὶ
3660 3474 3803 3527 λυσι-

2231 3560 2558 3632 τελεστάτην
2585 3562 2756 3632 ἔγνων
2777 3602 2793 3628 ,
2833 3563 3035 3636 ταύτην
3067 3566 3354 3632 ἀπόδεξαι·
3389 3567 3551 3620 αὐτὸν
3583 3566 3801 3636 έπεμψὰ

2236 3670 2316 3706 σοι
2360 3653 2450 3707 τὸν
2495 3653 2720 3723 ἀδελφὸν
2745 3694 2760 3720 ,
2817 3656 3014 3726 μᾶλλον
3062 3657 3116 3710 δὲ
3169 3656 3495 3728 ὡρμημένον
3525 3656 3800 3729 προέπεμ-

2232 3745 2310 3816 ψα
2332 3746 2444 3818 (85)
2467 3786 2481 3811 ,
2515 3747 2586 3800 δι’
2617 3748 2782 3801 αὑτοῦ
2809 3751 2902 3804 καὶ
2932 3751 2992 3804 τὸ
3013 3750 3214 3803 λυποῦν
3247 3750 3672 3822 Θεραπεύσοντα,
3707 3751 3801 3804 καὶ

2235 3837 2410 3890 πάντα
2447 3838 2584 3908 μετὰ
2617 3824 2870 3908 ἀληθείας
2921 3841 3301 3907 ἁναδιδάξοντα
3331 3842 3463 3912 (86).
3519 3843 3653 3914 Περὶ
3701 3843 3801 3914 μὲν

2233 3927 2341 3999 γὰρ
2369 3928 2477 3981 τῶν
2515 3929 2955 4001 ἀπολογήσασθαί
2996 3949 3160 4002 φησιν
3197 3932 3413 4003 ἕτοιμος
3442 3927 3581 3987 εἶναι
3605 3973 3620 3998 ,
3651 3935 3719 3987 τὰ
3743 3934 3801 3988 δὶ

2231 4020 2308 4084 ὡς
2359 4020 2530 4092 ψεύδη
2574 4023 3032 4090 κατεσκευᾶσθαι,
3083 4023 3272 4091 δεῖξαι.
3331 4025 3501 4079 Τοῦτο
3551 4025 3658 4098 γὰρ
3707 4027 3803 4080 καὶ

2232 4113 2382 4181 ἡμᾶς
2431 4112 2646 4166 ἔπεισεν
2672 4152 2688 4179 ,
2733 4113 2811 4180 ὡς
2866 4113 3016 4185 φόϐῳ
3071 4113 3185 4187 (87)
3235 4114 3370 4170 Θεοῦ
3423 4117 3550 4180 τοὺς
3610 4115 3801 4186 λόγους

2234 4199 2574 4272 ποιούμενος.

621 4521 740 4591 (78)
779 4523 888 4576 Kal
950 4522 1112 4589 τούς.
1147 4521 1224 4576 lla
1251 4521 1377 4578 cod.
1401 4521 1544 4577 2022
1575 4533 1704 4600 Ietc.
1738 4522 1794 4576 lu
1857 4521 1987 4578 edit.
2034 4524 2126 4576 καὶ

2302 4523 2971 4600 (85)--Συμπρεσ6ὐτερος
3003 4523 3326 4592 Σακερδώς.
3372 4523 3558 4579 Morel.
3587 4521 3800 4594 presby-

548 4594 668 4644 τήν.

771 4661 888 4728 Πρὸ
929 4659 1170 4732 adv-reor
1215 4660 1331 4713 τῶν
1364 4658 1586 4732 ὤμων.
1619 4659 1852 4732 Montac.
1887 4661 1991 4731 πρὸ
2017 4661 2123 4715 τῶν

548 4727 749 4793 ἄλλων,
783 4727 903 4784 ante
929 4730 1060 4783 alia.
1097 4729 1214 4783 Non
1247 4738 1394 4784 recte
1428 4727 1614 4784 Morel.
1647 4731 1714 4783 ad
1747 4727 2008 4799 personas
2038 4747 2125 4786 re-

552 4801 674 4866 fert,
721 4803 989 4869 vertitque
1018 4809 1138 4853 ante
1170 4801 1304 4853 alios
1326 4815 1526 4852 omnes.
1566 4799 1686 4853 Mox
1712 4839 1728 4862 ,
1749 4798 1901 4852 idem
1931 4798 2118 4854 Morel.

550 4870 676 4934 ἄνες
706 4870 854 4942 αύτῷ
891 4869 991 4942 τὴν
1019 4871 1188 4940 ὀργὴν
1217 4870 1310 4924 καὶ
1337 4869 1534 4940 λύπην,
1561 4870 1694 4923 iram
1723 4869 1974 4924 adversus
2003 4887 2122 4924 eum

553 4958 614 4992 ae
649 4941 951 4994 molestiam
974 4955 1169 4994 coerce.

622 5009 732 5080 (80)
761 5012 1055 5080 Κρύπτειν
1074 5010 1342 5080 βέλτιον.
1381 5007 1687 5078 Legendum
1713 5010 1968 5080 proponit
1998 5009 2118 5064 Bill.

552 5079 1082 5150 xpémssliatﬁitov,
1117 5092 1168 5150 et
1203 5079 1368 5150 paulo,
1404 5089 1555 5150 post,
1589 5096 1687 5150 pro
1719 5079 2121 5150 μακροθυμεῖν,

554 5147 1030 5220 μἀκροθυμοῦντα,
1066 5149 1162 5202 sed
1199 5147 1929 5220 huiclectioni—nonfavent
1959 5147 2119 5203 codd.

551 5217 747 5272 nostri.
791 5217 889 5271 tier.
919 5217 1154 5272 Montac.
1191 5233 1289 5272 nec
1311 5219 1555 5271 Combel.

581 5287 731 5368 .(8l)
787 5288 937 5342 Alias
989 5286 1240 5341 CCXVII.
1296 5287 1510 5356 Scripta
1564 5287 1730 5357 paulo
1781 5295 1900 5353 post
1953 5303 2120 5358 supc-

549 5372 770 5411 norem.

622 5426 733 5492 (82)
765 5428 885 5478 οὐκ
923 5425 1060 5492 ἔχω.
1094 5426 1172 5478 Ita
1194 5425 1316 5479 cod.
1354 5425 1506 5495 Reg,
1545 5425 1732 5483 Morel.
1775 5441 1838 5482 ac
1868 5424 2120 5484 Combef.

549 5497 611 5553 fa
642 5495 771 5548 edit.
807 5495 922 5549 οὐδὲ
954 5496 1080 5567 ἔχω.

2231 4603 2308 4649 ter
2340 4596 2557 4649 colleaa.

2303 4612 2619 4735 (ἕῖξᾝῗὲῷ
2674 4662 3243 4735 κατασκευασθεῖσα.
3280 4662 3379 4735 _lta
3435 4661 3683 4735 Combef.
3742 4662 3800 4735 |_n

2228 4732 2538 4804 θαίμαῡτῷ
2569 4736 2738 4804 tle-st.
2771 4735 2913 4798 Mox,
2950 4735 3042 4787 καὶ
3077 4732 3234 4786 τοῦτο
3268 4733 3507 4803 ἀνιαρόν,
3535 4741 3642 4788 etc.
3673 4732 3801 4786 retlv

2229 4804 2306 4857 dit
2335 4803 2522 4858 Morel.
2561 4823 2573 4858 :
2609 4803 2672 4856 Id
2705 4805 2867 4858 etiam
2902 4805 3149 4870 infestum
3185 4813 3284 4865 est,
3322 4804 3489 4856 virum
3519 4818 3798 4856 conversa-

2232 4875 2371 4927 tione
2404 4874 2495 4926 tibi
2519 4873 3011 4941 conjunctissimunt
3043 4873 3267 4926 alienari
3307 4874 3627 4942 injuriarunt
3660 4873 3802 4924 inso-

2230 4945 2413 4996 lentia.
2448 4943 2719 4998 Combef.:
2751 4945 2884 4999 hune
2923 4942 3298 4998 malevolorum
3348 4943 3619 4997 calumnia
3648 4952 3804 5010 atque

2229 5013 2508 5082 fraudibus
2532 5014 2776 5066 alienari.

2300 5083 2412 5150 (85)
2441 5084 2817 5152 ιιροέπεμψα.
2848 5085 3089 5138 Monlae.
3119 5091 3172 5138 ct
3199 5081 3392 5152 Morel.
3413 5079 3798 5152 προσέπεμψα.

2232 5151 2425 5204 Reddit
2456 5154 2696 5206 Combel'.
2741 5153 3068 5224 ὡρμημένον
3114 5151 3469 5224 προέπεμψαέ
3514 5164 3802 5218 properast-

2230 5231 2330 5275 tein
2360 5231 2408 5274 et
2442 5239 2474 5274 a
2503 5238 2557 5275 se
2583 5224 2856 5276 incitatum
2890 5223 3104 5277 deduxi.

2229 5291 2930 5413 adgggla'Aradtddl-jorta.
2973 5292 3049 5346 Ita
3081 5289 3327 5348 Combel‘.
3359 5287 3418 5343 In
3447 5286 3578 5344 edit.
3616 5287 3800 5343 ἀναδι-

2262 5377 2482 5425 αςαντα.

2298 5430 2412 5485 t8?)
2461 5431 2556 5498 Ὠς
2592 5432 2771 5500 φόϐῳ.
2804 5430 3040 5488 Monlac.
3070 5441 3120 5487 et
3149 5429 3334 5486 Morel.
3369 5430 3445 5494 ὡς
3472 5431 3530 5486 ἐν
3557 5426 3727 5500 φόϐῳ.
