4162 6482
422 346 520 407 5οι

807 473 982 533 sua
1037 473 1431 547 υΜοψιιοΝιᾳ
1474 473 1605 546 (88).

1735 342 2073 401 EPISTOLA
2114 342 2370 400 CCXXII.

3570 357 3680 414 562

2499 477 2728 540 CCXXI.
2773 480 3290 542 IIOMOPIIRONIO.

496 619 613 675 Has
646 620 851 676 litteras
876 636 936 673 eo
972 628 1201 688 tempore
1228 618 1409 689 datas,
1441 634 1543 688 quo
1577 617 1838 674 Sacerdos
1867 618 2177 689 vexabatur,
2212 620 2294 673 Itis
2320 618 2559 688 cpistola:
2588 619 2754 689 verbis
2778 630 2958 689 patet:
2992 621 3173 676 Suade
3206 620 3529 676 charissimo
3569 622 3684 679 lilio

423 700 614 746 nostro
645 690 929 749 Sacerdoti
972 706 1041 744 ne
1078 688 1417 760 despondeat
1447 689 1711 760 animum,
1740 698 1850 760 etc:
1887 688 2102 756 Scripta
2137 697 2322 760 autent
2342 688 3020 760 cpistolaAHomophronio,
3062 695 3149 760 qui
3183 691 3318 759 forte
3346 706 3479 760 unus
3509 707 3536 742 e
3563 692 3682 758 pri.

422 760 655 813 moribus
679 760 1070 829 ptocltotrophii
1099 757 1248 812 illius
1273 757 1606 813 administris
1638 768 1778 823 erat,
1805 757 2221 828 Gregorinmque
2252 757 2322 811 ad
2353 758 2478 827 festi
2509 758 2787 827 cujusdam
2810 762 2864 815 in
2886 778 2945 816 eo
2972 757 3088 815 loco
3114 757 3411 815 celebrandi
3438 759 3683 816 ia’titiam

421 830 701 886 invitarat.

452 978 457 983 ~
504 946 626 1000 Ἐπὶ
666 944 767 1018 τὴν
808 944 1024 999 σύνοδον
1056 942 1207 1029 ήμᾶς
1243 941 1460 1007 καλεῖς·
1508 938 1619 1010 ἐγὼ
1654 939 1711 992 δὲ
1753 936 1996 1009 ηὐχόμην

2175 929 2259 986 Ad
2302 929 2574 1003 synodum
2629 947 2734 990 nos
2777 948 2985 989 vocas:
3016 935 3270 1005 equidem
3325 945 3571 1009 Optarem
3606 942 3681 996 ita

418 1034 593 1100 οὕτως
623 1037 767 1108 ἔχειν
800 1036 894 1090 τοῦ
945 1034 1220 1106 σώματος,
1272 1032 1411 1087 ὣστε
1446 1033 1700 1103 παρεῖναι
1736 1030 1865 1101 ὑμῖν
1905 1029 2001 1082 καὶ

420 1128 751 1198 αὐτόκλητος
784 1126 917 1197 (89).
956 1126 1045 1179 ἵνα
1087 1124 1181 1178 ίδω
1212 1124 1304 1177 τὸν
1344 1123 1490 1195 ἱερὸν
1527 1118 1675 1174 οἷκον
1710 1120 1866 1192 ὑμῶν
1888 1158 1903 1183 ,
1939 1118 2001 1172 τὸ

420 1218 658 1292 Χριστοῦ
714 1215 1081 1284 καταγώγιον,
1144 1213 1243 1284 τὴν
1288 1212 1394 1266 τῶν
1432 1212 1602 1280 ἁγίων
1659 1210 1873 1264 κλάδων
1920 1208 2002 1281 ῥί-

420 1309 519 1373 ζαν
558 1307 694 1378 (90),
730 1308 833 1377 τὴν
872 1305 949 1368 ῶς
976 1303 1192 1375 ἀληθῶς
1221 1302 1435 1374 μητέρα
1463 1301 1669 1354 τέκνων
1713 1301 2000 1372 εὐφραινοο

420 1395 590 1465 μένην
628 1411 687 1446 τε
727 1394 822 1447 καὶ
881 1391 1342 1464 εὐφραινομένων.
1403 1385 1534 1442 Οἶδα
1587 1387 1749 1442 τοῦτο
1785 1389 1879 1442 καὶ
1901 1388 2001 1441 πέο

425 1501 657 1554 πεισμαι
713 1486 770 1537 ὲν
828 1482 1036 1551 Κυρίῳ,
1086 1481 1182 1533 καὶ
1225 1479 1313 1533 διὰ
1349 1478 1508 1533 τοῦτο
1565 1478 1707 1547 λέγω
1758 1477 1997 1550 θαρρῶν,

421 1575 517 1627 καὶ
542 1573 593 1627 εἴ
618 1592 669 1627 τι
699 1574 808 1644 (91)
833 1572 1074 1643 λυπηρὸν
1108 1571 1202 1625 νῦν
1253 1573 1385 1641 ἡμῖν
1437 1570 1772 1641 ἀπήντηκεν’
1811 1569 1873 1622 οὐ
1923 1567 1998 1641 μὴ

419 1666 729 1737 ἀποσϐεσθῇ
763 1667 791 1718 ὁ
839 1664 1034 1735 λύχνος
1064 1662 1159 1717 τοῦ
1203 1662 1440 1735 Ἰσραὴλ,
1480 1662 1584 1717 κᾶν
1626 1665 1746 1727 ταῖς
1802 1660 2001 1733 αὔραις

416 1753 510 1810 τοῦ
538 1756 774 1829 πονηροῦ
823 1755 1106 1828 ριπίζηται
1128 1771 1143 1786 °
1178 1754 1299 1808 οὐδὲ
1339 1756 1374 1825 ή
1405 1755 1499 1808 τοῦ
1523 1753 1658 1823 Θεοῦ
1693 1752 2001 1826 χρηστότης

417 1848 512 1901 ἐπὶ
558 1847 736 1900 πλεῖον
790 1845 1191 1918 κρυφθήσεται,
1246 1846 1312 1916 ἢν
1352 1844 1583 1914 κρύπτει
1641 1847 1752 1907 τοῖς
1810 1842 2002 1913 φοϐου-

420 1938 603 2007 μένοις
670 1936 832 1988 αῦτὸν
896 1935 1076 2003 λόγοις
1138 1933 1400 2004 ἀρρήτοις
1458 1930 1805 2001 οἰκονομίας,
1882 1926 2001 1981 ἀλλ’

419 2025 871 2098 ὲνδοξασθήσεται
922 2024 1122 2095 μᾶλλον
1167 2025 1261 2076 καὶ
1297 2021 1743 2092 θαυμασθήσεται
1779 2019 1869 2074 διὰ
1900 2019 2000 2088 τῆς

418 2116 692 2189 ὑμετέρας
725 2114 1003 2185 ὑπομονῆς
1032 2113 1128 2166 καὶ
1162 2112 1265 2183 τῆς
1305 2112 1379 2182 μὴ
1414 2108 1880 2179 καταισχυνούσης
1915 2108 2001 2160 ὲλ-

415 2210 589 2271 πίδος.
636 2206 807 2259 Τοῦτο
849 2204 907 2258 δὲ
964 2203 1218 2274 παραίνει
1262 2203 1356 2255 καὶ
1409 2200 1488 2272 τῷ
1536 2200 1850 2271 τιμιωτάτῳ
1898 2198 1999 2270 υίῷ

2103 1020 2287 1077 valere
2315 1036 2549 1093 corpore
2576 1031 2634 1076 ut
2661 1023 2817 1079 vobis
2855 1024 3176 1080 interessem
3212 1026 3376 1081 etiam
3410 1030 3555 1082 ultro
3585 1046 3681 1084 ac-

2102 1114 2323 1175 cedens.
2354 1120 2415 1166 ut
2458 1127 2675 1167 sacram
2703 1113 2875 1167 aedem
2909 1122 3147 1169 vestram
3183 1116 3442 1183 viderem,
3473 1118 3681 1174 Christi

2102 1204 2461 1268 domicilium,
2515 1210 2834 1259 sanctorum
2892 1219 3169 1258 ramorum
3215 1206 3482 1276 radicem,
3533 1210 3679 1263 illam

2102 1312 2292 1354 revera
2330 1306 2563 1351 matrem
2615 1296 2852 1351 ﬁliorum
2891 1296 3162 1353 laetantem
3203 1297 3227 1329 ⁸
3268 1306 3322 1354 et
3356 1299 3678 1356 laetantium.

2102 1387 2220 1444 Hoc
2264 1388 2415 1456 novi,
2473 1402 2538 1442 ae
2588 1402 2915 1458 persuasum
2978 1388 3154 1443 habeo
3205 1389 3262 1444 in
3323 1390 3573 1457 Domino,
3624 1400 3680 1448 et

2103 1485 2392 1547 propterea
2428 1476 2555 1532 dico
2579 1476 2886 1543 conﬁdens,
2914 1477 3043 1534 licet
3070 1480 3202 1549 quid
3235 1480 3397 1535 triste
3439 1495 3588 1536 nunc
3615 1496 3680 1535 ac

2103 1568 2393 1623 molestum
2431 1568 2594 1624 nobis
2637 1571 2962 1634 occurrerit,
3008 1570 3431 1642 haudquaquam
3464 1572 3675 1627 exstin-

2100 1667 2297 1729 guetur
2338 1660 2559 1714 lucerna
2588 1658 2828 1725 Israelis,
2865 1660 3085 1716 etiamsi
3120 1661 3248 1714 mali
3281 1662 3460 1717 ventis
3492 1660 3680 1716 ﬂabel-

2102 1749 2249 1803 letur
2284 1768 2298 1805 :
2342 1764 2521 1820 neque
2566 1748 2660 1804 Dei
2725 1748 2943 1804 bonitas
2982 1750 3221 1820 amplius
3285 1750 3677 1815 occultabitur,

2101 1855 2266 1911 quam
2303 1841 2626 1896 timentibus
2654 1855 2714 1896 se
2744 1839 3036 1896 abscondit
3065 1843 3085 1874 ’
3122 1843 3428 1897 rationibus
3455 1843 3680 1913 dispen-

2102 1931 2336 1987 sationis
2361 1931 2602 1997 arcanis,
2635 1931 2732 1987 sed
2757 1931 2933 2003 magis
2965 1932 3361 2004 gloriﬁcabitur
3410 1941 3465 1990 et
3506 1933 3681 1991 admi-

2100 2021 2301 2077 rationi
2342 2022 2449 2076 erit
2491 2037 2590 2091 per
2625 2023 2943 2094 patientiam
2979 2033 3216 2081 vestram
3249 2033 3304 2081 et
3353 2040 3525 2096 spem,
3559 2040 3681 2096 quae

2103 2128 2210 2167 non
2245 2111 2533 2167 confundit
2565 2113 2629 2167 ίο.
2664 2112 2780 2168 Hoc
2816 2115 2983 2169 etiam
3015 2116 3188 2171 suade
3213 2116 3544 2172 charissimo
3568 2116 3680 2170 tilio

2103 2214 2294 2261 nostro
2347 2203 2657 2271 Sacerdoti,
2698 2221 2770 2261 ne
2813 2207 3153 2277 despondeat
3203 2208 3470 2273 animum,
3504 2223 3680 2277 neque

415 2300 574 2373 ήμῶν
631 2296 979 2369 Σακερδῶτι,
1034 2295 1200 2367 μηδὲν
1268 2292 1499 2363 ἀθυμεῖν
1524 2331 1539 2356 ,
1593 2291 1728 2363 μηδὲ
1785 2290 1996 2357 ἀνάξιον

2105 2296 2388 2367 indignum
2439 2309 2500 2351 se
2535 2294 2838 2365 quidquam
2876 2296 3164 2366 patiatur;
3210 2297 3306 2352 sed
3342 2298 3418 2351 ita
3459 2306 3678 2368 tempus

417 2389 610 2444 ἑαυτοῦ
645 2406 698 2440 τι
735 2386 965 2457 πάσχειν
1005 2384 1139 2455 (92),
1178 2383 1293 2438 ἀλλ’
1332 2382 1474 2437 οὕτω
1516 2383 1608 2436 τὸν
1643 2382 1835 2454 καιρὸν
1876 2381 1989 2434 δια.

415 2481 626 2546 θέσθαι,
657 2480 737 2542 ὡς
776 2477 1091 2547 φιλοσοφίας
1118 2475 1249 2547 ὓλην
1287 2476 1355 2529 τὰ
1386 2472 1606 2545 λυπηρά
1634 2472 1841 2527 λαϐεῖν.
1875 2475 1996 2526 Ἔτι

416 2570 809 2644 θεραπευσςὴω
837 2568 928 2621 τδν
964 2566 1293 2637 τιμιώτατον
1346 2564 1505 2636 ήμῶν
1549 2563 1879 2618 ἐπίσκοπον·
1917 2562 1997 2617 ἔτι

419 2662 675 2735 ρωννύτω
710 2662 833 2724 τοὺς
863 2658 1145 2728 ἀδελφοὺς,
1184 2658 1271 2711 ἵνα
1304 2658 1542 2729 μάλιστα
1575 2655 1676 2728 μὲν
1715 2655 1791 2728 μή
1828 2672 1996 2709 κατα-

417 2751 554 2821 λυθῇ
575 2751 636 2803 τὸ
661 2751 822 2821 ἔργον
851 2748 1006 2820 ἡμῶν
1032 2747 1060 2801 ὃ
1094 2747 1441 2819 προεθέμεθα
1476 2749 1533 2800 ὲν
1557 2747 1768 2820 Κυρίῳ,
1804 2745 1994 2799 τοσοῦ-

417 2843 508 2895 τόν
534 2860 593 2894 τε
622 2842 702 2906 ὃν,
736 2843 831 2896 καὶ
871 2840 1013 2894 οὕτω
1058 2838 1399 2911 περιϐόητον.
1438 2840 1500 2892 Εἰ
1544 2838 1602 2891 δὲ
1654 2838 1750 2909 μὴ,
1781 2838 1842 2891 τὸ
1866 2836 1997 2906 γοῦν

418 2935 658 2997 ἐπιεικὲς
701 2932 967 3004 δείξομεν,
1017 2931 1112 2984 καὶ
1162 2915 1253 2984 τον
1290 2929 1483 2999 φθόνον
1522 2931 1815 3000 νικήσομεν
1847 2928 1995 2998 (95),

412 3026 491 3090 ὡς
521 3027 790 3098 μηδεμίαν
813 3024 1104 3086 δεδωκότες
1126 3022 1247 3075 καθ’
1272 3022 1479 3076 ἑαυτῶν
1499 3021 1668 3092 λαϐὴν
1698 3024 1808 3086 τοῖς
1830 3038 1998 3092 πονη-

415 3119 533 3187 ροῖς
567 3118 810 3189 ματαίως
842 3116 954 3187 (94)
983 3117 1116 3186 ἡμῖν
1139 3112 1536 3187 ὲχθραίνουσιν.

872 3272 1044 3325 sua.
1103 3270 1339 3342 ΘΕΚΛῌ
1398 3270 1530 3340 (95).

2102 2384 2382 2454 disponat,
2415 2391 2475 2437 ut
2511 2383 2692 2438 tristia
2720 2398 2820 2454 pro
2847 2384 3207 2454 philosolihiaz
3242 2384 3492 2453 subjecto
3528 2384 3678 2439 acci-

2101 2471 2233 2541 piat.
2270 2469 2351 2526 Ad
2398 2470 2515 2526 haec
2561 2472 2880 2542 episcopum
2927 2479 3180 2527 nostrum
3236 2474 3474 2528 maxime
3508 2473 3679 2527 hono-

2105 2562 2335 2617 randum
2366 2570 2555 2629 curet;
2589 2564 2724 2635 quin
2746 2563 2915 2618 etiam
2952 2561 3152 2618 fratres
3181 2564 3526 2630 corroboret,
3556 2564 3679 2619 ideo

2104 2655 2343 2710 maxime
2371 2670 2440 2710 ne
2479 2670 2618 2725 opus
2649 2662 2899 2711 nostrum
2932 2655 3082 2725 quod
3113 2655 3167 2710 in
3214 2653 3446 2709 Domino
3478 2670 3681 2727 pr0po-

2102 2746 2317 2803 suimus
2368 2747 2688 2817 dissipetur,
2730 2762 2857 2802 cum
2896 2747 3037 2801 tanti
3083 2747 3347 2801 momenti
3384 2747 3476 2814 sit,
3511 2754 3565 2802 et
3602 2747 3677 2802 ita

2103 2845 2478 2910 pervagatum.
2519 2837 2615 2893 Sin
2648 2840 2852 2903 minus,
2881 2838 3157 2909 aequitatis
3201 2837 3363 2910 184
3400 2839 3678 2909 specimen

2103 2927 2376 2993 dabimus,
2406 2935 2459 2982 et
2515 2928 2741 2983 livorem
2779 2928 3099 2994 vincemus;
3136 2928 3337 2998 quippe
3373 2943 3498 2982 cum
3554 2928 3681 2983 nul-

2102 3018 2211 3071 lam
2245 3017 2511 3073 adversus
2557 3032 2660 3074 nos
2691 3032 2882 3073 ansam
2919 3015 3237 3073 dederimus
3272 3015 3535 3089 improbis
3585 3024 3670 3078 in-

2104 3124 2322 3166 cassum
2354 3124 2457 3165 nos
2489 3108 2618 3166 odio
2643 3108 3127 3181 prosequentibus.

2574 3264 2832 3323 CCXXII.
2870 3263 3189 3324 THECLE.

492 3402 661 3457 Irrita
685 3385 830 3472 fuere
863 3404 1041 3456 omnia
1079 3419 1196 3471 qua:
1223 3402 1384 3470 gessit
1417 3402 1731 3472 scripsitque
1773 3400 2081 3472 Gregorius,
2114 3410 2171 3453 ut
2210 3400 2551 3472 Sacerdotem
2578 3418 2698 3472 enm
2734 3400 2987 3456 Ilelladio
3011 3400 3081 3472 -in
3112 3399 3343 3472 gratiam
3372 3397 3685 3472 reduceret;

414 3475 534 3544 pius
568 3467 706 3527 enirn
733 3474 822 3526 ille
850 3467 1121 3544 presbyter
1143 3467 1281 3544 inter
1312 3467 1611 3524 vexationes
1639 3467 1688 3525 et
1722 3467 2019 3524 caluninias
2058 3471 2279 3525 interiit.
2320 3471 2566 3525 Tlteclam
2591 3471 2707 3539 ejus
2739 3485 2974 3526 sororem
3000 3467 3098 3523 hac
3116 3467 3342 3538 epistola
3372 3470 3684 3523 consolatur

413 3540 464 3597 et
490 3546 762 3614 utriusque
789 3540 974 3596 laudes
998 3540 1355 3611 prosequitur.

490 3658 750 3728 Ὤρμησα
784 3657 883 3728 μὲν
909 3656 1003 3710 καὶ
1036 3655 1200 3719 αὐτὸς
1224 3655 1363 3727 πρὸς
1402 3654 1503 3725 τὴν
1545 3654 1644 3725 σὴν
1689 3650 1995 3716 εὐλάϐειαν,

2170 3649 2435 3722 Equidem
2487 3649 2605 3721 ipse
2651 3666 2873 3724 quoque
2922 3652 2994 3709 ad
3036 3654 3293 3725 pietatem
3329 3660 3479 3709 tuam
3514 3654 3680 3724 proﬁc

417 3748 617 3816 καίπερ
640 3745 990 3809 ἀσθενοῦντος
1015 3747 1148 3816 ἡμῖν
1174 3744 1269 3798 τοῦ
1310 3743 1580 3815 σώματος,
1622 3741 1991 3813 ἐπισκεψόμε-

414 3835 505 3899 νός
528 3853 586 3888 τε
629 3836 787 3906 όμοῦ,
823 3834 917 3888 καὶ
957 3834 1057 3905 τῆς
1108 3834 1403 3906 καρτερίας
1448 3832 1887 3903 ἐπαινεσόμενος,
1926 3831 1993 3902 ἢν

415 3926 510 3980 ἐπὶ
539 3925 618 3996 τῷ
652 3927 764 3998 (96)
810 3926 1216 3997 μακαριωτάτῳ
1251 3925 1469 3996 ἀδελφῷ
1511 3942 1604 3979 σου
1648 3924 1990 3994 φιλοσοφεῖς

415 4015 574 4069 τοῦτο
602 4017 710 4086 γὰρ
736 4017 836 4069 οὐκ
872 4016 1190 4086 ἀμφίϐολον.
1228 4016 1444 4086 Ἐπειδὴ
1476 4016 1532 4068 δὲ
1566 4015 1670 4069 ὑπό
1711 4031 1855 4078 τινος
1899 4031 1995 4067 πε-

421 4108 720 4178 ριστάσεως
759 4106 1056 4176 ἐκωλύθην,
1084 4108 1400 4175 ἀναγκαίως
1423 4101 1589 4176 ἦλθον
1610 4109 1704 4159 ἐπὶ
1727 4105 1797 4160 τὰ
1822 4106 1996 4176 γράμ-

421 4213 586 4267 ματα,
625 4197 722 4249 καὶ
759 4196 1218 4266 συμφιλοσοφήσω
1266 4214 1347 4249 σοι
1388 4196 1477 4250 διὰ
1510 4197 1756 4268 βραχέων
1785 4198 1854 4251 τὰ
1904 4197 1993 4252 σά.

417 4286 589 4340 Πόθεν
614 4289 642 4339 ό
669 4285 832 4348 καλὸς
875 4285 1161 4356 Σακερδὼς
1208 4288 1359 4356 ήμῖν,
1392 4289 1421 4339 ό
1461 4288 1681 4356 γνήσιος
1730 4288 1824 4341 τοῦ
1858 4286 1995 4342 Θεοῦ

419 4376 776 4448 παραστάτης
806 4375 900 4430 καὶ
932 4374 1027 4430 νῦν
1061 4376 1155 4429 καὶ
1186 4375 1451 4447 πρότερον
1475 4392 1489 4439 ;
1527 4377 1591 4430 ὲκ
1617 4376 1773 4430 Θεοῦ.
1801 4376 1912 4430 Ποῦ
1937 4376 1995 4429 δὲ

415 4466 702 4540 Σακερδὼς
725 4465 855 4533 νῦν;
891 4466 1024 4538 πρὸς
1048 4466 1213 4520 Θεόν⁹
1254 4466 1355 4521 οὐκ
1399 4465 1579 4537 ἀηδῶς
1612 4467 1991 4539 ὑποχωρήσας,

415 4556 474 4614 εὖ
504 4555 641 4625 οἶδα,
682 4559 761 4632 τῷ
815 4559 996 4632 φθόνῳ
1073 4560 1165 4613 καὶ
1207 4562 1321 4624 τοῖς
1366 4557 1461 4612 τοῦ
1507 4558 1745 4632 πονηροῦ
1794 4558 1993 4613 παλαί-

417 4666 606 4719 σμασι.
640 4647 811 4702 Πόθεν
847 4649 905 4703 δὲ
945 4650 1139 4721 ήμεῖς;
1185 4650 1284 4703 οὐκ
1315 4649 1553 4714 ὲκείθεν;
1589 4648 1692 4702 ποῦ
1738 4648 1795 4701 δὲ
1833 4650 1993 4720 ἡμεῖς

415 4740 791 4810 ἀναλύσομεν;
821 4741 881 4793 οὐ
910 4742 1046 4813 πρὸς
1076 4742 1166 4797 τὸν
1197 4741 1359 4798 αὑτὸν
1388 4742 1700 4814 Δεσπότην;
1739 4742 1833 4795 καὶ
1879 4740 1991 4795 εἴθε

418 4832 536 4903 μετ’
572 4831 694 4900 ἴσης
721 4831 819 4901 τῆς
862 4832 1205 4904 παρρησίαςί
1247 4833 1354 4886 Τοῦ
1401 4832 1568 4887 αὑτοῦ
1614 4834 1990 4904 προσκυνηταὶ

485 4988 509 5020 ⁸
544 4987 690 5042 ι³εο1.
720 5001 853 5052 exn,
884 4987 937 5042 9.
1041 4986 1063 5017 ’
1100 4987 1240 5042 l’sal.
1267 5004 1394 5052 xxx,
1422 4988 1511 5042 20.
1590 4989 1634 5020 ¹⁰
1661 4986 1821 5043 Rom.
1852 5004 1905 5052 ν,
1940 4987 1994 5041 5.

2099 3742 2234 3798 cisci
2295 3741 2555 3812 parabam
2582 3782 2598 3809 ,
2647 3743 2868 3800 etiamsi
2912 3745 3116 3817 alioqui
3161 3744 3380 3799 inﬁrma
3431 3745 3680 3815 corporis

2098 3832 2432 3898 valetudine,
2457 3840 2572 3888 tum
2609 3841 2668 3888 ut
2695 3842 2750 3890 te
2778 3835 3096 3901 inviserem,
3139 3842 3254 3891 tum
3287 3844 3346 3890 ut
3376 3835 3682 3891 tolerantia:

2103 3924 2256 3979 illius
2292 3926 2516 3980 nomine
2544 3925 2801 3981 laudibus
2826 3927 3100 3990 eli‘errem,
3136 3940 3299 3995 quam
3321 3925 3390 3979 ob
3424 3926 3678 3980 beatissi-

2102 4028 2250 4067 mum
2286 4012 2511 4069 fratrem
2560 4023 2718 4069 tuum
2755 4015 2986 4072 adhibes
3034 4033 3047 4068 :
3085 4032 3266 4087 neque
3299 4016 3445 4070 enim
3486 4015 3541 4069 id
3577 4017 3681 4071 du-

2100 4104 2253 4158 bium
2276 4113 2383 4160 est.
2407 4105 2676 4170 Quoniam
2709 4114 2894 4161 autem
2928 4122 3064 4161 casu
3098 4108 3336 4176 quodam
3372 4107 3476 4162 hoc
3497 4123 3679 4163 meum

2098 4196 2207 4251 iter
2235 4195 2559 4266 impeditum
2603 4205 2708 4263 est,
2738 4198 2806 4253 ad
2838 4198 3052 4254 litteras
3087 4199 3276 4254 venire
3325 4213 3554 4255 necesse
3581 4200 3681 4253 ha-

2096 4288 2217 4352 bui,
2255 4296 2317 4342 ut
2369 4287 2438 4343 de
2468 4291 2578 4343 tuis
2623 4289 2788 4343 rebus
2836 4297 3012 4342 tecum
3062 4289 3254 4358 paucis
3303 4289 3677 4359 philosopher.

2101 4378 2276 4446 Unde,
2301 4382 2517 4449 quaeso,
2535 4380 2837 4450 praeclarus
2869 4387 3059 4436 noster
3088 4380 3379 4446 Sacerdos,
3404 4381 3677 4449 sincerus,

2095 4469 2343 4540 inquam,
2367 4470 2458 4525 ille
2485 4479 2538 4526 et
2568 4485 2716 4525 nunc
2741 4480 2792 4526 et
2817 4470 2972 4542 prius
3003 4469 3095 4526 Dei
3127 4478 3276 4527 astes
3304 4487 3371 4526 ac
3402 4472 3676 4537 minister,

2099 4569 2279 4616 ortum
2313 4562 2514 4618 traxit?
2541 4562 2622 4618 Ex
2656 4563 2790 4620 Deo.
2831 4561 2938 4619 Ubi
2983 4573 3163 4620 autem
3204 4578 3353 4618 nunc
3375 4561 3682 4619 Sacerdos?

2098 4652 2256 4723 Apud
2314 4653 2482 4710 Deum
2522 4660 2535 4708 ξ
2583 4665 2874 4728 postquam
2923 4657 3136 4713 scilicet
3192 4655 3340 4711 haud
3401 4656 3679 4711 illibenter

2101 4744 2229 4815 (hoc
2257 4747 2426 4816 probe
2457 4748 2596 4819 scio)
2654 4749 2813 4805 livori
2871 4765 2995 4806 sese
3036 4764 3103 4805 ac
3124 4748 3324 4804 diaboli
3361 4747 3522 4803 luetis
3547 4749 3678 4802 sub-

2098 4834 2273 4891 duxit.
2326 4835 2482 4895 Unde
2541 4840 2668 4896 item
2718 4856 2819 4896 nos
2864 4847 3047 4895 ortum
3117 4838 3412 4895 duximus?
3480 4838 3676 4892 Annon

490 5142 605 5215 (88)
639 5140 788 5215 Alias
824 5135 1177 5215 CCXXXVII.
1220 5138 1434 5215 scripta
1494 5138 1685 5215 eodem
1726 5148 1990 5215 tempore.

2104 5207 2136 5215 __
2161 5136 2282 5215 _(93)
2315 5135 2614 5215 Δεζξοέιεν,
2635 5134 2775 5215 “etab
2808 5134 2910 5215 ςρν
2942 5136 3172 5215 sedda-or
3215 5138 3565 5215 νικήσομεν.
3600 5141 3676 5215 Ita

486 5206 1017 5285 (8g)_Ai:rda_c.tncog-_.
1048 5206 1132 5285 I_ta_
1173 5208 1297 5261 cod.
1330 5206 1463 5278 Reg.
1496 5222 1561 5262 ac
1592 5208 1780 5264 Morel.
1814 5206 1870 5261 in
1896 5224 1994 5261 nu—

416 5277 509 5339 tisl
539 5277 686 5336 Edit.
717 5279 918 5334 habent
948 5277 1294 5345 αὐτόκλητον.

490 5351 600 5424 (99)
640 5349 763 5424 Τῶν
792 5348 975 5418 ἁγίων
1007 5342 1253 5424 addferr-
1278 5342 1480 5424 ῥίζαν..
1501 5342 1562 5424 In
1600 5343 1732 5424 illud
1759 5342 1994 5424 intendit

416 5412 668 5476 Pauli'ad
700 5412 857 5472 Rom.
890 5433 967 5484 χι,
1002 5414 1087 5481 16,
1123 5415 1186 5467 Et
1218 5416 1251 5485 ή
1280 5412 1412 5486 ’ῥίζα
1457 5413 1610 5486 ἀγία,
1649 5414 1744 5467 καὶ
1768 5415 1817 5467 οἱ
1855 5414 1990 5467 κλά-

415 5490 517 5551 δοι,
554 5490 601 5543 si
625 5488 786 5541 radix
818 5496 1004 5540 sancta
1034 5495 1133 5552 est,
1166 5483 1322 5552 etiam
1357 5483 1515 5537 rami.

489 5550 601 5629 (9i)
630 5557 737 5612 Καὶ
764 5556 821 5609 ει
849 5573 929 5629 τι.
967 5550 1211 5629 Ita_c0d.
1252 5551 1385 5624 Reg.
1411 5564 1475 5608 ac
1509 5550 1699 5607 Morel.
1726 5552 1783 5607 in
1820 5552 1985 5607 notis.

417 5624 560 5683 Edit.
582 5624 796 5681 habent
818 5624 870 5677 εἴ
893 5641 946 5676 τι
976 5624 1090 5681 καί.
1773 5667 1776 5669 .

490 5698 599 5770 (92)
638 5701 695 5751 Τι
734 5693 1016 5763 πάσχειν.
1047 5695 1124 5748 Ita
1154 5695 1277 5750 cod.
1312 5701 1367 5748 et
1392 5691 1454 5746 li.
1497 5690 1557 5748 In
1586 5690 1718 5748 edit.
1741 5708 1792 5744 τι
1813 5692 1990 5749 deest.

689 5792 962 5852 ΡΑτιιοι..
996 5790 1113 5851 Gtt.
1140 5789 1465 5850 XXXVII.

2103 5203 2272 5260 iidem
2301 5204 2462 5259 codd.
2495 5203 2554 5257 In
2583 5203 2714 5258 edit.
2746 5203 3027 5276 δείξωμεν,
3059 5208 3154 5263 καὶ
3186 5208 3279 5263 τὸν
3305 5203 3496 5279 φθόνον
3521 5213 3677 5283 νική-

2104 5292 2309 5345 σωμεν.

2172 5341 2283 5420 (94)
2315 5341 2608 5420 Πρνηροῒς
2628 5343 2909 5412 ματαίως.
2939 5344 3016 5400 Ita
3033 5346 3152 5403 cod.
3185 5346 3243 5401 In
3261 5346 3393 5402 edit.
3420 5351 3677 5420 πονηροῖς

2100 5415 2191 5485 καὶ
2215 5414 2478 5485 ματαίως.

2173 5479 2286 5561 (ﬁ)
2321 5482 2482 5561 ﬁlias
2509 5481 2664 5561 CCII:
2690 5479 2907 5561 scripta
2935 5486 3124 5561 eodem
3164 5486 3382 5561 circiter
3405 5494 3671 5561 tempore.

2167 5551 2281 5625 (96)
2305 5555 2430 5625 Ῠᾚν
2458 5551 2557 5625 ὲςεὶ
2594 5551 2693 5617 τῷ.
2743 5551 2834 5607 ιω·
2860 5555 2983 5609 eod.
3047 5555 3177 5625 Reg.
3234 5554 3392 5612 “05.
3434 5551 3538 5612 Alii
3577 5572 3672 5613 co-

2098 5621 2250 5745 dicis
2299 5623 2392 5704 ἐπὶ
2446 5621 2553 5675 τῶν
2611 5626 3041 5695 μακαριωτάτων
3100 5621 3364 5698 ἀδελφῶν.
3412 5630 3470 5683 In
3514 5628 3678 5687 editis

2099 5710 2167 5745 ην
2231 5709 2259 5744 ν
2287 5708 2386 5745 τω.

2099 5708 2167 5762 ην
2203 5708 2259 5745 εν
2287 5708 2386 5762 τῳ.

3324 5793 3397 5853 12
