4162 6448
466 371 568 426 367

1667 369 1723 423 S.
1765 364 2092 424 GREGORII
2128 363 2469 423 TllEOLOGl

3608 360 3717 425 568

472 487 812 558 gratiﬁcari?
859 503 1044 545 annon
1092 488 1222 544 forti
1265 501 1449 542 animo
1497 486 1870 543 sustinentes?
1921 485 2034 541 Hoc

2138 482 2233 541 οὖν
2260 485 2444 549 αὐτοῖς
2479 479 2830 555 χαρισώμεθα
2849 496 2862 511 ⁸
2906 479 2999 534 κα)⁸
3027 479 3135 551 γὰρ
3161 479 3420 551 πείθομαι
3463 478 3564 545 τὰς
3608 482 3720 538 τῶν

472 578 639 649 igitur
668 578 724 633 in
747 588 938 635 eorum
970 580 1202 651 gratiam
1237 577 1504 633 faciamus
1536 596 1550 632 :
1593 576 1865 647 siquidem
1906 576 2037 632 illud

472 676 798 736 persuasum
831 669 1024 732 habeo,
1060 672 1374 724 sanctorum
1412 667 1627 722 animas
1680 683 1769 723 res
1822 674 2041 723 nostras

474 749 703 813 sentire.
742 757 950 814 Praeter
979 760 1186 824 omnia,
1226 768 1280 815 et
1300 768 1431 814 ante
1455 751 1662 823 omnia,
1695 754 1828 812 illud
1857 758 2042 813 nobis-

471 862 598 901 cum
647 858 982 918 reputemus,
1022 847 1324 904 absurdum
1369 853 1423 904 et
1467 850 1863 918 praeposterum
1895 860 2040 914 esse,

470 948 594 993 cum
623 939 772 993 nulla
800 940 1108 995 necessitas
1149 949 1304 1012 urget
1334 936 1757 1011 philosophari:
1799 937 1854 993 in
1890 939 2042 994 cala-

470 1028 748 1085 mitatibns
798 1033 985 1085 autem
1037 1028 1402 1102 philosophiae
1447 1039 1706 1101 expertes
1752 1042 2038 1100 apparere,

467 1128 577 1172 non
622 1120 806 1173 autem
853 1119 1193 1174 multitudini
1223 1120 1531 1190 exemplum
1573 1116 1714 1183 ﬁeri,
1747 1129 1805 1173 ut
1833 1119 2041 1189 gratia-

466 1215 587 1260 rum
615 1207 856 1264 actionis
885 1209 940 1262 in
966 1209 1134 1265 rebus
1173 1209 1312 1266 laetis
1349 1213 1406 1265 et
1441 1208 1726 1279 iucundis,
1764 1210 1840 1263 ita
1875 1208 2040 1264 etiam

467 1296 775 1351 tolerantiae
832 1296 887 1352 in
950 1296 1215 1369 gravibus
1267 1306 1322 1355 et
1394 1299 1632 1355 acerbis.
1692 1290 1821 1353 Haec
1877 1310 2041 1369 porro

380 1410 399 1417 ί»
467 1385 674 1450 scribo,
714 1401 826 1442 non
858 1395 916 1444 ut
958 1390 1302 1459 ignorantem
1335 1390 1560 1446 doceam
1583 1432 1599 1458 ,
1629 1390 1725 1446 sed
1761 1398 1820 1445 ut
1861 1391 2043 1447 scien-

2144 576 2313 646 ἁγίων
2338 573 2516 645 ψυχὰς
2539 572 2647 626 τῶν
2685 572 2966 642 ἡμετέρων
2988 569 3355 624 αἰσθάνεσθαι.
3401 568 3523 625 Ἑπὶ
3562 574 3721 640 πᾶσι,

2143 668 2238 721 καὶ
2263 666 2374 737 πρὸ
2400 666 2637 728 πάντων,
2661 666 2836 718 ἐκεῖνο
2867 659 3230 733 λογιζώμεθα,
3261 663 3343 716 ὅτι
3374 663 3485 715 τῶν
3500 664 3720 718 ἀτόπων

2141 758 2309 823 ἐστὶν,
2337 756 2442 821 ἔξω
2476 755 2575 827 μὲν
2614 755 2715 825 τῆς
2750 753 2993 824 ἀνάγκης
3023 752 3136 823 (26)
3184 753 3530 823 φιλοσοφεῖν·
3570 756 3626 808 ὲν
3661 755 3719 808 δὲ

2141 852 2257 914 τοῖς
2285 847 2513 903 πάθεσιν
2551 844 2910 916 ἀφιλοσόφους
2952 841 3257 914 φαίνεσθαι,
3301 842 3439 898 ἀλλά
3488 846 3562 918 μὴ
3608 849 3721 910 τοῖς

2144 939 2357 1003 πολλοῖς
2386 938 2555 991 τύπον
2579 935 2845 1006 γίνεσθαι,
2879 934 3068 1005 ὥσπερ
3093 935 3194 1006 τῆς
3220 937 3279 987 ὲν
3316 938 3429 999 τοῖς
3459 930 3718 1006 εὐθύμοις

2141 1030 2509 1102 εὐχαριστίας,
2570 1022 2713 1081 οὕτω
2753 1028 2847 1081 καὶ
2893 1024 2993 1096 τῆς
3038 1027 3097 1080 ὲν
3134 1028 3248 1091 τοῖς
3291 1026 3483 1091 δεινοῖς
3521 1043 3718 1098 καρτε-

2143 1117 2283 1193 ρίας.
2307 1114 2419 1173 Kal.
2448 1117 2622 1171 ταῦτα
2645 1108 2756 1188 (2⁸7)
2791 1116 3011 1188 γράφω,
3049 1116 3148 1187 οὐχ
3186 1115 3263 1180 ὡς
3301 1114 3599 1184 ἀγνοοῦσαν
3636 1116 3718 1169 δι-

2140 1209 2375 1275 δάσκων,
2429 1210 2543 1264 ἀλλ’
2580 1209 2656 1273 ὡς
2696 1200 3067 1278 ἐπισταμένην
3113 1206 3547 1278 ὑπομιμνήσκων
3578 1206 3714 1277 (28).

2151 1298 2212 1351 '0
2234 1298 2292 1352 δὲ
2318 1298 2449 1361 Θεὸς
2467 1298 2567 1367 τῆς
2604 1294 3022 1366 παρακλήσεως,
3066 1294 3127 1347 σὲ
3167 1311 3227 1347 τε
3268 1293 3514 1367 ἄτρωτον
3555 1290 3718 1362 φυλάο

2142 1390 2253 1455 ξειε
2288 1391 2401 1453 τοῖς
2439 1388 2654 1450 πάθεσι,
2697 1386 2793 1440 καὶ
2826 1386 2960 1456 ἡμῖν
2998 1401 3062 1453 γε
3097 1384 3384 1455 χαρίσαιτο
3413 1383 3521 1453 (29)
3555 1383 3714 1437 πάλιν

468 1479 575 1528 tem
607 1474 984 1531 submoneam.
1011 1477 1155 1535 Deus
1186 1488 1368 1535 autem
1387 1478 1814 1545 consolationis,
1852 1483 1967 1535 tum
1988 1485 2034 1537 te

2144 1481 2273 1535 ἰδεῖν
2299 1497 2393 1534 σου
2427 1479 2525 1551 τὴν
2548 1478 2855 1541 εὐλάϐειαν,
2886 1476 2980 1529 καὶ
3010 1474 3100 1528 διὰ
3134 1474 3245 1527 τῶν
3289 1474 3466 1546 ἔργων
3495 1473 3716 1544 πεισθῆ⁸

467 1577 497 1616 a
530 1552 940 1624 calamitatibus
969 1569 1199 1624 illzesam
1232 1570 1536 1636 custodiat,
1572 1577 1688 1625 tum
1720 1569 1882 1626 nobis
1908 1584 2034 1625 con-

2136 1586 2247 1634 ναι,
2282 1568 2364 1623 ὅτι
2395 1570 2423 1622 ό
2445 1564 2612 1631 κόπος
2648 1563 2804 1637 ἡμῶν
2834 1565 2935 1618 οὐκ
2984 1566 3064 1628 εἰς
3112 1559 3268 1617 κενὸν
3316 1563 3550 1631 ἐγένετο,
3598 1561 3713 1615 ἀλλ’

465 1655 645 1721 cedat,
678 1664 739 1712 ut
778 1657 1037 1729 pietatem
1070 1668 1222 1715 tuam
1251 1670 1475 1716 rursum
1499 1661 1806 1729 videamus,
1844 1673 2034 1731 resque

2141 1661 2307 1732 ὲσμὲν
2331 1677 2383 1712 τι
2409 1658 2558 1731 παρά
2586 1656 2670 1710 σοὶ
2692 1654 2852 1710 πλέον
2879 1654 2989 1709 τῶν
3016 1655 3191 1709 ἄλλων
3210 1671 3223 1685 ·
3251 1653 3327 1718 ὡς
3354 1654 3455 1724 τῆς
3482 1653 3712 1724 θλίψεως

465 1746 598 1815 ipsae
625 1748 786 1805 nobis
835 1749 996 1806 iidem
1033 1750 1258 1818 faciant,
1305 1752 1551 1809 laborem
1586 1760 1837 1809 nostrum
1870 1752 2034 1809 haud-

2142 1748 2600 1822 ἐκοινωνήσαμεν,
2628 1744 2771 1803 οὕτω
2815 1747 3034 1819 καὶτῆς
3085 1746 3403 1816 φιλοσοφίας
3456 1741 3712 1801 κοινωνόν

463 1853 740 1910 quaquam
765 1841 987 1898 inanem
1030 1852 1085 1898 et
1110 1842 1330 1899 irritum
1356 1843 1546 1911 fuisse,
1572 1860 1762 1901 verum
1794 1856 1896 1900 nos
1923 1854 2034 1898 ma-

2139 1841 2422 1905 λαϐόντες·
2451 1841 2480 1893 ὃ
2511 1840 2649 1910 τάχα
2692 1834 2758 1910 τῇ
2808 1838 2969 1910 πολιᾷ
3005 1838 3164 1909 ἡμῶν
3212 1834 3406 1909 ταύτῃ,
3460 1837 3555 1892 καὶ
3600 1842 3711 1903 τοῖς

458 1927 655 2012 iorem,
683 1947 846 2003 quam
880 1933 1039 2002 alios,
1076 1934 1459 1990 auctoritatem
1490 1936 1635 2006 apud
1667 1944 1720 1991 te
1749 1936 2031 2001 obtinere;

2140 1934 2282 1988 κατά
2317 1928 2447 1986 Θεὸν
2463 1932 2730 2003 καμάτοις
2769 1930 3064 2002 ὀφείλεται.

463 2026 645 2090 atque,
680 2032 742 2077 ut
766 2038 868 2080 nos
900 2025 957 2079 in
998 2027 1329 2083 calamitatis
1354 2027 1675 2084 societatem
1707 2036 1887 2084 tecum
1927 2028 2203 2090 venimus,
2237 2027 2311 2081 ita
2337 2025 2581 2081 vicissim
2602 2028 2658 2080 'te
2727 2020 2886 2094 187
2946 2018 3309 2096 philosophia:
3373 2039 3433 2080 ac
3503 2024 3712 2095 patien-

459 2113 551 2169 tiae
574 2117 782 2172 sociam
832 2120 1152 2190 accepisse:
1200 2121 1345 2192 quod
1379 2120 1601 2193 quidem
1636 2122 1873 2180 fortasse
1905 2123 2035 2178 huic
2073 2128 2279 2177 nostra:
2342 2120 2589 2185 canitiei,
2660 2133 2726 2175 ac
2772 2119 2863 2175 Dei
2902 2133 3068 2176 causa
3114 2119 3389 2191 susceptis
3433 2117 3713 2173 laboribus

457 2208 704 2269 debetur.

899 2304 1177 2364 CCXXIV.
1218 2306 1586 2366 AFRICANO.

2562 2298 2731 2353 ΣκΔν.
2767 2288 3116 2367 unum
3148 2292 3283 2368 (5'0).

456 2390 567 2446 Cur
591 2410 695 2449 non
729 2395 884 2473 edent
918 2394 1233 2473 Africanum
1266 2395 1544 2456 adversam
1590 2390 1845 2473 causatur
1872 2394 2243 2473 valetudinem.
2270 2394 2433 2473 finito
2465 2390 2571 2473 58$
2607 2390 2776 2473 serius
2805 2389 3017 2473 scripta
3044 2397 3147 2473 non
3178 2396 3257 2473 est
3295 2387 3406 2441 Iure
3428 2386 3707 2473 epistola;

702 2460 1311 2535 s‘iquidem'Nicobulus,
1343 2480 1436 2540 per
1467 2482 1619 2541 quem
1647 2468 1782 2525 hanc
1812 2471 2069 2540 Africano
2095 2464 2304 2534 scripsit
2340 2460 2645 2532 Gregorius,
2673 2460 2769 2513 hoc
2798 2460 2910 2527 ipso
2934 2470 3071 2513 anno
3096 2468 3333 2511 mortuus
3363 2467 3462 2511 est.

528 2554 869 2622 Quibusnam
917 2562 1086 2618 rebus
1130 2562 1257 2634 equi
1308 2565 1548 2622 maxime
1599 2564 1874 2638 gaudent?
1922 2580 2033 2621 non

2203 2560 2357 2613 Τίσιν
2398 2560 2553 2612 ἵπποι
2593 2556 2834 2628 ’μάλιστα
2874 2555 3154 2625 χαίρουσι;
3192 2553 3350 2622 δῆλον
3393 2553 3469 2617 ὡς
3501 2554 3709 2617 ἵπποις.

460 2647 685 2701 dubium
733 2649 867 2719 quin
913 2652 1090 2721 equis.
1135 2653 1348 2719 Quibus
1395 2655 1624 2724 aquilae?
1668 2657 1867 2727 aquilis
1906 2672 2034 2728 pro-

2147 2651 2318 2705 ’Δετοὶ
2369 2650 2427 2703 δὲ
2457 2649 2630 2715 τίσιν;
2683 2648 2783 2701 οὐκ
2826 2646 3007 2710 ἄλλοις
3054 2646 3087 2717 ἢ
3140 2646 3336 2709 ἀετοῖς.
3393 2645 3614 2698 Κολοιδν
3654 2644 3711 2698 δὲ

460 2734 624 2791 tecto.
665 2735 961 2793 Graculum
1006 2756 1173 2810 porro
1221 2744 1449 2813 graculo
1479 2744 1724 2801 assidere
1751 2746 1869 2816 ipsa
1899 2762 2034 2817 quo-

2137 2743 2259 2798 ποτὶ
2290 2741 2399 2813 (51)
2428 2740 2636 2795 κολοιὸν
2664 2739 2888 2805 ἱζάνειν,
2917 2738 3129 2809 καὶτῆς
3152 2737 3450 2810 παροιμίας
3470 2738 3706 2802 ἀκούεις.

457 2843 564 2897 que
597 2830 858 2899 parcentia
890 2832 1070 2889 docet.
1102 2833 1305 2889 Eodem
1336 2828 1567 2906 proinde
1596 2838 1760 2893 modo
1789 2839 2030 2894 Atticum

2137 2834 2292 2890 Οὕτω
2323 2834 2386 2907 δὴ
2426 2833 2517 2887 καὶ
2545 2830 2789 2885 ’Δττικὺν
2817 2832 3078 2893 ’Δττικοῖς
3095 2830 3204 2883 οίου
3243 2830 3449 2902 χαίρειν
3466 2872 3481 2895 ,
3508 2829 3601 2884 καὶ
3619 2826 3711 2884 τδν

457 2933 678 2990 quoque
698 2920 896 2978 Atticis
922 2923 1188 2979 obiectari
1217 2933 1347 2995 puta
1380 2942 1392 2978 :
1422 2933 1476 2982 et
1500 2928 1792 2998 probitatis
1819 2928 2031 2984 studio-

2136 2925 2537 2995 καλοκαγαθίας
2560 2923 2852 2995 μεταποιοὺ
2862 2940 3021 2994 μενον
3054 2920 3132 2992 τῷ
3154 2922 3358 2993 ταύτης
3397 2919 3599 2995 ἐραστῇ
3619 2918 3713 2976 καὶ

456 3022 580 3063 eam
625 3009 748 3078 ejus
796 3022 1044 3066 amatore
1092 3023 1146 3068 et
1190 3014 1457 3071 antistite.
1503 3013 1636 3070 Nam
1671 3017 1804 3071 mihi
1830 3032 2030 3089 praeses

2138 3014 2624 3089 προστάτῃ.Τοῦτο
2644 3013 2914 3085 γὰρ(52)ό
2939 3014 3121 3083 ἄρχων
3159 3008 3296 3066 εἷναί
3321 3031 3411 3084 μοι
3440 3012 3709 3083 φαίνεται,

458 3097 597 3152 nihil
628 3098 775 3153 aliud
811 3115 935 3156 esse
968 3102 1209 3169 videtur,
1243 3118 1406 3173 quam
1438 3106 1662 3162 virtutis
1703 3087 1945 3178 adiutor,
1980 3118 2034 3165 et

2140 3087 2331 3179 βοηθὸς
2363 3107 2565 3179 ἀρετῆς
2614 3106 2708 3159 καὶ
2741 3102 3147 3177 ἀνταγωνιστὴς
3193 3105 3415 3170 κακίας,
3462 3088 3566 3159 κᾶν
3611 3106 3710 3175 τὴν

458 3189 576 3243 vitii
599 3189 987 3259 adversarius;
1021 3194 1138 3250 sive
1169 3194 1522 3250 incruentum
1555 3197 1838 3267 imperium
1862 3209 2032 3270 gerat,

460 3286 518 3333 ut
561 3296 683 3347 nos,
738 3283 855 3338 sive
889 3283 964 3349 id,
1008 3285 1155 3355 quod
1197 3287 1438 3357 gladium
1468 3295 1525 3342 et
1568 3288 1745 3344 lorum
1781 3291 2033 3360 junctum

459 3371 634 3427 habet.
696 3372 957 3429 Cruorem
1026 3378 1171 3432 enim
1242 3379 1341 3433 tibi
1400 3379 1624 3437 minime
1691 3382 2031 3453 adjiciemus,

456 3463 660 3533 quippe
691 3479 850 3533 quem
884 3467 1085 3523 virtute
1128 3470 1416 3539 imperium
1442 3481 1625 3529 tenere
1661 3474 1889 3539 scimus,
1924 3488 2034 3529 non

454 3554 509 3609 vi
541 3553 819 3620 cohibere,
865 3570 928 3611 ac
970 3565 1117 3612 metu
1150 3560 1357 3628 potius,
1400 3574 1562 3631 quam
1610 3564 1895 3633 suppliciis
1928 3563 2035 3617 imo

454 3644 660 3713 probos
689 3660 981 3716 coercere;
1031 3664 1152 3720 qua:
1193 3651 1414 3720 quidem
1466 3655 1658 3724 Optimi
1698 3655 1912 3725 imperii
1947 3656 2035 3711 lex

454 3741 560 3801 est.
595 3733 693 3790 llis
729 3736 916 3807 itaque
956 3740 1023 3795 de
1057 3742 1241 3798 causis
1284 3754 1613 3815 magnopere
1650 3744 1868 3816 quidem
1897 3760 2032 3800 eon-

455 3841 702 3895 gressum
751 3833 905 3882 tuum
938 3832 1280 3900 expetebam,
1312 3848 1377 3888 ac
1433 3850 1577 3890 nunc
1609 3836 1773 3890 etiam
1813 3845 2030 3907 expeto.

458 3915 657 3972 Verum
707 3919 836 3988 quia
893 3935 990 3989 per
1037 3924 1319 3976 adversam
1376 3923 1745 3979 valetudinem
1800 3923 1854 3978 id
1897 3924 2031 3979 mihi

450 4008 713 4078 consequi
757 4025 866 4064 non
898 4011 1043 4075 licet,
1072 4012 1393 4068 necessario
1422 4013 1487 4067 ad
1516 4014 1733 4070 litteras
1775 4015 1935 4082 veni;
1978 4027 2033 4071 et

451 4096 595 4165 quod
643 4095 1149 4153 commodissimum
1204 4107 1308 4164 est,
1350 4108 1403 4154 te
1450 4116 1545 4170 per
1586 4101 1763 4156 virum
1793 4104 2029 4157 amicum

448 4192 505 4241 et
545 4184 872 4240 familiarem
937 4201 1003 4240 ac
1043 4195 1338 4258 cognatum
1372 4188 1575 4255 saluto,
1627 4190 1733 4245 hoc
1789 4195 1896 4252 est,
1934 4203 2032 4258 per

450 4274 836 4331 cbarissimum
896 4275 1029 4330 mihi
1056 4275 1400 4341 Nicobulum,
1457 4280 1552 4349 qui
1594 4286 1649 4334 et
1688 4295 1775 4334 me
1803 4279 1946 4351 apud
1976 4288 2030 4334 te

449 4366 738 4422 excusabit
801 4366 910 4438 (vir
956 4375 1139 4449 autem
1190 4377 1274 4424 est
1337 4368 1442 4425 fide
1494 4370 1714 4441 dignus,
1771 4372 1819 4426 si
1877 4369 2031 4442 quis-

2138 3198 2472 3269 ἀναίμακτον
2490 3197 2631 3268 ἄρχῃ
2650 3194 2821 3267 ἀρχὴν
2841 3192 2977 3267 (55),
3012 3195 3264 3268 καθάπερ
3281 3194 3461 3266 ἡμεῖς,
3493 3194 3596 3251 κᾶν
3611 3193 3711 3267 τὴν

2142 3286 2277 3358 μετά
2307 3284 2490 3355 ξίφους
2518 3285 2611 3338 καὶ
2633 3283 2959 3354 τελαμῶνος.
2985 3277 3132 3354 Αἷμα
3159 3284 3267 3356 γὰρ
3287 3280 3408 3338 οὑδέ
3436 3302 3517 3338 σοι
3547 3297 3713 3355 προσ-

2138 3378 2399 3449 θήσομεν,
2434 3378 2601 3448 ἀρετῇ
2636 3373 2936 3446 κρατοῦντα
2964 3374 3344 3443 γινώσκοντες,
3362 3377 3421 3428 οὐ
3454 3375 3544 3446 βίᾳ
3579 3375 3713 3430 καθ-

2138 3467 2418 3539 είργοντα,
2469 3466 2561 3520 καὶ
2604 3464 2756 3536 φόϐῳ
2790 3465 2990 3535 μᾶλλον
3023 3465 3054 3537 ἢ
3091 3465 3237 3537 ἔργῳ
3263 3466 3557 3530 κολάζοντα
3584 3466 3711 3529 τοὺς

2138 3559 2360 3623 κακοὺς,
2391 3560 2527 3629 ὅπερ
2556 3554 2654 3628 τῆς
2676 3556 2903 3629 ἀρίστης
2927 3558 3051 3629 ὄρος
3073 3557 3267 3630 ἀρχῆς.
3302 3557 3399 3611 Διὰ
3426 3557 3488 3628 δὴ
3514 3558 3709 3621 ταῦτα,

2138 3652 2341 3723 σφόδρα
2381 3651 2479 3721 μὲν
2520 3650 2581 3702 τὸ
2616 3649 2715 3720 τῆς
2755 3648 3040 3719 συντυχίας
3082 3648 3435 3712 ὲσπουδάζετό
3471 3665 3582 3719 μοι,
3619 3646 3711 3702 καὶ

2136 3740 2229 3794 νῦν
2280 3739 2361 3792 ἔτι
2418 3734 2795 3799 σπουδάζεται.
2852 3735 2968 3790 Οὐκ
3018 3735 3156 3806 ἒχων
3212 3735 3267 3788 δὲ
3321 3735 3467 3797 ὅπως
3518 3733 3709 3788 τούτου

2135 3830 2352 3901 τύχοιμι
2384 3828 2473 3882 διὰ
2504 3828 2602 3898 τὴν
2636 3826 2968 3899 ἀρρωστίαν,
2996 3827 3308 3896 ἀναγκαίως
3340 3822 3503 3898 ἦλθον
3526 3828 3616 3880 ἐπὶ
3643 3826 3710 3879 τὰ

2133 3917 2590 3989 γράμματα’(34),
2620 3918 2713 3971 καὶ
2739 3918 2799 3970 τὸ
2819 3917 3126 3981 κάλλιστον,
3152 3918 3233 3970 ὅτι
3255 3915 3709 3987 προσφθέγγομαί

2135 4027 2195 4062 σε
2222 4008 2288 4061 δι’
2322 4007 2512 4079 ἀνδρὸς
2541 4006 2655 4079 ('55)
2687 4008 2888 4060 οἰκείου
2929 4008 3024 4062 καὶ
3068 4003 3221 4077 φίλου
3261 4007 3356 4060 κα)⁸
3392 4006 3708 4075 συγγενοῦς,

2132 4101 2226 4154 τοῦ
2248 4099 2576 4171 τιμιωτάτου
2608 4099 2785 4153 πάντα
2820 4100 2944 4170 ἐμοὶ
2976 4096 3330 4165 Νικοδούλου,
3360 4098 3420 4163 ὃς
3451 4098 3542 4151 καὶ
3568 4098 3708 4151 ἀπο-

2133 4189 2423 4261 λογήσεταί
2448 4203 2531 4242 σοι
2557 4185 2685 4261 πρ)
2710 4188 2866 4260 ἡμῶν
2891 4189 3220 4261 (ἀξιόπιστος
3242 4190 3298 4243 δὲ
3318 4190 3345 4244 ό
3369 4190 3527 4261 ἀνὴρ,
3553 4188 3710 4260 εἴπερ

2132 4280 2289 4345 ἄλλος
2313 4298 2415 4345 τις,
2454 4282 2555 4334 ὅσα
2582 4280 2648 4351 δὴ
2681 4280 2784 4351 ἐμὲ
2813 4279 3146 4352 γινώσκειν),
3181 4284 3274 4336 καὶ
3305 4282 3371 4335 δι’
3394 4283 3426 4352 ἡ
3437 4281 3552 4352 μῶν
3580 4280 3708 4332 eatu-

2130 4370 2223 4425 τὸν
2250 4372 2506 4441 γνωρίσει
2541 4374 2606 4443 τῇ
2647 4374 2714 4443 σῇ
2746 4371 3064 4444 τελειότητι.

450 4470 615 4518 quam
667 4455 826 4522 alius,
877 4467 1137 4528 quantum
1183 4460 1403 4530 quidem
1438 4461 1555 4531 ipse
1590 4462 1904 4535 cognosco),
1946 4472 1999 4518 et
2046 4478 2140 4533 per
2206 4479 2309 4520 nos
2380 4477 2503 4519 sese
2534 4462 2866 4535 praestantiae
2909 4473 3015 4519 tua:
3043 4464 3377 4520 noscendum
3424 4464 3703 4531 praebebit.

446 4640 579 4696 ituri
615 4657 819 4721 sumus.
852 4641 974 4697 Mox
1003 4644 1190 4722 iidem,
1218 4649 1279 4702 οὐ
1309 4649 1809 4722 συγκαρτεροῦντες
1839 4664 1937 4722 pro
1949 4650 2023 4722 Δοὐ

2136 4648 2230 4703 lem
2261 4646 2621 4722 qu_¢_err't._"_oc
2653 4645 3000 4719 proverbium
3035 4646 3489 4722 quemadmodum
3515 4659 3568 4705 et
3599 4651 3706 4707 alia

448 4712 865 4782 καρτεροῦντες,
895 4714 1037 4783 quod
1067 4715 1186 4770 Bill.
1212 4712 1411 4774 vertit}
1446 4712 1636 4774 A'nuo'u
1664 4712 1854 4773 illatas
1880 4719 2023 4788 inju-

448 4781 561 4835 rias
596 4780 919 4838 tolerantes?
964 4785 1059 4839 sed
1112 4801 1416 4839 nerneram.
1463 4804 1587 4839 eum
1622 4804 1803 4839 sermo
1852 4789 1923 4839 sit
1956 4790 2023 4839 de

448 4790 561 4835 ηαδ
596 4790 919 4838 tolerantes?
964 4790 1059 4840 sed
1112 4801 1416 4858 perperam,
1463 4804 1587 4844 cum
1622 4804 1803 4844 sermo
1852 4790 1923 4843 sit
1956 4790 2024 4845 de

446 4848 638 4906 dolore
665 4866 732 4906 ex
758 4867 982 4907 suorum
1013 4856 1186 4910 obitu.

519 4919 954 4997 (g§)__’E{wydr
982 4923 1094 4992 τῆς
1118 4924 1406 4997 ἀνάγκης.
1438 4925 1513 4981 ita
1546 4926 1658 4981 fere
1681 4929 1841 4997 epist.
1873 4943 2023 4984 xxxu

446 4988 514 5045 ad
531 4988 900 5060 :Philagrium.

518 5058 630 5192 (27)
663 5058 772 5114 Kal
807 5062 1013 5117 ταῦτα.
1050 5062 1129 5118 Ita
1157 5066 1279 5120 eod.
1306 5065 1364 5120 In
1396 5064 1525 5119 edit.
1552 5066 1645 5119 καί
1666 5064 1839 5123 deest.

544 5129 635 5192 28)
672 5130 1173 5192 Ὑπομιμνήσκων.
1215 5135 1289 5189 Ita
1338 5134 1463 5188 cod.
1507 5133 1632 5191 Par.
1669 5142 1722 5191 et
1758 5137 1839 5190 Ml

2130 4719 2390 4773 nonnulla
2443 4719 2512 4772 ab
2553 4718 2907 4772 hoc’auctore
2957 4724 3240 4784 usurpata,
3276 4718 3345 4772 ab
3392 4718 3621 4776 Erasmo
3650 4723 3705 4777 in

2130 4788 2465 4843 doctissimis
2508 4788 2615 4842 illis
2648 4785 2986 4841 Chiliadibus
3012 4787 3437 4855 praetermissum
3479 4799 3582 4845 est.
3616 4790 3708 4847 Sic

2131 4857 2350 4912 Bill.At
2383 4865 2532 4911 certe
2557 4857 2640 4911 vir
2677 4856 2875 4919 bonus,
2905 4855 3033 4909 dum
3085 4858 3199 4910 haec
3254 4858 3550 4923 scriberet,
3577 4861 3707 4917 dor-

2132 4926 2364 5000 mitavit.
2396 4925 2659 5000 Erasmus
2692 4925 2837 5000 enim
2869 4925 3035 5000 refert
3061 4926 3312 5000 adagiqu
3344 4927 3560 4997 Semper
3580 4947 3707 5000 gra-

2133 4996 2282 5066 cuius
2339 4993 2536 5066 ossijet
2590 4995 2842 5065 graculo;
2903 4996 3034 5066 quin
3078 5003 3132 5051 et
3172 4993 3317 5052 hunc
3364 4993 3498 5052 citat
3525 4993 3703 5053 locum

2126 5063 2397 5136 Gregorii.
2431 5063 2605 5118 Errat
2624 5073 2806 5136 tamen
2828 5063 2958 5121 dum
2999 5066 3113 5121 haec
3140 5066 3388 5121 Eudoxio
3417 5067 3706 5136 scripsisse

544 5129 639 5203 28)
672 5130 1173 5203 Ὑπομιμνήσκων.
1215 5135 1289 5189 Ita
1338 5134 1463 5188 cod.
1507 5133 1632 5191 Par.
1669 5142 1722 5191 et
1758 5136 1914 5191 1405.
1959 5134 2018 5191 In

2136 5129 2443 5203 Gregorium
2477 5135 2694 5203 asserit.

446 5196 578 5277 edit.
615 5196 1066 5277 ἀναμμνῇσκων.
1108 5202 1226 5277 Mox
1261 5218 1383 5273 pro,
1413 5205 1442 5256 ὁ
1470 5203 1527 5257 δὲ
1566 5204 1699 5268 Θεὸς
1743 5206 1862 5277 τῆς,
1909 5213 2017 5263 etc.

785 5265 832 5344 :6
864 5265 919 5325 δὲ
943 5265 1299 5344 Θεὸςᾼπάσης,

443 5336 630 5463 MP?)
671 5339 843 5420 Ἡμῖν
864 5358 931 5410 γε
951 5336 1281 5409 χαρίσαιτο.
1322 5340 1401 5395 ita
1432 5341 1551 5401 eod.
1586 5342 1719 5414 Reg.
1761 5356 1825 5398 ac
1858 5344 2020 5400 Com-

540 5447 554 5462 .
608 5424 644 5462 n
668 5409 799 5463 edit.
825 5411 1063 5463 γαοίσαι.
1103 5411 1181 5463 τό.

540 5412 554 5462 .
588 5406 644 5462 In
668 5406 799 5464 edit.
825 5406 1063 5475 χαρίσαι,
1103 5411 1181 5464 τό.

518 5478 631 5548 (50)
661 5477 1282 5552 Alias'XLVi.__$eripta
1319 5479 1532 5537 incerto
1560 5488 1839 5552 tempore;
1884 5481 2026 5537 forte

450 5556 633 5603 tamen
660 5558 786 5605 ante
824 5565 950 5603 ann.
988 5549 1113 5603 585.

516 5618 628 5689 (3i)
667 5620 922 5689 Κολοιὸν
948 5617 1019 5689 δὲ
1046 5618 1202 5689 ποτί,
1233 5625 1367 5689 etc.
1399 5617 1513 5675 Hoc
1577 5618 1771 5686 adagio
1812 5617 2023 5689 signiti-

443 5687 622 5752 catur,
671 5687 919 5742 homines
973 5687 1214 5754 ejusdem
1268 5688 1403 5744 artis
1445 5698 1498 5744 et
1531 5688 1861 5744 conditionis
1897 5689 2021 5741 vilic

445 5757 676 5814 libenter
719 5757 881 5814 simul
919 5757 1157 5826 versari;
1208 5759 1347 5815 unde
1391 5759 1523 5815 illud
1570 5777 1582 5812 :
1621 5758 1826 5812 Similis
1875 5756 2023 5810 simi-
2070 5828 2075 5832 ε

2219 5202 2308 5277 ζῑὲ)
2346 5202 2529 5277 Τοῦτο
2556 5202 2688 5272 γάρ.
2734 5203 3049 5277 Μοηιεοηθῑ
3084 5203 3274 5277 Morel.
3300 5203 3475 5277 τούτῳ
3503 5205 3633 5277 γάρ.

2219 5275 2312 5349 ᾇὸ)
2358 5273 3052 5349 ’ᾼναιμιικτονηηὰρκήνο
3089 5273 3519 5349 Ἦ.ἀῖβίμακ⁴έοῖ
3541 5273 3703 5349 ἀρχῆν

2128 5293 3516 5413 εεὲῗέῗξαεῧῖἶίέῗῗῗὲῗιῖς⁹’ὴαὲἔζΐμὲἀαὲἓὲἒιέκέἓιῑ
3541 5293 3701 5399 ῗὲἕέἓέ

2137 5411 2333 5481 μῶνος,
2363 5412 2639 5467 seculan’s.
2672 5411 2961 5482 Per-peram
2993 5414 3157 5480 igitur
3195 5414 3478 5483 legendum
3509 5430 3709 5487 propo-

2133 5489 2269 5535 nunt
2292 5482 2533 5535 Montac.
2565 5487 2618 5535 et
2645 5479 2832 5537 Morel.
2856 5480 3106 5537 καθαπερ
3138 5484 3314 5537 ὑμεῖς.

2174 5497 2269 5535 unt
2292 5497 2533 5535 mentae.
2565 5497 2618 5535 et
2645 5497 2832 5538 meret.
2856 5497 3106 5547 καυαπερ
3138 5497 3314 5547 υμεῐς.

2211 5501 2269 5534 ΙΙΙ.
2292 5501 2533 5535 montac.
2565 5501 2618 5535 ει
2645 5501 2832 5538 ΜΟΓΘΙ.
2856 5501 3068 5535 καυαπε
3138 5501 3314 5554 υμεις.

2206 5551 2317 5620 (54)
2361 5549 2500 5632 Ἐπί.
2543 5550 2616 5604 τὰ
2669 5550 2997 5621 γράμματα.
3065 5501 3142 5608 ipta
3186 5553 3323 5610 Cod.
3365 5553 3509 5610 Edit.
3561 5550 3705 5624 πρά-

2130 5636 2164 5687 γ
2172 5636 2334 5689 ματα,
2373 5636 2453 5673 res
2482 5636 2645 5689 ipsas.

2201 5689 2312 5762 (55)
2351 5690 2429 5762 Διί
2459 5688 2700 5762 ὰγδρᾴς.
2729 5688 2863 5744 Cod.
2895 5690 2983 5745 διὰ
3014 5693 3255 5747 τοιούτου
3288 5691 3499 5762 ἀνδρός.
3534 5689 3707 5747 Patth

2130 5756 2299 5821 infra,
2327 5759 2449 5814 cod.
2471 5758 2538 5812 τὰ
2572 5756 2744 5810 πάντα
2777 5775 2887 5826 μοι.
