4182 6450
500 470 575 528 75
1806 471 2142 527 EPISTOLA
2177 469 2456 527 CCXXXI.

3577 470 3682 527 δτι

468 583 608 655 ΙΙρὸς
646 580 698 634 τί
736 580 919 651 βλέπει
962 597 1053 651 μοι
1101 580 1160 633 τὸ
1207 580 1584 653 παράδειγμα;
1611 574 1718 633 Ἦν
1748 582 1880 651 ἡμῖν
1909 579 2042 651 πρὸς

2172 578 2454 633 bsolvunt.
2499 576 2776 644 Quorsum
2818 578 2949 633 mihi
2982 583 3196 647 spectat
3231 577 3338 632 hoc
3365 576 3712 646 exemplum?

467 672 731 741 ἀλλήλους
765 669 917 739 φιλία
958 668 1174 741 καθαρά
1214 687 1272 722 τε
1309 670 1401 723 καὶ
1432 670 1615 733 ἄδολος
1651 670 1902 740 (πρᾶγμα
1937 668 2044 721 τῶν

468 761 710 815 σπανίων
734 758 831 813 νῦν
855 759 1109 831 μάλιστα,
1132 761 1224 813 καὶ
1244 762 1372 831 παρ’
1391 760 1593 829 ὀλίγοις
1612 758 2042 831 εὑρισκόμενον),

474 854 563 908 καὶ
607 849 812 921 ταύτην
860 851 991 919 ἡμῖν
1044 848 1215 902 ἐποίει
1264 849 1387 903 οὔτε
1433 850 1719 920 συγγένεια
1772 847 2043 914 τοσοῦτον,

472 942 593 996 οὔτε
623 940 878 994 κοινωνία
899 939 1174 1010 πατρίδος,
1199 937 1343 1003 οὔτε,
1364 940 1394 992 ὅ
1418 956 1581 1010 φησιν
1605 939 1869 1010 Ὅμηρος,
1902 940 2047 1007 ὁμη-

476 1031 637 1098 λικίη
664 1027 960 1098 ἐρατεινὴ,
991 1029 1114 1082 ὅσον
1141 1029 1475 1101 ὁμοτροπία,
1504 1028 1598 1082 καὶ
1634 1029 1696 1082 τὸ
1728 1031 1839 1091 τοῖς
1867 1028 2050 1092 αὐτοῖς

477 1120 707 1192 χαίρειν·
737 1119 768 1174 ὃ
802 1119 1035 1190 μάλιστα
1067 1120 1302 1190 πήγνυσι
1331 1120 1428 1183 τὰς
1464 1118 1664 1188 φιλίας,
1703 1119 1796 1172 καὶ
1834 1117 2050 1189 βεϐαιο-

481 1212 644 1282 τέρας
678 1208 989 1281 ἐργάζεται.
1021 1208 1136 1262 Νῦν
1166 1210 1261 1263 καὶ
1292 1209 1360 1262 τά
1398 1209 1527 1279 γένη
1570 1208 1898 1262 συνάπτεται
1933 1206 2053 1279 (σὺν

481 1302 599 1372 Θεῷ
623 1301 678 1354 δὲ
698 1303 727 1354 ὁ
749 1299 948 1369 λόγος),
981 1300 1068 1353 ἵνα
1100 1301 1166 1370 τῇ
1198 1298 1349 1369 φιλίᾳ
1378 1298 1663 1370 προσθήκη
1692 1297 1937 1371 γένηται,
1962 1300 2055 1353 καὶ

484 1391 681 1461 μᾶλλον
712 1384 863 1461 ὦμεν
892 1388 1002 1459 (59)
1035 1387 1297 1459 άλλήλων.
1341 1389 1455 1442 Καὶ
1486 1387 1643 1442 τοῦτο
1678 1388 2055 1461 πραγματεύε-

480 1498 570 1535 ται
604 1480 717 1551 (60)
752 1478 958 1550 φίλτρῳ
974 1478 1171 1549 δικαίῳ
1204 1476 1411 1548 βοηθῶν
1440 1478 1470 1531 ὁ
1498 1477 1649 1542 Θεός.
1679 1479 1809 1550 Ἔχε
1840 1473 1933 1533 οὖν
1961 1478 2057 1532 καὶ

482 1573 628 1642 ἡμᾶς
658 1568 748 1623 διὰ
781 1567 877 1621 τοῦ
909 1567 1248 1637 γλυκυτάτου
1278 1565 1397 1619 υἱοῦ
1432 1566 1590 1637 ἡμῶν
1627 1566 1931 1639 Εὐφημίου·
1962 1568 2057 1621 καὶ

485 1660 678 1730 ἔχομεν
712 1658 855 1729 ὑμᾶς
873 1656 961 1709 διὰ
993 1659 1089 1727 τῆς
1119 1655 1465 1725 γλυκυτάτης
1496 1655 1763 1728 θυγατρὸς
1791 1657 1964 1728 ὑμῶν.
1984 1656 2059 1710 Τὸ

482 1752 541 1806 δὲ
562 1750 709 1821 ἑξῆς,
735 1749 836 1803 οὐκ
856 1743 972 1800 οῖδα
997 1746 1137 1817 ὑπὲρ
1160 1745 1303 1809 τίνος
1335 1746 1557 1817 μᾶλλον,
1582 1747 1614 1818 ἢ
1644 1748 1751 1801 τίνι
1771 1746 2057 1817 διαλεχθῶ,

2146 668 2275 722 Erat
2317 668 2476 739 190
2511 668 2624 738 jam
2659 669 2801 724 inter
2845 683 2948 724 nos
2991 683 3126 738 pura
3169 667 3501 738 minimeque
3533 666 3713 722 fucata

2147 757 2386 812 amicitia
2444 757 2554 827 (res
2588 772 2721 813 sane
2764 773 2912 813 nunc
2955 756 3258 829 praesertim
3292 771 3441 823 rara,
3483 771 3714 827 quaeque

2148 848 2206 902 in
2242 848 2434 918 paucis
2474 847 2831 918 inveniatur),
2880 856 3043 918 atque
3072 847 3213 901 hanc
3248 847 3430 911 nobis,
3463 862 3571 901 non
3602 855 3712 901 tam

2149 937 2427 1007 cognatio,
2455 944 2510 992 et
2538 937 2848 993 communis
2880 939 3078 1007 patria,
3109 943 3164 992 et
3193 946 3250 990 ut
3284 934 3505 990 llomeri
3532 935 3716 990 verbis

2149 1033 2294 1091 utar,
2340 1026 2587 1081 amabilis
2638 1035 2857 1082 inlatum
2905 1024 3184 1095 wqualitas
3219 1024 3504 1089 elﬁciebat,
3551 1037 3714 1093 quam

2150 1133 2362 1174 morum
2406 1116 2731 1182 similitudo,
2776 1117 3033 1189 quodque
3073 1115 3265 1171 iisdem
3308 1114 3474 1171 rebus
3513 1112 3715 1185 gaude-

2151 1224 2372 1275 remus;
2412 1206 2560 1278 quod
2591 1207 2811 1277 quidem
2842 1206 3116 1261 amicitias
3146 1204 3380 1260 maxime
3428 1219 3719 1275 coagmen-

2154 1307 2254 1363 tat,
2298 1299 2675 1369 lirmioresque
2705 1297 2907 1353 reddit.
2945 1295 3102 1351 Nunc
3138 1309 3357 1365 quoque
3395 1308 3590 1364 genera
3624 1308 3720 1348 co-

2152 1390 2410 1460 pulantur
2456 1389 2684 1459 (faveat
2738 1388 2899 1444 velim
2947 1387 3077 1441 huic
3123 1386 3361 1442 sermoni
3412 1382 3598 1454 Deus),
3660 1392 3721 1436 ut

2155 1495 2310 1534 amor
2347 1487 2539 1536 noster
2582 1480 2981 1535 incrementum
3021 1477 3221 1547 capiat,
3264 1474 3548 1545 magisque
3586 1474 3723 1529 alter

2157 1570 2385 1625 alterius
2425 1570 2619 1626 simus.
2675 1569 2855 1638 Atque
2904 1567 2958 1621 id
3008 1567 3119 1638 agit
3168 1580 3234 1620 ac
3279 1565 3503 1620 molitur
3558 1562 3721 1631 Deus,

2154 1661 2304 1731 justo
2347 1662 2520 1715 amori
2565 1675 2724 1731 opem
2762 1659 2965 1715 ferens.
2999 1658 3392 1726 Quamobrem,
3431 1665 3487 1712 et
3532 1665 3591 1711 tu
3621 1671 3722 1711 nos

2160 1763 2195 1819 p
2215 1764 2257 1802 'r
2282 1749 2670 1805 suavissimum
2696 1749 2866 1803 lilium
2891 1756 3137 1803 nostrum
3166 1744 3525 1817 Euphemiam
3555 1744 3722 1800 habe:

486 1840 626 1910 ύπὲρ
652 1837 747 1891 τοῦ
774 1836 897 1890 νέου
924 1838 989 1907 τῇ
1023 1835 1265 1906 ὑμετέρα
1298 1836 1572 1907 τιμιότητι
1605 1836 1739 1907 (61),
1768 1837 1800 1908 ἢ
1838 1836 1917 1909 τῷ
1950 1837 2054 1909 νέῳ

2172 1845 2213 1893 et
2254 1853 2355 1894 nos
2401 1839 2527 1894 item
2564 1855 2659 1909 per
2703 1837 3091 1895 suavissimam
3139 1836 3300 1890 tiliam
3348 1844 3587 1891 vestram
3631 1849 3727 1889 vos

489 1906 618 1999 περ).
662 1923 837 1996 ὑμῶν.
879 1906 1073 1977 Εὔνοια
1116 1922 1226 1994 γὰρ
1271 1906 1477 1994 πατρὸς
1508 1906 1725 1988 τέκνοις
1774 1906 2053 1996 ὁμότιμος.

2174 1927 2440 1983 tabemus.
2469 1906 2625 1993 Quod
2647 1935 2830 1983 autem
2850 1926 3119 1997 sequitur,
3139 1926 3317 1981 utrius
3338 1925 3522 1996 potius
3536 1938 3725 1989 causa,

491 2015 635 2086 Πλὴν
674 2012 976 2083 ἐπεύχομαι
1011 2012 1139 2082 ὑμῖν
1177 2012 1271 2063 ἐπὶ
1304 2012 1470 2066 παντὶ
1517 2010 1776 2082 βελτίστῳ
1811 2012 2063 2081 γενέσθαι

491 2106 588 2177 τὴν
619 2102 902 2171 συζυγίαν,
934 2102 1028 2155 καὶ
1049 2101 1168 2154 οἷαν
1196 2100 1365 2164 εἰκὸς,
1395 2100 1530 2154 Θεοῦ
1561 2101 2009 2172 συναρμόζοντος.

2168 2025 2263 2072 aut
2299 2018 2366 2071 ad
2401 2033 2562 2088 quem
2607 2018 2821 2088 loquar,
2870 2033 2981 2074 non
3026 2017 3175 2081 novi,
3219 2033 3416 2087 nempe
3442 2016 3731 2086 juvenisne

2168 2121 2336 2161 causa
2369 2106 2435 2162 ad
2467 2114 2706 2163 vestram
2734 2108 3135 2178 praestantiam,
3158 2122 3228 2161 an
3255 2116 3436 2162 vestra
3466 2120 3632 2161 causa
3662 2105 3731 2159 ad

488 2198 781 2267 juvenem?
821 2195 997 2251 Patris
1042 2195 1188 2249 enim
1252 2195 1632 2251 benevolentia
1668 2210 1767 2266 par
1828 2198 2210 2268 erga-liberos.
2256 2202 2525 2258 Caeterum
2593 2203 2648 2258 id
2682 2203 2835 2261 vobis
2883 2210 3046 2274 Opto,
3080 2211 3141 2258 ut
3182 2203 3286 2258 hoc
3327 2200 3729 2257 matrimonium

493 2305 653 2360 quam
670 2290 872 2361 optime
898 2288 1077 2352 cedat,
1105 2294 1269 2360 atque
1299 2298 1374 2344 ita
1405 2296 1464 2344 ut
1497 2304 1597 2360 par
1623 2299 1728 2357 est,
1758 2306 1883 2347 cum
1914 2290 2059 2349 Deus
2094 2293 2149 2349 id
2175 2295 2416 2367 copulat.

861 2442 1026 2495 ΣΑΑο.
1062 2442 1349 2515 ΕΥΣΕΒΙῼ
1371 2443 1528 2514 ΦΙΛῼ
1557 2441 1696 2515 (62).

2514 2448 2795 2505 CCXXXI.
2835 2448 2923 2506 ΕΙ]
2936 2448 3131 2505 SEBIO
3167 2448 3400 2505 AMICO.

498 2597 712 2654 Festina
742 2597 1026 2653 admodum
1056 2606 1133 2653 est
1162 2594 1272 2653 haec
1315 2598 1539 2677 epistola
1567 2600 1803 2677 quamuis
1832 2616 1866 2653 α
1895 2601 2005 2655 uiro
2038 2601 2224 2677 morbo
2266 2603 2541 2677 laborante
2570 2605 2789 2677 scripta,
2818 2604 3045 2661 Eusebio
3089 2605 3153 2660 de
3183 2606 3343 2676 hujus
3370 2606 3476 2677 ﬁlii
3504 2603 3736 2675 nuptiis;

1475 2668 1830 2724 benedictione
1856 2679 1906 2724 ct
1944 2671 2078 2727 votis
2111 2672 2431 2729 solemnibus
2470 2668 2760 2729 clauditur.

568 2821 860 2893 Εὑώπιονή
881 2822 1111 2893 φιλτάτη
1128 2821 1237 2892 (65)
1255 2862 1270 2888 ,
1293 2822 1387 2875 καὶ
1407 2821 1587 2893 γάμου
1605 2822 1817 2895 καιρὸς,
1844 2824 1936 2877 καὶ
1952 2823 2072 2895 βίου

501 2914 738 2983 κρηπὶς,
782 2913 873 2964 καί
916 2910 1164 2982 πατέρων
1203 2911 1359 2981 εὐχαὶ
1406 2910 1814 2984 πληρούμεναι.
1878 2912 2072 2984 Ἡμεῖς

498 3001 557 3053 δὲ
586 3001 850 3069 ἄπεσμεν,
903 2998 998 3064 οὓς
1031 3000 1264 3071 μάλιστα
1281 3003 1549 3072 κπαρεῖναι
1582 3002 1678 3055 καὶ
1716 3000 2069 3071 συνεύχεσθαι

500 3091 706 3144 δίκαιον
741 3087 829 3161 ἦν.
866 3091 972 3144 Καί
1005 3108 1087 3144 τοι
1120 3092 1214 3145 καὶ
1249 3092 1584 3163 ὑπεσχόμην,
1612 3092 1674 3145 τὸ
1700 3092 1808 3165 γάρ
1834 3090 2073 3156 ἐλπίζειν

502 3182 644 3252 ὑπῆν
669 3182 746 3252 τῷ
776 3181 977 3234 ποθεῖν⁸
1013 3182 1192 3237 ἱκανὸν
1222 3181 1327 3254 γὰρ
1361 3183 1440 3244 είς
1470 3183 1685 3254 ἀπάτην
1719 3183 1829 3255 (64)
1857 3183 1918 3236 τὸ
1949 3182 2076 3253 βού-

504 3272 708 3327 λεσθαι.
740 3273 849 3327 Καὶ
876 3274 1132 3338 πολλάκις
1159 3273 1256 3343 μὲν
1284 3273 1552 3343 ὁρμήσας,
1570 3273 1831 3338 πολλάκις
1853 3273 1909 3325 δὲ
1941 3289 2073 3326 κατ-

502 3366 758 3435 οκνήσας,
791 3364 941 3427 τέλος
983 3365 1220 3437 ἡττήθην
1253 3365 1345 3435 τῆς
1401 3363 1708 3436 ἀρρωστίας
1737 3364 1870 3434 (65).
1894 3363 2077 3417 Ἀλλοι

510 3455 608 3524 μὲν
640 3451 732 3508 οὖν
765 3454 1100 3509 καλείτωσαν
1143 3455 1352 3526 ἔρωτας
1388 3454 1598 3526 (ἐπειδὴ
1633 3454 1867 3524 γαμικὸν
1897 3454 1991 3507 καὶ
2017 3452 2081 3506 τὸ

508 3546 783 3618 παίζειν).
836 3548 930 3600 καὶ
974 3546 1240 3619 παρθένου
1294 3547 1490 3612 κάλλος
1534 3546 1898 3618 γραφέτωσαν
1924 3585 1939 3609 ,
1987 3546 2081 3602 καὶ

508 3635 741 3707 νυμφίου
782 3634 941 3706 χάριν
975 3635 1453 3706 άντεγειρέτωσαν,
1490 3634 1584 3690 καὶ
1614 3634 1956 3706 βαλλέτωσαν
1992 3635 2081 3689 λό-

511 3742 627 3793 γοις
656 3725 794 3795 μετὰ
833 3724 941 3777 τῶν
985 3725 1160 3779 άνθῶν
1206 3726 1316 3796 (66)
1351 3725 1449 3790 τάς
1494 3726 1792 3789 παστάδας.
1843 3724 1983 3794 Ἐγὼ
2024 3725 2082 3779 δὲ

511 3815 640 3885 ὑμῖν
664 3815 921 3885 προσᾲσω
941 3815 1050 3883 (07)
1073 3815 1164 3867 τὸν
1185 3816 1314 3886 ὲμδν
1335 3815 1709 3887 ἐπιθαλάμιον.
1732 3816 2083 3886 Εὐλογήσαι

511 3902 668 3970 ὑμᾶς
694 3905 902 3972 Κύριος
926 3904 993 3957 ἐκ
1022 3904 1193 3969 Σιὼν,
1224 3906 1317 3959 καὶ
1350 3906 1506 3970 αὐτὸς
1539 3906 1776 3977 ἁρμόσαι
1802 3906 1900 3977 τὴν
1928 3906 2088 3970 συζυ-

515 3993 659 4062 γίαν,
695 3994 794 4046 καὶ
842 3993 993 4060 ἴδοις
1028 3994 1195 4061 υἱοὺς
1233 3993 1353 4048 τῶν
1395 3995 1541 4051 υἱῶν
1587 4012 1725 4059 σου,
1768 3996 1828 4049 οὐ
1872 3996 2004 4050 πολὺ
2040 3995 2085 4049 δ’

516 4086 709 4147 εἰπεῖν,
733 4084 814 4137 ὅτι
840 4084 931 4137 καὶ
957 4085 1292 4156 κρείσσονας.
1320 4085 1491 4138 Τοῦτο
1517 4086 1610 4140 καὶ
1632 4085 1821 4157 παρὼν
1848 4085 2086 4157 ἐπηυξά-

523 4191 630 4245 μην
681 4174 747 4228 ἂν
796 4175 944 4245 ύμῖν,
968 4176 1059 4228 καὶ
1108 4175 1200 4228 νῦν
1253 4176 1577 4247 ἐπεύχομαι.
1625 4175 1804 4232 Τάλλα
1855 4176 1911 4229 δὲ
1959 4176 2088 4246 ὑμῖν

523 4265 752 4335 μελέτω,
795 4266 889 4320 καὶ
934 4266 1276 4335 στεφανούτω
1315 4267 1518 4336 πατὴρ,
1551 4266 1626 4330 ὡς
1666 4265 1887 4337 ηὔξατο.
1921 4265 2091 4319 Τοῦτο

521 4357 630 4426 γάρ
659 4358 754 4411 καὶ
774 4358 827 4410 εί
846 4374 947 4410 που
976 4358 1172 4428 γάμοις
1201 4358 1675 4431 παραγεγόναμεν,
1710 4354 2088 4425 ἐτυπώσαμεν·

524 4448 743 4501 ἐκείνων
766 4448 864 4519 μὲν
883 4444 1021 4502 εἶναι
1043 4450 1167 4513 τοὺς
1195 4450 1508 4519 στεφάνους,
1535 4447 1691 4519 ἡμῶν
1710 4447 1768 4500 δὲ
1789 4446 1885 4510 τὰς
1908 4447 2090 4517 εὐχὰς,

524 4538 590 4603 ἃς
620 4535 737 4592 οἶδα
765 4538 839 4610 μὴ
870 4539 1051 4603 τόποις
1085 4540 1428 4611 ὁριζομένας.

2164 2888 2171 2891 ν
2246 2825 2447 2897 Evopia
2476 2827 2875 2895 amantissima,
2905 2835 2958 2884 et
2985 2826 3227 2883 nubendi
3265 2833 3502 2897 tempus,
3529 2833 3586 2882 et
3618 2826 3741 2881 vitae

2176 2915 2616 2982 fundamentum,
2660 2925 2715 2974 et
2747 2927 3038 2988 parentum
3077 2924 3204 2973 vota
3239 2917 3471 2988 expleta.
3503 2915 3614 2972 Nos
3642 2931 3739 2971 au-

2176 3010 2286 3059 tem
2308 3003 2592 3069 absumus,
2630 3021 2771 3076 quos
2812 3005 3050 3061 maxime
3090 3004 3284 3061 adesse
3321 3018 3386 3059 ac
3422 3005 3583 3060 simul
3614 3011 3739 3060 vota

2180 3093 2362 3149 facere
2414 3097 2723 3164 oportebat.
2780 3095 2925 3161 Quin
2977 3096 3031 3151 id
3086 3110 3304 3166 quoque
3364 3095 3741 3165 promiseram,

2180 3183 2447 3253 siquidem
2491 3185 2779 3255 cupiditati
2818 3200 2945 3255 spes
2991 3185 3214 3241 suberat
3251 3203 3266 3240 :
3306 3200 3559 3256 magnam
3597 3186 3742 3240 enim

2178 3273 2247 3327 ad
2293 3272 2588 3329 fallendum
2638 3275 2747 3330 vim
2786 3275 2951 3330 habet
2978 3275 3182 3345 aliquid
3224 3275 3379 3330 velle.
3416 3276 3593 3344 Atque
3629 3274 3747 3345 ipse

2178 3364 2423 3435 quidem,
2469 3380 2594 3419 cum
2646 3380 2789 3434 saepe
2833 3364 3106 3436 proﬁcisci
3155 3380 3459 3435 parassem,
3495 3380 3559 3419 ac
3605 3380 3749 3435 sa'pc

2180 3469 2398 3509 rursum
2425 3462 2719 3510 cunctatus
2749 3470 2951 3521 essem,
2981 3455 3198 3511 tandem
3247 3470 3279 3509 a
3301 3456 3491 3510 morbo
3522 3470 3749 3525 supcra-

2182 3552 2272 3601 tus
2305 3559 2447 3600 sum.
2478 3544 2583 3600 Alii
2615 3545 2781 3615 igitur
2800 3559 3015 3599 amores
3046 3551 3242 3599 vocent
3287 3543 3749 3615 (quandoquidem

2182 3634 2387 3705 nuptiis
2425 3643 2831 3692 consentaneus
2879 3643 2964 3692 est
3020 3635 3218 3707 lusus),
3272 3648 3338 3691 ac
3367 3634 3595 3706 virginis
3629 3634 3751 3705 pul-

2182 3726 2546 3783 chritudinem
2579 3729 2826 3798 pingant,
2875 3726 3174 3796 sponsique
3204 3719 3542 3783 venustatem
3593 3724 3753 3780 vicis-

2184 3817 2288 3872 sim
2320 3817 2593 3883 attollant,
2622 3818 3033 3887 thalamumque
3062 3824 3120 3871 ut
3159 3815 3410 3879 ﬂoribus.
3440 3816 3512 3869 ita
3548 3828 3753 3869 sermo-

2184 3908 2350 3963 nibus
2390 3915 2774 3978 conspergant.
2823 3906 2936 3978 Ego
2970 3921 3100 3961 vero
3130 3906 3374 3978 nuptiale
3420 3919 3597 3959 meum
3626 3917 3753 3957 car-

2186 4012 2309 4052 men
2365 3998 2523 4053 vobis
2574 3998 2818 4053 accinam
2856 4012 2871 4049 :
2915 3997 3204 4052 Bcncdicat
3253 4012 3341 4050 vos
3382 3994 3640 4049 Dominus
3689 4008 3754 4047 ea:

2189 4086 2402 4153 Sion“;
2430 4094 2595 4157 atque
2629 4086 2743 4157 ipse
2764 4087 3171 4142 matrimonium
3204 4086 3497 4140 concinnet
3528 4099 3541 4135 :
3576 4083 3647 4137 Et
3672 4083 3753 4136 vi-

2188 4178 2314 4233 deas
2350 4177 2748 4247 ﬁlios-ﬁliorum
2777 4186 2986 4231 tuorum
3022 4177 3086 4243 ";
3114 4190 3249 4247 pene
3296 4174 3505 4236 addidi,
3537 4181 3594 4228 te
3617 4187 3755 4244 quos

2189 4286 2297 4340 que
2327 4270 2584 4326 meliores
2636 4284 2701 4324 ac
2733 4268 3162 4341 praestantiores.
3216 4265 3331 4322 Hoc
3375 4274 3429 4321 et
3476 4264 3651 4328 vobis,
3708 4263 3757 4319 si

2193 4362 2463 4427 adessem,
2506 4378 2785 4428 orasscm;
2834 4369 2889 4415 et
2933 4375 3081 4415 nunc
3133 4366 3283 4430 opto.
3334 4358 3543 4414 Caetera
3574 4362 3757 4411 autem

2193 4451 2352 4506 vobis
2400 4466 2548 4504 curae
2578 4452 2709 4512 sint,
2737 4464 2801 4503 ac
2826 4456 2981 4521 pater
3007 4448 3172 4503 llliam
3204 4448 3357 4503 vittis
3389 4446 3661 4507 redimiat.
3700 4452 3761 4497 ut

2121 4532 2167 4588 D
2201 4540 2428 4608 optavit.
2466 4540 2577 4594 Iloc
2616 4541 2784 4604 enim,
2833 4547 2887 4596 et
2933 4541 3095 4596 sicuti
3146 4539 3354 4610 nuptiis
3390 4536 3758 4600 interfuimus,

527 4630 989 4700 praeseripsimus;
1058 4648 1250 4703 nempe
1320 4634 1563 4704 ipsorum
1630 4645 1863 4687 coronas
1890 4646 2032 4697 esse,
2075 4641 2325 4688 nostrum
2389 4643 2573 4689 autem
2612 4650 2735 4692 esse
2779 4651 2990 4706 preces,
3039 4649 3176 4705 quas
3221 4635 3336 4691 scio
3376 4633 3511 4688 locis
3541 4627 3760 4686 minime

527 4725 777 4781 delinitas
798 4741 861 4780 ac
890 4726 1358 4799 circumscriptus.

632 4902 674 4933 ³³
723 4903 867 4959 Psal.
903 4920 1109 4968 cxxvu,
1141 4905 1195 4960 5.
1274 4906 1316 4938 ¹¹⁵
1354 4905 1486 4961 ibid.
1519 4907 1572 4961 6.

598 5077 711 5159 (59)
747 5077 999 5134 Μᾶλλον
1046 5075 1218 5151 ὦμεν.
1271 5079 1379 5135 Pro
1433 5074 1590 5159 diu.“
1651 5078 1767 5134 [ιλιι.
1838 5077 2091 5149 proponit

531 5150 786 5218 ἐρῶμεν,
856 5166 1048 5220 nosque
1092 5150 1275 5205 mutuo
1334 5150 1525 5220 majori
1582 5165 1758 5204 amore
1812 5164 2096 5218 prosequa-

532 5233 667 5271 mur.

602 5285 712 5355 (60)
738 5289 1224 5361 "purpurabant.
1256 5290 1390 5345 Cod.
1423 5286 1894 5361 πραγματεύηται,
1942 5296 2096 5354 atque

532 5354 588 5408 id
610 5354 732 5420 agat
765 5354 824 5409 ac
847 5354 1100 5412 moliatur
1132 5360 1286 5414 Deus.

604 5424 713 5493 (δι)
756 5427 1061 5494 Τιμιότητι.
1093 5428 1347 5483 Nonnulli
1368 5427 1530 5483 codd.
1561 5441 1623 5481 ac
1649 5421 1892 5494 Combel.
1918 5422 2094 5494 λογιό-

528 5492 673 5568 τητι,
707 5494 774 5546 ad
806 5492 1054 5568 uestram
1078 5499 1403 5567 facundiam.
1454 5496 1597 5561 Mox,
1635 5512 1731 5568 pro
1764 5492 1890 5563 περὶ
1922 5492 2094 5562 ὑμῶν,

526 5560 939 5638 Bill;Aproponit
966 5560 1311 5638 ύπὲργύμῶν.

601 5630 711 5700 (62)
759 5630 906 5688 Alias
972 5630 1201 5691 CLXXII
1280 5638 1490 5709 Scripta
1547 5636 1733 5692 eodem
1783 5630 1920 5687 forte
1963 5639 2100 5684 tem-

532 5717 678 5770 pore.

2105 4817 2174 4838 ἣν

2266 5071 2672 5155 (gilium:th
2697 5068 2737 5135 ἡ
2767 5064 3042 5138 φιλτάτη.
3068 5062 3189 5117 Bill.
3223 5061 3422 5132 Eoopia
3452 5063 3527 5116 lui
3557 5076 3760 5116 amores

2195 5142 2506 5283 πῶἰςσέίῗξ
2541 5206 2798 5276 ἀπάτην.
2848 5204 2984 5261 Cod.
3016 5202 3180 5266 2022,
3211 5208 3264 5256 et
3285 5198 3350 5253 li.
3398 5202 3477 5263 εἰς
3522 5198 3760 5269 ἀγάπηνς

2193 5279 2598 5334 αάάιίιαηάαηι.

2263 5350 2375 5417 (65)
2436 5346 2730 5416 Ἡττήθην
2772 5344 2879 5413 τῆς
2932 5341 3285 5413 ἁῤῥωστίας.
3351 5336 3761 5395 Comheiisius:

2192 5418 2376 5473 Morbo
2404 5417 2667 5472 succubui.

2263 5488 2372 5568 (66)
2406 5486 2594 5568 Μετὰ,
2613 5483 2983 5568 τῶνλᾴνθῶν.
3021 5482 3098 5536 ita
3133 5477 3257 5534 cod.
3306 5484 3361 5532 et
3416 5474 3664 5534 Combel‘.
3706 5475 3766 5529 in

2194 5552 2327 5612 edit.
2355 5552 2499 5612 ’μετὰ
2529 5554 2634 5608 τῶν
2665 5552 2889 5607 ἀνθέων.

2267 5574 2327 5611 ιι.
2403 5574 2499 5609 ετα
2529 5574 2634 5608 των
2665 5574 2889 5607 ανυεων.

2267 5574 2722 5767 (67ἕηροσᾴσω.
2748 5623 2821 5676 Ita
2851 5621 2971 5676 cod.
3009 5618 3160 5683 “05,
3191 5632 3252 5673 ac
3272 5616 3518 5672 Combel.
3546 5614 3607 5670 In
3635 5615 3764 5670 edit.

2267 5712 2346 5748 >06
2388 5710 2511 5747 οων.

2208 5710 2511 5767 προσᾳσων.
