4162 6420
473 429 580 483 387
1715 425 1770 479 S.
1815 425 2143 483 GREGORII
2185 427 2537 484 THEOLOGI
3632 435 3736 491 583

475 543 544 597 de
587 555 648 595 re
697 537 995 609 conqueri,
1047 551 1225 606 neque
1266 535 1486 598 dolere,
1528 536 1624 590 sed
1656 535 2041 603 Providentiae,

2166 541 2256 593 καὶ
2313 541 2419 610 πρὸ
2470 539 2564 593 τοῦ
2620 539 2822 611 πρᾶξαι
2865 539 2924 592 τὸ
2978 541 3284 610 πρακτέονο
3341 543 3485 597 οὕτω
3526 546 3634 617 γὰρ
3674 552 3738 622 δὴ

474 631 958 702 quantulacunque
1017 629 1230 682 demum
1264 629 1357 690 sit,
1389 628 1589 697 gratias
1638 643 1834 698 agere;
1866 638 2047 700 tegere

478 739 623 794 saepe
653 737 847 776 causas
892 734 1076 774 eorum
1097 759 1110 779 ,
1141 733 1263 786 qum
1313 718 1476 783 liant;
1523 719 1751 774 minime
1789 735 1917 773 vero
1948 735 2042 774 ne-

483 815 677 884 gligas,
708 810 848 880 quod
881 818 984 862 tua:
1014 808 1301 878 dignitatis
1335 811 1423 874 sit,
1459 809 1524 864 ad
1561 825 1724 879 quam
1760 811 1844 862 l'ac
1875 810 2052 878 respio

477 905 614 966 cias,
650 909 938 970 antequam
971 899 1272 968 quidquam
1306 898 1462 952 dicas
1497 909 1590 952 aut
1620 914 1770 968 agas.
1802 901 1879 952 lla
1911 899 2054 952 enim

480 995 590 1058 fiet,
625 1001 683 1045 ut
724 992 930 1044 nullius
963 999 1017 1044 te
1066 991 1197 1043 dicti
1233 1006 1412 1060 neque
1449 990 1574 1044 facti
1610 1008 1848 1057 unquam
1885 992 2058 1062 pumi-

477 1091 602 1136 teat.
630 1079 800 1134 Velim
830 1079 911 1133 sic
940 1079 1225 1134 existimes
1256 1087 1307 1133 te
1342 1094 1451 1133 non
1485 1081 1730 1134 externis
1769 1079 2060 1134 indumen-

477 1173 549 1226 tis
578 1171 853 1226 decorari.
884 1170 1169 1224 Genuinas
1203 1186 1266 1224 ac
1291 1169 1496 1226 solidas
1517 1185 1651 1237 opes
1681 1171 1896 1233 habeto,
1925 1185 2060 1240 pau-

476 1276 666 1314 carum
710 1275 894 1314 rerum
930 1259 1287 1328 indigentiam
1330 1268 1494 1329 atque
1526 1259 1918 1328 frugalitatem.
1955 1259 2047 1313 So-

480 1352 602 1405 lidze
627 1352 826 1421 quippe
857 1351 1061 1405 divitiae
1084 1367 1193 1405 non
1222 1352 1276 1404 in
1304 1366 1370 1405 eo
1396 1351 1515 1405 sila:
1538 1359 1689 1417 sunt,
1717 1351 1861 1420 quod
1891 1352 2058 1404 multa

481 1443 798 1514 possideas;
853 1443 946 1496 sed
986 1443 1038 1496 in
1092 1443 1231 1508 hoc,
1283 1442 1430 1513 quod
1485 1443 1652 1497 rebus
1706 1443 1895 1497 multis
1951 1457 2059 1496 non

479 1548 663 1604 egeas.
714 1532 829 1586 lloc
863 1537 1009 1588 enim
1057 1533 1111 1587 in
1155 1542 1207 1588 te
1258 1534 1376 1603 ipsa
1433 1544 1551 1597 est;
1604 1533 1739 1586 illud
1793 1533 1847 1587 in
1898 1535 2062 1589 rebus

481 1621 736 1675 externis.
789 1620 897 1674 Fac
937 1625 1182 1675 animum
1215 1638 1516 1692 componas
1553 1624 1834 1692 aequitate,
1882 1640 2062 1679 mores

482 1711 768 1774 modestia,
805 1712 1049 1782 linguam
1096 1713 1573 1785 breviIOqucntia;
1605 1720 1768 1782 atque
1800 1713 1875 1766 ita
1905 1729 2060 1778 cura,

482 1811 544 1857 ut
571 1819 735 1858 ornes
770 1812 934 1874 caput
977 1805 1354 1874 operimentis,
1389 1806 1685 1875 supercilia
1724 1807 2064 1861 contractio-

2165 627 2317 681 ἔσται
2359 645 2440 681 σοι
2484 629 2590 680 πᾶν
2620 629 2680 680 τὸ
2717 627 2900 697 ῥηθὲν,
2937 627 2969 697 ἢ
3004 629 3248 698 πραχθὲν
3298 630 3738 704 ἀμεταμέλητον.

2163 718 2531 787 Εὺσχημονεῖν
2578 717 2712 787 ἡγοῦ
2763 717 2836 788 μὴ
2878 720 2989 780 τοῖς
3031 718 3230 781 ἔξωθεν
3278 723 3741 794 προκαλύμμασι,

2163 807 2390 860 πλοῦτον
2435 810 2621 877 νόμιζε
2694 809 2916 877 γνήσιον
2984 810 3078 861 καὶ
3131 808 3348 878 βέϐαιον
3407 811 3504 882 τὴν
3561 813 3741 884 ὀλιγό-

2163 896 2308 950 δειαν
2329 915 2342 928 ⁸
2377 898 2436 950 οὐ
2467 899 2575 968 γὰρ
2609 899 2666 949 ἐν
2713 897 2789 967 τῷ
2838 897 3005 951 πολλὰ
3047 900 3350 970 κεκτῆσθαι
3383 902 3445 954 τὸ
3492 903 3740 957 πλουτεῖν

2165 988 2281 1038 ἐστι
2322 987 2572 1057 βεϐαίως,
2611 987 2746 1040 ἀλλὰ
2779 987 2857 1057 τῷ
2905 987 2977 1058 μὴ
3018 989 3229 1043 πολλῶν
3266 991 3494 1046 δεῖσθαι.
3530 993 3603 1046 Τὸ
3641 995 3741 1065 μὲν

2163 1078 2272 1148 γὰρ
2305 1077 2398 1130 ἐπὶ
2444 1079 2559 1140 σοὶ,
2586 1078 2646 1131 τὸ
2683 1079 2739 1132 δὲ
2791 1079 2897 1131 τῶν
2940 1079 3156 1145 ἔξωθεν.
3207 1081 3462 1152 Ῥύομιζε
3515 1085 3604 1136 τὸν
3644 1086 3742 1156 μὲν

2164 1169 2364 1238 τρόπον
2398 1169 2690 1240 ἐπιεικείᾳ,
2717 1170 2776 1223 τὸ
2800 1170 2855 1222 δὲ
2885 1167 3016 1240 ἦθος
3046 1173 3336 1245 ἀταραξίᾳ,
3360 1175 3456 1245 τὴν
3485 1175 3541 1228 δὲ
3571 1175 3744 1244 γλῶτ-

2163 1277 2262 1312 ταν
2292 1259 2644 1332 βραχυλογίᾳ.
2679 1261 2778 1314 Διὰ
2817 1262 2874 1314 δὲ
2909 1262 3116 1314 τούτων
3152 1266 3346 1335 κόσμει
3375 1267 3474 1336 τὴν
3499 1265 3740 1337 κεφαλὴν
3843 1265 3846 1270 ’

2165 1350 2242 1420 τῷ
2275 1352 2518 1415 σκέπειν,
2545 1353 2645 1416 τὰς
2683 1353 2737 1406 δὲ
2775 1353 2947 1424 ὀφρῦς
2983 1354 3061 1424 τῷ
3095 1357 3534 1426 κατεσταλμένις
3574 1357 3736 1426 ἔχειν,

2166 1446 2290 1508 τοὺς
2333 1445 2388 1498 δὲ
2425 1444 2737 1515 ὀφθαλμοὺς
2775 1445 2853 1515 τῷ
2897 1447 3159 1508 συνιδεῖν,
3198 1448 3292 1499 καὶ
3331 1449 3570 1517 κοσμίως
3618 1448 3738 1516 βλέ-

2169 1555 2312 1598 πειν,
2348 1537 2410 1589 τὸ
2437 1537 2492 1589 δὲ
2532 1537 2704 1606 στόμα
2736 1537 2814 1605 τῷ
2843 1537 3010 1607 μηδὲν
3050 1539 3314 1608 ἀπρεπῶς
3355 1538 3558 1604 λαλεῖν,
3585 1539 3651 1590 τὰ
3683 1539 3739 1590 δὲ

2167 1622 2281 1680 ὦτα
2312 1628 2387 1698 τῷ
2417 1628 2562 1697 μόνῳ
2582 1631 2692 1691 τοῖς
2725 1627 3033 1690 σπουδαίοις
3061 1629 3302 1698 ὑπέχειν,
3336 1628 3555 1698 σύμπαν
3591 1629 3647 1680 δὲ
3680 1628 3740 1679 τὸ

2171 1717 2460 1787 πρόσωπον
2487 1715 2564 1786 τῷ
2606 1716 2664 1782 ἐξ
2707 1715 2889 1779 αἰδοῦς
2925 1716 3198 1787 χρώματι.
3238 1719 3324 1769 Ἐν
3352 1719 3484 1770 πᾶσι
3522 1717 3598 1777 δὲ,
3644 1715 3738 1768 καὶ

2169 1806 2257 1860 διὰ
2286 1807 2502 1860 πάντων
2548 1806 2788 1874 φύλασσε
2837 1809 3069 1877 σεαυτὴν
3097 1807 3414 1877 ἁμόλυντον,
3463 1805 3651 1875 ὥσπερ
3685 1823 3737 1856 τι

482 1911 572 1958 ne,
604 1897 795 1951 oculos
829 1897 1075 1950 modeste
1115 1896 1338 1960 intuitu,
1384 1912 1480 1950 ora
1530 1897 1747 1951 decenti
1787 1912 2058 1962 sermone,

2169 1895 2453 1966 κειμήλιον
2501 1894 2794 1962 ἄψαυστον.
2845 1894 3064 1963 Κόσμος
3093 1892 3200 1962 γὰρ
3242 1893 3468 1953 οἰκεῖος,
3514 1890 3739 1960 πρέπων

482 2003 642 2042 aures
696 1988 909 2042 honesti
961 1990 1228 2042 duntaxat
1289 1990 1563 2044 sermonis
1618 1988 1844 2054 auditu;
1895 1997 2062 2042 totam

480 2079 717 2147 denique
745 2079 936 2132 faciem
971 2093 1036 2130 eo
1069 2078 1275 2140 colore,
1307 2079 1399 2148 qui
1440 2078 1827 2132 verecundiam
1861 2093 1970 2146 pra:
2005 2093 2064 2131 se

479 2169 638 2223 ferat.
677 2169 736 2222 In
789 2169 1048 2223 omnibus
1083 2180 1263 2222 autem
1312 2178 1366 2222 et
1412 2185 1505 2238 per
1530 2169 1713 2222 omnia
1767 2168 1852 2221 fac
1894 2177 2062 2223 temet

480 2260 653 2327 ipsam
718 2259 978 2312 intuetam
1036 2260 1361 2324 custodias,
1425 2260 1502 2312 uti
1567 2275 1682 2314 rem
1740 2257 2059 2327 pretiosam.

481 2350 878 2404 Ornamentum
935 2352 1081 2404 enim
1141 2351 1431 2405 mulierum
1481 2351 1798 2420 proprium,
1871 2350 2062 2418 eisque

482 2443 716 2496 maxime
747 2443 1079 2496 conveniens
1103 2451 1186 2496 est
1220 2443 1611 2505 sanctimonia,
1643 2442 1877 2495 castitas
1902 2449 2066 2510 atque

2168 1983 2403 2053 γυναιξὶ,
2453 1985 2751 2054 σεμνότης,
2801 1985 3110 2045 εὐστάθεια,
3151 1981 3492 2054 σωφροσύνη.
3519 1980 3741 2052 Τρυφὴν

2169 2077 2358 2145 νόμιζε
2410 2075 2704 2146 καλλίστην
2757 2075 2891 2145 ὁμοῦ
2948 2076 3042 2128 καὶ
3089 2075 3329 2145 ῥᾴστην,
3369 2073 3466 2142 τὴν
3508 2070 3739 2144 χρειώδη

2165 2169 2401 2239 τροφήν·
2455 2167 2594 2236 αὕτη
2624 2167 2731 2238 γὰρ
2780 2168 2872 2220 καὶ
2905 2166 3026 2219 καθ’
3081 2165 3275 2235 ἑαυτὴν
3325 2162 3617 2232 ἐπαινετὴ,
3650 2161 3740 2214 καὶ

2169 2261 2307 2332 πρὸς
2332 2261 2424 2314 τὸν
2452 2262 2509 2313 ὲν
2541 2259 2862 2330 σωφροσύνη
2897 2259 3006 2328 βίον
3036 2258 3247 2328 αἱρετὴ,
3270 2256 3365 2309 καὶ
3391 2254 3525 2324 πρὸς
3557 2252 3741 2321 ὑγείαν

2168 2352 2387 2421 ἀρίστη,
2430 2351 2524 2403 καὶ
2546 2349 2913 2420 συμμετρίαν,
2952 2348 3046 2401 καὶ
3075 2349 3173 2418 τὴν
3203 2347 3371 2416 ἄλλην
3425 2342 3740 2413 εὐκοσμίαν,

2171 2442 2264 2493 καὶ
2298 2441 2548 2493 παιδείαν
2584 2441 2685 2492 οὑκ
2719 2439 2993 2509 ἀνόνητος.

483 2531 766 2584 modestia.
815 2529 1050 2584 Delicias
1097 2531 1499 2600 pulcherrimas
1534 2531 1695 2584 simul
1741 2542 1793 2584 et
1841 2538 2158 2599 comparatu
2211 2528 2499 2584 facillimas
2539 2528 2730 2582 ducito
2813 2527 3077 2595 l'rugalcm
3145 2525 3389 2589 victum;
3456 2523 3547 2578 hic
3597 2520 3741 2577 enim

489 2637 616 2673 eum
659 2622 773 2690 ipse
822 2638 918 2690 per
947 2638 1005 2676 se
1054 2623 1344 2678 laudabilis
1391 2635 1494 2688 est,
1547 2631 1658 2675 tum
1701 2621 1768 2674 ad
1811 2621 2088 2677 moderate
2127 2621 2415 2676 vivendum
2466 2620 2754 2690 optabilis,
2796 2627 2910 2673 tum
2955 2617 3119 2673 saluti
3160 2617 3395 2672 maxime
3431 2613 3741 2674 conferens,

483 2721 539 2765 et
569 2711 789 2781 reliqua?
833 2715 1205 2782 temperantia:
1233 2725 1286 2768 et
1332 2713 1614 2768 modestia:
1656 2725 1927 2783 rectaque
1967 2713 2274 2782 disciplina:
2310 2729 2420 2766 non
2455 2712 2686 2766 inutilis.

504 2900 3732 2930 W31

1822 3072 2397 3166 MONITUM

1427 3287 1524 3348 DE
1567 3287 1833 3348 SANCTI
1872 3287 2246 3347 GREGORII
2288 3288 2787 3350 TESTAMENTO

573 3613 916 3686 199200
960 3613 1199 3693 Prodiit
1244 3611 1515 3693 primum
1552 3613 1765 3674 Graece
1788 3613 2262 3693 Testamentum
2296 3613 2463 3675 istud
2495 3631 2663 3676 anno
2691 3613 2862 3688 1583,
2895 3615 3194 3678 Barnabaa
3232 3615 3533 3678 Brissonii
3570 3635 3740 3693 cura,

490 3695 598 3755 lib.
621 3712 709 3754 vn
729 3695 818 3773 De
833 3691 1145 3773 for-mulis,
1171 3691 1312 3770 pag.
1337 3691 1715 3773 760.1.vero
1739 3691 2130 3773 Sirmondus,
2157 3692 2316 3753 duos
2333 3700 2564 3773 nactus
2595 3694 3064 3773 antiquissimos
3091 3695 3396 3773 Yatieanaa
3417 3691 3746 3759 bibliothe-

489 3790 579 3835 cae
601 3771 1054 3843 r'odices,idem
1066 3772 1526 3849 Testamentum
1538 3772 1750 3831 Graece
1773 3771 2119 3849 accuratius
2144 3772 2428 3833 etLatine
2458 3771 2768 3834 redditum
2791 3771 3078 3849 vulgan't.
3099 3771 3248 3834 'Suis
3283 3774 3466 3834 etiam
3478 3774 3742 3836 Annali-

491 3851 602 3912 bus
637 3851 904 3911 inseruit
931 3849 1234 3929 Baronius
1264 3847 1410 3928 (25),
1439 3848 2015 3929 abobjectionibus
2052 3849 2456 3924 vindicatum,
2493 3850 2872 3929 scholiisque
2903 3847 3295 3913 illustratum.
3328 3854 3498 3929 Sunt
3536 3860 3744 3916 tamen

490 3930 598 4010 qui
629 3929 918 4010 dubitent
956 3945 1036 4010 an
1075 3927 1387 4010 sincerum
1407 3927 1493 4010 _sit
1517 3927 1801 4010 Gregorii
1831 3933 2330 4010 monumentum.
2363 3927 2993 4010 HosuinterAndreas
3018 3931 3270 4010 Rivetus
3317 3927 3495 4009 (25"),
3526 3948 3602 3992 ex
3629 3932 3744 3993 he-

485 4005 830 4089 (erodoxis.
877 4031 904 4062 «
955 4007 1024 4068 Id
1071 4024 1220 4067 sane
1270 4005 1696 4089 mihi_mirum
1745 4005 1944 4089 visum
1982 4014 2098 4078 est,
2126 4006 2354 4084 inquit,
2385 4007 2615 4089 si_illud
2647 4008 2736 4089 _sit
2773 4009 3056 4086 Gregorii
3081 4005 3545 4089 Testamentum
3575 4010 3746 4089 quod

487 4086 1090 4166 theologusutantus,
1141 4091 1203 4145 et
1247 4085 1340 4145 vir
1377 4082 1536 4166 adeo
1583 4090 1858 4166 sanctus,
1891 4084 1956 4144 in
1985 4082 2320 4166 postrema;
2358 4085 2694 4149 voluntatis
2727 4082 3077 4159 testatione,
3126 4104 3207 4148 ne
3253 4088 3444 4150 verbo
3491 4082 3747 4166 quidem

488 4161 757 4242 attigerit
794 4164 978 4225 vitam
1020 4170 1400 4243 anteacta_m,_
1421 4161 1619 4243 fidem
1643 4169 1705 4223 et
1732 4161 2022 4239 dogmata
2051 4180 2192 4241 quae
2224 4162 2544 4239 docuerat,
2575 4166 2643 4226 in
2673 4181 2901 4243 genere
2931 4166 3149 4227 saltem
3177 4183 3307 4227 non
3335 4161 3746 4229 conﬁrmave-

488 4240 752 4332 riu—illo
778 4243 1149 4332 praesertim
1187 4240 1734 4332 “turbulentissime
1776 4240 2090 4332 tempore,
2122 4258 2351 4332 neque
2383 4240 2878 4332 animam'suam
2917 4246 3045 4332 Deo
3097 4246 3627 4307 commendaverit
3670 4245 3748 4307 de

487 4318 943 4402 temporalibus
996 4321 1126 4402 suis
1187 4320 1372 4380 bonis
1423 4318 1774 4402 so_llicitus._
1800 4319 1870 4378 In
1909 4318 2039 4397 quo
2081 4318 2503 4402 etsi__eluceat
2529 4323 2885 4402 sollicitudo
2917 4324 3059 4402 ejus
3095 4340 3240 4399 erga
3277 4340 3587 4402 pauperes
3619 4341 3748 4384 non

488 4397 801 4477 vulgaris,-
834 4399 897 4459 in
951 4397 1107 4459 tanti
1148 4403 1357 4460 tamen
1404 4397 1692 4487 episc0pi
1728 4398 2127 4486 Testamento
2163 4397 2329 4459 aliud
2359 4401 2510 4479 quid
2557 4418 2686 4462 non
2737 4397 2974 4538 inliuria'
3015 4397 3504 4537 eireu'ms'pecius
3551 4401 3750 4462 lector

488 4477 908 4538 reauisiverit.
960 4499 988 4531 »
1032 4477 1346 4537 Hactenus
1389 4478 1665 4538 Rivetus.
1707 4477 1862 4536 Sunt
1907 4484 2092 4536 etiam
2131 4492 2208 4536 ex
2256 4479 2508 4538 nostris.
2556 4480 2664 4538 aui
2687 4497 2765 4538 an
2820 4479 3139 4538 exitimum
3177 4478 3254 4538 sit
3333 4485 3748 4538 estamentum

488 4477 908 4558 requisiverit.
938 4499 989 4558 -ν
1032 4477 1346 4558 Hactenus
1389 4477 1665 4558 Ritfetus.
1707 4477 1862 4558 Sunt
1907 4477 2092 4536 etiam
2131 4492 2208 4536 ex
2238 4477 2508 4558 nostris,
2556 4480 2664 4558 qui
2687 4497 2765 4540 an
2795 4477 3139 4558 legitimum
3177 4478 3254 4558 sit
3283 4477 3748 4558 Testamentum

494 4553 816 4617 dubitent.
856 4578 884 4609 «
938 4553 1156 4616 Nullus
1207 4559 1415 4616 tamen
1463 4553 1790 4616 dubitandi
1839 4553 2040 4628 locus,
2076 4559 2146 4615 ut
2194 4555 2281 4615 ait
2331 4556 2426 4618 vir
2461 4553 3382 4627 doc—tissimus'Tillemontius;
3433 4553 3747 4632 nullaeque

494 4634 874 4713 objiciuntur
901 4634 1194 4713 rationes,
1227 4651 1368 4712 quae
1394 4651 1535 4713 _non
1559 4632 1696 4713 _levi
1733 4649 1926 4713 Opera
1949 4632 2520 4713 possintrefutari.
2558 4659 2585 4690 »
2617 4634 2793 4707 Quod
2830 4639 3038 4713 autem
3076 4649 3309 4713 annum
3347 4639 3408 4694 et
3435 4632 3750 4713 diemdhu-

486 4711 590 4791 jus
641 4711 1018 4791 Testamenti
1057 4711 1317 4790 spectat,
1352 4711 1470 4791 _die
1510 4711 1578 4771 31
1631 4711 1864 4771 mensis
1907 4711 2064 4791 ἓξὲξ-ᾗξὴ
2095 4711 2243 4791 anni
2281 4711 2393 4772 382
2442 4713 2763 4775 conditum
2815 4711 3006 4791 fuisse
3044 4711 3308 4784 videtur,
3353 4729 3497 4773 cum
3544 4711 3749 4791 adhuc

491 4781 1194 4870 ConstantinOpolitahaa
1228 4781 1857 4870 Ecclesiteppraeesset
1893 4781 2250 4867 magnum,
2294 4791 2605 4870 siquidem
2635 4790 3005 4870 subscripsit
3037 4807 3051 4851 :
3119 4781 3463 4868 Gregorius
3505 4790 3746 4870 episco—

487 4890 608 4950 pus
643 4865 960 4930 catholic—w
995 4865 1579 4946 Constantinopolis
1606 4865 1932 4948 Ecclesiw.‘

565 5033 679 5099 (25)
713 5030 869 5101 Tom.
908 5031 998 5094 IV,
1035 5047 1090 5101 p.
1132 5031 1267 5101 592,,
1299 5029 1364 5083 ad
1394 5045 1485 5084 an.
1520 5029 1645 5101 589.

567 5102 703 5174 (25')
735 5099 917 5158 Critic.
955 5099 1098 5156 auc}.
1135 5100 1412 5161 specimen.
1446 5115 1500 5151 n.
1537 5100 1658 5154 503.
