4162 6480
634 380 729 438 Sili

1887 376 1946 429 S.
1989 374 2320 432 GREGORII
2371 373 2711 430 THEOLOGI

3769 385 3866 440 59‘!

703 490 906 545 Servos
950 503 1306 559 quoscunque
1344 489 1426 544 vel
1459 500 1578 542 mea
1612 488 1914 550 voluntate,
1952 489 2035 542 vel
2066 489 2187 541 bea-

2362 491 2498 552 Τοὺς
2518 486 2609 543 οὖν
2629 487 2863 551 οἰκέτας,
2881 487 2975 549 οὓς
2993 487 3103 557 (51)
3129 488 3501 560 ἠλευθέρωσα,
3521 491 3631 546 εἴτε
3655 494 3714 560 ἐξ
3732 499 3867 568 ἐμῆς

634 583 971 637 tissimorum
1028 588 1312 651 parentum
1380 593 1628 633 meorum
1684 578 1941 632 mandato
2000 593 2188 631 manu-

632 672 757 727 misi
791 690 804 726 :
834 672 934 728 hos
963 687 1156 726 omnes
1195 683 1342 724 nunc
1369 669 1534 723 etiam
1565 669 1766 723 liberos
1799 683 2019 723 manere
2047 667 2192 732 volo,

628 771 685 816 et
704 761 915 830 peculia
945 776 1042 815 sua
1086 760 1220 828 ipsis
1250 759 1459 827 alisque
1492 757 1601 810 ullo
1629 757 2017 827 impedimento
2038 756 2194 809 ﬁrma

630 866 964 924 permanere.
1018 849 1148 904 Volo
1188 858 1451 919 praeterea
1499 849 1767 902 haeredem
1813 862 2019 911 meum,
2059 845 2194 901 Gre-

630 943 838 1010 gorium
885 940 1197 1003 diaconum,
1244 954 1351 993 una
1387 953 1513 993 cum
1564 938 1851 994 Eustathio
1900 937 2191 1003 monacho,

628 1032 817 1085 ambos
838 1031 969 1085 olim
997 1046 1027 1084 e
1052 1029 1214 1084 domo
1236 1043 1378 1092 mea,
1398 1029 1682 1097 possidere
1704 1028 1966 1096 praedium
1996 1026 2194 1079 Arian-

626 1136 846 1184 zenum,
875 1121 1021 1189 quod
1071 1135 1136 1174 ex
1180 1116 1414 1190 Rhegini
1456 1119 1616 1174 bonis
1669 1118 1737 1171 ad
1786 1132 1888 1173 nos
1923 1116 2188 1187 pervenit.

623 1209 885 1280 Gregales
924 1225 1055 1265 vero
1102 1225 1273 1280 equas
1320 1219 1373 1266 et
1419 1225 1568 1275 oves,
1614 1215 1879 1280 quotquot
1908 1208 2019 1277 jam
2058 1207 2192 1277 ipsis

628 1313 869 1367 praesens
908 1298 1025 1352 dari
1063 1297 1227 1367 jussi,
1258 1312 1599 1368 quarumque
1638 1297 2025 1366 proprietatem
2057 1295 2189 1364 ipsis

626 1402 695 1441 ac
750 1387 1051 1441 dominium
1096 1387 1329 1453 tradidi,
1370 1388 1470 1442 has
1518 1387 1651 1457 ipsis
1703 1386 1918 1456 quietas
1971 1400 2192 1440 manere

627 1480 775 1543 volo,
800 1479 924 1548 jure
953 1477 1200 1533 dominii.
1232 1478 1336 1532 Per
1373 1478 1792 1549 praeceptionem
1832 1477 1960 1531 item
1985 1474 2190 1547 Grego-

627 1572 769 1626 rium
800 1570 1110 1633 diaconum,
1141 1576 1197 1623 et
1228 1568 1500 1623 baredem
1535 1583 1737 1631 meum,
1772 1566 1863 1636 qui
1900 1567 2033 1621 mihi
2063 1566 2192 1622 lide-

628 1662 750 1718 liter
788 1660 1133 1724 ministravit,
1168 1659 1383 1729 privato
1412 1659 1537 1728 jure
1570 1657 1801 1712 dominii
1832 1657 2034 1712 habere
2066 1657 2191 1711 volo

627 1764 822 1805 aureos
851 1762 1077 1803 numero
1103 1748 1519 1818 quinquaginta.
1555 1746 1839 1801 Russianze
1877 1744 2076 1815 virgini
2098 1761 2192 1800 ve-

2301 580 2688 653 προαιρέσεως,
2710 577 2818 630 εἴτε
2849 577 2907 642 ἐξ
2934 578 3160 631 ἐντολῶν
3177 580 3283 633 τῶν
3311 586 3863 658 μακαριωτάτωνβὲ)

2298 672 2499 740 γονέων
2541 688 2663 740 μου,
2708 670 2926 733 τούτους
2968 670 3174 737 πάντας
3221 671 3481 742 βούλομαι
3530 675 3625 727 καὶ
3661 676 3755 731 νῦν
3786 680 3867 730 ἐπ’

2299 759 2607 830 ἐλευθερίας
2662 759 2865 829 μένειν,
2905 762 2998 814 καὶ
3052 760 3121 812 τὰ
3172 762 3435 817 πεκούλια
3466 766 3649 824 αὐτοῖς
3690 767 3868 823 πάντα

2302 848 2485 918 μένειν
2514 847 2746 917 βεϐαίως
2764 850 2855 901 καὶ
2888 850 3235 920 άνενόχλητα.
3269 854 3390 905 Ἔτι
3420 856 3680 926 βούλομαι
3702 873 3866 911 κατα-

2302 940 2447 1007 σχεῖν
2472 937 2563 990 τὸν
2610 937 2938 1008 κληρονόμον
2970 957 3072 1009 μου
3127 942 3166 992 Γ
3173 943 3427 1014 ρηγόριον
3473 945 3564 998 τὸν
3601 946 3862 1014 διάκονον,

2300 1028 2418 1098 ἅμα
2471 1028 2549 1097 τῷ
2604 1027 2884 1098 μονάζοντι
2944 1031 3252 1103 Εὐσταθίῳ,
3299 1036 3427 1099 τοὺς
3458 1037 3778 1105 γενομένους
3804 1041 3864 1092 ὲκ

2297 1116 2396 1186 τῆς
2426 1117 2602 1180 οἰκίας
2638 1122 2741 1188 μού
2792 1134 2942 1184 ποτε,
2980 1119 3165 1190 κτῆμα
3218 1123 3274 1175 ὲν
3319 1122 3621 1194 Ἀριανζοίς
3646 1125 3778 1196 (35),
3809 1127 3865 1179 τὸ

2297 1208 2361 1259 ὲκ
2388 1206 2496 1259 τῶν
2530 1207 2777 1277 Ῥηγίνου
2810 1207 3067 1262 κατελθὸν
3097 1212 3175 1272 εἰς
3207 1212 3375 1281 ἡμᾶς.
3410 1214 3489 1266 Τὰ
3527 1214 3583 1267 δὲ
3614 1217 3860 1286 φοράδια,

2296 1296 2479 1348 καὶτὰ.
2502 1297 2765 1366 πρόϐατα,
2791 1298 2890 1351 ὅσα
2919 1299 3018 1369 ἠδη
3061 1300 3243 1365 αὐτοῖς
3271 1302 3459 1375 παρὼν
3497 1306 3755 1359 ἐκέλευσα
3783 1307 3863 1361 δο-

2297 1388 2474 1459 θῆναι,
2513 1384 2588 1443 ὦν
2624 1389 2718 1443 καὶ
2757 1391 2855 1459 τὴν
2886 1392 3055 1462 νομὴν
3099 1394 3280 1458 αὐτοῖς
3310 1398 3401 1449 καὶ
3424 1399 3521 1468 τὴν
3550 1399 3860 1454 δεσποτείαν

2296 1478 2610 1549 παρέδωκα,
2639 1478 2809 1531 ταῦτα
2838 1479 3016 1549 μένειν
3038 1482 3220 1545 αὐτοῖς
3252 1485 3581 1557 ἀνενόχλητα
3602 1486 3856 1558 βούλομαι

2295 1569 2609 1631 δεσποτείας
2634 1568 2845 1641 δικαίῳ.
2889 1572 3008 1623 Ἔτι
3039 1570 3094 1623 δὲ
3121 1571 3410 1644 ἐξαιρέτως
3448 1576 3744 1647 Γρηγόριον
3770 1580 3857 1633 τὸν

2295 1659 2537 1713 διάκονον
2554 1660 2646 1713 καὶ
2678 1660 3007 1731 κληρονόμον
3037 1680 3159 1732 μου,
3183 1665 3420 1735 γνησίως
3447 1667 3857 1740 ὑπηρετήσαντα

2300 1766 2411 1820 μοι,
2473 1749 2729 1820 βούλομαι
2798 1755 3089 1821 κατασχεῖν
3147 1754 3260 1824 ἰδίῳ
3312 1754 3625 1819 δεσποτείας
3665 1757 3856 1830 δικαίῳ

627 1838 900 1905 ιιοτιιιιιιαξ,
934 1837 1251 1908 ριόρίηιιυαι
1282 1851 1433 1901 mete,
1465 1848 1612 1891 certa
1638 1834 1883 1905 qua-dam
1922 1836 1977 1889 in
2016 1849 2187 1890 annos

2292 1843 2573 1912 χρυσίνους
2604 1842 2694 1895 τὸν
2714 1843 2945 1915 ἀριθμὸν
2968 1849 3320 1918 πεντήκοντα.
3356 1849 3432 1918 Τῇ
3457 1828 3854 1923 αἱδεσιμωτάτη

627 1930 872 2001 singulos
893 1928 1189 1997 darijussi,
1228 1928 1372 1982 unde
1398 1928 1694 1982 liberaliter
1722 1927 1891 1992 vivat;
1919 1942 2041 1996 quae
2069 1927 2191 1996 qui-

625 2022 748 2076 dem
779 2021 960 2074 omnia
988 2022 1185 2084 eidem.
1212 2018 1668 2090 quemadmodum
1694 2018 2028 2088 praescripsi,
2066 2019 2191 2072 volo

623 2125 690 2164 ac
718 2110 885 2178 jubeo
922 2110 1215 2180 quotannis
1255 2109 1375 2165 sine
1406 2123 1559 2161 mora
1597 2108 1866 2177 praestari.
1905 2106 1981 2163 De
2027 2108 2187 2162 habi—

625 2203 831 2255 talione
864 2209 1043 2255 autem
1090 2208 1203 2254 tum
1235 2198 1455 2268 quidem
1493 2197 1628 2251 nihil
1665 2205 1955 2267 prapterea
1994 2198 2185 2263 statui,

623 2293 766 2365 quod
814 2290 1081 2345 nescirem
1126 2290 1348 2344 ubinam
1396 2288 1515 2357 ipsa
1542 2287 1738 2357 degere
1782 2286 1986 2341 mallet.
2033 2284 2189 2340 Nunc

625 2399 775 2448 vero,
819 2391 873 2437 et
906 2383 1010 2437 hoc
1051 2382 1194 2446 volo.
1243 2396 1572 2451 quocunque
1630 2380 1746 2449 ipsa
1782 2380 1900 2433 loco
1941 2379 2187 2449 elegerit,

626 2475 809 2544 parari
849 2475 896 2529 ei
919 2475 1138 2529 domum
1175 2474 1422 2542 ingenuae
1458 2479 1871 2553 congruentem,
1919 2470 1983 2524 ad
2022 2470 2190 2525 hone-

625 2575 766 2620 stam
802 2565 1030 2634 virginis
1073 2564 1465 2619 habitationem
1503 2583 1515 2617 :
1549 2578 1708 2633 quam
1753 2563 1936 2633 utique
1965 2560 2187 2616 domum

626 2657 745 2711 sine
786 2655 1225 2725 interpellatione
1259 2654 1479 2709 habebit
1512 2654 1629 2722 ipsa
1671 2653 1727 2706 in
1760 2652 2185 2716 usumfructum,

623 2746 806 2817 quoad
861 2747 1057 2800 vixerit
1105 2765 1119 2801 :
1165 2754 1350 2817 postea
1413 2759 1541 2799 vero
1602 2744 1849 2799 restituet
1906 2741 2185 2798 Ecclesiae.

623 2840 760 2894 Addi
789 2847 1046 2910 praeterea
1087 2840 1259 2894 eidem
1295 2838 1415 2892 volo
1457 2838 1669 2908 puellas
1698 2838 1857 2901 duas,
1895 2853 2033 2908 quas
2068 2838 2186 2908 ipsa

622 2932 919 3002 delegerit:
952 2932 1056 2984 hoc
1097 2931 1353 2984 nimirum
1385 2938 1565 3000 pacto,
1598 2937 1657 2983 ut
1700 2944 1824 2983 cum
1865 2944 1927 2984 ea
1969 2944 2186 2985 moren-

625 3032 716 3078 tur
751 3025 941 3093 puellae
968 3038 1140 3093 usque
1171 3022 1300 3077 dum
1344 3023 1488 3077 vivet
1514 3040 1527 3077 :
1559 3030 1614 3077 et
1646 3023 1693 3077 si
1719 3023 1938 3093 quidem
1971 3023 2079 3078 illis
2113 3023 2185 3076 ita

625 3116 802 3171 visum
836 3114 1019 3180 fuerit,
1067 3115 1226 3170 liceat
1257 3112 1361 3184 ipsi
1407 3114 1655 3169 libertate
1686 3130 1780 3169 cas
1827 3114 2054 3176 donare.
2098 3114 2184 3168 sin
2212 3149 2254 3206 ε

625 3210 828 3272 minus,
882 3215 938 3263 et
971 3207 1076 3261 illae
1129 3220 1347 3277 quoque
1397 3206 1462 3259 ad
1510 3204 1805 3262 Ecclesiam
1860 3206 2185 3277 pertineant.

626 3298 985 3369 TheOphilum
1026 3312 1279 3368 puerum,
1309 3296 1401 3366 qui
1444 3311 1656 3351 mecum
1688 3303 1891 3362 manet,
1920 3296 2031 3365 jam
2075 3310 2189 3349 ma-

623 3389 848 3444 nmnisi.
883 3386 1017 3441 Volo
1048 3395 1229 3442 autem
1272 3387 1322 3441 ei
1362 3400 1508 3441 nunc
1536 3386 1699 3442 etiam
1738 3386 1854 3440 dari
1899 3386 2059 3457 legati
2089 3402 2189 3440 no-

624 3484 769 3536 mine
801 3495 1054 3537 nummos
1081 3480 1343 3550 quinque.
1393 3478 1723 3551 Eupraxium
1762 3495 1891 3535 vero
1915 3482 2037 3549 ejus
2073 3480 2187 3534 fra-

624 3581 763 3627 trem
804 3572 1037 3626 liberum
1076 3585 1199 3626 esse
1244 3570 1387 3635 volo,
1421 3571 1578 3639 eique
1613 3570 1771 3640 legati
1820 3571 2039 3624 nomine
2067 3571 2187 3625 dari

623 3674 877 3714 nummos
925 3673 1125 3715 aureos
1167 3659 1428 3730 quinque.
1462 3657 1598 3712 Volo
1632 3667 1897 3728 pra:terea
1936 3659 2183 3714 Theodo-

621 3748 764 3802 sium
809 3747 1083 3802 notarium
1131 3761 1308 3801 meum
1353 3747 1583 3800 liberum
1629 3762 1773 3811 esse,
1820 3749 1979 3818 eique
2024 3748 2186 3819 legati

618 3839 843 3895 nomine
875 3838 995 3893 dari
1036 3852 1233 3893 aureos
1278 3853 1532 3893 nummos
1558 3838 1820 3910 quinque.
1862 3840 2184 3911 Alypianam

617 3930 783 3988 ﬁliam
840 3945 1017 3985 meam
1072 3929 1448 3985 dulcissimam
1496 3933 1839 3992 (exterarum
1887 3933 2031 3987 enim
2078 3932 2187 3986 Eu-

617 4025 789 4095 genize
816 4023 1052 4093 203a
1086 4019 1312 4086 Nonnaz,
1353 4023 1547 4094 exigua
1603 4023 1744 4078 ratio
1785 4023 2032 4079 ducenda
2076 4033 2183 4087 est,

617 4124 676 4172 ut
705 4130 933 4186 quarum
971 4116 1081 4169 vita
1129 4114 1556 4185 reprehensione
1583 4130 1693 4169 non
1734 4116 1912 4184 vacat)
1969 4115 2182 4169 veniam

617 4207 748 4261 mihi
789 4204 919 4259 dare
949 4205 1092 4268 volo,
1122 4205 1269 4275 quod
1310 4204 1446 4258 nihil
1477 4204 1685 4275 possim
1718 4205 1822 4274 ipsi
1852 4204 2181 4275 relinquere,

615 4299 817 4368 quippe
867 4296 962 4366 qui
1009 4296 1192 4349 omnia
1237 4295 1350 4364 jam
1382 4295 1720 4365 pauperibus
1754 4296 2047 4362 destinavi,
2090 4304 2183 4350 aut

617 4388 802 4458 potius
855 4386 1190 4441 beatissimis
1253 4386 1613 4455 parentibus,
1663 4387 1756 4456 qui
1822 4386 1895 4440 ita
1952 4387 2180 4456 polliciti

2293 1932 2546 2001 παρθένῳ
2593 1932 2935 2005 Ῥουσσιανῇ,
2974 1938 3039 2006 τῇ
3082 1935 3349 2004 συγγενίδι
3393 1954 3514 2007 μου,
3556 1939 3696 2010 ῥητὰ
3739 1942 3858 1994 ἐκέ-

2290 2024 2456 2075 λευσα
2513 2024 2635 2077 καθ’
2693 2025 2920 2079 ἕκαστον
2966 2026 3083 2089 ἔτος
3124 2026 3358 2079 δίδοσθαι
3398 2027 3531 2098 πρὸς
3552 2029 3613 2082 τὺ
3639 2029 3855 2083 ἐλευθε-

2292 2114 2422 2185 ρίως
2463 2114 2575 2185 (34)
2598 2115 2767 2187 αὐτὴν
2787 2116 2995 2185 διάγειν
3013 2133 3027 2147 ⁸
3065 2117 3207 2187 ἅπερ
3249 2117 3505 2189 βούλομαι
3532 2120 3623 2172 καὶ
3652 2120 3857 2174 κελεύω

2291 2202 2467 2254 πάντα
2499 2202 2638 2256 κατὰ
2680 2204 2769 2258 τὸν
2806 2204 2994 2268 τύπον,
3025 2204 3083 2258 ὃν
3113 2207 3440 2277 προσέταξα,
3479 2208 3855 2280 ἁνυπερθέτως

2288 2290 2426 2360 αὐτῇ
2465 2290 2700 2346 δίδοσθαι
2751 2292 2871 2346 καθ’
2905 2294 3131 2348 ἕκαστον
3176 2294 3314 2358 ἔτος.
3340 2297 3473 2367 Περὶ
3499 2297 3555 2349 δὲ
3591 2300 3852 2368 οἰκήσεως

2288 2382 2476 2452 αὐτῆς,
2507 2382 2626 2435 τότε
2678 2382 2779 2452 μὲν
2825 2383 2977 2436 οὐδὲν
3032 2383 3380 2456 διεταξάμην,
3414 2386 3488 2457 μὴ
3540 2385 3693 2450 εἰδὼς
3749 2386 3850 2439 ποῦ

2293 2472 2491 2543 μᾶλλον
2519 2473 2747 2544 ἀρεστόν
2772 2476 2919 2526 ἐστιν
2947 2474 3083 2543 αὐτῇ
3106 2474 3310 2542 διάγειν
3328 2492 3342 2505 ο
3378 2474 3473 2528 νῦν
3497 2476 3552 2530 δὲ
3580 2478 3673 2530 καὶ
3701 2476 3853 2530 τοῦτο

2290 2563 2569 2635 βούλομαι,
2613 2565 2774 2627 ὥστε,
2817 2566 2872 2617 ὲν
2899 2566 2995 2635 οἴῳ
3023 2565 3087 2618 ἂν
3135 2566 3246 2635 (55)
3290 2566 3599 2637 ἐπιλέξηται
3635 2567 3852 2640 χωρίῳ,

2288 2656 2794 2727 κατασκευασθῆναι
2839 2657 2974 2726 αὐτῇ
3018 2656 3189 2711 οἰκίαν
3222 2657 3478 2730 ἐλευθέρᾳ
3518 2661 3851 2731 πρέπουσαν,

2287 2746 2583 2817 εὐσχήμονι
2610 2747 2849 2818 διαγωγῇ
2886 2748 3177 2819 παρθένου·
3208 2749 3385 2821 ἥνπερ
3420 2751 3594 2805 οὶκίαν
3624 2751 3733 2817 ἕξει
3760 2751 3852 2821 δη-

2287 2836 2418 2908 λαδὴ
2472 2838 2843 2908 ἀνενοχλήτως
2886 2841 2968 2902 είς
3008 2840 3202 2911 χρῆσιν
3254 2841 3347 2893 καὶ
3397 2844 3638 2912 καρπίαν
3692 2844 3850 2914 μέχρι

2290 2927 2404 2997 βίου
2429 2927 2592 2998 ζωῆς,
2628 2929 2764 2998 μετὰ
2782 2929 2837 2981 δὲ
2871 2928 3045 2983 ταῦτα
3066 2932 3500 3002 ἀποκαταστήσει
3520 2935 3584 3002 τῇ
3624 2934 3853 3005 Ἐκκλη-

2289 3019 2397 3088 σία.
2437 3019 2799 3089 Προστεθῆναι
2829 3020 2883 3072 δὲ
2914 3021 3047 3091 αὐτῇ
3067 3021 3432 3092 βούλομαικαὶ
3456 3022 3549 3075 δύο
3578 3023 3763 3095 κόρας,
3788 3025 3852 3088 ἃς

2288 3110 2425 3181 αὐτὴ
2456 3110 2790 3181 ἐπιλέξηται,
2815 3111 2955 3167 οὕτω
2975 3115 3179 3184 μέντοι,
3198 3115 3335 3167 ὥστε
3356 3116 3491 3187 αὐτῇ
3521 3121 3853 3188 παραμεῖναι

2290 3201 2388 3263 τὰς
2422 3200 2587 3272 κόρας
2624 3202 2783 3273 μέχρι
2804 3203 2895 3256 τοῦ
2933 3205 3033 3276 τῆς
3059 3204 3201 3275 ζωῆς
3226 3208 3391 3276 αὐτῆς
3411 3207 3623 3277 χρόνου.
3660 3210 3767 3262 Καὶ
3805 3212 3854 3261 εί

2293 3292 2391 3362 μὲν
2430 3293 2621 3357 αὑταῖς
2673 3295 3132 3366 εὐχαριστήσειεν,
3166 3296 3362 3361 ἐξεῖναι
3406 3299 3541 3368 αὐτῇ
3576 3298 3854 3370 ἐλευθερία

2290 3382 2457 3446 αὐτὰς
2509 3384 2762 3454 τιμῆσαι·
2794 3387 2841 3437 εί
2892 3384 2949 3437 δὲ
2984 3386 3080 3457 μὴ,
3126 3387 3220 3439 καὶ
3259 3388 3428 3450 αὐτὰς
3464 3388 3755 3457 διενεγκεῖν
3787 3394 3851 3460 τῇ

2288 3473 2424 3543 αὐτῇ
2483 3473 2798 3546 Ἐκκλησία.
2860 3475 3116 3544 Θεόφιλον
3158 3478 3248 3530 τὸν
3286 3479 3449 3532 παῖδα
3485 3479 3573 3533 τὸν
3603 3481 3855 3551 παραμέ-

2287 3564 2446 3617 νοντά
2476 3581 2586 3635 μοι,
2611 3564 2709 3636 ἤδη
2748 3565 3115 3637 ἠλευθέρωσα.
3158 3568 3423 3638 Βούλομαι
3457 3566 3549 3623 οὗν
3586 3571 3731 3641 αὐτῷ
3762 3572 3856 3624 καὶ

2286 3652 2382 3706 νῦν
2410 3653 2627 3723 δοθῆναι
2655 3654 2881 3721 λεγάτου
2907 3654 3085 3725 χάριν,
3123 3655 3429 3724 νομίσματα
3460 3663 3521 3708 ε’.
3549 3657 3856 3726 Εὐπράξιον

2286 3743 2343 3797 δὲ
2373 3744 2463 3799 τὸν
2494 3745 2718 3813 ἀδελφὸν
2764 3744 2925 3797 αὑτοῦ
2961 3744 3241 3815 βούλομαι¹
3258 3746 3538 3816 ἐλεύθερον
3569 3743 3726 3810 εἷναι,
3762 3749 3855 3801 καὶ

2284 3834 2502 3905 δοθῆναι
2544 3836 2691 3907 αὐτῷ
2746 3835 2971 3905 λεγάτου
3023 3836 3166 3907 λόγῳ
3222 3838 3397 3907 χρυσᾶ
3440 3836 3747 3907 νομίσματα
3788 3844 3851 3893 ε’.

2290 3926 2410 3979 Ἐτι
2445 3926 2703 3997 βούλομαι
2731 3926 3005 3980 Θεοδόσιον
3045 3927 3136 3979 τὸν
3169 3927 3411 3998 νοτάριόν
3444 3944 3543 3997 μου
3573 3925 3853 3999 ἐλεύθερον

2284 4014 2442 4083 εἶναι,
2459 4017 2676 4086 δοθῆναι
2708 4017 2765 4071 δὲ
2808 4017 2956 4087 αὑτῴ
2990 4018 3082 4071 καὶ
3109 4018 3334 4086 λεγάτου
3365 4018 3505 4090 λόγῳ
3536 4017 3735 4090 χρυσοῦ
3776 4033 3853 4069 νου

2287 4108 2534 4179 μίσματα
2562 4113 2623 4160 ε’.
2653 4107 2695 4159 Τ
2699 4108 2764 4178 ὴν
2784 4107 3122 4178 γλυκυτάτην
3143 4126 3244 4179 μου
3285 4108 3556 4181 θυγατέρα
3604 4109 3851 4164 Ἀλυπια-

2283 4197 2507 4268 νὴνβϐ)
2532 4197 2660 4262 (τῶν
2690 4197 2797 4269 γὰρ
2823 4197 3017 4264 ἄλλων,
3049 4199 3339 4267 Εὐγενείας
3367 4200 3477 4270 (37)
3509 4219 3565 4255 τε
3592 4204 3684 4256 καὶ
3711 4201 3853 4259 Νόν-

2283 4304 2401 4358 νης,
2448 4288 2625 4356 ὀλίγος
2673 4288 2851 4357 λόγος,
2884 4283 2959 4344 ὧν
2997 4291 3091 4343 καὶ
3128 4294 3156 4345 ὸ
3186 4290 3299 4361 βίος
3344 4292 3670 4362 ὲπιλήψιμός
3712 4294 3850 4361 ἐστι)

2286 4380 2545 4450 βούλομαι
2576 4379 2905 4450 συγγνώμην
2936 4381 3078 4450 ἔχειν
3104 4398 3216 4451 μοι,
3249 4384 3296 4434 εί
3323 4381 3491 4451 μηδὲν
3522 4383 3656 4451 αὐτῇ
3686 4398 3851 4433 κατα-

616 4485 797 4542 erant,
843 4477 1139 4530 obsecutus
1190 4491 1347 4542 sum;
1396 4491 1632 4546 quorum
1667 4477 2002 4532 voluntatem
2050 4476 2178 4532 irri-

2288 4470 2459 4524 λιπεῖν
2485 4471 2671 4542 κύριος
2723 4472 3008 4541 ἐγενόμην,
3056 4472 3231 4523 πάντα
3278 4471 3851 4542 προεπαγγειλάμενος

619 4578 728 4623 tam
754 4567 985 4623 reddere
1014 4580 1115 4621 nec
1137 4573 1393 4621 sanctum
1415 4581 1517 4621 nec
1543 4574 1723 4621 tutum
1745 4567 2003 4621 arbitror.
2025 4567 2181 4633 Quaa-

617 4673 835 4729 cunque
874 4666 1057 4713 tamen
1103 4672 1170 4713 ex
1196 4656 1341 4711 beati
1374 4656 1563 4713 fratris
1607 4658 1712 4712 mei
1760 4657 1986 4712 Caesarii
2017 4644 2207 4713 rebus.

617 4754 671 4807 in
711 4757 861 4806 veste
890 4751 1089 4812 serica.
1120 4757 1213 4804 aut
1244 4749 1414 4816 linea,
1441 4757 1534 4804 aut
1565 4750 1743 4812 lanea,
1790 4755 1884 4801 aut
1925 4746 2182 4802 buricha-

616 4843 707 4899 liis
733 4849 1047 4912 supersunt,
1070 4841 1184 4895 haec
1205 4839 1271 4895 ad
1300 4841 1474 4911 ipsius
1497 4840 1703 4894 liberos
1728 4838 2000 4908 pertinere
2020 4837 2177 4906 volo;

612 4944 668 4991 et
700 4936 850 4990 nulla
903 4935 959 4989 in
999 4949 1059 4989 re
1100 4933 1278 5004 ipsam
1326 4933 1410 4989 vel
1454 4941 1677 4987 sorores
1702 4930 1877 5000 ipsius
1920 4928 2179 4984 molestas

685 5105 796 5173 (51)
817 5105 1114 5170 Οὔς.ῐ)εθει
1129 5105 1183 5159 in
1212 5105 1334 5161 cod.
1369 5104 1523 5174 Chig.

685 5170 796 5243 (32)
822 5174 1303 5240 Μακαριωτάτων.
1335 5170 1646 5243 (Ζοάδϐιιίς.
1676 5170 1976 5243 μακαρίων.

682 5241 795 5314 (33)
840 5242 1164 5314 ’Aptarébig.
1195 5243 1329 5297 Cod.
1357 5242 1522 5314 (ἓως.
1556 5241 1840 5314 Ἀριανζῷ.

682 5310 794 5384 (δι’)
837 5310 1583 5384 ἶΕλευθερζωςε-(ῖφά-.βζιιίετ
1610 5310 1938 5384 ἔλερθςρίςς·

681 5379 796 5451 (55)
842 5382 945 5435 Ἐν
967 5382 1071 5444 οἵῳ
1096 5379 1190 5432 ἄν.
1220 5380 1351 5451 Cod.
1382 5379 1624 5451 Ching
1651 5379 1761 5451 οἵῳΔ
1777 5379 1821 5432 δ’

681 5446 794 5523 (56)
825 5451 943 5516 Τήν
964 5447 1403 5523 μουλφλγατέρα
1446 5446 1825 5513 ’Λαυπιαιέήη
1844 5447 2175 5523 _Alypianam

607 5517 785 5587 ﬁliani
804 5517 993 5574 meant.
1018 5518 1165 5588 Nihil
1201 5520 1373 5588 magis
1406 5527 1626 5588 certum
1639 5531 1708 5588 ac
1735 5517 2076 5586 exploratum
2108 5531 2172 5570 ex

607 5586 1131 5666 Quinil,_us_Gregorii
1161 5586 1324 5642 rebus
1349 5586 1518 5666 gestis
1545 5586 1713 5641 videri
1745 5592 1941 5655 potest,
1972 5592 2031 5666 ut
2049 5599 2173 5666 cum

610 5659 847 5728 Baronio
881 5654 1110 5728 loquar,
1125 5669 1305 5728 quam
1326 5724 1336 5728 _
1354 5654 1532 5723 ipsum
1583 5654 1918 5728 perpetuam
1937 5654 2174 5708 coluisse

610 5721 993 5798 virginitatem.
1037 5721 1227 5780 Filiam
1267 5721 1432 5795 igitur
1464 5721 1819 5780 non'habuit.
1864 5721 1955 5777 Sic
1991 5732 2172 5805 tgmen

2280 4563 2392 4625 τοῖς
2420 4562 2675 4629 πτωχοῖς,
2705 4558 2902 4628 μᾶλλον
2931 4558 2987 4610 δὲ
3015 4560 3126 4620 τοῖς
3151 4559 3581 4628 μακαριωτάτοις
3604 4558 3849 4626 γονεῦσιν

2282 4650 2666 4720 ὑποσχομένοις
2696 4645 3082 4715 ἀκολουθήσας,
3116 4640 3190 4698 ὧν
3211 4645 3470 4717 ἀθετῆσαι
3498 4647 3596 4719 τὴν
3622 4647 3848 4720 γνώμην

2280 4743 2392 4797 οὔθ’
2415 4744 2581 4803 ὅσιον,
2598 4739 2708 4792 οὔτ’
2730 4738 2968 4807 ἀσφαλὲς
2989 4737 3250 4808 ἠγοῦμαι.
3271 4739 3410 4793 Ὅσα
3445 4740 3625 4810 μέντοι
3652 4742 3717 4793 ὲκ
3738 4742 3849 4796 τῶν

2279 4837 2372 4891 τοῦ
2414 4834 2686 4906 μακαρίου
2736 4850 2836 4904 μου
2870 4831 3100 4901 ἀδελφοῦ
3148 4832 3448 4904 Καισαρίου
3486 4836 3844 4905 πραγμάτων,

2278 4927 2336 4979 ὲν
2362 4924 2546 4995 ἐσθῆτι
2574 4927 2772 4994 σηρικῇ
2796 4923 2829 4994 ἢ
2859 4923 3049 4994 λινῇ,ἢ
3075 4924 3278 4996 ὲρεᾷ,ἢ
3306 4924 3666 4996 βουρικαλίοις
3695 4944 3850 4998 περι-

2278 5108 2437 5156 vocat
2464 5099 2806 5171 Alypianam,
2840 5117 2961 5171 quae
3003 5100 3111 5157 lilia
3149 5113 3267 5158 erat
3310 5099 3597 5171 Gorgonia‘.
3635 5103 3848 5158 sororis

2278 5188 2409 5227 suae.

2348 5241 2468 5311 (37)
2494 5237 2615 5311 Td»:
2642 5239 2751 5309 γὰρ
2780 5240 3003 5311 ἄλλων,
3047 5240 3383 5311 Εργενείας,
3413 5246 3518 5311 etc.
3547 5237 3655 5294 Cod
3686 5238 3841 5309 Chig.

2277 5306 2558 5377 Εὐγενίας.
2573 5306 2893 5378 Creterarum
2909 5310 3070 5378 enim,
3088 5307 3332 5378 Eugenin:
3341 5317 3389 5359 et
3407 5306 3455 5358 Ν
3464 5324 3634 5378 annm,
3650 5306 3845 5378 exigua

2278 5380 2416 5432 ratio
2430 5378 2667 5448 ducenda
2680 5377 2979 5448 est.Mi_rum
2997 5377 3134 5431 forte
3152 5377 3319 5448 videri
3340 5378 3512 5445 possit
3523 5377 3843 5448 Gregorium

2280 5445 2670 5516 turpitudinem
2703 5445 3108 5516 setnpitcrnanr
3123 5447 3357 5515 publicis
3397 5449 3597 5516 tabulis
3621 5445 3842 5503 inurere

2278 5513 2531 5586 amnibus
2569 5516 2705 5571 suis.
2730 5513 3043 5586 >Sic;postea
3069 5513 3366 5586 Gregorius
3396 5515 3622 5586 Magnus
3653 5529 3840 5586 coram

2279 5585 2546 5655 frequenti
2582 5584 2782 5655 populo
2814 5582 3102 5656 Goriliante
3133 5582 3363 5656 virginis
3404 5582 3583 5656 amitae
3623 5599 3736 5656 suae
3764 5584 3844 5636 la-

2279 5653 2438 5727 psum
2484 5653 2943 5727 narrareveritus
2969 5669 3103 5727 ⁸ιιοιι
3137 5653 3261 5727 fuit.
3305 5653 3422 5709 Viri
3451 5654 3635 5727 _sancti
3684 5666 3840 5719 suos,

2278 5722 2322 5778 Si
2352 5722 2569 5794 quando
2599 5722 2746 5792 impii
2777 5730 2924 5790 sunt,
2953 5722 3282 5793 despiciunt.
3451 5722 3460 5727 ’
3611 5738 3636 5748 ·
