4182 6412
405 406 516 481 593'

1671 449 1676 456 -
1772 405 2307 471 ῪΕὸΤΑΜΕΝΤυΜ.

3554 421 3660 482 3οι

405 533 702 596 λέλειπται,
765 521 933 584 ταῦτα
989 528 1264 600 διαφέρειν
1293 528 1404 591 τοῖς
1431 523 1639 591 τέκνοις
1671 527 1840 599 αὐτῆς
1868 522 1988 600 βού-

2091 544 2235 594 esse,
2266 528 2348 584 vel
2376 527 2577 584 haeredi
2604 543 2749 595 meo,
2782 529 2866 586 vel
2900 527 3180 586 Ecclesiae.
3211 529 3460 592 Meletius
3494 551 3662 608 gener

406 628 588 698 λομαι,
619 627 714 678 καὶ
734 626 793 677 ὲν
813 623 1022 694 μηδενὶ,
1050 624 1178 694 μήτ’
1197 623 1430 693 ἐκείνην,
1458 624 1596 693 μήτε
1620 622 1718 686 τὰς
1751 623 1984 693 ἀδελφὰς

405 717 575 786 αὐτῆς
611 713 870 785 ἐνοχλεῖν,
915 713 1054 782 μήτε
1104 711 1181 782 τῷ
1214 710 1536 783 κληρονόμῳ
1572 730 1697 782 μου,
1736 715 1870 785 μήτε
1916 716 1984 785 τῇ

418 805 738 875 Ἐκκλησία.
791 802 1050 865 Μελέτιος
1076 804 1106 856 ὁ
1133 801 1381 874 γαμϐρός
1413 803 1525 874 (38)
1555 820 1654 874 μου
1676 844 1692 869 ,
1718 803 1779 856 τδ
1803 803 1987 874 κτῆμα

405 898 466 949 τὸ
499 897 556 948 ὲν
595 892 937 964 Ἀπηνξινσῷ
967 887 1028 944 τὸ
1057 893 1122 945 ἐκ
1165 892 1273 946 τῶν
1302 893 1606 964 Εὐφημίου,
1644 893 1775 947 ίστω
1799 895 1986 958 κακῶς

408 987 677 1056 κατέχων.
733 986 844 1040 Καὶ
873 983 1014 1056 ὑπὲρ
1049 984 1241 1036 τούτου
1277 984 1372 1036 καὶ
1410 983 1673 1055 πρότερον
1704 984 1988 1038 ἐπέστειλα

410 1081 670 1144 πολλάκις
717 1080 796 1150 τῷ
847 1077 1135 1150 Εὑφημίῳ,
1195 1077 1487 1147 ἀνανδρίαν
1547 1078 1712 1134 αὑτοῦ
1759 1095 1986 1147 καταγι-

409 1169 654 1236 νώσκων,
681 1170 730 1222 εί
761 1169 835 1240 μὴ
859 1170 921 1222 τὸ
949 1168 1142 1222 ἑαυτοῦ
1166 1167 1553 1240 ἀναρρύσαιτο.
1582 1169 1693 1222 Καὶ
1721 1167 1817 1223 νῦν
1845 1185 1987 1240 μαρο

409 1258 641 1331 τύρομαι
685 1258 894 1321 πάντας
937 1258 1030 1310 καὶ
1060 1258 1324 1329 ἄρχοντας
1363 1258 1458 1310 καὶ
1507 1257 1864 1329 ἀρχομένους,
1906 1259 1988 1311 ὅτι

411 1350 676 1403 ἀδικεῖται
711 1350 740 1401 ὁ
789 1349 1101 1418 Εὑφήμιοςο
1138 1347 1245 1419 χρὴ
1281 1347 1387 1418 γὰρ
1419 1348 1685 1420 Εύφημίῳ
1709 1349 1987 1402 ἀποκατα-

413 1441 602 1510 στῆναι
633 1439 696 1491 τὸ
729 1439 929 1508 κτῆμα.
965 1438 1075 1508 Τὴν
1117 1437 1261 1508 ὠνὴν
1300 1435 1394 1489 τοῦ
1431 1437 1629 1508 χωρίου
1661 1435 1989 1490 Κανοτάλων

412 1530 487 1600 τῷ
545 1529 958 1598 αίδεσιμωτάτῳ
1015 1527 1114 1598 υίῷ
1167 1526 1244 1598 τῷ
1295 1527 1579 1598 ἐπισκόπῳ
1645 1528 1988 1599 Ἀμφιλοχίῳ

412 1619 856 1688 ἀποκαταστῆναι
894 1616 1172 1690 βούλομαι.
1213 1619 1494 1690 Ἔστιγάρ
1529 1621 1586 1671 ὲν
1620 1620 1731 1682 τοῖς
1748 1619 1989 1691 χαρτίοις

411 1710 589 1780 ἡμῶν,
654 1709 749 1762 καὶ
793 1709 996 1772 πάντες
1021 1710 1232 1773 ἴσασιν,
1264 1710 1347 1762 ὅτι
1387 1710 1482 1764 καὶ
1522 1709 1582 1762 τὸ
1637 1711 1988 1781 συνάλλαγμα

415 1799 598 1870 ἐλύθη,
628 1799 725 1854 καὶ
774 1799 871 1870 τὴν
910 1801 1074 1871 τιμὴν
1124 1799 1416 1865 ἀπέλαϐον,
1446 1803 1540 1854 καὶ
1563 1801 1664 1871 τὴν
1695 1802 1866 1872 νομὴν
1894 1803 1989 1854 καὶ

410 1888 724 1942 δεσποτείαν
755 1888 850 1942 τοῦ
882 1891 1156 1961 κτήματος
1193 1888 1362 1943 πάλαι
1386 1890 1700 1962 παρέδωκα.

484 1981 738 2052 Εὐαγρίῳ
784 1979 860 2050 τῷ
910 1980 1142 2051 διακόνῳ
1198 1982 1370 2035 πολλά
1397 2000 1486 2053 μοι
1529 1980 1862 2054 συγκαμόντι
1896 1985 1989 2036 καὶ

418 2071 943 2142 συνεκφροντίσαντι,
969 2071 1054 2123 διὰ
1068 2071 1326 2125 πλειόνων
1355 2090 1414 2126 τε
1441 2071 1540 2145 τὴν
1571 2071 1781 2127 εὔνοιαν
1816 2091 1992 2144 παρα-

416 2162 690 2231 οτήσαντι,
775 2163 932 2233 χάριν
980 2161 1227 2232 ὁμολογῶ
1283 2163 1378 2217 καὶ
1416 2165 1508 2216 ἐπὶ
1556 2163 1692 2216 Θεοῦ
1749 2164 1843 2217 καὶ
1899 2165 1990 2216 ἐπὶ

415 2252 734 2324 ἀνθρώπων.
765 2254 876 2306 Καὶ
904 2255 1014 2316 τοῖς
1039 2253 1248 2324 μείζοσι
1281 2253 1380 2324 μὲν
1419 2252 1582 2308 αὑτὸν
1617 2257 1645 2308 ὁ
1679 2254 1809 2319 Θεὸς
1833 2255 1990 2326 ἀμεί-

413 2347 610 2416 ψεταιο
668 2347 753 2400 ἴνα
810 2345 866 2400 δὲ
914 2346 1047 2418 μηδὲ
1086 2345 1155 2400 τὰ
1183 2351 1356 2418 μικρά
1384 2347 1482 2417 τῆς
1529 2348 1712 2418 φιλίας
1749 2347 1992 2418 σύμϐολα

415 2438 547 2512 παρ’
576 2437 735 2509 ἡμῶν
759 2438 998 2510 ἐλλείπῃ,
1050 2437 1307 2510 βούλομαι
1344 2439 1492 2510 αύτῷ
1530 2437 1749 2509 δοθῆναι
1802 2440 1986 2510 κάμα-

417 2544 507 2583 σον
537 2530 646 2600 (39)
681 2529 771 2593 ἓν,
809 2526 1082 2601 στιχάριον
1129 2529 1187 2582 ἓν
1210 2570 1226 2593 ,
1270 2531 1472 2584 πάλλια
1510 2530 1574 2601 β’,
1617 2533 1793 2602 χρυσᾶ
1835 2531 1989 2602 νομί-

417 2637 598 2690 σματα
645 2620 710 2673 λ’.
757 2620 990 2690 Ὁμοίως
1045 2622 1140 2674 καὶ
1193 2620 1273 2691 τῷ
1304 2621 1626 2691 γλυκυτάτῳ
1658 2621 1989 2690 συνδιακόνῳ

414 2711 573 2782 ἡμῶν
627 2709 900 2782 Θεοδούλῳ
932 2710 1008 2780 τῷ
1037 2711 1191 2782 ήμῶν
1222 2710 1438 2782 ἀδελφῷ
1481 2711 1702 2782 δοθῆναι
1728 2710 1987 2782 βούλομαι

416 2801 662 2872 κάμασον
694 2801 772 2865 ἓν,
809 2802 1061 2872 πιχάρια
1081 2801 1148 2871 β’,
1191 2801 1300 2854 τῶν
1344 2803 1402 2854 ἐν
1438 2801 1502 2872 τῇ
1536 2801 1776 2872 πατρίδι,
1811 2803 1989 2874 χρυσᾶ

416 2891 728 2963 νομίσματα
775 2899 823 2946 κ’
851 2894 915 2946 ὲκ
961 2891 1056 2945 τοῦ
1097 2893 1156 2945 ἑν
1187 2895 1254 2962 τῇ
1281 2892 1503 2964 πατρίδι
1527 2891 1707 2962 λόγου.
1752 2889 1988 2964 Ἐλαφίῳ

414 2983 496 3053 τῷ
545 2985 777 3055 νοταρίῳ
816 2985 1064 3056 εύτρόπῳ
1107 2985 1223 3038 ὄντι
1275 2984 1411 3056 (40),
1461 2985 1556 3038 καὶ
1609 2981 1790 3048 καλῶς
1836 2983 1987 3056 ἡμᾶς

415 3074 791 3128 ἀναπαύσαντι
810 3075 868 3128 ὃν
897 3073 1278 3148 ὑπηρετήσατο
1303 3070 1515 3146 χρόνον,
1553 3072 1810 3145 βούλομαι
1835 3075 1986 3145 δοθῆ

416 3180 506 3254 ναι
564 3165 810 3235 κάμασον
863 3165 941 3229 ἒν,
1007 3166 1262 3237 στιχάρια
1317 3162 1384 3235 β’,
1425 3163 1625 3218 πάλλια
1689 3171 1759 3232 γ’,
1814 3164 1986 3234 σιγιλ-
2011 3196 2055 3254 c

415 3252 584 3308 λιῶνα
615 3254 750 3325 (Μ),
781 3257 838 3308 ἐν
863 3259 928 3327 τῇ
957 3257 1174 3326 πατρίδι
1205 3257 1384 3328 χρυσᾶ
1410 3255 1724 3326 νομίσματα
1749 3263 1818 3310 κ’.

485 3346 702 3418 Ταύτην
747 3363 849 3419 μου
893 3351 991 3420 τὴν
1042 3349 1307 3421 διαθήκην
1364 3349 1560 3418 κυρίαν
1612 3349 1707 3402 καὶ
1764 3347 1988 3417 βεϐαίαν

416 3434 556 3495 εἶναι
617 3441 877 3512 βούλομαι
924 3443 1012 3496 ἐπὶ
1056 3443 1258 3505 παντὸς
1289 3439 1642 3512 δικαστηρίου
1672 3441 1767 3492 καὶ
1803 3439 1982 3509 πάσης

416 3531 683 3595 ἕξουσίας.
745 3531 809 3586 Εί
841 3531 896 3585 δὲ
947 3531 1042 3586 καὶ
1071 3532 1148 3595 ὠς
1187 3531 1420 3602 διαθήκη
1463 3531 1539 3601 μὴ
1586 3527 1874 3598 ίσχύσειεν,
1903 3529 1984 3592 είς

419 3621 690 3693 βούλησιν,
730 3619 827 3676 εἴτ’
867 3618 960 3676 οὖν
1005 3621 1117 3692 (49.)
1169 3617 1513 3684 κωδίκελλον,
1566 3619 1736 3690 αὐτὴν
1783 3617 1986 3689 ἰσχύειν

417 3712 697 3784 βούλομαι.
743 3712 800 3766 '0
836 3713 880 3766 δ’
911 3712 1202 3784 ἐπιχειρῶν
1239 3710 1407 3782 αὐτὴν
1443 3711 1794 3781 ἀνατρέπειν,
1819 3710 1981 3764 δώσει

414 3806 569 3874 λόγον
589 3809 646 3859 ὲν
664 3803 849 3876 ἡμέρα
883 3805 1136 3875 κρίσεως,
1168 3804 1263 3858 καὶ
1294 3803 1404 3868 ἔξει
1433 3803 1524 3855 τὸν
1549 3801 1726 3869 λόγον.

485 3896 630 3966 Πρὸς
665 3895 903 3966 τοῦνομα
939 3895 1034 3949 τοῦ
1078 3895 1310 3968 Πατρδς,
1333 3894 1427 3947 καὶ
1454 3892 1548 3948 τοῦ
1575 3893 1727 3958 Υίοῦ,
1766 3894 1862 3947 καὶ
1889 3894 1984 3947 τοῦ

416 3985 572 4055 ἁγίου
594 3987 928 4058 Πνεύματος.

486 4079 785 4150 Γρηγόριος
827 4079 1122 4141 ἐπίσκοπος
1179 4077 1276 4146 τῆς
1321 4072 1615 4147 καθολικῆς
1659 4073 1986 4148 Ἑκκλησίας

414 4167 512 4240 τῆς
541 4171 598 4224 ὲν
619 4169 1024 4224 Κωνσταντίνου
1052 4168 1224 4230 πόλει,
1259 4168 1524 4234 ἀναγνοὺς
1551 4167 1650 4237 τὴν
1697 4167 1981 4240 διαθήκην,

416 4260 510 4314 καὶ
563 4257 814 4331 ἀρεσθεὶς
871 4259 1002 4312 πᾶσι
1046 4261 1158 4322 τοῖς
1215 4258 1648 4329 γεγραμμένοις,
1688 4259 1983 4329 ὑπέγραψα

415 4350 559 4422 χειρὶ
595 4353 724 4420 ἐμῇ,
760 4352 854 4403 καὶ
894 4349 1094 4420 ἰσχύειν
1137 4348 1302 4420 αὐτὴν
1336 4347 1542 4402 κελεύω
1571 4349 1665 4402 καὶ
1701 4348 1980 4418 βούλομαι.

497 4440 840 4510 ’Δμφιλόχιος
866 4441 1161 4502 ἐπίσκοπος
1190 4440 1290 4509 τῆς
1328 4439 1620 4508 καθολικῆς
1661 4439 1984 4503 Ἑκκλησίας

2089 633 2242 674 mens
2279 619 2418 673 sciat
2451 635 2510 674 se
2542 619 2802 690 praedium
2851 620 3314 692 Apenzinsenum,
3359 627 3507 698 quod
3551 626 3664 684 Eu-

2088 709 2289 776 phemii
2341 708 2540 776 fuerat,
2600 711 2740 765 mala
2789 711 2892 767 [ide
2932 713 3251 784 possidere:
3284 716 3352 772 de
3395 732 3504 787 quo
3545 721 3665 791 qui-

2088 792 2210 856 dem
2252 799 2438 872 etiam
2471 813 2629 858 antea
2669 805 2864 875 scripsi
2896 807 3097 876 smpius
3145 805 3471 877 Euphemio,
3500 812 3662 882 igna-

2089 891 2188 944 viae
2237 905 2362 946 eum
2414 892 2810 961 condemnans,
2863 896 2969 950 nisi
3021 912 3117 953 sua
3173 909 3543 969 recuperaret.
3595 901 3663 957 Et

2090 995 2237 1034 nunc
2280 987 2455 1036 testor
2480 995 2671 1037 omnes
2715 985 3089 1054 magistratus,
3131 996 3185 1040 et
3218 989 3311 1059 qui
3348 989 3452 1044 sub
3490 989 3658 1061 magi-

2088 1077 2264 1126 stratu
2293 1080 2442 1138 sunt,
2475 1073 2732 1142 injuriam
2761 1076 2879 1129 tieri
2904 1075 3204 1146 Euphemio
3228 1098 3242 1134 :
3269 1088 3484 1150 oportet
3513 1081 3660 1137 enim

2089 1161 2352 1230 praedium
2386 1159 2688 1234 Euphemio
2722 1165 2957 1219 restitui.
2996 1163 3342 1237 Emptionem
3379 1169 3533 1226 fundi
3561 1172 3664 1227 Ca-

2091 1251 2402 1306 notalorum
2448 1254 2906 1310 reverendissimo
2936 1254 3047 1310 Iilio
3077 1256 3334 1330 episcOpo
3379 1259 3663 1331 Amphilo-

2090 1341 2216 1395 chio
2265 1341 2626 1413 redintegrari
2669 1345 2814 1400 volo.
2863 1345 3094 1402 Constat
3133 1348 3279 1402 enim
3332 1364 3398 1404 et
3452 1349 3662 1406 chartis

2093 1429 2319 1494 nostris,
2349 1429 2514 1500 idque
2544 1431 2728 1486 sciunt
2759 1448 2973 1497 omnes,
3019 1435 3166 1505 quod
3205 1446 3256 1492 et
3295 1437 3511 1494 solutus
3539 1437 3662 1494 fue-

2091 1519 2163 1572 rit
2215 1527 2557 1587 contractus,
2599 1531 2653 1577 et
2701 1526 2936 1594 pretium
2982 1527 3307 1598 receperim,
3357 1529 3663 1600 proprieta-

2090 1617 2309 1682 temque
2339 1626 2404 1666 ac
2445 1611 2749 1668 dominium
2779 1619 3148 1685 possessionis
3188 1619 3514 1692 jampridem
3555 1630 3666 1678 tra-

2089 1700 2341 1758 diderim.

2165 1961 2394 2033 Evagrio
2419 1963 2671 2032 diacono,
2713 1969 2802 2040 qui
2835 1971 3132 2030 multorum
3167 1991 3376 2033 mecum
3413 1979 3660 2038 laborum

2090 2062 2142 2106 et
2176 2065 2434 2109 curarum
2463 2059 2760 2130 particeps,
2791 2061 2847 2116 in
2883 2064 3074 2120 multis
3117 2080 3273 2122 suam
3318 2071 3453 2126 mihi
3495 2073 3662 2129 bene-

2091 2144 2384 2200 volentiam
2423 2149 2848 2220 commendavit,
2878 2155 3106 2224 gratiam
3136 2156 3310 2215 habeo
3333 2177 3517 2217 coram
3549 2163 3662 2220 Deo

2091 2244 2146 2291 et
2174 2250 2360 2292 coram
2391 2239 2725 2297 hominibus.
2770 2241 2848 2298 Ac
2886 2246 3094 2316 majora
3125 2247 3346 2320 quidem
3381 2253 3486 2324 ipsi
3513 2253 3661 2312 Deus

2091 2329 2378 2417 retribuet.
2428 2329 2508 2387 Ne
2553 2347 2688 2388 vero
2731 2349 2900 2404 parva
2949 2339 3114 2394 etiam
3160 2342 3368 2400 amoris
3411 2347 3660 2417 symbola

2090 2415 2592 2486 praetermittamus,
2633 2420 2758 2474 volo
2798 2423 2848 2476 ei
2877 2424 2996 2478 dari
3038 2441 3316 2485 camasum
3349 2415 3538 2500 unum,
3575 2445 3662 2490 tu-

2092 2505 2267 2559 nicam
2302 2521 2490 2572 unam,
2518 2509 2682 2580 pallia
2713 2510 2842 2578 duo,
2887 2528 3084 2572 aureos
3127 2533 3380 2579 nummos
3413 2523 3657 2595 triginta.

2093 2595 2356 2654 Similiter
2403 2599 2727 2658 dulcissimo
2777 2605 3122 2662 condiacono
3170 2618 3366 2668 nostro
3413 2621 3468 2669 et
3504 2614 3660 2674 fratri

2091 2685 2372 2743 Theodulo
2403 2689 2522 2745 dari
2555 2691 2678 2747 volo
2724 2707 3006 2750 camasum
3037 2711 3230 2762 unum,
3275 2702 3493 2758 tunicas
3519 2704 3662 2760 duas

2089 2791 2156 2831 ex
2185 2778 2252 2834 iis
2282 2794 2404 2848 quae
2436 2788 2564 2836 sunt
2595 2781 2649 2836 in
2683 2784 2880 2852 patria,
2914 2800 3114 2844 aureos
3140 2790 3334 2861 viginti
3368 2808 3433 2848 ex
3469 2797 3662 2866 patria

2089 2867 2219 2922 item
2258 2871 2586 2928 rationibus.
2624 2871 2855 2944 Elaphio
2881 2879 3120 2945 notario,
3153 2882 3245 2953 qui
3279 2894 3333 2938 et
3373 2883 3512 2941 bene
3540 2901 3662 2941 mo-

2089 2967 2244 3015 ratus
2283 2969 2390 3026 est,
2440 2973 2514 3031 et,
2547 2979 2658 3035 quo
2696 2973 2942 3037 tempore
2967 2969 3068 3024 fuit
3096 2971 3153 3026 in
3199 2972 3486 3045 obsequio,
3521 2977 3664 3034 bello

2089 3065 2192 3106 nos
2221 3051 2567 3120 refocillavit,
2597 3057 2715 3112 dari
2744 3059 2866 3113 volo
2903 3073 3188 3119 camasum
3226 3079 3416 3133 unum,
3448 3066 3662 3125 tunicas

2088 3142 2250 3209 duas,
2291 3146 2456 3216 pallia
2502 3147 2628 3213 tria,
2679 3147 3029 3219 sigillionem,
3077 3151 3132 3208 in
3177 3155 3356 3225 patria
3405 3172 3660 3214 nummos

2090 3248 2288 3292 aureos
2319 3235 2532 3306 viginti.

2161 3323 2279 3380 Hoc
2309 3339 2492 3380 meum
2539 3335 2928 3385 testamentum
2961 3339 3141 3386 ratum
3183 3348 3247 3389 ac
3277 3335 3491 3391 ﬁrmum
3537 3353 3664 3395 esse

2091 3418 2214 3472 volo
2269 3418 2324 3471 in
2387 3418 2538 3472 omni
2589 3417 2797 3489 iudicio
2851 3428 2907 3476 et
2944 3419 3107 3495 204
3136 3427 3657 3501 quomodocunque.

2090 3503 2246 3570 Quod
2292 3507 2338 3560 si
2372 3516 2630 3576 tanquam
2659 3515 3048 3565 testamentum
3076 3512 3184 3567 vim
3226 3529 3337 3569 non
3380 3517 3658 3584 habuerit,

2088 3605 2348 3669 tanquam
2395 3600 2729 3656 voluntatem
2783 3602 2985 3672 ipsum,
3040 3618 3137 3660 seu
3193 3607 3526 3677 codicillum,
3572 3626 3662 3666 va-

2090 3691 2201 3745 lere
2241 3690 2384 3746 volo.
2412 3690 2516 3756 Qui
2546 3707 2675 3747 vero
2719 3693 2896 3764 ipsum
2925 3701 3173 3751 evertere
3222 3702 3537 3766 tentaverit,
3570 3717 3660 3756 ra-

2088 3782 2290 3838 tionem
2324 3783 2513 3838 reddet
2539 3784 2594 3838 in
2633 3783 2722 3839 die
2745 3785 2963 3854 judicii,
3006 3794 3062 3842 et
3102 3803 3316 3856 pinnam
3340 3793 3658 3849 sustinebit.

2159 3874 2215 3928 in
2241 3876 2461 3930 nomine
2485 3859 2689 3941 Patris,
2729 3883 2784 3930 et
2817 3875 2964 3944 Filii,
2993 3884 3049 3932 et
3079 3878 3321 3950 Spiritus
3351 3882 3547 3936 sancti.

2157 4093 2451 4167 Gregorius
2480 4096 2774 4166 episcOpus
2825 4097 3110 4154 catholica:
3149 4100 3661 4176 Constantinopolis

2087 4186 2344 4242 Ecclesia:
2389 4187 2555 4257 relegi
2610 4194 3024 4256 testamentum,
3073 4198 3120 4246 et
3197 4195 3377 4248 omnia
3417 4196 3658 4265 probans

2087 4276 2391 4347 subscripsi
2433 4291 2596 4330 manu
2644 4291 2802 4340 mea,
2851 4285 2905 4332 et
2964 4279 3070 4333 vim
3131 4279 3380 4338 obtinere
3424 4285 3545 4339 volo
3593 4300 3658 4341 ac

2081 4368 2266 4439 jttbeo.

2154 4458 2569 4529 Amphilochius
2602 4459 2892 4530 episcopus
2957 4459 3237 4517 catholicae
3270 4460 3436 4518 Iconii
3470 4462 3657 4521 Eccle-

416 4530 514 4600 τῆς
537 4532 596 4583 ὲν
619 4531 842 4600 Ἰκονίῳ,
872 4529 1059 4602 παρὼν
1091 4533 1158 4601 τῇ
1187 4529 1419 4603 διαθήκῃ
1436 4528 1530 4583 τοῦ
1557 4529 1982 4600 αίδεσιμωτάτου

2089 4551 2183 4606 site
2233 4528 2458 4606 interfui
2511 4528 2843 4607 testamento
2911 4553 3358 4609 reverendissimi
3409 4556 3656 4628 episcopi

417 4623 712 4675 ἐπισκόπου
770 4623 1092 4693 Γρηγορίου,
1149 4623 1242 4676 καὶ
1302 4620 1674 4693 παρακληθεὶς
1724 4623 1855 4692 παρ’
1892 4613 1986 4672 αύ-

417 4711 511 4764 τοῠ
549 4708 682 4781 (45),
718 4711 1009 4782 ὑπέγραψα
1023 4712 1164 4783 χειρὶ
1187 4713 1314 4782 ἐμῇ.

493 4803 758 4872 Ὀπτιμος
811 4801 1106 4864 ἐπίσκοπος
1143 4803 1241 4873 τῆς
1277 4801 1418 4854 κατά
1449 4800 1780 4871 Ἀντιόχειαν
1821 4799 1982 4854 καθοί-

345 4876 360 4882 ’
419 4891 573 4962 λικῆς
612 4893 957 4964 Ἑκκλησίας,
986 4891 1176 4963 παρὼν
1207 4891 1563 4964 διατιθεμένῳ
1593 4893 1702 4962 (44)
1731 4891 1809 4962 τῷ
1842 4891 1985 4944 αἰδε-

486 5108 598 5180 (38)
638 5108 932 5180 Γαμόρᾷς.
962 5105 1080 5162 Vox
1104 5105 1194 5180 illa
1227 5119 1291 5180 ex
1323 5103 1511 5180 Graeco
1531 5102 1725 5180 Latine
1748 5102 1979 5170 reddita,

447 5173 815 5252 ener'est,'et'
845 5173 934 5252 hic
961 5185 1047 5232 est
1073 5175 1230 5252 vocis
1252 5173 1430 5252 hujus
1460 5173 1794 5252 frequentior
1826 5189 1979 5252 usus.

462 5261 616 5300 erum
647 5241 844 5316 lingua:
876 5245 1074 5300 Graecae
1119 5241 1456 5316 peritissimi,
1483 5249 1541 5295 ut
1565 5241 1832 5316 Henricus
1863 5241 1984 5298 Ste-

413 5315 655 5385 phanus,
691 5310 943 5381 Budaeus,
976 5310 1474 5384 etc.,'prolitentur
1511 5310 1762 5433 γαμϐρός
1811 5311 1982 5366 inter-

413 5384 544 5433 dum
596 5385 889 5433 auemlihet
946 5385 1158 5433 amnem
1213 5382 1544 5433 signiﬁcare.
1614 5394 1702 5433 mo
1747 5393 1876 5433 vero
1932 5391 1982 5433 et

411 5382 544 5440 dum
590 5385 889 5454 quemlibet
946 5382 1161 5438 aﬂinem
1209 5382 1544 5454 signiﬁcare.
1575 5382 1702 5454 Almo
1747 5391 1985 5454 vero_et

411 5454 554 5522 apud
587 5447 812 5509 [latinos
839 5454 1028 5509 eadem
1055 5461 1142 5508 est
1169 5447 1441 5520 visltnjus
1470 5450 1620 5522 vocis
1652 5465 1829 5518 gener.
1887 5447 1976 5502 Ju-

409 5520 608 5586 stinus,
642 5522 785 5577 Ηέιι.
818 5522 914 5577 lib.
955 5537 1110 5584 xvttt,
1148 5523 1324 5576 virum
1347 5520 1552 5575 sororis
1585 5533 1843 5590 generum
1889 5533 1984 5588 ap-

409 5593 593 5662 pellat.
625 5591 811 5661 Itaque
854 5609 979 5662 non
1004 5592 1224 5662 proprie
1269 5606 1548 5662 generum,
1589 5586 1682 5644 sed
1702 5586 1980 5662 _Gregorii

411 5655 646 5725 Silinem,
676 5655 768 5730 qui
802 5661 941 5716 forte
968 5655 1385 5730 Eugeniam'vel
1415 5655 1982 5730 NonnamGorgoni-u:

408 5732 615 5787 sororis
661 5725 774 5784 sine
820 5731 985 5784 tiliam
1035 5725 1259 5784 uxorem
1313 5730 1566 5792 duxerat,
1606 5727 1774 5782 fuisse
1813 5725 1979 5780 Mele-

408 5801 543 5854 tium
574 5800 892 5856 existimare
925 5800 1185 5855 debemus
1331 5811 1333 5813 ‘
1522 5811 1529 5818 '

728 5891 999 5954 Psrnm.
1025 5893 1142 5951 Gs.
1182 5889 1505 5952 XXXVII.

2087 4641 2357 4713 Gregorii,
2387 4652 2443 4698 et
2472 4657 2539 4698 eo
2573 4653 2799 4713 rogante
2828 4642 3133 4715 subscripsi
3164 4660 3329 4699 manu
3361 4661 3503 4701 mea.

2159 4816 2408 4887 Optimus
2445 4819 2735 4889 episcopus
2777 4819 3063 4874 catholicae
3089 4819 3440 4873 Antiochena:
3469 4817 3658 4872 Eccle-

2086 4909 2180 4962 sia:
2205 4909 2455 4973 interfui,
2495 4925 2618 4964 cum
2659 4909 3152 4964 reverendissimus
3190 4908 3482 4978 episcOpus
3520 4904 3655 4961 Gre-

2154 5105 2268 5174 (39)
2299 5105 2604 5175 Κάμασον.
2623 5105 2776 5175 βοά.
2811 5105 2980 5175 Chig.
3005 5104 3264 5175 κᾴμοσον.

2154 5170 2267 5242 (40)
2302 5170 2585 5243 Εὑὶρόπῳ
2611 5172 2756 5230 ὄντι.
2786 5170 2944 5229 Cod.w
2956 5170 3113 5243 Chig.
3145 5170 3392 5243 εὐτρότξῳ
3410 5190 3489 5243 τε.

2156 5229 2267 5366 μή
2297 5229 2778 5326 Σιγιςιλιῶνα..1)ο
2816 5229 3098 5324 δίείιιιεηιὶ
3130 5229 3273 5311 apud
3320 5229 3647 5296 Trebellium

2156 5317 2382 5366 itionem
2423 5329 2477 5366 IIl
2501 5313 2728 5366 Claudio
2769 5316 2825 5366 lit
2853 5321 3074 5366 mentio.
3104 5305 3161 5365 In
3201 5325 3267 5365 eo
3320 5318 3645 5364 testamento

2083 5305 2385 5368 Pollionem
2423 5315 2477 5367 in
2501 5313 2728 5368 Claudio
2769 5316 2825 5368 lit
2853 5305 3074 5368 mentio.
3104 5305 3267 5365 In'eo
3320 5318 3645 5364 testamento

2083 5397 2246 5462 voces
2303 5389 2452 5443 sunt.
2499 5383 2700 5462 quibus
2752 5378 3530 5462 vestimenta_signiﬁcantur,
3587 5385 3648 5459 tit

2083 5451 2396 5513 Cumosum,
2433 5449 2529 5505 vel
2553 5451 2867 5516 Comasnm,
2897 5467 3017 5519 quae
3046 5451 3116 5505 ob
3146 5449 3367 5503 nimiam
3403 5449 3645 5519 antiqui-

2085 5530 2247 5577 tatem
2281 5523 2420 5575 inter
2444 5522 2686 5575 cxoticas
2714 5522 2981 5576 abierunt.

2147 5590 2401 5667 (Ig)_.E_l_'t’
2426 5585 2562 5667 ρῦνς.
2601 5589 3154 5667 (ξοᾶΣ-(Σίιὶε-..ῇγουνζ
3225 5656 3239 5667 _
3315 5654 3341 5667 _

2155 5656 2268 5728 με)
2299 5659 2440 5726 ﬂap‘
2470 5660 2675 5712 αὑτοῦ.
2709 5659 2845 5713 Cod.
2867 5656 3020 5728 Chig.
3060 5656 3154 5728 ὑπ’
3180 5656 3368 5728 αὐτοῦ.

2154 5725 2267 5800 (44)
2301 5725 2699 5796 Διάτιθεμένῳ.
2733 5728 2867 5784 Cod.
2898 5725 3054 5798 Cbig.
3085 5725 3405 5796 διαθεμένῳς

3295 5872 3369 5933 13
