4162 6412
642 370 734 424 ιδι
1303 363 1360 418 S.
1399 360 1728 420 GREGORII
1765 332 2015 416 THEOL.
2058 357 2430 418 CARMINUM
2467 357 2668 416 LIBER
2704 360 2742 415 Ι.
2785 356 3245 416 TliEOLOGiCA.
3794 357 3936 419 ιεε

641 478 703 531 Et
735 473 834 546 μὲν
859 472 1015 539 Θεοῦ,
1047 469 1163 536 πῶς
1191 469 1426 542 πρῶτον,
1458 470 1486 522 ὃ
1510 469 1729 540 στρέφει
1755 469 1888 533 Θεός
1912 484 1926 532 ;
2239 477 2286 534 Α
2315 469 2474 524 Ama
2506 471 2558 525 τί
2583 470 2814 540 πάσχεις
2839 469 2963 531 τοὺς
2996 467 3200 532 κακοὺς
3223 467 3367 540 ὁρῶν
3396 469 3577 533 καλῶς

641 562 749 618 Τοῦ
777 562 886 635 γάρ
914 559 1202 622 πλέκοντός
1236 560 1352 611 ἐστι
1381 557 1473 611 καὶ
1501 557 1883 628 μεταπλέκειν.
2321 561 2666 632 Πράττοντας
2696 561 2793 630 (ὡς
2814 559 3074 628 δοκοῦσι),
3104 557 3286 630 σφόδρ’
3319 557 3578 631 είλιγγιᾷ,

641 656 705 708 Et
730 654 774 706 δ’
806 654 868 705 οὐ
900 651 1056 713 Θεοῦ,
1096 648 1208 712 πῶς
1237 648 1450 718 στῆσετ¹
1481 646 1542 712 ἐξ
1572 648 1862 719 ἀναρχίας,
2318 651 2410 720 Μή
2441 667 2524 712 τις
2554 650 2694 720 φορᾷ
2723 649 2798 720 δῷ
2822 649 2921 718 τὴν
2955 647 3116 718 φύσιν
3143 647 3254 701 τῶν
3288 650 3655 719 πραγμάτων,

648 741 713 796 i5
734 743 804 794 Ἢ
830 740 922 794 καὶ
945 739 1121 808 μάχης
1151 736 1246 789 τοῦ
1275 737 1587 806 κρείσσονος
1611 753 1624 802 ;
1655 738 1780 801 Πῶς
1805 739 1849 790 δ’
1875 738 1936 790 οὐ
1962 737 2146 807 μάχης
2319 739 2387 793 50
2433 739 2519 801 Ὠς
2543 739 2644 791 οὐκ
2670 737 3083 800 ἐπιστατοῦντος
3109 738 3240 809 ἡμῖν
3268 737 3504 804 οὐδενός.

657 832 720 885 Ἦ
749 831 858 901 γὰρ
881 828 1134 899 προνοίας
1164 827 1342 899 ἄρσις,
1371 827 1631 899 ἀνταρσις
1657 827 1824 881 Θεοῦ·
2329 827 2390 879 '0
2421 827 2466 878 δ’
2499 827 2659 892 αὐτὸς
2691 821 2799 880 οἶδε
2828 828 2927 898 τὴν
2956 826 3142 880 λύσιν⁴
3176 827 3251 881 Τὸ
3281 827 3387 901 γάρ
3419 828 3574 894 τελός

648 925 709 977 Ei
742 921 818 993 μὴ
845 922 909 973 σὺ
945 921 1116 982 ποιεῖς
1147 919 1241 973 καὶ
1272 919 1406 972 Θεὸν
1436 919 1818 991 πεπρωμένον,
2320 913 2545 967 Πάντων
2574 915 2766 968 σκόπει
2802 932 2916 985 μοι,
2940 916 3126 987 φησιν,
3160 915 3236 981 ὡς
3264 917 3644 990 ἀντίστροφον.

523 1019 532 1026 ’
646 1013 859 1085 Φέροντ’
884 1012 1086 1066 ἄκοντα
1111 1010 1211 1081 τὴν
1239 1009 1444 1080 πλοκῆς
1474 1009 1781 1084 τυραννίδα.
2324 1007 2620 1074 Ἐσπειρας
2643 1021 2657 1037 ·
2693 1005 2813 1076 ὕψει
2843 1006 2945 1077 τῆς
2976 1007 3186 1078 σπορᾶς
3217 1006 3312 1061 καὶ
3341 1007 3432 1061 τὸν
3466 1009 3690 1080 στάχυν.

647 1101 803 1156 Οὕτω
832 1099 931 1170 μὲν
957 1090 1104 1151 οὗτοι
1137 1098 1285 1168 σφῶν
1314 1097 1622 1151 ἁλίσκονται
1655 1098 1856 1166 λόγοις.
2321 1094 2384 1145 Ei
2413 1093 2470 1146 δ’
2497 1094 2710 1162 ἀγνοεῖς
2747 1094 2812 1146 σὺ
2840 1094 2967 1156 τοὺς
2993 1093 3204 1162 λόγους,
3228 1095 3288 1148 οὐ
3325 1095 3421 1150 καὶ
3451 1098 3651 1167 Λόγος·

647 1193 717 1248 ‘20
751 1193 913 1262 Ἡμῖν
936 1191 980 1244 δ’
1003 1191 1126 1258 ἄγει
1160 1192 1259 1260 μὲν
1285 1185 1364 1254 εἷς
1393 1189 1524 1253 Θεὸς
1549 1190 1610 1242 τὸ
1639 1191 1745 1244 πᾶν
1773 1189 1912 1254 τόδε,
2321 1187 2391 1241 35
2415 1185 2546 1240 Οὐδὲ
2571 1184 2698 1256 γάρ,
2732 1186 2780 1239 εί
2820 1185 2884 1238 σὺ
2919 1185 3017 1256 τῆς
3044 1187 3286 1257 γραφῆς,
3315 1187 3408 1242 καὶ
3441 1187 3763 1261 ζωγράφος·

614 1264 616 1266 ’
649 1281 836 1350 Σοφῶς
867 1279 1094 1333 ἑλίσσων
1122 1279 1215 1334 καὶ
1243 1278 1476 1344 πλέκων,
1509 1279 1584 1342 ὡς
1606 1278 1672 1332 ἀν
1697 1278 1847 1350 Θέλῃ,
2323 1276 2445 1331 Οὐδ’
2469 1277 2518 1330 εί
2547 1277 2609 1329 σὺ
2639 1275 2930 1347 γραμμῶν,
2967 1275 3062 1329 καὶ
3088 1278 3412 1352 γεωμέτρης
3445 1279 3474 1332 δ
3499 1279 3580 1335 σύ.

652 1374 777 1435 Τοῖς
810 1370 970 1433 αὐτὸς
995 1369 1158 1428 αὑτοῦ
1185 1369 1415 1439 νεύμασι
1443 1386 1504 1422 τε
1533 1369 1626 1422 καὶ
1650 1369 1850 1438 λόγοις,
2324 1367 2366 1418 Τ
2369 1367 2398 1420 ὸ
2421 1367 2518 1436 μὲν
2546 1365 2874 1435 κατείληφας
2897 1383 2972 1431 τι,
3000 1365 3078 1436 τῷ
3104 1367 3148 1420 δ’
3177 1368 3309 1422 ἕπου
3344 1369 3546 1438 σοφῶς.

653 1462 770 1516 Κᾶν
805 1460 880 1531 μὴ
902 1462 972 1513 τὰ
995 1459 1168 1513 πάντα
1199 1457 1388 1522 δεξιῶς
1411 1456 1660 1527 στρέφειν
1684 1457 1834 1528 δοκῇ.
2329 1459 2514 1511 Ἔστιν
2545 1456 2700 1524 λόγος
2724 1457 2816 1510 καὶ
2845 1455 3022 1518 τοῦτο,
3047 1456 3330 1511 πείθεσθαι
3353 1459 3518 1530 λόγῳ.

723 1551 910 1606 Πολλοί
934 1568 996 1619 γε
1025 1551 1132 1622 μὴν
1167 1549 1432 1620 κάμνουσι
1460 1549 1553 1602 καὶ
1592 1549 1936 1617 σοφωτάτων.
2326 1545 2390 1598 Ei
2419 1545 2593 1598 πάντα
2616 1543 2769 1614 δῆλα,
2801 1543 2903 1597 ποῦ
2932 1544 2994 1598 τὸ
3022 1545 3314 1611 πιστεύειν,
3350 1547 3496 1616 λέγε.

653 1644 725 1696 25
748 1643 871 1705 Τοῖς
898 1642 1012 1713 τῇδ’
1039 1641 1261 1705 ἀνίσοις,
1291 1641 1385 1694 καὶ
1419 1639 1583 1694 πάλαι
1611 1640 1703 1692 καὶ
1725 1637 1818 1694 νῦν
1847 1638 1947 1691 ἔτι.
2327 1635 2396 1692 40
2425 1636 2614 1700 Πίστις
2649 1636 2758 1708 γάρ
2783 1638 2928 1690 ἐστιν
2957 1637 3264 1709 ἀπράγμων
3293 1639 3596 1705 συναίνεσις

655 1733 721 1787 Τί
743 1734 824 1787 δεῖ
845 1733 1020 1801 λέγειν
1049 1731 1328 1797 ἀπανταςς
1355 1730 1492 1785 ἀλλά
1523 1747 1612 1801 μοι
1639 1729 1829 1783 σκόπει
2411 1726 2550 1795 Ἐγὼ
2575 1727 2632 1781 δὲ
2663 1727 2756 1782 καὶ
2780 1728 2924 1784 τοῦτ’
2953 1730 3117 1785 ἐννοῶ
3147 1731 3323 1802 σοφῶς
3347 1733 3476 1797 ἴσως
3493 1749 3512 1766 ο

1164 1911 1220 1964 Si
1247 1910 1463 1980 quidem
1493 1923 1523 1962 a
1558 1907 1690 1980 Deo,
1725 1907 1998 1980 quomodo
2021 1907 2254 1977 primum
2283 1906 2432 1978 quod
2458 1914 2642 1963 versat
2667 1906 2854 1964 Deus?

1163 1978 1312 2034 Illius
1344 1980 1511 2040 enim,
1545 1979 1637 2046 qui
1675 1978 1869 2038 texuit,
1904 1985 1987 2032 est
2019 1985 2072 2030 et
2100 1984 2363 2046 retexere.

1164 2048 1222 2102 Si
1243 2057 1422 2102 autem
1456 2060 1484 2098 a
1513 2045 1621 2101 Deo
1649 2062 1755 2100 non
1789 2056 2097 2118 moventur,
2121 2045 2395 2118 quomodo
2423 2047 2666 2118 stabunt,
2691 2060 2816 2100 eum
2840 2055 3063 2102 careant
3085 2049 3284 2118 capite,

1162 2119 1231 2190 i_5
1268 2118 1375 2190 Aut
1407 2124 1646 2190 pugnent
1672 2124 1862 2190 contra
1895 2116 2292 2190 potentiorem?
2318 2117 2591 2190 quomodo
2615 2130 2852 2187 namque
2879 2132 2987 2172 non
3011 2116 3165 2175 esset
3185 2131 3366 2190 pugna
3384 2118 3412 2174 ἲ

1161 2187 1375 2257 Etenim
1403 2185 1619 2257 Sublata
1653 2185 2014 2257 providentia,
2047 2187 2257 2257 tollitur
2284 2185 2504 2257 quoque
2536 2186 2712 2252 Deus;

1159 2255 1275 2336 ἰξίεί
1304 2264 1366 2336 _tu
1399 2255 1573 2336 Deum.
1587 2254 1796 2336 statuis
1825 2254 1936 2336 fato
1968 2256 2268 2336 alligatum,

1160 2326 1266 2391 Qui
1301 2326 1440 2380 ferat
1467 2325 1635 2394 invite
1668 2339 1842 2380 nexus
1872 2325 2237 2394 tyrannidem.

1163 2396 1257 2449 Sic
1282 2394 1430 2449 enim
1457 2393 1534 2447 illi
1558 2395 1787 2448 suismet
1809 2393 2102 2462 capiuntur
2137 2393 2338 2448 verbis.

1158 2464 1230 2534 20
1263 2463 1428 2534 Nobis
1460 2470 1639 2534 autem
1675 2477 1817 2518 unus
1846 2462 1991 2518 Deus
2019 2463 2156 2534 regit
2183 2463 2326 2534 hanc
2356 2462 2795 2534 universitatem,

1165 2532 1454 2602 Sapienter
1483 2532 1707 2587 volvens
1736 2542 1791 2587 et
1817 2540 2068 2602 nectens,
2087 2532 2161 2587 'ut
2190 2533 2448 2597 voluerit,

1163 2601 1294 2656 Suis
1324 2602 1441 2671 ipse
1467 2602 1692 2656 nutibus
1723 2615 1787 2655 ac
1817 2601 2146 2666 rationibus,

1159 2669 1422 2737 Quamvis
1446 2685 1552 2726 non
1581 2672 1765 2724 omnia
1795 2678 1944 2726 recte
1970 2669 2242 2727 moderari
2271 2670 2540 2727 videatur.

1233 2739 1393 2812 Multi
1419 2739 1638 2812 quidem
1676 2748 2002 2809 torquentur
2028 2742 2194 2795 etiam
2226 2741 2370 2812 inter
2397 2740 2863 2812 sapientissimos,

1157 2811 1230 2866 25
1267 2809 1349 2864 0b
1383 2808 1806 2878 iniequalitatem
1839 2824 2043 2873 rerum,
2068 2818 2182 2864 tuin
2207 2811 2359 2874 olim,
2385 2808 2498 2864 tum
2524 2811 2686 2865 etiam
2717 2827 2883 2865 nunc.

1162 2879 1305 2946 Quid
1336 2893 1562 2935 necesse
1591 2885 1674 2934 est
1705 2887 1938 2933 cunctos
1971 2879 2215 2935 referre?
2246 2881 2340 2936 sed
2368 2881 2530 2935 velim
2566 2880 2841 2944 attendas,

1164 2948 1355 3020 9avidi
1385 2948 1515 3018 quid
1551 2947 1832 3020 acciderit.
1864 2947 2036 3003 Malos
2063 2964 2298 3020 cernens
2326 2964 2591 3020 prospero

1165 3019 1366 3097 lterum
1396 3015 1542 3073 statu
1569 3015 1762 3097 ilorere
1785 3016 1877 3097 (ut
1901 3019 2158 3097 nonnulli
2192 3015 2498 3088 videntur),
2529 3019 2880 3076 vehementer
2909 3019 3148 3092 angitur,

1165 3085 1388 3142 Veritus
1415 3101 1484 3142 ne
1513 3087 1638 3155 quis
1663 3085 1817 3141 casui
1847 3086 2050 3141 tribuat
2076 3087 2219 3143 hanc
2251 3085 2502 3142 naturain
2527 3103 2729 3152 rerum,

1164 3157 1235 3212 50
1266 3155 1346 3210 Ae
1372 3155 1545 3226 veluti,
1569 3170 1728 3211 nemo
1761 3155 1855 3226 sit,
1877 3157 1970 3226 qui
2001 3157 2160 3213 nobis
2191 3159 2396 3226 praesit.

1165 3228 1238 3296 ᾼι
1270 3226 1500 3296 ipsemet
1533 3225 1680 3296 hunc
1705 3225 1908 3296 nodum
1933 3234 2095 3281 norat
2130 3225 2340 3283 solvere
2366 3245 2378 3280 :
2401 3225 2588 3283 Finem
2619 3227 2766 3283 enim

1166 3294 1368 3368 [terum
1399 3295 1642 3368 omnium
1661 3295 1960 3368 considera
1989 3297 2146 3368 mihi,
2175 3297 2374 3368 inquit,
2397 3313 2561 3367 quam
2587 3302 2658 3352 sit
2678 3298 3011 3354 contrarius.

1169 3364 1468 3437 Seminasti
1496 3384 1509 3420 :
1534 3363 1744 3437 videbis
1773 3381 1839 3422 ex
1867 3365 2076 3437 semine
2105 3363 2514 3437 provenientem
2540 3369 2804 3437 culmum.

1254 3442 1313 3518 t_u
1346 3433 1512 3503 hujus
1541 3434 1619 3515 rei
1647 3433 2302 3518 ignorasrationesnnon
2335 3452 2430 3492 eas
2459 3436 2676 3518 ignorat
2703 3435 2962 3517 Verbum.

1157 3505 1228 3578 '_5_5
1264 3503 1448 3578 Neque
1473 3505 1642 3567 enim,
1669 3503 1715 3578 si
1745 3513 1803 3558 tu
1823 3506 2060 3578 pictura
2085 3507 2328 3578 rationes
2356 3503 2560 3567 nescis,
2588 3521 2683 3562 eas
2707 3507 2872 3578 etiam
2903 3507 3078 3562 nescit
3113 3507 3308 3578 pictor.

1162 3572 1620 3648 Eeque’demum,
1652 3573 1698 3628 si
1732 3582 1790 3628 tu
1823 3572 2089 3648 linearum
2113 3576 2277 3648 rudis
2307 3592 2389 3638 es,
2419 3583 2722 3648 geometres
2753 3576 2910 3648 rudis
2932 3584 3038 3640 est,
3071 3572 3297 3648 perinde
3325 3594 3388 3634 ac
3415 3584 3497 3632 tu.

1166 3641 1288 3716 [ioc
1310 3642 1532 3716 quidem
1566 3650 1622 3716 tu
1649 3644 1962 3716 percepisti,
1995 3645 2049 3698 in
2078 3644 2200 3700 aliis
2235 3641 2738 3716 autem'acquiesce
2767 3646 3045 3716 sapienter
3071 3641 3084 3701 Ξ

1166 3711 1418 3785 [talionis
1436 3711 1580 3766 enim
1606 3711 1752 3766 istud
1780 3711 1885 3785 est,
1913 3714 2293 3785 obtemperare
2323 3711 2548 3785 rationi:

1166 3781 1229 3835 Si
1258 3789 1458 3852 e_uncta
1489 3790 1617 3836 sunt
1650 3783 1960 3852 perspicua,
1990 3781 2119 3847 dic,’
2139 3783 2394 3848 obsecro,
2427 3784 2518 3837 ubi
2548 3783 2617 3838 sit
2645 3782 2801 3841 ﬁdes.

1158 3849 1429 3924 40_Fides
1451 3853 1594 3924 enim
1627 3849 1857 3924 simplex
1885 3863 1969 3908 est
1997 3860 2058 3924 et
2088 3853 2219 3908 nihil
2255 3861 2612 3924 perscrutans
2646 3868 2934 3911 assensus.

1231 3919 1343 3992 Ego
1377 3935 1508 3978 vero
1537 3921 1668 3976 illud
1696 3919 1861 3977 etiam
1889 3923 2092 3993 cogito,
2125 3919 2403 3993 sapienter
2430 3923 2616 3978 forsan
2642 3942 2655 3978 :

739 4100 812 4156 25
843 4101 950 4157 Καί
977 4099 1160 4155 πάλαι
1193 4100 1288 4172 καί
1319 4100 1437 4155 νῦν
1461 4100 1568 4154 ἐτι.
1605 4099 1735 4154 Τιιηι
1768 4099 2123 4168 superioribus
2145 4118 2244 4154 δίε-
2351 4117 2380 4155 a

2351 4104 2634 4172 amplexus
2660 4109 2764 4169 est,
2797 4115 2890 4160 eas
2920 4101 2973 4156 in
2997 4111 3170 4159 morte
3202 4116 3324 4172 eum
3351 4101 3720 4172 acerbissimis
3757 4100 3903 4172 dolo-

672 4174 828 4235 cutis,
868 4182 976 4224 tum
1006 4172 1106 4224 isto
1133 4171 1294 4226 etiam
1321 4180 1566 4238 tempore.
2348 4170 2501 4228 ribus
2532 4179 2848 4236 commutat,
2884 4181 2938 4228 et
2967 4179 3179 4227 contra.
3232 4171 3470 4228 BILLIUS.
3519 4170 3684 4228 Leuv.
3734 4171 3900 4238 Quam

740 4241 810 4295 26
845 4243 1163 4306 Ἂπαντας.
1201 4239 1326 4294 Vat.
1360 4240 1599 4310 ἅπαντα.
2112 4309 2144 4310 η
2345 4242 2391 4294 is
2420 4251 2666 4297 accurate
2703 4241 3033 4310 respondeat.

742 4311 827 4382 '92
853 4310 951 4382 'qu
977 4311 1397 4382 ἀντίστροφον.
1448 4309 1621 4375 Quam
1650 4310 1720 4364 sit
1754 4310 2070 4382 contrarius.
2103 4309 2237 4365 Nam

2413 4311 2479 4365 37
2512 4312 2738 4380 Σοφῶς.
2767 4309 3010 4368 Combei'.
3053 4311 3181 4382 legit
3211 4312 3414 4381 σοφοῖς,
3445 4311 3578 4365 artis
3604 4309 3799 4378 peritas
3826 4324 3902 4362 u-

674 4379 767 4450 qui
797 4379 1020 4435 delicias
1052 4387 1107 4434 et
1149 4381 1452 4448 voluptates
1474 4393 1570 4448 per
1597 4395 1813 4435 omnem
1843 4381 1965 4436 vitae
2013 4395 2237 4436 cursum
2342 4397 2517 4452 quare.

1972 4555 2302 4616 METRICA
2335 4555 2631 4617 VERSIO.

673 4739 956 4796 Nectentis
990 4738 1191 4793 etenim
1220 4746 1305 4809 est
1331 4745 1544 4795 vertere
1569 4738 1621 4795 id
1653 4739 1798 4808 quod
1826 4741 2028 4795 nexuit.
2277 4747 2320 4802 Β
2345 4742 2586 4804 Florere,
2620 4749 2678 4794 ut
2709 4739 2811 4809 ipsi
2841 4739 3114 4808 iudicant.
3150 4739 3314 4796 Valde
3346 4748 3564 4807 aestuat,

674 4809 733 4866 Si
767 4825 875 4865 non
910 4817 1158 4864 movetur
1191 4823 1220 4862 a
1253 4808 1769 4881 Deo,ex_a_narchia
1932 4879 1942 4881 _
2345 4811 2424 4881 Ne
2450 4818 2645 4864 cuncta
2677 4808 2880 4864 temere
2911 4809 3181 4880 quispiam
3219 4809 3346 4865 ferri
3374 4820 3544 4881 putet,

675 4881 1223 4960 Stabuntne,_pugna
1250 4879 1334 4960 vel
1369 4877 1462 4933 Dei
1481 4879 1717 4960 ?APugn_a
1743 4879 2023 4960 estuenim.
2345 4880 2457 4960 Ifiec
2478 4894 2604 4960 esse
2626 4877 2980 4960 quemquam,
3007 4877 3197 4960 nostra
3230 4881 3323 4949 qui
3358 4877 3598 4960 prudens
3633 4886 3803 4950 regat.

673 4949 810 5020 Nam
842 4948 1336 5020 provideiitemqui
1365 4958 1546 5020 negat,
1582 4948 1929 5020 béllumDeu
2343 4950 2414 5020 ᾼι
2449 4948 2611 5020 solvit
2640 4948 2787 5020 istud
2819 4949 3071 5018 ipsemet.
3102 4948 3292 5005 Finem
3324 4948 3568 5004 omnium

673 5017 894 5090 Infert:
924 5017 1185 5090 Deumﬂni
1211 5017 1352 5075 forte
1373 5017 1600 5090 fatalem
1631 5019 1867 5084 invehis,
2347 5019 2569 5090 Specta,
2599 5019 2786 5090 inquit
2812 5017 2925 5083 ille,
2957 5035 3230 5090 quamque
3263 5021 3332 5074 sit
3365 5021 3698 5074 contrarius.

675 5088 780 5156 Qui
814 5089 1066 5144 nexionis
1092 5088 1306 5145 illibens
1331 5088 1441 5144 vim
1472 5089 1718 5145 suii'erat.
2345 5087 2503 5155 Quod
2531 5087 2846 5154 seminat-is,
2869 5087 3055 5145 certus
3084 5087 3188 5143 hoc
3223 5091 3440 5142 tandem
3477 5099 3666 5145 metes.

677 5159 916 5229 Suismet
950 5159 1086 5229 istos
1117 5159 1198 5213 sic
1225 5159 1378 5214 vides
1406 5157 1573 5214 dictis
1605 5160 1750 5229 capi.
2345 5159 2536 5229 ignota
2562 5159 2704 5213 ratio
2734 5160 2779 5213 si
2805 5159 2903 5214 tibi
2933 5166 3037 5222 est,
3067 5175 3175 5212 non
3208 5167 3291 5213 est
3324 5160 3430 5213 Deo
3466 5178 3479 5212 :

674 5227 937 5298 Mundam
961 5228 1402 5298 gubernatunus
1433 5235 1490 5281 at
1515 5227 1687 5284 nobis
1702 5227 1866 5291 Deus,
2349 5227 2533 5298 Ignota
2561 5244 2688 5282 nam
2722 5229 2767 5283 si
2799 5229 2954 5282 linea:
2980 5239 3082 5291 est,
3114 5229 3314 5283 tabul:e
3343 5237 3396 5284 et
3425 5229 3547 5291 tibi,

677 5295 1107 5368 Sapienter'ipse
1137 5295 1361 5352 nutibus
1387 5300 1614 5368 volvens
1644 5298 1784 5368 suis,
2350 5295 2648 5368 Utriusque
2682 5301 2835 5352 novit
2861 5299 3002 5352 hanc
3030 5300 3111 5353 vel
3147 5299 3287 5352 hanc
3321 5307 3502 5352 tamen
3537 5297 3759 5351 artifex.

673 5367 1020 5437 Nectensque
1046 5373 1242 5421 cuncta
1273 5381 1502 5437 prorsus
1533 5367 1600 5421 ad
1630 5367 1844 5437 libitum
1873 5380 2056 5433 suum,
2347 5367 2603 5434 Quadam
2634 5367 2751 5437 ipse
2781 5369 2924 5422 nosti
2952 5386 2966 5420 :
2994 5368 3046 5421 in
3079 5369 3291 5437 caeteris
3320 5380 3439 5422 esto
3468 5383 3692 5437 sequar.

676 5435 946 5508 Quaedam
963 5443 1183 5508 putetur
1211 5435 1440 5508 volvere
1458 5435 1599 5490 haud
1632 5443 1779 5508 recte
1803 5435 1951 5508 licet,
2345 5435 2778 5508 Prudentis'lroc
2807 5444 3050 5508 estnam
3083 5439 3207 5498 viri,
3240 5436 3418 5492 Verbo
3453 5435 3703 5508 obs—equi.

749 5505 902 5561 Multi
930 5505 1201 5572 laborant,
1232 5515 1286 5562 et
1311 5505 1530 5576 quidem
1561 5507 1718 5576 sopiti
1751 5505 2043 5563 admodum
2351 5509 2406 5562 Si
2443 5514 2639 5563 cuncta
2669 5507 2838 5574 clara,
2865 5507 2956 5561 dic
2982 5508 3139 5562 velim
3169 5508 3304 5562 tides
3335 5508 3448 5560 ubi.

677 5576 744 5648 Et
767 5589 942 5648 nunc,
977 5585 1029 5630 et
1063 5577 1215 5642 olim,
1252 5577 1530 5648 disparem
1553 5576 1622 5648 ob
1651 5576 1773 5630 vitae
1805 5585 2028 5648 Statum.
2349 5578 2590 5648 Simplex
2623 5577 2868 5646 profecto
2897 5585 3132 5633 estnam
3167 5576 3602 5648 iidesiassensio.

680 5645 901 5718 ﬁel'erre
924 5653 1153 5718 cunctos
1179 5645 1311 5718 quid
1343 5644 1536 5702 decet?
1560 5644 1786 5718 Spectes
1810 5647 1966 5700 velim
2351 5716 2389 5718 ﬂ
2416 5644 2560 5714 Quin
2587 5644 2720 5701 illud
2750 5648 2915 5718 etiam
2946 5647 3150 5718 cogito,
3183 5647 3328 5703 haud
3360 5644 3543 5718 forsan
3576 5644 3740 5700 male.

679 5714 848 5770 David
881 5715 1009 5784 quid
1034 5716 1148 5788 ipse
1177 5714 1399 5782 sentiat,
1429 5729 1661 5771 cernens
1684 5715 1856 5772 malos
2348 5716 2488 5784 Non,
2520 5732 2643 5774 cum
2676 5716 2913 5784 venires,
2950 5714 3052 5774 ista
3081 5718 3306 5787 promisi
3339 5717 3458 5783 tibi,
