4162 6412
316 414 421 478 509
1355 422 1597 479 SECTIO
1637 423 1676 480 Ι.
1715 424 2043 481 ΡΟΕΜᾹΤΑ
2086 427 2302 484 υΟΟΜΔ

2005 427 2043 480 Α
2086 427 2217 484 DOG
2227 428 2480 484 MATICA
2492 473 2504 485 .

3461 434 3564 494 διδ

317 537 396 592 ,Δι’
414 535 471 589 δν
490 535 641 605 ἥλιος
670 533 841 607 προλά
850 551 1002 605 μπει,
1151 535 1442 606 ὐμότιμος
1463 537 1541 607 τῷ
1564 537 1800 603 τεκόντι,
2005 540 2483 611 Ἀκατασκόπητον
2515 542 2707 613 αὐγὴν,
2824 545 2941 598 Ἵνα
2963 544 3171 611 δοξάσω
3192 544 3252 597 τὸ
3274 544 3416 599 θεῖον

315 632 395 684 Δι’
416 629 526 684 ὂψό
546 629 744 701 δρόμος
766 628 1015 700 σελήνης,
1136 625 1207 680 20
1264 628 1359 691 Ὃς
1432 628 1745 698 ἐφήρμοσεν
1830 629 1894 682 τὰ
2009 631 2324 704 Ἐφορῶσαν
2343 633 2399 685 δὲ
2421 632 2491 685 τὰ
2515 635 2713 697 πάντα,
2830 638 3014 701 Ὀσίας
3034 640 3221 708 χεῖρας
3244 639 3487 708 ἐπαίρων

317 724 395 777 Δι’
416 721 475 776 ὃν
510 723 725 793 ἄστρων
764 721 908 792 μέγα
942 719 1070 787 κάλ-
1591 718 1817 791 [πάντα.
1996 726 2169 791 Βάθος
2191 726 2341 781 οὐδὲν
2365 720 2664 796 ἀγνοοῦσαν
2819 728 2939 782 Ἵνα
2961 729 3193 800 Χριστὸν
3217 728 3514 798 εὐλογήσω,

861 812 997 885 [λοςν
1142 808 1259 865 Ἵύα
1285 811 1502 865 πάντων
1528 811 1843 885 βασιλεύσῃ.
1996 819 2064 874 55
2150 819 2283 872 Ἀπὸ
2359 819 2462 890 γῆς
2556 820 2748 892 μέχρις
2817 820 2887 876 45
2940 821 3068 874 Γὸνυ
3129 820 3394 891 κάμπτων
3458 821 3569 874 ἱκε-

321 904 388 962 10
442 906 521 960 Δι’
543 906 602 960 ὃν
638 904 964 977 ἄνθρωποςὸ
984 921 1072 957 σε·
1140 903 1553 975 Περιλάμϐανον
1573 904 1629 956 δὲ
1658 905 1833 957 πάντα
2383 909 2672 982 [ἀϐύσσου.
3300 911 3498 984 [τεύσω

846 998 1001 1071 [μνδς
1145 997 1335 1065 Ἀγιον
1359 997 1583 1069 Πνεῦμα
1607 997 1668 1051 τὸ
1693 997 1833 1051 θεῖον
1997 1002 2201 1074 Πάτερ,
2232 1003 2389 1065 ἵλεως
2408 1003 2569 1071 γενοῦ
2600 1020 2709 1073 μοι.
2818 1001 2953 1054 Τότε
2981 1001 3305 1072 προσλαϐεῖν
3346 1019 3413 1072 με
3444 1002 3565 1056 δοῦ-

325 1096 526 1166 Ἐλαχε
550 1097 688 1149 νοεῖν
714 1095 776 1148 τὸ
805 1095 966 1160 θεῖον,
1144 1091 1380 1162 Προνοού
1390 1108 1548 1161 μενον
1571 1090 1857 1159 φυλάσσει.
1997 1097 2096 1150 Διὰ
2118 1095 2316 1158 παντὸς
2341 1094 2667 1166 θεραπεύειν
3362 1094 3493 1165 [λον.

321 1189 553 1258 Δογικὸν
587 1189 723 1252 ζῶον
755 1189 1034 1259 ὑπάρχων.

321 1281 394 1334 Σὺ
421 1280 531 1352 γὰρ
552 1280 771 1345 ἔκτισας
804 1280 872 1334 τὰ
890 1262 1074 1335 ’πάντα

322 1373 583 1445 Παρέχων
604 1374 755 1438 τάξιν
778 1375 1014 1445 ἑκάστῳ,

324 1463 394 1519 15
421 1464 668 1535 Συνέχων
727 1483 787 1518 τε
838 1469 902 1536 τῇ
938 1482 1072 1538 προ-

838 1556 999 1628 [νοίᾳ.

322 1649 491 1718 Λόγον
507 1645 686 1714 εἴπας,
711 1650 868 1704 πέλεν
892 1650 1071 1722 ἔργον.

328 1736 388 1793 Ὀ
412 1740 581 1809 Λόγος
608 1758 699 1793 σου
725 1740 855 1805 Θεὸς
879 1741 1003 1804 Υἱός
1021 1756 1036 1772 ο

332 1832 642 1903 Ὀμοούσιος
663 1833 770 1904 γάρ
796 1836 965 1895 ἐστιν,

1141 1186 1212 1240 25
1230 1186 1433 1257 Τριάδα
1451 1185 1630 1249 ζῶσαν
1652 1185 1760 1257 ὲρῶ
1777 1202 1859 1248 σε,

1145 1277 1283 1331 Ἕνα
1302 1280 1393 1332 καὶ
1413 1281 1573 1349 μόνον
1598 1279 1894 1349 μονάρχην,

1998 1189 2071 1242 Τὸ
2120 1187 2370 1257 σέϐασμα
2425 1184 2616 1250 τοῦτο,
2660 1185 2749 1250 δός
2822 1185 2940 1239 ”Οτ’
2971 1186 3192 1259 ἀνέλθῃ
3220 1187 3534 1257 βασιλεύων.

2538 1276 2676 1350 [μοι.
2819 1280 3024 1351 Πάτερ,
3052 1280 3210 1344 ἵλεως
3232 1281 3387 1349 γενοῦ
3420 1299 3530 1352 μοι,

1142 1372 1307 1425 ⁴Ῑιύσιν
1329 1373 1617 1445 ἄτρεπτον,
1643 1372 1895 1443 ἄναρχον,

1143 1463 1309 1516 Φύσιν
1334 1462 1522 1528 οὐσίας
1546 1464 1849 1533 ἀφράστου,

2002 1374 2082 1427 Τά
2106 1375 2151 1427 δ’
2173 1373 2547 1445 ἁμαρτήματα
2571 1371 2746 1442 ῥῖψον,
2823 1372 3012 1426 Ἔλεον
3037 1373 3130 1425 καὶ
3156 1373 3314 1443 χάριν
3349 1372 3494 1443 εὕρω
3513 1390 3527 1405 ·

1997 1466 2067 1519 40
2090 1466 2163 1518 Τὸ
2207 1464 2444 1527 συνειδὸς
2496 1462 2750 1517 ὲκκαθαί-
2820 1465 2889 1521 50
2935 1467 3057 1518 ’Ότι
3092 1463 3219 1529 δόξα
3269 1466 3363 1518 καὶ
3408 1465 3568 1535 χάρις

1145 1555 1345 1625 Σοφίας
1368 1556 1492 1609 νοῦν
1516 1556 1825 1625 ἀνέφικτον,
2541 1554 2677 1627 [ρων
3391 1554 3502 1627 [σοι

1144 1646 1211 1702 '50
1264 1646 1477 1718 Κράτος
1537 1647 1781 1717 οὐρανῶν
1834 1646 1899 1701 ἄ·-
2012 1650 2144 1705 Ἀπὸ
2169 1650 2349 1721 πάσης
2376 1649 2685 1711 κακονοίας,
2824 1648 3020 1720 Ἀχρις
3040 1647 3235 1711 αἰῶνος
3255 1647 3513 1720 ἀμέτρου.

1518 1738 1823 1811 imam“:
2476 1760 2596 1812 AA’.
2633 1759 2845 1829 ’Ύμνος
2882 1759 3093 1825 ἄλλος.

1148 1834 1313 1904 Ἀτερ
1345 1832 1538 1904 ἀρχῆς»
1571 1832 1896 1904 ἀπέραντθνν
2004 1852 2137 1920 Δόξα
2168 1850 2289 1923 Θεῷ
2322 1850 2402 1921 τῷ
2436 1851 2634 1923 Πατρὶ,
2666 1851 2760 1904 καὶ
2787 1848 2903 1922 Υἱῷ
2931 1849 3274 1922 παμϐασιὶῆῖ
3294 1866 3305 1884 ·

462 2006 822 2081 288289
855 2005 957 2062 Per
980 2023 1139 2081 quem
1172 2007 1254 2062 sol
1283 2007 1446 2072 lucet,

461 2077 566 2129 Per
597 2093 759 2144 quem
784 2077 993 2131 cursus
1022 2078 1186 2138 lunre,

463 2146 568 2199 Per
594 2143 757 2215 quem
785 2146 1026 2200 siderum
1056 2146 1252 2201 eximia
1284 2143 1657 2214 pulchritudo,

361 2214 428 2269 l0
464 2216 567 2268 Per
592 2214 754 2284 quem
792 2216 954 2269 homo
990 2215 1319 2270 venerabilis

461 2283 807 2356 gensecutus
824 2295 928 2356 _est
960 2283 1138 2356 divini
1160 2285 1401 2356 numinis
1428 2284 1819 2356 cognitionem,

461 2352 600 2422 gum
629 2355 700 2406 sit
735 2354 948 2408 ratione
963 2354 1259 2422 .prazlitum
1289 2352 1515 2408 animal.

461 2421 542 2474 Tu
569 2423 713 2476 enim
746 2424 946 2477 creasti
978 2421 1182 2489 omnia,

462 2490 633 2545 Suum
664 2494 969 2548 attribuens
995 2492 1238 2547 ordinem
1264 2493 1507 2559 cuilibet,

355 2559 426 2614 15
463 2560 527 2632 ξι
553 2568 646 2614 tua
680 2563 993 2632 gubernans
1025 2562 1389 2631 providentia.

462 2629 704 2701 Xerbum'
726 2632 934 2697 dixisti,
972 2629 1112 2701 opus
1139 2632 1372 2689 exstitit.

459 2699 697 2772 Yerbum
733 2711 904 2772 tuum,
939 2699 1080 2756 Dens
1116 2709 1350 2772 tuusque
1376 2700 1548 2758 Filius
1570 2708 1679 2759 est.

463 2768 717 2837 Ejusdem
751 2770 898 2825 enim
925 2781 1133 2825 natura)
1157 2768 1263 2833 est,

460 2837 529 2909 Et
552 2841 779 2909 aequalis
810 2840 1018 2895 honore
1046 2839 1265 2896 Parenti

356 2906 429 2962 20
465 2906 569 2979 Qui
594 2906 777 2963 omnia
804 2912 1223 2979 coagmentavit,

468 2976 537 3031 Ut
569 2978 822 3035 omnibus
856 2976 1101 3048 imperet.

462 3047 840 3116 Complectens
871 3047 1051 3104 autem
1077 3065 1261 3105 omn.a

467 3115 703 3191 Spiritus
730 3126 955 3191 sanctus
988 3122 1084 3190 qui
1111 3123 1227 3191 ipse
1259 3120 1404 3177 Deus
1432 3126 1544 3189 est,

463 3184 731 3242 Providus
759 3184 1014 3242 custodit.

358 3254 431 3309 25
472 3253 656 3308 Vivam
688 3256 1010 3310 Trinitatem
1041 3266 1093 3313 te
1123 3259 1301 3314 dicam

469 3324 648 3394 Unum
678 3334 844 3394 atque
874 3326 1096 3380 unicum
1130 3329 1507 3392 monarcham,

464 3391 723 3467 {ﬂaturam
753 3391 1176 3467 immutabilem,
1210 3398 1463 3467 principii
1493 3401 1794 3467 expertem,

461 3460 722 3533 Naturam
753 3463 1004 3520 essentia:
1034 3460 1342 3533 ineﬂ‘abilis,

469 3532 758 3604 Sapientia:
787 3543 1023 3591 mentem
1058 3532 1379 3607 imperviam

2030 2006 2100 2062 50
2137 2005 2328 2061 Robur
2357 2005 2621 2061 cmlorum
2651 2004 3067 2072 inconcussum,

2135 2077 2354 2147 Absque
2382 2075 2672 2147 principio,
2699 2075 2905 2147 absque
2932 2074 3057 2141 line,

2134 2145 2285 2200 Nulli
2320 2145 2560 2214 unquam
2592 2145 2767 2199 visum
2802 2145 3006 2209 lumen,

2135 2214 2567 2286 Rrespicientem
2600 2215 2807 2286 omnia,

2134 2283 2292 2356 Nihil
2307 2285 2390 2341 vel
2417 2283 2907 2356 profundissimum
2937 2284 3278 2356 ignorantem

2029 2355 2101 2410 55
2137 2355 2184 2427 ᾼ
2216 2363 2363 2411 terra
2391 2352 2567 2427 usque
2594 2353 2663 2408 ad
2693 2352 2919 2427 inferos.

2135 2424 2319 2496 ljater,
2354 2422 2627 2496 propitius
2653 2431 2772 2479 esto
2801 2422 2975 2490 mihi;

2137 2494 2370 2566 Semper
2392 2494 2575 2566 colere

2132 2561 2347 2621 Numen
2374 2564 2524 2621 istud
2553 2564 2623 2619 da
2657 2561 2818 2630 mihi,

2134 2634 2366 2691 Peccata
2388 2642 2570 2689 autem
2602 2649 2722 2689 mea
2756 2631 2983 2704 projice,

2028 2702 2098 2758 40
2134 2704 2545 2761 Couscientiam
2577 2702 2819 2773 purgans

2133 2773 2218 2841 Ab
2244 2774 2393 2828 omni
2427 2773 2570 2826 mala
2598 2773 2955 2841 cogitatione,

2142 2840 2213 2912 Ut
2242 2844 2365 2897 dem
2401 2842 2631 2912 gloriam
2661 2840 2772 2897 Deo

2133 2910 2307 2967 Puras
2336 2910 2530 2967 tollens
2561 2927 2779 2978 manus,

2144 2980 2220 3037 Ut
2246 2983 2465 3038 Christo
2499 2982 2845 3048 benedicam,

2028 3055 2100 3112 45
2136 3050 2203 3124 Et
2230 3068 2371 3124 genu
2399 3050 2539 3108 ﬂexo
2569 3054 2871 3123 supplicem

2139 3120 2210 3193 Ut
2235 3120 2324 3179 ine
2354 3130 2485 3179 tunc
2516 3120 2782 3193 suscipiat
2804 3141 3021 3182 servum
3048 3138 3208 3182 suum

2136 3192 2370 3264 Quando
2403 3195 2615 3264 venerit
2644 3192 2992 3264 regnaturus.

2140 3262 2321 3333 Pater,
2353 3263 2623 3333 propitius
2653 3262 2770 3318 esto
2797 3266 2955 3330 mihi.

2141 3329 2569 3401 Misericbrdiam
2597 3338 2652 3386 et
2682 3334 2909 3401 gratiam
2939 3332 3243 3401 inveniam;

2037 3401 2105 3456 50
2141 3400 2277 3470 Nam
2304 3402 2474 3470 gloria
2501 3411 2555 3455 et
2574 3398 2874 3469 gratiarum
2901 3406 3044 3459 actio
3077 3402 3176 3457 tibi
3199 3398 3455 3468 debetur,

2142 3468 2201 3524 In
2229 3468 2491 3541 perpetua
2514 3468 2736 3526 saecula.

1042 3696 1047 3703 κ
1620 3644 1809 3701 XXXI.
1837 3644 2077 3717 Hymnus
2109 3644 2294 3702 alius‘.

824 3743 1011 3799 Gloria
1034 3742 1148 3800 Deo
1174 3742 1327 3801 Patri
1362 3752 1417 3801 et
1444 3742 1587 3801 Filio
1614 3744 1858 3800 omnium
1888 3742 2218 3799 dominatori
2248 3760 2263 3798 :

400 3902 420 3923 ‘
456 3898 606 3955 Alias
641 3896 783 3952 Toll.
823 3898 927 3965 l5,
956 3914 1078 3970 pag.
1110 3898 1201 3955 9i.

403 4050 567 4107 XXX.
593 4053 627 4107 9
658 4053 917 4119 Κάλλος.
946 4053 1069 4109 Vat.
1100 4054 1275 4117 κλέος.

395 4122 468 4177 22
502 4121 972 4192 Περιλάμϐανον.
1004 4125 1083 4177 lta
1117 4123 1286 4181 Coisl.
1322 4123 1467 4179 Edit.
1534 4124 1902 4197 παραλαμϐά-

327 4206 470 4332 νῑῗό
503 4259 785 4332 ρύρανῶν
799 4258 1149 4332 ἄπταιστον.
1178 4260 1546 4318 Coislinianus
1561 4262 1730 4319 codex
1746 4263 1805 4317 οὐ
1812 4279 1909 4332 ρα-

327 4330 475 4396 νιων,
504 4330 799 4384 Vaticanus
826 4338 1004 4385 autem
1035 4331 1332 4385 ἄπαυστον.

397 4402 468 4458 54
498 4401 693 4466 Βάθος
712 4398 892 4452 οὐδὲν
918 4399 1282 4469 άγνοοῦσαν.
1313 4401 1738 4473 Profundissima
1771 4416 1913 4472 qna:-

324 4486 423 4542 que
452 4478 834 4541 penetrantem.

2071 4053 2141 4108 46
2178 4052 2335 4108 Τότε.
2370 4048 2600 4105 Forsan.
2631 4047 2792 4101 ὥστε.
2826 4074 2897 4086 --
2920 4044 2999 4098 Ita
3041 4040 3395 4105 Benedictini,
3433 4041 3581 4110 quod

2000 4126 2143 4179 male
2177 4121 2481 4191 conjectum
2531 4117 2765 4191 videtur,
2808 4130 2932 4191 cum
2974 4113 3179 4191 nullum
3215 4112 3381 4191 ali_u_m
3417 4110 3583 4180 hujus

2003 4181 2505 4249 carminis'versum
2544 4186 2789 4241 invenias
2827 4183 2906 4238 sic
2936 4182 3122 4252 pedem
3154 4181 3583 4252 amphimacrum

2008 4278 2110 4332 pro
2144 4267 2419 4330 anapaesto
2446 4257 2815 4332 recipientem.
2844 4250 3117 4332 Caeterum
3141 4250 3261 4332 τότε
3290 4250 3462 4303 vicem
3493 4264 3586 4303 an-

2006 4322 2328 4393 tecedentis,
2358 4339 2417 4383 ut
2447 4322 2620 4392 aiunt,
2651 4324 2809 4397 gerit,
2837 4333 2962 4379 ante
2989 4322 3065 4375 ὅτ’
3087 4322 3172 4386 ἄν,
3206 4330 3409 4385 tum,...
3440 4334 3582 4376 cum.

2010 4400 2313 4470 (Ouum)

2080 4470 2151 4523 47
2186 4463 2395 4538 Ἐλθῃ.
2428 4467 2591 4524 Coisl.
2627 4463 2806 4536 ἔλθῃς.

1629 4625 1962 4686 METRICA
1996 4623 2296 4686 VERSIO.

1923 4752 1969 4806 Β
1996 4745 2294 4813 Aciemque
2313 4742 2473 4813 cujus
2495 4754 2718 4796 omnem
2830 4735 2901 4813 Ut
2926 4734 3157 4806 gloriam
3183 4733 3278 4813 tibi
3302 4732 3449 4813 dem,

2004 4805 2273 4885 Splendor
2292 4805 2426 4884 fugit
2443 4825 2753 4885 supremus.
2829 4805 3003 4885 Eurus
3026 4820 3222 4859 manus
3246 4805 3299 4857 in
3322 4805 3495 4885 altum

2830 4875 3071 4939 Tollens,
3097 4885 3397 5011 canarnqule
3419 4869 3583 4924 Chri-

3365 4948 3510 4993 stum
3531 4958 3546 4994 :

3365 4948 3510 4993 stum
3531 4958 3546 4994 ἶ

2827 5011 2983 5066 Genu
3006 5018 3297 5080 petamque
3318 5011 3471 5074 nixo,

2827 5084 3087 5136 Assumat
3111 5089 3167 5132 ut
3188 5081 3465 5141 clientem,

2825 5152 2909 5205 Ad
2938 5160 3153 5218 sceptra
3179 5164 3302 5203 cum
3326 5148 3547 5201 redibit.

2827 5220 3012 5284 Lenis,
3030 5217 3209 5281 Pater,
3237 5217 3369 5270 mihi
3391 5218 3469 5272 sis
3493 5236 3507 5270 :

2828 5290 2905 5344 Da
2931 5301 2981 5345 te
3007 5290 3136 5343 mihi
3158 5289 3452 5357 benignum
3478 5305 3491 5340 :

324 4748 499 4817 Quem
533 4748 680 4802 lucet
712 4747 1075 4818 obqueth-
1138 4745 1225 4818 δη
1248 4761 1354 4800 non
1387 4745 1434 4801 is
1453 4745 1749 4810 ordinavit,

892 4817 1039 4888 [bus,
1143 4816 1212 4888 Ut
1234 4818 1457 4888 imperet
1476 4818 1801 4885 quibusque.

326 4888 409 4959 Ob
425 4898 583 4959 quem
602 4902 866 4956 sororque
883 4886 1075 4959 currit,
1141 4887 1210 4959 ᾼι
1243 4886 1482 4954 Spiritus
1512 4901 1773 4941 coercens

326 4957 393 5011 Ει
417 4954 563 5013 astra
588 4954 812 5028 pulchra
834 4957 979 5018 coeli,
1150 4954 1213 5028 Yi
1234 4963 1436 5028 _cuncta
1469 4956 1810 5024 praepotenti,

326 5023 864 5097 Obquentquenosse
880 5040 1078 5078 numen
1146 5023 1425 5097 Guberna_t
1446 5023 1498 5097 et
1515 5023 1724 5097 tuetur.

330 5091 485 5152 Nae-ti
510 5091 703 5152 sumus
730 5109 1045 5165 supremum
1148 5095 1192 5165 ρ
1224 5094 1345 5146 viva
1376 5091 1639 5158 Trinitas,
1676 5102 1729 5148 te

325 5161 1081 5236 Nos.contigitquibusmens.
1151 5161 1331 5216 Unum
1404 5177 1597 5216 canam
1663 5175 1906 5236 _monar-

326 5236 462 5289 Nam
486 5231 682 5290 cuni-1a
709 5231 765 5290 tu
791 5235 1011 5297 creasti,
1164 5300 1181 5303 _
1232 5302 1239 5303 ί
1423 5301 1431 5303 Α
1663 5231 1867 5303 [cbam,

330 5306 393 5359 Et
414 5307 661 5361 ordinem
687 5305 884 5360 dedisti
1150 5300 1317 5372 Origo
1346 5301 1433 5355 cui
1468 5316 1569 5355 nec
1599 5300 1705 5372 ulla

324 5376 773 5444 Qunctis.etlnec
791 5376 1081 5444 gubernas.
1152 5371 1268 5444 Est,
1293 5372 1471 5444 versio
1502 5386 1601 5425 nec.
1631 5371 1738 5444 ulla
1766 5387 1779 5424 :

326 5442 569 5503 Locutus
588 5461 668 5507 es,
699 5441 907 5512 ruitque
1152 5442 1531 5512 Exceditges‘se
1562 5441 1723 5512 cujus

327 5515 524 5569 Statim
549 5514 692 5584 quod
719 5531 777 5569 es
810 5509 1043 5568 locutus.
1153 5510 1433 5584 Sermonis
1458 5525 1618 5564 omne
1641 5509 1807 5584 robur
1830 5525 1845 5563 :

328 5585 520 5639 Sermo
543 5579 667 5639 tuus
696 5584 945 5653 Deosque
1152 5580 1461 5653 Sophiaque
1488 5587 1666 5634 mente
1688 5579 1847 5653 cujus

328 5653 446 5723 _Est,
469 5662 628 5710 natus
650 5661 724 5720 et,
751 5650 957 5723 tibique
1153 5650 1305 5723 Nulla
1343 5656 1519 5719 potest
1544 5650 1713 5723 teneri
1744 5666 1758 5701 :

328 5721 580 5793 Essentia
615 5719 821 5793 parenti
871 5719 886 5723 “
1152 5720 1287 5793 ρωιί
1312 5733 1549 5788 perenne
1568 5719 1757 5793 robur,

331 5792 452 5861 l'ar,
475 5810 536 5849 ac
565 5789 770 5849 honore
795 5808 1020 5863 prorsus
1152 5791 1285 5846 Ortu
1310 5802 1610 5857 carensque
1634 5789 1759 5847 line.

1997 4882 2128 4954 Qure
2147 4882 2667 4954 cuiicta'contueris,

2001 4947 2174 5023 Quam
2199 4955 2276 5007 nil
2300 4952 2620 5023 humilatet,
2647 4947 2723 5000 nil

2000 5017 2065 5080 Et
2090 5026 2144 5077 in
2172 5022 2307 5074 mari
2336 5017 2631 5089 profundo.

2001 5093 2184 5153 Lenis,
2212 5086 2389 5151 Pater,
2413 5088 2544 5141 mihi
2568 5086 2683 5140 sis:

2003 5164 2077 5216 Da
2105 5176 2303 5214 numen
2330 5156 2476 5213 istud
2499 5172 2529 5210 a
2553 5170 2637 5209 me

1999 5233 2226 5288 Colatur
2247 5234 2448 5297 absque
2473 5226 2597 5280 line.

2000 5304 2265 5369 Absterge
2294 5294 2414 5367 quae
2440 5294 2668 5366 patravi,

2002 5356 2234 5428 ﬂentem
2310 5356 2487 5422 ineain
2561 5378 2757 5433 repur-
2827 5360 3024 5417 Grates
3060 5400 3075 5426 ,
3150 5356 3318 5413 decus
3360 5356 3583 5433 _decent

2542 5426 2720 5507 ἰθέης,
2827 5500 2846 5507 _
3020 5499 3033 5507 .
3244 5497 3257 5507 _
3359 5426 3552 5499 [quem

2003 5511 2082 5568 Ne
2105 5510 2232 5583 quid
2258 5507 2387 5563 mali
2408 5497 2613 5563 voluiét
2638 5523 2651 5558 :
2704 5497 2713 5501 ⁷
2827 5500 2886 5555 1η
2911 5499 3071 5555 saecla
3096 5497 3445 5554 saeculorum.

2487 5609 2638 5648 XXXI.
2680 5606 2891 5646 HYINUS
2928 5604 3103 5643 ALIUS.

2392 5688 2493 5759 (Α.
2522 5687 2589 5742 Β.
2621 5682 2835 5741 Cai'tlau
2865 5677 3189 5753 interprete.)

1960 5782 1982 5800 '
2005 5782 2188 5840 Gloria
2218 5795 2425 5839 summa
2458 5777 2629 5845 Patri,
2659 5787 2873 5832 sunnuo
2899 5786 2998 5845 par
3026 5770 3198 5843 gloria
3227 5769 3419 5837 Nato;

3664 676 3749 687 —
3770 678 3779 683 -
3818 676 3833 685 ι
