4132 6452
313 371 454 426 eo:
1447 321 1693 422 saeuo
1735 363 1796 421 ιι.
1843 360 2172 420 POEMATA
2201 359 2532 419 MORAL-IA.
3515 358 3625 417 sos

321 488 460 551 Ὀς
494 487 590 543 καὶ
616 485 880 557 γλυκεῖαν
915 485 1016 558 τὴν
1043 483 1198 538 νόσον
1229 485 1376 538 ποιεῖ
1411 481 1608 546 δοκεῖν,

424 581 498 632 Ὃ
522 580 621 650 τῆς
648 578 868 641 ἀνοίαςι

325 693 360 745 ⁴Ι
377 693 465 747 ὢ
501 693 716 764 Ὠσπερ
739 691 854 762 χέοι
883 708 942 744 τε
970 689 1167 762 χρυσὸν
1201 691 1266 742 ὲκ
1293 687 1692 758 γλωσσαλγίας.

426 784 497 837 Β.
543 782 696 852 Ἔχει
727 781 837 852 γὰρ
862 778 1056 844 οὕτως,
1085 781 1162 844 ὠς
1192 779 1397 850 λέγεις.

322 894 413 945 Α.
463 890 634 944 ’Δλλα
661 889 707 944 δ’
739 889 829 942 ἐπ’
860 891 1040 955 ἄλλοις
1063 889 1262 962 κύματ’
1299 890 1655 962 ὲξεγείρπαι,

429 979 617 1052 Θυμοῦ
652 979 911 1044 πνέοντος

343 1095 545 1158 Ἴσως,
582 1093 712 1157 ἴσως
736 1093 794 1148 δὲ
827 1095 1126 1166 χρημάτων
1167 1093 1297 1159 ἴσως
1334 1095 1498 1150 πόθου
1519 1110 1533 1125 ⁸

439 1203 539 1258 160
575 1205 832 1258 maiorut.
865 1203 976 1274 γάρ
1009 1205 1145 1258 εἰσιν
1175 1206 1232 1258 αἱ
1257 1206 1452 1274 πάγαι.

346 1319 441 1373 οὐ
472 1319 562 1372 τὸν
601 1318 828 1390 χεθένντα
854 1319 1025 1373 δεινὸν
1063 1320 1224 1389 ὅρκον
1256 1319 1447 1372 οἴεται.

437 1415 503 1464 Β.
543 1412 658 1464 Οὐκ
697 1412 868 1464 οἴεται
897 1410 1025 1480 γάρ.

358 1528 437 1577 Α.
475 1523 631 1593 Τῷδ’
665 1523 977 1595 ὲμμένοντι,
1005 1521 1104 1592 φεῦ
1133 1521 1329 1585 τάλαςῑ
1361 1522 1746 1594 συμπνῐγεται.

437 1615 504 1668 Β.
543 1613 755 1685 Ὠσπερ
780 1611 1026 1685 γραφεὺς
1051 1607 1104 1664 ei
1126 1610 1220 1664 τοῦ
1261 1611 1485 1676 πάθους.

361 1725 473 1780 165
505 1729 575 1780 Α.
605 1723 822 1780 Πείθειν
848 1723 1056 1795 νομίζει
1091 1723 1172 1795 τῷ
1204 1723 1546 1779 ἀπειθεῖσοαι
1579 1723 1765 1789 πλέον,

437 1818 537 1871 ’Δν
564 1816 642 1891 μὴ
675 1814 837 1891 νοηθῇ
849 1853 866 1870 .

1978 482 2022 539 Α
2052 477 2116 530 Τί
2137 478 2218 530 δεῖ
2245 477 2418 546 λόγων
2450 495 2532 530 σοι
2561 475 2842 542 πλειόνων,
2873 477 2942 531 ἂν
2967 471 3050 541 εἷς
3076 479 3288 549 κρατῇς

2114 572 2182 622 Β.
2222 567 2435 638 ΜόχΘος
2461 569 2718 639 περισσὸς
2750 568 2974 639 δηλαδή.

2035 666 2100 714 Α.
2147 659 2364 730 Ὀρέων
2387 659 2444 713 δὲ
2479 659 2531 712 τί
2561 658 2642 711 δεῖ
2679 658 2958 723 πλειόνων,
2988 657 3056 714 ἂν
3085 652 3167 722 εἷς
3200 657 3413 729 κρατῇς

2114 751 2213 806 170
2255 749 2320 803 Β.
2361 747 2477 803 Οὐκ
2505 749 2688 818 οἴομαί
2718 764 2802 816 γε.

2044 843 2110 895 Α.
2147 840 2220 893 Τὸ
2252 839 2454 909 πλῆθος
2486 834 2579 891 οὖν
2609 837 2894 909 γνώρισμα
2928 835 3031 906 τῆς
3056 836 3117 889 οὐ
3148 835 3404 899 πίστεως.

2115 933 2182 984 Β.
2222 930 2336 982 Οὐκ
2369 928 2515 981 ἐστιν
2542 927 2736 990 ἄλλως,
2769 921 2826 980 εὖ
2859 925 3058 994 λέγεις.

2033 1029 2102 1076 Α.
2143 1022 2214 1075 ’Ἡ
2251 1020 2494 1092 μηδόλως
2521 1014 2616 1072 οὖν
2649 1017 2892 1088 ὀμνύειν,
2925 1017 3139 1087 ἢεῐπου
3160 1015 3300 1068 τινά.

2112 1115 2180 1166 Β.
2221 1110 2379 1166 Τοῦτ’
2407 1107 2476 1182 ἦν
2509 1110 2752 1181 ἄριστον.

2046 1205 2148 1259 175
2185 1209 2253 1258 Α.
2292 1198 2386 1268 Εἷς
2415 1204 2482 1258 ἂν
2508 1202 2800 1274 τρέπηται.
2825 1199 2922 1254 καὶ
2949 1198 3010 1251 τὸ
3036 1199 3140 1251 πᾶν
3167 1197 3524 1268 τραπήσεται.

2114 1299 2180 1350 Β.
2220 1293 2402 1348 Καλοῦ
2440 1310 2502 1362 γε
2527 1292 2623 1344 τοῦ
2658 1289 3021 1361 σοφίσματοςι

2043 1375 2111 1440 Α’.
2153 1387 2309 1438 Εἴποι
2346 1385 2430 1447 τίς
2463 1383 2551 1446 ἂν,
2590 1383 2652 1436 τὸ
2683 1381 2887 1452 πλῆθος
2918 1379 2995 1443 ὡς
3018 1375 3365 1440 πιστεύεταις

2114 1481 2180 1532 Β.
2221 1475 2473 1547 Νομίζεθ*
2498 1475 2690 1538 οὕτως.

2034 1573 2102 1623 Α.
2154 1569 2224 1621 Ἦ
2257 1568 2352 1621 καὶ
2381 1566 2528 1620 κόνιν
2559 1564 2773 1626 συνθεὶς
2805 1563 2871 1616 σὺ
2900 1562 3072 1624 ποιεῖς
3107 1558 3366 1633 χρυσίον;

2122 1658 2224 1713 180
2261 1660 2327 1714 Β.
2369 1657 2465 1721 Τίς
2492 1657 2537 1709 δ’
2567 1657 2744 1720 ἄλλος,
2773 1655 2806 1727 ἢ
2841 1653 2982 1724 τίςή
3012 1651 3204 1721 φύσις;

2037 1754 2106 1806 Δ.
2161 1751 2256 1802 Ἐκ
2282 1747 2542 1801 πλειόνων
2567 1747 2646 1814 δὲ,
2677 1746 2762 1810 τις
2786 1745 2962 1815 λόγος,
2993 1735 3410 1808 ἀπιστουμένων

2121 1838 2311 1891 Πίστιν
2339 1836 2589 1905 γενέσθαι
2607 1851 2623 1902 ;

865 1987 969 2056 Qui
1001 1989 1161 2046 etiam
1201 1989 1382 2056 eliicit,
1410 2003 1470 2047 ut
1496 1992 1677 2049 dulcis
1715 1993 1941 2050 morbus
1975 1992 2244 2060 videatur,

937 2060 982 2116 0
1014 2063 1289 2116 vesaniam
1311 2063 1323 2114 l

865 2129 976 2207 £55_
1015 2131 1183 2207 Quasi
1217 2145 1410 2207 aurum
1438 2146 1502 2207 ex
1539 2132 1737 2207 lingua;
1767 2134 2051 2207 prurigine
2084 2133 2396 2206 profundat.

936 2201 1001 2254 Β.
1045 2199 1122 2254 Ita
1157 2217 1218 2255 se
1247 2216 1334 2258 res
1369 2201 1554 2266 habet,
1591 2199 1649 2256 ut
1680 2199 1838 2270 dicis.

864 2268 938 2327 Α.
968 2271 1073 2325 Alii
1105 2278 1286 2325 autem
1320 2286 1386 2325 ex
1425 2272 1549 2328 aliis
1580 2268 1840 2328 ﬂuctibus
1875 2276 2208 2340 excitantur,

932 2342 1014 2395 Ira
1044 2341 1287 2409 spirante

864 2413 1138 2472 Forsitan.
1171 2409 1397 2463 forsitan
1420 2409 1664 2479 pecunia:
1687 2424 1874 2466 amore
1911 2431 1925 2467 :

930 2483 1032 2539 160
1069 2480 1210 2533 Sunt
1239 2484 1382 2550 etaim
1406 2478 1625 2550 plurimi
1648 2480 1866 2550 laquei.

863 2554 980 2609 Non
1013 2564 1175 2673 [gave
1205 2549 1280 2602 illi
1309 2545 1525 2603 videtur
1548 2545 1935 2620 jusjurandum
1963 2547 2109 2618 quod
2136 2545 2347 2602 elfudit.

932 2624 998 2673 Β-
1077 2635 1145 2673 eu
1185 2634 1318 2673 sane
1359 2619 1592 2672 videtur.

932 2624 998 2679 Β.
1028 2619 1145 2673 Neu
1185 2634 1318 2674 sane
1359 2619 1592 2672 videtur.

868 2696 936 2747 Δ.
974 2691 1080 2746 Sed
1109 2688 1179 2742 ab
1205 2704 1269 2743 eo
1303 2689 1446 2758 quod
1491 2689 1638 2742 intus
1664 2696 1869 2751 manet,
1902 2688 2008 2743 heu
2041 2686 2240 2741 miser!
2277 2683 2597 2740 sull‘ocatur.

935 2763 998 2816 B.
1031 2758 1210 2813 Veluti
1250 2759 1424 2827 pictor
1459 2758 1723 2827 esltujus
1758 2759 1953 2812 morbi.

866 2831 970 2886 165
1007 2831 1072 2884 Α.
1102 2821 1286 2882 Fidem
1317 2828 1426 2898 sibi
1458 2821 1702 2883 adhiberi
1733 2836 1907 2898 putat,
1943 2840 2066 2882 cum
2108 2825 2412 2895 denegatur
2452 2821 2706 2884 maxime,

937 2899 995 2955 Si
1029 2915 1135 2953 non
1178 2897 1528 2966 intelligatur.

870 2971 1012 3038 Quid
1043 2983 1184 3038 opus
1215 2975 1299 3021 est
1332 2959 1581 3037 pluribus
1607 2961 1933 3025 rationibus,
1959 2961 2006 3017 si
2030 2975 2136 3015 una
2164 2959 2397 3016 vicerit?

933 3041 1000 3095 B.
1030 3039 1210 3092 Labor
1242 3038 1494 3091 videlicet
1515 3049 1974 3104 supervacaneus.

865 3113 932 3166 Α.
963 3108 1295 3176 Juramentis
1321 3104 1449 3176 quid
1474 3097 1739 3176 pluribus
1765 3119 1904 3173 Opus
1930 3110 2035 3167 est,
2056 3101 2101 3159 si
2136 3115 2304 3156 unum
2330 3097 2562 3155 vicerit?

945 3179 1049 3232 170
1078 3177 1141 3230 Β.
1179 3175 1330 3228 Haud
1359 3175 1607 3245 equidem
1627 3175 1884 3228 arbitror.

866 3249 933 3302 Α.
967 3245 1252 3302 Multitudo
1281 3239 1445 3314 igitur
1481 3243 1740 3297 Indicium
1767 3254 1850 3297 est
1883 3243 2043 3314 [idem
2069 3239 2349 3312 denegari.

933 3319 1001 3372 B.
1033 3316 1150 3372 Non
1172 3313 1330 3370 aliter
1350 3331 1410 3370 se
1431 3329 1518 3368 res
1547 3314 1728 3376 habet,
1766 3323 1913 3368 recte
1942 3313 2102 3368 dicis.

864 3389 929 3445 Α.
967 3386 1064 3457 Vel
1093 3387 1258 3457 igitur
1288 3383 1510 3438 omnino
1533 3397 1641 3457 non
1677 3381 1887 3449 iurare,
1921 3383 2004 3437 vel
2038 3382 2231 3438 saltem
2266 3392 2413 3433 raro.

935 3457 998 3511 Β.
1035 3455 1089 3512 ld
1117 3452 1339 3520 quidem
1365 3459 1510 3508 esset
1533 3452 1820 3520 Optimum.

864 3529 970 3581 175
1000 3527 1068 3581 Α.
1104 3527 1280 3580 Unum
1326 3527 1372 3578 si
1403 3527 1638 3576 violetur
1672 3527 1736 3590 (jt

935 3598 997 3654 Β.
1032 3596 1077 3652 0
1111 3595 1411 3665 appositam
1436 3591 1736 3665 rationem!

1153 3539 1280 3579 num
1326 3524 1372 3578 si
1403 3515 1638 3576 violetur
1672 3518 2117 3591 (juramentum),
2147 3517 2331 3574 omnia
2370 3515 2662 3572 violantur.

863 3651 947 3722 Α(
969 3651 1288 3734 Forte'q'uis
1316 3662 1514 3734 dixerit
1530 3656 1882 3734 multitudini
1912 3654 2070 3710 (idem
2091 3651 2337 3723 adiungi.

933 3737 998 3791 Β.
1031 3736 1124 3791 Sic
1150 3731 1400 3791 eiruidem
1423 3731 1778 3786 arbitrantur.

861 3809 927 3859 A.
963 3791 1215 3874 Nunquid
1249 3812 1304 3858 tu
1338 3804 1611 3874 pulverem
1643 3813 1943 3871 congerens
1977 3808 2168 3874 aurum
2195 3791 2399 3847 ellicis?

937 3876 1040 3931 -l80
1073 3863 1135 3930 Β.
1172 3875 1307 3941 Quis
1336 3863 1464 3928 vero
1495 3873 1656 3932 alius.
1699 3863 1886 3941 quaeve
1919 3863 2153 3941 natura?

871 3948 940 4001 Α.
990 3930 1122 4012 Qua:
1152 3930 1292 3999 ratio
1318 3930 1672 4012 essepolest,
1696 3930 1754 3995 ιὶι
1783 3955 1849 3994 ex
1885 3936 2158 4008 pluribus,
2181 3947 2302 4002 qua:
2335 3930 2440 3984 ﬁde
2472 3939 2696 3993 carent,

929 4010 1090 4072 Fides
1123 4010 1476 4070 obtineatur?

443 4176 544 4232 {Si
571 4175 655 4243 Τῷ
689 4171 780 4240 σῷ
815 4171 1038 4243 φθορεῖ.
1080 4169 1398 4239 Corruptore
1434 4176 1548 4226 tuo,
1590 4159 1641 4215 id
1683 4166 1788 4222 est,
1817 4154 1939 4209 dia-

375 4248 511 4301 bolo.

447 4296 544 4372 {5'5
574 4316 706 4371 Χέοι
734 4333 820 4370 τε.
852 4313 943 4367 Sic
973 4309 1260 4381 legendum
1300 4305 1533 4360 videtur.
1566 4298 1710 4354 Edit.
1778 4296 1940 4349 έοντι.
2042 4296 2202 4372 habet
2233 4342 2234 4353 η

448 4387 545 4434 ltiti
584 4389 693 4434 Ἀν-
723 4386 802 4434 μὴ
841 4379 1056 4434 νοηθῆ.
1092 4380 1152 4434 Si
1199 4396 1303 4433 non
1341 4374 1690 4434 intelligatur.
1718 4317 1870 4434 ἆυοά
1897 4363 1945 4419 si
2039 4365 2234 4414 sidera.

448 4387 545 4442 166
584 4389 693 4443 "Ar
716 4386 802 4458 μὴ
841 4374 1056 4451 νοηθῇῖ
1092 4380 1152 4437 Si
1199 4396 1303 4433 non
1341 4374 1690 4444 intelligatur.

2038 4150 2190 4207 rabie
2219 4157 2394 4209 actus,
2427 4159 2527 4198 nec
2561 4144 2696 4215 satis
2733 4144 3107 4215 suirompos,
3149 4144 3251 4199 alia
3281 4159 3347 4198 ex
3386 4144 3506 4198 aliis
3525 4143 3618 4215 iit-

2040 4227 2283 4294 ramenta
2308 4215 2534 4294 evomit.
2566 4214 2799 4294 Combef.
2833 4214 2954 4294 ΒΨ.
2985 4216 3184 4294 omisit.
3211 4215 3379 4269 Coisl.
3414 4219 3510 4284 pro
3531 4214 3610 4289 id;

2042 4292 2202 4345 habet
2233 4285 2343 4359 μοί.
2374 4284 2466 4339 Sic
2499 4286 2624 4356 legit
2649 4284 2817 4340 Leuv.
2872 4283 3104 4354 Denique
3125 4286 3170 4338 si
3199 4301 3304 4338 rem
3331 4283 3468 4340 recte
3489 4283 3617 4338 co'n-'

1673 4559 2010 4624 METRICA
2035 4551 2313 4615 VERSIO

376 4743 592 4799 Dulcem
618 4741 789 4796 videri
823 4738 917 4812 qui
948 4738 1046 4794 tibi
1077 4737 1324 4793 morbum
1371 4733 1524 4807 facit,

439 4815 482 4868 Ο
511 4812 865 4868 stoliditatem
881 4811 894 4863 l

374 4901 446 4958 Ut
474 4901 519 4956 si
549 4901 761 4971 loquaci
801 4905 1020 4971 gutture
1047 4911 1239 4971 aurum
1271 4894 1532 4948 l'unditcs.

439 4972 506 5026 Β.
543 4969 633 5024 Ita
650 4980 732 5026 est
760 4969 823 5024 ut
847 4971 963 5039 ipse
993 4969 1234 5022 nuntias.

375 5062 440 5116 Α.
475 5060 719 5122 Fluctus.
753 5059 983 5116 subinde
1014 5058 1108 5114 sed
1138 5056 1263 5111 novi
1291 5063 1543 5126 surgunt,
1583 5055 1769 5109 furens

439 5132 573 5188 Cum
601 5132 772 5202 spirat
808 5131 914 5194 ira,

374 5219 469 5274 Vel
498 5222 636 5275 forte
661 5236 801 5275 saeva
839 5234 960 5274 eum
990 5218 1110 5272 sitis
1149 5216 1412 5287 pecuniae.

444 5289 716 5346 Permulta
745 5305 871 5344 nam
901 5297 1030 5344 sunt
1051 5289 1206 5343 retia.

372 5380 543 5448 Quem
567 5381 744 5436 fundit
761 5381 1010 5441 horcum,
1030 5388 1163 5432 tunc
1185 5377 1329 5433 enim
1355 5373 1498 5430 haud
1524 5373 1675 5428 ducit
1697 5385 1938 5443 gravem.

445 5451 510 5504 Β.
554 5450 670 5505 Non
707 5451 858 5504 ducit
880 5448 1152 5519 equidem.

371 5541 440 5596 Α.
494 5541 603 5610 Sed
644 5540 964 5604 sull‘ocatur,
995 5548 1214 5610 pectore
1239 5536 1386 5591 hunc
1408 5534 1452 5589 si
1479 5532 1760 5605 presserit.

443 5610 510 5665 Β.
556 5609 728 5666 Morbi
761 5613 967 5681 peritas
998 5609 1170 5680 pictor
1199 5623 1279 5662 es.

375 5701 441 5755 Α.
482 5697 668 5754 Fidem
711 5699 955 5768 arrogari
981 5707 1126 5768 tunc.
1155 5694 1279 5766 sibi,
1303 5691 1476 5763 magis
1511 5697 1684 5762 putat,

444 5767 581 5824 Cum
621 5784 781 5824 nemo
806 5767 976 5823 credit

1969 4733 2010 4787 Β
2039 4722 2175 4778 Cum
2205 4735 2384 4776 sermo
2412 4720 2580 4775 vincit
2608 4735 2770 4782 unus,
2809 4733 2876 4774 an
2921 4718 3108 4774 multis
3139 4716 3311 4789 opus?

2115 4791 2177 4845 Β.
2219 4790 2397 4846 Labor
2420 4791 2702 4845 hicinanis
2735 4790 2962 4844 scilicet.

2047 4862 2113 4917 A.
2151 4861 2360 4914 Horcos
2386 4861 2431 4914 si
2462 4861 2644 4927 vincat
2676 4860 2890 4921 unicus,
2923 4857 3052 4927 quid
3087 4855 3336 4923 pluribus

2118 4929 2266 4996 Opus
2294 4930 2414 4985 est?
2454 4929 2519 4981 Β.
2567 4926 2715 4996 Opus
2746 4927 2846 4980 nil.

2046 5001 2113 5053 A.
2148 4988 2308 5051 Horci
2339 5013 2468 5066 ergo
2495 4988 2697 5066 plures,
2731 5010 2837 5048 non
2876 4993 2971 5066 tibi
2998 4990 3145 5046 credi
3171 4988 3440 5060 judicant.

2116 5068 2180 5121 Β.
2213 5066 2281 5121 Ut
2309 5063 2550 5133 loqueris
2581 5067 2650 5118 ita
2683 5079 2742 5118 se
2764 5079 2852 5117 res
2883 5063 3064 5116 habet.

2044 5137 2116 5191 A.
2144 5136 2352 5189 Horcos
2381 5128 2465 5188 vel
2497 5149 2689 5204 omnes
2719 5135 2881 5204 igitur
2912 5139 3006 5185 aut
3035 5130 3236 5185 multos
3256 5128 3402 5200 l‘uge.

2114 5205 2191 5275 Β.
2211 5204 2494 5275 Sapienter
2517 5203 2681 5259 istud.

2046 5275 2114 5328 Α.
2150 5267 2302 5328 Unus
2333 5274 2490 5327 cadat
2518 5289 2640 5327 nam
2671 5272 2715 5328 si
2762 5271 2972 5335 irritus,
3007 5269 3193 5323 cuncti
3227 5267 3443 5324 cadent.

2111 5343 2187 5414 Β.
2204 5343 2370 5397 [lecte
2391 5343 2608 5414 quidem
2635 5351 2692 5414 tu
2715 5341 2981 5412 disputas.

2047 5413 2113 5468 Α.
2152 5413 2344 5466 Horcis
2364 5410 2613 5473 habetur,
2643 5410 2867 5476 dixeris,
2899 5413 3084 5467 multis
3112 5410 3266 5466 ﬁdes.

2118 5483 2184 5538 B.
2211 5481 2302 5536 Sic
2327 5483 2683 5537 arbitrantur.

2049 5557 2116 5608 Α.
2150 5552 2421 5606 Junctone
2450 5552 2620 5605 multo
2651 5551 2872 5620 pulvere
2903 5549 3029 5606 hinc
3058 5563 3251 5605 aurum
3282 5542 3456 5602 facis!

2120 5622 2191 5676 B.
2225 5621 2426 5674 Natura
2462 5635 2689 5690 prorsus
2727 5621 2831 5674 hoc
2861 5628 3024 5675 vetat.

2051 5694 2089 5745 Α
2106 5691 2231 5762 ._Ex
2257 5685 2598 5762 pluribusne,
2621 5699 2826 5762 cuncta
2859 5706 2980 5762 quae
3007 5695 3230 5748 careant
3253 5685 3379 5753 ﬁde,

2111 5759 2295 5815 Fidem
2324 5760 2637 5816 obtinebis?
