4140 6452
395 429 492 484 851

406 544 763 599 Ἕνδεικτικόν
791 562 842 598 τι
867 545 962 600 καὶ
991 545 1157 615 γέμον
1185 541 1492 616 παρρησίας

393 636 499 689 245
529 635 650 688 Οὐδ’
681 636 879 706 εἴριξέν
907 654 978 688 τι.
1013 636 1117 687 Τὸν
1146 635 1317 706 κακίᾳ
1339 633 1719 703 τεθλασμένον,

399 727 700 782 ’Λκλαστον
728 727 872 796 ἔσχε.
903 726 1014 797 Τὴν
1047 726 1240 796 φρενὸς
1269 724 1476 795 κουφὴν
1503 723 1676 792 φλόγα

395 817 618 870 Σϐἑσειν
641 817 787 885 λέγει
823 817 941 886 μὲν,
973 817 1049 879 ὡς
1073 816 1130 868 δὲ
1155 816 1388 887 χρηστὸς
1414 815 1674 885 φείδεται,

405 909 496 971 Ὠς
528 909 593 961 ἂν
619 910 866 980 κρατήσῃ
891 908 970 978 τῷ
1003 907 1161 980 πράῳ
1188 908 1248 960 τὸ
1277 907 1555 975 συγγενές.

397 997 632 1051 Τοιαῦτα
660 999 754 1051 καὶ
780 999 1017 1052 τοσαῦτα
1049 998 1140 1051 τοῦ
1181 997 1274 1051 σοῦ
1301 998 1591 1051 Δεσπότου.

395 1089 501 1143 2ΰο
529 1083 643 1155 Οἷς,
670 1090 735 1144 ἄν
761 1094 819 1143 τί
850 1090 1096 1159 πάσχοις,
1122 1087 1512 1158 ἀντισηκώσεις
1536 1088 1604 1142 τὰ
1629 1087 1717 1153 σά,

396 1174 514 1228 Κᾶν
548 1175 702 1229 πάνθ’
737 1177 996 1246 ὑποστῇς,
1030 1175 1091 1228 τδ
1129 1178 1290 1231 πλέον
1326 1177 1662 1248 λελείῴεταν

395 1263 568 1334 Εἴπερ
595 1264 655 1317 τὸ
682 1265 910 1334 πάσχειν
942 1265 1186 1335 κρίνεται
1213 1266 1348 1338 πρὸς
1376 1267 1552 1332 ἀξίαν.

480 1355 664 1425 Ἀρκεί
686 1354 798 1408 τάδ’
821 1356 953 1425 ἡμῖν
982 1355 1177 1425 εὐγενῆ
1217 1357 1580 1426 παιδεύματα,

395 1441 626 1494 Πλακῶν
656 1441 810 1512 νόμοι
841 1459 900 1494 τε
935 1443 1029 1496 καὶ
1065 1444 1255 1514 τρόποι
1283 1445 1392 1498 τῶν
1428 1446 1487 1510 ἐξ
1515 1446 1672 1518 ὅρους
1702 1487 1716 1510 ,

393 1533 502 1586 255
529 1532 591 1584 Εἰ
617 1531 698 1585 δεῖ
725 1549 778 1584 τι
807 1531 1013 1598 τούτοις
1035 1535 1396 1606 προστεθῆναι
1428 1537 1520 1590 καὶ⁴
1549 1536 1734 1600 νόθονς

394 1625 505 1677 Καὶ
529 1627 712 1696 χεῖρον
732 1624 883 1679 οὐδέν
900 1641 914 1656 °
947 1625 1020 1690 ὥς
1047 1645 1098 1681 τι
1136 1628 1240 1682 κᾶν
1270 1631 1383 1691 τοῖς
1410 1618 1629 1698 χείροσι

395 1717 517 1769 Τῶν
549 1717 879 1788 κρεισσόνων
904 1733 963 1770 τε
996 1718 1090 1772 καὶ
1123 1718 1291 1788 φίλων
1318 1717 1667 1791 δρεψώμεθα.

395 1804 496 1862 *Ων
524 1809 633 1881 γὰρ
660 1810 880 1879 κρατεῖν
909 1809 1003 1862 καὶ
1039 1810 1263 1879 σφόδρα,
1303 1788 1366 1863 οὗ
1403 1788 1585 1880 σῷόδρ’
1615 1809 1846 1872 αἰνετδν,

396 1897 611 1954 Τούτων
640 1896 956 1970 κρατεῖσθαι
989 1899 1083 1951 καὶ
1108 1898 1246 1968 λίαν,
1285 1900 1449 1955 πόσον
1479 1898 1680 1952 κακόνῐ
1731 1971 1734 1974 _

1032 426 1090 482 S.
1123 422 1449 482 GREGORII
1493 419 1738 477 fﬂEOL.
1777 417 2146 477 CARMINUM
2183 419 2384 476 LIBER
2427 421 2465 475 Ι.
2508 419 2967 477 THEOLOGICA.

1996 559 2040 615 Α
2068 541 2173 594 260
2201 541 2566 612 Μεμνήσομαι
2593 540 2650 593 δὲ
2679 539 2774 592 καί
2803 556 2984 604 τινων,
3016 537 3106 589 καὶ
3145 531 3440 601 συντόμως.

3541 409 3648 469 85’}

2072 632 2260 686 Παίειν
2294 630 2516 702 ἔμελλεν
2549 632 2578 685 ό
2605 630 2958 700 Σταγειρίτης
2985 626 3126 690 τινὰ,

2073 723 2266 777 Λαϐὼν
2289 724 2374 776 ἐπ’
2403 725 2646 794 αἰσχροῖς
2676 723 2770 775 καὶ
2797 723 2988 783 κακοῖς
3016 718 3348 787 ὲγκλὴμασγ

2071 814 2255 885 Θυμοῦ
2288 815 2332 867 δ’
2357 814 2757 876 ἐπεισελθόντας
2789 812 2928 883 ἡνίκ’
2954 810 3173 883 ᾔσθετο,

2075 903 2245 972 Ἔστη
2274 903 2519 958 παλαίων
2545 901 2623 973 τῷ
2653 900 2836 966 πάθει,
2865 901 2940 964 ὼς
2964 901 3236 971 δυσμενεῖ.

2070 996 2176 1050 265
2207 995 2416 1067 Μικρὸν
2444 995 2488 1048 δ’
2522 993 2781 1065 ἐπισχὼν,
2810 989 2961 1047 εἶπεν
2989 992 3054 1062 (ὣ
3086 993 3250 1063 σοφοῦ
3282 993 3439 1062 λόγου
3465 992 3513 1059 Ξ)

2078 1104 2097 1137 ι
2116 1085 2314 1139 Kal.va
2337 1084 2626 1147 πέπονθας.
2657 1083 2972 1154 Προστάτην
2997 1083 3152 1154 ἔσχες
3178 1084 3356 1154 χόλον·

2072 1178 2134 1230 Εἰ
2168 1176 2242 1247 μὴ
2273 1174 2382 1246 γὰρ
2418 1174 2576 1245 ὀργὴ,
2601 1174 2704 1227 κᾶν
2737 1173 2920 1241 δαρεὶς
2950 1173 3290 1244 ἀπηλλάγης.

2070 1266 2186 1321 Νῦν
2214 1267 2258 1319 δ’
2286 1267 2507 1338 αἰσχρὸν
2535 1261 2601 1336 ἦν
2635 1283 2723 1336 μοι
2761 1264 2839 1336 τῷ
2878 1264 3033 1336 κακῷ
3068 1265 3324 1336 πλήττειν
3362 1268 3552 1329 κακὸν,

2072 1355 2306 1426 Κρατεῖν
2329 1371 2388 1407 τε
2413 1352 2597 1407 δούλου
2632 1352 2724 1405 τοῦ
2755 1346 2958 1416 πάθονς
2988 1353 3356 1423 ἡσσώμενον.»

2071 1445 2176 1498 270
2209 1444 2393 1508 Οὕτως
2431 1445 2652 1507 ἐκεῖνος.
2685 1443 2789 1495 Τὸν
2820 1443 2866 1497 δ’
2913 1443 3257 1515 Ἀλέξανδρον
3289 1444 3465 1512 λόγος,

2073 1535 2330 1598 Εἰπόντος
2353 1535 2500 1605 αὐτῷ
2539 1533 2924 1604 Παρμενίωνός
2960 1552 3112 1599 ποτε,

2073 1626 2234 1679 Πόλιν
2263 1625 2360 1679 τίν’
2390 1625 2624 1692 ἐξελόντι
2655 1624 2762 1677 τῶν
2802 1624 3144 1694 Ἐλληνίδων,

2072 1712 2188 1770 Εἴθ’
2214 1717 2244 1770 ὃ
2275 1717 2471 1787 δρᾶσαι
2501 1715 2607 1787 χρὴ
2635 1715 2895 1779 πολλάκις
2935 1717 3309 1788 σκοπουμένῳ,

2084 1808 2192 1872 Ὡς,
2228 1807 2384 1878 εἴπερ
2413 1802 2482 1879 ἦν
2514 1809 2738 1871 ἐκεῖνος,
2770 1807 2870 1860 οὐκ
2903 1807 3159 1876 ἐφείσατο
3180 1825 3192 1838 ’

2110 1899 2176 1954 75
2209 1918 2227 1950 ι
2277 1898 2414 1951 Ἀλλ’
2449 1896 2739 1968 οὐδ”“ἐγωγ⁹
2768 1897 2855 1962 ἂν,
2891 1897 3048 1969 εἴπερ
3076 1895 3163 1970 ἦν,
3207 1899 3381 1970 epirum,
3415 1897 3573 1970 σὺγσ.

905 2055 962 2112 In
993 2059 1408 2116 ostentationem
1433 2057 1540 2126 sui,
1575 2064 1629 2114 et
1656 2059 1712 2113 in
1741 2055 1958 2124 signum
1992 2052 2290 2117 libertatis;

902 2129 1010 2200 245
1047 2127 1232 2199 Neque
1263 2125 1886 2200 litigavit._'_Criminihus
1914 2125 2206 2200 contritum

904 2193 1194 2252 lnfractuin
1230 2193 1484 2254 servavit.
1516 2196 1711 2252 Mentis
1735 2196 1931 2251 exilem
1956 2193 2229 2249 ﬂainmam

904 2265 1307 2323 Exstincturum
1335 2283 1396 2324 se
1423 2266 1646 2336 quidem
1679 2266 1938 2331 minatur,
1970 2264 2067 2321 sed
2093 2264 2363 2335 benignus
2394 2265 2589 2335 parcit,

905 2336 974 2405 lJt
1005 2351 1106 2392 nos
1138 2338 1350 2405 subigat
1381 2351 1479 2392 sua
1506 2336 1748 2391 lenitate.

902 2404 1054 2475 Talia
1079 2421 1145 2460 ac
1166 2404 1324 2460 tanta
1353 2413 1481 2461 sunt
1503 2406 1750 2475 exempla
1780 2404 1993 2460 Domini
2024 2405 2126 2475 tui,

900 2474 1006 2544 250
1046 2475 1406 2540 Quibuscum,
1435 2490 1557 2544 quae
1582 2473 1722 2544 forte
1753 2475 1977 2544 pateris,
2008 2474 2053 2528 si
2083 2473 2359 2544 conferas,

901 2543 1079 2613 Atque
1101 2545 1316 2613 etiamsi
1349 2543 1532 2613 omnia
1563 2543 1827 2613 perferas,
1853 2544 2145 2613 plurimum
2177 2543 2350 2598 deerit
2373 2558 2403 2596 ε·

905 2611 958 2666 Si
987 2609 1208 2682 quidem
1235 2612 1515 2667 cruciatus
1549 2609 1820 2682 pensatur
1844 2609 1912 2667 ex
1939 2613 2060 2682 ejus
2087 2614 2180 2682 qui
2215 2612 2420 2682 patitur
2447 2609 2728 2682 dignitate.

975 2681 1332 2738 Sulliciuntne
1365 2682 1525 2737 nobis
1551 2681 1768 2738 nobiles
1799 2681 2189 2744 institutiones,

902 2751 1231 2806 Tabularum
1260 2752 1405 2821 leges
1432 2761 1486 2807 et
1511 2766 1750 2821 morese
1775 2765 1934 2807 sacro
1957 2753 2179 2807 monte?

899 2821 1126 2892 257577An
1157 2822 1244 2892 his
1269 2819 1474 2892 aliquid
1507 2820 1812 2892 addendum
1842 2829 1946 2885 est,
1978 2821 2140 2892 etiam
2171 2819 2433 2892 nothum?

900 2888 1045 2960 Nihil
1080 2891 1206 2945 inde
1237 2888 1392 2960 pejus
1419 2890 1700 2956 acciderit,
1739 2891 1820 2947 sic
1843 2892 2006 2946 etiam
2037 2890 2178 2946 forte
2209 2905 2274 2946 ex
2304 2889 2584 2960 pejoribus

899 2959 1187 3032 Quidpiam
1216 2959 1343 3032 boni
1362 2976 1426 3032 ac
1452 2960 1603 3016 utilis
1629 2959 2082 3029 decerpserimus.

900 3027 1057 3100 Quos
1075 3031 1233 3100 enim,
1258 3031 1416 3085 valde
1444 3043 1702 3100 superare
1720 3027 1843 3084 'non
1871 3044 2200 3100 magnopere
2227 3027 2558 3084 laudandum
2589 3035 2694 3090 est,

900 3099 1094 3169 Abbis
1127 3099 1359 3153 multum
1388 3099 1657 3168 superari,
1681 3106 1947 3169 quantum
1970 3099 2060 3154 est
2087 3101 2289 3169 malum
2313 3101 2326 3155 l

900 3167 1023 3240 9.60
1049 3166 1360 3240 Memorabo
1387 3166 1566 3240 autem
1594 3166 1910 3240 non—nullos,
1939 3176 1995 3240 et
2019 3168 2236 3240 quidem
2269 3168 2522 3240 breviter.

900 3237 1122 3310 taedere
1155 3238 1380 3310 parabat
1411 3237 1780 3310 (Aristoteles)
1807 3237 2091 3310 Stagirites
2115 3239 2425 3310 quempiam

905 3307 1310 3390 Deprehensum
1342 3309 1397 3365 in
1422 3307 1684 3378 turpibus
1708 3307 1999 3390 pravisque
2028 3307 2386 3390 facinoribus.

903 3379 1039 3448 l_2u_m
1063 3385 1242 3448 autem
1271 3377 1406 3448 iram
1438 3377 1921 3448 supervenientemf
1938 3379 2222 3443 sensisset,

906 3444 1184 3517 Substitit,
1213 3455 1266 3517 et
1299 3447 1445 3501 illam
1479 3444 1811 3517 impugnavit
1843 3447 1990 3502 velut
2022 3449 2252 3512 hostem,

901 3516 1009 3587 2θᾷ
1048 3515 1440 3587 Paululnmque
1473 3515 1845 3587 moratustait
1867 3519 1922 3586 (ο
1937 3517 2253 3587 praeclarum
2277 3517 2482 3570 dictum
2501 3520 2537 3587 !)
2557 3557 2570 3571 .

911 3583 1161 3656 {Novum
1201 3584 1331 3656 quid
1352 3583 1620 3656 expertus
1633 3601 1714 3641 es.
1739 3583 2038 3656 Patrbn'am
2066 3587 2232 3656 habes
2264 3587 2458 3650 bilem;

898 3653 1017 3707 Nisi
1049 3653 1193 3707 enim
1227 3653 1308 3708 ira
1338 3653 1760 3716 me’invasisset,
1787 3669 1961 3709 cazsus
1991 3653 2222 3709 abiisses
2247 3673 2261 3709 :

898 3721 1053 3777 Nunc
1085 3730 1266 3777 autem
1305 3730 1462 3788 turpe
1489 3729 1633 3778 esset
1665 3723 1820 3786 mihi,
1843 3738 1968 3777 cum
2001 3724 2176 3778 malus
2206 3723 2334 3786 sim,
2361 3723 2570 3778 caedere
2604 3724 2826 3788 malum,

901 3791 968 3845 Et
1008 3806 1264 3846 coercere
1287 3806 1528 3855 servum,
1567 3806 1690 3846 eum
1717 3792 1833 3860 ipse
1855 3791 2132 3846 iracundia
2164 3792 2342 3848 victus
2377 3793 2501 3849 sim.
2532 3813 2549 3846 ι

899 3861 1007 3915 270
1046 3860 1171 3915 Haec
1197 3861 1305 3916 ille.
1334 3860 1698 3916 Alexandrum
1731 3870 1912 3917 autem
1944 3871 2189 3925 narrant,

903 3929 1262 3985 Parmenione
1296 3931 1373 3985 illi
1401 3931 1618 3985 dicente
1645 3931 1961 4001 aliquando,

902 4001 1038 4054 Cum
1074 3999 1366 4054 ouamdam
1396 4000 1588 4054 urbem
1617 4000 1930 4054 Graacorum

1113 3999 1366 4073 μειράκια]
1396 4000 1588 4073 urbem
1617 3999 1930 4055 Graecorum
1962 4013 2346 4073 expugnasset,

903 4068 1325 4142 526752711}
1345 4070 1475 4139 quid
1495 4070 1650 4142 facto
1667 4084 1814 4142 opus
1837 4081 2006 4134 esset,
2032 4068 2229 4140 saepius
2256 4073 2605 4141 deliberaret,

905 4138 1005 4210 ξιξ.
1027 4138 1080 4210 si
1102 4138 1239 4194 roret
1265 4138 1594 4210 Alexander,
1624 4138 1757 4193 nihil
1788 4138 2145 4210 parciturum,

900 4205 1008 4262 275
1047 4207 1452 4278 Respondisse:
1483 4227 1502 4262 ι
1530 4207 1717 4281 Neque
1747 4205 1846 4282 ego
1878 4226 2176 4276 parcerem,
2207 4212 2254 4266 si
2288 4228 2463 4268 essem
2498 4213 2808 4272 Parmenio.

614 4362 748 4437 9338'
779 4361 1000 4437 alpdféy
1032 4380 1104 4437 τε.
1146 4364 1288 4419 Edit.
1319 4364 1654 4437 οὺδῖεῐρισέν
1684 4381 1760 4419 τι.

476 4432 586 4507 QQ
613 4431 683 4507 Ἰξρ
711 4432 1025 4507 συγγενές.
1049 4431 1351 4507 ροςηαιαηι
1376 4433 1478 4488 sibi
1505 4431 1729 4507 'gentem.

479 4500 588 4555 255
617 4503 686 4553 Et
716 4500 824 4557 δεῖ.
845 4500 895 4555 'F
899 4511 1017 4556 orte
1046 4502 1102 4573 ἡ.

2160 4366 2268 4439 205
2316 4369 2825 4439 Έπεισελθόντος.
2857 4369 2932 4424 Ita
2964 4371 3130 4426 Coisl.
3161 4369 3653 4439 Εόὶι.ὲπελθόντος.

2159 4437 2265 4492 265
2293 4435 2496 4493 Εἶπεν.
2526 4440 2737 4504 Cicero,
2764 4444 2816 4492 in
2847 4439 2940 4493 lib.
2985 4439 3061 4493 De
3085 4449 3299 4504 δεηθείη
3328 4441 3530 4497 dictum
3555 4435 3658 4500 hoc

2091 4505 2328 4561 Architae
2358 4506 2680 4573 Tarentino,
2711 4522 2820 4564 non
2853 4508 3134 4568 Aristoteli
3167 4510 3372 4565 tribuit.

1717 4657 2049 4718 METBICA
2077 4659 2373 4720 VERSIO.

412 4779 805 4837 Auctoritatem
831 4779 1146 4845 maximam,
1182 4795 1291 4836 non
1321 4781 1471 4834 exiit.

412 4848 530 4930 Non
562 4851 806 4930 litigavit.
833 4850 1135 4930 Criminum
1159 4866 1418 4922 quassum
1449 4845 1664 4930 agmine

413 4918 530 4972 Non
561 4918 740 4991 fregit.
773 4922 950 4990 Atque
980 4921 1110 4974 fumi
1153 4918 1332 4975 autem
1363 4918 1540 4974 exstin
1585 4933 1712 4972 uere

415 4987 644 5044 Mentem
679 4991 916 5044 minatur
946 4990 990 5044 is
1020 4937 1260 5044 quidem.
1299 4998 1353 5043 at
1381 5004 1487 5043 non
1519 4934 1578 5042 id
1604 4987 1712 5041 facil

415 4987 916 5060 Mentem'minatur
946 4990 990 5045 is
1020 4987 1260 5060 quidem,
1299 4998 1353 5043 at
1381 5004 1487 5060 non
1519 4987 1570 5042 id
1604 4987 1731 5041 facit
1759 5004 1771 5040 :

415 5057 535 5124 Quo
561 5059 781 5115 lenitate
808 5077 909 5115 nos
938 5057 1118 5114 trahat
1148 5074 1359 5116 summa
1389 5059 1490 5112 hac
1521 5072 1642 5114 sua.

416 5128 673 5199 Exempla
703 5129 913 5184 Domini
948 5139 1098 5184 tanta
1127 5140 1253 5186 sunt
1284 5137 1364 5183 tot
1392 5137 1447 5183 et
1476 5129 1574 5182 tui.

417 5198 628 5270 Quibus
654 5200 781 5269 quid
818 5201 934 5269 ipse
963 5199 1264 5270 perferens,
1300 5207 1392 5252 tua
1423 5198 1713 5270 conteres?

421 5269 491 5322 Ut
522 5281 714 5323 cuncta
743 5269 971 5328 subeas,
986 5270 1278 5338 plurimum
1311 5269 1482 5323 deerit
1507 5279 1721 5334 tamen;

419 5337 842 5408 Addignitatem
869 5337 1051 5407 passio
1084 5339 1130 5392 si
1158 5339 1490 5408 extenditur.

493 5406 746 5462 Doctrina
779 5406 938 5463 nobis
968 5409 1234 5464 sullicitue
1267 5408 1381 5462 haec
1408 5407 1630 5471 nobilis,

419 5475 590 5530 Petita
617 5479 815 5533 tabulis
843 5493 873 5531 a
911 5480 1085 5532 sacris
1118 5478 1318 5532 montis
1352 5477 1529 5531 sacri?

417 5547 501 5617 An
527 5547 706 5616 potius
738 5546 940 5617 aliquid
975 5548 1173 5603 addere
1207 5548 1290 5602 his
1322 5547 1469 5600 nothi
1502 5545 1769 5600 addecet?

422 5616 513 5688 ._Sic
538 5616 915 5688 forteimelius.
943 5617 1231 5688 Quidpiam
1258 5633 1323 5671 ex
1356 5617 1635 5687 pejoribus

420 5684 498 5756 ita
535 5700 658 5737 nam
685 5687 923 5755 legemus
955 5684 1108 5752 forte,
1140 5688 1285 5756 quod
1320 5684 1530 5741 mentes
1556 5687 1728 5756 juvct.

418 5754 570 5827 Quos
588 5754 820 5827 namque
838 5756 991 5827 valde
1010 5754 1246 5827 vince—re,
1264 5757 1406 5809 haud
1430 5754 1682 5827 inagnqu
1702 5760 1784 5808 est
1801 5759 1990 5821 dcc-us,

425 5823 682 5894 Supcrari
719 5825 786 5877 ab
812 5826 944 5893 ipsis
971 5826 1263 5894 plurimum
1292 5823 1556 5880 quantum
1589 5834 1668 5880 cst
1702 5829 1902 5880 malum
1929 5829 1941 5880 !

2021 4790 2060 4842 Β
2091 4781 2398 4835 Memorabo
2430 4795 2591 4850 porro
2615 4783 2902 4849 pauculos,
2935 4790 2990 4837 et
3019 4782 3118 4838 bos
3145 4783 3321 4838 brevi.

2089 4851 2389 4921 Qucmdani
2421 4855 2650 4919 parabat
2680 4851 2811 4906 urbe
2841 4851 3053 4921 Stagira
3079 4853 3258 4907 editus

2090 4919 2229 4992 Qlim
2266 4919 2446 4992 ferire,
2477 4921 2707 4992 crimine
2735 4919 3012 4989 arreptum
3047 4924 3100 4976 in
3131 4921 3318 4992 gravi;

2093 4989 2167 5061 Ut
2190 4991 2361 5044 sensit
2391 4999 2570 5044 autem
2593 4991 2715 5061 bile
2744 5007 2801 5045 se
2835 4992 3015 5046 subita
3045 4989 3182 5061 rapi,

2089 5059 2370 5115 Adversus
2402 5061 2545 5113 illam
2571 5060 2840 5116 dimicans
2876 5063 3023 5116 stetit
3053 5059 3218 5126 illico,

2090 5129 2317 5199 Paulum
2352 5137 2406 5183 et
2440 5140 2706 5193 moratus,
2736 5129 2872 5184 dixit
2896 5150 2907 5184 :
2935 5129 2978 5185 Ο
3001 5131 3207 5184 dictum
3235 5130 3487 5199 elegans!

2098 5219 2117 5252 ι
2149 5197 2293 5251 Nova
2325 5215 2435 5270 res,
2468 5209 2695 5268 patrona
2727 5200 2954 5270 contigit
2983 5200 3106 5254 bilis
3135 5199 3253 5253 tibi.

2093 5271 2281 5324 Caesus
2311 5269 2563 5330 abiisses,
2596 5270 2729 5322 liber
2760 5271 2860 5322 hac
2886 5269 2930 5324 Si
2967 5284 3112 5323 nunc
3141 5271 3333 5322 forem.

2095 5341 2165 5406 At
2197 5347 2353 5406 turpe
2385 5353 2532 5392 nunc
2557 5347 2662 5400 est.
2693 5339 2737 5394 si
2769 5339 2967 5391 malum
2998 5339 3170 5392 caedat
3195 5336 3396 5406 malus,

2091 5405 2492 5474 lraqueivictus
2521 5410 2794 5462 servulum
2829 5415 3096 5462 coerceat.
3125 5426 3142 5458 ι

2164 5476 2255 5530 Sic
2285 5477 2394 5548 illa.
2421 5477 2637 5548 Rursus
2671 5492 2922 5548 magnum
2960 5475 3323 5548 Alexandrum
3362 5475 3567 5548 ferunt,

2092 5546 2384 5618 Parmenio
2408 5546 2680 5618 quondam
2722 5545 3009 5618 fol-tecum
3042 5547 3142 5618 ipsi
3173 5545 3401 5609 diceret,

2093 5616 2263 5686 Capta
2290 5615 2435 5670 urbe
2452 5615 2685 5686 quadam
2717 5615 2956 5686 Graeciae,
2987 5615 3119 5685 quid
3150 5618 3295 5670 facta
3323 5631 3483 5684 opus,

2102 5684 2429 5739 Deliberanti
2459 5685 2657 5753 sacpius
2684 5702 2695 5738 :
2729 5704 2747 5732 σ
2779 5684 2834 5738 Si
2863 5701 2954 5739 rex
2983 5684 3176 5748 furem,

2101 5755 2244 5808 Nihil
2282 5756 2542 5810 misertus
2571 5754 2827 5823 oppidum
2858 5771 3129 5824 aequarent
3163 5755 3280 5810 solo
3307 5770 3325 5807 ε

2103 5825 2396 5894 A'lquarcm
2422 5835 2476 5879 et
2506 5824 2642 5893 ipse,
2677 5824 2902 5889 rettulit,
2931 5823 2978 5879 si
3014 5833 3068 5878 tu
3097 5824 3290 5880 forem.
