4140 6436
566 429 670 488 871
1219 426 1279 484 S.
1319 425 1650 484 GREGORII
1689 425 1941 485 THEOL.
1976 427 2347 489 CARMILVUM
2382 430 2589 487 LIBER
2627 432 2670 488 1.
2710 431 3178 490 THEOLOGIGA.

571 546 698 602 οὐδ’
723 546 848 617 ὄψις
876 545 1190 618 ἐμμένουσα
1214 544 1292 616 τῷ
1317 544 1640 616 ποθουμένῳ

571 640 648 693 Τὸ
673 639 914 711 φίλτρον,
937 637 1070 691 ἀλλὰ
1097 635 1394 699 διπλασίως
1421 637 1719 703 ἐξάπτεται
1735 653 1752 670 ο

572 731 728 785 Οὕτω
749 730 811 784 τὸ
834 729 1034 799 ληφθὲν
1057 729 1172 791 τοῖς
1205 727 1506 798 ἀπλήστοις
1533 728 1847 800 φάρμακον,

573 822 678 877 195
719 821 829 874 Ἀεὶ
855 819 1130 873 καθίστατ’
1159 820 1240 882 είς
1263 818 1444 890 ὄρεξιν
1474 818 1757 874 πλειόνων.

570 913 800 984 Γνώμην
823 911 977 966 ἔδωκ’
1005 911 1072 965 ἂν
1094 913 1207 974 τοῖς
1233 911 1800 984 ἀπραγμονεστέροις,

574 1007 646 1058 Ἦ
677 1005 790 1068 τοῖς
815 1003 1047 1074 πένησι,
1093 1003 1396 1076 συμφέρειν
1419 1019 1471 1056 τι
1509 1004 1624 1067 τοῖς
1663 1006 1876 1073 κακοῖς,

581 1095 670 1159 Ὦς
694 1095 858 1168 Θηρσὶ
881 1094 1108 1166 βρῶσιν,
1137 1093 1170 1164 ἢ
1204 1092 1336 1164 χοὰς
1357 1095 1470 1158 τοῖς
1494 1086 1744 1166 δαίμοσιν
1765 1135 1783 1162 ,

2185 555 2231 610 Α
2258 552 2383 615 Τοῖς
2403 551 2760 618 δυσπλοοῦσι,
2791 554 3000 626 πυρσὸς
3023 555 3056 625 ἢ
3080 553 3245 626 λιμὴν
3277 555 3486 624 φανεὶς,

2263 642 2486 706 Κόποις,
2527 642 2772 713 ἄλειμμα
2791 659 2806 673 ·
2849 647 2964 708 τοῖς
2995 648 3254 716 πονηροῖς
3275 645 3321 697 δ’
3345 645 3467 700 οὐδὲ
3493 646 3575 710 ἓν,

2259 732 2410 804 Πλὴν
2435 732 2528 786 τοῦ
2569 732 2708 786 Θεοῦ
2732 750 2793 787 τε
2821 735 2915 788 καὶ
2939 735 3098 806 δίκης
3135 737 3231 789 καὶ
3262 737 3593 807 τραυμάτων
3611 755 3627 769 ο

2269 915 2335 967 'H
2363 914 2650 988 πλησμονὴ
2679 917 2790 989 γὰρ
2816 918 2909 970 καὶ
2946 917 3103 988 δίκης
3139 921 3490 989 καταφρονεῖ.

2259 1005 2416 1077 Ζόφῳ
2447 1007 2715 1062 καλύπτει
2748 1009 2849 1073 τὰς
2888 1009 3091 1082 φρένας
3116 1009 3144 1060 ὁ
3179 1010 3556 1082 συνεργίτης,

2263 1094 2472 1150 Χαλκοῖ
2509 1097 2571 1151 τὸ
2608 1098 2813 1164 νῶτον,
2855 1099 2932 1164 ὡς
2971 1099 3240 1171 ἀνήλατος
3283 1101 3489 1171 σαςῶς,

575 1187 674 1250 ’Δς
705 1185 1106 1257 προσφέρουσιν
1129 1184 1184 1238 οῖ
1217 1201 1283 1252 γε
1313 1184 1730 1257 δεισιδαίμονες,

574 1277 683 1333 209
716 1278 800 1342 Εἰ,
830 1278 974 1332 τοῦτ’
1009 1277 1262 1348 ἑχόντων,
1293 1278 1523 1349 ἠρεμεῖν
1551 1279 1874 1350 ἐμέλλομεν.

572 1364 690 1423 Ὧδ’
717 1370 782 1423 ἄν
809 1387 862 1422 τι
891 1370 988 1423 καὶ
1021 1369 1263 1441 πένητας
1286 1364 1398 1423 οἷόν
1431 1370 1481 1423 τ’
1507 1366 1575 1442 ἦν
1602 1371 1769 1442 ἔχειν,

584 1463 699 1516 Ἀεὶ
723 1462 1026 1533 τρέμοντας
1048 1462 1157 1516 τῶν
1183 1462 1372 1516 κακῶν
1401 1463 1496 1517 καὶ
1533 1463 1634 1528 τὰς
1661 1465 1838 1530 σκιάς.

571 1553 688 1608 Νῦν
711 1554 756 1608 δ’
787 1550 904 1608 οἶδα
931 1555 1149 1608 πάντων
1183 1555 1499 1626 φάρμακον,
1532 1555 1673 1626 πλὴν
1698 1556 1807 1610 τῶν
1831 1554 2017 1611 κακῶν
2035 1573 2051 1588 ·

572 1648 748 1718 Λιμοῦ
771 1648 973 1713 δίαιτα,
1004 1648 1326 1718 πλησμονῆς
1351 1648 1413 1700 τὸ
1440 1649 1640 1714 ἐνδεὲς,

571 1738 680 1794 205
707 1740 994 1811 ’Υδρωπος
1018 1741 1051 1811 ἡ
1077 1739 1328 1803 κένωσις,
1350 1738 1632 1810 ὀφθαλμοῦ
1663 1739 1877 1805 σκότος,

572 1833 812 1900 Πένθους
837 1835 1096 1907 λογισμὸς
1122 1833 1157 1904 ἢ
1183 1832 1358 1902 φίλος,
1382 1832 1562 1904 λύπης
1583 1833 1801 1906 χρόνος’

2264 1186 2494 1258 ’Δκμων
2535 1189 2762 1261 σιδήρῳ,
2789 1192 2855 1260 τῇ
2886 1190 3130 1244 κακώσει
3153 1192 3384 1258 γίνεται.
3451 1233 3460 1246 .

2257 1279 2365 1333 215
2406 1280 2550 1352 Πρὸς
2572 1281 2642 1334 τὰ
2668 1282 3067 1354 παραδείγματ’
3096 1283 3300 1343 εὐθέως
3322 1280 3632 1357 ἀνατρέχει.

2331 1371 2396 1423 Τί
2425 1371 2602 1436 τοῦτο,
2632 1374 2872 1445 Χριστέ;
2919 1375 3038 1439 πῶς
3069 1375 3307 1439 δέδωκας
3333 1379 3446 1440 τοῖς
3469 1378 3659 1434 κακοῖς

2260 1464 2342 1517 Τὰ
2365 1466 2475 1519 τῶν
2495 1466 2746 1538 ἀρίστων-
2773 1465 2922 1520 ἐστιν
2949 1461 3024 1521 ὧν
3058 1467 3542 1540 προσκρούσματα,

2273 1557 2359 1622 Ὠς
2381 1559 2446 1613 ἄν
2472 1559 2574 1611 τιν’
2605 1560 2919 1631 εὑρίσκουσι
2953 1559 3048 1614 τοῦ
3071 1560 3278 1632 τρόπου
3307 1561 3519 1631 φυγήν;

2261 1650 2442 1704 Καλὸν
2476 1643 2575 1721 μὲν
2600 1651 2796 1714 οὐδεὶς,
2829 1652 2924 1704 καὶ
2951 1651 3135 1717 πλέον,
3163 1651 3462 1721 λογίζεται,

2257 1743 2364 1798 220
2401 1744 2584 1798 Κακδν
2609 1744 2688 1809 δὲ,
2721 1746 2814 1799 καὶ
2855 1745 3051 1817 μικρόν
3083 1762 3158 1808 τι,
3191 1746 3400 1814 γίνεται
3423 1743 3584 1812 πίναξ

2262 1836 2387 1900 Τοῖς
2417 1836 2840 1908 ἀφρονεστέροις
2858 1855 2919 1892 τε
2950 1838 3046 1893 καὶ
3075 1836 3431 1909 κακωτέροις.

1075 1989 1188 2045 Nec
1221 2001 1476 2060 aspectus
1513 1987 1726 2060 deﬁxus
1753 1988 1806 2042 in
1841 2002 1956 2060 rem
1978 1987 2345 2060 desideratam

1075 2058 1353 2124 Amorem,
1386 2059 1479 2114 sed
1520 2058 1688 2128 duplo
1730 2059 1902 2128 magis
1934 2058 2270 2121 accenditur.

1077 2131 1167 2183 Sic
1203 2139 1477 2198 sumptum
1511 2129 1578 2182 ab
1603 2127 1925 2184 hominibus
1965 2128 2369 2187 insatiabilibus
2403 2131 2882 2196 medicamentum,

1077 2199 1180 2254 195
1209 2199 1434 2254 Semper
1457 2197 1662 2253 excitat
1686 2196 1754 2251 ad
1787 2200 2172 2254 appetitionem
2203 2199 2462 2254 plurium.

1077 2201 1180 2253 195
1209 2201 1330 2253 Sem

1076 2269 1130 2322 ld
1157 2267 1372 2324 consilii
1397 2267 1583 2339 darem
1615 2269 1844 2339 libenter
1862 2267 1962 2331 iis,
1995 2269 2089 2339 qui
2125 2267 2504 2339 tranquilliore
2528 2271 2636 2324 vita
2664 2279 2809 2339 sunt,

1073 2341 1183 2392 Aut
1213 2339 1487 2408 inopibus,
1522 2337 1657 2408 dare
1668 2337 1962 2408 quidpiam
1992 2337 2278 2407 improbis,

1076 2408 1148 2464 Ut
1175 2406 1514 2464 feris—escam
1543 2413 1598 2462 ct
1629 2406 1884 2460 libamina
1913 2406 2275 2471 daemonibus,

1075 2479 1208 2546 Qua:
1239 2479 1474 2533 olTerunt
1501 2475 1897 2546 superstitiosi.

1075 2545 1185 2605 200
1216 2547 1274 2602 Si
1305 2549 1399 2601 tali
1431 2545 1655 2600 munere
1679 2545 2133 2615 tranquillitatem
2169 2547 2452 2602 consecuti
2489 2561 2759 2602 essemus.

1079 2617 1171 2673 Sic
1208 2617 1321 2672 ﬁeri
1344 2625 1542 2688 potest,
1576 2624 1634 2670 ut
1664 2616 1771 2688 ipsi
1801 2617 1966 2688 etiam
2001 2617 2206 2688 aliquid
2241 2631 2508 2688 pauperes
2537 2617 2825 2688 haberent,

1076 2688 1180 2758 Qui
1213 2685 1427 2758 semper
1454 2685 1810 2758 reformidant
1835 2686 1921 2741 vel
1952 2685 2098 2756 ipsas
2128 2685 2501 2758 improborum
2536 2687 2780 2740 umbras.

1076 2757 1232 2813 Nunc
1261 2754 1442 2812 autem
1472 2757 1588 2811 scio
1620 2755 1687 2809 ad
1717 2757 1900 2810 omnia
1925 2754 2050 2812 esse
2079 2754 2339 2819 remedia,
2367 2765 2728 2826 praeterquam
2759 2757 2826 2810 ad
2868 2754 3166 2824 improbos.

1078 2827 1262 2898 Famis
1290 2827 1587 2898 remedium
1615 2834 1700 2898 est
1729 2827 1921 2890 cibus;
1951 2826 2290 2898 repletionis,
2320 2828 2536 2890 inedia;

1076 2897 1187 2967 305
1217 2897 1384 2966 Aquas
1407 2896 1715 2967 intercutis,
1749 2896 2069 2967 evacuatio;
2101 2899 2267 2960 oculi,
2295 2897 2504 2967 caligo;

1077 2965 1306 3027 Luctus,
1333 2966 1472 3018 ratio
1498 2965 1819 3035 vel‘amicus
1843 2981 1858 3030 ;
1891 2965 2120 3026 doloris.
2156 2974 2371 3035 tempus
2395 2982 2408 3029 ;

1080 3035 1427 3104 Tempestate
1450 3034 1690 3102 jactatis,
1722 3034 1809 3104 [ax
1844 3041 1943 3104 aut
1969 3036 2122 3088 littus
2153 3034 2507 3104 conspectum
2536 3051 2549 3085 :

1084 3105 1407 3176 Laboribus,
1449 3104 1668 3167 unctio;
1718 3103 2196 3176 improbis_autem
2231 3103 2462 3167 nullum,

1081 3175 1284 3230 Praeter
1321 3173 1570 3244 Deumet
1611 3173 1851 3243 pmnam,
1874 3180 1925 3228 et
1953 3173 2176 3244 plagas:

1081 3247 1188 3301 210
1213 3244 1326 3298 lmo
1356 3239 1643 3314 nequidem
1676 3257 1892 3313 pmnam
1923 3239 2168 3298 sentiunt
2200 3239 2456 3312 improbi.
2541 3312 2544 3315 ‘

1080 3315 1294 3370 Etenim
1330 3316 1554 3384 satietas
1588 3315 1760 3383 ipsam
1786 3328 2003 3384 quoque
2029 3328 2246 3384 poenam
2279 3317 2600 3384 contemnit.

1077 3386 1378 3455 (laliginem
1405 3382 1634 3455 oﬂundit
1666 3382 1942 3455 mentibus
1971 3382 2062 3455 ille
2095 3383 2476 3455 improborum
2503 3388 2845 3450 cooperator.

1079 3452 1305 3512 .Ere'um
1335 3454 1509 3510 reddit
1538 3452 1784 3518 dorsum,
1811 3461 1869 3507 ut
1902 3452 2200 3508 indomitus
2233 3468 2484 3523 prorsus,

1079 3524 1242 3579 Velut
1272 3524 1430 3580 incus
1459 3523 1625 3586 ferro,
1654 3523 1818 3577 homo
1848 3523 2128 3579 atilictioni
2158 3523 2270 3578 ﬁat.

1081 3595 1190 3650 215
1215 3593 1296 3647 Ad
1317 3595 1563 3663 exempla
1589 3593 1841 3663 protinus
1867 3601 2119 3648 currunt.

1157 3664 1454 3734 Quidiboc,
1479 3657 1520 3734 '9
1547 3657 1787 3734 Christe,
1813 3663 2088 3734 quomodo
2121 3659 2439 3734 concessisti
2474 3657 2742 3734 improbis

1085 3724 1448 3858 θέε-557
1480 3724 2062 3787 Ρτωειαηιίεεῖιῐιυτιιιιι
2092 3731 2450 3802 quorumdam
2473 3724 2720 3782 hominm

1140 3806 1455 3858 tauoddam
1485 3803 1633 3857 vitiis
1659 3802 1776 3857 suis
1800 3803 2080 3857 inveniant
2109 3801 2402 3858 eﬂ‘uuium?

1502 3724 2062 3787 >rmstanti$simormn
2092 3731 2450 3802 quorumdam
2473 3724 2752 3782 hominum
2785 3724 3137 3791 oﬂ‘ensiones,

1502 3803 1633 3857 vitiis
1659 3802 1776 3857 suis
1800 3803 2080 3857 inveniant
2109 3801 2402 3858 eﬂ‘uuium?

1140 3801 1455 3874 (quoddam
1485 3803 1633 3857 vitiis
1659 3802 1776 3857 suis
1800 3803 2080 3874 inveniant
2109 3801 2402 3874 etfugium?

1085 3865 1296 3944 Bon'nm
1331 3874 1550 3944 quidem
1582 3887 1745 3944 nemo
1765 3911 1781 3936 ,
1807 3873 2058 3942 quamvis
2077 3865 2317 3944 amplum
2338 3909 2353 3934 ,
2385 3865 2727 3944 considerat:

1085 3943 1192 3998 220
1217 3939 1413 3998 Malum
1444 3958 1572 3998 vero
1590 3983 1605 4003 ,
1638 3952 1697 3996 ut
1719 3939 1848 3998 libet
1875 3959 2124 4014 parvum,
2152 3939 2248 4014 est
2280 3941 2398 3994 loco
2426 3939 2626 3992 tabulae

1089 4015 1438 4072 Stultissimis
1465 4021 1520 4070 et
1555 4011 1977 4082 improbissimis
2019 4011 2353 4066 hominibus.

1338 2196 1434 2268 per
1457 2197 1662 2253 excitat
1686 2196 1754 2251 ad
1787 2200 2172 2268 appetitionem
2203 2199 2462 2268 plurium.

2334 4209 2442 4264 212
2473 4209 2868 4279 Συνεργάτης.
2901 4207 3088 4280 Operis
3121 4209 3317 4280 socius,
3345 4207 3611 4262 diabolus.

2333 4281 2441 4334 215
2474 4282 2542 4334 Τὸ
2563 4279 2774 4333 νῶτον.
2804 4279 2972 4334 Coisl.
3002 4279 3070 4332 τὰ
3101 4279 3265 4332 νῶτα.

2337 4351 2444 4406 9.15
2487 4351 2834 4418 Ἀνατρέχει.
2869 4351 2941 4403 Ita
2969 4349 3139 4404 Coisl.
3171 4349 3310 4402 I‘Jdit.
3341 4347 3547 4418 τρέχει.

651 4213 756 4270 196
789 4213 918 4282 Τοῖς
957 4215 1565 4286 ἀπραγμονεστέροις.
1601 4211 1680 4269 Iis
1722 4214 1814 4284 qui
1860 4214 1967 4268 vita
2011 4221 2162 4266 tran-

578 4286 826 4355 quilliora
851 4285 962 4355 frui
991 4285 1190 4340 volunt.

653 4355 758 4409 197
792 4353 866 4411 Ἦ
894 4355 1037 4421 τοῖς.
1071 4356 1144 4409 lla
1184 4356 1353 4411 Coisl.
1387 4353 1531 4409 Edit.
1561 4354 1700 4424 ἢτοι.

791 4425 964 4511 Tum:
981 4425 1264 4511 ἐλόγςωτ.
1312 4424 1400 4505 εἰ,
1429 4423 1707 4494 postquam
1746 4424 1856 4479 Ita'c
1889 4423 2162 4481 haberent.

648 4493 756 4549 204
779 4495 988 4564 Λιμοῦ.
1013 4493 1184 4550 Coisl.
1211 4494 1424 4565 λοιμοῦ.
1561 4493 1569 4494 ί
2273 4511 2283 4562 ε

944 4495 988 4549 ῡ.
1013 4493 1184 4550 Coisl.
1211 4494 1424 4565 λοιμοῦ.
1561 4493 1569 4494 “
2273 4508 2446 4562 gnem,
2471 4500 2579 4546 etc.

1881 4673 2215 4742 METRICA
2242 4672 2540 4734 VERSIO.

581 4858 693 4917 Nec
721 4858 993 4915 ﬂammam
1023 4860 1226 4915 amoris
1258 4858 1396 4916 ﬁxus
1421 4859 1476 4914 in
1509 4868 1744 4914 amatam
1779 4859 1871 4915 diu

584 4929 768 4994 Visus.
800 4931 892 4986 sed
926 4930 1052 4985 inde
1079 4931 1252 5000 surgit
1283 4931 1395 4986 haec
1421 4931 1586 5001 duplo
1616 4932 1777 4984 altior
1807 4950 1820 4985 :

580 5001 788 5072 Cepere
818 5002 897 5072 sic
923 5001 1092 5071 quod,
1135 5001 1300 5054 nimia
1337 5017 1672 5072 quosopum
1700 5008 1850 5056 tenet

581 5070 814 5143 Cupido,
841 5070 992 5143 virus
1025 5070 1377 5143 pluriumrcst
1407 5070 1830 5127 sitim'all‘crens.

582 5142 786 5197 Avidus
817 5142 1039 5211 quietis,
1076 5142 1160 5196 vel
1193 5142 1391 5210 quibus
1428 5143 1627 5196 desunt
1659 5156 1815 5210 opes,

583 5212 784 5288 bibens
812 5210 1420 5288 monerem,_'quidpiam
1455 5219 1513 5265 ut
1538 5211 1732 5288 darent
1755 5210 1938 5288 _malis,

583 5281 736 5337 Feris
768 5289 827 5336 ut
856 5296 1060 5343 escam,
1089 5281 1396 5336 diemonum
1428 5289 1522 5334 aut
1553 5281 1726 5336 turbas
1754 5281 1920 5350 impia

581 5351 885 5414 Libamina,
922 5353 1240 5421 superstitio
1265 5365 1389 5420 qua:
1421 5352 1642 5406 demens
1675 5352 1823 5416 colit,

584 5423 642 5491 Si
683 5429 832 5476 certa
861 5422 1020 5476 nobis
1057 5436 1281 5476 munere
1312 5421 1413 5477 hoc
1439 5429 1587 5476 esset
1617 5422 1793 5491 quies.

585 5490 679 5564 _S_ic
698 5491 914 5564 aliquid
943 5493 1142 5564 etenim
1173 5491 1314 5564 forte
1342 5490 1933 5564 ‘haberentf’pauperes,

589 5559 847 5632 Umbram
880 5562 1249 5632 improborum
1286 5561 1386 5618 nde
1420 5561 1513 5632 qui
1541 5559 1688 5616 nullo
1718 5559 1976 5617 tremunt.

581 5631 661 5702 ᾼά
695 5642 893 5686 cuncta
921 5630 1064 5687 nunc
1101 5643 1184 5689 est
1228 5630 1603 5702 pharmacum,
1635 5641 1690 5686 at
1729 5647 1840 5688 non
1879 5630 2164 5702 improbis.

583 5699 786 5769 _Saturo
815 5701 1059 5756 medetur
1088 5699 1292 5769 inedia,
1318 5713 1371 5760 et
1397 5703 1574 5758 victus
1600 5702 1751 5764 fanti.

585 5767 820 5841 [nanitio
848 5785 1003 5841 aquae
1031 5767 1304 5836 intercuti,
1343 5774 1497 5828 lentis
1526 5773 1732 5841 nigror,

588 5837 752 5897 Bittio
779 5847 872 5894 aut
900 5837 1109 5897 amicus
1137 5842 1328 5905 luctui,
1361 5837 1621 5897 molestial-

2195 4866 2240 4922 Β
2267 4856 2527 4928 Tempus.
2559 4855 2812 4926 procellis
2832 4855 2947 4912 visa
2973 4855 3062 4912 fax
3089 4867 3182 4913 aut
3203 4856 3408 4918 littora,

2267 4927 2566 4998 Oleuinqtte
2597 4929 2755 4984 fessis
2783 4947 2796 4983 :
2826 4929 3104 4998 improbos
3135 4937 3190 4982 at
3225 4929 3298 4981 nil
3323 4929 3499 4998 juvat,

2266 4997 2468 5052 Praeter
2497 4997 2821 5069 Tonantem.
2860 4997 3082 5052 vulnera
3109 5006 3162 5053 et
3193 5013 3385 5069 paenas
3412 5012 3628 5068 graves.

2267 5069 2586 5139 Quanquam
2610 5084 2710 5123 nec
2747 5068 2894 5139 ipsas
2925 5068 3380 5139 pestilens’sentit
3397 5069 3624 5139 cohors.

2266 5136 2521 5209 Qbesitas
2549 5154 2672 5193 nam
2706 5136 2975 5193 vindicem
3000 5154 3218 5209 quoque
3252 5138 3499 5191 Numinis

2269 5205 2391 5278 Yim
2421 5212 2628 5278 spernit
2661 5227 2674 5261 :
2710 5209 2922 5278 animus
2944 5205 3143 5278 genius
3167 5219 3219 5263 et
3247 5215 3414 5262 caecat
3441 5207 3638 5278 malus.

2271 5277 2502 5333 Dorsum
2535 5279 2624 5333 ille
2649 5277 2826 5332 reddit
2854 5277 3076 5339 mcum.
3110 5287 3187 5340 ut,
3227 5278 3372 5332 ferro
3404 5277 3548 5330 velut

2268 5346 2450 5417 incus.
2477 5348 2687 5402 domari
2719 5363 2826 5402 non
2854 5357 3058 5417 queant
3093 5349 3237 5402 mille
3265 5347 3480 5403 ictibus.

2266 5416 2525 5488 Exempla
2559 5429 2797 5472 veterum
2827 5416 3074 5486 protinus
3100 5419 3267 5471 multa
3297 5419 3549 5471 all'erunt.

2264 5559 2376 5614 Cur
2398 5559 2750 5627 Optimorum,
2774 5574 2980 5628 quaeso,
3013 5568 3140 5615 sunt
3163 5561 3262 5614 abs
3289 5567 3340 5613 te
3365 5560 3498 5628 dati,

2267 5630 2386 5700 Quo
2416 5629 2599 5698 fugere
2633 5627 2863 5700 possent
2882 5631 3106 5700 perditis
3136 5629 3188 5682 in
3230 5627 3508 5683 moribus?

2267 5699 2480 5767 insigne
2508 5714 2665 5752 nemo
2691 5715 2815 5754 cum
2853 5699 3054 5754 benum
3078 5700 3405 5762 consideret,

2271 5768 2394 5822 Vitii
2419 5776 2600 5822 tamen
2633 5770 2704 5822 nil
2745 5779 2855 5822 tam
2889 5771 3001 5823 leve
3028 5779 3133 5831 est.
3163 5770 3293 5837 quin
3321 5767 3582 5836 improbis

2270 5839 2572 5906 Stultisquc
2604 5838 2800 5892 tabula:
2829 5839 2899 5894 sit
2931 5839 3069 5906 loco,
3099 5840 3238 5892 hanc
3267 5847 3323 5892 ut
3353 5839 3678 5906 exprimant.

2255 823 2363 877 2|0
2405 823 2544 876 Ἀλλ’
2570 825 2693 878 οὐδὲ
2722 825 2929 896 ταύτης
2955 825 3243 880 αἰσθάνονο
3285 829 3333 879 οί
3381 827 3681 896 δυσσεϐεῖς.

3701 440 3854 508 ,8⁸12

2341 4416 2700 4476 ﬁlii-liuida}.
2724 4416 2999 4475 Virtutem
3027 4419 3234 4489 quidem
3265 4416 3415 4472 nemo
3434 4416 3666 4480 quamvis
3707 4417 3840 4474 iusi-

2336 5487 2382 5543 0
2407 5479 2644 5550 Christe,
2669 5479 2928 5557 quidnam
2959 5488 3098 5542 hoc?
3125 5489 3383 5558 improbis
3413 5490 3597 5555 lapsus
3627 5479 3759 5541 viris
