4062 6416
224 408 330 465 8ἳῖ

180 583 189 589 ν
221 520 326 576 280
357 517 524 581 Πάλιν
550 515 726 588 πλέκῃ
762 516 826 569 σὺ
858 516 970 580 τοῖς
1002 514 1302 587 ἀλλοτρίοις
1340 517 1561 580 κακοῖςο

172 592 286 685 1ιιξΓί
311 628 392 664 σοι
411 610 516 663 τόδ’
538 609 655 662 ἐστὶ
677 608 827 679 τάμὰ
853 608 1090 681 δυστυχῆ
1100 625 1264 679 ματα,

231 703 316 765 Ὠς
337 700 403 754 ἂν
436 690 693 763 καλέσαις
717 699 915 765 αὐτός;
941 701 1012 753 Ἣ
1039 701 1102 754 σὺ
1135 703 1230 755 καὶ
1266 704 1466 768 πονῶν,

228 792 444 860 Ἥλγεις
472 790 537 845 ἂν
570 787 754 863 ἦττον,
790 790 1196 861 συγκάμνοντος
1228 793 1323 847 τοῦ
1357 796 1527 862 πέλας

223 882 430 935 Ἔπειτ’
463 880 718 944 ἄκουσον,
749 879 825 942 ὡς
850 879 913 932 τὸ
936 880 1165 951 πάσχειν
1189 882 1291 936 οὐκ
1314 884 1426 937 ἴσον
1443 902 1455 913 ·

215 971 319 1025 285
354 971 571 1024 Τούτων
599 970 668 1023 τὰ
705 970 801 1041 μὲν
829 968 1084 1040 δέδρακα,
1108 973 1168 1025 ού
1211 972 1423 1029 πένονθ’
1446 974 1577 1045 ὲγώ⁸

214 1062 286 1115 Τὸ
317 1063 426 1132 γὰρ
459 1062 718 1114 πένεσθαι
750 1060 846 1115 καὶ
872 1060 1134 1116 πλανᾶσθ⁹
1165 1065 1427 1130 ἑκουσίως

213 1152 392 1220 Ποθῶ,
420 1152 482 1206 τὸ
515 1151 730 1223 δεσμῶν
753 1150 1045 1224 τυγχάνειν
1077 1155 1382 1229 ἐλεύθερος,

211 1245 350 1316 Μηδ’
376 1244 551 1298 ἐνθάδ’
577 1240 714 1297 εἶναι
755 1242 853 1315 τὴν
883 1244 1023 1316 ἐμὴν
1054 1248 1354 1302 κατοικίαν.

212 1336 301 1388 Σοὶ
323 1334 492 1388 ταῦτα
513 1334 744 1403 φίλτατ’,
773 1334 888 1388 ἀλλ’
909 1337 1035 1406 ἐμοὶ
1054 1339 1334 1393 τάναντία.

207 1427 314 1481 290
341 1426 552 1481 Παῦσαι
577 1427 752 1480 λέοντι
783 1429 958 1501 μέτρα
986 1429 1273 1501 κέρκωπος
1302 1430 1505 1503 φέρων.

210 1515 376 1571 Ταῦτ’
406 1513 499 1572 οὖν
528 1519 770 1589 νομίζεις
797 1519 1111 1592 συμφοράς;
1143 1515 1187 1574 ὦ
1215 1521 1534 1593 συμφοράςῐ

209 1610 333 1674 Τοῖς
359 1611 405 1664 δ’
435 1611 674 1684 ἄχθομαι
698 1611 798 1683 μέν
830 1613 847 1681 ί
858 1614 954 1667 καὶ
979 1613 1088 1685 γάρ
1114 1614 1216 1667 οὐκ
1239 1614 1568 1686 ἀρνήσομαι,

210 1701 359 1772 Ἔχω
383 1721 437 1757 τι
463 1702 618 1773 κάγὼ
650 1703 745 1758 τοῦ
776 1704 898 1776 χοὸς
922 1705 1018 1758 καὶ
1046 1705 1140 1759 τοῦ
1174 1705 1356 1772 ξύλου,

1344 402 1586 462 SECTlO
1616 405 1679 463 ll.
1721 405 2045 468 POEMATA
2080 407 2409 468 MORALIA.

1822 527 1872 586 Α
1902 524 2013 577 Καὶ
2037 523 2136 594 τῆς
2167 523 2376 577 ἐκεῖθεν
2400 522 2613 594 ἡδονῆς,
2639 522 2925 596 ἄνθρωπος
2947 523 3022 577 ὢν
3038 540 3092 596 )⁴

3364 412 3477 476 873

1897 617 2005 672 295
2040 617 2179 671 Ἀλλ’
2202 613 2296 670 οὖν
2321 617 2472 688 φέρω
2494 633 2555 670 τε
2597 617 2693 670 καὶ
2724 617 2898 685 στέγω
2933 618 3157 688 πάσχων
3177 615 3319 675 τόδε.

1915 708 2078 779 Ἐμοῦ
2101 708 2163 761 τὸ
2197 708 2427 778 πάσχειν
2462 711 2712 780 κρεῖσσον
2738 709 2772 780 ἢ
2806 708 2900 762 σοῦ
2930 709 2990 763 τὸ
3015 710 3247 766 σθένειν.

1973 800 2205 855 Ἔπειτα
2235 801 2395 853 τοῦτο
2422 802 2963 874 συνδιασκεψώμεθα.
3238 873 3242 877 ,

1902 893 2104 964 ’Ἄμφω
2134 893 2462 965 κακούμεθ”
2495 894 2631 949 άλλά
2656 896 2739 948 σοὶ
2774 895 2872 966 μὲν
2897 896 2992 950 τοῦ
3024 898 3228 969 τρόπου

1897 983 2033 1055 Δίκη
2062 984 2123 1037 τὸ
2154 985 2385 1056 πάσχειν
2405 1003 2419 1016 ο
2454 988 2482 1039 ὁ
2511 985 2711 1058 τρόπος
2744 991 3050 1060 κατήγορος
3069 1029 3085 1053 ,

1896 1074 2001 1131 500
2030 1076 2102 1130 Τὸ
2130 1077 2325 1149 πικρὸν
2351 1078 2498 1131 ἔνδον
2523 1080 2618 1132 καὶ
2649 1080 2816 1149 σαφὲς
2847 1082 3150 1153 κριτήριον.

1909 1168 2063 1238 Ἐμοὶ
2092 1169 2148 1222 δέ
2180 1187 2264 1233 τις
2294 1170 2564 1242 κάθαρσις
2592 1173 2627 1242 ἡ
2665 1171 2959 1243 μοχθηρία,

1895 1259 2007 1311 Καὶ
2033 1259 2134 1329 τῆς
2162 1261 2434 1333 τυχούσης
2462 1262 2691 1334 αἰθάλης
2709 1280 2723 1293 θ
2757 1264 2910 1318 οὔπω
2938 1263 3081 1335 λέγω

1896 1351 2098 1421 Πεῖράν
2123 1353 2224 1405 τιν’
2259 1349 2398 1407 εἶναι
2430 1355 2524 1408 καὶ¹
2554 1356 2731 1426 πάλην
2762 1357 2823 1411 τὸ
2847 1357 3126 1430 δυσχερὲς,

1907 1438 1996 1501 Ὠς
2025 1438 2091 1492 ἂν
2123 1442 2404 1513 κρατήσας
2435 1445 2527 1497 καὶ
2557 1444 2776 1516 τύχοιμι
2809 1446 2904 1500 τοῦ
2941 1447 3192 1517 στέφους.

1894 1529 1999 1584 505
2026 1530 2091 1583 Τί
2123 1532 2327 1600 ταῦτα;
2361 1535 2446 1600 τίς
2480 1553 2562 1590 σοι
2590 1537 2744 1591 τῶνδ’
2770 1538 2957 1611 ὄνησις
2982 1538 3092 1593 τῶν
3121 1538 3333 1610 λόγωνς

1905 1621 2112 1694 ’ἰατρὸν
2145 1625 2322 1689 οὐδεὶς
2346 1621 2405 1680 εὖ
2432 1628 2646 1698 φρονῶν
2679 1630 2992 1700 σοφίζεται·

1897 1713 1967 1766 Ἣ
1993 1713 2176 1786 λήσεθ’
2204 1715 2346 1771 οὕτω
2379 1720 2447 1789 τῇ
2481 1718 2622 1791 νόσῳ
2653 1719 2992 1795 διαφθαρείς.

711 1861 819 1932 280
844 1859 1059 1932 Rursus
1084 1860 1381 1932 artificiose
1408 1862 1657 1932 exagitas
1679 1863 1859 1919 aliena
1892 1867 2057 1922 mala.

711 1931 851 1998 Quid
875 1929 942 1983 ad
977 1938 1030 1984 te
1068 1945 1200 1985 mea:
1228 1929 1587 1996 calamitates,

710 1992 1181 2081 Quemadmodum
1216 1998 1333 2079 ipse
1366 1992 1605 2081 appellas
1619 1992 1918 2081 ?_ntmquid
1950 2013 2007 2059 tu
2043 2008 2235 2081 morbo
2267 2015 2559 2081 correptus

710 2069 936 2147 Poleres
966 2069 1150 2147 minus
1173 2107 1188 2130 ,
1222 2071 1267 2122 si
1299 2069 1489 2147 eodem
1520 2072 1713 2147 moer
1743 2069 2013 2131 laboraret
2046 2078 2372 2147 proximus?

708 2138 979 2217 graaterea
1009 2137 1176 2217 audi,
1210 2144 1356 2217 quod
1389 2141 1565 2217 ipsum
1601 2142 1711 2210 pati
1744 2137 2089 2215 nequaquam
2127 2162 2227 2217 par
2257 2149 2351 2204 sit.

707 2208 815 2288 385
839 2206 1045 2288 Horum
1075 2207 1179 2261 alia
1204 2206 1423 2288 quidem
1452 2206 1730 2288 fecifnon
1766 2206 1965 2282 passus
2000 2206 2278 2288 sum'ego.

707 2276 844 2349 18am
883 2279 1041 2346 inops
1072 2291 1196 2349 esse
1220 2276 1279 2349 et
1306 2280 1724 2349 vagariusponte
1744 2276 1861 2339 mea

707 2346 884 2416 Qupio
909 2354 1015 2416 ,κει
1048 2346 1287 2402 vinculis
1329 2346 1455 2402 esse
1486 2346 1742 2414 liberum,

706 2414 819 2487 Ijec
847 2415 900 2487 in
934 2415 1188 2487 hac_vita
1214 2416 1373 2469 lixam
1399 2430 1728 2487 essemeam
1762 2423 2179 2487 habitationem.

708 2484 828 2540 Tibi
862 2485 976 2538 haec
1018 2484 1184 2539 chara
1216 2494 1374 2549 sunt,
1411 2486 1545 2540 mibi
1590 2502 1721 2544 vero
1754 2498 2057 2553 contraria.

704 2554 811 2610 290
843 2553 961 2608 Noli
998 2554 1211 2610 leonem
1245 2555 1425 2610 metiri
1464 2571 1530 2610 ex
1561 2557 1740 2612 simia.

705 2622 833 2694 llaec
867 2638 999 2694 ergo
1038 2623 1325 2679 arbitraris
1353 2639 1475 2680 esse
1507 2626 1846 2682 calamitates
1868 2627 1892 2681 ?
1913 2643 1947 2683 ο
1975 2629 2355 2687 calamitates!

706 2692 1047 2774 Quibusdam
1079 2694 1333 2774 equidem
1366 2708 1537 2774 angor
1568 2695 1644 2774 (id
1674 2699 1823 2774 enim
1856 2713 1965 2752 non
2001 2702 2245 2774 negabo;

757 2763 1056 2841 60-561
1109 2763 1297 2841 Habeo
1330 2763 1534 2834 quippe
1568 2765 1777 2841 aliquid
1827 2775 1987 2841 terra:
2016 2763 2267 2841 et'ligni,
2374 2784 2383 2797 ‘

752 2832 998 2912 ιξιιρδῐωζ
1035 2848 1158 2903 quae
1185 2832 1311 2887 inde
1351 2832 1483 2912 irata
1517 2841 1621 2900 est,
1661 2832 1977 2912 voluptatis,
2012 2832 2180 2896 bomd
2217 2832 2345 2896 cum
2379 2839 2549 2912 sim);

701 2902 809 2980 295
850 2902 1237 2980 Verumtamen
1272 2904 1510 2972 perfero,
1538 2912 1612 2980 _et
1641 2902 1815 2980 tolero
1844 2902 1971 2979 qute
1994 2912 2195 2980 patior.

703 2973 997 3042 Cruciatus
1026 2988 1184 3028 meus
1218 2981 1442 3042 praestat
1472 2973 1658 3029 robori
1690 2983 1804 3032 tuo.

775 3041 920 3109 Quin
946 3044 1110 3098 etiam
1142 3041 1246 3097 hoc
1275 3058 1383 3097 una
1427 3043 1592 3099 simul
1620 3045 2034 3103 consideremus
2064 3070 2082 3105 ι

705 3111 881 3182 ᾼιιιὺο
911 3112 1232 3182 allligimur;
1272 3128 1465 3182 verum
1496 3114 1596 3168 tibi
1625 3115 1883 3172 vitiorum

704 3179 870 3254 [’gena
897 3189 1003 3254 est,
1026 3179 1098 3235 ἰιι
1140 3181 1286 3249 quod
1325 3183 1565 3250 pateris;
1610 3183 1715 3254 ipsi
1748 3203 1929 3243 mores
1968 3195 2023 3242 te
2055 3192 2341 3251 accusant,

701 3250 1216 3324 {>00Acerbumque
1248 3261 1301 3305 et
1329 3250 1668 3324 accuratuni,
1704 3257 1853 3324 quod
1898 3258 2042 3311 intra
2074 3266 2127 3311 te
2155 3264 2263 3320 est,
2305 3250 2567 3310 tribunal.

703 3318 846 3395 Milli
873 3334 1021 3395 vero
1042 3318 1300 3395 tertiinna
1317 3330 1401 3375 est
1431 3318 1961 3395 quaedampurgatio

702 3385 1056 3457 Yel’levioris
1094 3389 1373 3457 fuliginis:
1407 3385 1640 3444 necdum
1669 3385 1794 3446 dico

702 3455 1143 3539 Explorationem
1175 3455 1466 3527 quamdam
1506 3472 1627 3512 esse
1656 3470 1709 3515 et
1739 3462 1967 3526 luctam,
2002 3461 2145 3515 banc
2173 3458 2584 3522 adversitatem,

704 3524 1070 3582 Ut’vincendo
1100 3524 1365 3597 assequar
1395 3542 1676 3582 coronam.

700 3597 805 3652 505
854 3597 997 3652 Ouid
1025 3598 1171 3652 ista?
1195 3600 1442 3652 quaenam
1479 3597 1575 3652 tibi
1601 3611 1665 3650 ex

702 3735 799 3793 Vel
828 3738 909 3792 sic
940 3737 1151 3794 inscius
1180 3738 1370 3794 morbo
1396 3735 1621 3808 periret.

257 3887 366 3962 €80
398 3889 589 3962 Πάλιν
610 3892 826 3962 πλέκῃ.
852 3890 978 3946 Haec
1012 3900 1097 3947 est
1126 3892 1413 3962 responsio
1448 3890 1722 3962 Gregorii.

260 3958 369 4013 282
394 3960 713 4026 Καλέσαις.
756 3958 831 4015 Ita
878 3963 1043 4016 tioisl.
1080 3972 1134 4016 et
1161 3958 1281 4015 vat.
1311 3962 1453 4016 Edit.
1482 3958 1768 4017 καλέσσαι.

261 4028 368 4083 285
415 4031 643 4082 Τούτων
689 4030 763 4083 τὰ
801 4031 937 4098 μέν.
992 4030 1097 4083 lies
1149 4033 1408 4085 adversas
1462 4031 1536 4083 ita
1576 4029 1772 4084 dividit

183 4096 491 4166 Gregorius
543 4110 603 4152 ut
656 4096 922 4167 quasdam
981 4099 1085 4152 hoc
1138 4101 1359 4153 nomine
1410 4100 1771 4168 appellandas

181 4181 315 4221 esse
346 4176 525 4234 neget,
559 4183 682 4222 cum
720 4168 1044 4221 voluntariae
1090 4169 1223 4231 sint,
1265 4177 1325 4219 ut
1365 4176 1766 4237 paupertatem,

178 4244 241 4290 et
283 4251 347 4289 ex
385 4238 508 4291 aliis
536 4238 669 4291 locis
714 4238 769 4291 in
805 4239 907 4290 alia
942 4238 1058 4290 loca
1087 4236 1492 4291 oberrationem
1517 4241 1532 4302 ‘;
1561 4238 1614 4288 in
1645 4236 1769 4291 aliis

179 4312 393 4375 autem,
432 4315 489 4359 ut
520 4308 769 4375 corporis
800 4307 1106 4364 doloribus.
1139 4304 1456 4375 patientiam
1487 4306 1766 4375 adhibeat.

256 4374 366 4446 287
392 4375 579 4430 Ποθῶ.
610 4373 780 4432 Coisl.
833 4375 1024 4430 πείθω.
1060 4373 1205 4439 mox,
1252 4391 1374 4444 sup.
1427 4375 1526 4429 lin.
1563 4374 1643 4446 τῷ
1675 4373 1767 4426 δε·

178 4445 364 4518 σμῶν,
388 4462 486 4515 pro
496 4447 567 4518 fro
591 4446 825 4518 dederint:

254 4514 363 4570 290
392 4513 649 4580 Παῦσαι,
670 4513 776 4572 etc.
805 4515 916 4570 Hoc
938 4516 1312 4585 proverbium.
1343 4513 1523 4584 inquit
1545 4513 1763 4578 Billius,

169 4599 296 4640 non
316 4586 660 4657 ineleganter
695 4588 951 4657 usurpari
984 4586 1131 4657 solet
1159 4585 1226 4657 de
1251 4585 1338 4657 iis
1359 4586 1451 4655 qui
1476 4591 1766 4657 propterea

173 4655 331 4725 quod
365 4654 555 4725 ipsi’in
598 4654 976 4728 voluptatibus
1010 4665 1065 4712 et
1103 4655 1317 4712 deliciis
1353 4670 1632 4711 summum
1666 4654 1738 4708 bo

854 3597 997 3664 Quid
1025 3598 1171 3654 ista?
1195 3596 1442 3668 qnaenam
1479 3597 1575 3652 tibi
1601 3611 1665 3668 ex
1698 3599 1786 3654 bis
1813 3599 1995 3655 verbis
2024 3598 2165 3654 redit
2196 3596 2446 3654 utilitas?

698 3666 911 3737 Medico
948 3683 1110 3723 nemo
1146 3666 1344 3723 nientis
1375 3682 1601 3736 compos
1629 3667 1843 3737 illudit;

1876 3902 2009 3943 num
2046 3894 2278 3957 ponunt,
2323 3883 2564 3957 optimos
2589 3881 2766 3957 viros,
2797 3880 2868 3937 ob
2895 3882 3343 3957 prgesentis__vita
3372 3883 3453 3942 la-

1876 3951 2123 4014 bores'et
2150 3951 2516 4018 calamitates,
2550 3953 2781 4007 miseros
2810 3958 2865 4006 et
2894 3951 3139 4007 infelices
3166 3953 3377 4010 dicunt.

1948 4027 2047 4080 291
2085 4024 2152 4078 Ὦ
2179 4020 2516 4091 συμφοράς.
2562 4020 2641 4074 Ita
2690 4020 2881 4077 Billius
2921 4022 3251 4077 emendavit.
3301 4023 3447 4083 l‘ldit.

1874 4098 1950 4160 ὼς
1981 4095 2286 4165 συμφοράςο

2320 4161 2577 4230 πάσχων
2599 4160 2773 4234 τόδε.
2819 4159 2987 4234 Coisl.
3036 4130 3178 4234 eteo:
3224 4162 3449 4234 πάσχων

1872 4237 2021 4319 τάδε.
2061 4236 2147 4289 Al.
2199 4230 2433 4301 στέργω,
2464 4230 2773 4300 amplector,
2804 4230 3083 4300 acquiesco
3112 4232 3179 4285 iis
3204 4230 3448 4304 quaepa-

1877 4317 2047 4430 “02,09
2083 4373 2135 4426 Ὀ
2166 4368 2383 4441 τρόπος
2403 4328 2752 4440 κατήγορος.
2778 4369 2895 4440 Ipsi
2914 4386 3084 4427 mores
3108 4373 3186 4426 tui
3208 4384 3331 4432 sunt
3356 4391 3450 4430 ac-

1871 4454 2164 4498 cusatores.
2685 4474 2692 4484 .

1938 4513 2047 4568 305
2082 4512 2149 4566 Τί
2173 4510 2377 4566 ταῦτα.
2409 4509 2485 4564 Ita
2514 4508 2682 4566 Colsl.
2708 4509 2856 4566 Edit.
2882 4510 2985 4576 τίς.

1942 4582 2048 4639 306
2091 4581 2339 4651 Ἰατρόν.
2377 4578 2455 4635 lla
2489 4580 2658 4636 Coisl.
2686 4579 2832 4636 Edit.
2871 4582 3089 4653 ἰατρῶν.

1480 4769 1816 4833 METRICA
1834 4766 2133 4829 VERSIO.

165 4886 375 4958 Aliena
398 4901 617 4958 rursum
660 4903 836 4943 szevus
857 4889 1100 4958 exagitas
1128 4890 1293 4944 mala.

163 4957 396 5013 Nostrae
417 4956 547 5025 quid
575 4964 627 5010 te
660 4957 928 5011 miserim?
948 4956 1026 5011 sic
1052 4973 1175 5011 nam
1206 4974 1372 5014 vocas

164 5029 317 5094 Quae
336 5025 471 5079 dura
496 5025 694 5094 patior.
724 5025 878 5081 Tune
909 5035 1198 5095 correptus
1242 5027 1400 5091 febri,

163 5096 383 5153 Levius
406 5096 648 5159 doleres,
684 5095 917 5150 alterum
948 5106 1210 5165 aegrotum
1236 5096 1467 5152 videns?

159 5164 323 5223 Audi
352 5165 582 5220 deinde:
612 5167 801 5235 dispar
831 5177 916 5221 cst
957 5164 1136 5234 ipsum
1161 5167 1300 5233 pati.

1785 4892 1833 4952 Β
1861 4885 2153 4958 gignique,
2185 4891 2242 4958 et
2276 4884 2433 4939 illinc
2462 4883 2648 4953 gaudii
2681 4883 2789 4958 orti
2820 4882 3025 4949 noxii),

1864 4953 2189 5012 Toleranter
2223 4955 2330 5008 ista
2358 4961 2578 5022 pectore
2605 4962 2659 5006 at
2690 4953 2805 5006 fero
2830 4960 3036 5005 tamen.
3118 5008 3123 5017 ,

1862 5026 2158 5082 Cruciatus
2191 5024 2297 5078 iste
2331 5022 2517 5075 robori
2548 5028 2772 5090 praestat
2797 5030 2917 5075 tuo.

1932 5094 2146 5150 Mecum
2169 5090 2318 5146 istud
2350 5091 2516 5145 etiam
2547 5089 2606 5144 tu
2627 5132 2641 5155 ,
2673 5090 2867 5154 velim,
2900 5089 3242 5146 consideres.

1861 5165 2140 5219 chamur
2164 5162 2326 5215 ambo
2355 5179 2369 5213 :
2408 5160 2702 5214 criminum
2734 5161 2828 5215 sed
2861 5170 2918 5215 tu
2953 5161 3060 5215 luis

160 5236 538 5306 llmjumjpse
565 5231 812 5305 quadam
843 5231 1038 5306 passus
1069 5231 1211 5306 haud
1244 5251 1366 5291 sum
1394 5274 1409 5303 ,
1438 5235 1534 5291 sed
1560 5235 1756 5291 lubens
1859 5232 2098 5306 Poenas:
2133 5245 2319 5306 aperte
2335 5231 2447 5306 _hoc
2472 5239 2711 5299 arguunt
2744 5246 2925 5306 mores
2956 5233 3060 5306 tui,

157 5304 328 5383 Τίθει.
368 5302 563 5383 vagari
584 5302 721 5383 nam
757 5302 922 5383 libet,
952 5320 1119 5360 censu
1152 5305 1284 5358 libet

154 5379 407 5434 Carere:
441 5374 578 5428 liber
606 5376 844 5445 vinculis
874 5386 999 5429 nam
1032 5390 1153 5428 sum
1183 5374 1471 5440 omnibus,

152 5448 286 5503 Nec
322 5445 430 5496 ulla
459 5445 617 5499 sedes
650 5446 861 5514 uspiam
890 5446 980 5499 hic
1009 5445 1113 5498 lixa
1147 5454 1229 5498 est
1257 5445 1412 5500 mihi.

152 5514 299 5573 Tibi
331 5515 499 5567 chara
532 5522 661 5568 sunt
691 5515 844 5569 haec?
871 5525 927 5568 at
957 5514 1090 5568 mihi
1125 5515 1426 5570 contraria.

150 5588 245 5643 Ne
296 5590 355 5637 tu
390 5584 599 5639 leonem
627 5587 856 5640 metiare
884 5601 948 5638 ex
978 5585 1164 5639 simia.

151 5656 532 5712 (Zalaniitates
561 5655 674 5709 haec
705 5655 904 5725 putas?
934 5653 1148 5725 Sortem
1182 5652 1441 5723 gravem!

150 5726 366 5795 Angor
394 5722 723 5793 quibusdaui
751 5739 948 5779 rursus
979 5722 1148 5795 (haud
1177 5722 1473 5794 negavero,

157 5793 313 5854 Hilii
351 5795 549 5865 quippe
577 5796 714 5862 limi,
746 5809 870 5853 cum
900 5793 1003 5851 sim
1031 5793 1219 5861 homo,
1253 5793 1383 5866 pars
1401 5798 1489 5849 est
1509 5806 1750 5865 quoque,

1863 5303 2079 5359 Saevum
2105 5297 2350 5356 tribunal
2384 5297 2587 5356 mentis
2613 5341 2627 5361 .
2669 5312 2724 5357 et
2756 5300 2967 5356 clarum
2992 5297 3311 5358 admodum.

1859 5375 2132 5429 .Erurnna
2164 5381 2361 5427 contra
2390 5372 2643 5425 nonnihil
2681 5387 2801 5425 mea
2828 5372 3087 5440 crimina,

1864 5444 2279 5516 Euliginemque
2307 5442 2389 5495 vel
2423 5442 2593 5516 levem
2628 5450 2897 5516 expurgat
2925 5457 3122 5516 meam.

1862 5510 2011 5581 Quid
2031 5514 2172 5568 forte
2192 5510 2359 5566 ‘luctae
2386 5519 2473 5566 est
2511 5511 2688 5565 instar
2721 5510 2835 5566 haec
2859 5510 3132 5578 molestia,

1864 5584 1968 5645 Ut,
2007 5584 2164 5638 hoste
2192 5582 2335 5636 victo
2357 5621 2371 5645 ,
2409 5581 2645 5636 nobilem
2671 5583 2903 5650 palmam
2929 5592 3215 5650 assequar.

1860 5653 2002 5720 Quid
2028 5653 2171 5708 ista?
2199 5653 2455 5721 quisnam
2490 5650 2704 5721 fructus
2724 5666 2788 5706 ex
2829 5652 3011 5707 verbis
3043 5651 3185 5707 tibi?

1858 5722 2032 5793 Nemo
2061 5720 2299 5778 medenti
2326 5760 2342 5785 ,
2381 5720 2642 5793 praeditus
2673 5729 2854 5793 mente
2886 5722 3123 5793 integra,

1859 5792 2043 5849 llludit
2070 5811 2083 5847 :
2112 5799 2208 5847 aut
2231 5794 2310 5848 sic
2340 5799 2513 5848 semet
2542 5790 2861 5863 imprudens
2891 5790 3072 5853 necat.
