4004 6454
296 488 401 546 MS
1396 488 1636 545 SECTIO
1669 490 1733 546 ll.
1765 487 2093 545 POEMATA
2129 488 2234 545 ΜΟῙ

2034 488 2093 542 Ἄ
2129 488 2459 545 MORALIA.

291 608 465 672 Χόλος
488 605 780 678 φυλάσσειν
801 606 985 663 πίστιν
1007 606 1108 662 οὐκ
1132 606 1421 661 ἐπίσταται
1437 616 1452 630 ‘

297 699 396 762 ⁸ος
423 698 531 769 γὰρ
554 698 836 752 καθίστατ*
858 699 969 753 οὐδ’
1000 698 1200 770 ἀληθὲς
1233 697 1516 760 πολλάκις,

295 787 405 843 460
424 787 548 851 Πῶς
577 787 644 841 ἂν
680 789 944 859 κατάσχοι
976 807 1066 860 μοι
1097 789 1254 859 χόλος
1289 789 1619 860 μυστήριον;

296 879 512 932 Ἔπειτ⁹
535 879 712 932 ἐκεῖνο
746 882 1118 952 σωφρονήσεις
1145 880 1366 945 ἐννοῶν,

304 970 394 1034 Ὦς
424 973 473 1024 εἰ
511 971 610 1041 μὲν
647 971 800 1026 οὐδέν
825 973 974 1025 ἐστιν
1008 975 1041 1043 ἡ
1072 972 1220 1036 ζέσις
1249 973 1441 1037 κακὸν,

1899 615 1943 668 Α
1987 606 2126 658 Ἀλλ’
2154 607 2381 679 ἠδίκησέ
2405 609 2452 661 σ⁹
2475 626 2491 676 ;
2522 609 2684 664 αὑτὸν
2703 609 2763 663 ού
2785 609 3004 682 δράσεις
3029 610 3237 674 κακῶς.

1990 698 2148 750 Ἀλλὰ
2182 699 2465 769 σχεθήσετ’
2491 717 2506 765 ;
2541 701 2608 756 ἂν
2636 701 2692 754 δὲ
2718 701 2899 756 πλεῖον
2923 703 3156 774 ὲκμανῇ.

1985 789 2093 842 475
2129 789 2290 843 Ἀλλὰ
2313 791 2610 863 προήρξατ’
2636 811 2651 858 ;
2681 794 2818 848 ἀλλὰ
2837 794 3124 867 κλασθήτω
3148 788 3312 866 τάχος

1975 879 2066 949 Τῷ
2101 880 2180 950 σῷ
2207 880 2351 952 λόγῳ
2373 899 2432 934 τε
2466 884 2563 936 καὶ
2589 884 2778 955 τρόπῳ
2799 886 3180 956 περιτραπεὶς,

1976 971 2192 1041 Ὥσπερ
2212 988 2264 1023 τι
2295 971 2448 1042 κῦμα
2471 973 2629 1028 λυθὲν
2655 975 2715 1028 ὲν
2745 974 2929 1046 χέρσῳ
2947 976 3133 1046 τάχος,

1975 1056 2045 1114 Ἢ
2075 1062 2168 1115 καὶ
2195 1059 2332 1131 ζάλη
2364 1079 2449 1126 τις
2469 1065 2570 1116 ούκ
2585 1063 2765 1134 ἔχουσ”
2789 1065 3125 1118 ἀντίστασιν.

1977 1152 2176 1224 ’Ύσρις
2205 1152 2319 1207 τάδ’
2348 1154 2533 1220 lio-civ;
2562 1154 2741 1226 ὕϐρις,
2769 1156 2836 1228 ἢν
2865 1156 3228 1228 συνεκπέσῃς.

1974 1243 2081 1298 480
2114 1245 2183 1297 Ἦ
2207 1246 2302 1299 καὶ
2327 1247 2578 1300 νοσοῦσιν
2602 1247 3148 1320 ἀντιλοιδορήσομενς

1975 1335 2096 1388 Τῶν
2124 1335 2506 1406 δαιμονῶντων
2537 1337 2600 1391 ού
2625 1337 2813 1409 φέρεις
2839 1335 2938 1408 τὴν
2962 1336 3254 1407 ένστασιν;
3289 1323 3293 1328 ’

1978 1425 2198 1479 Τούτων
2226 1427 2372 1496 λέγω
2393 1428 2457 1500 δὴ
2491 1428 2600 1482 τῶν
2630 1427 3005 1483 ὑλακτούντων
3039 1427 3152 1499 βίᾳ.
3239 1456 3245 1462 ·

1975 1518 2114 1582 Τοὺς
2143 1517 2413 1590 ἔκφρονας
2443 1521 2500 1574 δὲ
2537 1520 2633 1574 καὶ
2664 1519 2853 1583 δεινῶς
2882 1519 3196 1591 μεμηνότας
3219 1536 3235 1586 ζ

1980 1611 2075 1662 “Av
2099 1606 2158 1663 εὖ
2194 1613 2400 1682 φρονῇς
2427 1627 2491 1681 γε
2509 1628 2524 1644 ·
2555 1613 2682 1676 τοὺς
2715 1610 3073 1682 μεθυπλῆγας
3093 1611 3139 1664 δ’
3166 1610 3269 1674 ἐτι,

1974 1701 2078 1755 485
2106 1695 2205 1754 Ὧν
2229 1702 2329 1774 τὴν
2357 1703 2670 1774 φρόνησινή
2701 1701 2839 1772 μέθη
2868 1702 3191 1756 κατέκλυσε.

1974 1792 2039 1843 Τί
2067 1792 2110 1845 δ’
2135 1795 2182 1846 εἱ
2211 1794 2356 1847 κύων
2393 1811 2474 1846 σοι
2503 1793 2842 1865 προσδράμοι
2870 1792 3075 1862 λύσσης
3108 1791 3331 1864 γέμων;

1975 1883 2039 1935 Τί
2061 1883 2106 1936 δ’
2141 1883 2206 1936 ἂν
2245 1885 2490 1954 κάμηλος
2517 1888 2754 1957 φυσικῆς
2791 1884 2852 1948 ἐξ
2882 1883 3095 1956 ὕϐρεως

290 1059 418 1113 Οὐδ’
449 1058 702 1127 ἐγκαλεῖν
725 1060 961 1114 δίκαιον·
996 1062 1044 1114 ει
1073 1061 1118 1113 δ’
1144 1060 1259 1114 ἔστι
1297 1062 1488 1127 κακὸν,

246 1173 249 1175 ·
303 1152 394 1216 Ὧς
417 1152 552 1214 ἔστι,
588 1153 683 1206 καί
719 1171 801 1207 σοι
850 1154 1121 1222 φαίνεται,
1154 1154 1227 1226 μὴ
1260 1155 1486 1225 αἰσχρὸν

290 1243 402 1297 465
430 1244 687 1314 Πάσχειν,
717 1244 754 1298 ἃ
780 1243 876 1297 τοῦ
897 1245 1199 1315 πάσχοντος
1226 1241 1279 1298 εἴ
1303 1246 1612 1317 κατήγορος
1635 1287 1652 1309 ,

293 1335 406 1389 Καὶ
437 1335 512 1406 μὴ
542 1335 638 1389 τὸν
659 1335 854 1406 ἐχθρὸν
880 1335 1180 1406 λαμϐάνειν
1213 1336 1548 1407 παραινέτην
1572 1355 1588 1404 ;

294 1422 412 1481 Εἶτ’
445 1428 495 1481 εἰ
519 1427 617 1498 μὲν
651 1427 764 1480 ἔστι
805 1427 1042 1498 πρόσθεν
1071 1427 1172 1480 οὐκ
1199 1427 1517 1498 αἱνούμενος

290 1509 484 1581 Οὗτος,
517 1519 546 1571 ὁ
573 1517 669 1571 νῦν
702 1515 842 1581 ζέων
867 1533 927 1570 τε
961 1517 1056 1571 καὶ
1089 1517 1269 1570 πνέων
1311 1517 1532 1588 θράσος,

289 1610 402 1662 Καὶ
432 1609 528 1663 νῦν
550 1609 829 1681 προδήλως
851 1607 971 1662 ἀντὶ
1007 1606 1102 1662 σοῦ
1140 1607 1545 1680 μεμφθήσεται.

287 1699 396 1752 470
420 1700 483 1752 Εἰ
506 1699 550 1753 δ’
570 1699 638 1754 ἂν
664 1699 846 1754 καλῶν
877 1716 980 1764 τις,
1014 1699 1074 1751 ού
1101 1699 1167 1751 σὺ
1192 1698 1365 1762 δόξεις
1407 1702 1721 1770 σωφρονεῖν.

288 1791 436 1864 Πρὸς
458 1790 569 1862 γὰρ
598 1791 660 1843 τὸ
691 1792 945 1861 κρεῖσσον
976 1791 1010 1859 ὴ
1043 1788 1182 1860 ῥοπὴ
1209 1789 1321 1842 τῶν
1348 1788 1631 1843 πλειόνων.

371 1882 511 1937 Ἀλλ’
535 1879 595 1938 εὖ
626 1881 860 1936 πέπονθε
882 1899 895 1946 ;
928 1881 1112 1934 πλεῖον
1136 1879 1556 1951 ὲγκληθήσεται.

788 2058 1078 2114 Iracundia
1111 2057 1272 2113 fidem
1305 2072 1528 2114 servare
1559 2069 1768 2114 nescnt:

786 2129 920 2194 Quae
952 2130 1100 2184 enim
1135 2127 1329 2198 objicit
1355 2143 1500 2198 saepe
1527 2130 1676 2198 quod
1707 2144 1899 2184 verum
1932 2146 2042 2185 non
2067 2142 2171 2196 est,

786 2199 894 2254 460
937 2199 1040 2264 Qui
1066 2199 1158 2252 fiat
1183 2206 1240 2252 ut
1270 2207 1453 2253 servet
1482 2198 1614 2253 mihi
1648 2200 1932 2253 iracundia
1969 2204 2284 2257 secretum?

787 2267 1003 2341 Deinde
1022 2269 1358 2341 moderatior
1389 2267 1507 2331 lies,
1543 2269 1657 2341 haec
1688 2277 1869 2323 tecum
1907 2271 2218 2341 recogitans
2246 2290 2261 2338 ;

789 2335 846 2407 _S_i
873 2337 1096 2407 quidem
1122 2337 1204 2391 ira
1238 2351 1347 2391 non
1379 2347 1462 2392 est
1488 2338 1716 2407 malum,

784 2405 972 2476 ﬁerine
994 2409 1194 2461 iratum
1231 2405 1634 2476 reprehendere
1661 2421 1879 2476 aequum
1910 2415 2036 2473 est;
2071 2408 2117 2462 si
2155 2417 2336 2464 autem
2359 2417 2445 2466 est
2479 2411 2705 2475 malum,

787 2473 964 2546 Utres}
988 2491 1046 2546 re
1075 2477 1217 2546 ipsa,
1252 2473 1319 2546 ac
1334 2476 1438 2546 tibi
1463 2475 1704 2540 videtur,
1727 2473 1924 2546 'nonne
1951 2483 2112 2546 turpe
2137 2488 2221 2533 est

783 2544 890 2619 £65
920 2544 1126 2619 Eodem
1156 2545 1300 2619 _vitio
1331 2544 1604 2619 laborare,
1637 2559 1747 2619 quo
1787 2544 2123 2619 laborantem
2158 2548 2327 2602 alium
2353 2549 2734 2619 reprehendis,

783 2613 896 2670 Nec
919 2615 1132 2671 hostem
1156 2614 1360 2670 habere
1388 2615 1565 2670 instar
1587 2613 1878 2669 monitoris
1901 2614 1924 2667 i

783 2683 1077 2748 Praeterea,
1110 2684 1157 2740 si
1181 2693 1343 2740 antea
1374 2701 1485 2739 non
1514 2692 1633 2740 erat
1662 2683 1960 2739 laudabilis

785 2752 858 2818 ls,
890 2755 983 2823 qui
1013 2769 1162 2808 nunc
1189 2755 1272 2808 ira
1306 2753 1500 2819 fervet,
1531 2763 1586 2810 et
1613 2754 1790 2823 spirat
1815 2751 2127 2813 audaciam,

782 2820 1141 2948 §3§-537
1173 2823 1348 2878 Etiam
1378 2840 1527 2879 nunc
1559 2820 1850 2879 manifeste
1882 2820 2306 2903 vituperabitur,
2337 2829 2396 2901 tu
2428 2835 2558 2875 vero
2585 2820 2831 2874 minime.

825 2893 891 2948 70
964 2896 1018 2948 in
1055 2901 1237 2948 autem
1271 2894 1357 2948 vir
1388 2895 1567 2948 bonus
1600 2902 1706 2948 est.
1727 2902 1784 2948 tu
1819 2908 1930 2947 non
1965 2889 2240 2947 videberis
2268 2905 2491 2948 sapiens
2528 2910 2540 2944 :

825 2889 891 2948 ῗῖ)
905 2889 1022 2949 Sin
1040 2889 1237 2951 'antem
1271 2894 1357 2948 vir
1388 2895 1567 2949 bonus
1600 2902 1706 2959 est,
1727 2902 1784 2948 tu
1819 2908 1930 2947 non
1965 2889 2240 2947 videberis
2268 2891 2491 2961 sapiens
2528 2910 2540 2944 :

783 2962 1166 3035 lii_meliorem
1193 2964 1340 3035 enim
1372 2975 1581 3035 partem
1606 2963 1912 3034 propendet
1930 2962 2280 3035 parsmaior.

855 3031 1064 3090 Verum
1092 3034 1234 3089 bene
1268 3033 1337 3087 de
1361 3027 1456 3090 i'llo
1485 3027 1725 3089 meritus
1749 3048 1895 3097 sum,
1922 3027 2140 3102 inquies
2228 3029 2562 3102 hincmagis
2594 3027 2928 3100 culpabitur.

783 3104 855 3174 At
887 3105 1090 3174 injuria
1120 3113 1173 3159 te
1203 3102 1386 3174 affecit
1422 3119 1597 3160 :cave
1632 3119 1702 3159 ne
1737 3111 1797 3161 tu
1836 3099 2081 3174 vicissim
2116 3099 2320 3174 afficias
2363 3099 2625 3168 improbe.

784 3173 854 3226 At
880 3170 1228 3229 coercebitur
1258 3189 1271 3225 :
1309 3173 1450 3228 forte
1482 3174 1676 3241 majori
1718 3175 1906 3228 furore
1933 3170 2287 3240 corripietnr.

785 3242 894 3312 475
919 3243 988 3296 Αι
1023 3244 1115 3297 ille
1152 3242 1320 3311 coepit
1356 3262 1368 3296 :
1407 3243 1489 3296 fac
1513 3251 1575 3295 ut
1605 3244 1716 3297 cito
1750 3244 2037 3312 frangatur

787 3309 984 3367 Verbis
1011 3313 1118 3367 tuis
1141 3321 1195 3364 et
1236 3309 1482 3366 moribus
1519 3312 1736 3368 blandis
1768 3309 2112 3367 immutatus,

787 3381 1261 3446 Quemadmodum
1288 3379 1484 3435 fluctus
1513 3380 1580 3434 ad
1600 3388 1801 3434 terram
1837 3379 2112 3448 frangitur
2144 3376 2316 3448 illico,

783 3445 894 3504 Ant
925 3451 1182 3520 procella,
1209 3449 1355 3519 quod
1393 3466 1502 3503 non
1540 3449 1700 3504 habet
1736 3447 1885 3518 quod
1910 3445 2024 3520 ipsi
2060 3445 2348 3520 renitatur.

783 3520 853 3590 ᾼι
889 3513 1089 3590 p'robra
1119 3513 1242 3575 haec
1257 3527 1386 3573 sunt
1416 3539 1428 3573 :
1457 3520 1658 3589 prohra
1690 3513 1846 3580 sane,
1877 3513 2131 3590 si'simul
2171 3513 2358 3568 cadas.

780 3585 1000 3661 48οἈιι
1029 3589 1252 3661 aegrotis
1280 3585 1471 3661 mutua
1499 3590 1810 3661 ingeremus
1839 3586 2086 3661 convicia
2111 3585 2134 3637 ?

777 3657 971 3715 Nonne
998 3653 1328 3715 agitatorum
1353 3674 1384 3712 a
1410 3653 1658 3714 daemone
1684 3659 1889 3713 toleras
1915 3653 2200 3711 furorem?

777 3730 989 3801 ﬂorum
1023 3729 1168 3795 dico,
1202 3730 1299 3801 qui
1332 3730 1383 3783 vi
1421 3729 1597 3784 coacti
1631 3729 1855 3801 latrant.

777 3796 894 3871 Ijou
930 3799 1042 3856 fers
1065 3796 1321 3871 insanos,
1338 3807 1392 3854 et
1418 3802 1660 3871 graviter
1689 3797 1978 3871 furentes?

778 3866 1102 3952 Fers’certe,
1129 3872 1174 3926 si
1209 3870 1395 3952 sapis;
1421 3866 1764 3952 temulentos
1784 3868 1958 3952 etiam

778 3936 886 4005 485
909 3937 1154 4005 Quorum
1185 3936 1450 3994 rationem
1479 3940 1717 3994 ebrietas
1747 3937 1954 3992 obruit.

781 4003 1006 4142 guid'si
1035 4010 1188 4064 canis
1223 4018 1477 4063 accurrat
1512 4009 1794 4062 furiosus?

834 4077 923 4130 uid
953 4080 998 4132 si
1028 4079 1270 4134 camelus
1305 4078 1542 4132 naturali
1577 4078 1794 4142 petulau

834 4077 923 4130 uid
953 4080 998 4132 si
1028 4079 1270 4134 camelus
1305 4078 1542 4132 naturali
1577 4075 1885 4146 petulantia

348 4260 453 4317 459
497 4258 761 4329 Ἀληθές.
789 4258 866 4313 Ita
891 4257 1201 4329 legendum.
1237 4255 1380 4314 Edit.
1416 4256 1642 4327 ἀληθής.

349 4331 455 4386 460
482 4327 695 4396 Χόλὸς.
724 4327 894 4384 Coisl.
917 4327 1093 4398 χόλον.

349 4402 455 4455 470
479 4399 705 4466 Δόξεις.
738 4399 817 4469 lla
843 4396 1011 4453 Co‘i‘sl.
1040 4397 1183 4469 Edit.
1219 4396 1400 4469 δόξῃς.

348 4471 451 4526 475
496 4463 773 4538 Ἠδίκὴσέ
815 4471 909 4531 0";
947 4468 1134 4521 αὐτὸν
1164 4469 1237 4523 οὺ
1269 4463 1514 4536 δράσεις
1542 4463 1760 4530 κακῶς.
1785 4465 1864 4518 lta

276 4541 449 4596 Coisl.
482 4541 628 4596 Edit.
668 4539 939 4611 ἡδίκηκε;
973 4538 1157 4603 αὐτός.

2034 4467 2132 4520 481
2171 4461 2528 4519 Ἔκστασιν.
2554 4463 2634 4518 Ita
2656 4461 2834 4519 Coisl.
2866 4461 3010 4517 Edit.
3043 4461 3319 4519 ἔκστασιν.

1585 4717 1919 4778 METRICA
1943 4711 2242 4774 VEBSIO.

1887 4903 1936 4962 Β
1965 4903 2033 4955 At
2060 4899 2212 4957 laesit
2226 4899 2316 4954 hic
2342 4914 2465 4955 me:
2495 4908 2554 4955 tn
2581 4913 2714 4954 cave
2744 4898 2891 4952 hunc
2919 4897 3083 4954 laedas
3115 4897 3270 4955 item.

1963 4971 2034 5024 At
2063 4970 2429 5040 reprimetnr:
2468 4968 2658 5024 forsan
2691 4968 3054 5040 liinc‘crescet
3085 4967 3263 5027 furor.

1955 5043 2024 5109 At
2055 5036 2226 5109 caipit
2253 5039 2374 5093 ille:
2411 5036 2876 5109 protinusverbjs
2901 5036 3013 5109 tuis

1955 5104 2289 5180 Frangitur,
2329 5104 2496 5180 atque
2532 5105 2784 5180 moribus
2813 5104 3216 5180 blandissimis,

1959 5173 2185 5234 Solut'ns
2214 5173 2787 5233 instar'llnctnum-‘ad
2815 5183 3018 5229 terram
3053 5173 3228 5240 illico,

1956 5253 2065 5303 Aut
2096 5256 2157 5304 ut
2188 5247 2466 5318 procella,
2497 5261 2626 5300 cum
2659 5245 2798 5318 nihil
2833 5245 3113 5318 renititur.

279 4914 513 4970 Servare
540 4908 668 4964 bilis
691 4908 966 4977 impotens
991 4908 1165 4964 nescit
1199 4907 1380 4964 fidem.

280 4985 527 5051 Persaepe
560 4993 686 5038 nam
717 4973 840 5048 quae
873 4977 1008 5051 falsa
1035 4979 1383 5051 proloquitnr
1409 4973 1611 5051 libens,

275 5044 503 5111 Occulta
536 5044 775 5118 quonam
801 5044 1128 5118 comprimat
1157 5044 1379 5118 tandem
1407 5044 1608 5098 modo?

277 5126 393 5180 Hoc
421 5114 616 5192 praeter
653 5118 759 5192 ista
787 5114 1058 5192 cogitans,
1096 5114 1435 5171 moderatior

277 5188 567 5249 Redderis.
590 5189 675 5242 Ira
711 5188 756 5242 si
783 5188 986 5241 malum
1020 5202 1128 5241 non
1159 5197 1265 5248 est,
1295 5199 1359 5240 ea

276 5265 509 5335 Captum
551 5259 996 5335 improbarenon
1027 5257 1206 5335 decet.
1243 5255 1340 5335 Sin
1373 5263 1459 5309 est
1485 5253 1712 5316 malum,

279 5326 489 5396 Et'est,
525 5337 578 5384 et
617 5326 740 5384 esse
762 5327 1000 5404 iudicas,
1037 5327 1167 5404 quid
1191 5326 1431 5404 turpius,
1505 5393 1517 5404 _
1637 5389 1682 5404 ω

277 5389 744 5472 Quam,'que_m_tu
762 5389 836 5453 'in
867 5389 1354 5472 alio’ca'rpis,‘_hoc
1382 5393 1575 5472 morbo
1601 5389 1762 5450 allici,

275 5462 387 5530 Nec
419 5462 536 5543 ipso
565 5469 634 5523 ab
666 5468 1046 5543 hostecapere
1076 5462 1368 5543 consilium
1394 5462 1538 5543 tuo?

277 5545 397 5600 Huc
429 5534 591 5603 adde,
618 5538 766 5610 quod
797 5539 847 5610 si
875 5534 983 5610 non
1012 5539 1166 5608 prius
1191 5534 1482 5610 laudabilis

277 5613 408 5669 Erat
429 5613 542 5675 hic,
568 5604 732 5664 modo
758 5609 854 5678 qui
889 5604 1083 5678 fervet,
1120 5615 1175 5663 et
1202 5607 1373 5676 spirat
1410 5604 1586 5678 ferox,

276 5684 431 5738 Nunc
460 5684 624 5737 etiam
655 5677 844 5748 aperte
871 5677 1132 5743 dedecus,
1162 5693 1270 5732 non
1295 5686 1396 5748 tu,
1424 5677 1582 5748 feret.

279 5754 376 5808 Sin
408 5761 587 5808 autem
621 5745 917 5820 honestus,
943 5749 1229 5820 improbus
1256 5745 1554 5800 videberis.

281 5821 654 5894 Prgnstantiori
681 5835 809 5890 pars
834 5819 982 5875 enim
1010 5818 1184 5894 major
1210 5819 1376 5894 favet.
1460 5893 1463 5894 ν
1512 5884 1522 5894 ι
1550 5884 1560 5894 ⁸

346 5892 600 5964 ingratus
624 5884 797 5948 in'me
829 5900 942 5948 est:
973 5884 1197 5960 gravius
1227 5889 1354 5942 hinc
1379 5884 1678 5940 uotahitur.

1956 5384 2237 5461 Egrosne
2269 5387 2490 5458 probris
2525 5384 2736 5461 mutuis
2765 5386 2884 5454 ipse
2918 5384 3190 5461 impetes?

1955 5454 2155 5515 An'non
2183 5454 2430 5514 furentes
2466 5455 2678 5526 pateris,
2709 5456 2833 5518 hos,
2862 5454 2957 5526 qui
2985 5454 3234 5526 daemone

1956 5531 2272 5601 Agitantur,
2307 5542 2372 5582 ac
2405 5523 2685 5596 vi'perciti
2716 5523 3055 5601 horrendum
3087 5523 3335 5601 latrant?

1956 5593 2146 5665 Quid?
2177 5606 2365 5654 mente
2394 5593 2587 5665 cap’tos
2619 5610 2728 5649 non
2763 5593 2947 5665 feres?
2983 5600 3136 5665 certe
3161 5593 3330 5663 feres.

1960 5662 2017 5724 Si
2045 5669 2246 5725 mentis
2275 5669 2394 5735 ipse
2415 5662 2480 5735 es
2512 5665 2759 5734 integrae.
2798 5663 2942 5729 Quid
2973 5662 3181 5735 ebrios,

1959 5739 2204 5805 Quorum
2231 5733 2379 5807 Lyaei
2408 5733 2578 5807 nimia
2607 5733 2690 5807 yis
2720 5741 2958 5807 mentem
2995 5733 3224 5807 obruit?

1960 5802 2124 5874 Quid,
2159 5802 2391 5862 rabidus
2417 5805 2485 5860 ad
2520 5813 2574 5860 te
2602 5802 2744 5859 forte
2769 5805 2815 5859 si
2839 5812 3025 5874 currat
3051 5804 3244 5860 canis?

1960 5873 2143 5946 Quid?
2171 5878 2218 5934 si
2244 5877 2487 5933 camelus
2520 5875 2796 5947 quispiam
2829 5873 2984 5931 ferox
3019 5881 3173 5930 tonet

1955 5323 2024 5390 Α)
2057 5313 2264 5390 prob'ra
2294 5323 2426 5390 sunt
2443 5316 2603 5390 haec:
2639 5317 2860 5390 probra,
2895 5315 2943 5390 s_i
2964 5313 3132 5370 cadas
3167 5313 3358 5390 simul.

2034 4257 2140 4313 476
2182 4255 2264 4322 Τῷ
2293 4253 2384 4320 σῷ
2413 4255 2572 4323 λόγῳ
2601 4251 2793 4323 τεηιιιι
2821 4252 2992 4306 Coisl.
3020 4260 3075 4323 et
3111 4251 3232 4306 Vat.
3258 4250 3455 4310 Deerat
3487 4251 3544 4308 in

1964 4327 2126 4382 editis
2146 4321 2354 4397 τῴίσῷ,
2384 4333 2452 4397 et_
2471 4321 2582 4397 uno
2610 4321 2750 4397 pede
2782 4322 3128 4397 claudicabat
3156 4337 3366 4397 versus.

2035 4397 2142 4450 477
2175 4392 2381 4463 Τάχὸς.
2414 4393 2586 4464 Coisl.
2611 4392 2829 4464 ῖιτρᾴῳς.
2869 4392 2990 4464 fat.
3021 4393 3074 4464 in
3115 4407 3286 4463 marg.
3332 4393 3546 4450 leniter.
