4004 6400
266 454 367 510 809

267 569 538 638 Ἐχουσιν.
571 561 758 625 Οὕτως
784 559 850 615 ἂν
879 559 1056 632 μόνως
1087 553 1228 630 ἦσαν
1263 557 1463 627 σχετοί.

264 659 332 714 Ti
366 657 412 710 δ’
447 657 508 709 οὐ
533 655 595 709 τὸ
622 652 782 724 σῶμα
811 653 922 714 τοῖς
951 649 1195 703 θέλουσιν
1225 647 1478 712 ὲνδίδωςς

268 749 372 806 170
407 747 473 802 Ti
503 747 546 802 δ’
579 745 700 816 οὐχ).
727 743 821 797 καὶ⁴
849 743 1152 813 λῄσταρχον
1185 737 1404 810 ἀσπάζῃ
1430 737 1541 807 βίον
1560 773 1578 802 ,

266 839 629 912 Τοιχωρυχείς
659 852 719 890 τε
742 834 839 888 xal
860 831 1148 904 διοχλίξεις
1170 831 1396 899 τάφους,

268 933 336 988 Εἴ
362 948 444 985 σοι
469 930 530 983 τὸ
561 927 810 980 πλουτεῖν
835 922 930 976 καὶ
962 923 1122 992 μόνον
1145 919 1526 984 σπουδάζεται,

269 1023 377 1077 Τοῦ
417 1019 535 1084 πῶς
563 1019 630 1083 δ’,
657 1016 780 1070 ὅθεν
804 1031 885 1079 τε,
921 1013 1058 1084 μηδὲ
1087 1006 1167 1075 εἷς
1187 1011 1323 1074 ὅλως
1354 1010 1547 1078 λόγοςς

269 1113 518 1176 Κάλλους
550 1110 648 1181 μὲν
686 1102 826 1161 εἶναι
857 1105 1074 1177 μέτρον,
1104 1099 1243 1158 εἶναι
1271 1103 1316 1157 δ’
1341 1101 1516 1171 ὅψεως
1535 1141 1552 1167 ,

271 1205 375 1259 175
397 1203 630 1275 Δρόμου,
659 1198 876 1259 σθένους
904 1213 965 1250 τε
1005 1196 1099 1250 καὶ
1124 1193 1323 1266 μελῶν,
1351 1193 1446 1247 καὶ
1483 1189 1762 1260 ωμάτων,

271 1298 458 1364 Λόγων
483 1311 567 1357 τε,
611 1291 825 1363 μόχθων
851 1288 901 1342 τ’
922 1305 936 1319 ⁶
976 1287 1136 1360 ἔργον
1165 1287 1265 1358 οὐχ
1290 1285 1654 1357 ἀρπάγματος
1672 1297 1688 1312 °

271 1387 478 1457 κτήσει
508 1383 564 1438 δὲ
590 1381 770 1455 μηδὲν
785 1379 987 1451 μέτρον
1005 1395 1018 1408 ·
1051 1377 1169 1431 ἀλλ’
1195 1377 1341 1448 ἔχειν
1371 1373 1526 1443 ξένον

273 1477 355 1532 Τὰ
393 1475 486 1530 τοῦ
523 1472 791 1544 καμόντος
817 1471 912 1523 καὶ
949 1467 1132 1532 καλῶς
1156 1485 1326 1538 κεκτη
1337 1467 1498 1538 μένου
1518 1503 1534 1530 ,

274 1571 345 1626 Ἥ
368 1569 462 1624 καὶ
487 1564 739 1637 πατρῷον
764 1560 962 1632 κλῆρον
987 1555 1046 1612 εὖ
1074 1557 1395 1629 δεδεγμένου
1412 1569 1428 1586 ⁶
1528 1557 1538 1565 ’

1349 439 1594 497 διζοτιο
1635 440 1698 495 Il.
1739 435 2070 492 POEMATA
2111 437 2444 493 ΜΟΒΛΙᾸΛ.

1879 562 1925 618 Α
1960 557 2062 611 180
2091 556 2202 610 Kal.
2230 556 2374 609 τοῦτ’
2404 557 2462 620 ἐς
2490 555 2694 626 μικρὰν
2723 551 2869 608 ἔστιν
2899 547 2980 617 οἷς
3011 552 3128 622 βίου
3162 549 3352 622 πνοὴν,

3420 433 3529 491 870

1956 647 2060 698 Τὸν
2091 646 2202 698 οὐδ’
2235 646 2423 716 ἔχοντα
2453 645 2656 714 γνῶσιν
2685 638 2762 698 ὧν
2784 643 3002 714 κέκτητ⁹
3031 643 3180 706 ἴσως.

1954 734 2043 806 Μὴ
2075 735 2158 788 σοὶ
2189 735 2333 806 μόνῳ
2365 734 2608 804 δοθήσετ⁹
2633 737 2666 804 ἡ
2695 732 3022 804 οἰκουμένη;

1954 823 2072 878 Κᾶν
2105 823 2278 876 ταῦτα
2311 822 2513 894 δῶμεν,
2538 820 2654 875 οὔτι
2676 821 2769 874 καὶ
2800 820 3182 890 λειφθήσεται;

2026 912 2090 964 Tl
2119 909 2211 966 οὖν
2236 912 2488 984 δράσεις;
2517 911 2582 964 σὺ
2604 910 2927 974 σπουδάσεις
2956 911 3052 963 καὶ
3076 907 3227 962 ταῦτ’
3252 906 3396 980 ἔχειν
3417 923 3434 972 ;

1954 1004 2060 1059 185
2097 1003 2209 1055 Ἀεὶ
2253 1003 2534 1072 μογήσεις,
2572 999 2651 1070 τῷ
2675 999 2912 1055 λείποντι
2936 1000 3046 1070 γὰρ
3073 999 3262 1070 πένης.

1965 1094 2126 1148 Ἀλλᾶ
2159 1091 2436 1164 exsensa;
2460 1091 2620 1144 τοῦτο
2646 1091 2740 1144 καὶ
2771 1089 2864 1142 νῦν
2893 1089 3119 1154 δοξάτω.

1956 1185 2079 1239 Τῶν
2119 1183 2228 1237 σῶν
2269 1181 2414 1252 ἔχεις
2447 1180 2633 1252 ὄνησιν
2651 1197 2665 1210 ο
2695 1181 2744 1233 εἰ
2771 1180 2817 1233 δ’
2843 1179 3083 1250 ἄμετρος
3111 1174 3162 1231 εἷ
3180 1217 3196 1244 ,

1972 1277 2072 1330 Ἰὸν
2096 1273 2200 1327 τόδ’
2221 1271 2341 1324 ,ἴσθι
2370 1270 2680 1342 προστιθεὶς
2706 1263 2787 1334 οἷς
2813 1268 2906 1322 νῦν
2929 1267 3094 1339 ἔχεις,

1961 1368 2073 1420 Καὶ
2096 1363 2228 1435 φλὸξ
2256 1361 2541 1426 ἀόιάνθαις,
2575 1361 2604 1413 ὃ
2631 1360 2993 1433 προσέρχεται
3023 1357 3228 1424 κακῶς,

1957 1457 2060 1512 190
2099 1450 2195 1518 Οἷς
2218 1455 2263 1507 δ’
2287 1453 2354 1507 ἂν
2384 1450 2682 1524 προσέλθῃ,
2712 1449 2886 1504 ταῦτα
2919 1449 3013 1504 καὶ
3038 1445 3374 1500 συνόλλυται.

1969 1549 2056 1610 Ὠς
2081 1547 2142 1600 οὐ
2188 1544 2441 1618 μαραίνει
2485 1542 2644 1612 δίψαν
2675 1540 2737 1607 ἐξ
2764 1541 2941 1613 ἅλμης
2975 1539 3158 1605 ποτὸν,

822 1737 1133 1794 Possident.
1162 1736 1254 1792 Sic
1282 1734 1548 1790 duntaxat
1577 1738 1802 1804 possent
1830 1727 2122 1804 compesci.

813 1809 1016 1873 Quidni
1045 1816 1226 1862 autem
1256 1820 1456 1876 corpus
1482 1798 1635 1858 tuu'm
1659 1801 1836 1876 cuivis
1863 1798 2164 1876 permittis_‘!_

811 1879 917 1932 I70

948 1878 1150 1943 Quidni
1182 1883 1238 1929 et
1276 1867 1546 1929 latronum
1585 1867 1929 1943 amplecteris
1955 1867 2169 1943 vivendi
2198 1869 2411 1937 genus?

814 1937 1016 2012 Quidni
1052 1961 1241 2000 muros
1267 1944 1480 2006 eﬂ'odis,
1513 1950 1567 1996 et
1594 1937 1836 2012 tumulos
1874 1937 2088 2012 diripis,

816 2007 956 2069 Situ
984 2017 1039 2069 in
1068 2015 1120 2068 id
1147 2029 1338 2074 unum,
1373 2021 1430 2066 ut
1463 2013 1614 2066 dives
1645 2009 1765 2072 ﬁas,
1799 2007 2089 2070 incumbis,

814 2086 1026 2150 Quibus
1065 2083 1266 2145 modis,
1291 2089 1344 2136 et
1367 2081 1509 2136 unde
1537 2079 1791 2150 acquiras
1813 2075 2135 2150 opesanihil
2163 2075 2405 2131 curans?

813 2145 1217 2208 Fulchritudini
1240 2155 1497 2206 statuitur
1524 2145 1741 2210 modus,
1764 2154 1819 2202 et
1851 2145 2016 2208 visui,

811 2224 918 2278 175
942 2222 1008 2275 Et
1037 2222 1316 2286 cursibus,
1337 2233 1392 2276 et
1416 2220 1624 2281 robori,
1647 2225 1702 2272 et
1731 2216 2041 2276 cantilenis,
2071 2222 2125 2286 et
2161 2214 2403 2278 choreis,

811 2292 878 2345 Et
909 2292 1276 2352 sermonibus,
1304 2285 1370 2344 et
1394 2289 1676 2344 laboribus
1702 2304 1717 2353 ;
1746 2301 1857 2340 non
1889 2285 2145 2338 violentia
2170 2299 2310 2352 cpus
2345 2291 2453 2338 est.

814 2360 1137 2415 Ilivitiarum
1163 2369 1344 2414 autem
1373 2359 1555 2415 nullus
1585 2365 1668 2411 est
1703 2355 1898 2408 modus
1925 2371 1938 2406 :
1970 2369 2159 2407 verum
2187 2355 2348 2408 habet
2377 2361 2675 2409 extraneus

812 2429 1127 2498 Facultates
1144 2430 1273 2498 ejus
1306 2428 1399 2497 qui
1427 2424 1737 2488 desudavit,
1761 2433 1815 2478 et
1833 2425 2068 2498 boneste
2099 2439 2195 2477 eas
2219 2424 2578 2498 comparavit,

812 2490 1300 2621 5%5-555'Aut
1324 2490 1489 2552 etiam
1514 2503 1798 2564 paternam
1832 2493 2226 2556 haereditatem,
2257 2490 2421 2562 quam
2453 2493 2695 2564 legitime
2719 2490 2929 2562 accepit
2955 2504 2970 2555 ;

814 2571 884 2621 18
957 2568 1134 2621 Atuue
1167 2567 1253 2621 his
1284 2566 1487 2621 fruitur
1509 2564 1577 2618 ad
1606 2563 1864 2621 exiguum
1886 2562 2009 2614 vita:
2043 2568 2282 2621 tempus,

851 2562 920 2621 8θ
945 2562 1154 2636 ’Δῦιῦἔ
1167 2567 1253 2622 his
1284 2566 1487 2636 fruitur
1509 2562 1577 2618 ad
1606 2563 1864 2636 exiguum
1886 2562 2009 2614 vita:
2043 2568 2282 2636 tempus,

814 2637 920 2701 Qui
946 2631 1236 2705 nequidem
1277 2635 1464 2692 forsan
1497 2634 1649 2688 novit
1674 2631 1968 2705 bona_quze
1995 2631 2260 2702 possidet.

819 2699 1077 2776 Nunquid
1098 2706 1207 2776 tibi
1232 2721 1374 2776 unus
1399 2705 1620 2759 dabitur
1639 2701 1796 2776 orbis
1819 2699 1843 2754 I

817 2775 923 2830 Sed
954 2767 1014 2829 ut
1051 2775 1203 2829 illum
1237 2775 1452 2837 demus,
1481 2787 1664 2827 annon
1701 2769 1908 2839 aliquid
1943 2767 2324 2837 relinquetur?

893 2843 1033 2910 Quid
1063 2845 1231 2914 igitur
1259 2843 1466 2914 facies?
1488 2837 1865 2914 tunc_s_atages
1897 2839 2029 2894 illud
2067 2839 2231 2892 etiam
2263 2837 2594 2908 acquirere?

821 2913 926 2968 185
959 2911 1185 2984 Semper
1211 2912 1505 2984 laborabis,
1533 2912 1605 2967 ob
1631 2911 1686 2966 id
1711 2911 1855 2984 quod
1880 2917 2072 2984 restat,
2097 2923 2325 2978 pauper.

820 2983 904 3036 An
935 2973 1152 3037 tandem
1171 2984 1266 3038 tibi
1292 2973 1509 3039 modum
1535 2973 1777 3036 statues?
1803 2979 1936 3049 quin
1967 2979 2020 3033 id
2039 2973 2150 3049 jain
2186 2973 2334 3049 nunc
2359 2975 2458 3049 tibi
2490 2975 2802 3049 iaciendum
2833 2973 3154 3030 decernito?

821 3050 1164 3107 Facultatum
1187 3060 1404 3108 tuarum
1431 3053 1601 3107 habes
1637 3047 1949 3104 fruitionem
1971 3064 1986 3113 ;
2012 3047 2058 3102 si
2082 3055 2267 3102 autem
2296 3047 2631 3103 insatiabilis
2658 3062 2741 3112 es,

821 3119 1099 3176 Venenum
1135 3124 1274 3176 scito
1307 3133 1360 3176 te
1397 3122 1598 3176 addere
1628 3120 1698 3177 iis
1729 3133 1852 3189 qua:
1877 3118 2150 3188 possides,

821 3189 887 3260 Et
914 3191 1088 3260 instar
1117 3189 1345 3245 ﬂammae
1368 3191 1556 3260 spinas
1579 3185 1928 3260 corripientis
1959 3194 2044 3260 est
2075 3185 2340 3256 quidquid
2367 3186 2580 3242 accedit
2612 3185 2840 3257 injuste,

828 3259 934 3312 190
964 3259 1030 3312 Et
1061 3261 1260 3328 quibus
1290 3257 1630 3322 admovetur,
1664 3257 1778 3312 huic
1799 3258 1963 3328 simul
1987 3257 2377 3328 absumuntur.

824 3327 1296 3392 Quemadmodum
1321 3343 1432 3382 non
1474 3330 1774 3396 exstinguit
1803 3327 1950 3382 sitim
1977 3327 2121 3380 salsa
2151 3327 2322 3394 potio,

367 3470 468 3526 169
496 3471 677 3544 oon)
701 3471 896 3544 σῶμα,
924 3482 1031 3529 etc.
1057 3473 1248 3529 Billius
1277 3473 1394 3528 haec
1426 3489 1524 3544 per
1564 3473 1871 3528 aculeatam

293 3543 525 3614 ironiam
548 3542 693 3596 dicta
724 3559 754 3597 a
790 3542 1059 3614 Gregorio
1078 3546 1352 3614 observat.

368 3612 469 3666 170
510 3613 656 3682 Οὐχὶ
684 3615 781 3668 καὶ
809 3611 1180 3687 λ’ἆταρχον.
1217 3613 1373 3668 Ilunc
1421 3627 1642 3668 versum
1683 3611 1876 3668 Billius

372 3698 406 3736 η
439 3682 696 3737 reddidit.
725 3699 824 3737 nec
851 3633 1017 3737 ἔθην.
1044 3715 1113 3724 -
1146 3682 1554 3737 Suonlevimus.
1581 3691 1635 3737 et
1669 3682 1876 3737 Italicis

294 3698 418 3756 non
439 3682 696 3756 reddidit,
724 3699 824 3756 nec
851 3682 1017 3756 Lequ
1044 3682 1113 3724 J—
1146 3682 1554 3756 Supplevimus.
1581 3691 1635 3737 et
1669 3682 1878 3738 Italicis

294 3752 667 3825 distinximus.
713 3753 1025 3825 (Ciminum)

294 3822 952 3942 [mulinolwcué‘foco
1007 3822 1193 3880 COisI.
1247 3823 1401 3888 ὅλος,
1464 3823 1617 3876 nulla
1670 3822 1878 3877 ratione

331 3901 499 3943 abtla.

367 3959 473 4013 176
506 3959 760 4028 Μόχθων
785 3961 865 4031 ίτῗ.
905 3961 984 4014 Ita
1011 3959 1210 4027 Coisl.,
1238 3976 1362 4031 quae
1391 3976 1493 4031 vox
1544 3960 1878 4031 interpreta-

295 4027 446 4118 iione
458 4040 741 4096 separatur
751 4030 922 4118 abhis
933 4046 1054 4118 quae
1068 4027 1390 4118 sequuiitiir,
1409 4030 1568 4118 ἔργον
1581 4031 1680 4118 ουκ
1692 4027 1878 4102 ἆρπά-

294 4112 529 4216 γματος,
557 4115 658 4152 non
691 4105 922 4180 οριωέρι
947 4101 1234 4180 uiolentia;
1268 4100 1448 4180 idest,
1485 4100 1540 4152 id
1533 4100 1633 4237 nrt
1675 4100 1879 4168 sponte,

297 4182 493 4252 arsque
535 4169 648 4252 uila
697 4184 786 4250 in;
833 4168 1458 4252 srquxdetnndefatigatio
1505 4185 1532 4222 e
1584 4170 1768 4252 fitnut
1800 4170 1882 4224 his

299 4238 453 4289 rebus
476 4236 685 4290 modum
707 4239 1060 4305 imponamus.
1085 4238 1230 4292 Edit.
1258 4236 1473 4307 μόχθον.
1491 4236 1564 4280 4-
1584 4236 1739 4292 Unde
1759 4254 1886 4292 con-

300 4315 382 4356 tra
406 4321 629 4359 sensum
656 4307 817 4361 simul
839 4315 892 4360 et
909 4314 1100 4361 contra
1133 4315 1365 4361 metrum
1389 4317 1629 4361 verterat
1656 4307 1878 4362 Billius:

317 4374 612 4445 Verbisque,
645 4375 796 4430 labor
822 4386 901 4429 est
927 4377 1160 4446 quidem,
1187 4393 1291 4446 non
1335 4377 1410 4430 vis
1441 4391 1634 4446 rapax.
1679 4377 1879 4432 Corre-

687 4445 982 4516 utrumque
1010 4461 1229 4502 versum
1267 4445 1475 4502 Italicis
1505 4445 1880 4502 distinximus.

366 4529 578 4568 ΔιιιΑυ.

371 4583 673 4656 180,Τοῦτ’
701 4586 766 4651 ἐς
781 4583 1021 4656 μικράν.
1050 4585 1127 4640 Ita
1146 4584 1272 4639 Vat.
1300 4584 1444 4641 Edit.
1474 4584 1634 4638 τοῦτο
1658 4585 1879 4656 μικράν.

295 4681 370 4692 —
404 4653 494 4708 Sie
535 4653 896 4722 Benedic-lini,
919 4657 1034 4725 qui,
1066 4664 1124 4710 ut
1167 4656 1354 4710 sensui
1412 4653 1670 4722 faveant,‘
1709 4653 1883 4710 metro

299 4737 527 4790 prorsus
541 4732 758 4788 uocent,
775 4735 832 4780 ut
851 4726 1076 4781 cuilibet
1092 4727 1442 4781 manifestum
1458 4734 1559 4782 est.
1571 4726 1880 4796 (CAILLAU.)

2049 3473 2155 3527 185
2185 3472 2317 3527 Κᾶν
2355 3470 2542 3527 ταῦτα
2587 3471 2801 3541 δῶμεν.
2851 3470 3131 3542 Superiori
3172 3487 3334 3527 versu
3375 3471 3558 3528 οἰκου-

1983 3543 2137 3614 μένη,
2167 3559 2277 3598 non
2307 3543 2361 3596 in
2394 3559 2592 3613 genere
2639 3559 2737 3612 pro
2765 3551 2878 3597 toto
2922 3541 3190 3597 terrarum
3227 3544 3360 3597 orbe
3405 3541 3554 3614 acci-

1978 3611 2174 3692 pienda
2211 3621 2296 3668 est
2335 3611 2574 3692 (alioqui
2603 3611 2737 3668 nihil
2768 3614 3156 3692 acquirendum
3187 3611 3556 3692 superesset),

1978 3683 2073 3737 Sed
2105 3683 2371 3738 duntaxat
2403 3683 2593 3754 pro’iis
2624 3696 2782 3739 terra:
2811 3685 3060 3754 partibus
3082 3698 3205 3754 qua:
3228 3683 3299 3738 ab
3321 3683 3558 3736 homini-

1978 3755 2082 3809 bus
2115 3753 2448 3808 incoluntur.
2483 3753 2635 3809 BILL.

2049 3824 2153 3878 184
2171 3826 2231 3878 Τί
2245 3820 2360 3878 οὖν
2391 3823 2654 3892 δράσεις.
2689 3824 2764 3878 Ita
2793 3825 2960 3879 Coisl.
2997 3822 3137 3877 Edit.
3172 3821 3225 3876 τε
3257 3819 3412 3892 γοῦν2
3444 3825 3555 3892 etc.

1976 3926 2046 3936 —
2071 3895 2163 3947 Sic
2192 3888 2550 3948 correxerunt
2571 3888 2931 3959 Benedictini,
2962 3895 3086 3946 licet
3105 3888 3376 3946 editorum
3399 3888 3560 3944 lectio

1978 3971 2156 4018 metro
2187 3963 2359 4032 magis
2386 3964 2581 4018 faveat.
2621 3965 2929 4030 (Canum)

1982 4032 2156 4157 83185
2191 4031 2582 4096 Hileiam:
2629 4034 2708 4087 Ita
2735 4034 2847 4087 fere
2867 4047 3038 4116 supra
3062 4045 3235 4084 carm.
3257 4043 3378 4092 vui,
3409 4041 3556 4082 vers.

2059 4172 2161 4226 189
2207 4171 2532 4236 Ἆκάνθαις,
2567 4171 2618 4225 ὅ.
2665 4170 2742 4224 Ita
2775 4169 2944 4223 Coisl.
2989 4169 3126 4223 Edit.
3151 4168 3370 4231 eme,
3405 4181 3562 4220 men-

1983 4243 2117 4298 dose
2145 4261 2158 4297 :
2192 4243 2340 4312 quod
2375 4240 2943 4312 mendumicorrigere
2973 4241 3200 4312 tentavii
3225 4239 3435 4312 Billius,
3463 4236 3561 4312 sed

1984 4303 2232 4366 t'rustra':
2270 4312 2373 4365 nisi
2415 4312 2560 4380 quod
2607 4303 2871 4380 observat!
2901 4319 3069 4371 recte,
3093 4303 3323 4380 divitias
3357 4307 3562 4380 iniquis

1984 4383 2199 4437 artibus
2235 4376 2602 4450 comparatas,
2637 4381 2812 4434 instar
2850 4378 3080 4434 ﬂamma:
3121 4376 3471 4448 corripientis
3508 4387 3562 4429 et

1985 4453 2329 4506 absumentis
2359 4451 2622 4520 quidquid
2655 4451 2995 4512 admOVetur,
3023 4450 3184 4520 etiam
3212 4450 3454 4503 honestis
3477 4461 3564 4498 ra-

1986 4523 2234 4576 tionibus
2262 4519 2728 4590 quir’sitis’opibus
2757 4523 3051 4590 perniciem
3079 4519 3292 4590 afferre.

2057 4537 2234 4576 llltDlIS
2262 4537 2507 4590 quirsms
2534 4537 2728 4644 ιιειυιιδ
2757 4537 3051 4588 permCIcm
3079 4537 3274 4599 auerre

2057 4595 2160 4645 19⁸)
2194 4593 2528 4659 Προσέλθῃ.
2589 4592 2730 4644 'Olsl.
2772 4601 2825 4643 et
2867 4588 2986 4644 Vat.
3021 4588 3280 4642 συνέλθοι.

2062 4664 2153 4716 191
2201 4662 2302 4726 Ἐξ
2331 4662 2548 4730 ἅλμης.
2580 4660 2820 4715 Haustus
2843 4677 2870 4714 e
2902 4661 3039 4714 mari
3075 4670 3250 4724 potus.

1611 4885 1948 4945 METRICA
1997 4884 2298 4945 VERSIO.

300 5039 481 5094 Partis
509 5040 740 5096 olerent.
769 5039 951 5096 Unum
982 5041 1036 5095 id
1064 5042 1186 5098 illos
1216 5043 1455 5098 sisteret.

299 5113 442 5176 Quin
476 5113 592 5183 ipse
622 5125 822 5181 corpus
848 5111 1041 5183 obiicis
1068 5113 1242 5166 cuivis
1276 5115 1466 5167 tuum?

303 5183 446 5246 Quin
474 5181 519 5235 ei
550 5181 818 5235 latronum
850 5181 1037 5251 deligi:
1073 5184 1192 5234 vita
1220 5198 1380 5251 genus
1398 5183 1424 5235 .9

303 5251 564 5320 Sepulcra
595 5253 726 5321 quia
757 5259 814 5305 tu
851 5250 1064 5318 diripis,
1101 5250 1241 5305 tecta
1274 5250 1507 5306 cﬂ‘odis?

299 5321 509 5391 Opibus
539 5321 814 5376 struendis
841 5321 1107 5391 siquidem
1136 5323 1361 5374 omnino
1390 5323 1600 5390 studes,

299 5389 412 5444 Nec
447 5392 590 5445 unde
616 5405 838 5454 curans,
866 5389 964 5445 nec
993 5391 1192 5461 quibus
1221 5406 1448 5460 prorsus
1486 5394 1685 5450 modis.

303 5461 496 5531 Figere
526 5461 732 5526 decori,
761 5463 925 5524 visui,
963 5473 1126 5531 atque
1152 5461 1335 5514 robori

302 5531 542 5593 Modum.
568 5532 802 5595 choreis,
835 5533 1145 5593 cantilenis,
1171 5531 1448 5596 cursibus,

315 5601 512 5663 Verbis,
546 5601 752 5665 labori;
780 5617 882 5654 non
911 5617 1039 5670 opus
1072 5601 1340 5654 violentia.

299 5674 368 5741 At
397 5687 506 5724 non
538 5671 732 5726 modus
759 5686 922 5741 opum
948 5680 1032 5726 est
1061 5673 1226 5731 ullus,
1257 5670 1344 5725 his
1374 5671 1468 5725 sed
1494 5679 1716 5728 exterus

303 5737 542 5812 Fruitur,
576 5741 760 5796 labore
789 5737 942 5812 [iam
967 5757 1088 5812 qua:
1109 5742 1526 5812 aliusmaximo

299 5809 564 5876 Tenebat,
593 5820 686 5867 aut
717 5809 838 5882 qua:
873 5809 1102 5882 liquerat
1142 5810 1382 5867 moriens
1411 5823 1583 5881 pater.

1917 5065 1960 5120 Β
1991 5045 2089 5120 [iis
2113 5044 2333 5120 fiuitur,
2369 5042 2614 5112 inquam,
2644 5042 2906 5120 pauculos
2933 5055 3075 5120 saepe
3102 5039 3170 5094 ad
3195 5039 3332 5106 dies,

1989 5114 2091 5180 Qui
2129 5116 2267 5168 forte
2292 5128 2395 5167 nec
2427 5129 2547 5183 quae
2577 5113 2815 5181 possidet
2852 5113 3002 5165 novit
3036 5112 3198 5166 bona.

1989 5184 2220 5239 Orbisne
2243 5184 2463 5237 dabitur
2493 5191 2640 5237 totus
2669 5183 2755 5236 hic
2777 5183 2878 5237 soli
2909 5183 3050 5236 tibi?

1991 5254 2057 5309 Ut
2086 5255 2281 5310 demus
2312 5254 2510 5322 ipsum,
2540 5252 2790 5307 nonnihil
2829 5260 2999 5308 restat
3030 5258 3232 5304 tamen.

2059 5324 2200 5390 Quid
2229 5339 2357 5390 ergo
2386 5323 2591 5378 facies?
2618 5322 2817 5377 addere
2846 5324 2960 5377 haac
2988 5329 3203 5390 satages
3233 5333 3472 5389 quoque,

1989 5389 2216 5464 Semper
2247 5389 2523 5454 laborans,
2560 5409 2764 5463 pauper
2787 5393 2857 5447 ob
2881 5389 3184 5464 restantia?

1987 5459 2276 5518 Cobibehis
2305 5471 2359 5516 at
2382 5463 2472 5517 te?
2493 5459 2623 5532 quin
2655 5459 2964 5532 idemnunc
2989 5462 3100 5531 jam
3128 5459 3344 5532 placet?

1991 5534 2224 5587 Fructus
2251 5544 2464 5586 tuorum
2501 5529 2552 5588 te
2576 5535 2751 5602 juvat.
2781 5531 2968 5588 Nescis
2991 5529 3273 5602 ‘modum‘f.

1988 5604 2195 5673 Opibus
2225 5618 2514 5673 venenum,
2540 5601 2678 5673 quas
2704 5604 2892 5664 babes,
2920 5603 3075 5673 addis
3103 5601 3289 5673 miser.

1989 5669 2275 5744 Instarque
2303 5672 2532 5728 ﬂammae
2558 5669 2936 5744 estquidquid
2967 5672 3168 5744 injuste
3197 5669 3434 5744 advenit.

1988 5741 2364 5812 Quodcunque
2394 5743 2587 5813 tangit,
2624 5742 2674 5797 id
2693 5741 2897 5798 'statim
2923 5743 3085 5798 simul
3110 5741 3316 5796 interit.

1993 5816 2060 5870 Ut
2088 5817 2231 5868 unJa
2255 5815 2400 5869 salsa
2437 5812 2698 5871 fervidam
2732 5815 2877 5871 haud
2907 5814 3055 5887 fugat
3083 5813 3254 5878 sitim,
