4004 6406
258 403 368 460 επ

256 515 364 571 280
395 512 562 574 Πάλιν
588 510 763 583 πλέκῃ
799 511 863 564 σὺ
895 512 1007 575 τοῖς
1039 509 1339 581 ἀλλοτρίοις
1377 511 1599 575 κακοῖςο

206 578 323 679 ἰιι,Τί
348 622 429 659 σοι
448 605 553 658 τόδ’
575 604 692 657 ἐστὶ
714 578 864 674 τάμὰ
890 578 1301 676 δυστυχήματα,

268 698 354 760 Ὠς
375 695 441 750 ἂν
474 695 730 758 καλέσαις
755 695 952 760 αὐτός;
979 696 1049 748 Ἣ
1076 697 1139 749 σὺ
1172 698 1267 751 καὶ
1304 698 1503 763 πονῶν,

263 786 481 855 Ἦλγεις
510 784 575 840 ἂν
607 782 792 858 ἦττον,
827 785 1234 857 συγκάμνοντος
1265 788 1360 842 τοῦ
1395 791 1565 857 πέλας

258 877 468 930 Ἔπειτ’
501 875 755 939 ἄκουσον,
787 874 862 938 ὼς
887 874 950 927 σὺ
974 875 1203 946 πάσχειν
1227 877 1328 931 οὐκ
1351 878 1463 932 ἴσον
1480 897 1492 908 ·

251 966 356 1020 285
391 966 609 1018 Τούτων
636 964 706 1017 τά
743 965 839 1036 μὲν
866 963 1121 1036 δέδρακα,
1145 967 1205 1020 οὐ
1249 966 1460 1024 πένονθ’
1484 970 1615 1040 ὲγώ’

251 1057 323 1109 Τὸ
355 1057 464 1127 γὰρ
497 1057 756 1109 πένεσθαι
788 1055 884 1110 καὶ
909 1056 1171 1111 πλανᾶσθ’
1202 1060 1464 1125 ἑκουσίως

231 1146 430 1215 ΔΠοθῶ,
458 1147 520 1201 τὸ
552 1147 768 1217 δεσμῶν
791 1145 1082 1219 τυγχάνειν
1115 1149 1419 1224 ἐλεύθερος,

249 1239 388 1311 Μηδ⁹
415 1238 589 1293 ἐνθάδ’
615 1234 753 1292 εἶναι
793 1238 891 1310 τὴν
921 1239 1061 1311 ἐμὴν
1092 1243 1392 1297 κατοικίαν.

250 1330 339 1382 Σοὶ
361 1329 529 1383 ταῦτα
550 1329 782 1398 φίλτατ’,
811 1329 926 1383 ἀλλ’
947 1332 1073 1401 ἐμοὶ
1092 1333 1372 1387 τάναντία.

245 1421 351 1475 290
379 1421 590 1477 Παῦσαι
614 1421 789 1475 λέοντι
821 1423 996 1496 μέτρα
1023 1424 1311 1496 κέρκωπος
1339 1425 1542 1497 φέρων.

247 1509 414 1567 Ταῦτ’
443 1508 537 1566 οὖν
566 1513 807 1584 νομίζεις
835 1514 1148 1586 συμφοράς;
1180 1509 1225 1568 ὧ
1253 1516 1572 1587 συμφοράςί

246 1605 371 1669 Τοῖς
396 1606 442 1659 δ’
473 1605 711 1678 ἄχθομαι
737 1606 835 1678 μέν
867 1608 885 1676 ί
897 1609 992 1661 καὶ
1017 1607 1126 1679 γὰρ
1152 1609 1253 1662 οὐκ
1277 1609 1606 1681 ἀρνήσομαι,

247 1696 397 1767 Ἔχω
420 1715 474 1752 τι
500 1696 656 1768 κάγὼ
687 1698 783 1753 τοῦ
813 1699 936 1770 χοὸς
960 1699 1055 1753 καὶ
1083 1699 1177 1753 τοῦ
1211 1699 1393 1767 ξύλου,

1381 396 1624 457 SECTIO
1653 399 1716 458 il.
1758 400 2082 462 POEMATA
2118 402 2447 463 MORALIA.

1860 522 1909 581 Α
1938 518 2051 572 Καὶ
2074 518 2173 590 τῆς
2204 518 2413 572 ἐκεῖθεν
2434 517 2650 590 ἡδονῆς,
2677 517 2962 590 ἄνθρωπος
2984 518 3058 571 ῶν
3075 534 3128 591 Γ

3400 407 3513 471 673

1935 612 2043 667 295
2077 612 2216 665 Ἀλλ’
2240 607 2333 665 οὖν
2359 611 2509 683 φέρω
2531 629 2593 665 τε
2634 612 2730 665 καὶ
2761 611 2935 680 στέγω
2970 612 3194 683 πάσχων
3213 610 3356 669 τόδε.

1952 703 2115 774 Ἐμοῦ
2139 703 2201 755 τὸ
2234 704 2464 773 πάσχειν
2498 706 2748 775 κρεῖσσον
2774 704 2808 775 ἢ
2843 703 2937 757 σοῦ
2967 703 3027 758 τὸ
3052 703 3283 759 σθένειν.

2010 794 2243 849 Ἔπειτα
2273 795 2432 848 τοῦτο
2460 796 2999 868 συνδιασκεψώμεθα.

1939 889 2141 959 Ἀμφω
2172 888 2499 959 κακούμεθ’·
2532 889 2667 943 ἀλλὰ
2693 891 2776 943 σοὶ
2811 890 2909 961 μὲν
2934 890 3028 945 τοῦ
3060 892 3264 964 τρόπου

1935 977 2070 1049 Δίκη
2099 978 2160 1032 τὸ
2192 980 2423 1050 πάσχειν
2442 998 2456 1011 ο
2490 983 2519 1034 ὁ
2549 980 2747 1053 τρόπος
2781 984 3086 1054 κατήγορος
3106 1023 3122 1047 ,

1933 1070 2038 1126 500
2067 1072 2139 1124 Τὸ
2167 1073 2362 1144 πικρὸν
2388 1072 2535 1127 ἔνδον
2561 1075 2655 1127 καὶ
2686 1074 2853 1143 σαφὲς
2885 1077 3188 1148 κριτήριον.

1946 1163 2100 1233 Ἐμοὶ
2129 1163 2185 1217 δέ
2217 1182 2301 1228 τις
2332 1165 2601 1237 κάθαρσις
2629 1168 2663 1237 ἡ
2701 1166 2996 1238 μοχθηρία,

1932 1254 2045 1306 Καὶ
2070 1254 2172 1324 τῆς
2199 1256 2471 1328 τυχούσης
2499 1257 2729 1329 αἱθάλης
2747 1275 2759 1287 ·
2794 1259 2947 1313 οΰπω
2975 1258 3118 1329 λέγω

1933 1346 2136 1416 Πεῖράν
2161 1347 2261 1399 τιν’
2296 1343 2435 1401 εἶναι
2467 1350 2562 1403 καὶ
2591 1350 2768 1421 πάλην
2799 1351 2861 1405 τὸ
2883 1351 3162 1424 δυσχερὲς,

1944 1433 2033 1496 Ὠς
2062 1433 2128 1487 ἂν
2161 1436 2441 1507 κρατήσας
2472 1439 2564 1490 καὶ
2594 1439 2813 1511 τύχοιμι
2846 1441 2942 1495 τοῦ
2978 1441 3228 1512 στέφους.

1932 1523 2036 1579 505
2064 1525 2128 1578 Τί
2160 1526 2365 1594 ταῦτα;
2398 1530 2483 1594 τίς
2517 1547 2599 1584 σοι
2627 1532 2782 1586 τῶνδ’
2807 1532 2995 1605 ὄνησις
3019 1533 3129 1587 τῶν
3159 1532 3369 1605 λόγωνς

1943 1616 2149 1688 ’ἰατρὸν
2182 1619 2359 1684 οὐδεὶς
2383 1616 2442 1674 εὖ
2470 1623 2684 1693 φρονῶν
2716 1624 2995 1695 σοφίζεται
3014 1642 3029 1657 ⁶
3115 1680 3119 1684 ,

1935 1708 2005 1761 Ἢ
2031 1708 2213 1781 λήσεθ’
2241 1709 2383 1765 οὕτω
2417 1714 2485 1783 τῇ
2518 1713 2660 1787 νόσῳ
2691 1714 3029 1790 διαφθαρείς.

749 1855 857 1927 280
876 1853 1096 1927 Rursus
1122 1854 1419 1927 artificiose
1440 1856 1695 1927 hexagitas
1716 1857 1897 1914 aliena
1929 1862 2095 1917 mala.

748 1925 889 1992 Quid
913 1923 979 1977 ad
1014 1932 1068 1979 te
1106 1939 1238 1979 mere
1266 1923 1624 1991 calamitates,

747 1993 1219 2076 Quemadmodum
1253 1993 1370 2074 ipse
1403 1996 1643 2076 appellas
1657 1996 1955 2076 ?_nu_nquid
1989 2007 2045 2054 tu
2081 2002 2273 2076 morbo
2304 2010 2597 2076 correptus

747 2064 974 2141 yoleres
1004 2064 1188 2141 minus
1211 2101 1226 2124 ,
1260 2065 1305 2116 si
1337 2064 1526 2141 eodem
1557 2066 1750 2141 morbo
1781 2064 2051 2125 laboraret
2084 2072 2409 2141 proximus?

746 2133 1016 2212 Praeterea
1046 2131 1179 2212 audi
1199 2171 1213 2195 ,
1248 2139 1394 2212 quod
1427 2136 1603 2212 ipsum
1638 2136 1749 2206 pati
1782 2131 2127 2210 nequaquam
2164 2156 2265 2212 par
2294 2143 2389 2198 sit.

744 2203 853 2283 ἓβὸ
876 2201 1083 2283 Horum
1112 2202 1218 2255 alia
1242 2201 1461 2283 quidem
1490 2201 1768 2283 fecifnon
1804 2201 2003 2277 passus
2038 2201 2316 2283 sum-ego.

744 2271 882 2343 Nam
920 2274 1079 2341 inops
1109 2286 1234 2343 esse
1260 2280 1317 2343 et
1344 2274 1762 2343 vagarisponte
1782 2271 1899 2333 mea

745 2341 921 2411 Qupio
947 2349 1053 2411 ,κει
1086 2341 1325 2397 vinculis
1367 2341 1493 2396 es'se
1525 2341 1781 2409 liberum,

743 2409 857 2481 Ijlec
884 2411 937 2481 in
972 2410 1226 2481 bacgvita
1252 2410 1410 2465 lixam
1437 2425 1765 2481 essemeam
1800 2417 2217 2481 habitationem.

746 2478 866 2534 Tibi
900 2480 1014 2533 haec
1056 2479 1222 2534 chara
1254 2489 1412 2544 sunt,
1449 2480 1582 2534 mihi
1628 2497 1758 2539 vero
1792 2493 2095 2548 contraria.

742 2549 849 2604 290
881 2548 999 2603 Noli
1036 2549 1249 2605 leonem
1283 2549 1462 2604 metiri
1501 2565 1568 2605 ex
1599 2552 1778 2607 simia.

743 2617 871 2689 llaec
905 2633 1037 2689 ergo
1076 2618 1363 2674 arbitraris
1391 2633 1513 2674 esse
1545 2621 1884 2677 calamitates
1906 2622 1930 2675 ?
1951 2638 1984 2678 ο
2013 2624 2393 2681 calamitates"!

744 2687 1085 2766 Quibusdam
1117 2689 1370 2766 equidem
1403 2703 1575 2766 angor
1606 2690 1682 2766 (id
1712 2694 1861 2766 enim
1893 2707 2003 2747 non
2039 2696 2283 2766 negabo;

741 2756 1094 2880 ἔσο-56],
1146 2758 1335 2840 Habeo
1368 2756 1571 2829 quippe
1606 2756 1815 2832 aliquid
1865 2769 2025 2844 terra:
2058 2756 2305 2835 et'ligni,
2412 2780 2421 2793 δ

789 2838 809 2880 ι
839 2845 1036 2880 ηοιιαι.
1073 2843 1196 2880 oua;
1223 2827 1349 2880 inde
1390 2837 1522 2880 nata
1554 2836 1659 2880 est.
1699 2833 2014 2880 VOIllnlnlls-
2051 2835 2215 2880 homo
2255 2849 2381 2880 cum
2417 2854 2421 2880 ς

789 2827 1036 2907 {ngat—ai,
1073 2843 1196 2897 quae
1223 2827 1349 2882 inde
1388 2827 1522 2907 nata
1554 2836 1659 2895 est,
1699 2827 2014 2907 voluptatis,
2050 2827 2217 2890 homo
2255 2827 2382 2891 cum
2417 2834 2586 2907 sim);

739 2896 847 2975 _2_95
888 2896 1274 2975 _Verumtamen
1310 2899 1548 2968 perfero,
1576 2907 1650 2975 _et
1679 2896 1853 2975 tolero
1882 2896 2009 2973 quae
2032 2907 2233 2975 patior.

740 2968 1035 3022 Cruciatus
1064 2982 1222 3034 meus
1257 2976 1480 3037 praestat
1510 2968 1695 3024 robori
1727 2977 1841 3027 tuo.

813 3037 958 3103 Quin
984 3038 1147 3093 etiam
1180 3038 1283 3092 hoc
1313 3052 1421 3091 una
1465 3037 1629 3093 simul
1658 3040 2072 3098 consideremus
2103 3064 2120 3100 :

743 3105 919 3177 .5mbo
949 3106 1270 3177 aﬂligimur;
1310 3122 1503 3177 verum
1534 3108 1634 3162 tibi
1663 3110 1921 3166 vitiorum

742 3174 909 3249 ggena
935 3183 1040 3249 est,
1064 3174 1136 3229 ιιι
1178 3176 1324 3244 quod
1362 3177 1603 3245 pateris;
1647 3178 1753 3249 ipsi
1785 3196 1967 3238 mores
2006 3189 2061 3237 te
2093 3185 2379 3246 accusant,

739 3244 1254 3319 §9QAcerbumque
1285 3256 1339 3300 et
1366 3244 1706 3319 accuratum,
1743 3252 1890 3319 quod
1935 3253 2081 3306 intra
2112 3260 2164 3306 te
2193 3258 2300 3315 est,
2343 3244 2605 3304 tribunal.

742 3313 884 3390 Milli
911 3329 1059 3390 vero
1079 3313 1338 3390 mrumna
1354 3325 1439 3369 est
1469 3316 1738 3390 quaedam
1747 3313 1999 3390 purgatio

739 3381 1094 3453 Yel'levioris
1132 3384 1411 3453 fuliginis;
1445 3381 1677 3438 nécdum
1708 3381 1832 3441 dico

740 3450 1181 3522 Explorationem
1214 3450 1504 3522 quamdam
1544 3467 1665 3507 esse
1694 3465 1747 3510 et
1776 3457 2004 3521 luctam,
2040 3456 2183 3510 hanc
2210 3453 2621 3516 adversitatem,

741 3520 812 3576 Ut
827 3520 1108 3578 'vincendo
1138 3520 1402 3592 assequar
1433 3536 1714 3577 coronam.

738 3592 844 3647 505
892 3592 1035 3647 Ouid
1063 3594 1209 3647 ista?
1233 3596 1480 3647 alumnam
1517 3591 1614 3646 tibi
1639 3605 1703 3645 ex

738 3730 837 3788 Vel
867 3733 947 3788 sic
979 3732 1188 3789 inscius
1218 3733 1408 3789 morbo
1435 3730 1659 3803 periret.

296 3882 404 3956 280
436 3884 628 3956 Πάλιν
648 3887 864 3956 πλέκῃ.
890 3885 1016 3941 Haec
1050 3895 1135 3942 est
1164 3887 1452 3956 responsio
1486 3884 1759 3956 Gregorii.

298 3954 407 4009 282
432 3955 751 4021 Καλέσαις.
795 3954 869 4009 Ita
916 3958 1081 4010 Coisl.
1118 3967 1172 4011 et
1199 3954 1319 4009 var.
1347 3956 1491 4010 Edit.
1519 3954 1806 4010 καλέσσαι.

298 4024 407 4079 285
452 4026 681 4078 Τούτων
728 4024 801 4077 τὰ
840 4026 975 4093 μέν.
1030 4025 1135 4079 Res
1187 4027 1446 4080 adversas
1500 4026 1574 4077 ita
1614 4024 1811 4078 dividit

229 4090 529 4162 Gregorius
581 4105 641 4147 ut
694 4090 960 4162 quasdam
1020 4094 1123 4147 hoc
1175 4095 1398 4148 nomine
1448 4094 1809 4163 appellandas

226 4176 353 4216 esse
384 4172 563 4229 neget,
597 4178 720 4217 cum
757 4163 1082 4217 voluntaria:
1128 4164 1261 4226 sint,
1303 4172 1362 4214 ut
1403 4170 1804 4231 paupertatem,

224 4238 283 4283 et
321 4247 386 4285 ex
423 4233 547 4287 aliis
574 4233 708 4286 locis
753 4232 807 4285 in
843 4234 945 4285 alia
981 4233 1096 4285 loca
1125 4233 1570 4295 oberrationem';
1599 4232 1652 4283 in
1683 4231 1807 4285 aliis

226 4308 432 4362 autem,
470 4311 527 4354 ut
558 4303 808 4370 corporis
838 4302 1145 4360 doloribus,
1177 4300 1494 4370 patientiam
1525 4300 1804 4370 adhibeat.

296 4370 404 4452 2.87
431 4368 818 4454 H0063._Coisl.
871 4369 1063 4425 πείθω.
1098 4368 1242 4434 Mox,
1290 4385 1412 4438 sup.
1465 4369 1564 4423 lin.
1601 4369 1681 4440 τῷ
1713 4368 1804 4421 δε-

225 4442 403 4509 σμῶν,
426 4457 524 4510 pro
546 4442 605 4495 τὸ
629 4442 863 4513 δεσμῶν.

295 4510 402 4590 290
430 4512 688 4590 amicat,
708 4521 815 4567 etc.
842 4510 955 4565 Hoc
975 4510 1350 4590 proverbium,
1382 4508 1561 4590 inquit
1584 4507 1801 4590 Dillius,

217 4593 334 4634 non
355 4582 698 4652 ineleganter
733 4582 988 4652 usurpari
1022 4581 1170 4652 solet
1197 4580 1265 4652 de
1289 4580 1376 4652 iis
1397 4580 1490 4649 qui
1515 4586 1804 4652 propterea

222 4650 370 4719 quod
402 4648 594 4720 ipsi—in
636 4648 1014 4723 voluptatibus
1048 4660 1104 4707 et
1141 4649 1355 4705 deliciis
1391 4648 1670 4705 summum
1704 4648 1776 4702 bo

892 3592 1035 3660 Quid
1063 3594 1209 3649 ista?
1233 3590 1480 3663 quaenam
1517 3591 1614 3646 tibi
1639 3605 1703 3663 ex
1735 3594 1824 3649 his
1852 3594 2033 3650 verbis
2060 3593 2203 3649 redit
2234 3590 2484 3649 utilitas?

737 3661 949 3742 {dedico
980 3678 1149 3742 nemo
1183 3661 1382 3742 mentis
1413 3676 1639 3742 compos
1667 3661 1881 3731 illudit;

1914 3896 2046 3938 num
2084 3887 2316 3952 ponunt,
2361 3877 2601 3952 optimos
2627 3875 2804 3952 viros,
2835 3874 2906 3931 ob
2932 3876 3381 3952 prgesentis__vitas
3409 3877 3491 3936 la-

1914 3945 2161 4008 bores'et
2188 3945 2554 4012 calamitates,
2588 3948 2819 4000 miseros
2848 3952 2902 4000 et
2931 3945 3177 4002 infelices
3204 3947 3414 4003 dicunt.

1986 4022 2086 4075 29!
2123 4018 2190 4073 Ὦ
2217 4015 2554 4086 συμφοράς.
2599 4014 2679 4069 lla
2727 4014 2919 4071 Billius
2958 4016 3289 4071 emendavit.
3339 4017 3485 4077 l'ldit.

1912 4093 1989 4155 ὡς
2019 4089 2324 4160 συμφοράς·

1902 4124 2325 4228 .W‘QEE"§§§;J
2358 4155 2615 4224 πάσχων
2637 4154 2811 4228 τόδε.
2857 4153 3025 4228 Coisl.
3073 4124 3216 4228 σέβω
3262 4156 3487 4228 πάσχων

1910 4231 2059 4314 τάδε.
2100 4230 2185 4283 Al.
2237 4224 2471 4296 στέργω,
2502 4224 2811 4295 amplector,
2846 4225 3121 4294 acquiesco
3150 4225 3217 4279 iis
3242 4224 3486 4298 (μιαρα-

1915 4311 2085 4424 ιωέθθ
2120 4368 2173 4420 '0
2204 4363 2421 4435 τρόπος
2441 4320 2790 4434 λιατήγορος.
2817 4362 2932 4434 Ipsi
2952 4380 3122 4420 mores
3146 4367 3223 4420 tui
3246 4378 3370 4425 sunt
3394 4385 3487 4424 ac-

1909 4448 2202 4493 cusatores.
2723 4466 2729 4477 -

1977 4508 2086 4563 505
2120 4506 2187 4561 Τί
2212 4504 2415 4559 ταῦτα.
2448 4502 2523 4558 Ita
2552 4502 2721 4560 Colsl.
2746 4503 2894 4560 Edit.
2920 4504 3023 4569 τίς.

1980 4576 2086 4634 506
2130 4575 2377 4645 Ἰατρόν.
2415 4572 2493 4629 lta
2527 4575 2696 4630 Coisl.
2723 4573 2871 4630 Edit.
2909 4575 3128 4647 ἰατρῶν.

1518 4744 1853 4827 METRICA
1873 4760 2172 4823 VERSIO.

215 4880 413 4952 Aliena
435 4897 655 4952 rursum
698 4898 874 4939 szevus
895 4885 1138 4952 exagitas
1167 4885 1331 4938 mala.

212 4950 434 5021 Nostrae
455 4951 585 5021 quid
613 4960 665 5021 te
698 4952 966 5007 miseriae?
986 4950 1064 5006 sic
1090 4968 1213 5006 nam
1244 4969 1410 5009 vocas

214 5022 355 5087 Quae
374 5020 509 5074 dura
534 5020 732 5090 patior.
762 5020 917 5076 Tune
948 5031 1237 5090 correptus
1280 5022 1438 5086 l'ebri,

213 5092 421 5146 Levius
444 5092 686 5153 doleres,
723 5091 955 5146 alterum
987 5101 1248 5160 aegrotum
1274 5091 1505 5147 videns?

209 5161 361 5216 Audi
390 5160 620 5216 deinde:
650 5162 840 5230 dispar
870 5173 954 5216 est
995 5162 1173 5229 ipsum
1199 5162 1338 5229 pati.

212 5231 576 5301 illirum_ipse
603 5229 851 5300 quzedam
881 5247 1077 5301 passus
1107 5231 1250 5301 haud
1282 5245 1404 5285 sum
1432 5269 1448 5297 ,
1476 5230 1573 5285 sed
1599 5229 1795 5286 lubens

209 5300 366 5355 Feci.
406 5298 601 5369 Vagari
622 5298 759 5354 nam
795 5298 960 5364 libet,
990 5315 1157 5355 censu
1189 5300 1322 5353 libet

207 5372 444 5441 Carere:
478 5370 616 5441 liber
645 5371 882 5441 vinculis
912 5382 1037 5425 nam
1067 5385 1191 5441 sum
1221 5368 1509 5441 omnibus,

204 5440 327 5495 Nec
360 5440 469 5492 ulla
496 5440 655 5495 sedes
688 5442 899 5509 uspiam
929 5441 1018 5494 hic
1047 5440 1151 5492 lixa
1185 5449 1268 5492 est
1295 5439 1451 5495 mibi.

205 5509 338 5565 Tibi
369 5510 537 5562 chara
570 5518 699 5564 sunt
729 5510 882 5564 haec?
910 5520 964 5563 at
995 5509 1129 5563 mibi
1163 5509 1465 5564 contraria.

202 5579 293 5634 Ne
336 5586 394 5633 tu
428 5580 637 5633 leonem
665 5582 894 5635 metiare
923 5596 986 5633 ex
1016 5580 1203 5633 simia.

204 5649 570 5720 (ialamitates
598 5650 713 5704 brec
743 5649 942 5720 putas?
972 5648 1186 5720 Sortem
1220 5647 1479 5718 gravem!

202 5717 404 5790 Angor
432 5716 761 5788 quibusdam
789 5734 986 5774 rursus
1017 5716 1187 5790 (baud
1215 5716 1511 5788 negavero,

209 5784 350 5845 Hilii
389 5784 587 5860 quippe
615 5790 752 5857 limi,
785 5805 908 5847 cum
938 5784 1041 5846 sini
1068 5788 1257 5855 homo,
1291 5784 1422 5860 pars
1440 5792 1528 5843 est
1547 5800 1789 5859 quoque,

1823 4887 1871 4947 Β
1898 4880 2192 4952 Lignique,
2223 4885 2279 4952 et
2316 4878 2471 4932 illine
2500 4876 2686 4947 gaudii
2719 4877 2826 4952 orti
2858 4876 3063 4944 noxii),

1902 4946 2227 5006 Toleranter
2261 4949 2368 5002 ista
2396 4946 2616 5016 pectore
2643 4956 2698 5000 at
2727 4946 2843 5001 fero
2868 4954 3074 4999 tamen.
3156 5000 3161 5013 ε

1900 5020 2197 5077 Cruciatus
2229 5018 2335 5073 iste
2368 5016 2555 5070 robori
2586 5022 2811 5084 praestat
2834 5024 2955 5069 tuo.

1970 5088 2183 5145 Mecum
2208 5084 2357 5140 istud
2388 5086 2554 5139 etiam
2585 5082 2643 5138 iu
2665 5127 2679 5150 ,
2711 5085 2905 5149 velim,
2939 5082 3279 5141 consideres.

1900 5159 2178 5214 Vexamur
2202 5157 2365 5210 ambo
2395 5172 2407 5208 :
2446 5155 2740 5209 criminum
2772 5155 2867 5209 sed
2899 5164 2956 5209 tu
2990 5154 3098 5209 luis

1897 5226 2097 5284 Pmnas
2123 5247 2136 5282 :
2171 5240 2357 5295 aperte
2382 5225 2485 5280 hoc
2510 5233 2749 5294 arguunt
2782 5239 2963 5280 mores
2994 5227 3098 5285 tui,

1901 5297 2117 5354 Saevum
2143 5291 2388 5351 tribunal
2423 5291 2625 5351 mentis
2652 5335 2665 5354 .
2708 5306 2762 5351 et
2794 5295 3005 5350 clarum
3030 5291 3349 5352 admodum.

1897 5368 2171 5423 .Erumna
2202 5375 2398 5421 contra
2428 5366 2681 5419 nonnihil
2719 5381 2840 5419 mea
2866 5366 3125 5433 crimina,

1902 5438 2317 5510 lfuliginemque
2345 5436 2427 5489 vel
2460 5436 2631 5510 levem
2666 5444 2935 5510 expurgat
2963 5451 3160 5510 meam.

1900 5504 2049 5575 Quin
2069 5508 2210 5562 forte
2230 5504 2397 5560 lucta:
2425 5513 2511 5561 est
2550 5505 2727 5559 instar
2760 5507 2873 5559 haec
2898 5504 3170 5572 molestia,

1902 5578 2007 5640 Ut,
2045 5578 2203 5632 boste
2230 5576 2374 5631 victo
2395 5615 2409 5639 ,
2447 5576 2684 5630 nobilem
2709 5578 2941 5644 palmam
2967 5586 3253 5645 assequar.

1898 5647 2041 5713 Quid
2066 5648 2209 5702 ista?
2237 5647 2494 5715 quisnam
2528 5644 2742 5715 fructus
2763 5661 2826 5700 ex
2867 5646 3049 5702 verbis
3081 5644 3223 5701 tibi?

1897 5715 2070 5787 Nemo
2099 5714 2337 5772 medenti
2364 5754 2379 5780 ,
2420 5714 2681 5787 praeditus
2711 5723 2892 5787 mente
2924 5715 3161 5787 integra,

1897 5786 2081 5842 llludit
2108 5805 2121 5840 :
2150 5793 2246 5841 aut
2269 5788 2349 5842 sic
2378 5784 2551 5842 semet
2581 5784 2900 5857 imprudens
2930 5784 3110 5846 necat.
