1923 3053
86 129 1702 158 m

248 256 336 333 A.
386 257 470 333 B.
533 253 944 335 GAILLAU
998 256 1530 336 PR/EFATIO.

111 452 197 482 lnter
209 449 408 487 insurgentes
420 446 494 477 hinc
506 449 538 477 et
550 446 626 477 inde
639 446 745 477 multis
759 446 824 486 jam
839 445 878 477 ab
894 447 985 477 annis
999 446 1195 487 publicarum
1218 447 1444 478 discordiarum
1464 448 1625 485 tumultus,
1643 448 1703 481 hoc

71 500 291 539 gravissimum
314 505 475 536 emergere
489 496 727 527 incommodum
742 495 930 527 crediderim
953 496 1045 527 simul
1061 500 1092 527 et
1112 496 1255 534 dixerim,
1270 496 1423 528 funestam
1439 497 1584 529 videlicet
1601 499 1703 535 istam,

72 559 146 589 quae
161 550 273 581 doctos
295 551 326 579 et
347 548 433 588 pacis
453 550 594 578 amantes
615 547 787 578 litterarum
809 547 934 578 labores
957 548 1151 588 interruptos
1172 548 1312 588 pendere
1337 549 1451 588 coegit,
1473 550 1702 581 necessitatem.

72 601 152 638 Quid
167 600 253 631 enim
275 597 433 630 scribendi
446 598 550 628 studio
564 606 635 628 cum
652 597 765 628 ardore
786 597 948 629 bellandi?
961 598 1036 638 quid
1050 598 1289 629 meditationum
1306 599 1403 639 quieti
1428 609 1501 631 cum
1515 601 1703 633 seditionum

73 652 212 684 motibus
221 651 236 682 ‘l
256 651 316 682 Ubi
333 649 461 681 infausti
474 648 610 679 civilium
624 647 835 687 procellarum
849 648 979 688 spiritus
993 649 1107 680 acriter
1119 648 1274 680 sibilaudo
1288 649 1487 688 invehuntur,
1502 651 1620 682 ibidem
1634 651 1704 683 lan-

74 704 226 741 guescant
238 701 334 732 ﬂores
347 700 467 739 ingenii
480 700 675 740 marcidique
689 700 837 731 decidant
850 709 982 732 necesse
999 704 1056 732 est.

114 755 189 792 Quis
203 756 251 785 est
263 753 420 784 studiosos
434 753 517 784 inter
530 761 627 784 sacras
642 753 835 793 antiquitatis
844 753 999 791 alumnos,
1013 754 1067 794 qui
1081 754 1216 794 primum
1229 757 1291 785 tam
1305 753 1411 785 nitide
1422 757 1452 785 et
1461 757 1523 785 tam
1534 755 1705 786 emendatae

76 806 106 835 S.
119 803 260 843 Gregorii
271 803 456 835 Nazianzeni
466 804 613 835 editionis
625 803 774 835 volumen
788 812 854 834 non
865 803 959 835 fuerit
969 804 1138 835 admiratus
1152 802 1292 845 (a)?Quis
1303 803 1381 835 illud
1393 805 1510 836 meritis
1522 813 1585 836 non
1597 804 1707 838 extulit

77 856 231 893 laudibus,
245 855 588 896 Benedictinorumque
601 855 707 886 Sancti
725 856 835 893 Mauri,
850 859 893 887 ita
908 855 1034 887 aliunde
1052 856 1086 887 in
1102 856 1167 887 suis
1186 856 1337 896 operibus
1355 856 1580 896 perfectorum,
1598 857 1705 898 perfe-

77 906 247 937 ctissimum
261 913 343 945 opus
355 913 420 936 non
431 904 633 945 praedicavit?
645 905 719 942 Quis
728 906 815 946 justo
830 914 896 937 non
911 910 1097 946 prosecutus
1109 909 1155 937 est
1169 906 1326 938 desiderio
1339 906 1500 944 amissum,
1513 910 1549 938 ut
1562 908 1706 940 nonnulli

78 959 198 996 putant,
214 959 268 987 aut
278 955 399 991 saltem,
415 958 451 985 ut
460 963 567 986 verum
583 958 641 993 est,
658 964 846 996 suspensum
861 956 1043 987 excellentis
1058 956 1300 988 elucubrationis
1315 958 1603 998 complementum?
1617 960 1705 997 Quod

78 1006 234 1046 perditum
251 1006 368 1037 deﬂent
378 1004 442 1041 alii,
456 1004 543 1044 quod
556 1003 609 1035 alii
623 1004 834 1045 interruptum
853 1005 973 1042 dolent,
989 1005 1050 1036 hoc
1064 1004 1190 1036 tandem
1206 1014 1224 1036 e
1236 1007 1375 1038 tenebris
1389 1011 1512 1038 erutum
1524 1008 1581 1039 tibi
1597 1009 1705 1049 profe-

79 1057 185 1094 rimus,
198 1056 318 1096 optime
344 1055 455 1092 lector,
471 1054 557 1094 quod
572 1063 638 1086 non
650 1057 681 1086 te
694 1055 808 1093 solum,
826 1056 881 1087 sed
901 1058 932 1086 et
956 1063 1084 1087 omnem
1100 1055 1293 1087 eruditorum
1317 1057 1466 1088 familiam
1490 1062 1578 1098 grato
1599 1060 1706 1091 animo

77 1112 275 1149 accepturam
284 1107 483 1139 conﬁdimus.

117 1162 211 1192 Plura
226 1163 327 1192 autem
343 1163 374 1191 et
389 1162 473 1191 certe
487 1159 667 1199 gravissima
679 1160 712 1192 in
724 1161 891 1201 procinctu
902 1163 1063 1192 tractanda
1077 1163 1256 1197 occurrunt,
1276 1161 1304 1191 1°
1323 1159 1441 1192 scilicet
1455 1169 1519 1201 quo
1535 1161 1619 1193 felici
1632 1170 1707 1193 casu

79 1212 276 1243 authenticus
290 1212 502 1243 Maurinorum
513 1213 745 1254 manuscriptus
758 1214 859 1245 codex
874 1217 997 1245 nostras
1008 1214 1040 1245 in
1053 1223 1165 1245 manus
1175 1215 1321 1246 inciderit
1335 1223 1342 1252 ;
1357 1214 1386 1244 2°
1399 1222 1470 1254 quae
1482 1217 1512 1245 et
1525 1215 1633 1254 quanti
1646 1215 1708 1246 sint

80 1265 230 1296 momenti
245 1273 352 1304 opera,
368 1273 439 1305 quae
454 1265 595 1296 nondum
609 1265 647 1296 ad
663 1266 876 1297 omnimodam
887 1265 1096 1306 integritatem
1108 1267 1360 1306 severioremque
1371 1266 1605 1305 castigationem
1619 1276 1709 1299 revo-l

80 1318 156 1351 cata,
174 1315 345 1346 emittenda
368 1322 575 1356 supererant;
600 1317 628 1348 3°
651 1327 714 1358 qua
737 1317 887 1349 methodo
911 1317 1085 1349 doctissimi
1099 1319 1236 1349 editores
1252 1317 1284 1348 in
1302 1310 1468 1357 operando
1479 1318 1706 1365 processerint;

81 1365 108 1396 4"
125 1366 202 1406 quid
215 1366 332 1398 laboris
346 1368 472 1399 tandem
489 1369 592 1407 nobis,
608 1372 680 1409 pnst
696 1372 798 1400 tantos
811 1377 968 1400 messores
980 1370 1206 1409 prmtermissas
1219 1369 1269 1400 vix
1285 1367 1404 1408 aliquas
1416 1367 1490 1399 hinc
1504 1371 1536 1398 et
1550 1368 1623 1399 inde
1641 1369 1706 1409 spi-

81 1425 130 1447 cas
143 1417 330 1456 legentibus,
346 1417 440 1450 fuerit
454 1419 658 1450 derelictum:
675 1427 746 1459 quae
765 1419 892 1459 quidem
907 1419 962 1449 ubi
975 1418 1091 1450 fuerint
1106 1419 1242 1450 dilucide
1258 1420 1432 1451 examinata
1454 1423 1485 1451 et
1499 1429 1648 1460 expensa,
1663 1422 1707 1453 nil

80 1467 139 1506 jam
151 1467 233 1498 ultra
247 1468 333 1508 quod
348 1469 540 1509 expostulari
552 1469 653 1509 possit
665 1468 714 1499 vel
730 1469 873 1508 exoptari
887 1477 1050 1499 remanere
1066 1468 1234 1499 credimus.

762 1542 976 1572 ARTICULUS
999 1542 1022 1571 Ι.

611 1614 656 1643 De
676 1614 802 1643 invento
817 1612 1040 1643 Maurinorum
1058 1611 1172 1642 codice.

120 1689 219 1720 Nemo
232 1688 333 1719 nescit
346 1685 552 1720 recentiorem
573 1688 604 1718 S.
619 1686 761 1725 Gregorii
786 1684 973 1716 Nazianzeni
986 1683 1157 1715 editionem
1171 1684 1306 1724 primum
1322 1694 1340 1716 a
1355 1685 1389 1715 D.
1403 1685 1520 1718 Iacobo
1540 1686 1578 1717 de
1597 1687 1707 1719 Friche

82 1743 271 1780 susceptam,
285 1739 399 1770 deinde
413 1747 487 1770 vero
501 1747 519 1769 a
533 1739 569 1768 D.
584 1737 749 1768 Franciseo
761 1735 901 1768 Louvard
913 1734 1104 1771 inchoatam,
1122 1737 1232 1774 postea
1247 1744 1264 1765 a
1278 1735 1312 1765 D.
1328 1735 1498 1767 Prudentio
1508 1737 1612 1768 Maran
1628 1747 1708 1778 prae-

82 1795 231 1831 paratam,
245 1791 309 1821 imo
321 1793 352 1821 et
361 1789 485 1830 publice
499 1798 582 1820 anno
599 1788 673 1820 1708
686 1787 914 1823 annuntiatam,
927 1794 1011 1816 anno
1022 1785 1160 1825 denique
1174 1784 1261 1822 1778,
1278 1786 1383 1825 quoad
1398 1787 1534 1826 primum
1545 1789 1705 1826 volumen,

82 1841 178 1874 fuisse
191 1841 336 1872 emissam
351 1840 476 1871 Parisiis
490 1849 508 1871 a
522 1840 557 1870 D.
571 1839 761 1875 Clemencet,
776 1844 914 1878 quocum
934 1835 1066 1875 insuper
1079 1843 1169 1866 curas
1186 1836 1496 1868 communicaverunt
1514 1838 1573 1868 DD.
1593 1840 1707 1877 Patert,

83 1893 221 1924 Andreas
229 1892 324 1923 Brion
340 1893 371 1921 et
385 1889 551 1929 Dionysius
566 1887 694 1924 d'Olive,
708 1887 763 1927 qui
781 1885 899 1917 menda
908 1884 1085 1924 corrigendi
1094 1884 1250 1923 ingratum
1260 1884 1483 1926 difﬁcilemque
1494 1887 1632 1920 laborem
1644 1898 1709 1921 non

84 1942 403 1975 detrectavit.Domno
409 1940 597 1976 Clemencet,
605 1938 670 1978 qui,
682 1937 824 1968 doctrina
839 1935 994 1967 celebrior
1000 1943 1094 1975 quam
1104 1934 1274 1974 ﬁde,plura
1286 1935 1410 1976 scripsit
1423 1938 1462 1968 ad
1476 1939 1710 1971 conﬁrmandos

85 1995 295 2027 recentiorum
302 1995 486 2025 novatorum
491 1999 626 2028 errores,
633 1998 768 2030 quorum
774 1988 876 2020 acrior
882 1987 998 2019 exstitit
1005 1990 1232 2028 propugnator,
1239 1987 1277 2018 ad
1276 1987 1400 2026 jutorin
1407 1990 1536 2021 secundi
1544 1991 1711 2022 voluminis

85 2046 190 2076 labore
204 2044 294 2075 datus
308 2046 354 2074 est
369 2043 404 2072 D.
419 2041 459 2072 de
469 2040 610 2076 Cosniac,
627 2039 682 2079 qui
693 2038 796 2069 lenior
812 2037 930 2074 animo,
954 2039 985 2067 at
1006 2037 1087 2067 forte
1106 2036 1234 2075 ingenio
1249 2037 1363 2074 minor,
1380 2038 1419 2069 ad
1433 2040 1560 2072 eosdem
1589 2050 1710 2074 errores

85 2096 206 2127 videtur
212 2095 390 2126 inclinasse.
396 2093 555 2125 Hinclicet
565 2096 655 2124 caute
663 2091 798 2130 legendi,
806 2090 933 2130 quando
940 2089 979 2120 de
989 2089 1073 2120 falsis
1081 2098 1189 2120 eorum
1196 2090 1296 2130 agitur
1303 2091 1464 2129 doctrinis,
1472 2092 1596 2132 legendi
1604 2098 1710 2127 tamen

87 2155 194 2178 secure
200 2154 272 2177 cum
283 2143 548 2183 agiturdelinguaa
556 2144 671 2174 Graios:
679 2141 800 2181 peritia,
808 2140 847 2171 de
854 2139 998 2171 codicum
1004 2142 1166 2176 vetustate,
1180 2142 1364 2172 auctoritate
1371 2145 1402 2172 et
1412 2143 1620 2182 varietatibus,
1631 2146 1670 2177 de
1680 2147 1712 2178 vi

87 2201 217 2228 etsensu
227 2196 406 2232 verborum,
414 2195 453 2226 de
459 2192 611 2225 versionis
618 2191 821 2232 proprietate,
833 2189 1016 2228 ueterisque
1023 2189 1189 2228 ejusmodi,
1197 2190 1311 2228 quibus
1321 2191 1474 2222 conﬂatur
1483 2193 1585 2223 omnis
1595 2198 1711 2226 nostra;

88 2247 179 2288 hujus
191 2247 337 2278 editionis
351 2246 449 2277 labor.
461 2244 588 2276 Laboris
601 2245 705 2274 autem
713 2241 803 2272 ardui
811 2239 975 2279 multiplex
985 2239 1174 2277 sollicitudo,
1186 2241 1359 2279 praesertim
1369 2241 1517 2274 defuncto
1523 2243 1586 2283 jam
1597 2245 1631 2275 D.
1643 2245 1711 2276 Cle-

88 2301 222 2333 mencet,
234 2297 341 2337 plures
352 2297 530 2337 requirebat
540 2303 662 2332 manus,
672 2296 704 2325 et
715 2292 844 2333 quidem
858 2300 924 2323 non
936 2291 1079 2322 indoctas
1086 2299 1094 2328 ;
1111 2290 1315 2323 undefactum
1327 2296 1413 2324 estut
1422 2293 1456 2324 in
1472 2295 1577 2335 Operis
1591 2300 1711 2335 partem

88 2348 247 2379 veniretD.
254 2348 293 2379 de
299 2348 445 2379 Verneuil
451 2372 458 2385 ,
465 2347 520 2388 qui
526 2346 664 2387 ejusdem
671 2344 790 2376 ordinis
801 2352 867 2375 non
876 2347 993 2375 vestem
1001 2342 1115 2379 solum,
1123 2342 1178 2372 sed
1192 2346 1223 2373 et
1232 2342 1393 2374 scientiam
1399 2344 1594 2383 praeferebat.
1601 2347 1712 2378 Tribus

88 2400 127 2431 ab
138 2399 187 2430 his
196 2399 418 2440 viris,aliisque
428 2399 534 2430 forsan
543 2406 679 2438 quorum
685 2395 836 2427 memoria
843 2403 909 2427 non
926 2397 1080 2435 superest,
1086 2394 1151 2433 jam
1161 2394 1340 2427 confectum
1353 2404 1446 2437 opus,
1461 2397 1505 2428 nil
1520 2398 1602 2428 aliud
1617 2407 1712 2438 quam

88 2453 358 2493 typographorum
373 2461 501 2485 manum
513 2454 694 2492 exspectare
703 2449 876 2486 videbatur,
888 2448 1016 2488 quando
1029 2448 1118 2479 irruit
1128 2448 1231 2480 subito
1241 2449 1335 2480 tristis
1348 2447 1546 2488 violentaque
1560 2448 1710 2488 procella,

90 2514 171 2545 quae,
187 2507 348 2538 concussis
360 2506 524 2545 religionis
545 2505 644 2545 ipsius
656 2505 691 2535 in
705 2503 802 2534 Gallia
816 2502 1039 2539 fundamentis,
1054 2511 1160 2533 sacros
1178 2502 1406 2534 monachorum
1422 2500 1549 2532 ordines
1570 2500 1713 2541 spoliavit

90 2554 346 2595 disturbavitque.
361 2554 508 2588 Maurinis
522 2556 638 2590 autem,
654 2561 726 2584 cum
742 2552 782 2582 ab
799 2551 887 2582 avitis
902 2551 1045 2583 claustris
1059 2551 1135 2582 nudi
1151 2555 1182 2582 et
1195 2555 1323 2591 egentes
1336 2553 1556 2593 abjicerentur,
1572 2553 1616 2584 nil
1630 2554 1710 2584 anti-

91 2605 182 2645 quius
192 2605 251 2636 fuit
267 2615 361 2646 quam
373 2608 495 2639 ueteris
504 2608 652 2639 omnibus
664 2606 895 2647 pretiosiorem,
906 2609 1018 2646 utpote
1028 2606 1120 2637 tantis
1133 2606 1245 2644 vigiliis
1257 2604 1488 2644 sudoribusque
1498 2607 1712 2643 comparatum

126 2670 165 2703 (α)
183 2668 360 2706 Splendidam
373 2673 446 2706 certe
458 2670 597 2706 volumen,
615 2669 661 2706 sed
674 2669 763 2704 quoad
779 2673 871 2706 textus
882 2669 1105 2706 emendationem
1120 2676 1172 2706 non
1184 2667 1252 2694 adeo
1268 2665 1463 2706 extollendum.
1479 2664 1712 2706 Shpec'iminisiloco

91 2705 127 2732 sit
138 2701 234 2740 pagina
251 2705 276 2735 t,
294 2705 341 2731 ubi
353 2705 451 2739 legitur
462 2705 504 2733 bis
519 2701 716 2737 ἁνασθάσεώς
728 2713 777 2739 pro
787 2705 850 2731 ἀναα

953 2713 971 2736 ;,
982 2702 1071 2740 οὗτος
1082 2710 1131 2738 pro
1143 2701 1230 2740 οβτος,
1240 2706 1293 2740 etc.
1309 2701 1361 2729 Sed
1377 2701 1448 2740 quod
1462 2701 1582 2740 mireris,
1589 2701 1622 2740 Vin
1634 2701 1712 2740 titulo

92 2735 333 2776 priinivvoluminis
341 2735 413 2776 quod
427 2740 484 2774 jam
502 2744 680 2776 peccaverant
703 2735 782 2775 primi
795 2735 966 2776 typographi,
986 2739 1012 2766 id
1032 2735 1089 2776 non'
1101 2735 1528 2776 modo_retinuqruntjwvissirpi
1541 2735 1661 2776 editores
1686 2736 1714 2776 iu

92 2772 185 2810 eodem
198 2775 281 2810 titulo
297 2772 369 2810 typis
383 2772 482 2810 iterum
499 2772 637 2810 mandato,
652 2772 851 2810 εὐρὶσχόμένα

954 2774 1117 2810 ὒριᾳκόμεγᾳ
1131 2773 1283 2801 scribentes
1299 2772 1382 2810 (quod
1398 2776 1489 2810 tamen
1501 2772 1713 2810 jam_notaverat

93 2783 185 2801 eouem
198 2783 281 2802 ιιιυιο
297 2783 306 2802 ι
327 2783 369 2809 pls
383 2783 482 2802 iterum
499 2783 637 2806 mandaui,
652 2783 852 2809 ευρισχομενα

93 2809 190 2838 llarles
205 2810 237 2837 ad
255 2783 382 2837 Bibi’oth.
401 2809 486 2836 Grata.
502 2809 630 2841 Fabricii,
643 2814 709 2837 tom.
725 2809 791 2843 Vill,
807 2817 834 2845 p.

954 2783 1117 2810 δρισκομενα
1131 2783 1283 2801 scrluentes
1299 2783 1382 2807 (quoa
1398 2783 1489 2798 tamen
1501 2783 1557 2805 Jalll
1574 2783 1713 2797 llutincriu.

956 2809 1003 2836 scd
1022 2809 1096 2836 aliud
1110 2808 1220 2843 insuper
1232 2807 1362 2836 mendum
1378 2805 1543 2834 addiderunt
1555 2805 1713 2839 Γρεγορίυυ

92 2845 252 2873 exhibentes
267 2852 318 2879 pro
336 2845 497 2880 Γρηγορίου.
511 2845 588 2873 Εωτ.
603 2845 688 2872 Pun.

201 2851 252 2873 ites
267 2852 318 2879 pro
336 2845 497 2880 Γρηγορίου.
511 2845 588 2873 Εωτ.
603 2845 688 2872 Pun.
958 2853 960 2855 ·

252 2893 389 2923 Pyram"
404 2894 465 2923 (in.
491 2893 654 2924 XXXVII.
1576 2888 1591 2916 ί

222 2925 583 3029 W

265 2993 300 3029 ’ἢ
312 3009 352 3029 \o
422 2989 462 3029 ιδ
