1923 3053
224 97 254 123 Η
799 94 832 121 Α.
853 94 882 121 Β.
903 93 982 122 (ΞΑΙΙ,

1111 93 1272 123 ῐιΕῈΑΤΙΟ.
1831 100 1844 126 1
1851 99 1870 126 2

222 153 416 189 thesaurum,
433 151 582 190 fugiendo
595 150 730 188 auferre,
745 154 786 187 et,
805 151 879 181 dum
897 150 1045 181 transiret
1058 154 1240 191 tempestas,
1255 151 1424 182 occultare.
1441 152 1550 183 Utrum
1566 152 1672 193 plures
1685 152 1774 184 factm
1789 153 1869 185 fue—

223 204 285 235 rint
300 206 372 234 ante
390 203 450 233 hoc
475 204 625 243 temporis
643 204 916 244 transcriptiones,
932 212 997 235 non
1021 205 1095 235 satis
1114 207 1257 241 constat;
1281 207 1400 235 certum
1418 209 1464 236 cst
1488 210 1591 237 autem
1615 207 1773 247 duplicem
1791 209 1867 247 jam

223 252 365 284 codicem
379 252 461 282 inter
477 251 715 282 eminentissimi
727 253 891 283 cardinalis
906 254 964 283 DD.
983 254 1081 285 Fesch
1096 260 1208 285 manus
1224 252 1364 284 habitum
1386 254 1495 293 fuisse,
1511 265 1646 296 quorum
1667 266 1738 288 cum
1759 258 1865 298 prior,

224 303 320 334 multa
335 300 471 342 pecunia
484 308 693 343 comparatus,
710 305 800 344 quasi
811 314 828 335 a
838 305 968 345 propria
981 307 1259 337 Benedictinorum
1271 315 1364 337 manu
1380 306 1565 347 descriptus,
1582 307 1708 339 manum
1725 309 1865 341 alienam

225 356 385 387 evidenter
398 359 554 394 argueret,
570 357 778 395 posteriorem
793 358 907 388 iterum
923 359 1058 398 pecunia
1073 359 1184 399 majori
1201 358 1334 389 redemit
1350 359 1614 389 eminentissimus
1630 359 1714 389 idem
1732 360 1864 400 Purpu—

226 410 328 443 ratus;
350 410 455 437 utrum
468 406 620 437 veriorem
635 407 915 447 sincerioremque,
929 412 1046 439 asserat
1059 409 1114 448 qui
1127 408 1223 445 vidit;
1236 408 1312 438 mihi
1329 408 1413 438 enim
1424 408 1510 438 illum
1525 408 1630 438 videre
1646 417 1711 439 non
1729 417 1867 439 conces-

224 466 304 488 sum.
327 458 458 487 Romam
478 456 561 486 enim
580 456 763 494 deveniens,
781 461 811 488 et
830 457 869 488 ad
881 458 1131 488 Eminentissimi
1153 457 1252 497 pedes
1271 457 1465 497 provolutus,
1486 466 1524 487 eo
1547 458 1685 488 audaciae
1707 457 1863 489 devenire

225 516 294 538 sum
306 516 410 544 ausus,
426 509 459 537 ut
474 510 537 536 tam
551 506 724 545 pretiosum
739 510 990 544 monumentum,
1009 507 1098 546 prelo
1113 507 1217 537 subito
1242 506 1466 544 mandandum,
1480 506 1678 538 describendi
1698 507 1863 539 licentiam

225 560 471 600 expostularem;
497 568 590 598 quam
611 559 739 598 quidem
763 563 893 599 propter
911 560 1107 599 gravissimas
1125 569 1213 595 sane,
1230 569 1308 600 quas
1330 569 1395 590 non
1418 560 1573 591 discutere
1595 569 1701 591 meum
1722 564 1780 597 est,
1799 561 1861 592 sed

226 612 371 650 revereri,
386 611 524 643 rationes
538 611 681 642 obtinere
699 619 763 642 non
786 612 926 650 contigit.
948 613 1067 643 Durum
1081 615 1186 642 tamen
1206 615 1236 642 et
1258 620 1398 642 amarum
1421 612 1526 642 animo
1546 620 1642 643 sacra)
1664 613 1864 652 antiquitatis

224 661 350 698 amanti,
381 660 564 701 praesumpti
595 659 799 700 pulcherrimi
833 660 949 692 laboris
976 670 1104 692 omnem
1133 661 1259 701 penitus
1286 670 1375 701 spem
1414 662 1558 704 abjicere.
1599 662 1698 699 Mihi,
1741 662 1861 701 fateor,

225 721 349 752 semper
358 714 429 742 ante
440 710 549 742 oculos
560 710 781 740 obversabatur
790 710 963 740 secundum
974 710 1050 741 illud
1063 710 1160 741 sancti
1171 710 1311 748 Gregorii
1323 710 1557 740 Benedictinum
1568 711 1860 750 volumen.Ergone

224 772 350 803 semper
363 763 396 793 in
417 763 511 793 unius
521 761 721 792 bibliothecae
742 761 881 792 tenebris
897 762 1056 802 sepultum
1072 761 1269 793 remanebit?
1282 763 1450 801 Nunquam
1467 770 1541 801 ergo
1557 762 1610 793 ﬁet
1624 763 1741 803 publici
1754 754 1861 804 juris‘2

224 813 362 844 Ecclesia
377 816 462 844 tanto
477 812 595 843 lumine
611 820 773 850 nunquam
791 811 939 843 irradiata
952 811 1122 851 gaudebit?
1137 812 1211 843 Hmc
1228 821 1278 843 me
1293 812 1463 850 cogitante,
1482 812 1585 844 subito
1602 813 1685 844 fama
1706 815 1745 845 ad
1763 823 1861 851 aures

226 863 364 900 aﬂ‘ertur,
380 871 488 893 verum
503 864 533 892 et
544 861 715 900 genuinum
727 862 934 893 Maurinensis
951 862 1196 893 elucubrationis
1208 863 1369 902 exemplar
1383 863 1507 893 Parisiis
1521 862 1648 900 haberi;
1666 865 1700 894 D.
1720 864 1760 895 de
1774 866 1859 896 Ver-

226 913 322 951 neuil,
338 913 485 944 omnibus
501 911 579 949 aliis,
596 912 649 951 qui
668 911 741 942 huic
761 911 862 942 labori
879 912 1204 949 communicaverant,
1225 913 1423 953 superstitem
1446 912 1581 944 fideliter
1599 913 1676 945 illud
1696 924 1857 953 servasse;

223 966 288 996 imo
303 965 418 1004 saepius
437 963 519 1004 apud
538 963 644 1002 ipsum
659 962 849 993 cardinalem
863 963 961 994 Fesch
985 964 1098 1003 egisse,
1116 967 1151 995 ut
1169 963 1258 1004 prelo
1275 963 1490 1003 subjiceretur,
1520 973 1592 995 cum
1614 966 1732 1004 vigeret
1754 967 1859 999 adhuc

224 1015 434 1056 potentissimi
461 1014 586 1054 nepotis
617 1014 785 1044 auctoritas
803 1038 810 1051 ,
844 1015 1056 1054 eumdemque
1090 1019 1192 1046 morte
1221 1015 1346 1046 tandem
1381 1019 1572 1055 praeventum
1588 1040 1596 1053 ,
1627 1015 1703 1047 dum
1732 1021 1860 1056 regeret

224 1067 328 1098 Sancti
342 1065 482 1106 Dionysii
508 1073 609 1104 prope
638 1064 774 1095 Parisios
802 1065 996 1104 parochiam,
1017 1065 1095 1097 illud
1126 1067 1278 1106 proximis
1307 1067 1484 1106 reliquisse,
1513 1067 1567 1107 qui
1588 1063 1655 1107 ejus
1683 1069 1858 1100 etiamnum

224 1117 424 1158 possessione
441 1115 635 1146 fruebantur.
652 1116 716 1146 Nec
731 1123 818 1146 mora
832 1125 838 1146 :
854 1116 1058 1156 inquiruntur
1069 1117 1103 1146 D.
1117 1117 1156 1147 de
1166 1117 1312 1148 Verneuil
1330 1117 1483 1155 han-edes,
1503 1126 1562 1148 nec
1574 1118 1672 1149 multo
1682 1123 1753 1159 post
1765 1119 1858 1150 inve-

224 1168 353 1199 niuntur
362 1176 368 1204 ;
378 1167 535 1197 invenitur
545 1174 616 1196 cum
626 1165 688 1195 illis
699 1165 855 1204 pretiosus
866 1165 968 1196 codex
981 1174 988 1202 ;
1001 1173 1111 1196 severo
1121 1165 1282 1205 subjicitur
1293 1166 1445 1203 examini;
1468 1167 1614 1206 giganteo
1628 1167 1735 1199 labore
1749 1169 1859 1208 prodi-

223 1221 275 1249 tur
292 1217 504 1248 Maurinorum
522 1215 704 1255 ingenium;
724 1215 885 1254 castigatio
906 1218 1022 1253 textus,
1041 1215 1281 1246 adnotationum
1299 1216 1492 1255 proprietas,
1514 1217 1667 1249 versionis
1689 1218 1856 1258 perfectio,

224 1269 408 1300 variantium
422 1269 594 1300 lectionum
616 1266 757 1298 delectus
769 1270 799 1297 et
813 1267 993 1305 multitudo,
1010 1267 1174 1307 scripturae
1195 1267 1295 1307 ipsius
1311 1271 1455 1305 vetustas,
1474 1267 1551 1299 nihﬁ
1571 1272 1618 1299 est
1631 1270 1715 1309 quod
1731 1279 1795 1301 non
1817 1271 1856 1301 ad

224 1319 484 1350 manifestandam
496 1318 658 1349 veritatem
674 1324 850 1350 concurrat.
867 1318 934 1348 Imo
950 1320 980 1348 et
996 1317 1151 1348 editorum
1162 1317 1301 1354 nomina,
1318 1320 1349 1348 et
1361 1318 1545 1349 eorumdem
1557 1318 1808 1357 deliberationes,
1826 1323 1857 1351 et

223 1368 328 1400 danda
344 1368 550 1409 typographis
568 1367 709 1403 consilia,
725 1370 755 1397 et
773 1366 935 1406 sequenda
950 1366 984 1396 in
1000 1367 1121 1397 cunctis
1141 1365 1310 1397 methodus
1330 1375 1397 1398 rem
1418 1367 1461 1398 ita
1485 1368 1567 1399 clare
1582 1369 1750 1407 elucidant,
1767 1374 1801 1401 ut
1822 1369 1856 1401 in

225 1420 356 1452 dubium
373 1419 515 1450 revocari
529 1426 593 1453 non
609 1416 720 1458 possit.
735 1417 838 1447 Unum
850 1420 879 1448 et
892 1417 1021 1457 quidem
1032 1417 1189 1449 difﬁcilius
1202 1418 1284 1449 forte
1298 1419 1523 1451 inveniendum
1534 1423 1726 1460 remanebat,
1739 1432 1856 1464 nempe

224 1471 338 1502 fortem
351 1470 566 1509 audacemque
576 1468 687 1505 virum,
700 1468 756 1508 qui
770 1471 801 1499 et
814 1469 955 1500 codicem
969 1470 1090 1508 argenti
1104 1470 1245 1510 pondere
1263 1480 1457 1512 comparare,
1472 1476 1503 1503 et
1517 1476 1731 1512 comparatum
1746 1473 1857 1512 ingen-

225 1521 308 1552 tibus
323 1521 495 1561 dispendiis
513 1520 597 1563 typis
616 1521 765 1552 mandare
780 1530 846 1552 non
861 1521 1089 1553 reformidaret.
1106 1523 1355 1555 Detrectantibus
1378 1524 1446 1556 aliis
1460 1526 1646 1566 quibusdam
1662 1526 1854 1566 periculum-

225 1580 287 1612 que
312 1571 417 1602 subire
432 1571 660 1609 recusantibus,
679 1571 806 1602 obvium
827 1580 861 1602 se
882 1571 956 1602 fecit
978 1572 1060 1603 ultro
1084 1573 1119 1602 D.
1135 1574 1440 1612 Parent-Desbarres,
1457 1575 1511 1615 qui
1523 1576 1588 1615 jam
1612 1576 1651 1606 de
1674 1576 1803 1607 scicntia
1824 1580 1856 1608 et

225 1622 377 1661 religione
392 1622 496 1653 multis
512 1622 702 1654 editionibus
713 1623 743 1652 et
757 1621 931 1661 praesertim
946 1620 1131 1653 Collectione
1147 1622 1205 1653 SS.
1219 1624 1351 1654 Patrum
1365 1623 1447 1654 bene
1461 1624 1601 1661 meritus,
1617 1624 1764 1655 meritum
1776 1624 1854 1656 illud

225 1679 342 1703 novum
353 1672 605 1712 prmcedentibus
620 1671 832 1712 superaddere
850 1671 957 1702 voluit.

908 1732 1122 1763 ARTICULUS
1136 1733 1174 1763 Π.

469 1796 514 1826 De
528 1795 667 1827 nondum
681 1797 774 1828 editis
785 1806 804 1826 α
817 1797 1018 1828 Maurinensi
1036 1797 1275 1838 congregatione
1294 1797 1442 1838 Gregorii
1451 1797 1607 1837 operibus.

263 1855 373 1887 Omnia
383 1856 466 1888 beati
479 1857 621 1889 Doctoris
633 1866 730 1898 opera
740 1861 803 1889 tres
813 1857 852 1888 ad
866 1853 981 1889 classes
991 1858 1170 1889 necessario
1185 1861 1381 1895 revocantur,
1397 1866 1530 1897 quarum
1541 1858 1652 1898 prima,
1667 1859 1851 1889 Sermones;

225 1906 374 1944 secunda,
391 1907 564 1947 Epistolas;
587 1908 688 1945 tertia,
706 1909 854 1939 Poemata
874 1908 1104 1948 complectitur.
1124 1909 1291 1947 Gregorius
1309 1908 1393 1939 enim
1411 1911 1446 1938 ut
1464 1908 1496 1939 in
1516 1909 1694 1949 perorando
1712 1909 1853 1940 sublimis

226 1959 256 1987 et
272 1955 437 1995 facundus,
451 1958 493 1989 ita
507 1962 537 1989 et
552 1959 584 1989 in
598 1959 765 1990 scribendo
777 1959 895 1990 nitidus
910 1962 1004 1998 atque
1015 1958 1127 1996 facilis,
1141 1962 1171 1989 et
1185 1958 1218 1989 in
1232 1958 1387 1990 cantando
1399 1958 1523 1997 grandis
1533 1962 1564 1990 et
1573 1968 1714 1990 ammnus
1725 1959 1850 1989 exstitit.

263 2010 431 2042 Sermones
445 2011 574 2050 quidem
589 2020 700 2043 omnes
709 2013 774 2052 jam
784 2012 1024 2043 aBenedictinis
1038 2011 1163 2042 meliori
1178 2012 1288 2043 ordine
1301 2011 1387 2048 editi,
1399 2014 1430 2041 et
1444 2009 1546 2050 quoad
1557 2012 1674 2040 textum
1686 2008 1850 2045 emendati,

225 2059 257 2090 in
268 2060 370 2100 primo
383 2061 540 2093 volumine
556 2062 721 2101 habentur,
737 2068 857 2094 servata
870 2063 966 2094 veteri
980 2062 1110 2093 Billiana
1126 2062 1281 2099 versione,
1296 2061 1351 2093 sed
1372 2062 1405 2092 in
1421 2060 1525 2092 multis
1542 2059 1748 2098 maximisque
1766 2058 1852 2089 casti-

225 2115 306 2150 gata,
322 2112 541 2153 deccrptisque
564 2117 697 2153 quatuor
712 2115 917 2151 orationibus,
930 2121 1046 2152 nempe
1062 2121 1133 2150 XLV,
1150 2122 1236 2150 XLVI,
1251 2122 1280 2143 Li
1295 2116 1326 2143 et
1343 2121 1395 2150 Ln,
1410 2121 1480 2152 quin
1501 2120 1566 2142 non
1581 2111 1661 2141 inter
1678 2117 1848 2145 sermones,

169 2197 176 2204 .
225 2163 280 2194 sed
299 2163 381 2194 inter
395 2165 543 2203 epistolas
561 2165 721 2196 evidenter
740 2165 943 2202 collocandae,
962 2165 1127 2205 proprium
1148 2164 1182 2195 in
1201 2163 1318 2200 locum,
1335 2167 1369 2194 ut
1384 2172 1441 2203 par
1456 2165 1531 2199 erat,
1547 2161 1672 2192 fuerunt
1688 2163 1847 2190 revocatas.

224 2213 353 2244 Restant
369 2214 463 2252 igitur
474 2214 615 2254 epistola)
626 2217 656 2245 et
668 2218 824 2254 poemata,
839 2223 910 2254 quaa
917 2214 983 2253 jam
995 2214 1029 2244 in
1039 2213 1198 2254 publicum
1214 2213 1357 2244 emittere
1372 2212 1546 2243 statuimus.

263 2263 422 2303 Epistolae,
436 2273 506 2304 quae
519 2265 645 2296 nonnisi
663 2265 720 2295 232
735 2265 769 2296 in
785 2265 955 2296 novissima
970 2264 1107 2295 editione
1122 2263 1252 2294 Billiana
1270 2263 1428 2302 leguntur,
1447 2260 1648 2302 superaddite
1662 2263 1766 2291 autem
1784 2260 1848 2290 Mo-

224 2314 355 2346 relliano
376 2317 595 2357 supplemento
613 2317 681 2354 242,
698 2317 753 2348 sed
769 2326 840 2357 quae
855 2325 974 2354 revera,
990 2316 1163 2348 amendatis
1185 2323 1256 2355 quae
1271 2315 1320 2346 vel
1340 2315 1378 2346 ad
1394 2313 1540 2345 Basilium
1558 2313 1726 2353 pertinent,
1741 2311 1788 2341 vel
1804 2311 1849 2340 bis

224 2371 500 2405 repraesentantur,
515 2368 725 2408 superadditis
740 2371 843 2399 autem
855 2377 926 2408 quae
939 2367 988 2398 vel
1002 2376 1041 2398 ex
1050 2366 1247 2398 orationibus
1262 2366 1481 2402 desumuntur,
1504 2364 1555 2395 vel
1575 2363 1702 2395 aliunde
1725 2363 1849 2393 fuerunt

225 2419 380 2454 extractte,
395 2418 434 2448 ad
449 2417 505 2448 243
520 2427 686 2448 numerum
701 2422 880 2457 assurgunt,
891 2418 933 2448 ita
949 2420 1208 2457 argumentorum
1219 2416 1395 2447 diversitate
1409 2418 1439 2446 et
1452 2414 1594 2446 varietate
1606 2411 1762 2444 scribendi
1776 2415 1849 2441 tem-

224 2468 383 2502 perantur,
399 2465 495 2496 modo
512 2466 551 2496 de
565 2465 749 2505 theologicis
765 2466 825 2497 alte
840 2466 932 2497 simul
945 2469 976 2497 et
989 2465 1126 2497 dilucide
1137 2465 1337 2502 disserentes,
1353 2464 1448 2496 modo
1465 2463 1505 2494 de
1527 2461 1754 2503 philOSOplllClS
1769 2461 1846 2492 clare

224 2517 391 2548 tractantes
407 2521 438 2549 et
453 2517 638 2556 sublimiter,
654 2527 739 2550 nunc
758 2527 885 2550 reorum
900 2528 918 2550 a
932 2519 1128 2559 principibus
1142 2519 1265 2550 veniam
1280 2522 1426 2559 potenter
1440 2517 1656 2557 implorantes,
1673 2525 1756 2548 nunc
1771 2524 1844 2546 con-

224 2566 291 2610 8ilia
303 2568 405 2607 parvis
426 2572 456 2599 et
473 2570 594 2609 magnis
609 2570 830 2610 dispertientes
843 2570 1012 2609 sapienter,
1024 2570 1192 2610 aliquando
1213 2571 1306 2602 etiam
1325 2571 1364 2601 de
1385 2569 1522 2600 minimis
1544 2578 1615 2600 cum
1636 2568 1844 2605 familiaribus,

223 2618 279 2649 sed
291 2627 355 2649 non
366 2619 496 2650 minimo
510 2619 585 2657 sale,
597 2621 751 2660 jocantes,
766 2623 801 2651 ut
813 2619 938 2650 difﬁcile
954 2620 993 2650 sit
1004 2620 1174 2651 admodum
1188 2623 1333 2657 statuere,
1350 2620 1464 2660 quibus
1479 2618 1628 2657 gratiores
1647 2617 1844 2658 utilioresque

224 2669 345 2708 possint
357 2668 499 2706 evadere,
515 2673 621 2700 utrum
634 2669 779 2701 videlicet
795 2669 948 2708 religiosae
963 2669 1127 2707 doctrinae,
1142 2678 1182 2700 an
1197 2669 1354 2700 saecularis
1369 2669 1523 2700 facundia;
1538 2668 1679 2700 curiosis.

262 2722 408 2752 Poemata
423 2729 510 2759 vero,
527 2730 598 2762 quae
614 2731 679 2753 non
693 2722 796 2753 solum
810 2729 954 2758 numero,
969 2721 1023 2752 sed
1038 2721 1119 2752 forte
1128 2721 1257 2759 ingenio
1271 2720 1419 2760 epistolas
1433 2723 1592 2761 superant,
1606 2727 1670 2750 non
1685 2719 1842 2759 captanda:

225 2770 383 2811 popularis
397 2779 492 2809 aura,
508 2780 615 2803 verum
636 2771 858 2812 promovenda
873 2770 996 2812 pietatis
1008 2770 1112 2802 studio
1128 2770 1315 2810 conscripta,
1326 2769 1403 2802 .ideo
1427 2779 1445 2801 a
1464 2770 1555 2801 beato
1570 2769 1701 2800 Doctore
1720 2767 1842 2800 fuerunt

223 2820 410 2860 composita,
425 2820 490 2853 sive
515 2823 550 2853 ut
566 2821 766 2862 Apollinaris,
779 2821 926 2855 haeresim
939 2819 1061 2854 emissis
1071 2820 1104 2852 in
1118 2820 1279 2860 publicum
1293 2820 1434 2853 cantibus
1444 2819 1642 2856 insinuantis,
1657 2818 1842 2851 carmimbus
