1923 3053
193 137 226 167 15
771 134 803 161 Α.
824 134 851 162 Β.
873 134 952 162 CAIL

1064 134 1237 163 ILEFATIO.
1787 139 1820 168 τᾶ

355 195 460 224 Νοιὶιὸα
480 196 600 224 codicum
617 197 713 231 quibus
730 197 757 224 in
772 196 943 224 emendandis
959 195 989 223 S.
1007 196 1127 232 Gregorii
1139 195 1304 232 poematibus
1317 196 1361 225 mi
1373 200 1434 224 sunt
1450 196 1522 225 docti
1537 197 1664 226 editores.

194 254 257 289 Reg.
301 253 376 289 Regii
393 255 496 289 plures,
512 255 557 286 59.
570 255 633 287 990,
647 255 710 287 991,
725 255 788 287 992,
801 255 865 288 995,
880 255 960 288 1277,
973 259 1028 282 etc.

192 290 280 317 Paris.
299 290 415 317 Codices
430 297 462 317 ex
477 290 641 317 bibliotheca
662 290 824 321 Parisiensi,
839 298 913 317 nunc
933 290 1025 324 Regia.

192 325 268 361 ςςοιιι.
303 325 420 361 Codices
432 333 462 351 ex
479 325 644 352 h.hliotheca
664 326 833 358 (lolbcrtinn,
850 326 913 361 item
930 326 1034 360 pariter
1048 333 1121 354 nunc
1137 325 1233 361 Regia.

193 359 253 387 Va‘t.
299 361 390 388 Codex
405 359 498 387 Roma:
511 361 628 388 collatus
643 363 669 388 in
684 361 849 388 bibliotheca
865 359 1009 387 VatiCana.

192 395 280 423 Coisl.
300 395 390 431 Codex
408 404 458 422 ms.
472 404 505 423 ex
521 396 685 423 bibliotheca
701 396 731 423 ι).
749 396 783 423 de
795 396 913 429 Coislin,
927 396 1027 423 deinde
1041 396 1068 423 in
1082 396 1250 424 bibliotheca
1265 395 1294 423 S.
1308 396 1438 424 Germani
1452 404 1467 423 a
1479 395 1581 428 Pratis,
1598 403 1673 424 nunc
1687 396 1714 422 in
1728 395 1820 431 Regia»

335 430 420 458 Habet
432 431 541 471 scholia
550 432 729 471 superlineus
741 432 856 471 scripta.

193 466 269 501 Cliig.
299 465 391 493 Romae
407 466 523 493 collatus
535 466 562 492 in
579 467 744 494 bibliotheca
755 465 968 494 eminentissimi
985 466 1050 494 olim
1064 466 1214 493 cardinalis
1229 465 1318 501 Cbigi.

194 501 290 536 Medic.
303 501 396 528 Codex
415 509 466 529 nis.
482 510 519 529 ει
529 501 693 529 bibliotheca
710 502 836 529 Medicaaa
851 501 1008 529 Florentiae.
1025 501 1157 528 Continet
1171 501 1259 528 multa
1278 505 1402 536 poemata
1419 508 1434 528 a
1455 501 1606 529 Muralorio
1617 501 1701 529 edita.

193 535 273 565 Vind.
298 536 389 564 Codex
406 536 626 565 Vindobouensis
640 537 823 570 bibliothecae,
840 545 875 564 ex
889 545 944 572 quo
958 545 1036 565 suam
1052 537 1201 564 editionem
1213 535 1334 564 confecit
1346 536 1465 565 Tollius.

886 596 996 624 Codice:
1021 596 1121 624 excusi.

218 652 522 716 h(iistiijlpgoutettlitionqu
538 656 659 681 veterum
676 660 738 688 qua:
751 652 833 688 primi
846 652 997 681 voluminis
1010 653 1101 686 initio,
1116 660 1143 688 p.
1164 661 1212 681 xrv
1236 653 1301 690 (col.
1325 652 1383 688 '50).
1409 652 1548 688 leguntur,
1573 653 1663 688 quoad
1689 654 1823 683 carmina,

246 697 279 716 en
335 697 348 715 S
370 697 385 715 Il
414 696 421 714 ἶ

193 692 315 717 addenda
335 692 399 715 sunt
414 696 421 714 :

192 724 262 751 Toll.
295 723 532 786 Toilllliizatlarmina
549 730 651 760 cygnea
664 723 694 752 S.
708 723 846 760 Gregorii,
862 723 891 750 in
903 721 950 750 In;

1072 722 1177 751 itineris
1190 723 1295 756 Italici,
1311 721 1433 758 Trajecli
1453 722 1488 750 ad
1514 722 1652 755 Rhenum,
1669 730 1714 750 an.
1743 721 1824 754 i696,

193 794 291 821 Murat.
301 767 441 822 Millgatorii
455 794 584 821 Analecta
600 792 706 825 Graeca,
717 794 846 824 Padovae.
863 801 906 821 an.
922 793 1002 827 1709,
1021 794 1105 821 in-L“.

191 830 280 857 Gaull.
300 829 422 865 Dionysii
441 829 569 865 Gaullyer
583 829 694 856 collecta
709 829 762 856 divi
777 828 898 864 Gregorii
912 829 1062 861 Poematia,
1078 828 1193 857 Parisiis
1205 836 1251 856 an.
1270 828 1351 861 1718,
1367 827 1458 856 ἱη-12.

230 890 345 920 Omnes
361 888 474 920 horum
489 888 646 926 codicum,
663 889 728 919 sive
751 888 1047 928 manuscriptorum,
1067 888 1131 919 sive
1154 896 1342 919 excusorum
1356 887 1455 919 varias
1473 886 1637 924 lectiones,
1654 886 1739 918 docti
1758 886 1826 917 edi-

189 944 275 972 tores
290 940 438 972 attentius
451 939 641 978 selegerunt,
658 941 690 969 et
704 938 813 969 sedula
819 938 1027 986 .distinctione
1043 938 1232 970 adnotarunt
1247 938 1350 978 primo
1364 937 1398 968 in
1407 937 1547 975 margine
1556 937 1670 967 veteris
1679 936 1827 967 editionis

191 994 341 1031 Billianae,
360 1002 454 1033 quam
471 993 511 1023 ad
524 1000 636 1023 manus
650 991 814 1029 habemus,
826 995 857 1022 et
872 991 987 1023 deinde
1002 991 1036 1022 in
1050 991 1144 1029 notis,
1159 999 1238 1030 quas
1253 990 1292 1021 ad
1305 990 1448 1021 inﬁmum
1463 989 1585 1029 paginae
1600 988 1705 1020 locum
1719 988 1823 1027 diges-

191 1047 310 1081 serunt,
327 1043 455 1078 servatis
470 1043 503 1073 in
519 1046 605 1074 textu
622 1044 725 1074 verbis
740 1052 811 1084 quae
827 1044 865 1074 ad
881 1034 981 1075 sancti
995 1043 1138 1074 Doctoris
1153 1051 1281 1073 sensum
1297 1041 1430 1082 propius
1444 1041 1509 1071 visa
1524 1043 1596 1072 sunt
1610 1040 1771 1071 accedere.

229 1096 267 1127 Π.
283 1095 339 1126 His
353 1094 435 1126 curis
444 1094 484 1125 ad
494 1095 726 1126 emendandum
735 1097 855 1126 textum
865 1095 1024 1132 adhibitis,
1035 1095 1074 1126 de
1088 1094 1232 1126 versione
1242 1094 1417 1132 agitabatur
1429 1091 1574 1133 quaestio,
1587 1093 1693 1121 utrum
1708 1091 1827 1122 scilicet

191 1155 271 1178 nova
285 1146 501 1182 adornaretur,
517 1154 557 1177 an
577 1148 754 1177 servaretur
766 1146 863 1186 prior.
885 1146 1016 1177 Billiana
1036 1145 1240 1186 epistolarum
1257 1143 1485 1184 interpretatio,
1514 1145 1581 1172 tum
1597 1144 1727 1181 propter
1742 1140 1826 1172 docti

191 1198 246 1229 viri
263 1197 479 1234 reverentiam,
495 1200 562 1227 tum
578 1198 709 1236 propter
720 1195 883 1226 sententiae
903 1195 1124 1226 rectitudinem
1144 1198 1174 1225 et
1196 1194 1345 1225 dictionis
1369 1191 1556 1232 elegantiam
1576 1198 1641 1220 non
1664 1189 1824 1226 mutanda,

191 1247 246 1278 sed
262 1247 294 1277 in
309 1245 470 1278 nonnullis
485 1244 684 1276 solummodo
700 1244 892 1284 perﬁcienda
904 1245 968 1275 visa
985 1248 1042 1281 est,
1059 1244 1150 1275 sicuti
1173 1247 1204 1275 et
1227 1244 1261 1274 in
1279 1244 1381 1284 primo
1396 1241 1555 1273 volumine
1571 1241 1654 1272 circa
1669 1241 1827 1271 orationes

191 1298 292 1329 fuerat
302 1297 485 1329 factitatum.
503 1298 572 1328 Non
590 1296 700 1328 eadem
716 1300 819 1328 autem
830 1297 947 1337 placuit
962 1297 1049 1335 ratio,
1069 1296 1196 1337 quando
1212 1296 1251 1327 de
1267 1295 1458 1328 carminibus
1471 1284 1575 1326 actum
1586 1296 1642 1323 est.
1652 1293 1725 1324 Cum
1742 1293 1826 1324 enim

192 1348 300 1379 Dillius
313 1348 490 1379 versionem
506 1347 662 1388 poeticam
676 1346 954 1386 fueritaggressus,
964 1347 1098 1387 itasaepe
1114 1347 1206 1378 metri
1221 1347 1407 1378 necessitate
1422 1345 1480 1376 fuit
1495 1345 1692 1382 constrictus,
1708 1348 1742 1375 ut
1757 1351 1828 1375 sen-

192 1408 261 1430 sum
275 1399 370 1430 modo
384 1397 587 1438 ampliﬁcare,
602 1397 697 1428 modo
713 1400 870 1435 truncare,
887 1406 972 1437 saepe
988 1397 1081 1428 etiam
1092 1397 1141 1428 vel
1157 1397 1302 1433 obscure,
1314 1396 1363 1427 vel
1376 1404 1488 1436 parum
1502 1397 1646 1426 accurate
1656 1403 1828 1434 repraesen-

191 1454 257 1481 tare
273 1452 447 1489 cogeretur.
465 1450 549 1480 Nova
563 1447 669 1487 igitur,
685 1456 756 1488 qua:
770 1450 870 1478 totum
886 1447 1032 1479 redderet
1046 1448 1243 1486 Gregorium,
1261 1447 1334 1478 licet
1349 1446 1490 1487 pedestri
1504 1453 1662 1483 sermone,
1679 1445 1824 1484 require-

191 1502 282 1532 batur
300 1500 517 1540 interpretatio
527 1509 532 1530 :
541 1502 572 1530 et
585 1499 636 1530 hic
643 1499 1120 1538 fuitmagnusBenedictinorum
1131 1499 1286 1530 sodalium
1295 1499 1394 1536 labor,
1407 1506 1504 1538 quem
1513 1497 1609 1528 hodie
1623 1497 1741 1538 publici
1747 1497 1827 1537 juris

191 1549 334 1581 facimus.
348 1548 415 1580 Tali
429 1551 533 1579 autem
549 1547 581 1578 in
597 1548 699 1587 pretio
715 1551 786 1579 sunt
801 1548 883 1578 Billii
896 1548 1046 1586 carmina,
1057 1551 1177 1579 tantum
1188 1549 1351 1588 ingenium
1368 1551 1398 1580 et
1412 1549 1544 1580 sudores
1558 1551 1660 1579 tantos
1677 1548 1825 1588 produnt,

192 1604 227 1631 ut
241 1601 274 1630 in
290 1609 363 1631 eum
377 1599 481 1629 minus
498 1598 633 1631 humane
647 1604 802 1639 ageretur,
820 1601 847 1632 si
861 1601 900 1632 ab
915 1600 974 1632 hac
988 1610 1068 1632 nova
1083 1601 1326 1633 amandarentur
1340 1601 1488 1633 editione.
1504 1601 1594 1632 Unde
1609 1601 1827 1632 Benedictino-

193 1657 263 1680 rum
278 1648 454 1688 proposito,
469 1647 555 1687 quod
575 1648 607 1679 in
624 1657 734 1680 eorum
749 1649 865 1681 chartis
884 1650 1076 1690 descriptum
1094 1650 1282 1688 invenimus,
1302 1650 1436 1682 ﬁdeliter
1455 1652 1647 1690 insistentes,
1663 1652 1826 1684 Billianam

193 1701 370 1732 versionem
385 1699 545 1730 metricam
556 1698 595 1730 ad
607 1698 791 1730 inferiorem
801 1700 925 1739 paginae
941 1699 1115 1739 marginem
1142 1699 1328 1738 dimisimus,
1341 1700 1443 1740 posita
1453 1710 1492 1732 ex
1502 1701 1633 1733 adverso
1644 1702 1827 1741 Gregoriani

195 1755 296 1783 textus
311 1752 453 1792 prosaica
468 1751 608 1791 quidem,
624 1750 680 1782 sed
695 1755 803 1782 exacta
818 1751 917 1790 magis
927 1751 1200 1791 interpretatione.

233 1805 285 1835 III.
301 1805 346 1835 Ex
360 1804 422 1835 hoc
437 1812 523 1840 vero,
540 1805 611 1843 post
625 1804 728 1832 textus
742 1802 984 1839 correctionem,
1001 1805 1031 1833 et
1051 1801 1233 1833 ﬁdelitatem
1248 1802 1417 1840 versionis,
1447 1803 1568 1834 accedit
1601 1803 1732 1834 editioni
1757 1803 1825 1834 cui-

193 1861 320 1893 cunque
334 1853 481 1893 pretium,
499 1851 584 1892 quod
599 1851 700 1882 doctis
714 1852 906 1890 argumentis
923 1854 954 1882 et
970 1851 1094 1882 selectis
1108 1851 1279 1882 instruatur
1293 1853 1386 1890 notis,
1402 1855 1469 1883 tum
1488 1852 1535 1885 ad.
1547 1852 1732 1884 elucidanda
1755 1861 1826 1893 quat

194 1903 327 1935 obscura
342 1905 425 1940 sunt,
440 1905 506 1933 tum
522 1901 561 1932 ad
577 1901 751 1932 revocanda
768 1901 802 1931 in
821 1901 975 1932 lectorum
990 1901 1175 1932 memoriam
1193 1909 1264 1941 quae
1287 1901 1325 1932 ad
1348 1901 1492 1932 historias
1505 1910 1608 1933 sacras
1628 1905 1658 1932 et
1679 1901 1828 1942 profanas

194 1951 384 1988 referuntur,
399 1953 466 1981 tum
481 1949 519 1981 ad
532 1949 726 1988 indigitanda
741 1958 811 1990 quin
823 1950 917 1981 ﬁdem
931 1953 1064 1990 possunt
1079 1951 1265 1982 confirmare
1279 1954 1309 1981 et
1322 1951 1486 1983 hmreticas
1500 1953 1679 1984 subvertere
1693 1952 1826 1990 fabulas,

193 2006 260 2035 tum
274 2003 313 2034 ad
326 2002 510 2044 explicanda
525 2008 722 2042 quaecunque
737 2000 958 2038 cognoscenda
973 2003 1045 2031 sunt
1058 2001 1140 2032 circa
1155 2009 1264 2039 genus,
1280 2001 1374 2032 vitam
1389 2005 1419 2033 et
1430 2003 1530 2034 varias
1547 2003 1710 2034 hominum
1725 2003 1826 2044 dotes,

195 2061 320 2084 necnon
337 2055 367 2083 et
381 2052 463 2082 circa
477 2051 619 2081 locorum
637 2052 668 2080 et
683 2049 836 2080 factorum
849 2049 1025 2080 varietates.
1041 2050 1128 2086 Quod
1143 2050 1271 2090 quidem
1285 2052 1419 2090 pretium
1438 2051 1512 2083 huic
1528 2053 1739 2084 Benedictinae
1758 2053 1824 2084 edi-

196 2103 274 2134 tioni
300 2103 429 2133 minime
457 2101 566 2132 deesse
603 2101 725 2133 facilius
754 2101 905 2138 advertet,
931 2101 1075 2141 quisquis
1101 2105 1193 2133 notas
1221 2104 1252 2132 et
1278 2106 1464 2142 argumenta
1495 2103 1544 2135 vel
1573 2105 1689 2136 cursim
1720 2104 1826 2145 legere

195 2155 338 2186 voluerit.

234 2206 284 2236 IV.
300 2204 346 2235 Ad
359 2204 420 2235 hoc
434 2203 555 2235 accedit
569 2202 727 2242 sapienter
741 2202 879 2241 digestus
891 2201 1093 2233 materiarum
1109 2201 1200 2239 ordo,
1216 2203 1259 2233 ita
1274 2202 1392 2234 scilicet
1407 2206 1442 2234 ut
1454 2203 1595 2244 epistola
1602 2204 1690 2244 juxta
1705 2205 1828 2236 metho-

196 2257 272 2288 dum
285 2256 541 2295 chronologieam
555 2254 677 2295 positae,
695 2254 808 2285 seriem
823 2254 960 2285 historica
970 2254 1059 2294 juxta
1069 2258 1196 2294 tempus
1206 2254 1369 2292 evolvam;
1386 2255 1523 2286 carmina
1538 2262 1611 2285 vero
1628 2255 1669 2286 ita
1682 2255 1720 2286 ad
1737 2263 1828 2295 argu-

196 2311 375 2339 mentorum
390 2309 576 2338 revocentur
589 2308 831 2344 connexionem,
849 2310 894 2344 ut,
907 2316 979 2338 cum
994 2307 1033 2339 de
1050 2307 1207 2338 historicis
1220 2307 1332 2346 agitur,
1349 2308 1427 2339 ordo
1444 2307 1686 2346 chronologicus
1701 2307 1826 2345 iterum,

197 2363 348 2401 quantum
358 2359 390 2390 in
400 2358 449 2389 his
459 2357 526 2388 ﬁeri
535 2361 650 2396 potest,
664 2358 799 2389 ﬁdeliter
811 2361 998 2395 asservetur,
1007 2358 1047 2389 iis
1060 2358 1217 2395 omnibus,
1230 2366 1365 2398 quorum
1375 2361 1500 2399 tempus
1510 2357 1640 2389 dubium
1651 2362 1825 2398 permanet,

197 2413 236 2444 ad
251 2412 369 2443 calcem
385 2409 546 2449 ablegatis.

235 2463 272 2493 V.
289 2461 347 2492 Hic
367 2460 584 2500 subjungimus
604 2458 681 2489 duas
704 2457 833 2488 maximi
849 2457 1002 2488 momenti
1015 2457 1246 2495 adnotationes,
1265 2467 1344 2498 quas
1364 2467 1403 2489 ex
1421 2459 1535 2491 chartis
1554 2460 1826 2492 Benedictinorum

197 2513 416 2553 manuscriptis
440 2511 618 2543 habuimus.
644 2510 733 2540 Prior
746 2509 788 2540 ita
811 2518 845 2540 se
860 2509 974 2540 habet:
989 2521 1002 2537 α
1019 2508 1065 2540 Ad
1080 2509 1198 2540 calcem
1214 2518 1347 2550 operum
1363 2511 1393 2540 S.
1409 2511 1562 2550 Gregorii,
1577 2515 1663 2544 tomo
1686 2513 1826 2545 secundo

199 2576 214 2592 «
229 2563 392 2603 utriusque
402 2562 548 2594 editionis
564 2561 802 2592 Graeco—Latinae
818 2561 943 2592 Parisiis
957 2562 1036 2593 datm
1050 2562 1141 2593 annis
1158 2561 1232 2592 1609
1243 2565 1274 2593 et
1289 2562 1375 2600 1630,
1392 2563 1467 2594 editi
1483 2568 1566 2602 sunt,
1578 2566 1683 2596 Latine
1693 2569 1826 2602 tantum,

200 2627 215 2642 ιι
232 2615 308 2646 varii
327 2614 359 2644 in
378 2613 507 2653 praefata
521 2619 618 2652 opera
637 2610 866 2647 commentarii,
886 2618 903 2641 e
925 2611 1034 2642 Graeco
1054 2619 1199 2642 sermone
1218 2611 1251 2642 in
1276 2612 1418 2642 Latinum
1442 2615 1596 2651 conversi,
1617 2614 1735 2646 scilicet
1751 2615 1826 2645 Elite

200 2678 214 2693 «
232 2664 396 2699 Cretensis,
413 2663 528 2694 Nicetes
542 2664 572 2692 et
584 2659 689 2697 Pselli,
711 2659 824 2690 additis
834 2659 1022 2699 quibusdam
1033 2661 1062 2690 Ι.
1078 2660 1161 2691 Billii
1175 2660 1313 2692 schohis.
1326 2662 1400 2692 Cum
1411 2665 1515 2693 autem
1529 2664 1567 2695 ad
1579 2665 1761 2697 scribendas
1775 2665 1828 2696 ad-

200 2726 214 2742 ‹‹
232 2713 425 2747 notationes,
442 2711 556 2751 quibus
578 2709 716 2741 abundat
735 2717 814 2740 nova
839 2708 906 2740 haec
929 2708 1036 2746 editio,
1056 2718 1093 2740 ea
1112 2711 1409 2742 commentariorum
1431 2720 1467 2742 ac
1490 2713 1681 2745 scholiorum
1702 2716 1827 2747 ubertas

200 2779 214 2795 ε
232 2766 348 2808 passim
362 2765 499 2797 adhibita
514 2763 564 2801 sit,
579 2771 715 2803 cumque
729 2771 768 2794 e1
785 2762 823 2793 iis
837 2762 869 2793 id
894 2770 988 2793 omne
1009 2761 1103 2793 fuerit
1117 2766 1312 2803 excerptum,
1328 2764 1414 2803 quod
1436 2764 1475 2795 ad
1491 2765 1522 2794 S.
1538 2764 1678 2796 Doctoris
1693 2773 1826 2805 operum

201 2830 214 2846 α
230 2817 466 2857 intelligentiam
480 2814 658 2847 conducere
671 2815 804 2852 poterat,
821 2811 860 2842 ab
874 2811 1016 2851 ipsismet
1026 2812 1259 2843 commentariis
1273 2815 1304 2843 et
1318 2812 1445 2844 scholiis
1458 2813 1570 2845 iterum
1583 2813 1714 2845 edendis
1729 2815 1827 2846 absti-

199 2882 213 2899 α
232 2869 371 2902 nendum
384 2878 452 2902 esse
464 2867 620 2902 duximus,
637 2873 678 2896 ne
696 2867 798 2896 actum
812 2871 905 2903 agere
920 2862 1108 2900 videremur,
1125 2865 1220 2904 atque
1234 2863 1326 2895 etiam
1343 2863 1447 2895 nimiis
1462 2864 1638 2904 sumptibus
1653 2868 1825 2906 emptores,
