1923 3053
121 175 156 203 ΓΙ
696 173 729 201 Δ.
749 173 779 202 Β.
799 173 879 202 CAIL

991 172 1169 200 ’REFATIO.
1717 171 1750 200 18

122 254 138 272 ε
155 245 187 274 et
200 251 278 274 vano
289 241 396 274 labore
413 242 547 275 lectores
563 252 761 283 gravaremus
788 245 892 275 Pauca
907 247 1026 275 tantum
1040 243 1091 274 hic
1103 243 1243 276 dicemus
1259 244 1298 276 de
1315 243 1410 276 modo
1422 242 1601 275 memoratis
1615 242 1748 282 scripto-

123 305 138 322 α
155 293 251 324 ribus.
266 293 359 331 Elias,
377 294 531 325 Cretensis
545 294 754 334 metropolita,
773 298 885 325 octavo
900 294 1016 325 saeculo
1032 294 1155 334 scripsit
1176 294 1435 326 commentarium
1459 295 1493 326 in
1519 294 1660 334 Gregorii
1683 302 1750 325 ora-

123 346 257 377 «tiones
286 345 515 376 novemdecim.
537 343 672 379 Nicetas,
698 347 912 382 cognomento
934 343 1159 383 Philosophus,
1183 344 1320 384 primum
1348 343 1517 385 episcopus
1539 344 1696 381 Serronis,
1711 353 1749 376 ac

123 409 139 426 ι
155 397 269 429 deinde
286 397 542 438 archiepiscopus
557 395 729 432 Heraclea),
743 395 915 426 undecimo
931 395 1048 426 saeculo
1061 395 1186 436 scripsit
1201 397 1459 428 commentarium
1474 398 1507 428 in
1520 397 1661 437 Gregorii
1676 405 1747 428 ora-

123 459 138 476 ι
156 448 259 479 tiones
274 447 444 484 sexdecim,
462 450 492 478 et
506 447 633 478 brevem
645 447 678 477 in
692 446 837 486 quaedam
852 449 920 486 ejus
934 450 1080 487 poemata
1096 447 1337 480 enarrationem.
1353 448 1484 487 Psellus,
1504 452 1535 480 et
1551 449 1620 490 ipse
1632 457 1749 488 cogno-

123 512 139 529 ε
154 502 260 530 mento
274 497 493 537 Philosophus,
509 496 677 527 undecimo
692 496 785 527 etiam
799 495 916 527 saeculo
931 496 1055 536 scripsit
1063 495 1204 528 libellum
1213 496 1253 528 de
1266 496 1437 530 dilIicilium
1452 499 1592 538 Gregorii
1605 499 1746 530 locorum

123 565 138 581 α
154 552 324 583 intellectu.
340 550 429 587 Quod
442 550 551 581 attinet
560 548 600 580 ad
612 548 760 579 Basilium
775 548 862 579 illum
875 548 933 589 qui-
950 557 1034 588 saepe
1046 548 1078 579 in
1094 548 1176 580 notis
1189 548 1265 580 tomi
1276 549 1368 589 primi
1378 548 1471 589 hujus
1482 549 1627 584 editionis
1637 549 1748 581 citatus

123 616 138 631 ι
156 607 212 641 est,
227 603 266 640 is,
281 601 428 633 Ecclesiae
443 599 640 632 Caesariensis
663 600 801 636 antistes,
822 599 945 630 decimo
971 599 1088 630 saeculo
1112 599 1237 640 scripsit
1256 599 1376 631 scholia
1388 600 1420 630 in
1435 599 1576 639 Gregorii
1591 599 1748 633 orationes

123 666 138 682 ι
155 653 359 694 quadraginta
370 652 469 689 duas;
496 660 567 692 quae
580 651 709 692 quidem
728 649 848 681 scholia
858 649 1071 690 manuscripta
1091 652 1212 680 exstant
1221 650 1345 681 Parisiis
1359 650 1391 681 in
1405 649 1594 681 bibliotheca
1606 649 1713 688 Regia.
1732 661 1746 676 ι›

160 704 318 735 Posterior
327 705 431 734 autem
442 702 491 734 his
507 702 610 734 verbis
623 701 815 742 concipitur:
834 712 848 727 ιι
865 701 957 731 Foret
973 700 1024 731 hic
1039 700 1128 732 locus
1138 700 1331 741 exsequendi
1344 700 1456 732 factam
1466 701 1499 732 in
1513 699 1748 739 Prolegomenis

123 768 138 784 ε
153 757 230 787 tomi
248 757 342 797 primi
357 756 450 796 hujus
473 755 618 786 editionis
647 754 717 794 (col.
736 754 799 796 38),
828 757 1084 796 promissionem,
1109 759 1140 787 et
1164 764 1216 787 eas
1240 764 1350 787 omnes
1372 755 1552 794 diligentius
1572 754 1747 794 fortiusque

122 819 136 835 α
156 807 329 847 repellendi
354 805 598 841 criminationes,
617 804 732 844 quibus
750 804 941 844 Gregoriana
960 805 1103 837 doctrina
1125 804 1298 836 identidem
1322 804 1380 835 fuit
1397 813 1419 835 a
1432 804 1525 835 variis
1544 803 1747 844 scriptoribus

123 871 136 887 ιι
154 858 305 898 impetita.
324 857 453 894 Verum,
472 864 507 886 re
530 855 681 886 maturius
700 855 906 893 considerata,
922 863 1170 895 supervacancas
1184 855 1336 895 ejusmodi
1360 854 1607 886 concertationes
1622 862 1640 885 a
1655 854 1747 886 nobis

123 922 136 937 α
153 918 222 941 esse
236 908 401 948 fugiendas
416 906 677 944 existimavimus;
694 906 950 947 quandoquidem
961 907 1183 946 Gregorianam
1197 906 1370 938 doctrinam
1388 907 1429 938 ita
1450 906 1588 938 defendit
1602 910 1746 939 constans

122 973 136 989 ιι
154 959 300 991 Ecclesiae
315 958 477 990 catholicae
492 957 688 997 approbatio,
704 959 738 987 ut
753 956 838 987 nulla
850 957 971 988 ratione
988 957 1078 988 nobis
1094 957 1312 988 defensoribus
1324 957 1473 996 indigeat.
1496 970 1509 985 »

159 1009 239 1041 Hinc
262 1009 353 1040 facile
374 1008 518 1047 intelligit
549 1007 656 1044 lector,
674 1007 915 1047 praetermissam
935 1016 953 1038 a
975 1007 1075 1039 doctis
1091 1007 1263 1039 editoribus
1279 1007 1539 1047 dissertationem,
1554 1017 1572 1040 a
1587 1009 1677 1041 nobis
1691 1010 1748 1041 mi-

122 1061 205 1092 nime
220 1059 445 1098 attingendam.

806 1135 1017 1165 ARTICULUS
1041 1135 1090 1165 IV.

575 1208 618 1238 De
633 1207 750 1238 nostris
769 1208 802 1238 in
818 1208 935 1238 edendo
952 1208 1009 1238 hoc
1027 1207 1181 1238 volumine
1195 1209 1290 1239 curis.

160 1281 282 1312 Grande
296 1282 336 1313 ad
350 1281 410 1313 hoc
425 1289 506 1321 opus
519 1289 592 1312 cum
607 1289 718 1311 manus
734 1279 872 1320 primum
888 1280 1120 1318 admoveretur,
1137 1280 1278 1321 quinque
1293 1283 1324 1312 et
1339 1280 1467 1320 quidem
1482 1282 1642 1322 praecipua
1656 1282 1748 1315 nobis

121 1332 310 1371 perﬁcienda
322 1341 499 1369 occurrere,
515 1339 631 1372 nempe
649 1331 675 1362 1°
693 1339 804 1362 omnes
819 1331 985 1363 doctorum
995 1331 1271 1362 Benedictinorum
1286 1331 1407 1362 chartas
1409 1332 1500 1371 juxta
1508 1332 1693 1363 methodum
1709 1333 1748 1364 ab

121 1385 159 1415 iis
169 1383 355 1422 assignatam
371 1384 528 1424 ritumque
538 1383 571 1414 in
585 1383 688 1423 primo
703 1382 862 1414 volumine
878 1383 1060 1420 admissum,
1077 1383 1242 1420 ordinare;
1260 1383 1288 1414 2°
1298 1384 1421 1414 mendis
1435 1384 1668 1425 typographicis
1682 1385 1750 1416 dili-

121 1435 244 1474 gentius
256 1435 450 1474 corrigendis
462 1434 572 1466 sedulo
586 1434 769 1474 invigilare;
785 1434 814 1465 3°
830 1437 951 1465 veteres
964 1434 1104 1474 poeticas
1119 1434 1279 1465 versiones
1297 1435 1329 1466 in
1344 1435 1449 1468 multis
1463 1444 1480 1466 a
1495 1436 1636 1476 priorum
1648 1436 1748 1467 edito-

122 1494 191 1516 rum
205 1486 325 1517 incuria
338 1486 526 1517 deformatas
541 1485 579 1517 ad
593 1485 683 1517 metri
708 1484 900 1525 rationisque
916 1494 1060 1516 normam
1079 1493 1237 1523 revocare,
1253 1489 1305 1517 aut
1323 1486 1431 1518 saltem
1445 1487 1571 1518 illorum
1583 1487 1750 1526 indigitare

121 1533 278 1572 defectus;
294 1535 323 1566 4·
339 1544 450 1566 novam
465 1536 621 1576 poeticam
636 1535 812 1566 versionem
830 1534 978 1572 condere,
994 1543 1056 1575 qua
1074 1535 1189 1566 Latinis
1204 1535 1392 1567 carminibus
1415 1537 1666 1577 exprimerentur
1681 1546 1748 1568 car-

123 1585 206 1616 mina
230 1588 302 1624 post
325 1585 449 1616 Billium
464 1585 596 1617 aTollio
612 1588 642 1616 et
655 1585 825 1616 Muratorio
845 1585 880 1616 in
904 1584 1007 1616 lucem
1031 1584 1159 1621 emissa;
1183 1585 1210 1614 5°
1225 1585 1346 1618 indices
1362 1586 1514 1619 adornare
1539 1587 1750 1628 locupletissi-

123 1644 202 1673 mos,
215 1636 303 1676 juxta
318 1635 493 1676 perfectum
507 1636 601 1676 primi
613 1635 781 1667 voluminis
797 1634 968 1675 exemplar.

160 1698 185 1728 Ι.
199 1698 315 1728 Omnes
329 1697 604 1728 Benedictinorum
624 1696 750 1734 chartas,
763 1705 834 1737 quae
844 1697 883 1728 ab
895 1697 1042 1728 omnibus
1052 1697 1152 1729 videri
1161 1700 1294 1738 possunt
1305 1697 1389 1738 apud
1399 1697 1434 1729 D.
1445 1699 1750 1734 Parent-Desbarres,

121 1748 161 1779 ad
173 1748 231 1779 tria
246 1747 348 1788 capita
362 1750 495 1788 possunt
509 1747 665 1785 revocari;
682 1755 818 1788 quorum
831 1747 864 1778 in
879 1747 982 1787 primo
996 1747 1196 1788 reperiuntur
1209 1747 1270 1778 illa:
1283 1756 1354 1788 quaa
1374 1748 1551 1788 sequendas
1564 1750 1597 1780 in
1612 1749 1750 1780 editione

122 1798 246 1839 regulas
264 1799 419 1836 indicant;
438 1799 472 1830 in
490 1799 630 1830 secundo
644 1801 749 1830 autem
766 1801 855 1830 vetus
878 1799 1008 1829 Billiana
1021 1799 1128 1837 editio,
1143 1799 1231 1839 cujus
1252 1799 1286 1830 in
1307 1799 1447 1839 margine
1470 1800 1575 1840 plures
1590 1800 1750 1840 signantur

123 1851 277 1883 variantes
290 1859 362 1882 cum
376 1850 469 1881 variis
481 1850 736 1882 adnotationibus
745 1850 918 1888 lectiones;
944 1850 978 1881 in
1001 1851 1094 1882 tertio
1119 1850 1245 1882 demum
1265 1851 1333 1892 ipsa
1355 1851 1629 1884 Benedictinorum
1649 1853 1750 1884 versio

122 1901 240 1937 Latina,
257 1909 330 1931 cum
345 1900 427 1931 notis
451 1900 667 1938 exactissimis,
686 1900 721 1931 in
736 1900 852 1940 quibus
869 1901 952 1931 inter
968 1900 1028 1932 alia
1049 1904 1254 1932 recensentur
1272 1901 1378 1932 omnia
1391 1902 1504 1932 menda
1517 1910 1588 1941 quae
1606 1902 1640 1932 in
1660 1902 1752 1934 editis

123 1950 376 1992 praecedentibus
390 1954 569 1988 occurrunt,
585 1953 616 1982 et
630 1950 723 1982 simul
736 1951 831 1983 verba
846 1960 929 1991 quae,
949 1960 988 1982 ex
1012 1951 1236 1992 probatissimis
1249 1951 1411 1983 codicibus
1424 1955 1569 1989 extracta,
1585 1951 1618 1983 in
1641 1961 1750 1984 eorum

124 1999 229 2031 locum
244 1999 472 2031 introducenda
482 1999 637 2038 videntur,
648 2002 683 2032 ut
695 2009 793 2040 purus
810 2004 949 2040 emergat
961 2004 1066 2032 textus
1077 2004 1108 2031 et
1122 2001 1254 2040 integer.
1268 2001 1348 2032 Solus
1365 2001 1506 2041 epistolae
1517 2001 1549 2032 in
1561 2010 1626 2033 uno
1641 2002 1751 2033 codice

123 2051 267 2082 Graecum
280 2053 399 2082 textum
410 2050 526 2082 habent
539 2058 635 2082 manu
648 2052 878 2092 conscriptum;
893 2051 949 2083 sed
961 2052 1012 2083 hic
1027 2060 1127 2082 novus
1137 2052 1308 2083 exsurrexit
1321 2051 1419 2089 labor,
1434 2061 1505 2083 cum
1517 2051 1577 2083 hoc
1591 2053 1752 2093 exemplar

125 2109 220 2132 manu
234 2101 339 2131 minus
353 2100 444 2132 docta
467 2104 639 2139 exaratum,
656 2101 762 2132 multis
776 2102 859 2133 circa
873 2105 1022 2133 accentus
1036 2102 1159 2133 mendis
1176 2102 1331 2134 scaturiat.
1344 2102 1425 2133 Hinc
1440 2104 1524 2133 certa
1536 2111 1607 2134 cum
1621 2103 1750 2135 rectitu-

125 2153 209 2190 dine,
222 2153 278 2184 sed
290 2161 354 2184 non
367 2153 434 2184 sine
448 2156 591 2184 accurata
605 2153 776 2193 diligentia,
785 2153 856 2185 data
868 2154 959 2186 nobis
969 2154 1100 2186 facultas
1115 2155 1286 2194 genuinum
1298 2154 1542 2194 reprmsentandi
1555 2155 1749 2194 Gregorium.

125 2205 222 2236 Nobis
237 2205 333 2242 enim,
350 2208 415 2236 tum
426 2208 545 2236 veteres
556 2205 710 2237 editiones
726 2215 798 2237 cum
815 2206 998 2238 recentioris
1008 2206 1261 2238 adnotationibus
1275 2206 1469 2244 conferendi,
1486 2210 1552 2238 tum
1567 2211 1751 2241 accentuum

126 2257 214 2296 signa
229 2255 425 2296 perﬁciendi,
440 2258 506 2286 tum
522 2255 670 2296 epistolas
685 2260 715 2287 et
724 2256 862 2288 carmina
876 2256 916 2288 ad
932 2265 1048 2288 novum
1064 2257 1206 2288 ordinem
1219 2256 1402 2294 reducendi,
1416 2257 1584 2288 necessitas
1597 2257 1749 2288 incubuit.

127 2308 271 2344 Quamvis
284 2311 388 2339 autem
402 2307 512 2339 doctos
525 2307 663 2339 editores
677 2309 788 2340 merita
803 2309 1016 2347 veneratione,
1027 2312 1062 2340 ut
1075 2308 1178 2346 decet,
1193 2316 1319 2348 semper
1332 2311 1363 2339 et
1378 2308 1750 2349 ubique‘prosequamur,

128 2368 194 2391 non
204 2360 364 2400 potuimus
375 2363 480 2391 tamen
493 2359 662 2398 abstinere,
675 2361 752 2401 quin
764 2369 886 2392 errores
899 2360 1051 2401 quosdam
1061 2361 1093 2391 in
1103 2359 1338 2400 interpretando
1348 2368 1413 2391 non
1424 2360 1496 2391 satis
1507 2359 1750 2396 animadversas,

128 2411 177 2442 vel
189 2411 349 2449 adnotare,
361 2411 410 2442 vel
421 2412 513 2442 etiam
524 2411 682 2450 corrigere
694 2411 893 2448 auderemus,
908 2419 967 2451 pro
990 2414 1076 2443 certo
1100 2410 1252 2442 habentes
1280 2410 1420 2441 futurum
1445 2410 1552 2447 fuisse,
1570 2412 1603 2440 ut
1614 2409 1680 2440 illas
1691 2409 1748 2449 ipsi

129 2463 364 2495 emendationes
389 2463 599 2501 admisissent,
626 2472 699 2495 cum
722 2463 953 2503 diligentiorem
972 2463 1187 2495 adhibuissent
1201 2463 1352 2495 animum.
1376 2464 1412 2494 In
1433 2462 1600 2502 deligendo
1622 2463 1752 2503 insuper

127 2513 229 2545 varias
250 2513 412 2551 lectiones,
429 2521 494 2544 non
508 2513 582 2544 satis
595 2513 795 2544 attenderunt
809 2513 848 2545 ad
863 2514 967 2554 poesis
981 2516 1128 2551 metrum,
1144 2513 1229 2544 unde
1243 2513 1321 2544 illud
1336 2513 1452 2553 saepius
1465 2512 1574 2544 lassum
1588 2513 1750 2544 restituere

128 2566 340 2598 necessarium
354 2574 419 2597 non
432 2565 588 2597 immerito
601 2565 701 2597 visum
715 2568 779 2597 est:
795 2574 975 2606 quanquam
990 2568 1021 2596 et
1033 2566 1066 2596 in
1081 2565 1269 2605 quibusdam
1286 2564 1455 2604 aliquando
1469 2563 1585 2595 nullam
1600 2563 1750 2594 emenda-

129 2617 249 2648 tionem
283 2616 444 2657 potuimus
474 2616 637 2654 adhibere,
665 2625 721 2648 seu
750 2617 824 2657 quia
841 2617 910 2658 ipse
933 2620 1027 2657 poeta
1048 2617 1108 2648 sibi
1126 2616 1271 2648 nonnihil
1298 2615 1438 2653 indulsit,
1467 2624 1523 2646 seu
1539 2615 1612 2655 quia
1637 2624 1750 2646 manu-

130 2668 238 2708 scripti
251 2668 378 2700 codices
390 2668 513 2700 mendis
522 2668 688 2700 deformati
701 2669 779 2700 nihil
790 2669 939 2700 exhibent
951 2677 1013 2708 quo
1038 2668 1187 2699 mendum
1200 2670 1294 2708 queat
1305 2666 1458 2698 resarciri.
1473 2666 1585 2697 Sileam
1599 2658 1752 2697 adhibitis

131 2727 148 2748 a
168 2718 261 2749 nobis
275 2727 377 2756 curas,
396 2718 460 2749 sive
472 2718 512 2750 ad
532 2718 704 2758 eligendos,
719 2719 753 2749 in
772 2722 924 2759 quantum
939 2719 1005 2750 fieri
1026 2721 1159 2758 poterat,
1175 2726 1267 2758 pares
1287 2717 1443 2748 veteribus
1463 2717 1668 2753 characteres,
1687 2715 1751 2746 sive

132 2769 171 2799 ad
191 2769 394 2809 quaerendam
416 2777 481 2800 non
500 2769 679 2801 inferiorem
703 2770 855 2807 chartam,
873 2770 936 2800 sive
956 2770 1083 2800 demum
1107 2768 1147 2799 ad
1169 2768 1355 2800 servandum
1379 2770 1612 2799 antecessorum
1631 2773 1751 2797 morem

133 2818 243 2850 breves
255 2819 289 2850 in
304 2820 445 2860 margine
459 2820 628 2852 sententias
643 2821 848 2859 rescribendi,
864 2820 949 2860 quod
963 2820 1057 2852 hodie
1069 2819 1194 2851 nonnisi
1204 2819 1383 2851 difﬁcillime
1398 2827 1414 2849 a
1434 2817 1637 2857 typographis
1650 2819 1755 2856 potest

134 2870 325 2910 extorqueri.
1759 2872 1768 2878 '
