1923 3053
166 116 199 144 19
739 117 771 144 Α.
793 117 823 144 Β.
840 117 925 145 CAlLl

1034 116 1197 145 RAEFATIO
1753 115 1789 144 20

205 177 241 206 [Ι.
260 176 323 206 Nec
338 184 462 215 parvus,
479 184 538 206 nec
557 174 656 206 facilis
672 175 762 206 labor
777 185 887 207 eorum
907 176 1020 207 menda
1045 176 1201 215 corrigere
1214 184 1222 213 ;
1244 176 1329 207 unde
1349 175 1524 207 mirandum
1541 175 1716 207 nullatenus
1732 175 1791 205 erit

164 227 369 265 doctioribus,
386 227 412 257 si
424 227 575 258 nonnulla
590 231 729 258 nostram
744 227 838 258 etiam
854 236 938 259 nunc
951 227 1143 267 vigilantiam
1157 227 1337 265 fefellerint,
1354 237 1424 267 quae
1437 231 1543 258 tamen
1557 227 1596 258 ad
1607 227 1725 258 calcem
1738 236 1790 257 re-

164 281 296 309 tractare
308 278 412 309 conati
426 287 544 316 sumus,
561 278 724 308 utilitatem
738 281 915 318 quaerentes
931 278 1036 318 potius
1050 287 1144 318 quam
1160 277 1274 309 erroris
1295 277 1449 317 pudorem
1464 277 1712 308 reformidantes.
1729 276 1790 307 Sed

164 331 198 358 ut
213 328 347 359 rariores
357 328 461 359 forent
474 328 523 359 isti
534 328 686 365 defectus,
703 337 769 359 non
783 329 898 360 nostris
909 328 1011 360 solum
1027 337 1066 359 ex
1080 328 1197 359 viribus
1212 327 1480 368 praesumpsimus,
1495 327 1604 358 doctos
1618 331 1721 358 autem
1731 326 1789 357 ad-

163 379 342 410 vocavimus
356 379 524 418 adjutores,
539 379 622 409 inter
633 387 712 419 quos
720 379 805 419 justa
819 388 890 410 cum
905 379 997 410 laude
1011 379 1145 410 referam
1165 379 1294 411 nomina
1313 379 1347 411 D.
1361 379 1466 415 Cirier,
1483 379 1548 418 jam
1570 382 1660 409 antea
1682 379 1790 417 Regia:
1829 403 1832 412 ,

163 427 384 468 typographiaa
407 427 535 464 addicti,
555 435 682 458 necnon
706 431 736 458 et
754 427 788 457 D.
808 427 933 467 Doquin
957 427 996 458 de
1017 428 1229 465 Saint-Preux,
1252 428 1285 458 in
1309 427 1497 459 bibliotheca
1519 427 1616 466 Regia
1639 427 1790 459 librorum

165 478 314 514 custodis,
337 481 368 508 et
389 477 424 507 D.
440 476 613 514 Valatours,
631 477 665 508 in
679 477 813 516 collegio
827 477 1005 508 Borbonico
1019 477 1173 508 notissimi
1187 477 1387 517 professoris,
1404 477 1459 518 qui
1473 477 1536 508 sive
1550 477 1584 507 in
1599 480 1666 508 toto
1680 486 1788 517 opere,

165 531 229 562 sive
244 531 275 561 in
291 530 395 570 aliqua
405 530 472 570 ejus
486 534 573 569 parte
589 539 661 561 suas
676 530 840 561 nobiscum
856 539 945 561 curas
955 530 1265 561 communicaverunt

206 591 259 621 III.
273 590 365 628 Billii,
383 590 578 621 Leuvenclaii
594 593 624 621 et
641 591 781 622 Federici
795 590 915 622 Morelli
928 590 1079 630 poeticas,
1092 594 1144 621 aut
1154 591 1258 631 potius
1270 591 1413 622 metricas
1423 591 1582 623 versiones
1596 590 1634 621 ad
1647 590 1790 621 infimum

166 644 351 683 paginarum
367 643 539 681 marginem
554 642 739 680 dimisimus,
756 652 892 683 quorum
910 643 1030 682 primus
1044 642 1178 674 feliciter
1192 652 1287 683 saepe,
1303 643 1365 674 duo
1381 646 1485 674 autem
1500 642 1691 682 posteriores
1704 650 1790 681 sepe

165 693 322 724 infelicius
337 693 494 732 egregiam
511 693 653 732 Gregorii
682 693 804 732 poesim
831 693 865 724 in
891 694 1031 724 Latinam
1055 703 1176 724 musam
1191 693 1388 724 transtulere.
1402 694 1447 723 Ita
1461 695 1565 723 autem
1579 695 1724 733 corrupta
1740 702 1790 723 su-

165 748 297 786 persunt
309 746 438 776 istarum
453 745 633 776 versionum
655 745 856 785 exemplaria,
879 748 911 776 ut
929 754 1012 785 saepe
1034 745 1157 776 deﬁciat
1175 749 1322 783 metrum,
1339 747 1370 776 et
1383 744 1488 775 nullus
1512 744 1605 775 etiam
1620 743 1790 783 aliquando

166 805 278 828 sensus
294 796 393 836 possit
407 795 612 835 deprehendi.
628 795 755 832 Quoties
770 795 936 826 deﬁciebat
959 805 1082 832 sensus,
1098 795 1186 826 illum
1209 803 1354 835 reparare
1374 794 1561 832 studuimus,
1577 803 1643 825 non
1667 802 1792 834 semper

164 851 268 880 autem
293 851 466 879 restaurare
484 851 630 885 metrum,
648 848 773 888 quoties
792 847 927 879 deficere
941 848 1118 885 videbatur;
1145 848 1201 878 sed
1224 847 1392 888 aliquando
1415 846 1555 878 defectus
1575 847 1708 885 signare,
1732 845 1790 877 ali-

165 897 291 938 quando
308 897 464 936 corrigere
480 906 586 937 operaa
604 898 740 937 pretium
755 897 912 929 duximus.
931 898 1084 929 Neutrum
1103 901 1207 929 autem
1225 897 1368 935 fecimus,
1386 897 1447 928 nisi
1466 896 1582 927 variato
1599 895 1790 933 charactere,

165 952 196 979 et
219 950 391 981 mutatione
416 951 450 981 in
475 950 558 981 notis
581 949 725 981 indicata.
750 951 828 980 Sunt
839 950 931 981 etiam
946 958 1054 981 versus
1081 950 1136 990 qui
1158 953 1211 981 aut
1239 950 1421 987 omissione,
1444 952 1497 980 aut
1523 948 1792 989 typographorum

164 1001 297 1039 incuria,
323 1002 406 1042 apud
437 1002 561 1033 Billium
588 1002 862 1039 desiderabantur;
891 1001 963 1033 illos
986 1001 1147 1042 supplere,
1171 1001 1402 1033 characteribus
1430 1001 1543 1041 iterum
1571 1000 1705 1037 variatis,
1733 1008 1791 1030 cu-

165 1058 300 1081 ravtmus
305 1073 311 1080 ι

203 1113 255 1143 1V.
283 1114 362 1150 Quin
376 1114 416 1144 ad
431 1117 565 1153 quatuor
591 1114 688 1144 millia
711 1117 742 1144 et
767 1114 902 1155 amplius
922 1115 1053 1154 assurgit
1076 1123 1227 1146 numerus
1250 1124 1396 1146 versuum
1426 1119 1498 1154 post
1521 1113 1646 1144 Billium
1667 1115 1697 1144 et
1713 1113 1792 1144 alios

165 1164 333 1202 editorum,
349 1173 441 1204 quos,
455 1165 488 1195 in
499 1168 624 1204 poetam
637 1165 834 1196 subitaneum
845 1174 949 1196 rerum
963 1165 1150 1197 necessitate
1160 1166 1366 1202 transmutati,
1380 1165 1544 1195 decantare
1555 1164 1651 1195 coacti
1663 1163 1789 1198 fuimus,

165 1223 308 1254 quosque
324 1214 477 1245 lectorum
492 1215 749 1245 commendamus
763 1215 982 1254 indulgentiae;
1000 1223 1181 1255 quanquam
1196 1216 1229 1246 in
1245 1215 1389 1246 omnibus
1412 1215 1547 1245 auctoris
1570 1213 1668 1244 menti
1682 1213 1789 1244 adlue-

166 1268 281 1302 rentes,
297 1265 362 1295 imo
385 1268 416 1296 et
433 1265 546 1303 verbis,
564 1266 724 1307 poeticum
751 1269 855 1297 tamen
885 1266 1004 1306 aliquid
1033 1267 1067 1296 in
1097 1266 1287 1304 elocutione,
1312 1267 1475 1306 justasque
1492 1265 1525 1296 in
1544 1268 1643 1296 metro
1667 1263 1791 1303 regulas

164 1325 288 1347 servare
300 1317 497 1348 tentavimus.

205 1379 240 1409 V.
255 1380 422 1418 Supererat
433 1379 573 1419 ingratus
587 1380 747 1417 scribenti,
764 1380 819 1411 sed
835 1385 939 1419 gratus
953 1380 1043 1412 valde
1063 1380 1180 1420 legenti
1194 1380 1333 1411 indicum
1346 1379 1446 1417 labor,
1463 1379 1518 1419 qui
1534 1382 1685 1419 quantum
1707 1387 1790 1410 curae

164 1428 380 1468 temporisque
394 1429 546 1466 absumat,
563 1437 657 1460 nemo
674 1433 720 1460 est
735 1438 810 1460 sane
825 1430 880 1469 qui
896 1431 994 1470 possit
1006 1430 1038 1461 in
1053 1430 1184 1461 dubium
1199 1439 1357 1461 revocare.
1373 1429 1495 1461 Fideles
1515 1430 1790 1461 Benedictinorum

166 1484 347 1511 nostrorum
370 1481 509 1518 asseclaa,
525 1481 739 1521 epistolarum,
757 1481 820 1512 sive
837 1482 941 1522 quoad
960 1483 1103 1514 ordinem
1126 1491 1254 1519 novum,
1273 1482 1337 1512 sive
1352 1481 1456 1522 quoad
1480 1481 1623 1512 ordinem
1642 1484 1790 1519 veterem,

168 1529 232 1560 sive
247 1530 352 1569 quoad
366 1530 509 1561 ordinem
524 1531 753 1571 alphabeticum
767 1531 904 1562 indicem
925 1533 1098 1570 texuimus;
1125 1542 1220 1573 quem
1241 1534 1384 1573 proxime
1403 1533 1545 1572 sequitur
1566 1532 1660 1563 index
1683 1532 1792 1563 carmi-

169 1592 245 1614 num
259 1581 314 1613 ubi
333 1582 448 1621 pariter
461 1585 549 1612 vetus
563 1581 640 1612 ordo
655 1591 726 1612 cum
740 1591 833 1617 novo.
851 1592 1015 1624 novusque
1030 1593 1103 1614 cum
1122 1584 1219 1615 veteri
1238 1588 1444 1624 comparatur.
1465 1583 1533 1613 Duo
1557 1583 1717 1613 breviores
1739 1581 1792 1612 alii

164 1633 286 1664 indices
324 1631 450 1663 Similia
488 1635 519 1663 et
558 1632 730 1663 Proverbia
756 1641 795 1663 ex
827 1634 978 1673 Gregorio
1023 1637 1170 1674 excerpta
1212 1637 1449 1674 repraesentant.
1485 1635 1564 1664 Tum
1606 1633 1791 1664 evolvuntur

165 1685 286 1717 indices
315 1685 460 1725 majores,
488 1684 544 1715 ubi
575 1694 625 1716 res
652 1689 683 1715 et
709 1686 803 1716 verba
829 1685 959 1726 alicujus
989 1687 1155 1724 momenti,
1172 1695 1242 1726 qua
1267 1686 1316 1717 vel
1338 1686 1371 1716 in
1391 1686 1497 1725 operis
1520 1686 1665 1721 decursu,
1689 1684 1737 1714 vel
1757 1684 1791 1714 in

166 1736 341 1777 appendice
351 1735 508 1774 leguntur,
520 1744 578 1775 per
588 1735 731 1766 ordinem
741 1735 912 1767 litterarum
924 1737 1064 1774 collecta,
1077 1737 1208 1768 curiosa
1219 1737 1391 1767 offeruntur
1403 1735 1598 1775 inquisitioni
1611 1743 1619 1772 ;
1636 1743 1694 1764 nec
1705 1734 1791 1765 deest

165 1787 260 1818 index
276 1786 328 1817 ille
344 1794 442 1823 sacer,
458 1795 522 1826 quo
539 1790 653 1817 sanctae
664 1787 830 1827 Scriptura:
845 1788 1045 1828 reperiuntur
1060 1788 1223 1819 sententiae
1233 1813 1240 1825 ,
1257 1797 1334 1828 quas
1349 1789 1381 1818 in
1401 1786 1567 1818 scribendo
1583 1786 1653 1826 pius
1676 1786 1791 1816 Doctor

166 1838 318 1869 adhibuit.
335 1839 408 1874 Qua)
421 1842 523 1868 autem
535 1842 588 1869 aut
601 1839 700 1876 utilia,
716 1842 768 1870 aut
781 1839 904 1871 curiosa
926 1840 1073 1880 perlectis
1087 1841 1203 1880 smpius
1221 1840 1319 1871 sancti
1338 1839 1479 1878 Gregorii
1497 1837 1645 1878 operibus
1663 1837 1790 1867 desum-

165 1891 298 1930 psimus,
313 1890 426 1920 horum
439 1890 481 1920 ita
496 1891 699 1928 rescribendi,
711 1894 745 1921 ut
756 1892 794 1922 ad
806 1891 948 1922 ordinem
961 1892 1193 1932 alphabeticum
1203 1891 1431 1930 redigerentur,
1446 1889 1648 1926 fastidiosam,
1661 1889 1715 1919 sed
1726 1897 1790 1919 non

167 1941 295 1972 inanem
311 1949 416 1971 curam
431 1941 567 1981 suscepit
577 1942 614 1972 D.
630 1941 730 1972 Ballin
740 1942 779 1973 de
795 1943 985 1980 Saint-Paul,
1000 1943 1047 1974 vir
1060 1952 1078 1974 a
1092 1942 1273 1973 liberalibus
1293 1941 1465 1982 disciplinis
1489 1949 1555 1971 non
1579 1940 1714 1977 alienus,
1738 1939 1789 1970 cui

167 2000 222 2022 sua
235 1991 303 2022 laus
316 1995 509 2031 permaneat.

206 2043 280 2072 Haec
293 2050 363 2081 qua;
378 2051 435 2073 nec
451 2042 552 2082 plura,
569 2052 627 2075 nec
643 2044 790 2084 pauciora
812 2044 954 2081 fecimus,
979 2043 1118 2074 attendat
1146 2043 1255 2081 lector,
1276 2046 1305 2074 et
1336 2046 1439 2074 utrum
1455 2041 1495 2072 de
1510 2040 1680 2072 Christiana
1698 2047 1790 2079 repu-

168 2092 249 2124 blica
265 2091 410 2124 nonnihil
424 2093 506 2125 bene
520 2095 616 2126 simus
629 2095 741 2132 meriti,
758 2095 971 2135 indulgentior
986 2095 1145 2136 dijudicet.
