1923 3053
211 103 246 132 ΞΤ
266 124 268 127 «
820 103 849 131 S.
870 101 1036 131 GREGORII
1055 101 1228 131 THEOLOGI
1803 101 1846 130 ‘28

212 160 318 189 modios
331 160 445 196 strepitu
463 168 514 190 suo
529 165 640 196 superat
654 165 681 189 et
696 161 796 190 obruit.
812 161 886 189 Nihil
902 169 951 197 pro
964 169 997 189 eo

1057 161 1171 197 ιαταόοᾷ
1197 161 1293 194 νυκτὸς
1327 162 1374 188 καὶ
1411 161 1526 197 ἡμέρας.
1564 160 1673 196 Τραχὺς
1704 159 1751 195 μὲν
1789 159 1844 193 ὢν,

213 212 277 234 sunt
289 207 439 234 Cataractze
455 211 482 234 et
499 206 637 242 Catadupa
655 217 661 235 :
678 216 764 242 usque
775 208 843 235 adeo
855 208 934 236 vobis
949 207 997 235 diu

212 260 244 279 ac
258 257 341 280 noctu
354 253 505 288 obstrepit!
522 253 612 288 Atque
626 253 664 280 ita
679 261 760 289 asper
771 258 823 287 est,
839 258 868 281 ut
879 254 998 282 vadosus

212 297 320 324 interim
345 305 399 324 non
423 298 533 324 sitzita
562 306 672 325 rursum
695 299 830 330 turbidus,
856 303 886 325 ut
909 300 998 334 potavi

211 347 348 377 nequeat:
367 343 419 370 hoc
447 347 551 370 tantum
576 344 685 371 nomine
711 344 848 372 humanus
872 347 898 371 et
923 345 999 371 beni-

211 397 292 423 gnus,
315 390 377 424 quia
408 389 499 416 sedem
521 394 641 416 vestram
666 398 721 417 non
750 390 879 423 devolvit,
897 398 958 418 cum
983 398 998 417 a

212 436 380 462 torrentibus
393 439 420 463 et
435 436 640 470 tempestatibus
657 436 683 462 in
697 436 815 463 furorem
830 437 927 471 agitur.
946 435 999 462 lla-

211 480 260 508 bes
276 479 341 514 quid
357 481 390 507 de
404 481 464 508 istis
480 480 693 507 Fortunatorum
708 482 817 513 insulis,
833 482 873 508 vel
892 482 924 509 de
942 481 998 508 for-

212 524 316 551 tunatis
345 525 424 552 vobis
455 525 615 553 sentiamus.
641 525 680 552 Tu
716 534 779 553 vero
803 526 867 552 rnilii
890 527 999 554 lunatos

212 569 353 598 anfractus
372 578 405 598 ne
427 571 554 599 laudibus
580 572 687 605 efferas,
706 580 752 600 eas
775 576 877 607 partes.
899 573 999 607 quibus

213 616 314 643 montis
330 616 411 645 istius
435 617 543 645 radices
559 618 629 645 adiri
651 625 776 653 possunt,
793 626 845 645 non
872 622 927 645 tam
949 618 999 644 oli-

211 661 345 688 vallantes
370 669 401 688 ac
423 662 498 688 velut
521 670 600 689 muro
619 663 770 697 cingentes,
793 670 874 697 quam
901 662 1000 690 misere

211 708 435 741 comprimentes,
450 708 634 743 verticemque
649 709 725 735 illum
741 708 823 743 capiti
847 712 939 735 vestro
952 707 1000 734 im-

213 753 373 786 minentem,
393 754 440 788 qui
458 753 627 780 Tantalicam
655 753 732 780 vobis
753 753 836 781 vitam
855 753 946 783 ellicit,
972 755 999 779 et

211 799 366 827 difﬂuentes
381 807 463 827 auras
485 804 618 834 terrmque
632 807 758 835 vapores,
780 800 825 834 qui
845 807 894 826 vos
915 799 999 826 animi

1050 207 1151 243 ἄπορος
1175 207 1203 234 δέ
1220 217 1225 222 ·
1245 208 1292 234 καὶ
1307 207 1414 244 θολερὸς
1441 209 1505 243 μὲν,
1524 207 1624 238 ἄποτος
1644 207 1688 232 δέ·
1707 203 1738 232 οὗ
1758 205 1846 232 τοῦτο

1052 253 1131 287 μόνον
1146 252 1354 288 φιλάνθρωπον,
1374 253 1413 279 ὃτι
1436 252 1473 287 μὴ
1504 251 1658 287 παρασύρει
1682 250 1732 286 τὴν
1754 250 1846 285 μονὴν

1050 297 1148 332 ὑμῶν,
1176 297 1240 323 ὅταν
1266 297 1346 323 αὑτὸν
1373 298 1401 322 αἱ
1427 296 1560 332 χαράδραι
1587 296 1633 322 καὶ
1656 296 1679 321 οι
1705 294 1846 330 χειμῶνες

1049 343 1216 379 ὲκμαίνωσιν
1234 343 1300 379 (⁸26).
1321 344 1354 369 Ἃ
1373 343 1423 378 μὲν
1442 342 1488 369 οὖν
1509 343 1589 377 ἡμεῖς
1607 341 1753 375 σύνισμεν,
1779 342 1846 371 ταῖς

1049 389 1102 415 τῶν
1132 389 1270 424 Μακάρων
1295 390 1387 424 νήσοις
1412 388 1468 422 (‘27)
1496 387 1608 418 ταύταις
1636 385 1684 412 εἴτ’
1713 384 1758 412 οὖν
1785 386 1844 412 τῶν

1051 437 1192 472 μακαρίων
1219 436 1311 472 ὑμῶν,
1338 436 1423 463 ταῦτά
1448 436 1515 462 ἐστι.
1543 436 1578 462 Σὺ
1601 435 1629 462 δὲ
1659 435 1695 470 μὴ
1715 434 1845 469 θαύμαζε

1049 482 1112 513 τοὺς
1129 482 1279 517 μηνοειδεῖς
1296 482 1439 516 ἀγκῶνας,
1459 482 1494 508 τὰ
1519 482 1622 516 βάσιμα
1637 482 1687 515 τῆς
1702 481 1845 516 ὑπωρείας

1050 527 1126 563 ὑμῶν
1153 527 1385 563 ἀπαγχονίζοντας
1414 527 1530 562 μᾶλλον,
1560 527 1575 562 ἢ
1603 526 1842 561 ἀποτειχίζοντας,

1050 573 1098 600 καὶ
1118 573 1164 600 τὸν
1189 574 1310 608 κορυφῆς
1326 573 1522 608 ὑπερτέλλοντα
1534 573 1644 600 τένοντα
1656 593 1664 604 ,
1690 573 1718 604 ὃς
1733 572 1845 599 Ταντά-

1050 617 1120 643 λειον
1141 618 1204 652 ὑμῖν
1228 619 1298 644 ποιεῖ
1312 618 1360 653 τὴν
1375 618 1447 653 ζωὴν
1463 618 1518 653 (28)
1530 638 1538 650 ,
1548 618 1598 649 τάς
1609 627 1639 644 τε
1660 618 1845 653 διαρρεούσας

1050 662 1153 697 αὔρας,
1171 663 1218 689 καὶ
1239 663 1290 698 τῆς
1309 663 1361 698 γῆς
1383 663 1537 695 ἀναπνοὰς,
1556 663 1584 689 αἳ
1608 663 1845 698 λειποθυμοῦντας

1051 707 1123 742 ὑμᾶς
1144 707 1329 742 ἀναψύχουσι,
1354 708 1416 740 τούς
1439 717 1469 735 τε
1489 709 1604 744 ᾠδικοὺς
1617 708 1726 745 ὄρνιθας
1738 729 1745 741 ,
1762 709 1844 744 ᾄδον-

1050 760 1100 783 τας
1121 752 1185 787 μὲν,
1212 752 1281 779 ἀλλὰ
1303 753 1347 779 τὸν
1363 752 1458 788 λιμόν⁴
1477 754 1524 780 καὶ
1538 754 1769 789 περιιπταμὲνους
1783 754 1843 790 (29)

1053 797 1120 832 μὲν,
1145 797 1213 824 ἀλλὰ
1237 798 1285 834 τὴν
1312 799 1438 834 ἐρημίαν.
1461 799 1605 835 Ἐπιδημεῖ
1626 800 1654 826 δὲ
1675 800 1779 832 οὐδεὶς,
1801 801 1844 827 ὅτι

211 845 332 880 deliquio
354 845 511 872 laborantes
533 850 668 878 recreant,
686 853 802 873 canoras
825 847 906 872 etiam
923 852 997 876 aves,

1057 843 1088 879 ιὴ
1105 843 1175 869 κατὰ
1190 843 1275 880 θήραν
1285 864 1292 876 ,
1310 844 1398 878 λέγεις
1412 853 1418 859 ·
1435 844 1565 880 πρόσθες,
1582 846 1628 872 καὶ
1643 845 1712 871 ὥστε
1727 846 1844 881 νεκροὺς

211 890 362 924 garrientes
386 890 506 925 quidem.
526 890 572 917 sed
591 890 701 922 famem,
728 894 754 917 et
777 889 999 917 circumvolitan-

210 939 252 962 tes
273 935 394 970 quidem,
420 936 467 963 sed
493 935 679 963 solitudinem.
707 934 763 962 Nec
787 935 930 970 quisquam
953 941 996 965 eo,

211 980 263 1007 nisi
275 980 428 1007 venationis
454 988 518 1015 ergo
535 981 653 1012 accedit,
681 980 773 1015 inquis
791 990 797 1006 ε
812 980 889 1012 adde,
919 984 948 1006 ut
971 984 998 1007 et

211 1031 333 1053 mortuos
357 1033 404 1054 vos
430 1027 532 1055 visitet.
551 1025 614 1053 llaec
640 1026 788 1061 prolixiora
808 1024 918 1061 quidem
941 1025 996 1051 lor-

1052 889 1123 924 ὑμᾶς
1153 889 1376 915 ἐπισκέπτεσθαι.
1401 889 1493 916 Ταῦτα
1516 889 1673 925 μακρότερα
1702 889 1751 924 μὲν
1776 890 1846 921 ἴσως

1051 934 1067 968 ἢ
1092 933 1151 960 κατ’
1172 935 1333 969 ἐπιστολὴν,
1355 935 1458 962 ἐλάττω
1481 935 1509 961 δὲ
1527 935 1681 970 κωμῳδίας.
1702 936 1738 962 Σὺ
1763 935 1793 961 δὲ
1817 935 1845 961 ει

1052 979 1101 1015 μὲν
1115 980 1198 1012 οἴσεις
1223 981 1341 1017 μετρίως
1359 981 1408 1017 τὴν
1431 981 1541 1008 παιδιὰν
1557 981 1631 1016 (50),
1650 981 1737 1016 ὀρθῶς
1762 982 1845 1016 ποιή-

1051 1034 1107 1057 σεις
1120 1034 1126 1040 ·
1146 1026 1170 1052 εἰ
1184 1025 1212 1052 δὲ
1231 1027 1269 1062 μὴ
1280 1047 1287 1058 ,
1306 1026 1353 1052 καὶ
1370 1026 1454 1052 πλείω
1469 1026 1523 1061 (51)
1546 1026 1746 1061 προσθήσομεν.

211 1076 284 1098 tasse
300 1074 374 1103 sunt,
392 1079 474 1105 quam
496 1071 619 1106 epistolas
636 1071 733 1099 modus
751 1072 878 1106 postulet,
901 1071 995 1105 utique
1009 1076 1098 1098 tamen
1116 1071 1251 1099 comoedia
1267 1072 1384 1100 minora.
1400 1072 1441 1099 Tu
1469 1075 1570 1104 autem,
1603 1071 1625 1099 si
1645 1071 1755 1106 quidem
1789 1070 1844 1098 110³

207 1117 287 1154 iocos
309 1124 387 1152 aequo
404 1118 495 1145 animo
512 1118 595 1152 feras,
613 1123 686 1146 recte
707 1119 803 1146 feceris
818 1128 824 1146 :
842 1119 885 1146 sin
907 1126 998 1152 secus,
1013 1118 1091 1153 plura
1105 1127 1213 1154 quoque
1227 1119 1416 1156 adjungemus.

490 1196 515 1231 5
531 1196 564 1224 v.
581 1195 697 1223 EIDEM.

1296 1198 1333 1224 E’.
1355 1198 1398 1233 To
1417 1198 1508 1234 ΑΥΤῼ
1528 1197 1594 1233 (52).

247 1256 374 1291 Epistolw
387 1255 557 1290 prtecedentis
575 1264 634 1282 cum
657 1256 773 1290 sequenti
791 1259 866 1282 tanta
885 1260 923 1282 est
937 1256 1074 1288 connexio,
1095 1261 1123 1283 ut
1144 1256 1196 1283 ista
1218 1256 1291 1283 illius
1313 1265 1375 1290 pars
1398 1256 1513 1283 secunda
1534 1257 1634 1291 potius,
1657 1263 1736 1291 quam
1753 1256 1841 1283 altera

209 1292 321 1326 epistola
334 1291 445 1318 dicenda
460 1292 503 1317 sit.
522 1291 616 1317 Breues
635 1296 660 1317 et
673 1295 766 1317 aratas
784 1292 888 1317 litteras
905 1299 964 1316 cum
985 1297 1095 1323 amaret,
1114 1293 1210 1318 ueritus
1233 1300 1264 1318 ne
1288 1291 1408 1326 epistola:
1428 1292 1535 1318 modum
1559 1292 1723 1323 excessisset,
1746 1296 1842 1318 σανίδι-α

211 1336 238 1354 se
255 1327 386 1353 dicturum
404 1326 431 1352 iu
450 1326 505 1352 alia
521 1326 656 1359 pollicitus
679 1331 736 1352 erat
751 1326 791 1353 his
805 1325 907 1353 verbis:
926 1326 954 1352 Si
970 1326 1080 1360 quidem
1096 1327 1146 1354 llos
1157 1327 1236 1360 jocos
1255 1334 1332 1361 aequo
1349 1327 1448 1359 animo
1467 1326 1549 1358 feras,
1573 1331 1647 1354 recte
1668 1326 1784 1359 feceris;
1798 1327 1841 1352 sin

212 1367 303 1401 autem
322 1369 411 1401 secus,
431 1361 507 1401 plura
521 1369 630 1401 quoque.
645 1361 835 1401 adjungemus.
851 1361 996 1401 Promissis
1013 1362 1096 1393 stetit.
1108 1367 1132 1389 et
1146 1362 1288 1401 ep_islola_m
1300 1370 1325 1393 v,
1339 1369 1396 1397 qua:
1406 1363 1525 1395 proxime
1540 1367 1629 1388 secuta
1641 1361 1748 1401 audtis
1759 1362 1842 1388 verbis

209 1397 368 1424 exorditur:

385 1395 742 1432 Queniam'quaiejocantes
752 1395 785 1422 ad
808 1400 833 1422 te
855 1396 1016 1430 scripsimus
1037 1404 1115 1431 atquo
1137 1397 1228 1423 animo
1257 1395 1392 1432 ferstage
1412 1404 1472 1431 qua:
1492 1401 1645 1432 sequuntur
1669 1396 1840 1430 adjiciamus.

212 1432 279 1464 Quis
291 1432 350 1466 jam
365 1431 527 1457 dubitaverit
543 1431 635 1457 ambas
647 1431 678 1457 de
694 1431 784 1466 eodem
797 1436 951 1465 argumento
964 1432 1077 1464 scriptas
1092 1440 1148 1458 esse
1162 1431 1310 1465 epistolas?
1326 1431 1381 1458 Nec
1396 1440 1453 1458 vero
1466 1432 1565 1466 scripta
1577 1437 1617 1459 est
1629 1432 1740 1466 epistola
1752 1440 1776 1462 ν,
1791 1431 1843 1457 nisi

211 1472 269 1500 post
290 1465 404 1500 priorem
421 1466 447 1492 in
469 1466 583 1492 Pontum
603 1474 662 1492 cum
693 1465 795 1492 Basilio
818 1467 998 1492 secessionem.
1017 1466 1082 1493 Ante
1106 1475 1203 1493 annum
1218 1467 1281 1498 550,
1297 1472 1322 1494 et
1343 1467 1448 1501 quidem
1478 1466 1618 1498 labentem,
1639 1467 1699 1493 hinc
1715 1475 1843 1493 remeasse

212 1501 366 1536 Gregorium
383 1509 433 1527 non
447 1505 590 1534 putamus;
604 1506 762 1535 quapropter
775 1501 815 1528 Itis
830 1500 933 1527 duabus
948 1501 1053 1534 litteris,
1075 1510 1106 1528 ac
1118 1507 1245 1535 praeterea
1259 1500 1377 1536 epistola:
1394 1510 1430 1534 vt,
1444 1502 1512 1528 alias
1525 1509 1563 1535 ix,
1576 1511 1660 1529 annus
1673 1502 1721 1529 56l
1737 1502 1843 1528 omnino

212 1536 368 1564 statuendus
387 1536 498 1562 videtur.

247 1593 382 1627 Quoniam
410 1601 470 1628 qua:
496 1593 622 1628 jocantcs
638 1593 672 1620 ad
694 1597 720 1621 te
735 1593 906 1629 scripsimus,
923 1601 1001 1629 aequo
1014 1599 1038 1630 α

1093 1594 1202 1630 Ἐπειδὴ
1217 1595 1309 1630 φέρεις
1325 1594 1444 1630 μετρίως
1458 1594 1506 1630 τὴν
1528 1594 1647 1626 παιδιὰν,
1663 1594 1709 1620 καὶ
1729 1593 1762 1620 τὰ
1781 1592 1843 1628 ἑξῆς

213 1640 305 1667 animo
321 1638 388 1673 fers,
404 1647 453 1674 age
470 1647 530 1674 qua:
546 1643 699 1674 sequuntur
714 1639 886 1674 adjiciamus,
900 1640 934 1667 ab
947 1639 1001 1667 llo-

1057 1640 1252 1676 προσθήσομεν.
1269 1640 1314 1673 Ἐξ
1336 1641 1455 1676 Ὁμήρου
1469 1641 1498 1667 δὲ
1512 1641 1543 1667 τὸ
1555 1640 1710 1676 προοίμιον·

213 1694 289 1714 mero
305 1687 412 1713 initium
431 1686 564 1714 ducentes
580 1693 587 1712 :

214 1741 293 1770 Num:
306 1751 364 1778 age,
378 1742 546 1778 progrediens
563 1742 694 1768 internum
708 1741 824 1774 concine,
838 1749 925 1812 quiusa
936 1762 943 1774 ,
963 1749 1004 1768 or-

862 1781 965 1808 uatum,

862 1781 965 1808 uatum,

215 1825 351 1860 tugurium
381 1824 508 1851 videlicet
538 1827 612 1850 tecto
627 1826 654 1850 et
672 1823 766 1858 januis
783 1830 893 1854 carens,
913 1822 1002 1850 focum

215 1868 287 1904 ignis
315 1873 342 1895 et
360 1868 426 1895 fumi
453 1873 602 1903 expertem,
623 1868 741 1902 parietes
769 1866 824 1902 igni
839 1868 1001 1898 exsiccatos,

215 1922 250 1941 ne
267 1915 316 1941 luti
334 1914 417 1949 guttis
432 1915 595 1949 impctamur
606 1933 613 1947 ,
632 1912 754 1940 Tantalis
777 1913 882 1940 similes
899 1913 1006 1940 eadem-

214 1967 268 1995 que
288 1967 367 1995 ptena
389 1960 524 1992 mulctati,
555 1959 683 1987 nimirum
702 1959 729 1985 in
750 1959 830 1994 aquis
857 1959 980 1986 sitientes
998 1969 1004 1986 :

213 2006 322 2041 jejunas
341 2007 423 2034 etiam
441 2007 501 2034 illas
521 2010 547 2034 et
564 2007 678 2033 miseras
696 2005 791 2040 epulas
803 2024 812 2037 .
841 2005 875 2032 ad
899 2012 968 2039 quas
992 2012 1008 2032 e

214 2052 387 2087 Cappadocia
407 2060 502 2080 sumus
524 2052 642 2084 invitati,
660 2059 715 2078 non
730 2054 860 2086 tanquam
877 2050 911 2077 ad
924 2050 1008 2076 Loto-

214 2099 366 2134 phagorum
385 2098 516 2133 inopiam,
539 2098 587 2126 sed
602 2098 677 2126 velut
695 2097 728 2124 ad
747 2095 854 2123 Alcinoi
869 2103 1005 2128 mensam,

214 2177 268 2204 iste
281 2176 391 2209 ﬂuvius,
410 2182 440 2203 ut
457 2176 482 2202 in
504 2176 558 2204 illis
573 2177 652 2208 locis,
679 2184 739 2211 qnze
765 2175 905 2211 Catadupa
924 2175 1010 2202 nomi-

215 2215 327 2243 nantur,
351 2212 383 2238 ad
408 2213 612 2246 properantium
637 2212 708 2238 inter
732 2211 860 2245 scopulos
875 2217 1009 2245 aquarum

214 2247 350 2281 fragorem
380 2245 467 2273 aures
485 2247 636 2274 incolarum
661 2247 787 2274 dicantur
798 2245 1005 2273 obsurdescere.

251 2282 307 2315 (‘26)
343 2281 550 2315 'Eupalvwo'tr.
577 2282 615 2308 Ita
635 2281 711 2309 Pass.
730 2281 806 2315 Edit.
822 2280 1005 2315 ὲκμαίνουσιν.

251 2284 307 2316 (‘26)
343 2284 550 2316 'Eupalvwo'tr.
578 2284 615 2308 Ita
635 2284 711 2309 Pass.
730 2284 800 2307 l‘Ldit.
822 2284 1005 2315 εκμαινουσιν.

252 2317 307 2352 (27)
325 2316 392 2349 Ταῖς
410 2316 469 2343 τῶν
484 2317 631 2352 Μακάρων
656 2317 774 2352 νήσοις.
795 2314 1005 2352 Fortunatorum

216 2350 314 2380 insulae
321 2357 416 2378 contra
427 2350 575 2378 extremam
584 2350 776 2379 Mauritaniam
790 2350 824 2377 ad
836 2350 1004 2377 occidentem

217 2388 275 2415 sitm
286 2391 365 2419 sunt;
380 2394 461 2422 quam
477 2387 586 2421 quidem
605 2386 637 2414 ad
653 2391 756 2421 partem
773 2386 854 2412 etiam
869 2384 1006 2422 Hispaniae

216 2422 350 2450 terminus
366 2421 497 2449 occiduus
512 2422 652 2449 concurrit
676 2430 682 2447 ε
701 2430 716 2448 a
732 2421 869 2447 fructuum
882 2421 1005 2447 ubertate

216 2457 331 2518 ptbaeris
358 2457 488 2492 temperie
508 2465 607 2484 nomen
630 2459 805 2492 acceperunt.
830 2454 868 2481 ita
894 2454 1004 2488 Strabo,

228 2501 236 2518 ι
258 2512 265 2518 .
284 2499 323 2518 Ill.

228 2492 265 2519 ib.
284 2499 323 2519 Ill.

254 2527 309 2562 (28)
332 2527 385 2562 *ος
403 2526 581 2562 Ταντάλειον
593 2526 663 2561 ὑμῖν
687 2525 765 2552 ποιεῖ
780 2525 839 2560 τὴν
859 2525 943 2562 ζῳήν.
961 2525 1007 2551 Al-

219 2561 288 2589 ludit
317 2561 351 2588 ad
374 2561 493 2588 fabulam
521 2561 639 2594 Tantali,
664 2568 744 2596 quem
761 2564 847 2596 poeta:
872 2561 1008 2587 tinxerunt

219 2596 291 2631 apud
315 2596 417 2624 inferos
437 2597 489 2624 hoc
507 2597 634 2632 supplicii
658 2603 745 2632 genus
768 2596 833 2631 pati,
863 2599 894 2622 ut
919 2596 1008 2632 ipsius

219 2630 301 2666 capiti
317 2639 424 2666 semper
439 2630 593 2659 immineret
609 2630 705 2659 saxum
731 2630 839 2667 ingens,
855 2630 927 2666 quod
950 2630 1007 2665 jam

220 2674 349 2694 casurum
360 2667 507 2693 videretur.

256 2701 312 2736 (29)
336 2700 598 2737 Hspttqrwpérovq.
617 2701 683 2737 Reg.
710 2709 793 2729 unus.
822 2699 1010 2736 ὑπερικταμέ-

221 2744 295 2768 νους,
311 2736 538 2769 superuolitautes.

256 2771 312 2808 (50)
331 2770 536 2808 Τὴνγπαιὸιάν.
560 2771 598 2800 lta
611 2771 677 2808 Reg.
692 2779 774 2801 unus.
792 2770 842 2800 Ed.
861 2770 931 2799 male
945 2777 1010 2797 παι-

221 2805 307 2839 δείαν,
318 2806 475 2834 doctrinam.

1059 1742 1137 1769 Ἀλλ’
1150 1740 1203 1776 ἂγε
1219 1741 1273 1777 (55)
1292 1740 1342 1775 δὴ,
1361 1739 1512 1775 μετάϐηθι,
1529 1740 1578 1767 καὶ
1594 1739 1647 1766 τὸν
1659 1739 1844 1810 ἕρὲεῇίζρμον

1795 1794 1804 1807 θ

1795 1794 1804 1807 θ

1053 1822 1102 1858 τὴν
1115 1822 1227 1855 ἄπεγον
1240 1822 1344 1857 σκέπην
1366 1822 1412 1848 καὶ
1433 1821 1543 1856 ἅθυρον,
1561 1822 1610 1857 τὴν
1628 1821 1732 1857 ἄπυρον
1753 1821 1842 1848 ἑστίαν

1054 1867 1101 1894 καὶ
1117 1867 1247 1902 ἄκαπνον,
1264 1868 1325 1899 τοὺς
1341 1867 1408 1903 πυρὶ
1431 1867 1639 1903 ξηραινομένους
1664 1867 1785 1902 τοίχους,
1801 1867 1843 1893 ἵνα

1057 1915 1094 1949 μὴ
1113 1915 1172 1945 ταῖς
1195 1913 1242 1940 τοῦ
1265 1913 1351 1948 πηλοῦ
1382 1915 1471 1949 ῥανίσι
1500 1913 1675 1949 βαλλώμεθα,
1702 1913 1842 1940 Ταντάλιοὶ

1055 1968 1126 1990 τινες
1137 1959 1184 1985 καὶ
1200 1958 1369 1994 κατάκριτοι,
1385 1959 1515 1994 διψῶντες
1535 1959 1563 1985 ὲν
1582 1958 1678 1985 ὕδασι·
1697 1958 1745 1994 τὴν
1759 1958 1842 1984 ἐλεει-

1056 2003 1103 2039 νὴν
1128 2004 1235 2038 ἐκείνην
1263 2005 1309 2031 καὶ
1334 2005 1450 2040 ἄτροφον
1478 2005 1646 2036 πανδαισίαν.
1671 2006 1712 2039 ἐφ’
1735 2005 1767 2040 ἢν
1793 2004 1843 2031 ἀπὸ

1057 2050 1253 2081 Καππαδοκίας
1275 2050 1446 2085 ὲκλήθημεν,
1467 2051 1516 2086 οὑχ
1540 2052 1577 2083 ὡς
1602 2051 1773 2085 Λωτοφάγων
1798 2059 1842 2077 πε-

1058 2096 1136 2130 νίαν,
1162 2096 1219 2123 ἀλλ’
1234 2095 1270 2128 ὡς
1295 2096 1430 2123 Ἀλκινόου
1458 2097 1595 2133 τράπεζαν
1623 2098 1690 2133 (54),
1719 2098 1798 2132 ἡμεῖς
1820 2097 1843 2123 οἱ

1095 2175 1151 2210 (3|)
1169 2174 1222 2201 Kal
1237 2174 1338 2201 πλείω.
1356 2173 1395 2201 lta
1410 2174 1475 2209 Heg.
1500 2182 1581 2202 unus.
1599 2173 1647 2201 Ed.
1664 2173 1734 2200 male
1750 2174 1796 2199 καὶ
1811 2173 1842 2200 τὰ

1174 2245 1246 2272 Alias
1259 2243 1325 2271 Vlll.
1345 2243 1451 2279 Scripta
1464 2244 1537 2270 circa
1553 2243 1624 2271 idem
1642 2247 1760 2278 tempus.

343 2281 550 2316 'Eupalvwo'tr.
577 2282 615 2308 Ita
635 2281 711 2309 Pass.
730 2280 1003 2316 Edit.Aéxuat’voocw.

1070 2315 1077 2316 ί
1095 2276 1151 2315 (55)
1177 2280 1251 2306 Ἀλλ’
1278 2279 1340 2314 ἄγε.
1371 2276 1416 2307 sae
1444 2279 1560 2306 habetur
1587 2279 1659 2314 apud
1689 2276 1842 2311 Homerum,

1061 2315 1156 2350 Odyss.
1175 2322 1222 2342 VIII
1239 2323 1246 2340 :

1065 2371 1144 2399 Ἀλλ’
1169 2371 1222 2406 ἆγε
1232 2371 1281 2406 δὴ,
1295 2370 1449 2406 μετάϐηθι,
1464 2370 1513 2397 καὶ
1536 2371 1631 2397 ἵππου
1655 2371 1772 2404 κόσμον
1790 2369 1845 2396 ἀει-

1746 2414 1767 2431 σ
1769 2413 1811 2432 ον.

1061 2454 1126 2487 Quae
1143 2454 1225 2481 verba
1250 2457 1314 2480 sunt
1337 2451 1444 2487 Ulyssis
1470 2451 1652 2487 Demodocum
1666 2452 1796 2478 hortantis
1812 2451 1842 2477 ad

1061 2486 1123 2526 equi
1137 2489 1247 2526 Troiani
1265 2486 1785 2526 ornatum_decanlandum.gregarius
1799 2494 1844 2512 au-

1061 2522 1115 2552 tem
1132 2533 1180 2560 pro
1192 2524 1275 2550 ἵππου
1289 2523 1382 2560 posuit
1399 2522 1454 2554 ἔσο,
1476 2529 1584 2548 versum
1600 2522 1705 2549 scilicet
1720 2522 1754 2549 ad
1771 2529 1844 2548 usum

1061 2567 1141 2587 suum
1157 2559 1375 2586 accommodans.

1099 2594 1154 2630 (54)
1172 2595 1234 2629 Οὺχ
1249 2593 1291 2630 ὡς
1300 2591 1485 2630 Λωςοςςᾴγξων
1509 2593 1627 2630 nauiter,
1640 2592 1709 2630 datr
1721 2591 1761 2630 ᾡς
1782 2591 1845 2630 ’_A.t-

1060 2626 1164 2656 κηλόοὺ
1177 2626 1333 2663 τρᾶπεζαν.
1350 2626 1565 2663 Ιηᾈῐῐὶωβριιά
1588 2626 1681 2663 Syrtes
1692 2626 1844 2663 habitabant

1061 2661 1211 2700 Lotophagi
1228 2664 1290 2700 inde
1308 2663 1406 2696 vocati,
1423 2661 1496 2700 quod
1517 2663 1570 2689 loto
1584 2661 1709 2700 victitare.
1723 2661 1845 2700 diceren-

1061 2696 1220 2734 turfque'm
1236 2699 1339 2734 cibum,
1354 2696 1488 2734 suavitate
1504 2705 1564 2730 sua,
1578 2696 1671 2734 patriae
1685 2696 1844 2734 oblivionem

1032 2737 1035 2739 '
1062 2731 1205 2763 edentibus
1221 2733 1318 2761 afferre
1333 2733 1415 2760 tradit
1434 2732 1578 2763 Homerus,
1599 2731 1696 2766 Odyss.
1713 2738 1751 2759 Ix.
1768 2731 1844 2758 Loto-

1062 2770 1216 2805 phagorurn
1238 2768 1403 2805 paupertati
1423 2767 1571 2805 Gregprius
1605 2767 1718 2802 opponit
1743 2766 1844 2794 Alcinoi

1064 2801 1185 2833 inen‘sam
1201 2801 1306 2832 deliciis
1322 2803 1448 2831 omnibus
1461 2801 1597 2830 refertam.
