1923 3053
56 162 89 191 29
747 162 915 191 EPISTOLA
934 162 978 191 VI.
1644 160 1679 188 30

55 222 109 249 vém
124 222 239 256 ναυαγοί
259 231 290 249 τε
311 222 359 249 καὶ
378 222 518 258 τλήμονες.
541 223 689 258 Μέμνημαι
709 222 764 258 γὰρ
785 222 839 249 τῶν

891 230 941 249 nos
970 221 1032 248 novi
1049 224 1076 248 et
1093 220 1239 248 atrumnosi
1259 219 1396 256 naufragi.
1416 218 1526 247 Memini
1540 218 1612 246 enim
1631 226 1679 253 pa-

55 269 144 304 ἀρτων
164 268 286 301 ἐκείνων,
310 269 356 296 καὶ
375 269 430 295 τῶν
453 268 552 304 ζωμῶν
568 268 649 302 (οὕτω
663 268 717 304 γὰρ
733 268 841 303 ὠνομά-

55 313 153 347 ζοντο),
168 312 236 339 ἀλλὰ
249 313 297 340 καὶ
316 314 464 349 μνήσομαι,
480 313 528 340 καὶ
544 314 598 340 τῶν
613 313 842 349 περιολισθαινόν-

54 367 108 385 των
122 359 178 393 (55)
197 361 254 391 τοῖς
272 359 387 394 βλωμοῖς
409 359 538 391 ὀδόντων,
565 357 624 386 εἶτα
649 359 841 394 ἁνισχομένων,

54 404 101 430 καὶ
115 404 303 439 ἀνελκομένων
327 403 421 439 ὥσπερ
441 405 472 430 ὲκ
497 403 638 439 τέλματος.
659 404 744 435 Αὐτὸς
757 403 842 430 ταῦτα

54 450 240 486 τραγῳδήσεις
265 450 443 486 ὑψηλότερον,
477 451 509 477 ὲκ
539 449 593 476 τῶν
617 449 723 476 οἰκείων
749 449 842 476 παθῶν

55 496 122 530 ἔχων
153 496 184 522 τὸ
211 496 419 531 μεγαλόφωνον
443 493 481 522 ὧν
505 497 530 522 εἰ
548 496 585 531 μὴ
611 495 715 530 ταχέως
735 496 841 531 ήμᾶςὴ

56 540 159 576 μεγάλη
183 541 229 567 καὶ
249 541 438 575 πτωχοτρόφος
458 540 542 572 ὅντως
561 541 703 576 ἐρρύσατο,
724 541 772 576 τὴν
793 541 842 577 σὴν

54 585 124 618 λέγω
138 586 257 620 μητέρα,
277 585 372 620 ὥσπερ
395 585 475 620 λιμὴν
498 586 527 612 ἑν
549 585 635 621 καιρῷ
653 587 765 620 φανεῖσα
786 594 842 620 χει-

56 631 230 666 μαζομένοις,
245 631 329 658 πάλαι
342 631 375 657 ἂν
387 629 458 666 ἦμεν
474 632 576 666 νεκροὶ,
599 631 717 663 πίστεως
741 632 844 658 Ποντι-

54 677 103 711 κῆς
135 676 187 702 οὐχ
222 676 410 712 ἐπαινούμενοι
439 676 538 711 μᾶλλον
557 676 573 711 ἢ
593 676 754 711 ὲλεούμενοι.
781 676 843 708 Πῶς

54 722 182 757 παρέλθω
201 723 264 754 τοὺς
285 723 409 757 ἀκήπους
425 723 530 758 κήπους
543 723 663 754 ἐκείνους
680 722 726 749 καὶ
742 723 844 757 ἀλαχά-

53 775 128 798 νους,
156 766 203 793 καὶ
225 766 275 801 τὴν
297 767 412 801 Αὐγείου
431 766 533 802 κόπρον
555 767 609 801 (56)
634 768 665 793 ὲκ
683 766 734 802 τῆς
754 767 843 798 οίκίας

54 803 296 847 ὲκκαθαιρομένῆν,
362 812 472 844 τούτους
497 811 740 847 ἁνεπληρώσαμεν,
762 812 844 847 ἡνίκα

53 859 100 894 τὴν
115 857 254 892 γεωλόφον
280 857 387 892 ἅμαξαν
411 857 537 892 εῖλκομεν
553 858 618 893 (57),
634 857 689 892 ὲγώ
709 866 738 884 τε
763 859 778 884 ὁ
799 859 843 893 βο-

892 274 941 294 ncs
953 267 1015 294 illos
1030 267 1174 302 etjuscula
1200 267 1250 302 (sic
1261 267 1333 294 enim
1346 265 1544 300 nominantur),
1558 273 1679 300 semper-

891 319 945 347 que
966 312 1124 343 meminero,
1141 311 1270 339 dentibus
1286 312 1359 339 circa
1379 311 1531 345 fragmenta
1561 311 1679 338 collabe~

892 357 1034 385 scentibus
1045 378 1052 389 ,
1071 365 1103 385 ac
1118 361 1213 392 postea
1229 365 1289 385 sese
1301 357 1483 392 erigentibus,
1507 358 1632 391 velutque
1646 363 1679 382 ex

892 409 974 429 caeno
1002 402 1216 437 emergentibus.
1250 401 1317 435 Qua:
1351 406 1380 428 tu
1403 402 1508 429 scilicet
1534 401 1679 428 sublimius

891 448 1068 483 exaggerabis
1080 468 1087 479 ,
1102 448 1220 483 propriis
1246 456 1343 483 nempe
1360 447 1564 475 calamitatibus
1577 447 1680 475 oratio-

891 494 934 520 nis
944 494 1159 528 magnitudinem
1173 495 1220 522 tibi
1231 495 1472 530 suppeditantibus
1487 504 1493 522 :
1508 495 1610 530 quibus
1625 495 1679 522 nisi

892 547 991 574 magna
1019 540 1065 567 illa
1092 548 1209 575 vereque
1249 549 1399 576 pauperum
1441 540 1561 568 studiosa
1588 541 1680 567 nutrix

893 589 981 612 mater
996 590 1042 612 tua
1055 594 1107 613 nos
1119 593 1200 621 quam
1217 587 1360 614 celerrime
1379 586 1531 618 liberassrt,
1549 586 1682 620 nobiSque

892 634 1054 666 tempestate
1070 632 1181 667 jactatis
1197 633 1270 660 velut
1283 637 1378 667 portus
1392 633 1554 665 exstitisset,
1566 632 1682 669 jampri-

893 675 954 703 dem
983 677 1055 711 apud
1086 677 1160 705 vivos
1175 685 1236 705 esse
1263 678 1452 710 desiissemus,
1475 677 1536 704 lidei
1564 677 1683 704 Pontica:

892 721 1004 748 nomine
1018 729 1073 749 non
1088 722 1220 756 majorem
1238 722 1345 750 laudem
1367 726 1584 757 consequentes.
1601 729 1682 756 quam

894 767 1098 795 miserationem
1114 773 1264 796 moventes.
1281 768 1404 801 Quonam
1423 775 1504 802 porro
1521 767 1601 794 tnodo
1617 767 1683 794 hor-

892 814 936 839 tos
952 812 1025 844 illos,
1041 819 1075 839 ne
1090 814 1232 840 hortorum
1253 813 1362 848 quidem
1377 814 1486 841 nomine
1501 813 1611 848 dignos,
1627 813 1684 840 ole-

893 857 1025 892 ribusque
1048 862 1174 886 carentes
1199 859 1346 894 praeteribo
1361 879 1368 891 ,
1383 858 1531 894 Augizeque
1556 858 1648 885 limum
1669 865 1684 885 e

52 903 151 938 τρύων,
175 903 247 930 καὶὸ
271 904 396 939 λαμπρὸς
421 904 464 936 σὺ,
491 905 546 936 τοῖς
567 905 662 939 αὐχέσι
678 904 781 936 τούτοις
796 904 839 931 κα)

893 901 975 929 domo
991 906 1182 937 expurgatum,
1194 911 1249 938 quo
1261 911 1310 931 eos
1328 903 1510 939 opplevimus.
1536 911 1596 929 cum
1609 910 1685 929 mon-

52 951 111 982 τατς
133 950 212 985 χερσὶ
234 951 356 981 ταύταις,
375 950 403 976 αἶ
422 951 476 977 τῶν
500 950 587 976 πόνων
609 950 650 976 ἔτι
671 949 706 976 τὰ
721 950 780 986 ἴχνη
795 950 842 984 φέ-

54 1003 158 1029 ρουσιν·
175 992 209 1030 (ὧ
223 995 260 1030 γῆ
272 996 318 1022 καὶ
333 995 402 1030 ἥλιε,
419 996 473 1032 ἀὴρ
484 995 540 1030 (58)
553 996 599 1022 καὶ
613 997 714 1031 ἀρετή·
732 1004 834 1031 τραγῳ·

51 1041 124 1076 δήσω
140 1042 193 1077 γάρ
206 1050 232 1068 τι
250 1041 372 1077 μικρόν)
387 1042 435 1077 οὐχ
450 1042 494 1068 ἵνα
511 1042 556 1069 τὸν
571 1041 763 1077 Ἑλλήσποντον
779 1041 840 1073 ζεύ-

52 1087 140 1122 ξωμεν
154 1087 220 1122 (39),
238 1087 295 1113 ἀλλ’
313 1087 357 1113 ἵνα
379 1087 501 1122 κρημνὸν
520 1086 702 1122 όμαλίσωμεν.
729 1085 840 1118 Τούτοις

51 1133 73 1158 εἰ
95 1133 143 1167 μὲν
167 1133 243 1159 οὐδὲν
268 1132 422 1168 ἁχθεσθήσῃ
446 1133 617 1168 λεγομένοις,
647 1133 754 1164 πάντως
777 1132 836 1159 οὐδὲ

50 1179 145 1213 ἡμεῖς·
172 1180 196 1205 εἰ
217 1179 245 1205 δὲ
270 1179 434 1215 ἀχθεσθήσῃ,
456 1179 537 1206 πόσον
559 1179 714 1213 γενομένοις
738 1178 834 1213 ἡμεῖς-

50 1224 96 1250 κα)¹
112 1224 146 1250 τὰ
161 1224 246 1250 πλείω
268 1225 437 1260 παρήσομεν,
457 1223 526 1251 αἰδοῖ
540 1223 593 1250 τῶν
607 1223 704 1255 ἄλλων,
719 1219 756 1249 ὦν
772 1223 835 1249 πολ-

49 1269 102 1295 λῶν
119 1270 223 1297 ἀπελαὺ
228 1278 261 1296 σα
265 1279 324 1305 μεν.

895 950 985 974 losum
999 947 1065 974 illud
1082 948 1252 982 plaustrum,
1280 952 1307 976 et
1322 956 1373 983 ego
1393 947 1588 978 vindemiator,
1607 950 1634 974 et
1654 951 1683 973 tu

893 992 1011 1026 facetus.
1033 993 1084 1020 hac
1113 994 1229 1026 cervice,
1246 995 1430 1029 manibusque
1453 994 1506 1026 his.
1530 1001 1590 1029 quae
1605 993 1683 1020 labo—

893 1047 953 1065 rum
980 1043 1096 1074 vcsttgta
1130 1040 1281 1067 etiamnum
1312 1039 1413 1073 ferunt,
1440 1039 1609 1066 traheremus
1643 1038 1683 1074 (ο

894 1089 968 1111 terra
987 1088 1014 1112 et
1044 1085 1105 1112 sol!
1130 1093 1147 1112 ο
1173 1092 1220 1112 aer
1245 1089 1272 1112 et
1287 1085 1391 1112 virtusl
1419 1085 1530 1120 paulum
1555 1084 1683 1120 quiddam

890 1138 966 1158 more
980 1131 1082 1166 tragico
1097 1131 1276 1167 exclamaho)
1296 1140 1303 1159 :
1332 1139 1386 1158 non
1415 1135 1445 1158 ut
1477 1131 1683 1166 Hellespontum

885 1175 1071 1211 jungeremus,
1090 1177 1138 1204 sed
1162 1180 1190 1204 ut
1218 1181 1385 1212 pratruptum
1409 1177 1612 1212 etpraacipitem
1642 1177 1683 1203 lo—

887 1230 949 1251 cum
972 1223 1200 1257 exarquaremus?
1232 1223 1334 1250 Harum
1351 1231 1442 1251 rerum
1460 1224 1684 1251 commemoratio

894 1269 917 1295 si
930 1274 956 1296 te
971 1268 1108 1296 oﬂ‘ensura
1129 1277 1185 1296 non
1199 1274 1242 1298 est
1255 1289 1262 1301 ,
1277 1269 1370 1304 utique
1395 1277 1446 1297 nec
1460 1277 1511 1297 nos
1529 1277 1535 1295 :
1554 1270 1577 1296 si
1593 1273 1682 1296 autem

48 1316 75 1351 6
88 1315 265 1343 oll'ensionem
284 1323 316 1343 ex
335 1322 368 1343 ea
383 1314 532 1350 concipies,
548 1319 650 1349 quanto
665 1315 751 1350 magis
773 1320 827 1340 non
851 1321 885 1341 ex
914 1314 981 1349 ipsis
998 1315 1098 1342 rebus!
1124 1314 1164 1342 Ac
1190 1315 1322 1350 majorem
1354 1319 1457 1351 partem
1491 1316 1683 1350 praetermitte-

50 1370 110 1390 mus
135 1361 283 1389 mutarum
296 1361 408 1388 aliarum
423 1368 525 1394 rerum,
541 1361 642 1395 quibus
657 1360 737 1388 nobis
751 1359 804 1386 frui
827 1359 942 1395 contigit
953 1379 960 1392 ,
977 1360 1080 1395 pudore
1094 1359 1228 1388 deterriti.

289 1419 334 1452 qv.
356 1418 400 1453 To
419 1418 511 1453 ΑΥΤῼ
531 1417 597 1453 (40).

1196 1417 1238 1444 Vl.
1256 1417 1361 1444 EIDEM

1126 1436 1161 1454 ’/

55 1477 120 1504 l'ita
133 1484 193 1503 cum
206 1474 311 1502 Basilio
324 1474 352 1501 in
363 1474 507 1502 solitudine
521 1478 636 1509 peraclw
649 1473 741 1508 cupide
756 1481 864 1504 utentur,
879 1471 954 1533 [ligna
969 1472 1033 1500 υἱυὶε
1052 1472 1169 1508 depingit
1191 1473 1335 1505 coloribus,
1348 1474 1417 1501 hanc
1438 1475 1533 1502 iterum
1560 1475 1684 1510 consequi

798 1515 876 1533 verm)
890 1516 905 1533 α
921 1527 929 1533 .

798 1515 929 1542 peroptat.

84 1566 118 1592 Ἀ
133 1565 182 1601 μὲν
196 1565 329 1600 πρότερον
348 1563 544 1598 ὲπεστέλλομεν
560 1563 624 1598 περὶ
637 1563 686 1598 τῆς
703 1562 838 1596 Ποντικῆς

925 1561 990 1594 Quae
1001 1561 1034 1589 de
1047 1561 1162 1590 Pontica
1179 1563 1396 1592 commoratione
1422 1565 1499 1600 prius
1515 1565 1683 1598 scribebam,

51 1611 198 1647 διατριὸῆς.
221 1609 371 1642 παιζόντων
394 1606 438 1644 ἦν,
461 1608 491 1634 οὑ
517 1608 734 1640 σπουδαζόντωνι
762 1607 780 1635 ἃ
807 1607 836 1634 δὲ

52 1657 96 1682 vim
119 1656 238 1692 γράφω,
267 1655 314 1681 καὶ
339 1654 397 1680 λίαν
426 1652 639 1685 σπουδαζόντων.
669 1653 715 1685 Τίς
735 1652 774 1679 ἄν
798 1661 837 1687 με

51 1702 113 1735 θείη
139 1701 194 1736 (At)
223 1700 300 1727 κατὰ
325 1699 408 1734 μῆνα
439 1698 556 1734 ἡμερῶν
585 1699 645 1726 τῶν
667 1698 837 1733 ἔμπροσθεν

50 1748 181 1779 ἐκείνων,
198 1747 227 1773 ὲν
245 1743 290 1778 αἷς
312 1745 513 1780 συνενετρύφων
534 1753 574 1771 σοι
592 1745 631 1779 τῷ
650 1744 835 1776 κακοπαθεῖν;

51 1792 142 1827 ἐπειδὴ
166 1791 196 1818 τὸ
217 1791 341 1818 ἑκούσιον
365 1790 487 1826 λυπηρὸν
510 1789 556 1816 τοῦ
579 1790 705 1817 ἀκουσίου
721 1789 836 1825 τερπνοῦ

50 1835 234 1872 τιμιώτερονῖ
248 1835 295 1867 Τίς
317 1834 398 1861 δώσει
421 1835 469 1866 τὰς
489 1834 647 1870 ψαλμῳδίας
666 1835 772 1866 ὲκείνας
791 1835 838 1861 καὶ

50 1882 97 1914 τὰς
115 1882 279 1917 ἀγρυπνίας,
297 1881 344 1907 καὶ
366 1880 416 1912 τὰς
436 1880 470 1907 δι’
487 1880 569 1916 εὐχῆς
583 1881 651 1916 πρὸς
673 1880 738 1907 Θεὸν
757 1880 837 1916 ἐκδη-

52 1928 126 1963 μίας,
143 1929 191 1954 καὶ
204 1928 254 1962 τὴν
269 1927 352 1953 οἰονεὶ
366 1927 447 1954 ἅῡλον
462 1926 534 1962 ζωὴν
554 1927 601 1953 καὶ
613 1926 775 1962 ἀσώματονς
791 1927 839 1958 Τίς

52 1973 172 2008 ἀδελφῶν
184 1973 322 2008 συμφυΐαν
333 1973 381 1999 καὶ
393 1972 557 2008 συμψυχίαν,
569 1972 622 1999 τῶν
638 1972 690 1999 ὑπὸ
702 1972 748 1998 σοῦ
765 1972 840 1998 θεου-

55 2018 140 2053 μένων
166 2017 214 2045 καὶ
237 2017 412 2052 ὑψουμένων;
445 2017 494 2049 Τίς
526 2016 641 2052 ἅμιλλαν
667 2017 768 2052 ἀρετῆς
793 2017 840 2044 καὶ

53 2062 213 2098 παραθηειν,
233 2063 267 2098 ἣν
285 2063 358 2097 ὅροις
374 2063 505 2098 γραπτοῖς
527 2062 573 2088 καὶ
597 2062 707 2088 κανόσιν
723 2061 840 2096 ἠσφαλι-

54 2108 171 2144 σαμεθα;
194 2108 244 2140 Τίς
264 2108 343 2135 θείων
366 2108 465 2142 λογίων
488 2108 657 2142 φιλοπονίαν,
685 2109 731 2134 καὶ
751 2108 782 2134 τὸ
813 2109 840 2135 ὲν

53 2155 141 2186 αὐτοῖς
163 2154 220 2188 φῶς
240 2154 442 2190 εὑρισκόμενον,
457 2154 505 2181 σὺν
529 2154 625 2190 ὁδηγίᾳ
641 2153 689 2180 τοῦ
715 2154 842 2189 Πνεῦμα-

52 2206 112 2231 το;;
129 2199 175 2230 Ἦ,
189 2199 233 2226 ἶνα
248 2199 282 2226 τὰ
295 2199 442 2234 μικρότερα
453 2198 524 2233 λέγω
537 2199 583 2226 καὶ
598 2199 783 2235 εὐτελέστερα,
797 2199 839 2231 τίς

53 2245 205 2280 ἐφημερίας
221 2244 268 2271 καὶ
285 2245 470 2280 αὖτουργίαςς
490 2245 531 2276 τίς
550 2245 680 2281 ξυληγίας
695 2246 741 2272 καὶ
759 2245 833 2272 λατο-

54 2290 137 2324 μίας;
158 2291 200 2322 τίς
221 2290 250 2317 δὲ
273 2291 383 2325 φυτείας
403 2290 460 2326 (ﬂ)
483 2291 529 2318 καὶ
559 2291 720 2326 ὀχετηγίας;
744 2291 786 2323 τίς
809 2292 838 2318 δὲ

52 2337 187 2363 πλάτανον
214 2337 262 2372 τὴν
290 2337 410 2372 χρυσῆν,
436 2336 482 2363 καὶ
507 2336 556 2372 τῆς
587 2336 685 2373 Ξέρξου
713 2337 840 2372 τιμιωτέ-

87 2415 98 2429 ⁸
115 2412 168 2441 Job
184 2421 260 2446 nix,
274 2413 301 2440 2.

87 2491 144 2525 (55)
166 2491 228 2519 Τῶν
236 2491 545 2525 περιολισθαινόντων.
569 2491 608 2519 lta
622 2491 688 2528 Reg.
706 2501 787 2522 unus.
807 2493 836 2522 ln

51 2527 95 2553 ed.
109 2526 185 2553 deest
195 2525 259 2553 τῶν.

87 2547 95 2554 .
109 2530 185 2553 deest
195 2530 259 2553 τῶν.

87 2560 217 2596 (36).Kai
234 2561 290 2595 τὴν
303 2562 428 2597 Αὐγείου
439 2562 562 2597 κόπρον.
579 2561 672 2597 Augiaa
698 2563 836 2591 stabulum

53 2597 117 2633 tion
145 2600 286 2633 congesto
304 2598 414 2633 plenum
444 2596 529 2624 fuisse
544 2597 664 2633 tradunt
688 2604 784 2633 poetae,
811 2603 838 2627 et

53 2631 139 2693 ipscius
152 2631 372 2693 repurgatidnem
383 2632 455 2660 inter
464 2631 600 2660 laboriosa
615 2631 740 2661 Herculis
753 2641 837 2670 Opera

53 2674 81 2693 re
107 2674 182 2693 .nsen
198 2686 206 2693 .

53 2673 206 2694 recensent.

89 2702 144 2736 (57)
176 2701 236 2738 [ipf
264 2702 424 2738 γεωλόφοκ
445 2701 563 2738 ἄμαξαν
594 2702 744 2738 suamnam
768 2701 837 2738 Reg.

53 2735 124 2764 unus
134 2735 166 2764 et
178 2735 255 2773 ξοδδ.
268 2735 322 2771 τὴν
335 2735 474 2773 γεῳφόρον
487 2737 593 2773 ἅμαξαν
605 2735 739 2773 εζλκομεν,
754 2735 837 2766 terres

54 2773 148 2812 rdieris
155 2771 309 2812 plaustrum
328 2771 514 2812 traheremus.'
528 2771 732 2812 etimit.st
746 2773 839 2812 deerat

54 2807 79 2834 in
96 2806 178 2834 editis
195 2813 204 2833 :
220 2807 318 2842 ipsam,
333 2806 360 2833 in
375 2807 522 2835 versionea
538 2807 616 2835 Billio
630 2806 790 2842 suppletam.
810 2809 837 2836 in

53 2847 125 2869 textu
138 2842 325 2877 supplevimus
340 2850 355 2870 e
367 2842 474 2877 duobus
491 2841 571 2869 codd.
589 2841 757 2870 memoratis.
774 2844 837 2870 Mox

54 2885 100 2912 pro
113 2878 161 2905 καὶ
178 2878 192 2904 ὁ
207 2877 329 2913 λαμυρὸς
349 2876 391 2911 σύ,
406 2877 472 2914 ch.
497 2885 567 2906 unus
583 2877 662 2906 habet
678 2878 724 2905 καὶ
744 2879 757 2905 ὁ
769 2878 838 2914 λαμ-

891 1608 964 1642 joco,
974 1616 1029 1635 non
1041 1609 1113 1636 serio
1124 1609 1296 1642 scribebam;
1312 1618 1372 1644 quae
1383 1615 1473 1638 autem
1486 1619 1558 1638 nunc
1571 1612 1663 1639 scribo
1672 1632 1680 1643 ,

888 1653 1033 1680 admodum
1043 1654 1115 1681 serio
1124 1655 1222 1682 scribo.
1235 1655 1300 1688 Quis
1310 1664 1349 1682 me
1359 1656 1500 1683 secundum
1515 1657 1684 1686 pristinorum

887 1699 994 1726 illarum
1010 1699 1111 1727 dierum
1124 1705 1223 1728 statum
1238 1702 1376 1728 constituet
1389 1702 1409 1734 ‘,
1424 1703 1450 1729 in
1468 1702 1568 1737 quibus
1589 1711 1638 1738 ego
1645 1708 1685 1730 te-

889 1752 950 1772 cum
958 1745 1132 1774 aﬂlictionem
1140 1754 1190 1781 pro
1197 1747 1303 1775 deliciis
1315 1747 1459 1775 habebam?
1465 1748 1683 1783 quandoquidem

889 1790 1013 1817 molestia
1019 1795 1115 1825 sponte
1126 1795 1252 1827 suscepta
1261 1792 1392 1826 voluptati
1403 1793 1515 1820 minime
1525 1793 1684 1820 voluntarias

890 1836 1079 1870 prmslat.Quis
1088 1838 1254 1872 psalmodias
1262 1838 1322 1866 illas
1329 1839 1555 1874 etvigiliasdabit,
1564 1840 1683 1875 atquead

891 1880 976 1909 Deum
992 1890 1041 1917 per
1056 1883 1207 1910 orationem
1222 1884 1470 1919 peregrinationes,
1490 1885 1617 1920 illamque
1632 1885 1684 1912 vcl-

891 1931 921 1954 ut
940 1928 1053 1955 materia
1081 1932 1223 1956 vacantem
1243 1934 1271 1956 et
1287 1930 1476 1965 incorpoream
1494 1931 1599 1957 vitam?
1617 1930 1684 1964 Quis

893 1972 1010 2001 fratrum
1024 1981 1130 2008 eorum,
1147 1976 1194 2010 qui
1211 1975 1250 2003 dii
1267 1983 1282 2002 a
1296 1979 1322 2003 te
1336 1976 1532 2009 elIiciebantur,
1553 1981 1635 2010 atque
1655 1978 1682 2005 in

891 2019 978 2046 altum
992 2020 1187 2054 evehebantur,
1206 2022 1382 2050 concordiam
1399 2022 1609 2057 animorumque
1621 2030 1683 2050 con-

889 2064 1086 2099 iunctionem?
1112 2066 1180 2099 Quis
1203 2067 1312 2095 virtutis
1342 2072 1480 2094 certamen
1496 2087 1503 2099 ,
1522 2070 1549 2095 et
1571 2067 1605 2095 ad
1621 2075 1681 2095 eam

893 2110 1090 2145 incitationem,
1117 2120 1198 2148 quam
1215 2113 1325 2148 scriptis
1346 2114 1452 2149 legibus
1467 2121 1498 2141 ac
1513 2114 1615 2149 regulis
1629 2114 1680 2141 ob-

893 2156 1083 2185 llrmavimus?
1101 2158 1168 2190 Quis
1184 2159 1339 2186 divinorum
1357 2160 1532 2187 oraculorum
1544 2160 1678 2191 studium.

892 2203 1033 2238 lucemque
1050 2204 1078 2231 in
1107 2205 1176 2240 ipsis
1203 2205 1288 2233 ductu
1311 2211 1393 2241 atque
1409 2206 1540 2241 auspiciis
1556 2206 1676 2241 Spiritus

891 2249 979 2276 sancti
994 2250 1152 2277 inventam?
1168 2252 1232 2284 Aut,
1253 2256 1283 2279 ut
1300 2251 1406 2279 minara
1420 2256 1447 2280 et
1465 2252 1564 2279 leviora
1579 2252 1679 2284 dicam,

892 2294 954 2328 quis
967 2294 1081 2323 diurnas
1102 2304 1218 2331 operum
1236 2297 1310 2325 vices
1320 2302 1348 2325 et
1364 2298 1495 2326 labores?
1518 2298 1579 2333 quis
1597 2299 1680 2332 ligno-

894 2347 954 2367 rum
977 2343 1208 2377 comportationes
1223 2347 1250 2371 ct
1269 2343 1432 2378 lapidicinas
1445 2344 1456 2371 ?
1471 2344 1533 2379 quis
1552 2344 1679 2372 arborum

890 2494 1013 2531 trpbgpd,
1025 2500 1052 2531 et
1068 2500 1096 2522 tu
1116 2476 1241 2523 illustris.

909 2529 983 2570 :(38)
1002 2530 1092 2558 Kal...
1103 2531 1171 2565 ἀήρ.
1187 2532 1233 2558 Sic
1243 2530 1319 2561 Pass.
1331 2535 1358 2559 et
1371 2531 1425 2559 duo
1433 2530 1498 2566 Reg.
1513 2530 1584 2558 Edit.
1598 2532 1679 2568 ἀνήρ,

890 2573 981 2636 Ἦὲθ)
1016 2599 1071 2636 zot-
1094 2600 1323 2634 Ἑλλήσποντον
1345 2599 1502 2636 actium.
1518 2601 1620 2628 Alludit
1642 2602 1678 2629 ad

889 2633 1008 2662 Xerxem
1020 2634 1165 2671 Persarum
1178 2633 1280 2671 regem,
1295 2636 1341 2671 qui
1356 2633 1461 2671 tantum
1479 2636 1606 2664 habuisse
1622 2636 1678 2664 fer-

891 2675 937 2697 tur
960 2670 1076 2706 _naviutn
1106 2670 1335 2706 apparatumtjut
1361 2670 1565 2706 Hellespontum
1592 2675 1677 2699 totum

891 2704 1067 2742 operiret_,_ac
1084 2704 1166 2742 ponte
1179 2705 1272 2742 Asiam
1283 2705 1403 2742 Europa:
1416 2704 1554 2742 jungeret.

927 2739 972 2772 (40
1003 2739 1077 2767 Alias
1090 2739 1135 2768 IX.
1146 2739 1254 2775 Scripta
1265 2741 1338 2768 circa
1351 2739 1423 2769 idem
1437 2739 1489 2768 tein
1512 2749 1554 2769 us.

906 2784 911 2788 ·
926 2741 983 2809 (ul
1005 2775 1051 2808 Τις
1067 2774 1106 2803 ἄν
1117 2784 1155 2809 με
1166 2776 1240 2809 θείη.
1257 2774 1296 2803 Ita
1311 2775 1377 2809 Reg.
1391 2783 1472 2804 unus.
1552 2785 1554 2788 ‘

1067 2774 1106 2803 ἄν
1117 2784 1155 2811 με
1166 2774 1240 2810 θείη.
1257 2774 1296 2803 Ita
1311 2775 1377 2812 Reg.
1391 2783 1472 2804 unus.
1487 2774 1537 2805 Ed.
1552 2776 1622 2804 male
1633 2775 1677 2807 τις

891 2819 1137 2907 ῗέεὲξῖεῶἳῖτειας.
1165 2845 1231 2882 Reg.
1251 2845 1305 2874 duo
1323 2847 1500 2883 φυτοκομίας,
1526 2846 1677 2882 plantarum
