1923 3053
55 137 92 165 ἷὸ
747 139 917 168 EPISTOLA
938 140 1005 169 VIII.

1655 143 1691 170 55

55 196 126 232 μηδὲ
140 197 197 228 τοῖς
211 196 330 229 εἰδώλοις
354 198 607 235 συναναφύρεσθαι;
624 199 687 231 Πῶς
703 200 725 226 δ’
742 201 775 228 ἂν
793 202 843 233 τοῖς

901 209 933 230 se
945 201 981 228 ab
994 201 1068 228 omni
1085 200 1190 229 scelere
1205 203 1232 228 et
1256 199 1365 235 piacqu
1378 200 1537 228 removere!
1566 199 1693 234 Quonam

54 243 120 269 ἄλλο
129 251 156 269 τι
170 243 375 279 πλημμελοῦσιν
387 245 576 281 ἐπιτιμήσειεν
588 266 596 278 ,
607 246 688 278 αὐτὸς
698 247 745 281 ἀφ’
757 247 850 280 ἑστίας

53 289 103 324 τὴν
127 289 283 325 παρρησίαν
305 290 354 316 οὐκ
375 290 445 326 ἔχων
465 292 531 326 (50).
547 292 640 320 Ταῦτα
659 292 719 320 καθ’
732 294 850 326 ἑκάστην

54 335 205 367 ἀκούοντας
221 336 294 372 ἡμᾶς
316 336 367 372 τὴν
386 337 502 373 ἡμέραν,
520 338 567 365 καὶ
584 338 625 365 ἔτι
649 339 733 367 πλείω
747 340 851 369 τούτων

54 381 102 407 καὶ
125 381 313 418 χαλεπώτερα,
334 382 389 409 τῶν
410 383 459 418 μὲν
479 385 525 410 καὶ
547 384 591 410 διὰ
609 384 698 419 φιλίαν
717 385 849 420 λεγόντων

54 428 132 459 ἴσως,
147 427 201 454 τῶν
213 427 241 453 δὲ
269 428 315 454 καὶ
331 427 375 454 διὰ
391 428 551 464 δυσμένειαν
568 430 763 466 ἐπιτιθεμένων
779 431 847 467 (5i),

54 473 115 505 1:6);
135 474 184 500 οῐει
206 474 357 502 διακεῖσθαι
377 476 426 502 καὶ
450 476 526 508 τίνας
549 476 621 512 ἔχειν
640 476 728 512 ψυχὰς
743 478 849 514 ἀνθρώ-

54 527 124 550 πους
136 519 175 554 τῷ
195 519 254 555 Θεῷ
269 520 454 556 προθεμένους
471 521 617 554 δουλεύειν,
641 524 688 551 κα).
709 524 778 559 πρὸς
798 525 849 556 τὰς

55 565 206 600 μελλούσας
230 567 296 602 ὀρᾷν
319 568 430 600 ἐλπίδας
457 569 538 604 μόνον
559 570 660 604 ἀγαθὸν
686 571 846 607 κρίνονταςς

54 609 107 637 Τὸν
126 611 175 646 μὲν
189 609 236 638 οὖν
258 611 353 648 κύριον
375 613 420 639 τὸν
443 614 549 650 πατέρα
568 615 647 650 ἡμῶν
664 616 734 643 πάνυ
747 617 847 652 δυσφο-

55 656 155 691 ροῦντα
173 657 207 683 τὰ
226 658 294 693 πρὸς
309 658 357 694 τὴν
374 659 469 695 ἀκοὴν,
495 662 542 688 καὶ
562 662 631 697 πρὸς
652 662 697 689 τὸν
718 663 775 697 βίον
799 663 848 690 αὺ-

52 702 98 728 τδν
120 703 325 739 ἀπαγορεύοντα
339 725 346 736 ,
375 705 499 733 ὁπωσοῦν
523 707 604 739 αὐτὸς
632 709 847 744 παραμυθοῦμαι

53 748 101 774 καὶ
127 748 299 784 ψυχαγωγῶ,
323 750 372 787 τὴν
395 751 444 787 σὴν
465 751 637 787 ἐγγυώμενος
660 752 783 788 γνώμην,
799 754 847 780 καὶ

55 793 156 820 πείθων
170 795 211 821 ὅτι
233 795 282 830 οὐχ
303 795 448 831 ὑπομενεῖς
475 796 515 824 ἔτι
537 798 628 824 πλεῖον
650 798 743 825 λυπεῖν
759 799 843 834 ἡμᾶς.

55 839 109 874 Τὴν
125 839 154 866 δὲ
169 839 266 875 κυρίαν
282 841 332 877 τὴν
353 841 469 878 μητέρα,
487 843 512 870 ει
532 843 642 870 πύθοιτό
657 853 683 870 τι
705 853 759 871 των
774 845 844 873 κατὰ

901 251 992 274 autem
1007 246 1089 275 modo
1105 247 1252 282 episcopus
1265 245 1351 273 alium
1371 245 1523 274 admonere
1541 251 1641 282 queat,
1658 254 1694 275 ne

900 300 915 319 a
933 297 1056 328 tempore
1073 292 1256 322 distrahatur,
1284 295 1368 326 atque
1384 299 1447 318 eum
1475 291 1556 319 idolis
1573 291 1693 319 miscea-

898 341 945 366 tur
962 342 990 365 et
1001 338 1222 366 contaminatur?
1241 338 1366 370 Quonam
1384 338 1466 364 modo
1480 345 1540 370 eos,
1554 337 1601 372 qui
1617 337 1692 366 aliud

898 383 1027 418 quiddam
1041 384 1213 419 delinquant,
1229 383 1380 418 objurgare
1393 383 1482 418 possit
1492 402 1499 414 ,
1519 382 1578 418 ipse
1594 390 1608 410 a
1621 382 1692 411 Lare

898 429 1026 457 ﬁduciam
1056 437 1111 457 non
1147 429 1270 458 habens?
1299 428 1363 456 Hec
1383 435 1434 456 nos
1446 429 1545 464 hisque
1557 429 1646 464 plura,
1663 433 1692 457 et

898 477 1024 512 graviora
1056 476 1180 512 quotidie
1207 472 1370 507 audientes,
1397 475 1497 510 partim
1524 475 1558 502 Ib
1578 475 1623 508 iis,
1642 476 1690 511 qui

897 524 987 552 amico
1015 523 1133 551 fortasse
1156 523 1249 551 animo
1280 523 1449 558 loquuntur,
1480 523 1579 558 partim
1593 523 1627 551 ab
1643 524 1690 556 iis,

897 570 1017 606 quinos
1048 571 1085 598 ob
1112 570 1284 598 inimicitiam
1310 569 1447 597 hostiliter
1479 569 1689 605 aggrediuntur,

897 623 952 648 quo
978 615 1089 643 tandem
1116 615 1198 643 modo
1222 614 1291 642 allici
1307 619 1333 642 et
1348 623 1429 650 quem
1446 615 1570 642 animum
1589 615 1691 644 habere

897 665 992 696 putas,
1010 669 1071 693 nos,
1089 661 1214 697 inquam,
1230 662 1277 697 qui
1295 661 1349 689 Deo
1365 662 1469 689 servire
1485 662 1690 697 proposuimus,

897 715 948 735 nec
966 707 1052 734 ullum
1069 707 1144 735 aliud
1163 708 1263 735 bonum
1281 715 1344 736 esse
1358 707 1527 742 judicamus,
1545 716 1626 744 quam
1648 709 1692 736 ίιι-

896 756 965 780 tura:
981 753 1044 780 vitae
1065 760 1129 787 spes
1144 753 1180 780 ob
1197 752 1295 780 oculos
1323 753 1428 787 positas
1443 752 1566 780 habere?
1587 753 1627 781 Ac
1640 753 1692 780 doc

897 798 1000 826 minum
1025 799 1137 834 quidem
1170 802 1275 834 patrem
1306 803 1452 832 nostrum.
1471 808 1615 829 sermones
1639 801 1691 830 hos

897 852 1028 880 perquam
1054 853 1126 880 aegre
1139 845 1269 873 ferentem
1280 866 1287 878 ,
1305 846 1449 881 ipsiusque
1464 847 1546 875 etiam
1562 848 1625 875 vita:
1641 851 1690 875 tae-

56 884 84 909 σὲ
101 883 194 919 (μέχρι
209 884 263 921 γὰρ
282 885 329 912 τοῦ
353 886 400 912 νῦν
417 886 487 919 τέως
498 887 715 923 ἀπεκρυψάμεθα
735 888 843 922 πολλαῖς

897 890 942 918 dio
956 891 1126 919 laborantem
1141 911 1148 924 ,
1169 899 1280 927 quoquo
1292 893 1375 920 modo
1392 894 1467 921 solor
1483 901 1516 921 ac
1532 901 1640 926 recreo,
1656 895 1691 922 de

54 928 209 963 ἐπινοίαις),
234 929 291 956 οἵου
312 930 359 956 καὶ
387 930 524 963 παντελῶς
545 932 758 968 ἀπαραμύθητον
775 934 845 967 ἕξειν

54 973 83 998 τὸ
105 973 200 1005 πάθος,
223 975 259 1006 ὡς
287 975 405 1009 γυναῖκά
429 985 458 1003 τε
482 975 563 1004 οὖσαν
589 978 773 1014 μικρόψυχον,
799 980 846 1007 καὶ⁵

53 1019 140 1052 ἄλλως
165 1020 208 1047 διὰ
235 1021 266 1047 τὺ
286 1021 346 1048 λίαν
372 1022 505 1055 εὐλαϐὲς,
534 1024 691 1060 μετριάζειν
716 1025 779 1061 περὶ
812 1026 845 1053 τὰ

53 1064 165 1092 τοιαῦτα
177 1066 208 1092 οὐ
219 1066 381 1102 δυναμένην.
400 1067 430 1095 Εἰ
450 1067 500 1103 μὲν
523 1066 569 1095 οὖν
590 1078 650 1096 τινα
669 1070 717 1097 καὶ
732 1071 844 1098 σεαυτοῦ

53 1111 99 1137 καὶ
123 1111 202 1146 ἡμῶν
227 1113 290 1148 ποιῇ
318 1113 413 1148 λόγον,
437 1114 581 1149 βούλευσαι
614 1125 640 1143 τι
669 1116 772 1151 βέλτιον
799 1118 846 1144 καὶ

52 1157 263 1193 ἀσφαλέστερον.
291 1159 402 1193 Πάντως
427 1162 482 1198 γάρ
505 1162 552 1188 καὶ
577 1162 610 1188 τὰ
636 1162 752 1189 ἐνταῦθα
777 1163 846 1199 πρὸς

52 1201 207 1238 ἐλευθέριον
220 1202 356 1240 διαγωγὴν
373 1205 508 1241 αὐτάρκη,
523 1206 560 1242 τῷ
578 1215 610 1241 γε
627 1207 664 1242 μὴ
679 1207 738 1234 λίαν
756 1207 844 1243 ἀπλή-

52 1255 109 1283 στῳ
135 1247 204 1283 (52),
227 1249 293 1284 μηδὲ
322 1250 435 1286 ἀμέτρῳ
461 1252 527 1288 περὶ
549 1252 598 1288 τὴν
623 1252 772 1288 ἐπιθυμίαν
797 1253 844 1280 τοῦ

52 1293 186 1326 πλείονος.
208 1295 288 1323 Ἀλλά
301 1297 348 1323 καὶ
361 1298 408 1324 τοῦ
431 1300 624 1331 καταστάσεως
644 1308 674 1326 σε
690 1300 781 1335 τυχεῖν
795 1300 844 1335 οὐχ

51 1340 107 1375 ὁρῶ
122 1341 185 1368 τίνα
198 1343 292 1377 καιρὸν
310 1343 507 1380 ἀναμενοῦμεν,
523 1345 569 1372 τὸν
588 1345 634 1372 νῦν
657 1346 796 1378 ἐάσαντες.
813 1346 845 1373 Et

52 1385 79 1412 δὲ
105 1386 157 1421 τῆς
182 1388 268 1423 αὐτῆς
294 1389 342 1425 ἔχῃ
361 1389 483 1426 γνώμης,
510 1392 557 1418 καὶ
583 1391 668 1427 μικρὰ
688 1392 778 1419 πάντα
804 1401 844 1418 σοι

53 1432 122 1468 πρὸς
135 1433 185 1468 τὴν
201 1433 268 1461 ἰδίαν
293 1436 391 1471 ὁρμὴν,
419 1436 483 1462 ἄλλο
507 1436 556 1471 μὲν
585 1436 661 1463 οὐδὲν
681 1438 766 1463 είπεῖν
782 1437 844 1472 βού-

53 1478 134 1513 λομαι
147 1479 291 1516 δυσχερές’
310 1482 436 1508 τοσοῦτον
451 1482 479 1509 δὲ
493 1482 618 1518 προλέγω
629 1483 675 1509 καὶ
692 1483 843 1519 διαμαρτύ-

56 1532 146 1559 ρομαι,
164 1526 204 1552 ὅτι
217 1525 290 1553 δυοῖν
300 1527 407 1564 ἀνάγκη
428 1528 552 1564 θάτερον,
570 1529 586 1564 ἢ
600 1529 712 1564 γνήσιον
729 1529 842 1565 μένοντα
858 1552 878 1565 ί,

858 1552 870 1580 ί

57 1568 216 1604 Χριστιανὸν
240 1571 289 1607 τὴν
318 1573 484 1609 ἀτιμοτάτην
511 1574 593 1601 αὑτοῦ
620 1574 748 1610 τετάχθαι
774 1575 840 1609 (55),
858 1568 878 1581 “’

55 1615 100 1641 καὶ
116 1616 244 1650 πράττειν
260 1618 376 1651 ἀναξίως
392 1619 448 1646 καὶ·
456 1620 569 1646 σεαυτοῦ
583 1621 629 1646 καὶ
642 1620 696 1647 τῶν
708 1619 822 1647 ἐλπίδων
831 1629 839 1636 ·

55 1661 136 1695 ῆτῆς
160 1663 245 1698 τιμῆς
273 1664 424 1700 ἐφιέμενον,
440 1666 505 1702 περὶ
534 1666 569 1693 τὰ
596 1667 762 1704 καιριώτερα
778 1668 842 1704 βλά-

55 1707 181 1739 πτεσθαι,
197 1708 244 1734 τοῦ
263 1709 367 1737 καπνοῦ
387 1719 418 1745 γε
434 1712 596 1747 μετέχοντα,
621 1714 645 1740 εί
669 1714 716 1740 καὶ
738 1714 776 1750 μὴ
794 1714 841 1741 τοῦ

55 1753 149 1788 πυρός.

897 940 943 963 tua
970 937 1113 965 voluntate
1130 938 1169 964 illi
1196 939 1354 973 spondens,
1371 943 1454 975 atque
1475 939 1642 967 conﬁrmans
1663 944 1691 968 te

896 982 924 1018 8
937 991 1110 1018 nequaquam
1123 983 1227 1012 diutius
1244 985 1324 1012 nobis
1349 986 1494 1013 molestum
1509 986 1576 1014 fore.
1596 986 1690 1015 Domi-

896 1035 958 1055 nam
989 1034 1079 1056 autem
1104 1033 1239 1062 matrem,
1259 1030 1282 1058 si
1307 1031 1457 1067 quidquam
1478 1032 1512 1060 de
1535 1032 1591 1060 tuis
1606 1033 1691 1060 rebus

896 1074 1033 1102 resciscat
1058 1074 1136 1110 (nam
1165 1075 1198 1102 ad
1217 1075 1290 1103 hunc
1318 1085 1406 1111 usque
1427 1078 1498 1105 diem
1513 1078 1607 1106 multis
1623 1079 1691 1108 arti-

896 1120 948 1147 bus
970 1128 1030 1147 eam
1062 1120 1248 1156 celavimus),
1276 1121 1314 1148 ita
1348 1122 1430 1150 velim
1461 1123 1603 1151 existimes
1628 1131 1690 1152 eam

895 1169 1002 1193 tantum
1018 1166 1140 1194 dolorem
1155 1167 1321 1200 habituram,
1341 1171 1370 1195 ut
1386 1168 1462 1196 nullo
1480 1169 1593 1196 omnino
1614 1169 1690 1197 sola-

895 1212 935 1240 tio
958 1213 1078 1248 mitigari
1098 1214 1203 1248 possit,
1222 1219 1317 1249 utpote
1340 1215 1488 1243 imbecillis
1509 1215 1594 1242 animi
1616 1215 1690 1244 fciui-

895 1267 958 1286 nam
973 1279 980 1291 ,
1007 1263 1035 1286 et
1055 1259 1173 1295 alioqui,
1194 1261 1229 1287 ob
1247 1261 1358 1295 pietatis
1381 1261 1610 1296 magnitudinem.
1631 1270 1691 1290 mo-

894 1306 959 1333 dum
973 1306 999 1333 in
1016 1307 1172 1342 hujusmodi
1186 1308 1268 1335 rebus
1276 1311 1369 1335 tenere
1382 1311 1578 1344 nequeuntem.
1591 1307 1690 1342 Quam-

895 1352 989 1380 obrem
1003 1373 1011 1385 ,
1038 1353 1061 1380 si
1079 1361 1161 1388 quam
1188 1357 1215 1380 et
1229 1353 1267 1380 tui
1291 1357 1318 1381 et
1341 1353 1429 1381 nostri
1441 1353 1575 1381 rationem
1593 1354 1688 1388 habes,

895 1397 993 1426 melius
1021 1399 1162 1433 tutiusque
1189 1398 1238 1426 tibi
1261 1399 1386 1427 consule.
1407 1398 1475 1426 Nam
1491 1399 1589 1435 procul
1603 1399 1689 1428 dubio

895 1442 1040 1472 facultates
1054 1449 1155 1471 nostra:
1174 1444 1207 1471 ad
1224 1445 1307 1472 vitam
1320 1445 1439 1481 ingenue
1455 1445 1623 1480 honesteque
1638 1445 1688 1473 de-

895 1488 1010 1521 gendam
1025 1488 1173 1521 sulliciunt,
1201 1489 1305 1517 homini
1320 1491 1416 1525 utique
1441 1498 1493 1518 non
1512 1490 1595 1518 nimis
1612 1490 1690 1518 inex-

896 1532 999 1567 plebili,
1021 1541 1072 1561 nec
1091 1534 1236 1562 immodica
1254 1535 1316 1570 plus
1338 1535 1457 1563 habendi
1471 1536 1623 1571 cupiditate
1639 1535 1690 1562 ﬂa-

895 1579 996 1613 granti.
1014 1579 1086 1612 Quin
1099 1580 1181 1607 etiam
1205 1581 1238 1608 ad
1254 1582 1464 1610 constituendas
1479 1582 1543 1610 vita:
1574 1587 1627 1610 tua:
1641 1589 1688 1609 ra-

895 1624 985 1652 tiones
1015 1625 1085 1653 haud
1111 1626 1203 1659 video,
1228 1628 1366 1663 quodnam
1383 1632 1492 1664 tempus
1510 1629 1689 1664 exspectabi-

895 1677 967 1702 mus,
986 1671 1008 1697 si
1026 1671 1077 1698 hoc
1092 1672 1174 1700 nobis
1188 1672 1298 1701 elIIuere
1310 1673 1446 1702 sinamus.
1460 1673 1537 1707 Quod
1561 1674 1584 1701 si
1601 1674 1627 1701 in
1641 1682 1688 1703 ea-

894 1715 955 1743 dem
969 1720 1076 1751 perstas
1094 1718 1246 1750 sentcntia,
1262 1727 1372 1754 prwque
1393 1723 1439 1746 tua
1461 1720 1612 1755 cupiditate
1625 1728 1687 1748 om-

894 1762 941 1789 nia
961 1771 1045 1798 parva
1069 1765 1228 1798 existimas,
1260 1766 1334 1793 aliud
1359 1767 1470 1802 quidem
1499 1767 1592 1796 acerbi
1618 1768 1687 1796 nihil

57 1801 182 1837 proloqui
206 1803 273 1831 libet
293 1812 300 1830 :
320 1804 372 1832 hoc
404 1809 509 1832 tantum
528 1806 648 1841 praedico
669 1810 697 1834 et
713 1806 858 1840 denuntio,
876 1815 892 1836 e
919 1808 1028 1837 duobus
1055 1810 1171 1837 alterum
1194 1818 1308 1839 necesse
1333 1801 1412 1844 esse,
1439 1815 1469 1840 ut
1491 1812 1534 1840 vel
1560 1813 1686 1842 sincerus

55 1848 229 1879 Christianus
255 1859 368 1880 manens
392 1854 633 1889 contemptissimae
643 1855 862 1883 Christianorum
884 1857 967 1884 classi
990 1859 1151 1890 ascriharis,
1176 1859 1344 1894 indigneque
1374 1860 1451 1887 vivas
1471 1866 1498 1888 et
1524 1860 1643 1896 teipso,-
1658 1866 1685 1889 et

56 1904 102 1930 spe
125 1904 209 1931 quam
237 1898 407 1933 concepisti:
438 1899 478 1926 vel
502 1899 620 1927 honores
644 1905 789 1936 expetens,
813 1901 841 1928 in
856 1902 938 1930 rebus
953 1903 1067 1938 majoris
1087 1905 1219 1931 momenti
1247 1904 1443 1932 detrimentum
1464 1906 1572 1941 capias.
1602 1907 1685 1934 fumi-

55 1953 107 1979 que
119 1946 228 1979 saltem,
241 1947 263 1973 si
274 1954 328 1973 non
339 1947 485 1990 ignisuﬁas
499 1948 647 1984 particeps.

284 2003 324 2031 ιγ.
358 2004 514 2040 ΒΑΣΙΛΕΙῼ
530 2005 596 2041 (si).

1171 2003 1241 2031 VIII.
1257 2003 1401 2031 BASILIO.

89 2059 130 2085 Ad
149 2059 280 2086 Basiliam
294 2068 383 2097 recens
394 2059 572 2097 presbyterum
588 2065 715 2093 creatum,
728 2061 854 2096 scriptam
865 2068 921 2088 esse
935 2067 983 2087 vm
994 2059 1133 2097 epistolam
1149 2059 1321 2097 manifestum
1333 2064 1371 2097 est
1383 2059 1427 2097 his;
1438 2059 1594 2097 uerbissTu
1610 2068 1678 2097 1uo-

56 2102 107 2133 que
121 2098 219 2129 captus
233 2103 273 2127 es,
289 2095 372 2133 inquit
392 2094 495 2133 Basilio
513 2094 664 2133 Gregorius,
677 2094 906 2133 quemadmodum
927 2100 957 2133 et
976 2094 1254 2133 nesciri-uniscripti,
1272 2094 1492 2133 quandoquidem
1516 2096 1548 2133 ad
1567 2094 1676 2133 presby-

57 2130 153 2155 larium
169 2130 299 2164 pertracti
314 2137 420 2157 sumus.
442 2130 537 2166 Itaque
550 2131 574 2157 si
588 2130 705 2158 Basilius
720 2139 789 2158 anno
808 2131 870 2162 562,

890 2135 919 2156 ιιι
934 2130 997 2158 ciris
1017 2129 1178 2156 doctissimis
1200 2129 1378 2162 Tillemonlio,
1392 2129 1598 2164 Ilermantiopet
1618 2129 1681 2160 aliis

57 2166 139 2207 qi'sum
153 2169 201 2204 est,
216 2165 303 2206 factus
315 2169 353 2191 est
364 2164 510 2207 presbyter,
525 2166 664 2207 epislqium
676 2175 731 2207 .vm
747 2166 838 2194 eodem
852 2174 921 2207 αηηο
937 2165 1068 2207 scriptam
1084 2173 1141 2192 esse
1154 2164 1297 2207 {Omla'bi'L
1317 2164 1414 2207 Verum
1427 2165 1459 2207 αθ
1474 2166 1517 2207 iis,
1531 2167 1592 2207 licet
1602 2175 1681 2207 (agre,

55 2200 178 2226 dissentit
188 2200 346 2236 novissimus
356 2199 527 2234 epistularum
542 2201 641 2228 Basilii
649 2201 746 2233 edilor,
763 2201 870 2236 etquod
885 2209 944 2227 eum
955 2201 1068 2227 deterret
1091 2200 1205 2236 maxime
1222 2199 1254 2226 ab
1272 2199 1321 2225 hac
1343 2200 1528 2236 amplectunda
1549 2199 1680 2235 opinione,

56 2235 177 2268 inprimis
193 2239 254 2262 sunt
267 2235 322 2261 hau:
341 2236 459 2268 epistola:
471 2236 554 2270 ipsius
569 2236 657 2269 verba,
673 2237 766 2271 quibus
781 2235 915 2263 Basiliam
931 2239 1072 2271 ηιοηειμιι
1097 2235 1150 2271 sibi
1162 2240 1261 2266 narrat,
1275 2239 1425 2271 przesertini
1442 2235 1477 2262 ob
1492 2240 1599 2271 tempus
1612 2239 1682 2264 mul-

55 2275 96 2296 tas
108 2270 135 2297 in
151 2278 199 2297 nos
214 2271 403 2298 luereticorum
418 2269 541 2299 excitans
557 2269 700 2307 Iinguasﬁi
721 2273 787 2305 Quae
800 2272 887 2304 verba,
901 2271 996 2306 inquit,
1015 2269 1132 2297 Valentis
1143 2270 1252 2304 imperio
1267 2270 1380 2304 miriﬁce
1395 2269 1562 2305 congruunt}
1575 2270 1682 2300 Juliuut'

54 2313 112 2332 νει-ο
130 2313 303 2340 nequaquam.
325 2315 334 2331 I

94 2362 214 2390 Ἐπαινῶ
233 2371 279 2389 σου
300 2363 350 2399 τῆς
375 2363 520 2399 ἐπιστολῆς
542 2364 573 2391 τὸ
593 2364 744 2401 προοίμιον.
763 2364 795 2391 Τί
813 2365 841 2392 δὲ

927 2363 1056 2398 Epistola:
1067 2367 1121 2390 tum
1136 2361 1300 2398 prooemium
1319 2362 1411 2389 laudo.
1427 2361 1497 2396 Quid
1512 2367 1602 2390 autem
1620 2367 1678 2392 tuo-

53 2409 106 2435 τῶν
124 2409 179 2435 σῶν
201 2409 251 2435 οὐκ
274 2409 431 2442 ὲπαινετόνς
458 2410 506 2436 καὶ
533 2410 565 2436 σὺ
581 2410 666 2443 ἑάλως
687 2411 779 2447 ὥσπερ
793 2412 841 2438 καὶ

53 2455 133 2490 ἡμεῖς
146 2455 323 2490 γεγραφότες,
348 2456 440 2490 ἐπειδή
465 2463 497 2490 γε
524 2457 563 2488 εἰς
587 2457 633 2483 τὸν
656 2457 840 2492 πρεσῦυτέρου

55 2501 158 2536 βαθμὸν
170 2500 345 2536 ὲὸιάσθημεν.
365 2501 459 2528 Καίτοι
471 2510 502 2536 γε
516 2501 546 2528 οὑ
565 2502 644 2528 τοῦτο
660 2503 725 2538 ἡμῖν
741 2503 840 2529 ἐσπου-

88 2578 145 2613 (50)
171 2578 228 2612 Ἀφ’
244 2578 347 2611 ἑστίας
358 2577 416 2612 τὴν
429 2579 600 2613 πφρησίαν
612 2579 667 2605 οὐκ
682 2578 769 2612 ἔχων.
786 2577 810 2607 Is
824 2588 839 2607 a

55 2612 121 2640 Lare
151 2614 276 2640 ﬁduciam
302 2622 355 2640 non
378 2614 476 2641 habere
502 2613 613 2646 dicitur,
637 2614 682 2648 qui
709 2614 837 2642 delictum

54 2649 162 2683 aliquod
176 2649 280 2675 idcirco
294 2649 491 2684 reprehendere
508 2656 540 2676 ac
563 2649 702 2676 vindicare
716 2657 770 2676 non
787 2657 838 2676 au-

53 2685 107 2714 det.
130 2684 194 2718 quia
216 2684 391 2718 semetipsum
418 2685 458 2711 vel
477 2684 642 2711 domesticos
664 2691 729 2712 suos
739 2692 773 2711 eo
790 2684 839 2711 ob-

53 2719 164 2746 strictos
176 2726 237 2746 esse
255 2720 347 2746 sentit.
367 2718 511 2751 Quomodo
534 2719 626 2753 igitur,
643 2720 732 2754 inquit
750 2718 837 2747 Theo-

54 2754 140 2788 I-gus,
155 2753 188 2780 ad
208 2754 290 2788 hujus
304 2755 365 2780 vitae
382 2754 486 2788 fragilis
503 2761 648 2789 rerumque
667 2753 837 2782 terrenarum

53 2789 256 2823 despectionem
283 2789 351 2816 alios
373 2789 431 2822 jam
457 2789 619 2821 hortabitur,
645 2797 707 2819 cum
740 2789 839 2817 habeat

56 2825 137 2851 lilium
151 2824 251 2859 mundi
259 2824 452 2859 cupiditatibus
464 2824 640 2851 immersum?
653 2824 773 2852 BILLIUS.

87 2859 144 2894 (51)
162 2859 215 2886 Διὰ
238 2858 420 2894 δυσμένειαν
438 2858 654 2892 ὲπιτιθειιέναη.
681 2859 732 2892 Qui
746 2859 782 2886 ob
797 2860 838 2886 in-

894 2419 954 2438 rum
969 2418 1024 2437 non
1040 2414 1082 2437 est
1097 2408 1283 2436 laudandum?
1306 2409 1344 2436 Ae
1361 2412 1389 2435 tu
1405 2413 1502 2443 captus
1517 2417 1557 2440 cs,
1585 2417 1680 2444 quem-

894 2457 1039 2484 admodum
1055 2464 1106 2483 nos
1132 2463 1241 2490 quoque
1256 2455 1456 2490 circumscripti
1475 2464 1481 2482 :
1508 2455 1680 2490 quandoqui-

893 2503 955 2530 dem
983 2502 1016 2528 ad
1044 2501 1195 2536 presbyteri
1230 2499 1342 2535 gradum
1358 2499 1484 2534 pertracti
1502 2506 1606 2526 sumus.
1623 2499 1679 2527 Nec

894 2580 1034 2608 imicitiam
1062 2579 1236 2614 ampliticant.
1262 2577 1368 2607 Billius,
1384 2577 1429 2612 qui
1455 2576 1487 2603 ob
1511 2577 1678 2605 inimiciliam

894 2616 967 2643 nobis
980 2615 1126 2642 imminent.

927 2650 982 2687 (52)
1001 2649 1047 2687 Td)
1060 2658 1092 2687 γε
1102 2647 1145 2683 μὴ
1164 2647 1236 2687 ἀξίαν
1254 2647 1425 2687 ἀπλήστῳ..
1439 2646 1477 2687 Ita
1503 2646 1569 2682 Reg.
1592 2655 1675 2676 unus.

891 2681 940 2713 Ed‘.
972 2681 1069 2711 minus
1080 2681 1147 2710 bene
1157 2682 1196 2717 τῷ
1208 2690 1239 2716 γε
1254 2682 1314 2708 λίαν
1326 2682 1362 2717 μὴ
1378 2681 1517 2717 ἀπλήστῳ.

1069 2709 1247 2752 (inponit-iw
1260 2709 1511 2754 ᾳὺτιξῦὶετάῖξθᾳί.
1525 2716 1580 2744 Vox
1593 2717 1676 2754 αρτοῦ

891 2752 934 2783 sic
948 2752 1268 2789 accipiendaest.__quasi
1294 2752 1429 2789 referatur
1445 2752 1585 2789 θάνοι-ειη
1607 2753 1675 2789 Χρι-

891 2787 1053 2825 στιανισμζόν
1072 2787 1263 2820 subauditam;
1281 2795 1312 2814 ac
1332 2787 1428 2815 deinde
1449 2787 1676 2823 subintelligenda

890 2830 933 2853 est
947 2833 998 2852 vox
1011 2824 1098 2853 τάξιν.

927 2842 1130 2896 ἱεῖιῗλῖἷξῗὲἲὶι.
1147 2857 1252 2892 Scripta
1268 2858 1342 2885 circa
1357 2857 1437 2885 ﬁnem
1453 2857 1515 2885 anni
1530 2856 1592 2885 562.
