1923 3053
239 128 274 156 35
841 126 870 154 S.
891 125 1057 154 GREGORII
1078 125 1252 154 THEOLOGI
1839 126 1873 154 56

239 187 312 215 enim
325 185 351 213 id
368 193 383 212 a
398 185 479 213 nobis
501 184 696 220 expetebatur.
717 183 785 212 Nam
811 189 927 220 uterque
943 185 1032 217 alteri,

1089 184 1189 216 Βάξετο.
1210 183 1346 220 Ἀλλήλοις
1376 183 1431 219 γάρ
1452 183 1558 223 ἐσμεν,
1585 184 1664 219 εἴπερ
1690 183 1764 211 ἄλλοι
1792 185 1872 217 τινὲς,

241 232 264 260 si
280 231 326 258 alii
343 231 484 266 quiquam,
515 231 667 266 locupletes
694 238 756 258 esse
771 234 856 258 testes
874 238 1034 266 possumus,

240 285 323 314 quam
339 277 419 304 nobis
445 276 521 304 cordi
545 280 620 303 esset
637 276 773 311 pedestris
790 276 962 311 philosophia
983 275 1035 302 hu-

241 324 334 358 mique
361 323 500 357 depressa.
530 321 630 350 Verum
659 322 711 349 hoc
747 330 802 349 non
831 322 889 349 ﬁeri
917 321 1036 349 fortasse

241 369 353 403 quidem
382 369 555 404 praestitisset
581 378 587 395 :
613 373 659 395 aut
671 375 726 403 quo
744 369 798 395 alio
824 369 906 395 verbo
920 372 981 394 utar
998 367 1036 394 in-

243 420 334 443 certus
350 423 422 447 sum,
445 414 567 449 quandiu
585 414 705 450 Spiritus
721 415 808 442 sancti
824 414 970 442 consilium
991 421 1035 441 ex-

243 461 378 496 ploratum
401 468 454 487 non
490 460 620 487 habuero.
657 459 793 492 Quoniam
818 464 909 488 autem
932 459 1034 487 factum

243 510 305 539 est,
329 507 401 534 ferre
419 514 532 534 necesse
554 510 596 534 est
609 526 617 538 ,
642 511 670 533 ut
690 506 754 533 mihi
770 506 881 541 quidem
906 505 1034 537 videtur,

244 560 276 579 ae
295 553 447 588 prtesertim
485 553 521 579 ob
542 557 649 587 tempus
679 552 762 584 istud,
779 552 853 587 quod
873 553 972 579 multas
987 552 1035 579 ad-

243 606 354 626 versum
369 605 419 625 nos
442 597 632 625 haereticorum
646 598 755 632 linguas
770 598 871 625 excitat
891 607 897 624 :
918 605 967 625 nec
987 600 1035 624 aut

1083 231 1234 264 ἀξιόπιστοι
1260 229 1397 265 μάρτυρες
1418 228 1465 255 τοῦ
1481 229 1531 264 τὴν
1559 229 1645 264 πεζὴν
1662 229 1785 263 στέργειν
1800 229 1874 265 φιλο-

1084 275 1179 309 σοφίαν
1206 275 1262 310 (55)
1288 274 1335 301 καὶ
1359 273 1435 301 κάτω
1463 275 1605 309 μένουσαν.
1630 274 1709 301 Ἀλλὰ
1734 275 1814 301 τοῦτο
1836 276 1872 311 μὴ

1082 319 1210 354 γενέσθαι
1233 320 1281 354 μὲν
1305 319 1369 351 ἴσως
1389 319 1500 353 ἄμεινον
1521 316 1572 354 ἦν’
1589 319 1605 354 ἢ
1627 319 1677 345 οὐκ
1698 317 1746 345 οἷδ’
1762 320 1802 346 ὅτι
1827 321 1872 346 καὶ

1083 365 1136 400 φῶ,
1149 366 1201 397 ἓως
1217 366 1250 392 ἂν
1266 364 1355 400 ἀγνοῶ
1372 364 1428 400 (56)
1445 365 1494 400 τὴν
1517 365 1673 399 οἰκονομίαν
1686 365 1731 391 τοῦ
1748 365 1873 400 Πνεύμα-

1083 421 1138 444 τος.
1158 412 1234 438 Ἐπεὶ
1245 411 1273 438 δὲ
1289 411 1406 446 ἐγένετο,
1423 411 1517 446 φέρειν
1539 411 1655 446 ἀνάγκη,
1675 411 1712 443 ὡς
1733 411 1798 445 γοῦν
1814 411 1874 446 ἐμοὶ

1084 458 1289 492 καταφαίνεται,
1310 457 1357 483 καὶ
1382 457 1497 492 μάλιστα
1516 457 1560 483 διὰ
1583 457 1628 483 τὸν
1653 457 1756 493 καιρὸν,
1775 457 1874 488 πολλὰς

1083 504 1148 539 ἡμῖν
1164 503 1308 539 αἱρετικῶν
1322 503 1502 536 ἐπεισάγοντα
1517 502 1650 537 γλώσσας,
1664 503 1710 532 καὶ
1727 503 1764 538 μὴ
1780 512 1876 530 καται-

1085 550 1191 585 σχύνειν
1208 550 1276 585 μήτε
1295 550 1344 581 τὰς
1369 549 1422 575 τῶν
1436 549 1654 576 πεπιστευκότων
1674 549 1729 584 (5⁵1)
1753 549 1873 582 ἐλπίδας,

1086 597 1157 631 μήτε
1171 596 1218 622 τὸν
1232 595 1365 632 ἡμέτερον
1381 595 1446 631 βίον.

245 644 302 679 spei
315 651 421 676 eorum,
434 643 481 678 qui
497 643 576 670 nobis
589 643 770 670 ministerium
785 643 972 676 crediderunt,
987 647 1034 670 aut
1051 642 1186 678 superiori
1201 642 1262 669 vita
1279 646 1380 669 nostrae
1395 641 1521 668 dedecori
1541 649 1613 669 esse.

461 702 489 737 9
503 702 546 729 IX.
567 702 811 729 AMPHILOCHIO.

1319 702 1357 729 θ’,
1374 701 1563 736 Attianum
1579 700 1644 736 (58).

280 750 348 777 Ante
361 758 457 776 annum
474 749 535 781 562,
552 758 601 783 quo
621 749 655 775 ad
669 749 844 776 sacerdotium
856 755 957 777 evectus
968 754 1007 777 est
1019 749 1170 784 Gregorius,
1187 749 1326 785 epistolam
1341 749 1375 776 ad
1391 749 1612 784 Amp/tilucliium,
1630 749 1701 785 alias
1719 756 1790 780 cur,
1809 750 1875 776 scri-

245 790 378 817 ptamnon
393 785 474 818 fuisse
484 785 595 810 suadent
607 785 661 810 Iure
671 785 765 811 verba:
786 785 900 816 Horum,
916 786 960 820 qui
976 783 1095 812 sacrario
1110 783 1272 820 ministrant,
1288 790 1330 812 est
1344 785 1528 811 condiaconus
1539 787 1631 810 noster
1643 783 1796 820 Euthalius,
1809 792 1849 811 etc
1865 806 1872 817 ,

245 829 304 855 qua;
319 821 369 846 nisi
382 820 524 853 superioris
538 819 652 850 ordinis.
665 820 704 846 vel
714 825 783 846 certe
799 818 928 854 ejusdem,
942 821 1026 847 virum
1043 829 1094 848 non
1105 821 1205 848 decent.
1221 819 1312 854 Neque
1327 827 1386 846 vero
1410 820 1436 855 in
1453 824 1585 853 sequentes
1597 827 1681 846 annos
1695 818 1762 855 lianc
1777 821 1874 853 episto-

247 858 300 882 lam
315 855 421 888 di/ferre
433 856 495 881 sinit
508 855 625 888 epistolte
643 855 725 888 ipsius
737 855 864 882 initium:
880 855 953 882 Bene
969 860 1074 883 strueto
1087 857 1209 883 thalamo
1225 856 1370 882 columnas
1388 854 1502 887 subjire,
1522 858 1636 889 atque...
1653 861 1668 880 a
1685 854 1780 881 dextro
1795 855 1875 882 initio

247 891 326 918 nobis
342 891 500 921 iuuotcsce;
521 897 579 924 qua:
591 895 644 915 tmn
662 890 776 923 primum
792 890 844 924 fori
855 890 966 924 judiciis
980 890 1191 925 Amphilochium
1208 895 1364 924 occupatum
1382 895 1504 923 arguunt.

282 943 398 974 Aureas,
423 948 453 970 ut
478 942 588 970 Pindari
621 944 710 971 verbis
737 947 810 976 utar,
837 945 905 972 bene
931 948 1036 972 structo

1123 945 1248 981 Χρυσέας
1264 945 1415 978 ὑπόστησον
1432 944 1547 978 εὐτειχεῖ
1568 943 1681 978 θαλάμῳ
1699 943 1754 978 (59)
1770 943 1873 975 κίονας.

248 987 368 1015 thalaqu
384 988 528 1016 columnas
549 989 664 1024 subjice,
683 995 763 1025 atque
781 990 808 1017 in
826 991 954 1025 prazsenti
970 999 1037 1018 cura

247 1035 374 1062 adextro
399 1035 478 1062 initio
507 1035 586 1063 nobis
610 1036 770 1069 innotesce;
796 1042 826 1063 ut
845 1037 926 1064 etiam
951 1037 1038 1064 admi-

249 1081 363 1108 randum
375 1081 507 1116 palatium
517 1085 655 1114 exstruas,
671 1082 805 1109 illustrem
819 1083 846 1110 in
863 1091 894 1110 ea
907 1087 933 1110 te
948 1083 1037 1118 ipsum

249 1126 408 1153 ostendens.
422 1126 544 1159 Quanam
561 1132 651 1154 autem
667 1128 775 1155 ratione
790 1128 816 1154 id
829 1132 956 1156 testatum
975 1129 1037 1156 red-

248 1172 317 1200 des?
336 1174 360 1200 si
379 1172 462 1199 Deum
480 1181 512 1200 ac
527 1181 571 1200 res
590 1173 698 1201 divinas
719 1174 815 1201 honori
837 1174 938 1202 habeas
956 1183 963 1201 :
984 1182 1038 1209 quo

249 1218 315 1254 quid
333 1218 422 1253 majus
438 1225 470 1245 ac
487 1219 633 1246 sublimius
649 1227 709 1246 esse
727 1219 824 1247 ducis?
839 1220 889 1252 Qui
905 1228 997 1254 porro,
1011 1223 1039 1247 et

247 1265 348 1300 quibus
366 1264 448 1291 rebus
463 1264 635 1292 honorabis?
653 1264 711 1292 Una
735 1266 786 1293 hac
810 1266 926 1298 scilicet,
954 1266 976 1293 si
991 1273 1039 1292 eo-

247 1319 320 1342 rum.
339 1312 385 1346 qui
400 1311 454 1338 Deo
469 1315 571 1344 astant,
588 1319 619 1338 ac
635 1312 757 1339 sacrario
774 1312 943 1344 ministrant,
960 1320 1038 1339 eom—

248 1355 338 1384 modis
351 1357 490 1383 consulas.
509 1356 611 1383 llorum
630 1365 645 1384 e
664 1365 779 1384 numero
795 1361 836 1385 est
852 1357 1038 1384 condiaconus

248 1407 345 1430 noster
372 1402 529 1434 Euthalius,
555 1403 600 1429 cui
625 1403 720 1430 nescio
745 1411 800 1438 quo
823 1407 904 1437 pacto
930 1407 1038 1437 postea-

248 1456 329 1483 quam
353 1447 387 1474 ad
410 1448 597 1475 sublimiorem
620 1450 733 1482 gradum
754 1449 890 1483 migravit,
912 1449 970 1475 auri
989 1448 1039 1474 tri-

249 1493 345 1520 butum
370 1493 511 1527 imponere
534 1497 671 1520 conantur
694 1493 723 1524 ii,
743 1494 789 1528 qui
809 1502 898 1520 rerum
919 1493 1039 1521 admini-

249 1538 378 1566 strationi
395 1537 514 1573 praefecti
534 1543 608 1565 Sllnl.
628 1538 694 1571 Hoc,
712 1547 816 1574 qmeso.
838 1547 871 1566 ne
889 1540 936 1566 tibi
954 1539 1039 1566 feren-

248 1585 312 1612 dum
329 1583 453 1611 videatur
467 1593 474 1611 :
489 1592 582 1610 verum
600 1589 626 1611 et
640 1584 757 1611 diacono
771 1589 798 1612 et
811 1585 940 1612 universo
951 1585 1036 1616 clero,

1087 991 1158 1018 κατὰ
1176 991 1317 1025 Πίνδαρον,
1334 990 1381 1016 καὶ
1395 990 1448 1016 ἀπὸ
1461 988 1550 1024 δεξιῆς
1563 990 1628 1025 ἡμῖν
1644 989 1810 1025 γνωρισθητι
1823 990 1875 1024 τῆς

1088 1037 1174 1072 ἀρχῆς
1194 1037 1222 1063 ὲν
1241 1038 1273 1071 τῇ
1297 1035 1421 1072 παρούσῃ
1446 1035 1565 1070 φροντίδι
1577 1044 1583 1051 ·
1602 1036 1640 1068 ὡς
1658 1036 1691 1063 ἂν
1715 1036 1762 1063 καὶ
1780 1035 1875 1071 Θεητζν

1089 1081 1188 1116 πήξαις
1202 1081 1331 1116 μέγαρον,
1353 1081 1494 1115 εὐδόκιμος
1509 1082 1536 1106 ἐν
1556 1081 1623 1116 αὐτῇ
1649 1081 1753 1114 φανείς.
1773 1081 1876 1116 Γνωρί-

1090 1137 1145 1160 σεις
1161 1128 1188 1154 δὲ
1200 1128 1275 1161 πῶ;;
1288 1128 1334 1154 τὸν
1351 1127 1416 1154 Θεὸν
1432 1128 1486 1162 (60)
1500 1127 1592 1154 καὶτὰ
1609 1127 1668 1154 (ista
1682 1127 1769 1163 τιμῶν
1779 1136 1785 1142 ·
1799 1125 1829 1154 οὗ
1848 1128 1875 1154 τί

1088 1182 1129 1200 σοι
1149 1174 1240 1209 μεῖζον
1252 1174 1298 1200 καὶ
1313 1173 1491 1208 ὑψηλότερον;
1507 1174 1633 1209 τιμήσεις
1649 1173 1678 1200 δὲ
1699 1173 1758 1205 πῶς
1772 1173 1819 1200 καὶ
1836 1174 1876 1199 τί-

1089 1227 1129 1244 σιν
1140 1227 1146 1251 ;
1164 1219 1205 1244 ἑνὶ
1215 1218 1312 1253 τούτῳ,
1329 1218 1367 1254 τῷ
1380 1218 1508 1253 κήδεσθαι
1520 1218 1572 1244 τῶν
1587 1219 1795 1254 παρισταμένων
1804 1218 1874 1253 Θεῷ,

1087 1265 1135 1290 καὶ
1151 1264 1315 1300 λειτουργῶν
1335 1264 1381 1290 τοῦ
1401 1264 1532 1300 βήματος.
1550 1264 1658 1290 Τούτων
1678 1261 1716 1296 εἷς
1731 1265 1788 1291 ἐστι
1803 1264 1876 1290 καὶὸ

1089 1309 1259 1342 συνδιάκονος
1282 1310 1359 1345 ἡμῶν
1378 1310 1518 1342 Εὺθάλιος,
1536 1310 1575 1342 ὃν,
1597 1310 1647 1336 οὐκ
1667 1308 1716 1336 οἷδ’
1731 1310 1814 1341 ὅπως,
1834 1310 1875 1341 εἰς

1090 1355 1174 1392 μείζω
1186 1356 1262 1389 τάξιν
1274 1358 1514 1392 μεταχωρήσαντα,
1531 1357 1691 1392 διαγράψειν
1705 1357 1874 1392 ἐπιχειροῦσι

1087 1400 1188 1436 χρυσὸν
1207 1402 1230 1427 οἱ
1257 1402 1307 1436 τῆς
1329 1402 1496 1437 ἡγεμονικῆς
1519 1402 1622 1434 τάξεως
1639 1402 1705 1437 (61).
1719 1403 1805 1428 Τοῦτο
1837 1403 1875 1438 μὴ

1088 1448 1201 1474 ἀνεκτὸν
1213 1449 1324 1483 φανήτω
1336 1457 1376 1474 σοι
1385 1456 1393 1464 ·
1411 1448 1458 1474 καὶ
1473 1449 1552 1483 χεῖρα
1562 1448 1654 1483 ὄρεξον
1666 1448 1705 1483 τῷ
1716 1457 1745 1474 τε
1760 1448 1875 1483 διακόνῳ

1089 1493 1135 1520 καὶ
1156 1493 1194 1528 τῷ
1215 1493 1307 1528 κλήρῳ
1323 1494 1413 1527 παντὶ,
1433 1495 1480 1520 καὶ
1501 1494 1553 1530 πρὸ
1570 1494 1624 1520 τῶν
1641 1494 1727 1522 ἄλλων
1744 1496 1820 1531 ἡμῖν,
1837 1493 1876 1522 ὧν

1089 1548 1129 1566 σοι
1145 1540 1220 1574 μέλει
1235 1540 1290 1575 (6⁸2)
1301 1549 1308 1555 ·
1322 1540 1337 1576 ἢ
1360 1540 1498 1567 δεινότατοι
1521 1541 1553 1567 ἂν
1572 1541 1652 1568 πάθοι
1668 1542 1746 1576 μόνος
1768 1541 1874 1576 ἀνθρὼ-

1089 1594 1157 1617 πων,
1181 1585 1218 1620 μὴ
1239 1586 1381 1621 τυγχάνων
1401 1587 1449 1620 τῆς
1465 1586 1518 1613 τῶν
1537 1587 1642 1622 καιρῶν
1658 1587 1874 1622 φιλανθρωπίας.

250 1637 281 1657 ac
299 1629 450 1664 praesertim
466 1630 556 1662 nobis,
576 1638 693 1664 quorum
707 1631 754 1658 tibi
769 1638 835 1657 cura
853 1635 908 1663 est,
925 1639 1034 1658 manum

1089 1631 1134 1657 καὶ
1145 1631 1193 1666 τῆς
1205 1631 1348 1667 δεδομένης
1362 1633 1417 1663 τοῖς
1431 1632 1577 1668 ἱερατικοῖς
1591 1632 1665 1668 παρὰ
1676 1632 1731 1658 τῶν
1743 1632 1874 1668 βασιλέων

249 1676 358 1710 porrige
382 1685 388 1702 :
415 1675 518 1710 alioqui
542 1679 617 1702 certe
644 1684 716 1703 unus
737 1676 860 1703 omnium
895 1677 1036 1704 hominum

1089 1676 1182 1711 τιμῆς,
1209 1676 1266 1703 ἀλλ’
1283 1677 1457 1712 ὑϐριζόμενος
1478 1678 1525 1704 καὶ
1546 1677 1726 1713 ζημιούμενος
1750 1678 1814 1710 ἴσως
1830 1678 1875 1705 διὰ

250 1721 407 1749 miserrima
428 1721 587 1748 conditione
603 1725 687 1754 esset,
708 1722 731 1749 si
748 1727 900 1757 temporum
916 1722 1036 1749 Immani-

1089 1723 1138 1756 τὴν
1155 1722 1290 1758 ἡμετέραν
1306 1723 1443 1750 εὐτέλειαν
1456 1723 1523 1759 (65).
1543 1724 1576 1749 ’⁷0
1590 1731 1630 1750 σοι
1653 1722 1743 1755 καλῶς
1765 1723 1821 1758 ἔχει
1836 1723 1875 1758 μὴ

250 1771 316 1798 tate,
339 1771 419 1801 atque
446 1775 478 1794 eo
493 1767 606 1796 honore.
629 1767 675 1802 qui
701 1767 773 1794 sacri
797 1767 902 1794 ordinis
923 1768 989 1794 viris
1004 1768 1036 1794 ab

1091 1769 1251 1803 συγχωρεῖν,
1268 1767 1319 1794 κᾶν
1334 1768 1373 1803 μὴ
1383 1768 1472 1800 καλῶς
1485 1768 1559 1794 ἄλλοι
1578 1768 1734 1803 βούλωνται.

249 1811 461 1846 imperatoribus
486 1819 636 1840 concessus
661 1817 714 1840 est.
743 1814 855 1841 minime
880 1813 1036 1846 frueretur;
1056 1813 1103 1841 sed
1136 1814 1304 1840 contumelia
1326 1817 1353 1841 et
1375 1814 1547 1842 ’dctrimeuto
1571 1814 1733 1844 atticen-tur.
1759 1821 1790 1840 ac
1812 1813 1874 1840 ideo

250 1858 368 1886 fortasse
386 1858 459 1894 quod
481 1859 549 1886 viles
581 1867 687 1886 sumus.
718 1859 794 1892 Quod
822 1860 931 1895 quidem
960 1860 1029 1887 bene
1047 1860 1154 1892 feceris,
1183 1861 1206 1888 si
1233 1868 1287 1887 non
1312 1861 1448 1895 patiaris:
1465 1860 1575 1888 etiamsi
1599 1860 1645 1886 alii
1673 1867 1726 1887 non
1747 1859 1816 1886 bene
1847 1858 1874 1885 id

249 1907 344 1933 velint.

268 1915 344 1934 enm'
505 1941 538 1972 χ.
561 1941 780 1969 CANDlDlANl).

1310 1942 1338 1970 1’.
1358 1940 1565 1975 ΚΛΝΔΙΔΙΔΝῼ
1585 1940 1650 1976 (64).

286 1989 404 2024 Gregorii
422 1991 456 2016 ad
474 1990 670 2016 Ctntdtdianum
690 1990 796 2023 litteras,
815 1991 959 2025 imperante
976 1990 1096 2021 Iuliano,
1114 1990 1221 2024 scripta:
1241 1994 1302 2016 sunt
1325 1998 1393 2016 anno
1411 1989 1473 2016 365.
1493 1988 1526 2015 Ιτι
1543 1988 1621 2025 plane
1641 1986 1799 2025 persuadent
1816 1987 1873 2025 ha'c

251 2023 372 2060 Theoldgi
389 2027 465 2052 verba
479 2028 550 2051 circa
567 2026 643 2059 ﬁnem
657 2026 774 2060 epistolw
786 2023 980 2053 Candidianum
999 2026 1173 2059 alloquentis:
1190 2025 1255 2050 Nam
1273 2033 1334 2051 cum
1352 2025 1482 2059 religione
1504 2023 1680 2060 gentilis__sis,
1699 2030 1730 2060 ac
1744 2023 1872 2060 praesenti

251 2057 408 2095 imperatori
421 2063 451 2086 ea
468 2068 527 2094 quae
543 2057 646 2095 imperii
665 2057 739 2092 sunt,
758 2066 869 2095 praestes
883 2071 890 2088 :
906 2070 959 2088 non
977 2062 1012 2088 ita
1029 2057 1080 2095 ipsi
1095 2061 1220 2090 inservis,
1236 2063 1265 2086 ut
1281 2057 1415 2094 temporis
1425 2057 1590 2095 adulatores.
1604 2057 1637 2095 Ιςι
1650 2057 1729 2091 paulo
1744 2057 1871 2095 inferius:

251 2093 352 2128 Opto...
370 2099 398 2120 ut
414 2095 445 2120 ad
465 2092 689 2130 nostras'Deique
703 2092 792 2129 partes
812 2097 957 2130 aliquando
974 2100 999 2122 te
1010 2092 1151 2125 conferas,
1170 2101 1249 2129 atque
1267 2095 1299 2120 ab
1315 2092 1347 2122 iis
1365 2098 1419 2121 stes
1433 2094 1478 2128 qui
1492 2093 1705 2130 persecutionem
1722 2092 1871 2130 patiuntur,

251 2127 305 2155 non
325 2133 413 2164 autem
433 2130 466 2156 ab
482 2130 524 2160 iis,
540 2130 585 2163 qui
603 2127 662 2163 eam
683 2127 811 2157 inferunt.
830 2127 930 2164 Quibus
944 2131 1038 2162 verbis,
1051 2135 1118 2157 certe
1134 2127 1272 2163 Aposiata:
1291 2134 1315 2156 et
1329 2129 1404 2163 impii
1425 2127 1598 2163 persecutoris
1616 2127 1771 2164 declaratur
1787 2129 1871 2162 impe-

250 2163 446 2200 riu:n.il_dcirco
461 2169 548 2191 autent
564 2164 725 2191 Caudidiani
739 2163 925 2200 prwlecturam
945 2167 978 2192 ad
998 2175 1096 2192 annum
1113 2165 1166 2192 563
1179 2165 1340 2199 diﬂ'erimus,
1357 2165 1435 2198 quod,
1454 2165 1502 2200 qui
1514 2172 1582 2190 anno
1597 2163 1724 2200 superiori
1744 2168 1869 2200 prtrerat,

251 2206 309 2224 tum
331 2198 529 2234 Nazianzauun
545 2199 681 2226 ecclesiam
700 2201 724 2227 vi
739 2198 771 2227 vet
788 2198 870 2228 anuis
890 2202 1011 2228 inuadere
1027 2204 1163 2233 tentasset,
1183 2198 1272 2226 tantas
1289 2200 1423 2234 u‘quitatis
1443 2207 1475 2225 ac
1489 2199 1604 2233 justitiw
1623 2198 1725 2224 nomine
1742 2198 1833 2225 Iaudes
1847 2203 1871 2225 ct

250 2234 367 2260 encomia
382 2242 398 2260 α
412 2233 540 2269 Theologo
555 2243 606 2261 non
620 2241 687 2261 esset
700 2242 864 2263 consecutus.

288 2280 338 2308 Ubi
361 2289 434 2308 nunc
461 2281 607 2316 sophistae?
632 2282 702 2315 Quid
726 2287 816 2310 tacent
833 2283 937 2318 poetae?
959 2283 1033 2317 Quos

1121 2282 1176 2309 Ποῦ
1201 2281 1247 2309 νῦν
1264 2282 1288 2308 οἱ
1316 2281 1458 2316 σοφισταῖς
1483 2281 1509 2308 τί
1535 2281 1672 2308 σιωπῶσιν
1692 2281 1715 2308 οἱ
1742 2280 1805 2317 περὶ
1823 2279 1872 2315 τὴν

250 2326 378 2354 meliores
402 2333 543 2354 sermones
570 2327 724 2361 requirunt,
747 2332 794 2354 aut
814 2335 896 2362 quam
914 2327 1035 2362 splendi-

286 2381 342 2416 (55)
364 2382 422 2415 Τὴν
432 2380 524 2415 πεζὴν
539 2382 675 2417 στέργειν
689 2383 880 2417 φιλοσοφίαν.
896 2382 1035 2411 Pedestris

250 2417 420 2452 philosophia
448 2417 588 2452 humique
615 2418 766 2451 depressa,
796 2419 861 2445 nihil
892 2419 964 2445 aliud
995 2422 1036 2446 est

250 2459 330 2485 quam
348 2452 401 2477 vita
415 2451 527 2487 privata.
546 2458 596 2478 nec
619 2453 672 2479 ulla
689 2453 788 2487 publici
807 2454 927 2481 muneris
949 2453 1038 2480 admi-

250 2487 411 2513 nistratxoue
429 2486 570 2513 distracta.

285 2520 342 2555 (56)
358 2522 436 2558 ζεως
446 2520 599 2558 ἂτιξγρὴοῶ.
620 2521 658 2548 Ita
673 2521 739 2558 Reg.
756 2530 827 2549 unus
839 2527 866 2549 et
888 2522 966 2550 Pass.
986 2522 1036 2550 Ed.

250 2555 302 2587 ἕως
320 2556 386 2592 γνῷ,
406 2556 477 2590 quod
493 2555 589 2583 Billius
605 2557 695 2589 vertit,
715 2555 889 2592 huuadusque
908 2558 1038 2592 explora-

251 2595 305 2617 tum
323 2590 447 2618 habuero.

286 2626 342 2660 (57)
359 2625 420 2652 Τῶν
435 2625 623 2661 πεπηῐιὶιιίυε.
633 2627 677 2661 qui
690 2626 768 2661 ﬁdem
783 2628 856 2654 nobis
876 2627 1033 2656 habuerunt.

358 2661 432 2704 A'li'as
444 2660 536 2704 CLI};
550 2661 656 2704 S‘ct‘ipta
668 2663 856 2704 circa‘auuum
873 2663 947 2704 362.7
975 2698 981 2704 _

287 2696 342 2729 (59)
367 2696 502 2730 Εὐτειχεῐ
519 2696 649 2730 θαλάμῳ.
674 2697 711 2723 Ita
732 2696 797 2732 Reg.
826 2706 908 2729 unus,
923 2703 951 2725 et
975 2698 1034 2732 ipse

417 2730 521 2766 Olymp.
541 2731 585 2758 od.
604 2739 640 2763 VI,
653 2732 756 2767 stroph.
771 2733 796 2760 i.
811 2732 860 2760 Ed.
879 2734 949 2761 male
960 2734 1035 2760 εὐτυ-

270 2774 304 2796 nt,
322 2773 401 2796 (etim.

431 2800 515 2836 Θεόν.
532 2799 569 2827 Ita
585 2799 652 2836 Reg.
671 2809 751 2829 unus.
768 2801 797 2829 In
821 2802 865 2830 ed.
884 2802 961 2830 deest
975 2803 1030 2830 τόν.

285 2835 342 2871 (61)
358 2835 533 2871 Διαῃὶάφειν
542 2835 726 2871 ἐπιχειροῦσι
737 2838 852 2872 χρυσὸν
863 2839 890 2865 οι
900 2837 955 2873 τῆς
968 2838 1033 2873 ἡγε-

1088 2327 1212 2363 ποίησιν;
1227 2327 1302 2359 τινας
1321 2327 1416 2361 λόγους
1435 2327 1563 2362 ἀμείνους
1578 2326 1760 2362 ἐπιζητοῦσιν,
1775 2327 1791 2362 ἦ
1811 2327 1872 2353 τίνα.

1087 2384 1214 2420 μονικῆς
1238 2384 1358 2420 τᾲξεως.
1378 2383 1447 2411 Male
1464 2383 1546 2420 vertit
1561 2383 1667 2420 Billius,
1681 2391 1824 2420 expungere
1840 2391 1872 2410 ac

1089 2419 1218 2454 dignitate
1239 2419 1361 2446 abdicare
1378 2424 1506 2454 conantur
1527 2419 1547 2445 ii
1562 2419 1606 2453 qui
1624 2419 1661 2445 rei
1683 2419 1791 2444 militari
1807 2426 1872 2452 prte-

1091 2453 1151 2489 {ecti
1163 2459 1223 2480 sunt
1236 2463 1245 2480 :
1261 2462 1315 2481 non
1334 2454 1406 2480 enim
1427 2453 1460 2480 ad
1473 2454 1510 2481 rei
1531 2454 1638 2480 militari
1656 2453 1807 2488 praefectos,
1822 2454 1869 2480 sed

1092 2488 1126 2517 ad
1140 2490 1297 2524 episcopum
1314 2489 1499 2523 pertinuisset,
1516 2489 1632 2523 aliquem
1653 2496 1667 2515 e
1680 2488 1870 2524 clerorexpun-

1092 2523 1202 2559 gi-re’ae
1215 2524 1346 2559 dignitate
1364 2524 1548 2550 ecclesiastica
1564 2523 1701 2550 abdicare.
1719 2523 1816 2559 Agitur
1827 2524 1870 2550 hic

1091 2560 1124 2587 de
1137 2561 1310 2594 praeslatione
1326 2559 1421 2594 tributi
1437 2559 1466 2594 in
1486 2559 1598 2585 bellicos
1622 2561 1746 2594 sumptus
1764 2558 1868 2594 indicti.

1125 2591 1179 2629 (62)
1198 2592 1253 2621 Ὧν
1268 2601 1317 2620 σοι
1338 2593 1423 2628 μέλει
1436 2614 1442 2620 .
1460 2593 1498 2620 lta
1512 2593 1649 2629 ilegimus.
1670 2593 1717 2619 Ed.
1737 2593 1807 2629 male
1830 2591 1870 2624 οἷς

1090 2625 1133 2656 σοι
1160 2625 1244 2664 μέλει.
1263 2629 1322 2655 Mox
1339 2625 1494 2664 ⁷ᾷεινότατσ..
1512 2625 1633 2663 ltaReg.
1653 2635 1723 2654 unus
1745 2632 1772 2654 et
1791 2625 1868 2655 Pass.

1087 2664 1137 2691 Ed.
1155 2663 1245 2691 minus
1265 2665 1332 2690 bene
1346 2663 1496 2698 δεινότητα.

1123 2699 1178 2734 (63)
1193 2700 1243 2726 Διὰ
1253 2698 1310 2731 τὴν
1320 2696 1465 2734 ἡμετέραν
1482 2697 1645 2726 εὐτέλειαν.
1659 2697 1696 2734 lta
1709 2696 1791 2731 Reg.
1803 2696 1868 2725 duo.

1086 2733 1115 2761 In
1129 2733 1181 2761 ω.
1195 2734 1272 2761 deest
1287 2734 1434 2760 εὐτέλειαν.
1449 2733 1544 2760 Billius
1555 2734 1582 2759 in
1597 2733 1721 2759 versione
1732 2733 1869 2766 supplth

1087 2769 1189 2804 φιλίαν,
1211 2769 1247 2796 ita
1264 2774 1370 2796 vertens
1387 2778 1393 2795 ε
1411 2774 1435 2795 et
1452 2769 1555 2803 quidem
1572 2767 1683 2802 fortasse
1699 2766 1730 2793 ob
1742 2774 1799 2794 cum
1812 2777 1870 2803 quae

1086 2804 1150 2831 mihi
1164 2812 1221 2830 cum
1231 2812 1260 2831 ea
1276 2808 1325 2832 est.
1341 2805 1496 2830 amicitiam.

1121 2839 1176 2874 (64)
1191 2839 1267 2867 Alias
1279 2838 1394 2867 CXCIV.
1412 2839 1519 2873 Scripta
1534 2846 1604 2865 anno
1617 2837 1678 2865 565.
