1923 3053
64 133 100 161 δτι
697 126 701 130 ’
751 131 852 160 Episr

910 136 918 160 l
941 133 974 162 X.
1662 137 1697 166 58

66 190 263 227 λαμπροτέραν
278 190 422 223 ὑπόθεσιν;
441 190 488 218 νῦν
504 190 568 223 ἔδει,
588 192 677 218 πᾶσαν
693 193 741 227 μὲν
759 193 805 219 ἐπὶ
817 194 852 219 σο)

910 193 1013 220 diorem
1028 192 1191 220 materiam?
1204 192 1282 220 Nunc
1306 196 1333 221 et
1349 193 1468 228 linguam
1482 201 1590 222 omnem
1610 196 1698 222 musi-

66 237 211 272 κινηθῆναι
230 237 356 271 γλῶσσαν
371 237 505 273 μουσικήν
519 246 548 264 τε
564 238 610 264 καὶ
621 238 790 273 ἐναρμόνιον,
806 240 856 265 πᾶ-

67 290 116 308 σαν
129 283 158 309 δὲ
174 283 275 318 ὑψηλόν
288 292 315 310 τι
334 284 381 310 κα)¹
395 282 554 318 διαπρύσιον
567 284 669 318 ὴχῆσαι
688 285 837 320 ῥητορικήν
848 293 855 300 ·

37 364 40 367 .
66 329 96 355 οὐ
110 328 197 364 ταύτῃ
220 329 299 363 μόνον
315 329 357 355 ὅτι
375 329 455 364 χρέος
472 329 599 356 ἁπάντων
616 329 704 365 χρεῶν
720 329 857 356 δικαιότα-

65 383 122 406 τον,
144 375 262 410 ἄρχοντα
285 374 370 406 δεξιὸν
400 374 577 410 ἀνυμνεῖσθαι
602 376 657 407 τοῖς
677 375 784 409 λόγοις·
799 376 857 402 ἀλλ’

67 420 106 446 ὅτι
121 421 169 447 καὶ
183 421 228 447 τὸν
243 422 272 447 ὲν
286 421 450 457 ἀμφοτέροις
465 421 549 457 ἄκρον
563 422 728 457 ἀμφοτέροις
744 424 858 457 κοσμεῖν

65 466 242 493 οἰκειότατον.
264 467 318 493 Καὶ
337 468 360 493 εἰ
374 467 412 502 μὴ
431 467 484 502 πρὸ
498 467 594 502 καιροῦ
607 469 669 498 τοὺς
679 467 775 501 λόγους
798 469 858 494 ἀνέ-

66 521 160 540 Musa
173 513 231 546 (νῦν
244 513 298 549 γὰρ
315 513 347 548 δὴ
368 513 447 540 τοῦτο
465 514 651 548 αἰσθάνομαι),
671 515 717 540 καὶ
732 514 859 540 ἐϐουλευ-

66 560 170 594 σάμην,
184 559 236 594 ἔφη
251 567 302 591 τις,
318 559 465 595 ταχύτερα,
478 560 494 595 ἥ
513 559 664 595 σοφώτερα,
680 559 710 585 τὸ
721 559 758 594 μὴ
772 568 858 595 πανη-

64 606 200 641 γυρίζειν,
218 606 283 640 μηδὲ
307 607 401 641 φοιτᾷν
426 607 465 637 εἰς
482 606 581 641 μέσους
605 606 798 641 φιλοσοφήσας,
821 606 858 637 ὡς

64 651 137 686 τάχα
153 651 186 677 ἂν
204 651 251 677 καὶ
267 651 316 682 τὰς
334 651 509 687 Τυρρηνικὰς
523 651 722 687 ὑπερεφὼνησα
743 651 858 686 σάλπιγ-

65 705 118 730 γας
142 696 197 731 (65)
218 697 282 732 (ἐρῶ
310 697 374 732 γὰρ,
397 697 478 732 μηδὲν
495 698 541 724 τὸν
568 698 670 732 τραχὺν
689 697 736 723 τοῦ
752 697 857 732 Μώμου

64 742 139 768 λίθον
170 742 339 776 εὐλαϐηθεὶς,
361 743 432 770 κατὰ
461 743 592 778 Πίνδαρον
606 742 687 778 [ϋϋ]),
705 744 729 769 εἰ
749 743 786 778 μὴ
807 743 858 778 τῆς

66 789 172 823 σιωπῆς
193 789 297 823 ἀωρίαν
320 788 550 823 κατεψηφισάμην
567 788 632 822 (67).
651 787 718 814 Νυνὶ
731 787 758 813 δὲ
777 787 791 814 ὃ
807 787 856 814 πέ-

64 834 152 861 πονθα
175 835 220 861 ἐπὶ
237 836 288 866 σοι,
314 835 405 861 ὁποῖόν
429 843 455 860 τι
477 835 577 869 τούμὸν
603 835 706 869 χρῆμα,
728 834 799 868 τάχα
824 834 857 860 ἂν

64 881 159 916 γνοίης
172 881 220 907 ἀπ’
234 881 337 912 εἰκόνος
349 881 429 912 τινός.
448 880 548 906 Κόπτω
564 880 613 915 μὲν
620 880 676 906 οἷον
692 880 746 914 (68)
762 880 857 906 τοῠόα-
873 871 894 898 Β

66 935 115 960 φος
136 928 193 958 τοίς
215 927 293 957 ποσὶ,
312 926 383 953 κατά
399 927 462 958 τοὺς
482 926 666 962 θερμοτάτους
687 926 740 952 τῶν
755 926 856 957 ἵππων,

65 970 113 996 καὶ
127 970 237 996 διεσθὶω
251 970 285 996 τὰ
305 970 413 1005 χαλινὰ,
432 971 478 997 καὶ
494 970 524 996 τδ
539 968 585 1002 οὖς
605 970 771 1005 διανίστημι,
785 970 858 996 πνέω

65 1024 95 1042 τε
115 1015 201 1050 θυμὸν
224 1017 255 1042 ὲκ
271 1017 428 1052 μυκτήρων,
447 1017 493 1042 καὶ
509 1016 600 1051 βλέπω
615 1017 697 1052 δριμὺ
712 1018 759 1043 καὶ
778 1017 857 1053 ἀφρῷ

67 1061 199 1096 βάλλομαι
214 1062 288 1096 (69)·
306 1062 379 1096 μένω
399 1062 426 1088 δὲ
446 1062 520 1097 ὅμως
543 1063 609 1089 εἵσω
634 1063 770 1097 κιγκλίδος
789 1063 856 1098 (70),

66 1108 116 1134 οὐκ
131 1109 252 1143 ἐφιέντος
268 1109 324 1144 (71)
344 1118 389 1144 μοι
404 1109 451 1136 τοῦ
470 1109 552 1144 νόμου
566 1109 611 1136 τὸν
626 1109 735 1144 δρόμον.

909 246 968 266 cam
992 242 1019 266 et
1036 239 1204 266 modulatam
1222 242 1268 265 tua
1287 246 1370 266 causa
1396 240 1511 272 moveri,
1537 243 1564 266 et
1585 247 1695 267 onmem

908 284 1017 312 dicendi
1039 284 1196 312 facultatem
1215 285 1298 312 altum
1314 285 1444 320 quiddam
1471 290 1499 313 et
1519 287 1624 314 clarum
1644 287 1698 314 tin-

908 329 967 356 nire
988 329 1131 364 oportebat
1153 339 1159 356 :
1178 336 1232 356 non
1256 329 1308 356 hoc
1335 332 1442 357 tantum
1469 331 1595 364 nomine,
1624 331 1698 365 quod

908 376 1029 402 debitum
1045 375 1168 402 omnium
1184 375 1339 402 debitorum
1352 376 1537 410 justissimqu
1560 382 1612 409 est,
1629 385 1698 412 pne-

909 420 994 446 sidem
1011 419 1137 447 dextrum
1153 425 1235 456 atque
1249 421 1423 448 commodum
1435 423 1559 450 oratione
1570 423 1698 450 concele~

908 466 1005 499 brare;
1031 467 1078 494 sed
1103 468 1153 494 hoc
1177 468 1268 500 etiam,
1291 468 1364 502 quod
1386 476 1459 500 eum,
1487 469 1533 503 qui
1560 476 1696 496 summam

908 512 1051 546 utriusque
1065 512 1207 539 scientiam
1223 513 1275 547 ιο
1289 514 1405 545 obtinet,
1424 518 1541 548 utroque
1559 521 1697 541 exornare

908 558 1025 585 maxime
1048 559 1185 586 convenit.
1213 558 1245 585 Et
1270 560 1321 586 nisi
1339 563 1503 594 praemature
1526 559 1616 587 studio
1638 560 1697 587 elo-

908 605 1025 638 quentiae
1042 604 1122 631 linem
1144 605 1336 639 imposuissem
1367 596 1451 640 (nunc
1474 605 1545 633 enim
1563 606 1614 632 hoc
1635 614 1698 633 sen-

908 650 969 684 tio,)
984 654 1075 684 atque,
1092 654 1121 677 ut
1132 650 1273 684 cujusdam
1291 651 1381 678 verbis
1399 654 1471 682 utar,
1485 650 1603 678 celerius
1614 658 1696 685 quam

908 696 1060 730 sapientius
1075 697 1220 723 consilium
1235 697 1382 731 cepissem,
1399 697 1450 724 hoc
1468 697 1573 724 scilicet
1589 704 1697 724 summo

908 743 999 769 studio
1011 747 1132 772 secutus.
1152 747 1180 768 ut
1197 750 1230 769 ne
1243 742 1452 770 declamatorem
1468 751 1588 778 agerem.
1605 751 1655 770 nec
1669 743 1696 770 in

907 787 1011 814 medios
1036 787 1178 814 hominum
1203 792 1292 815 cretus
1316 796 1359 815 me
1382 788 1551 821 conferrem;
1575 789 1695 816 fortasse

907 832 1091 867 Tyrrhenicas
1112 841 1221 868 quoque
1243 833 1323 860 tubas
1337 837 1420 860 cantu
1440 842 1613 868 superassem
1650 834 1700 869 (di-

909 886 968 906 cam
992 880 1076 911 enim.
1094 887 1220 914 asperant
1245 879 1326 906 Μοιηὶ
1344 880 1472 914 lapidem,
1499 884 1528 906 ut
1553 888 1614 907 cum
1635 879 1698 906 Pin-

909 925 976 952 daro
1005 926 1112 960 loquar,
1139 926 1207 952 nihil
1233 926 1366 960 veritus),
1390 926 1442 953 nisi
1475 926 1697 960 intempestivum

909 976 1017 1006 tempus
1036 972 1144 999 silentio
1160 972 1350 999 mulctassem.
1369 971 1446 999 Nunc
1460 971 1533 1006 quod
1549 976 1595 998 tua
1616 979 1699 998 causa

909 1018 975 1045 mihi
989 1018 1098 1050 accidit,
1116 1023 1142 1046 et
1158 1018 1311 1053 cnjusmodi
1332 1019 1368 1046 sit
1384 1027 1428 1047 res
1450 1027 1519 1052 mea.
1538 1026 1586 1054 per
1601 1019 1699 1054 imagi-

908 1071 968 1091 nem
985 1064 1131 1099 quamdam
1148 1064 1266 1093 fortasse
1281 1065 1429 1100 intelliges.
1453 1064 1509 1100 Ego
1530 1065 1602 1092 enim
1623 1064 1698 1091 fero-

908 1110 1082 1136 cissimorum
1110 1118 1244 1145 equorum
1268 1111 1295 1138 in
1316 1119 1419 1138 morem
1446 1111 1562 1146 pedibus
1587 1111 1697 1146 quidem

66 1156 154 1182 solum
170 1155 249 1188 ferio,
273 1164 305 1183 ac
322 1155 430 1183 frenum
464 1155 561 1190 exedo,
597 1160 624 1183 et
646 1164 727 1184 aures
758 1156 846 1192 erigo,
881 1160 962 1190 atque.
988 1156 1108 1184 furorem
1134 1164 1149 1184 e
1176 1157 1292 1184 naribus
1316 1158 1400 1193 spiro,
1424 1166 1570 1194 acremque
1594 1158 1697 1185 vultum

66 1201 192 1236 przefero,
208 1209 239 1228 ac
255 1210 352 1237 spuma
368 1209 550 1237 eonspergor:
568 1202 747 1229 nihilominus
763 1205 854 1229 tamen
874 1202 946 1228 intra
962 1202 1101 1229 cancellos
1134 1209 1242 1234 maneo,
1257 1203 1317 1238 lege
1351 1203 1482 1230 nimirum
1502 1202 1631 1230 currendi
1648 1210 1697 1237 po—

65 1250 192 1275 testatem
210 1248 275 1275 mihi
291 1248 403 1276 minime
420 1248 546 1276 faciente.

100 1305 134 1330 Τί
147 1302 210 1337 οὖν;
225 1304 319 1340 ἐπειδὴ
338 1305 426 1332 ταῦτα
439 1305 513 1332 δοκεῖ
523 1305 591 1341 (7‘2),
605 1306 632 1332 τί
643 1305 799 1342 ,δράσομεη
818 1306 853 1332 Ἣ

65 1349 223 1376 παντάπασι
240 1350 446 1385 καταϐαλοῦμεν
458 1352 519 1382 τοὺς
533 1351 639 1384 λόγους,
657 1352 703 1377 καὶ
719 1352 806 1386 σιωπῇ
820 1351 854 1377 τὰ

67 1396 101 1422 σὰ
124 1395 333 1430 θαυμασόμεοα,
357 1397 488 1432 παρέντες
508 1397 610 1432 ἑτέροις
628 1397 676 1433 τὴν
697 1398 852 1433 εὐφημίανς

67 1443 102 1468 Οὐ
119 1443 169 1478 μὲν
192 1441 248 1469 οὖν.
272 1443 340 1469 Ἀλλ’
354 1442 427 1469 ἄλλοι
451 1444 500 1478 μὲν
519 1444 604 1471 τᾶλλα
627 1445 680 1471 τῶν
701 1445 755 1471 σῶν
774 1445 854 1480 εὐφη-

69 1488 200 1522 μούντων,
222 1489 261 1515 ὅτι
279 1489 312 1515 ἂν
328 1489 442 1521 ἕκαστος
466 1489 595 1525 βούληταί
617 1499 645 1517 τε
666 1491 712 1517 καὶ
732 1491 852 1526 δύνηται.
868 1477 889 1506 c

66 1534 179 1566 Πάντως
196 1534 224 1560 δὲ
249 1534 354 1567 πολλοῖς
373 1536 499 1571 ἀρκέσεις
519 1536 608 1570 λόγοις
633 1537 679 1562 καὶ
699 1536 852 1571 πανηγύρε-

69 1587 118 1609 σιν,
138 1579 186 1605 ἐὰν
204 1578 286 1614 μέρος
299 1580 414 1612 ἕκαστος
425 1580 480 1606 τῶν
497 1580 551 1608 σῶν
566 1580 711 1608 ἀπολαϐὼν
726 1581 835 1616 εὐφημῇ
846 1589 852 1595 ·

67 1624 90 1650 οἱ
106 1624 166 1658 μὲν,
181 1624 230 1659 τὴν
247 1624 380 1660 διοίκησιν
402 1625 456 1651 τῶν
470 1625 578 1658 κοινῶν,
595 1626 641 1652 καὶ
660 1625 690 1651 τὸ
707 1626 735 1652 ἐν
752 1626 854 1658 τούτοις

68 1671 209 1697 εὐσύνετόν
231 1680 260 1697 τε
277 1671 343 1707 ὁμοῦ
365 1672 411 1699 καὶ
425 1671 583 1706 φιλόπονον⁸
603 1672 656 1707 (τίς
675 1671 730 1706 γὰρ
745 1671 760 1706 ἢ
778 1672 855 1708 εὑρε-

69 1718 114 1752 τὴς
130 1718 187 1753 (75)
205 1717 250 1744 τοῦ
270 1718 376 1749 δέοντος
397 1717 595 1754 ετοριμώτερος,
613 1718 629 1753 ἢ
652 1717 806 1744 ἐπιτελέσαι
824 1717 854 1744 τὸ

69 1763 177 1797 εὑρεθὲν
193 1764 383 1799 ἐνεργέστερος
394 1764 413 1799 ;)
433 1765 457 1790 οἱ
472 1764 499 1790 δὲ
515 1764 565 1798 τῆς
584 1763 661 1799 δίκης
678 1763 712 1790 τὰ
725 1764 852 1794 τάλαντα,

69 1808 112 1834 καὶ
129 1808 167 1839 ὡς
188 1809 240 1834 ὑπὸ
256 1808 373 1844 λαμπρῷ
388 1809 428 1843 τῷ
441 1810 511 1843 φωτὶ
521 1809 668 1844 διακρίνεις
686 1809 735 1841 τὰς
751 1809 852 1845 ἔριδας,

70 1855 169 1890 ὑψηλὸς
194 1856 303 1891 Malm;
328 1856 513 1891 ὲμπομπεύων
530 1856 587 1891 (74)
603 1857 636 1891 τῇ
660 1856 758 1891 θέμιδι.
771 1855 806 1882 Τὸ
825 1856 854 1882 δὲ

69 1903 113 1929 ’ἣν
130 1902 216 1936 ξίφος,
235 1902 348 1937 φοϐερὸν
362 1902 419 1937 μὲν,
438 1902 475 1934 ὡς
493 1902 593 1937 πλῆξον
605 1911 611 1918 ·
629 1902 666 1934 ὡς
677 1901 705 1928 δὲ
726 1903 756 1929 οὺ
768 1902 855 1937 πλῆσ-

70 1957 123 1980 σον,
149 1948 286 1982 ἀνάθημα.
314 1948 432 1983 Κρατεῑς
457 1948 511 1983 γὰρ
535 1948 566 1974 οὐ
592 1947 632 1983 τῷ
649 1948 705 1984 (75)
729 1948 853 1979 κολάζειν

70 1993 283 2029 ἁμαρτάνοντας,
309 1993 376 2020 ἀλλά
397 1994 435 2028 τῷ
457 1993 617 2025 σπουδάζειν
635 1994 708 2026 ὅπως
729 1994 788 2020 οὐδὲ
805 1995 853 2030 τὴν

70 2041 155 2076 ἀρχὴν
174 2040 392 2075 ἁμαρτήσονται’
410 2039 457 2065 καὶ
477 2039 515 2074 τῷ
534 2040 638 2071 πάντας
657 2040 788 2074 ἡττᾶσθαι
805 2040 853 2076 τῆς

72 2085 118 2119 τῆς
132 2085 251 2117 διανοίας
265 2085 354 2116 πλέον,
370 2085 385 2120 ἢ
398 2085 448 2119 τῆς
465 2084 519 2110 τῶν
533 2084 620 2111 ἄλλων
635 2084 802 2116 δυναστείας,
816 2082 853 2110 ὧν

70 2132 238 2167 ἠορασύτης
259 2132 289 2158 τὸ
312 2132 432 2167 ἔννομον.
455 2131 545 2158 Ἄλλοι
570 2131 783 2166 θαυμαζέτωσαν
805 2131 851 2157 τοῦ

69 2178 146 2213 λόγου
163 2178 192 2204 τὺ
208 2179 322 2214 κράτοςε
340 2179 364 2204 ει
379 2177 406 2204 δὲ
421 2177 519 2212 βούλει,
532 2177 612 2211 λόγου
629 2178 682 2203 πᾶν
700 2175 779 2208 εἶδος,
791 2177 852 2203 ὅσον

69 2233 96 2252 τε
110 2226 150 2255 εἰς
165 2224 254 2260 κρίσιν
273 2224 336 2259 ἥκει
353 2223 407 2250 τῶν
422 2223 584 2258 λεγομένων,
605 2223 650 2249 καὶ
671 2223 732 2249 ὅσον
752 2223 792 2254 είς
805 2223 853 2258 τὴν

103 2311 161 2346 (65)
179 2311 580 2345 Τιψρηνικὰς...σὰλπιγγας.
594 2310 741 2345 Tyrrhena!
755 2310 852 2337 dicun-

67 2347 208 2389 turltllbaa.
224 2348 287 2389 quia
306 2347 379 2389 ipsius
395 2346 681 2389 Tyrrheni‘it'ivelliisse
692 2349 849 2389 narrantur.

103 2381 160 2415 (66)
179 2382 258 2408 Κατὰ
285 2380 441 2415 Πίνδαρον.
460 2381 538 2415 Apud
556 2381 712 2417 Pindarum,
733 2380 850 2417 Olymp.,

65 2416 113 2444 od.
133 2423 194 2446 vui,
211 2424 282 2443 vers.
303 2417 346 2446 75,
363 2417 398 2442 ita
414 2417 511 2451 legitur
526 2425 531 2442 :
548 2415 592 2451 Μὴ
606 2415 709 2451 βαλέτω
731 2424 764 2450 με
785 2415 850 2450 λίθῳ

63 2452 166 2486 τραχεῖ
179 2451 287 2486 φθόνος,
306 2459 337 2478 ne
357 2451 435 2485 feriat
457 2459 497 2486 me
521 2451 608 2485 lapide
632 2459 723 2484 aspero
740 2451 848 2486 invidia.

66 2485 243 2520 Ριδοφθόνος,
271 2485 416 2521 Gregorius
441 2485 543 2521 Μώμον
563 2485 697 2517 adhibuit.
725 2486 772 2520 qui
794 2485 850 2512 Mo-

66 2495 121 2513 rro
138 2495 243 2520 φοονος,
271 2495 416 2521 uregorins
441 2495 543 2547 Μωρον
563 2495 697 2517 aunmuit.
725 2495 772 2520 qui
794 2495 847 2512 mo-

65 2525 129 2548 inus
143 2529 157 2547 a
175 2521 260 2556 poetis
274 2521 342 2548 deus
357 2521 476 2556 tingitur.
504 2521 579 2555 lnjns
591 2525 694 2548 natura:
709 2521 847 2554 proprium

64 2565 128 2583 esse
151 2555 251 2587 ferunt,
268 2557 356 2590 ipsuln
373 2555 481 2591 quidem
500 2557 566 2583 nihil
587 2557 677 2589 operis
693 2555 784 2591 edere,
801 2556 849 2582 sed

64 2591 184 2618 aliorum
199 2591 312 2618 deorum
327 2590 408 2625 opera
420 2592 538 2618 curiosis
550 2591 638 2617 oculis
650 2590 848 2625 contemplari;

63 2630 93 2653 et
109 2627 130 2654 si
149 2627 214 2661 quid
229 2631 271 2653 est
282 2626 412 2652 omissum
427 2630 473 2652 aut
487 2634 629 2661 perperam
645 2625 758 2656 factum,
775 2625 801 2652 id
816 2625 846 2651 Ιί-

64 2660 164 2688 ιθει-ἱυε
185 2661 398 2696 reprehendere;
427 2660 498 2688 unde.
518 2660 616 2687 nomen
643 2660 765 2696 accepit;
784 2667 847 2687 nam

64 2695 163 2731 μῶμος
176 2695 268 2724 Graece
280 2696 415 2731 signiﬁcat
429 2696 664 2731 reprehensionem.

101 2731 158 2766 (67)
171 2733 205 2758 El
217 2731 260 2766 μὶ)
272 2730 328 2765 τῆς
341 2730 456 2764 σιωπῆς
465 2731 576 2765 ἀωρίαν
590 2731 845 2766 κατεψηφίσαμεν.

64 2764 136 2792 Male
149 2764 233 2793 vertit
250 2765 354 2794 Billins.
380 2766 431 2792 nisi
448 2764 538 2800 eﬁetas
562 2774 633 2792 mea:
655 2764 721 2793 vires
740 2765 846 2792 silentio

62 2801 245 2828 mulctassem.
264 2800 323 2827 Non
350 2801 422 2836 enim
445 2800 592 2836 Gregorius
616 2801 671 2834 agit
699 2801 733 2827 de
758 2800 846 2828 effetis

63 2836 169 2864 viribus
189 2837 259 2869 suis,
279 2836 325 2864 sed
342 2835 376 2864 de
393 2834 491 2863 Iuliani
503 2834 648 2872 'Apostatae
669 2841 790 2871 tempore
808 2836 843 2863 ad

943 1300 1012 1333 Quid
1041 1300 1142 1335 igitur?
1170 1300 1300 1335 quoniam
1327 1299 1366 1327 ita
1391 1301 1490 1335 placet,
1519 1301 1584 1336 quid
1613 1303 1698 1332 facie-

908 1347 989 1374 mus?
1010 1347 1051 1373 An
1068 1346 1181 1373 omnino
1204 1353 1345 1374 sermones
1367 1346 1540 1380 abjiciemus,
1565 1348 1697 1384 tacitique

907 1395 969 1418 tuas
1001 1392 1118 1419 virtutes
1146 1391 1364 1422 admirabimur,
1392 1391 1558 1419 laudationis
1584 1401 1696 1422 munere

908 1437 969 1464 aliis
992 1438 1110 1465 relicto?
1127 1437 1237 1463 Minime
1261 1437 1393 1472 profecto.
1422 1436 1522 1464 Verum
1548 1438 1593 1465 alii
1618 1446 1695 1473 sane,

906 1487 987 1518 prout
1008 1483 1141 1518 cujusque
1156 1483 1284 1510 voluntas
1302 1485 1348 1509 aut
1366 1482 1483 1509 facultas
1505 1483 1608 1515 tulerit,
1626 1484 1695 1512 alias

906 1529 1037 1556 virtutum
1053 1532 1162 1556 tuarum
1180 1533 1273 1563 partes
1288 1528 1415 1555 laudibus
1430 1529 1546 1555 erehant
1572 1528 1692 1558 Omnino

906 1581 997 1604 autem
1013 1577 1106 1603 rnnltis
1123 1576 1298 1603 sermonibus
1313 1579 1395 1610 atque
1410 1575 1592 1604 concionibus
1612 1576 1695 1605 ευσε-

905 1624 987 1656 ceris,
1001 1623 1024 1650 si
1043 1624 1160 1658 quisque
1174 1627 1279 1657 partem
1296 1626 1404 1649 tuarum
1422 1622 1532 1649 laudum
1550 1623 1696 1650 celebran-

905 1669 966 1696 dam
991 1672 1134 1696 assumat:
1159 1669 1204 1695 alii
1229 1668 1358 1696 nimirum
1381 1669 1554 1703 puhlicorum
1570 1670 1695 1704 negotio-

905 1723 966 1742 rum
987 1714 1261 1746 administrationem,
1279 1718 1362 1750 atque
1386 1715 1413 1742 in
1431 1715 1475 1742 his
1504 1715 1605 1750 ingenii
1627 1723 1695 1743 acu-

905 1769 965 1788 men
989 1761 1071 1788 simul
1086 1764 1113 1788 et
1138 1761 1315 1794 industriam;
1334 1761 1406 1796 (quis
1426 1761 1498 1788 enim
1514 1765 1566 1794 est,
1580 1762 1627 1797 qui
1647 1765 1695 1789 aut

905 1807 943 1839 id,
960 1807 1032 1841 quod
1054 1807 1080 1833 in
1097 1815 1154 1834 rem
1172 1806 1294 1833 futurum
1311 1807 1357 1839 sit,
1379 1807 1551 1842 ingeniosius
1580 1813 1606 1834 et
1624 1816 1692 1836 acu-

906 1854 960 1880 tius
974 1854 1105 1885 inveniat.
1119 1858 1175 1887 aut,
1190 1853 1263 1888 quod
1279 1854 1418 1881 inventum
1442 1858 1494 1887 est,
1511 1855 1613 1889 majore
1628 1856 1693 1883 dili-

904 1900 994 1935 gentia
1011 1899 1183 1927 ctindustria
1204 1900 1405 1935 exsequatur?)
1433 1900 1478 1926 alii
1495 1900 1612 1934 justitize
1634 1901 1692 1928 lan-

904 1953 960 1977 ces,
979 1950 1006 1973 et
1021 1953 1076 1981 quo
1096 1950 1176 1981 pacto
1197 1946 1271 1973 velut
1292 1946 1344 1974 sub
1361 1946 1435 1972 clara
1452 1946 1512 1973 luce
1532 1950 1693 1974 controver—

904 1992 960 2019 sias
979 1992 1127 2027 diseeptas.
1144 1992 1282 2023 sublimis.
1307 1991 1416 2018 sublimi
1438 1999 1535 2026 pompa
1554 1993 1691 2027 justitiam

903 2041 1056 2064 ostentans.
1083 2037 1158 2064 Tuus
1184 2042 1274 2064 autem
1303 2037 1409 2072 gladius
1430 2041 1560 2064 terrorem
1581 2038 1690 2072 quidem

903 2083 991 2115 alfert,
1009 2087 1140 2118 tanquam
1159 2091 1363 2118 percussurus:
1383 2088 1513 2118 tanquam
1528 2087 1618 2110 autem
1636 2092 1690 2111 non

870 2147 889 2174 ο
904 2129 1071 2164 percutiens,
1098 2129 1217 2156 votivum
1236 2129 1338 2156 donum
1356 2133 1408 2156 est.
1429 2128 1595 2157 Polestatem
1616 2131 1689 2157 enim

905 2176 1000 2206 habes,
1024 2183 1079 2202 non
1095 2180 1126 2202 nt
1145 2176 1172 2202 in
1192 2170 1338 2210 pecca'ntes
1359 2175 1572 2207 animadvertas.
1596 2177 1642 2203 sed
1663 2176 1688 2202 i.l

904 2221 976 2248 serio
988 2229 1073 2256 agens
1083 2229 1117 2248 ue
1133 2222 1246 2248 omnino
1261 2225 1390 2256 peccent;
1403 2225 1430 2248 et
1444 2221 1508 2256 quia
1523 2228 1620 2250 omnes
1634 2225 1690 2249 tum

903 2310 1068 2345 loquendum
1088 2311 1178 2338 militis
1196 2311 1294 2345 idoneo

938 2346 993 2381 (68)
1008 2347 1112 2372 Κόπτω
1129 2347 1187 2380 μὲν
1209 2344 1282 2373 οἷον.
1299 2347 1339 2373 Ita
1358 2345 1434 2381 Reg:
1443 2354 1524 2381 unus,
1547 2351 1574 2372 et
1591 2344 1635 2372 ed.
1652 2345 1686 2374 ad

901 2379 986 2414 marg.
1005 2380 1072 2408 Male
1089 2381 1114 2407 in
1130 2379 1204 2408 textu
1220 2381 1327 2407 κόπτων
1344 2381 1392 2415 μὲν
1403 2379 1451 2408 οὖν
1466 2379 1530 2408 οἷον.

937 2415 991 2451 (69)
1019 2415 1108 2450 Ἁφρῷ
1129 2415 1292 2450 ﬁxit/10pm.
1314 2416 1418 2447 llillins,
1441 2424 1533 2450 spuma
1555 2415 1685 2451 impellor.

937 2451 992 2486 (70)
1013 2451 1179 2485 Κίγκλίδθς.
1204 2451 1240 2477 Ita
1259 2451 1340 2486 Regg.
1361 2452 1425 2482 duo.
1444 2455 1471 2478 et
1488 2452 1531 2478 ed.
1548 2452 1582 2478 ad
1598 2459 1683 2483 marg.

902 2485 970 2512 Male
986 2487 1012 2513 in
1027 2489 1103 2512 textu
1120 2485 1266 2521 κιγηλίὸος.

935 2521 990 2553 (71)
1010 2522 1069 2547 Οὐκ
1092 2520 1237 2554 ἐφιέντος.
1257 2521 1296 2548 lta
1321 2520 1387 2556 Reg.
1412 2529 1494 2549 unus.
1520 2521 1569 2549 Ed.
1593 2521 1684 2550 minus

900 2556 970 2583 bene
986 2556 1035 2581 οὐκ
1052 2555 1187 2589 ἀφιέντος.

935 2591 990 2627 (72)
1005 2590 1099 2617 Ταῦτα
1110 2590 1251 2627 δοκεῖκῐιιι
1258 2590 1345 2627 Begg.
1359 2592 1423 2618 dno.
1439 2591 1488 2618 Ed.
1499 2591 1584 2627 ταύτῃ
1598 2591 1680 2619 δοκεῖ.

934 2626 990 2662 (ζῇ)
1005 2627 1044 2662 ἦΗ
1054 2624 1185 2659 εὑρετής.
1205 2625 1242 2652 lta
1258 2624 1340 2662 negg;
1357 2627 1458 2661 plures.
1470 2627 1498 2653 ln
1512 2629 1555 2654 ed.
1566 2624 1642 2654 deest
1652 2628 1681 2662 ἥ.

933 2661 989 2694 (74)
1013 2661 1236 2696 ξῌμπομπεύων.
1265 2662 1302 2687 Ita
1320 2661 1394 2696 ’Reg.
1422 2670 1502 2693 unus.
1520 2667 1547 2690 et
1578 2663 1621 2689 ed.
1647 2661 1681 2690 ad

898 2703 984 2731 marg.
1014 2695 1082 2731 Ma_|e
1099 2696 1126 2722 in
1147 2699 1221 2723 textu
1249 2695 1422 2731 ὲμποπεὺἱυν.
1449 2697 1509 2724 Mox
1533 2697 1562 2724 τὸ
1580 2697 1608 2723 δὲ
1635 2697 1682 2724 σὺν

898 2729 984 2764 ξίφος.
1002 2731 1038 2757 Ita
1052 2729 1116 2765 Reg.
1129 2738 1211 2764 unus,
1226 2734 1253 2758 et
1266 2729 1317 2759 'ed.
1331 2732 1364 2759 ad
1382 2740 1468 2768 marg.
1482 2732 1551 2760 Male
1564 2733 1592 2760 in
1605 2737 1680 2760 textu

898 2765 927 2791 τὸ
942 2765 970 2791 δέ
984 2773 1023 2791 σοι
1043 2765 1127 2797 ξίφος.

896 2773 927 2791 το
942 2773 970 2791 οε
984 2773 1023 2791 σοι
1043 2773 1127 2793 ςιφος.

898 2773 927 2791 το
942 2773 970 2791 οε
984 2773 1023 2791 σοι
1043 2773 1127 2800 ςιφος.

898 2835 922 2844 Si
932 2800 994 2844 (ῖξ)⁸
1004 2800 1044 2844 φῦ
1055 2800 1106 2844 ξιξ.
1126 2800 1162 2828 Ita
1176 2799 1241 2837 Reg.
1257 2808 1339 2834 unus.
1355 2805 1382 2830 et
1404 2802 1448 2831 ed.
1461 2802 1495 2831 ad
1512 2810 1596 2839 marg.
1613 2801 1682 2832 Mala

897 2839 925 2862 in
939 2839 1015 2862 textu
1033 2839 1115 2872 αὐτῷ.
