  <div class='ocr_page' id='page_1' title='image "/cluster/home/n/w/nwhite01/storage/ocr_20150623/37/njp.32101077772562/025.png"; bbox 0 0 1923 3053; ppageno 0'>
   <div class='ocr_carea' id='block_1_1' title="bbox 238 115 1871 147">
    <p class='ocr_par' dir='ltr' id='par_1_1' title="bbox 238 115 1871 147">
     <span class='ocr_line' id='line_1_1' title="bbox 238 115 1871 147; baseline 0.001 -3"><span class='ocrx_word' id='word_1_1' title='bbox 238 117 273 146; x_wconf 81' lang='lat'><strong>39</strong></span> <span class='ocrx_word' id='word_1_2' title='bbox 839 116 867 144; x_wconf 87' lang='lat' dir='ltr'><strong>S.</strong></span> <span class='ocrx_word' id='word_1_3' title='bbox 888 115 1052 145; x_wconf 83' lang='lat' dir='ltr'><strong>GRE‘GORII</strong></span> <span class='ocrx_word' id='word_1_4' title='bbox 1072 116 1247 145; x_wconf 83' lang='lat' dir='ltr'><strong>TllEOLOGl</strong></span> <span class='ocrx_word' id='word_1_5' title='bbox 1835 119 1871 147; x_wconf 80' lang='grc' dir='ltr'><strong>ιο</strong></span> 
     </span>
    </p>
   </div>
   <div class='ocr_carea' id='block_1_2' title="bbox 238 175 1028 213">
    <p class='ocr_par' dir='ltr' id='par_1_2' title="bbox 238 175 1026 212">
     <span class='ocr_line' id='line_1_2' title="bbox 238 175 1026 212; baseline 0.001 -8"><span class='ocrx_word' id='word_1_6' title='bbox 238 176 330 212; x_wconf 86' lang='lat' dir='ltr'><strong>potius</strong></span> <span class='ocrx_word' id='word_1_7' title='bbox 343 175 427 204; x_wconf 84' lang='lat' dir='ltr'><strong>menti</strong></span> <span class='ocrx_word' id='word_1_8' title='bbox 446 177 559 208; x_wconf 71' lang='lat' dir='ltr'><strong>cedunt,</strong></span> <span class='ocrx_word' id='word_1_9' title='bbox 573 182 656 212; x_wconf 85' lang='lat' dir='ltr'><strong>quam</strong></span> <span class='ocrx_word' id='word_1_10' title='bbox 678 176 806 208; x_wconf 88' lang='lat' dir='ltr'><strong>aliorum,</strong></span> <span class='ocrx_word' id='word_1_11' title='bbox 826 177 928 212; x_wconf 84' lang='lat' dir='ltr'><strong>quibus</strong></span> <span class='ocrx_word' id='word_1_12' title='bbox 942 177 1026 205; x_wconf 89' lang='lat' dir='ltr'><strong>auda-</strong></span> 
     </span>
    </p>
   </div>
   <div class='ocr_carea' id='block_1_3' title="bbox 1084 175 1871 213">
    <p class='ocr_par' dir='ltr' id='par_1_3' title="bbox 1084 176 1871 213">
     <span class='ocr_line' id='line_1_3' title="bbox 1084 176 1871 213; baseline -0.001 -9"><span class='ocrx_word' id='word_1_13' title='bbox 1084 177 1123 204; x_wconf 76' lang='grc' dir='ltr'>τοῦ</span> <span class='ocrx_word' id='word_1_14' title='bbox 1147 177 1236 211; x_wconf 81' lang='grc' dir='ltr'>λέγειν</span> <span class='ocrx_word' id='word_1_15' title='bbox 1254 176 1379 212; x_wconf 88' lang='grc' dir='ltr'>δυναμιν.</span> <span class='ocrx_word' id='word_1_16' title='bbox 1403 177 1433 204; x_wconf 83' lang='lat'><strong>&#39;0</strong></span> <span class='ocrx_word' id='word_1_17' title='bbox 1441 176 1497 213; x_wconf 87' lang='grc' dir='ltr'><strong>γὰρ</strong></span> <span class='ocrx_word' id='word_1_18' title='bbox 1506 176 1586 208; x_wconf 80' lang='grc' dir='ltr'>αὐτὸς</span> <span class='ocrx_word' id='word_1_19' title='bbox 1605 176 1707 212; x_wconf 80' lang='grc' dir='ltr'>κρίνειν</span> <span class='ocrx_word' id='word_1_20' title='bbox 1727 184 1758 203; x_wconf 81' lang='grc' dir='ltr'><strong>τε</strong></span> <span class='ocrx_word' id='word_1_21' title='bbox 1780 177 1871 209; x_wconf 77' lang='grc' dir='ltr'>ἱκανὸς</span> 
     </span>
    </p>
   </div>
   <div class='ocr_carea' id='block_1_4' title="bbox 238 222 1028 259">
    <p class='ocr_par' dir='ltr' id='par_1_4' title="bbox 238 222 1028 259">
     <span class='ocr_line' id='line_1_4' title="bbox 238 222 1028 259; baseline 0.001 -9"><span class='ocrx_word' id='word_1_22' title='bbox 238 223 281 251; x_wconf 91' lang='lat' dir='ltr'><strong>cia</strong></span> <span class='ocrx_word' id='word_1_23' title='bbox 298 230 348 258; x_wconf 87' lang='lat' dir='ltr'><strong>pro</strong></span> <span class='ocrx_word' id='word_1_24' title='bbox 363 222 422 258; x_wconf 87' lang='lat' dir='ltr'><strong>lege</strong></span> <span class='ocrx_word' id='word_1_25' title='bbox 437 226 492 254; x_wconf 84' lang='lat' dir='ltr'><strong>est,</strong></span> <span class='ocrx_word' id='word_1_26' title='bbox 508 223 670 251; x_wconf 71' lang='lat' dir='ltr'><strong>auctoritati</strong></span> <span class='ocrx_word' id='word_1_27' title='bbox 687 231 720 251; x_wconf 89' lang='lat' dir='ltr'><strong>ac</strong></span> <span class='ocrx_word' id='word_1_28' title='bbox 736 224 874 259; x_wconf 66' lang='lat' dir='ltr'><strong>potentiae.</strong></span> <span class='ocrx_word' id='word_1_29' title='bbox 898 225 950 252; x_wconf 91' lang='lat' dir='ltr'><strong>Alii</strong></span> <span class='ocrx_word' id='word_1_30' title='bbox 966 232 1028 252; x_wconf 81' lang='lat' dir='ltr'><strong>rur-</strong></span> 
     </span>
    </p>
   </div>
   <div class='ocr_carea' id='block_1_5' title="bbox 239 268 1028 303">
    <p class='ocr_par' dir='ltr' id='par_1_5' title="bbox 239 268 1028 303">
     <span class='ocr_line' id='line_1_5' title="bbox 239 268 1028 303; baseline 0.003 -7"><span class='ocrx_word' id='word_1_31' title='bbox 239 276 300 297; x_wconf 84' lang='lat' dir='ltr'><strong>sum</strong></span> <span class='ocrx_word' id='word_1_32' title='bbox 315 268 480 296; x_wconf 69' lang='lat' dir='ltr'><strong>eruditionis</strong></span> <span class='ocrx_word' id='word_1_33' title='bbox 494 269 544 303; x_wconf 81' lang='grc' dir='ltr'><strong>ιι</strong></span> <span class='ocrx_word' id='word_1_34' title='bbox 558 269 614 296; x_wconf 85' lang='lat' dir='ltr'><strong>vim</strong></span> <span class='ocrx_word' id='word_1_35' title='bbox 628 269 815 301; x_wconf 82' lang='lat' dir='ltr'><strong>admirentur;</strong></span> <span class='ocrx_word' id='word_1_36' title='bbox 832 270 875 298; x_wconf 86' lang='lat' dir='ltr'><strong>vel</strong></span> <span class='ocrx_word' id='word_1_37' title='bbox 890 271 913 298; x_wconf 89' lang='lat' dir='ltr'><strong>si</strong></span> <span class='ocrx_word' id='word_1_38' title='bbox 929 270 1028 302; x_wconf 82' lang='lat' dir='ltr'><strong>mavis.</strong></span> 
     </span>
    </p>
   </div>
   <div class='ocr_carea' id='block_1_6' title="bbox 238 314 1029 352">
    <p class='ocr_par' dir='ltr' id='par_1_6' title="bbox 238 314 1029 352">
     <span class='ocr_line' id='line_1_6' title="bbox 238 314 1029 352; baseline 0.003 -10"><span class='ocrx_word' id='word_1_39' title='bbox 238 314 401 342; x_wconf 73' lang='lat' dir='ltr'><strong>eruditionis</strong></span> <span class='ocrx_word' id='word_1_40' title='bbox 414 322 502 350; x_wconf 82' lang='lat' dir='ltr'><strong>genus</strong></span> <span class='ocrx_word' id='word_1_41' title='bbox 517 323 609 347; x_wconf 88' lang='lat' dir='ltr'><strong>omne,</strong></span> <span class='ocrx_word' id='word_1_42' title='bbox 625 319 681 343; x_wconf 93' lang='lat' dir='ltr'><strong>tam</strong></span> <span class='ocrx_word' id='word_1_43' title='bbox 703 315 777 351; x_wconf 88' lang='lat' dir='ltr'><strong>quod</strong></span> <span class='ocrx_word' id='word_1_44' title='bbox 794 316 828 344; x_wconf 90' lang='lat' dir='ltr'><strong>ad</strong></span> <span class='ocrx_word' id='word_1_45' title='bbox 844 324 951 348; x_wconf 84' lang='lat' dir='ltr'><strong>eorum,</strong></span> <span class='ocrx_word' id='word_1_46' title='bbox 967 324 1029 352; x_wconf 66' lang='lat' dir='ltr'><strong>quas</strong></span> 
     </span>
    </p>
   </div>
   <div class='ocr_carea' id='block_1_7' title="bbox 239 360 1028 397">
    <p class='ocr_par' dir='ltr' id='par_1_7' title="bbox 239 360 1028 397">
     <span class='ocr_line' id='line_1_7' title="bbox 239 360 1028 397; baseline 0.004 -10"><span class='ocrx_word' id='word_1_47' title='bbox 239 360 380 393; x_wconf 82' lang='lat' dir='ltr'><strong>dicuntur,</strong></span> <span class='ocrx_word' id='word_1_48' title='bbox 407 368 551 389; x_wconf 78' lang='lat' dir='ltr'><strong>censuram</strong></span> <span class='ocrx_word' id='word_1_49' title='bbox 580 369 613 389; x_wconf 88' lang='lat' dir='ltr'><strong>ac</strong></span> <span class='ocrx_word' id='word_1_50' title='bbox 642 361 777 396; x_wconf 86' lang='lat' dir='ltr'><strong>judicium</strong></span> <span class='ocrx_word' id='word_1_51' title='bbox 801 364 917 395; x_wconf 84' lang='lat' dir='ltr'><strong>attinet,</strong></span> <span class='ocrx_word' id='word_1_52' title='bbox 944 371 1028 397; x_wconf 84' lang='lat' dir='ltr'><strong>quam</strong></span> 
     </span>
    </p>
   </div>
   <div class='ocr_carea' id='block_1_8' title="bbox 239 406 1030 444">
    <p class='ocr_par' dir='ltr' id='par_1_8' title="bbox 239 406 1030 444">
     <span class='ocr_line' id='line_1_8' title="bbox 239 406 1030 444; baseline 0.001 -10"><span class='ocrx_word' id='word_1_53' title='bbox 239 406 310 442; x_wconf 85' lang='lat' dir='ltr'><strong>quod</strong></span> <span class='ocrx_word' id='word_1_54' title='bbox 326 407 359 434; x_wconf 90' lang='lat' dir='ltr'><strong>ad</strong></span> <span class='ocrx_word' id='word_1_55' title='bbox 378 406 487 434; x_wconf 85' lang='lat' dir='ltr'><strong>dicendi</strong></span> <span class='ocrx_word' id='word_1_56' title='bbox 505 407 674 436; x_wconf 77' lang='lat' dir='ltr'><strong>facultatem.</strong></span> <span class='ocrx_word' id='word_1_57' title='bbox 690 408 764 435; x_wconf 91' lang='lat' dir='ltr'><strong>Idem</strong></span> <span class='ocrx_word' id='word_1_58' title='bbox 789 409 863 436; x_wconf 83' lang='lat' dir='ltr'><strong>enim</strong></span> <span class='ocrx_word' id='word_1_59' title='bbox 881 409 939 444; x_wconf 87' lang='lat' dir='ltr'><strong>ipse</strong></span> <span class='ocrx_word' id='word_1_60' title='bbox 954 409 1030 443; x_wconf 85' lang='lat' dir='ltr'><strong>judi-</strong></span> 
     </span>
    </p>
   </div>
   <div class='ocr_carea' id='block_1_9' title="bbox 238 453 1028 489">
    <p class='ocr_par' dir='ltr' id='par_1_9' title="bbox 238 453 1028 489">
     <span class='ocr_line' id='line_1_9' title="bbox 238 453 1028 489; baseline 0.004 -10"><span class='ocrx_word' id='word_1_61' title='bbox 238 453 311 480; x_wconf 86' lang='lat' dir='ltr'><strong>cium</strong></span> <span class='ocrx_word' id='word_1_62' title='bbox 333 453 367 480; x_wconf 87' lang='lat' dir='ltr'><strong>de</strong></span> <span class='ocrx_word' id='word_1_63' title='bbox 380 453 554 481; x_wconf 88' lang='lat' dir='ltr'><strong>sermonibus</strong></span> <span class='ocrx_word' id='word_1_64' title='bbox 567 453 638 481; x_wconf 84' lang='lat' dir='ltr'><strong>ferre</strong></span> <span class='ocrx_word' id='word_1_65' title='bbox 653 458 741 489; x_wconf 80' lang='lat' dir='ltr'><strong>potes.</strong></span> <span class='ocrx_word' id='word_1_66' title='bbox 758 458 786 481; x_wconf 89' lang='lat' dir='ltr'><strong>et</strong></span> <span class='ocrx_word' id='word_1_67' title='bbox 799 454 931 489; x_wconf 84' lang='lat' dir='ltr'><strong>majorem</strong></span> <span class='ocrx_word' id='word_1_68' title='bbox 944 455 1028 483; x_wconf 89' lang='lat' dir='ltr'><strong>etiam</strong></span> 
     </span>
    </p>
   </div>
   <div class='ocr_carea' id='block_1_10' title="bbox 239 499 1029 529">
    <p class='ocr_par' dir='ltr' id='par_1_10' title="bbox 239 499 1029 529">
     <span class='ocr_line' id='line_1_10' title="bbox 239 499 1029 529; baseline 0.003 -3"><span class='ocrx_word' id='word_1_69' title='bbox 239 499 267 526; x_wconf 86' lang='lat' dir='ltr'><strong>in</strong></span> <span class='ocrx_word' id='word_1_70' title='bbox 282 499 399 527; x_wconf 91' lang='lat' dir='ltr'><strong>dicendo</strong></span> <span class='ocrx_word' id='word_1_71' title='bbox 414 499 468 526; x_wconf 87' lang='lat' dir='ltr'><strong>vim</strong></span> <span class='ocrx_word' id='word_1_72' title='bbox 485 500 594 529; x_wconf 79' lang='lat' dir='ltr'><strong>obtines</strong></span> <span class='ocrx_word' id='word_1_73' title='bbox 609 510 614 527; x_wconf 93' lang='lat'>:</span> <span class='ocrx_word' id='word_1_74' title='bbox 633 502 670 528; x_wconf 83' lang='lat' dir='ltr'><strong>ita</strong></span> <span class='ocrx_word' id='word_1_75' title='bbox 686 505 715 528; x_wconf 93' lang='lat' dir='ltr'><strong>ut</strong></span> <span class='ocrx_word' id='word_1_76' title='bbox 734 502 852 528; x_wconf 88' lang='lat' dir='ltr'><strong>alterum</strong></span> <span class='ocrx_word' id='word_1_77' title='bbox 866 509 979 529; x_wconf 86' lang='lat' dir='ltr'><strong>aureum</strong></span> <span class='ocrx_word' id='word_1_78' title='bbox 994 501 1029 528; x_wconf 83' lang='lat' dir='ltr'><strong>il-</strong></span> 
     </span>
    </p>
   </div>
   <div class='ocr_carea' id='block_1_11' title="bbox 238 544 1028 576">
    <p class='ocr_par' dir='ltr' id='par_1_11' title="bbox 238 544 1028 576">
     <span class='ocr_line' id='line_1_11' title="bbox 238 544 1028 576; baseline 0.005 -5"><span class='ocrx_word' id='word_1_79' title='bbox 238 544 293 572; x_wconf 88' lang='lat' dir='ltr'><strong>lius</strong></span> <span class='ocrx_word' id='word_1_80' title='bbox 306 545 444 572; x_wconf 88' lang='lat' dir='ltr'><strong>calculum</strong></span> <span class='ocrx_word' id='word_1_81' title='bbox 460 544 571 576; x_wconf 80' lang='lat' dir='ltr'><strong>referat,</strong></span> <span class='ocrx_word' id='word_1_82' title='bbox 585 550 632 572; x_wconf 89' lang='lat' dir='ltr'><strong>aut</strong></span> <span class='ocrx_word' id='word_1_83' title='bbox 649 545 821 574; x_wconf 83' lang='lat' dir='ltr'><strong>Homericam</strong></span> <span class='ocrx_word' id='word_1_84' title='bbox 840 547 914 574; x_wconf 91' lang='lat' dir='ltr'><strong>illam</strong></span> <span class='ocrx_word' id='word_1_85' title='bbox 932 554 1028 575; x_wconf 86' lang='lat' dir='ltr'><strong>amus-</strong></span> 
     </span>
    </p>
   </div>
   <div class='ocr_carea' id='block_1_12' title="bbox 240 589 1028 627">
    <p class='ocr_par' dir='ltr' id='par_1_12' title="bbox 240 589 1028 627">
     <span class='ocr_line' id='line_1_12' title="bbox 240 589 1028 627; baseline 0.004 -11"><span class='ocrx_word' id='word_1_86' title='bbox 240 589 302 622; x_wconf 87' lang='lat' dir='ltr'><strong>sim,</strong></span> <span class='ocrx_word' id='word_1_87' title='bbox 327 590 378 617; x_wconf 90' lang='lat' dir='ltr'><strong>sub</strong></span> <span class='ocrx_word' id='word_1_88' title='bbox 403 597 457 625; x_wconf 91' lang='lat' dir='ltr'><strong>qua</strong></span> <span class='ocrx_word' id='word_1_89' title='bbox 473 589 606 626; x_wconf 72' lang='lat' dir='ltr'><strong>equorum</strong></span> <span class='ocrx_word' id='word_1_90' title='bbox 626 591 739 619; x_wconf 83' lang='lat' dir='ltr'><strong>Eumelii</strong></span> <span class='ocrx_word' id='word_1_91' title='bbox 760 592 943 627; x_wconf 63' lang='lat' dir='ltr'><strong>aequalitatem</strong></span> <span class='ocrx_word' id='word_1_92' title='bbox 961 600 1028 620; x_wconf 87' lang='lat' dir='ltr'><strong>cen-</strong></span> 
     </span>
    </p>
   </div>
   <div class='ocr_carea' id='block_1_13' title="bbox 238 635 1028 672">
    <p class='ocr_par' dir='ltr' id='par_1_13' title="bbox 238 635 1028 672">
     <span class='ocr_line' id='line_1_13' title="bbox 238 635 1028 672; baseline 0.003 -8"><span class='ocrx_word' id='word_1_93' title='bbox 238 635 293 664; x_wconf 74' lang='lat' dir='ltr'><strong>seri</strong></span> <span class='ocrx_word' id='word_1_94' title='bbox 309 643 340 663; x_wconf 86' lang='lat' dir='ltr'><strong>ac</strong></span> <span class='ocrx_word' id='word_1_95' title='bbox 355 637 487 672; x_wconf 84' lang='lat' dir='ltr'><strong>perpendi</strong></span> <span class='ocrx_word' id='word_1_96' title='bbox 511 637 643 672; x_wconf 78' lang='lat' dir='ltr'><strong>contigit;</strong></span> <span class='ocrx_word' id='word_1_97' title='bbox 664 637 779 665; x_wconf 87' lang='lat' dir='ltr'><strong>alterum</strong></span> <span class='ocrx_word' id='word_1_98' title='bbox 802 643 892 665; x_wconf 89' lang='lat' dir='ltr'><strong>autem</strong></span> <span class='ocrx_word' id='word_1_99' title='bbox 918 638 1028 667; x_wconf 88' lang='lat' dir='ltr'><strong>nimbos</strong></span> 
     </span>
    </p>
   </div>
   <div class='ocr_carea' id='block_1_14' title="bbox 240 681 1029 718">
    <p class='ocr_par' dir='ltr' id='par_1_14' title="bbox 240 681 1029 718">
     <span class='ocr_line' id='line_1_14' title="bbox 240 681 1029 718; baseline 0.005 -10"><span class='ocrx_word' id='word_1_100' title='bbox 240 681 371 709; x_wconf 80' lang='lat' dir='ltr'><strong>hiemales</strong></span> <span class='ocrx_word' id='word_1_101' title='bbox 388 686 509 718; x_wconf 90' lang='lat' dir='ltr'><strong>superet.</strong></span> <span class='ocrx_word' id='word_1_102' title='bbox 528 682 590 709; x_wconf 85' lang='lat' dir='ltr'><strong>Pari</strong></span> <span class='ocrx_word' id='word_1_103' title='bbox 606 684 679 711; x_wconf 84' lang='lat' dir='ltr'><strong>enim</strong></span> <span class='ocrx_word' id='word_1_104' title='bbox 696 691 759 711; x_wconf 90' lang='lat' dir='ltr'><strong>cum</strong></span> <span class='ocrx_word' id='word_1_105' title='bbox 775 684 865 716; x_wconf 85' lang='lat' dir='ltr'><strong>laude,</strong></span> <span class='ocrx_word' id='word_1_106' title='bbox 882 692 955 712; x_wconf 90' lang='lat' dir='ltr'><strong>nunc</strong></span> <span class='ocrx_word' id='word_1_107' title='bbox 968 692 1029 712; x_wconf 87' lang='lat' dir='ltr'><strong>cer-</strong></span> 
     </span>
    </p>
   </div>
   <div class='ocr_carea' id='block_1_15' title="bbox 239 727 1027 766">
    <p class='ocr_par' dir='ltr' id='par_1_15' title="bbox 239 727 1027 766">
     <span class='ocr_line' id='line_1_15' title="bbox 239 727 1027 766; baseline 0.006 -13"><span class='ocrx_word' id='word_1_108' title='bbox 239 727 350 754; x_wconf 85' lang='lat' dir='ltr'><strong>taminis</strong></span> <span class='ocrx_word' id='word_1_109' title='bbox 366 728 500 756; x_wconf 90' lang='lat' dir='ltr'><strong>arbitrum</strong></span> <span class='ocrx_word' id='word_1_110' title='bbox 517 729 587 764; x_wconf 90' lang='lat' dir='ltr'><strong>agis,</strong></span> <span class='ocrx_word' id='word_1_111' title='bbox 606 737 638 757; x_wconf 88' lang='lat' dir='ltr'><strong>ac</strong></span> <span class='ocrx_word' id='word_1_112' title='bbox 656 730 734 764; x_wconf 91' lang='lat' dir='ltr'><strong>prius</strong></span> <span class='ocrx_word' id='word_1_113' title='bbox 751 730 810 766; x_wconf 90' lang='lat' dir='ltr'><strong>ipse</strong></span> <span class='ocrx_word' id='word_1_114' title='bbox 824 731 960 758; x_wconf 84' lang='lat' dir='ltr'><strong>certabas.</strong></span> <span class='ocrx_word' id='word_1_115' title='bbox 974 731 1027 759; x_wconf 90' lang='lat' dir='ltr'><strong>Alii</strong></span> 
     </span>
    </p>
   </div>
   <div class='ocr_carea' id='block_1_16' title="bbox 238 771 1027 810">
    <p class='ocr_par' dir='ltr' id='par_1_16' title="bbox 238 771 1027 810">
     <span class='ocr_line' id='line_1_16' title="bbox 238 771 1027 810; baseline 0.008 -12"><span class='ocrx_word' id='word_1_116' title='bbox 238 771 394 800; x_wconf 81' lang='lat' dir='ltr'><strong>ﬁrmitatem</strong></span> <span class='ocrx_word' id='word_1_117' title='bbox 419 774 532 802; x_wconf 85' lang='lat' dir='ltr'><strong>lenitate</strong></span> <span class='ocrx_word' id='word_1_118' title='bbox 555 779 734 810; x_wconf 82' lang='lat' dir='ltr'><strong>temperatam</strong></span> <span class='ocrx_word' id='word_1_119' title='bbox 758 776 884 804; x_wconf 86' lang='lat' dir='ltr'><strong>laudibus</strong></span> <span class='ocrx_word' id='word_1_120' title='bbox 902 776 1027 809; x_wconf 82' lang='lat' dir='ltr'><strong>eﬂ&#39;erant,</strong></span> 
     </span>
    </p>
   </div>
   <div class='ocr_carea' id='block_1_17' title="bbox 237 819 1029 856">
    <p class='ocr_par' dir='ltr' id='par_1_17' title="bbox 237 819 1029 856">
     <span class='ocr_line' id='line_1_17' title="bbox 237 819 1029 856; baseline 0.005 -10"><span class='ocrx_word' id='word_1_121' title='bbox 237 819 455 854; x_wconf 78' lang='lat' dir='ltr'><strong>suavitatemque</strong></span> <span class='ocrx_word' id='word_1_122' title='bbox 480 820 549 848; x_wconf 90' lang='lat' dir='ltr'><strong>nihil</strong></span> <span class='ocrx_word' id='word_1_123' title='bbox 577 821 716 854; x_wconf 78' lang='lat' dir='ltr'><strong>abiectum</strong></span> <span class='ocrx_word' id='word_1_124' title='bbox 745 821 912 854; x_wconf 84' lang='lat' dir='ltr'><strong>habentem,</strong></span> <span class='ocrx_word' id='word_1_125' title='bbox 934 823 1029 856; x_wconf 87' lang='lat' dir='ltr'><strong>cujus-</strong></span> 
     </span>
    </p>
   </div>
   <div class='ocr_carea' id='block_1_18' title="bbox 1079 222 1872 259">
    <p class='ocr_par' dir='ltr' id='par_1_18' title="bbox 1079 222 1872 259">
     <span class='ocr_line' id='line_1_18' title="bbox 1079 222 1872 259; baseline 0.001 -9"><span class='ocrx_word' id='word_1_126' title='bbox 1079 223 1156 258; x_wconf 78' lang='grc' dir='ltr'>λόγον</span> <span class='ocrx_word' id='word_1_127' title='bbox 1173 223 1240 257; x_wconf 78' lang='grc'>(76),</span> <span class='ocrx_word' id='word_1_128' title='bbox 1261 224 1308 250; x_wconf 80' lang='grc' dir='ltr'>καὶ</span> <span class='ocrx_word' id='word_1_129' title='bbox 1324 224 1412 250; x_wconf 77' lang='grc' dir='ltr'>εἰπεῖν</span> <span class='ocrx_word' id='word_1_130' title='bbox 1440 223 1625 259; x_wconf 70' lang='grc' dir='ltr'><strong>δυνατώτερος</strong></span> <span class='ocrx_word' id='word_1_131' title='bbox 1637 232 1644 238; x_wconf 91' lang='grc'><strong>·</strong></span> <span class='ocrx_word' id='word_1_132' title='bbox 1666 223 1704 255; x_wconf 83' lang='grc' dir='ltr'>ὡς</span> <span class='ocrx_word' id='word_1_133' title='bbox 1717 222 1748 249; x_wconf 84' lang='grc' dir='ltr'><strong>τὺ</strong></span> <span class='ocrx_word' id='word_1_134' title='bbox 1760 223 1808 258; x_wconf 81' lang='grc' dir='ltr'>μὲν</span> <span class='ocrx_word' id='word_1_135' title='bbox 1822 225 1872 252; x_wconf 79' lang='grc' dir='ltr'><strong>αὑ-</strong></span> 
     </span>
    </p>
   </div>
   <div class='ocr_carea' id='block_1_19' title="bbox 1078 269 1871 306">
    <p class='ocr_par' dir='ltr' id='par_1_19' title="bbox 1078 269 1871 306">
     <span class='ocr_line' id='line_1_19' title="bbox 1078 269 1871 306; baseline 0 -10"><span class='ocrx_word' id='word_1_136' title='bbox 1078 269 1126 296; x_wconf 86' lang='grc' dir='ltr'>τοῦ</span> <span class='ocrx_word' id='word_1_137' title='bbox 1140 270 1196 304; x_wconf 85' lang='grc'>(77)</span> <span class='ocrx_word' id='word_1_138' title='bbox 1212 269 1259 296; x_wconf 83' lang='grc' dir='ltr'>καὶ</span> <span class='ocrx_word' id='word_1_139' title='bbox 1283 269 1333 304; x_wconf 78' lang='grc' dir='ltr'>τὴν</span> <span class='ocrx_word' id='word_1_140' title='bbox 1357 269 1461 306; x_wconf 79' lang='grc' dir='ltr'><strong>χρυσῆν</strong></span> <span class='ocrx_word' id='word_1_141' title='bbox 1483 270 1645 302; x_wconf 72' lang='grc' dir='ltr'><strong>εἰκάζεσθαι</strong></span> <span class='ocrx_word' id='word_1_142' title='bbox 1659 269 1761 304; x_wconf 78' lang='grc' dir='ltr'>ψῆφον,</span> <span class='ocrx_word' id='word_1_143' title='bbox 1783 270 1800 305; x_wconf 85' lang='grc' dir='ltr'>ἢ</span> <span class='ocrx_word' id='word_1_144' title='bbox 1821 271 1871 306; x_wconf 83' lang='grc' dir='ltr'>τὴν</span> 
     </span>
    </p>
   </div>
   <div class='ocr_carea' id='block_1_20' title="bbox 1085 312 1871 352">
    <p class='ocr_par' dir='ltr' id='par_1_20' title="bbox 1085 312 1871 352">
     <span class='ocr_line' id='line_1_20' title="bbox 1085 312 1871 352; baseline 0.001 -10"><span class='ocrx_word' id='word_1_145' title='bbox 1085 315 1236 351; x_wconf 83' lang='grc' dir='ltr'>Ὁμηρικὴν</span> <span class='ocrx_word' id='word_1_146' title='bbox 1259 315 1383 351; x_wconf 78' lang='grc' dir='ltr'>στάθμην</span> <span class='ocrx_word' id='word_1_147' title='bbox 1409 315 1516 351; x_wconf 81' lang='grc' dir='ltr'>ἐκείνην</span> <span class='ocrx_word' id='word_1_148' title='bbox 1537 315 1606 351; x_wconf 84' lang='grc'>(78),</span> <span class='ocrx_word' id='word_1_149' title='bbox 1622 315 1668 351; x_wconf 78' lang='grc' dir='ltr'><strong>ὑφ’</strong></span> <span class='ocrx_word' id='word_1_150' title='bbox 1730 315 1871 352; x_wconf 75' lang='grc' dir='ltr'>κρίνεσθαι</span> 
     </span>
    </p>
   </div>
   <div class='ocr_carea' id='block_1_21' title="bbox 1082 361 1872 398">
    <p class='ocr_par' dir='ltr' id='par_1_21' title="bbox 1082 361 1872 398">
     <span class='ocr_line' id='line_1_21' title="bbox 1082 361 1872 398; baseline 0.003 -10"><span class='ocrx_word' id='word_1_151' title='bbox 1082 362 1224 397; x_wconf 65' lang='grc' dir='ltr'>συμϐαίνει</span> <span class='ocrx_word' id='word_1_152' title='bbox 1239 362 1290 398; x_wconf 82' lang='grc' dir='ltr'>τὴν</span> <span class='ocrx_word' id='word_1_153' title='bbox 1301 362 1356 388; x_wconf 85' lang='grc' dir='ltr'>τῶν</span> <span class='ocrx_word' id='word_1_154' title='bbox 1372 361 1532 397; x_wconf 81' lang='grc' dir='ltr'>Εὑμηλείων</span> <span class='ocrx_word' id='word_1_155' title='bbox 1545 362 1636 389; x_wconf 83' lang='grc' dir='ltr'>ἵππων</span> <span class='ocrx_word' id='word_1_156' title='bbox 1653 362 1778 398; x_wconf 85' lang='grc' dir='ltr'>ἰσότητα·</span> <span class='ocrx_word' id='word_1_157' title='bbox 1794 363 1825 389; x_wconf 83' lang='grc' dir='ltr'><strong>τὺ</strong></span> <span class='ocrx_word' id='word_1_158' title='bbox 1841 362 1872 390; x_wconf 65' lang='grc' dir='ltr'><strong>δὲ</strong></span> 
     </span>
    </p>
   </div>
   <div class='ocr_carea' id='block_1_22' title="bbox 1080 407 1872 444">
    <p class='ocr_par' dir='ltr' id='par_1_22' title="bbox 1080 407 1872 444">
     <span class='ocr_line' id='line_1_22' title="bbox 1080 407 1872 444; baseline 0.001 -10"><span class='ocrx_word' id='word_1_159' title='bbox 1080 408 1151 444; x_wconf 78' lang='grc' dir='ltr'>ὑπὲρ</span> <span class='ocrx_word' id='word_1_160' title='bbox 1170 407 1219 440; x_wconf 83' lang='grc' dir='ltr'><strong>τὰς</strong></span> <span class='ocrx_word' id='word_1_161' title='bbox 1233 407 1391 444; x_wconf 79' lang='grc' dir='ltr'><strong>χειμερίους</strong></span> <span class='ocrx_word' id='word_1_162' title='bbox 1410 407 1480 435; x_wconf 81' lang='grc' dir='ltr'>εἶναι</span> <span class='ocrx_word' id='word_1_163' title='bbox 1502 408 1633 442; x_wconf 74' lang='grc' dir='ltr'>νιφάδαςο</span> <span class='ocrx_word' id='word_1_164' title='bbox 1652 408 1872 443; x_wconf 81' lang='grc' dir='ltr'>ἀγωνοθετοῦντά</span> 
     </span>
    </p>
   </div>
   <div class='ocr_carea' id='block_1_23' title="bbox 1079 453 1871 490">
    <p class='ocr_par' dir='ltr' id='par_1_23' title="bbox 1079 453 1871 490">
     <span class='ocr_line' id='line_1_23' title="bbox 1079 453 1871 490; baseline 0 -9"><span class='ocrx_word' id='word_1_165' title='bbox 1079 463 1109 481; x_wconf 89' lang='grc' dir='ltr'><strong>τε</strong></span> <span class='ocrx_word' id='word_1_166' title='bbox 1125 454 1226 489; x_wconf 83' lang='grc' dir='ltr'>ὁμοίως</span> <span class='ocrx_word' id='word_1_167' title='bbox 1247 453 1307 486; x_wconf 82' lang='grc' dir='ltr'>νῦν,</span> <span class='ocrx_word' id='word_1_168' title='bbox 1324 454 1382 480; x_wconf 78' lang='grc' dir='ltr'>καὶ¹</span> <span class='ocrx_word' id='word_1_169' title='bbox 1394 453 1594 488; x_wconf 80' lang='grc' dir='ltr'><strong>ἀγωνιζόμενον</strong></span> <span class='ocrx_word' id='word_1_170' title='bbox 1618 454 1760 490; x_wconf 67' lang='grc' dir='ltr'>πρότερον.</span> <span class='ocrx_word' id='word_1_171' title='bbox 1778 454 1871 481; x_wconf 73' lang='grc' dir='ltr'>Ἄλλοι</span> 
     </span>
    </p>
   </div>
   <div class='ocr_carea' id='block_1_24' title="bbox 1079 499 1872 536">
    <p class='ocr_par' dir='ltr' id='par_1_24' title="bbox 1079 499 1872 536">
     <span class='ocr_line' id='line_1_24' title="bbox 1079 499 1872 536; baseline -0.001 -9"><span class='ocrx_word' id='word_1_172' title='bbox 1079 500 1111 527; x_wconf 85' lang='grc' dir='ltr'>τδ</span> <span class='ocrx_word' id='word_1_173' title='bbox 1124 500 1236 536; x_wconf 76' lang='grc' dir='ltr'>στεῤῥὸν</span> <span class='ocrx_word' id='word_1_174' title='bbox 1252 499 1307 535; x_wconf 90' lang='grc'><strong>(79)</strong></span> <span class='ocrx_word' id='word_1_175' title='bbox 1325 500 1522 527; x_wconf 82' lang='grc' dir='ltr'>ὲπαινείτωσαν</span> <span class='ocrx_word' id='word_1_176' title='bbox 1536 500 1574 534; x_wconf 84' lang='grc' dir='ltr'>τῷ</span> <span class='ocrx_word' id='word_1_177' title='bbox 1590 500 1669 535; x_wconf 85' lang='grc' dir='ltr'><strong>πράῳ</strong></span> <span class='ocrx_word' id='word_1_178' title='bbox 1680 500 1872 536; x_wconf 74' lang='grc' dir='ltr'>συγκεκραμέ-</span> 
     </span>
    </p>
   </div>
   <div class='ocr_carea' id='block_1_25' title="bbox 1079 546 1869 582">
    <p class='ocr_par' dir='ltr' id='par_1_25' title="bbox 1079 546 1869 582">
     <span class='ocr_line' id='line_1_25' title="bbox 1079 546 1869 582; baseline -0.003 -8"><span class='ocrx_word' id='word_1_179' title='bbox 1079 555 1135 579; x_wconf 85' lang='grc' dir='ltr'>νον,</span> <span class='ocrx_word' id='word_1_180' title='bbox 1157 547 1204 573; x_wconf 71' lang='lat' dir='ltr'><strong>xui.</strong></span> <span class='ocrx_word' id='word_1_181' title='bbox 1222 546 1252 573; x_wconf 89' lang='grc' dir='ltr'><strong>τὺ</strong></span> <span class='ocrx_word' id='word_1_182' title='bbox 1269 546 1326 582; x_wconf 88' lang='grc'>(80)</span> <span class='ocrx_word' id='word_1_183' title='bbox 1336 547 1377 573; x_wconf 82' lang='grc' dir='ltr'><strong>’ὲν</strong></span> <span class='ocrx_word' id='word_1_184' title='bbox 1390 546 1429 581; x_wconf 85' lang='grc' dir='ltr'>τῷ</span> <span class='ocrx_word' id='word_1_185' title='bbox 1446 546 1571 582; x_wconf 87' lang='grc' dir='ltr'>μειλιχίῳ</span> <span class='ocrx_word' id='word_1_186' title='bbox 1594 546 1631 581; x_wconf 85' lang='grc' dir='ltr'>μὴ</span> <span class='ocrx_word' id='word_1_187' title='bbox 1658 547 1869 582; x_wconf 78' lang='grc' dir='ltr'>συμπεπτωκὸς,</span> 
     </span>
    </p>
   </div>
   <div class='ocr_carea' id='block_1_26' title="bbox 1078 589 1871 628">
    <p class='ocr_par' dir='ltr' id='par_1_26' title="bbox 1078 589 1871 628">
     <span class='ocr_line' id='line_1_26' title="bbox 1078 589 1871 628; baseline 0 -9"><span class='ocrx_word' id='word_1_188' title='bbox 1078 589 1122 620; x_wconf 80' lang='grc' dir='ltr'>οἷα</span> <span class='ocrx_word' id='word_1_189' title='bbox 1132 593 1165 620; x_wconf 76' lang='grc' dir='ltr'><strong>τὰ.</strong></span> <span class='ocrx_word' id='word_1_190' title='bbox 1175 592 1229 619; x_wconf 84' lang='grc' dir='ltr'>τῶν</span> <span class='ocrx_word' id='word_1_191' title='bbox 1239 592 1353 620; x_wconf 82' lang='grc' dir='ltr'><strong>λεόντων</strong></span> <span class='ocrx_word' id='word_1_192' title='bbox 1366 593 1551 628; x_wconf 78' lang='grc' dir='ltr'>σκιρτήματα.</span> <span class='ocrx_word' id='word_1_193' title='bbox 1566 592 1657 618; x_wconf 78' lang='grc' dir='ltr'>Ἀλλοι</span> <span class='ocrx_word' id='word_1_194' title='bbox 1667 592 1712 618; x_wconf 69' lang='grc' dir='ltr'>τὸν</span> <span class='ocrx_word' id='word_1_195' title='bbox 1722 591 1871 627; x_wconf 82' lang='grc' dir='ltr'>εὐρυσθενῆ</span> 
     </span>
    </p>
   </div>
   <div class='ocr_carea' id='block_1_27' title="bbox 1079 637 1871 674">
    <p class='ocr_par' dir='ltr' id='par_1_27' title="bbox 1079 637 1871 674">
     <span class='ocr_line' id='line_1_27' title="bbox 1079 637 1871 674; baseline 0 -10"><span class='ocrx_word' id='word_1_196' title='bbox 1079 638 1178 674; x_wconf 81' lang='grc' dir='ltr'>χρυσὸν</span> <span class='ocrx_word' id='word_1_197' title='bbox 1194 638 1242 665; x_wconf 78' lang='grc' dir='ltr'><strong>καὶ</strong></span> <span class='ocrx_word' id='word_1_198' title='bbox 1265 639 1407 674; x_wconf 81' lang='grc' dir='ltr'><strong>τιμήεντα,</strong></span> <span class='ocrx_word' id='word_1_199' title='bbox 1431 637 1501 674; x_wconf 86' lang='grc' dir='ltr'>μετὰ</span> <span class='ocrx_word' id='word_1_200' title='bbox 1521 637 1574 664; x_wconf 87' lang='grc' dir='ltr'>τῶν</span> <span class='ocrx_word' id='word_1_201' title='bbox 1600 638 1707 673; x_wconf 80' lang='grc' dir='ltr'>σεμνῶν</span> <span class='ocrx_word' id='word_1_202' title='bbox 1729 637 1871 672; x_wconf 78' lang='grc' dir='ltr'><strong>ὀνομάτων</strong></span> 
     </span>
    </p>
   </div>
   <div class='ocr_carea' id='block_1_28' title="bbox 1079 683 1868 719">
    <p class='ocr_par' dir='ltr' id='par_1_28' title="bbox 1079 683 1868 719">
     <span class='ocr_line' id='line_1_28' title="bbox 1079 683 1868 719; baseline -0.004 -8"><span class='ocrx_word' id='word_1_203' title='bbox 1079 684 1276 719; x_wconf 83' lang='grc' dir='ltr'>ἁτιμασθέντα.</span> <span class='ocrx_word' id='word_1_204' title='bbox 1294 684 1342 710; x_wconf 78' lang='grc' dir='ltr'>καὶ</span> <span class='ocrx_word' id='word_1_205' title='bbox 1359 683 1550 719; x_wconf 79' lang='grc' dir='ltr'><strong>προτροπάδην</strong></span> <span class='ocrx_word' id='word_1_206' title='bbox 1569 683 1677 715; x_wconf 81' lang='grc' dir='ltr'>εῐξαντα</span> <span class='ocrx_word' id='word_1_207' title='bbox 1692 683 1755 719; x_wconf 86' lang='grc' dir='ltr'>δίκῃ</span> <span class='ocrx_word' id='word_1_208' title='bbox 1769 685 1802 719; x_wconf 76' lang='grc' dir='ltr'>τῇ</span> <span class='ocrx_word' id='word_1_209' title='bbox 1816 684 1848 718; x_wconf 76' lang='grc' dir='ltr'><strong>σῇ</strong></span> <span class='ocrx_word' id='word_1_210' title='bbox 1861 692 1868 698; x_wconf 85' lang='grc'><strong>·</strong></span> 
     </span>
    </p>
   </div>
   <div class='ocr_carea' id='block_1_29' title="bbox 1081 728 1871 765">
    <p class='ocr_par' dir='ltr' id='par_1_29' title="bbox 1081 728 1871 765">
     <span class='ocr_line' id='line_1_29' title="bbox 1081 728 1871 765; baseline -0.004 -8"><span class='ocrx_word' id='word_1_211' title='bbox 1081 731 1196 765; x_wconf 85' lang='grc' dir='ltr'>πρᾶγμα</span> <span class='ocrx_word' id='word_1_212' title='bbox 1212 729 1292 765; x_wconf 89' lang='grc' dir='ltr'>μόνον</span> <span class='ocrx_word' id='word_1_213' title='bbox 1313 729 1345 764; x_wconf 82' lang='grc' dir='ltr'>δὴ</span> <span class='ocrx_word' id='word_1_214' title='bbox 1370 729 1478 755; x_wconf 82' lang='grc' dir='ltr'>πάντων</span> <span class='ocrx_word' id='word_1_215' title='bbox 1500 729 1547 755; x_wconf 83' lang='grc' dir='ltr'>καὶ</span> <span class='ocrx_word' id='word_1_216' title='bbox 1573 728 1657 763; x_wconf 81' lang='grc' dir='ltr'>ἀκοῆς</span> <span class='ocrx_word' id='word_1_217' title='bbox 1679 728 1726 754; x_wconf 76' lang='grc' dir='ltr'>καὶ</span> <span class='ocrx_word' id='word_1_218' title='bbox 1752 728 1871 760; x_wconf 77' lang='grc' dir='ltr'>πίστεως</span> 
     </span>
    </p>
   </div>
   <div class='ocr_carea' id='block_1_30' title="bbox 1080 773 1871 811">
    <p class='ocr_par' dir='ltr' id='par_1_30' title="bbox 1080 773 1871 811">
     <span class='ocr_line' id='line_1_30' title="bbox 1080 773 1871 811; baseline -0.003 -9"><span class='ocrx_word' id='word_1_219' title='bbox 1080 775 1255 811; x_wconf 79' lang='grc' dir='ltr'>ὑψηλότερον.</span> <span class='ocrx_word' id='word_1_220' title='bbox 1281 775 1427 809; x_wconf 84' lang='grc' dir='ltr'>Ποιητικὺς</span> <span class='ocrx_word' id='word_1_221' title='bbox 1447 774 1475 801; x_wconf 84' lang='grc' dir='ltr'><strong>δέ</strong></span> <span class='ocrx_word' id='word_1_222' title='bbox 1489 783 1531 806; x_wconf 82' lang='grc' dir='ltr'><strong>τις</strong></span> <span class='ocrx_word' id='word_1_223' title='bbox 1553 773 1623 810; x_wconf 80' lang='grc' dir='ltr'>ἀνὴρ</span> <span class='ocrx_word' id='word_1_224' title='bbox 1642 773 1689 800; x_wconf 74' lang='grc' dir='ltr'>καὶ</span> <span class='ocrx_word' id='word_1_225' title='bbox 1703 774 1752 809; x_wconf 85' lang='grc' dir='ltr'>τὴν</span> <span class='ocrx_word' id='word_1_226' title='bbox 1773 774 1871 810; x_wconf 85' lang='grc' dir='ltr'>τέχνην</span> 
     </span>
    </p>
   </div>
   <div class='ocr_carea' id='block_1_31' title="bbox 1078 820 1872 856">
    <p class='ocr_par' dir='ltr' id='par_1_31' title="bbox 1078 820 1872 856">
     <span class='ocr_line' id='line_1_31' title="bbox 1078 820 1872 856; baseline -0.004 -7"><span class='ocrx_word' id='word_1_227' title='bbox 1078 822 1177 856; x_wconf 74' lang='grc' dir='ltr'>ἄφετος</span> <span class='ocrx_word' id='word_1_228' title='bbox 1200 821 1247 848; x_wconf 80' lang='grc' dir='ltr'>καὶ</span> <span class='ocrx_word' id='word_1_229' title='bbox 1272 821 1432 856; x_wconf 81' lang='grc' dir='ltr'>αὐτόνομος,</span> <span class='ocrx_word' id='word_1_230' title='bbox 1458 821 1505 847; x_wconf 71' lang='grc' dir='ltr'>καὶ</span> <span class='ocrx_word' id='word_1_231' title='bbox 1526 820 1607 856; x_wconf 79' lang='grc' dir='ltr'>μέλος</span> <span class='ocrx_word' id='word_1_232' title='bbox 1634 821 1762 856; x_wconf 80' lang='grc' dir='ltr'>ἀγροικὸν</span> <span class='ocrx_word' id='word_1_233' title='bbox 1786 828 1872 856; x_wconf 81' lang='grc' dir='ltr'>προσ-</span> 
     </span>
    </p>
   </div>
   <div class='ocr_carea' id='block_1_32' title="bbox 237 863 1028 903">
    <p class='ocr_par' dir='ltr' id='par_1_32' title="bbox 237 863 1028 903">
     <span class='ocr_line' id='line_1_32' title="bbox 237 863 1028 903; baseline 0.006 -13"><span class='ocrx_word' id='word_1_234' title='bbox 237 863 310 891; x_wconf 88' lang='lat' dir='ltr'><strong>modi</strong></span> <span class='ocrx_word' id='word_1_235' title='bbox 328 864 433 893; x_wconf 84' lang='lat' dir='ltr'><strong>scilicet</strong></span> <span class='ocrx_word' id='word_1_236' title='bbox 452 870 518 893; x_wconf 89' lang='lat' dir='ltr'><strong>sunt</strong></span> <span class='ocrx_word' id='word_1_237' title='bbox 535 867 646 894; x_wconf 89' lang='lat' dir='ltr'><strong>leonum</strong></span> <span class='ocrx_word' id='word_1_238' title='bbox 666 868 762 895; x_wconf 83' lang='lat' dir='ltr'><strong>saltus.</strong></span> <span class='ocrx_word' id='word_1_239' title='bbox 779 867 834 895; x_wconf 81' lang='lat' dir='ltr'><strong>Alii</strong></span> <span class='ocrx_word' id='word_1_240' title='bbox 850 868 957 896; x_wconf 89' lang='lat' dir='ltr'><strong>viribus</strong></span> <span class='ocrx_word' id='word_1_241' title='bbox 970 869 1028 903; x_wconf 90' lang='lat' dir='ltr'><strong>pol-</strong></span> 
     </span>
    </p>
   </div>
   <div class='ocr_carea' id='block_1_33' title="bbox 1084 863 1873 903">
    <p class='ocr_par' dir='ltr' id='par_1_33' title="bbox 1084 866 1873 903">
     <span class='ocr_line' id='line_1_33' title="bbox 1084 866 1873 903; baseline -0.003 -9"><span class='ocrx_word' id='word_1_242' title='bbox 1084 868 1166 903; x_wconf 62' lang='grc' dir='ltr'>ξιδέτω</span> <span class='ocrx_word' id='word_1_243' title='bbox 1180 876 1220 894; x_wconf 89' lang='grc' dir='ltr'><strong>σοι</strong></span> <span class='ocrx_word' id='word_1_244' title='bbox 1233 867 1301 902; x_wconf 80' lang='lat'><strong>(8|),</strong></span> <span class='ocrx_word' id='word_1_245' title='bbox 1311 867 1438 903; x_wconf 88' lang='grc' dir='ltr'>γηπόνων</span> <span class='ocrx_word' id='word_1_246' title='bbox 1453 866 1532 902; x_wconf 75' lang='grc' dir='ltr'>χορὸν</span> <span class='ocrx_word' id='word_1_247' title='bbox 1545 867 1723 902; x_wconf 81' lang='grc' dir='ltr'>στησάμενος,</span> <span class='ocrx_word' id='word_1_248' title='bbox 1739 866 1786 893; x_wconf 85' lang='grc' dir='ltr'>καὶ</span> <span class='ocrx_word' id='word_1_249' title='bbox 1799 867 1873 902; x_wconf 78' lang='grc' dir='ltr'>ἀμη-</span> 
     </span>
    </p>
   </div>
   <div class='ocr_carea' id='block_1_34' title="bbox 238 909 1030 949">
    <p class='ocr_par' dir='ltr' id='par_1_34' title="bbox 238 909 1030 949">
     <span class='ocr_line' id='line_1_34' title="bbox 238 909 1030 949; baseline 0.006 -13"><span class='ocrx_word' id='word_1_250' title='bbox 238 909 309 941; x_wconf 74' lang='lat' dir='ltr'><strong>lens,</strong></span> <span class='ocrx_word' id='word_1_251' title='bbox 326 914 353 938; x_wconf 93' lang='lat' dir='ltr'><strong>et</strong></span> <span class='ocrx_word' id='word_1_252' title='bbox 368 911 472 939; x_wconf 89' lang='lat' dir='ltr'><strong>honore</strong></span> <span class='ocrx_word' id='word_1_253' title='bbox 489 913 632 947; x_wconf 73' lang='lat' dir='ltr'><strong>prteditum</strong></span> <span class='ocrx_word' id='word_1_254' title='bbox 646 921 757 945; x_wconf 87' lang='lat' dir='ltr'><strong>aurum,</strong></span> <span class='ocrx_word' id='word_1_255' title='bbox 774 921 827 940; x_wconf 88' lang='lat' dir='ltr'><strong>una</strong></span> <span class='ocrx_word' id='word_1_256' title='bbox 845 921 907 941; x_wconf 92' lang='lat' dir='ltr'><strong>cum</strong></span> <span class='ocrx_word' id='word_1_257' title='bbox 923 915 1030 949; x_wconf 81' lang='lat' dir='ltr'><strong>magni-</strong></span> 
     </span>
    </p>
   </div>
   <div class='ocr_carea' id='block_1_35' title="bbox 239 954 1027 993">
    <p class='ocr_par' dir='ltr' id='par_1_35' title="bbox 239 954 1027 993">
     <span class='ocr_line' id='line_1_35' title="bbox 239 954 1027 993; baseline 0.006 -11"><span class='ocrx_word' id='word_1_258' title='bbox 239 954 297 983; x_wconf 81' lang='lat' dir='ltr'><strong>licis</strong></span> <span class='ocrx_word' id='word_1_259' title='bbox 314 956 475 985; x_wconf 86' lang='lat' dir='ltr'><strong>nominibus</strong></span> <span class='ocrx_word' id='word_1_260' title='bbox 495 962 693 993; x_wconf 83' lang='lat' dir='ltr'><strong>contemptum,</strong></span> <span class='ocrx_word' id='word_1_261' title='bbox 712 964 794 993; x_wconf 90' lang='lat' dir='ltr'><strong>atque</strong></span> <span class='ocrx_word' id='word_1_262' title='bbox 810 959 839 986; x_wconf 90' lang='lat' dir='ltr'><strong>in</strong></span> <span class='ocrx_word' id='word_1_263' title='bbox 853 958 969 987; x_wconf 81' lang='lat' dir='ltr'><strong>eﬂ&#39;usam</strong></span> <span class='ocrx_word' id='word_1_264' title='bbox 986 959 1027 987; x_wconf 83' lang='lat' dir='ltr'><strong>fu-</strong></span> 
     </span>
    </p>
   </div>
   <div class='ocr_carea' id='block_1_36' title="bbox 237 1001 1029 1036">
    <p class='ocr_par' dir='ltr' id='par_1_36' title="bbox 237 1001 1029 1036">
     <span class='ocr_line' id='line_1_36' title="bbox 237 1001 1029 1036; baseline 0.009 -10"><span class='ocrx_word' id='word_1_265' title='bbox 237 1008 298 1035; x_wconf 83' lang='lat' dir='ltr'><strong>gam</strong></span> <span class='ocrx_word' id='word_1_266' title='bbox 320 1008 335 1028; x_wconf 91' lang='lat' dir='ltr'><strong>a</strong></span> <span class='ocrx_word' id='word_1_267' title='bbox 349 1001 458 1036; x_wconf 72' lang='lat' dir='ltr'><strong>iustitia</strong></span> <span class='ocrx_word' id='word_1_268' title='bbox 482 1008 530 1030; x_wconf 88' lang='lat' dir='ltr'><strong>tua</strong></span> <span class='ocrx_word' id='word_1_269' title='bbox 553 1011 717 1032; x_wconf 86' lang='lat' dir='ltr'><strong>conversum</strong></span> <span class='ocrx_word' id='word_1_270' title='bbox 733 1013 739 1030; x_wconf 90' lang='lat'><strong>:</strong></span> <span class='ocrx_word' id='word_1_271' title='bbox 753 1012 799 1033; x_wconf 88' lang='lat' dir='ltr'><strong>res</strong></span> <span class='ocrx_word' id='word_1_272' title='bbox 825 1012 893 1033; x_wconf 85' lang='lat' dir='ltr'><strong>sane</strong></span> <span class='ocrx_word' id='word_1_273' title='bbox 920 1013 974 1032; x_wconf 86' lang='lat' dir='ltr'><strong>una</strong></span> <span class='ocrx_word' id='word_1_274' title='bbox 996 1013 1029 1034; x_wconf 80' lang='lat' dir='ltr'><strong>cx</strong></span> 
     </span>
    </p>
   </div>
   <div class='ocr_carea' id='block_1_37' title="bbox 237 1047 1030 1086">
    <p class='ocr_par' dir='ltr' id='par_1_37' title="bbox 237 1047 1030 1086">
     <span class='ocr_line' id='line_1_37' title="bbox 237 1047 1030 1086; baseline 0.009 -14"><span class='ocrx_word' id='word_1_275' title='bbox 237 1047 365 1075; x_wconf 88' lang='lat' dir='ltr'><strong>onmibus</strong></span> <span class='ocrx_word' id='word_1_276' title='bbox 387 1048 530 1077; x_wconf 87' lang='lat' dir='ltr'><strong>auditione</strong></span> <span class='ocrx_word' id='word_1_277' title='bbox 550 1057 582 1077; x_wconf 89' lang='lat' dir='ltr'><strong>ac</strong></span> <span class='ocrx_word' id='word_1_278' title='bbox 607 1049 659 1078; x_wconf 84' lang='lat' dir='ltr'><strong>lide</strong></span> <span class='ocrx_word' id='word_1_279' title='bbox 680 1051 835 1078; x_wconf 76' lang='lat' dir='ltr'><strong>sublimior.</strong></span> <span class='ocrx_word' id='word_1_280' title='bbox 859 1051 930 1084; x_wconf 87' lang='lat' dir='ltr'><strong>Quin</strong></span> <span class='ocrx_word' id='word_1_281' title='bbox 949 1055 1030 1086; x_wconf 78' lang='lat' dir='ltr'><strong>poeta</strong></span> 
     </span>
    </p>
   </div>
   <div class='ocr_carea' id='block_1_38' title="bbox 237 1093 1028 1129">
    <p class='ocr_par' dir='ltr' id='par_1_38' title="bbox 237 1093 1028 1129">
     <span class='ocr_line' id='line_1_38' title="bbox 237 1093 1028 1129; baseline 0.008 -11"><span class='ocrx_word' id='word_1_282' title='bbox 237 1099 347 1126; x_wconf 90' lang='lat' dir='ltr'><strong>quoque</strong></span> <span class='ocrx_word' id='word_1_283' title='bbox 367 1093 503 1128; x_wconf 89' lang='lat' dir='ltr'><strong>quispiam</strong></span> <span class='ocrx_word' id='word_1_284' title='bbox 526 1099 609 1129; x_wconf 88' lang='lat' dir='ltr'><strong>atque</strong></span> <span class='ocrx_word' id='word_1_285' title='bbox 632 1099 691 1123; x_wconf 90' lang='lat' dir='ltr'><strong>arte</strong></span> <span class='ocrx_word' id='word_1_286' title='bbox 716 1096 831 1124; x_wconf 88' lang='lat' dir='ltr'><strong>liberior</strong></span> <span class='ocrx_word' id='word_1_287' title='bbox 849 1101 881 1123; x_wconf 83' lang='lat' dir='ltr'><strong>et</strong></span> <span class='ocrx_word' id='word_1_288' title='bbox 902 1097 1028 1128; x_wconf 88' lang='lat' dir='ltr'><strong>solutior,</strong></span> 
     </span>
    </p>
   </div>
   <div class='ocr_carea' id='block_1_39' title="bbox 237 1137 1030 1172">
    <p class='ocr_par' dir='ltr' id='par_1_39' title="bbox 237 1137 1030 1172">
     <span class='ocr_line' id='line_1_39' title="bbox 237 1137 1030 1172; baseline 0.008 -9"><span class='ocrx_word' id='word_1_289' title='bbox 237 1137 419 1172; x_wconf 77' lang='lat' dir='ltr'><strong>agricolarum</strong></span> <span class='ocrx_word' id='word_1_290' title='bbox 441 1138 526 1166; x_wconf 87' lang='lat' dir='ltr'><strong>choro</strong></span> <span class='ocrx_word' id='word_1_291' title='bbox 543 1144 650 1172; x_wconf 88' lang='lat' dir='ltr'><strong>coacto,</strong></span> <span class='ocrx_word' id='word_1_292' title='bbox 666 1141 801 1168; x_wconf 71' lang='lat' dir='ltr'><strong>rusticum</strong></span> <span class='ocrx_word' id='word_1_293' title='bbox 822 1149 933 1169; x_wconf 86' lang='lat' dir='ltr'><strong>carmen</strong></span> <span class='ocrx_word' id='word_1_294' title='bbox 954 1142 1030 1169; x_wconf 75' lang='lat' dir='ltr'><strong>acci-</strong></span> 
     </span>
    </p>
   </div>
   <div class='ocr_carea' id='block_1_40' title="bbox 237 1184 1030 1222">
    <p class='ocr_par' dir='ltr' id='par_1_40' title="bbox 237 1184 1030 1222">
     <span class='ocr_line' id='line_1_40' title="bbox 237 1184 1030 1222; baseline 0.006 -12"><span class='ocrx_word' id='word_1_295' title='bbox 237 1187 295 1215; x_wconf 88' lang='lat' dir='ltr'><strong>nat,</strong></span> <span class='ocrx_word' id='word_1_296' title='bbox 320 1184 501 1220; x_wconf 88' lang='lat' dir='ltr'><strong>demessaque</strong></span> <span class='ocrx_word' id='word_1_297' title='bbox 522 1191 630 1213; x_wconf 84' lang='lat' dir='ltr'><strong>matura</strong></span> <span class='ocrx_word' id='word_1_298' title='bbox 645 1186 732 1221; x_wconf 85' lang='lat' dir='ltr'><strong>spica,</strong></span> <span class='ocrx_word' id='word_1_299' title='bbox 753 1194 835 1222; x_wconf 88' lang='lat' dir='ltr'><strong>quam</strong></span> <span class='ocrx_word' id='word_1_300' title='bbox 857 1187 1030 1221; x_wconf 89' lang='lat' dir='ltr'><strong>jucundissi-</strong></span> 
     </span>
    </p>
   </div>
   <div class='ocr_carea' id='block_1_41' title="bbox 237 1229 1029 1267">
    <p class='ocr_par' dir='ltr' id='par_1_41' title="bbox 237 1229 1029 1267">
     <span class='ocr_line' id='line_1_41' title="bbox 237 1229 1029 1267; baseline 0.008 -13"><span class='ocrx_word' id='word_1_301' title='bbox 237 1235 309 1254; x_wconf 87' lang='lat' dir='ltr'><strong>mam</strong></span> <span class='ocrx_word' id='word_1_302' title='bbox 330 1229 461 1256; x_wconf 88' lang='lat' dir='ltr'><strong>corollam</strong></span> <span class='ocrx_word' id='word_1_303' title='bbox 487 1234 589 1262; x_wconf 86' lang='lat' dir='ltr'><strong>nectat,</strong></span> <span class='ocrx_word' id='word_1_304' title='bbox 614 1231 772 1267; x_wconf 53' lang='lat' dir='ltr'><strong>vitibusque</strong></span> <span class='ocrx_word' id='word_1_305' title='bbox 796 1232 897 1260; x_wconf 87' lang='lat' dir='ltr'><strong>hedera</strong></span> <span class='ocrx_word' id='word_1_306' title='bbox 921 1237 948 1260; x_wconf 86' lang='lat' dir='ltr'><strong>et</strong></span> <span class='ocrx_word' id='word_1_307' title='bbox 969 1234 1029 1261; x_wconf 91' lang='lat' dir='ltr'><strong>uvis</strong></span> 
     </span>
    </p>
   </div>
   <div class='ocr_carea' id='block_1_42' title="bbox 237 1273 1029 1313">
    <p class='ocr_par' dir='ltr' id='par_1_42' title="bbox 237 1273 1029 1313">
     <span class='ocr_line' id='line_1_42' title="bbox 237 1273 1029 1313; baseline 0.009 -14"><span class='ocrx_word' id='word_1_308' title='bbox 237 1273 393 1302; x_wconf 78' lang='lat' dir='ltr'><strong>intertextis</strong></span> <span class='ocrx_word' id='word_1_309' title='bbox 408 1279 490 1310; x_wconf 87' lang='lat' dir='ltr'><strong>caput</strong></span> <span class='ocrx_word' id='word_1_310' title='bbox 506 1276 610 1312; x_wconf 80' lang='lat' dir='ltr'><strong>cingat.</strong></span> <span class='ocrx_word' id='word_1_311' title='bbox 626 1278 811 1313; x_wconf 71' lang='lat' dir='ltr'><strong>Agriculturae</strong></span> <span class='ocrx_word' id='word_1_312' title='bbox 825 1278 955 1305; x_wconf 91' lang='lat' dir='ltr'><strong>nimirum</strong></span> <span class='ocrx_word' id='word_1_313' title='bbox 971 1279 1029 1306; x_wconf 64' lang='lat' dir='ltr'><strong>hate</strong></span> 
     </span>
    </p>
   </div>
   <div class='ocr_carea' id='block_1_43' title="bbox 238 1318 1028 1354">
    <p class='ocr_par' dir='ltr' id='par_1_43' title="bbox 238 1318 1028 1354">
     <span class='ocr_line' id='line_1_43' title="bbox 238 1318 1028 1354; baseline 0.009 -9"><span class='ocrx_word' id='word_1_314' title='bbox 238 1318 334 1346; x_wconf 82' lang='lat' dir='ltr'><strong>festiva</strong></span> <span class='ocrx_word' id='word_1_315' title='bbox 355 1328 434 1348; x_wconf 89' lang='lat' dir='ltr'><strong>sacra</strong></span> <span class='ocrx_word' id='word_1_316' title='bbox 454 1325 529 1354; x_wconf 88' lang='lat' dir='ltr'><strong>sunt,</strong></span> <span class='ocrx_word' id='word_1_317' title='bbox 548 1327 596 1349; x_wconf 89' lang='lat' dir='ltr'><strong>tuo</strong></span> <span class='ocrx_word' id='word_1_318' title='bbox 611 1323 744 1350; x_wconf 85' lang='lat' dir='ltr'><strong>beneﬁcio</strong></span> <span class='ocrx_word' id='word_1_319' title='bbox 763 1331 875 1351; x_wconf 90' lang='lat' dir='ltr'><strong>rursum</strong></span> <span class='ocrx_word' id='word_1_320' title='bbox 889 1324 923 1352; x_wconf 92' lang='lat' dir='ltr'><strong>ad</strong></span> <span class='ocrx_word' id='word_1_321' title='bbox 939 1324 1028 1351; x_wconf 87' lang='lat' dir='ltr'><strong>homi-</strong></span> 
     </span>
    </p>
   </div>
   <div class='ocr_carea' id='block_1_44' title="bbox 237 1367 1028 1403">
    <p class='ocr_par' dir='ltr' id='par_1_44' title="bbox 237 1367 1028 1403">
     <span class='ocr_line' id='line_1_44' title="bbox 237 1367 1028 1403; baseline 0.006 -10"><span class='ocrx_word' id='word_1_322' title='bbox 237 1374 286 1394; x_wconf 90' lang='lat' dir='ltr'><strong>nes</strong></span> <span class='ocrx_word' id='word_1_323' title='bbox 309 1367 409 1395; x_wconf 61' lang='lat' dir='ltr'><strong>allatm.</strong></span> <span class='ocrx_word' id='word_1_324' title='bbox 443 1367 534 1403; x_wconf 81' lang='lat' dir='ltr'><strong>Rupes</strong></span> <span class='ocrx_word' id='word_1_325' title='bbox 556 1369 639 1396; x_wconf 83' lang='lat' dir='ltr'><strong>etiam</strong></span> <span class='ocrx_word' id='word_1_326' title='bbox 664 1370 705 1396; x_wconf 85' lang='lat' dir='ltr'><strong>lac</strong></span> <span class='ocrx_word' id='word_1_327' title='bbox 727 1369 855 1403; x_wconf 80' lang='lat' dir='ltr'><strong>fundant,</strong></span> <span class='ocrx_word' id='word_1_328' title='bbox 885 1373 913 1398; x_wconf 89' lang='lat' dir='ltr'><strong>et</strong></span> <span class='ocrx_word' id='word_1_329' title='bbox 937 1370 1028 1398; x_wconf 74' lang='lat' dir='ltr'><strong>fontes</strong></span> 
     </span>
    </p>
   </div>
   <div class='ocr_carea' id='block_1_45' title="bbox 237 1413 1554 1452">
    <p class='ocr_par' dir='ltr' id='par_1_45' title="bbox 237 1413 1554 1452">
     <span class='ocr_line' id='line_1_45' title="bbox 237 1413 1554 1452; baseline 0.002 -13"><span class='ocrx_word' id='word_1_330' title='bbox 237 1413 307 1446; x_wconf 88' lang='lat' dir='ltr'><strong>mel;</strong></span> <span class='ocrx_word' id='word_1_331' title='bbox 331 1421 363 1441; x_wconf 88' lang='lat' dir='ltr'><strong>ac</strong></span> <span class='ocrx_word' id='word_1_332' title='bbox 377 1417 469 1449; x_wconf 85' lang='lat' dir='ltr'><strong>planta</strong></span> <span class='ocrx_word' id='word_1_333' title='bbox 492 1416 593 1448; x_wconf 88' lang='lat' dir='ltr'><strong>omnis,</strong></span> <span class='ocrx_word' id='word_1_334' title='bbox 618 1421 673 1443; x_wconf 90' lang='lat' dir='ltr'><strong>tam</strong></span> <span class='ocrx_word' id='word_1_335' title='bbox 706 1417 793 1450; x_wconf 87' lang='lat' dir='ltr'><strong>culta,</strong></span> <span class='ocrx_word' id='word_1_336' title='bbox 814 1424 897 1452; x_wconf 89' lang='lat' dir='ltr'><strong>quam</strong></span> <span class='ocrx_word' id='word_1_337' title='bbox 934 1417 1063 1452; x_wconf 75' lang='lat' dir='ltr'><strong>agrestis,</strong></span> <span class='ocrx_word' id='word_1_338' title='bbox 1083 1417 1194 1444; x_wconf 89' lang='lat' dir='ltr'><strong>mitibus</strong></span> <span class='ocrx_word' id='word_1_339' title='bbox 1217 1417 1353 1444; x_wconf 84' lang='lat' dir='ltr'><strong>lructibus</strong></span> <span class='ocrx_word' id='word_1_340' title='bbox 1388 1416 1520 1444; x_wconf 87' lang='lat' dir='ltr'><strong>redundet</strong></span> <span class='ocrx_word' id='word_1_341' title='bbox 1547 1424 1554 1442; x_wconf 91' lang='lat'><strong>:</strong></span> 
     </span>
    </p>
   </div>
   <div class='ocr_carea' id='block_1_46' title="bbox 1082 911 1872 948">
    <p class='ocr_par' dir='ltr' id='par_1_46' title="bbox 1082 911 1872 948">
     <span class='ocr_line' id='line_1_46' title="bbox 1082 911 1872 948; baseline -0.001 -9"><span class='ocrx_word' id='word_1_342' title='bbox 1082 913 1198 948; x_wconf 85' lang='grc' dir='ltr'>σάμενος</span> <span class='ocrx_word' id='word_1_343' title='bbox 1214 912 1314 947; x_wconf 84' lang='grc' dir='ltr'>στάχυν</span> <span class='ocrx_word' id='word_1_344' title='bbox 1337 912 1449 948; x_wconf 85' lang='grc' dir='ltr'>ὡραῖον,</span> <span class='ocrx_word' id='word_1_345' title='bbox 1467 911 1590 938; x_wconf 82' lang='grc' dir='ltr'><strong>πλεκέτω</strong></span> <span class='ocrx_word' id='word_1_346' title='bbox 1607 912 1739 946; x_wconf 70' lang='grc' dir='ltr'>στέφανον</span> <span class='ocrx_word' id='word_1_347' title='bbox 1759 911 1803 938; x_wconf 80' lang='grc' dir='ltr'><strong>ὅτι</strong></span> <span class='ocrx_word' id='word_1_348' title='bbox 1815 911 1872 947; x_wconf 76' lang='grc' dir='ltr'>ἥδι-</span> 
     </span>
    </p>
   </div>
   <div class='ocr_carea' id='block_1_47' title="bbox 1082 956 1872 993">
    <p class='ocr_par' dir='ltr' id='par_1_47' title="bbox 1082 956 1872 993">
     <span class='ocr_line' id='line_1_47' title="bbox 1082 956 1872 993; baseline -0.004 -8"><span class='ocrx_word' id='word_1_349' title='bbox 1082 967 1154 990; x_wconf 82' lang='grc' dir='ltr'>στον,</span> <span class='ocrx_word' id='word_1_350' title='bbox 1170 958 1302 993; x_wconf 77' lang='grc' dir='ltr'>ὴμερίδας</span> <span class='ocrx_word' id='word_1_351' title='bbox 1313 966 1342 985; x_wconf 88' lang='grc' dir='ltr'><strong>τε</strong></span> <span class='ocrx_word' id='word_1_352' title='bbox 1357 958 1422 993; x_wconf 77' lang='grc' dir='ltr'>περὶ</span> <span class='ocrx_word' id='word_1_353' title='bbox 1439 956 1560 992; x_wconf 82' lang='grc' dir='ltr'>κεφαλῆς</span> <span class='ocrx_word' id='word_1_354' title='bbox 1570 957 1699 992; x_wconf 73' lang='grc' dir='ltr'>ὲγειρέτω</span> <span class='ocrx_word' id='word_1_355' title='bbox 1713 956 1769 992; x_wconf 76' lang='lat'><strong>(82)</strong></span> <span class='ocrx_word' id='word_1_356' title='bbox 1785 957 1872 991; x_wconf 83' lang='grc' dir='ltr'>κισσῷ</span> 
     </span>
    </p>
   </div>
   <div class='ocr_carea' id='block_1_48' title="bbox 1080 1001 1870 1039">
    <p class='ocr_par' dir='ltr' id='par_1_48' title="bbox 1080 1001 1870 1039">
     <span class='ocr_line' id='line_1_48' title="bbox 1080 1001 1870 1039; baseline -0.003 -9"><span class='ocrx_word' id='word_1_357' title='bbox 1080 1003 1242 1035; x_wconf 85' lang='grc' dir='ltr'>διαπλόκους</span> <span class='ocrx_word' id='word_1_358' title='bbox 1266 1003 1312 1030; x_wconf 68' lang='grc' dir='ltr'>καὶ</span> <span class='ocrx_word' id='word_1_359' title='bbox 1332 1002 1454 1039; x_wconf 85' lang='grc' dir='ltr'>βότρυσι.</span> <span class='ocrx_word' id='word_1_360' title='bbox 1475 1002 1616 1038; x_wconf 80' lang='grc' dir='ltr'>Γεωργίας</span> <span class='ocrx_word' id='word_1_361' title='bbox 1636 1001 1719 1029; x_wconf 78' lang='grc' dir='ltr'>ταῦτα</span> <span class='ocrx_word' id='word_1_362' title='bbox 1745 1001 1870 1034; x_wconf 71' lang='grc' dir='ltr'>θαλύσια,</span> 
     </span>
    </p>
   </div>
   <div class='ocr_carea' id='block_1_49' title="bbox 1081 1046 1871 1084">
    <p class='ocr_par' dir='ltr' id='par_1_49' title="bbox 1081 1046 1871 1084">
     <span class='ocr_line' id='line_1_49' title="bbox 1081 1046 1871 1084; baseline -0.005 -8"><span class='ocrx_word' id='word_1_363' title='bbox 1081 1049 1126 1076; x_wconf 81' lang='grc' dir='ltr'>διὰ</span> <span class='ocrx_word' id='word_1_364' title='bbox 1138 1048 1184 1075; x_wconf 78' lang='grc' dir='ltr'>σοῦ</span> <span class='ocrx_word' id='word_1_365' title='bbox 1200 1048 1280 1075; x_wconf 79' lang='grc' dir='ltr'>πάλιν</span> <span class='ocrx_word' id='word_1_366' title='bbox 1297 1048 1451 1084; x_wconf 83' lang='grc' dir='ltr'>ἀνθρώποις</span> <span class='ocrx_word' id='word_1_367' title='bbox 1466 1046 1665 1082; x_wconf 76' lang='grc' dir='ltr'>ἐπενεχθούσης</span> <span class='ocrx_word' id='word_1_368' title='bbox 1683 1046 1754 1082; x_wconf 85' lang='grc'>(85)·</span> <span class='ocrx_word' id='word_1_369' title='bbox 1771 1046 1871 1082; x_wconf 83' lang='grc' dir='ltr'>πέτραι</span> 
     </span>
    </p>
   </div>
   <div class='ocr_carea' id='block_1_50' title="bbox 1081 1092 1870 1129">
    <p class='ocr_par' dir='ltr' id='par_1_50' title="bbox 1081 1092 1870 1129">
     <span class='ocr_line' id='line_1_50' title="bbox 1081 1092 1870 1129; baseline -0.005 -8"><span class='ocrx_word' id='word_1_370' title='bbox 1081 1103 1111 1121; x_wconf 89' lang='grc' dir='ltr'><strong>τε</strong></span> <span class='ocrx_word' id='word_1_371' title='bbox 1126 1094 1197 1129; x_wconf 87' lang='grc' dir='ltr'>γάλα</span> <span class='ocrx_word' id='word_1_372' title='bbox 1221 1094 1350 1126; x_wconf 81' lang='grc' dir='ltr'>ναόντων,</span> <span class='ocrx_word' id='word_1_373' title='bbox 1367 1093 1414 1120; x_wconf 82' lang='grc' dir='ltr'>καὶ</span> <span class='ocrx_word' id='word_1_374' title='bbox 1433 1093 1493 1129; x_wconf 81' lang='grc' dir='ltr'>μέλι</span> <span class='ocrx_word' id='word_1_375' title='bbox 1519 1093 1628 1129; x_wconf 84' lang='grc' dir='ltr'>κρῆναι,</span> <span class='ocrx_word' id='word_1_376' title='bbox 1650 1093 1697 1119; x_wconf 76' lang='grc' dir='ltr'>καὶ</span> <span class='ocrx_word' id='word_1_377' title='bbox 1720 1092 1801 1127; x_wconf 81' lang='grc' dir='ltr'>φυτὸν</span> <span class='ocrx_word' id='word_1_378' title='bbox 1814 1092 1870 1128; x_wconf 61' lang='grc'>(84)</span> 
     </span>
    </p>
   </div>
   <div class='ocr_carea' id='block_1_51' title="bbox 1083 1138 1872 1176">
    <p class='ocr_par' dir='ltr' id='par_1_51' title="bbox 1083 1138 1872 1176">
     <span class='ocr_line' id='line_1_51' title="bbox 1083 1138 1872 1176; baseline -0.004 -8"><span class='ocrx_word' id='word_1_379' title='bbox 1083 1141 1155 1168; x_wconf 83' lang='grc' dir='ltr'>ἆπαν</span> <span class='ocrx_word' id='word_1_380' title='bbox 1171 1141 1284 1176; x_wconf 80' lang='grc' dir='ltr'>ἡμέροις</span> <span class='ocrx_word' id='word_1_381' title='bbox 1301 1141 1411 1176; x_wconf 84' lang='grc' dir='ltr'>κομάτω</span> <span class='ocrx_word' id='word_1_382' title='bbox 1424 1141 1549 1176; x_wconf 82' lang='grc' dir='ltr'>καρποῖς,</span> <span class='ocrx_word' id='word_1_383' title='bbox 1565 1138 1714 1175; x_wconf 82' lang='grc' dir='ltr'>σύντροφόν</span> <span class='ocrx_word' id='word_1_384' title='bbox 1728 1147 1757 1166; x_wconf 90' lang='grc' dir='ltr'><strong>τε</strong></span> <span class='ocrx_word' id='word_1_385' title='bbox 1771 1138 1872 1174; x_wconf 83' lang='grc' dir='ltr'>ὁμοίως</span> 
     </span>
    </p>
   </div>
   <div class='ocr_carea' id='block_1_52' title="bbox 1083 1183 1872 1222">
    <p class='ocr_par' dir='ltr' id='par_1_52' title="bbox 1083 1183 1872 1222">
     <span class='ocr_line' id='line_1_52' title="bbox 1083 1183 1872 1222; baseline -0.004 -9"><span class='ocrx_word' id='word_1_386' title='bbox 1083 1187 1130 1213; x_wconf 74' lang='grc' dir='ltr'>καὶ</span> <span class='ocrx_word' id='word_1_387' title='bbox 1141 1186 1228 1222; x_wconf 73' lang='grc' dir='ltr'>ὄρειον</span> <span class='ocrx_word' id='word_1_388' title='bbox 1243 1186 1310 1221; x_wconf 76' lang='grc'>(85)·</span> <span class='ocrx_word' id='word_1_389' title='bbox 1327 1183 1371 1212; x_wconf 77' lang='grc' dir='ltr'>οἷα</span> <span class='ocrx_word' id='word_1_390' title='bbox 1385 1185 1419 1212; x_wconf 78' lang='grc' dir='ltr'><strong>τὰ</strong></span> <span class='ocrx_word' id='word_1_391' title='bbox 1434 1185 1488 1211; x_wconf 86' lang='grc' dir='ltr'>τῶν</span> <span class='ocrx_word' id='word_1_392' title='bbox 1501 1184 1620 1221; x_wconf 85' lang='grc' dir='ltr'>ποιητῶν</span> <span class='ocrx_word' id='word_1_393' title='bbox 1638 1185 1792 1220; x_wconf 75' lang='grc' dir='ltr'>πλάσματα,</span> <span class='ocrx_word' id='word_1_394' title='bbox 1808 1184 1872 1211; x_wconf 80' lang='grc' dir='ltr'>ὅταν</span> 
     </span>
    </p>
   </div>
   <div class='ocr_carea' id='block_1_53' title="bbox 1082 1230 1873 1268">
    <p class='ocr_par' dir='ltr' id='par_1_53' title="bbox 1082 1230 1873 1268">
     <span class='ocr_line' id='line_1_53' title="bbox 1082 1230 1873 1268; baseline -0.004 -9"><span class='ocrx_word' id='word_1_395' title='bbox 1082 1232 1143 1259; x_wconf 68' lang='grc' dir='ltr'>τινὰ</span> <span class='ocrx_word' id='word_1_396' title='bbox 1158 1232 1254 1259; x_wconf 80' lang='grc' dir='ltr'>ποιῶσι</span> <span class='ocrx_word' id='word_1_397' title='bbox 1276 1231 1460 1268; x_wconf 77' lang='grc' dir='ltr'>χαριζομένην</span> <span class='ocrx_word' id='word_1_398' title='bbox 1474 1231 1524 1267; x_wconf 85' lang='grc' dir='ltr'>τὴν</span> <span class='ocrx_word' id='word_1_399' title='bbox 1539 1232 1599 1267; x_wconf 83' lang='grc' dir='ltr'>γῆν.</span> <span class='ocrx_word' id='word_1_400' title='bbox 1615 1231 1708 1259; x_wconf 74' lang='grc' dir='ltr'>Ταῦτα</span> <span class='ocrx_word' id='word_1_401' title='bbox 1726 1231 1786 1266; x_wconf 79' lang='grc' dir='ltr'>μὲν,</span> <span class='ocrx_word' id='word_1_402' title='bbox 1803 1230 1873 1266; x_wconf 85' lang='grc' dir='ltr'>ὅπερ</span> 
     </span>
    </p>
   </div>
   <div class='ocr_carea' id='block_1_54' title="bbox 1082 1275 1873 1313">
    <p class='ocr_par' dir='ltr' id='par_1_54' title="bbox 1082 1275 1873 1313">
     <span class='ocr_line' id='line_1_54' title="bbox 1082 1275 1873 1313; baseline -0.003 -9"><span class='ocrx_word' id='word_1_403' title='bbox 1082 1278 1160 1313; x_wconf 72' lang='grc' dir='ltr'>ἑςρην,</span> <span class='ocrx_word' id='word_1_404' title='bbox 1185 1278 1317 1312; x_wconf 88' lang='grc' dir='ltr'>λεγόντων</span> <span class='ocrx_word' id='word_1_405' title='bbox 1335 1287 1365 1304; x_wconf 86' lang='grc' dir='ltr'><strong>τε</strong></span> <span class='ocrx_word' id='word_1_406' title='bbox 1389 1278 1434 1304; x_wconf 80' lang='grc' dir='ltr'>καὶ</span> <span class='ocrx_word' id='word_1_407' title='bbox 1454 1277 1624 1304; x_wconf 79' lang='grc' dir='ltr'>πλαττόντων</span> <span class='ocrx_word' id='word_1_408' title='bbox 1647 1277 1746 1312; x_wconf 72' lang='grc' dir='ltr'>ἕτεροι.</span> <span class='ocrx_word' id='word_1_409' title='bbox 1766 1276 1804 1302; x_wconf 76' lang='grc' dir='ltr'>Τὸ</span> <span class='ocrx_word' id='word_1_410' title='bbox 1817 1275 1873 1310; x_wconf 79' lang='grc' dir='ltr'>γὰρ</span> 
     </span>
    </p>
   </div>
   <div class='ocr_carea' id='block_1_55' title="bbox 1081 1321 1872 1359">
    <p class='ocr_par' dir='ltr' id='par_1_55' title="bbox 1081 1321 1872 1359">
     <span class='ocr_line' id='line_1_55' title="bbox 1081 1321 1872 1359; baseline -0.004 -9"><span class='ocrx_word' id='word_1_411' title='bbox 1081 1324 1180 1350; x_wconf 81' lang='grc' dir='ltr'>οἰκεῖον</span> <span class='ocrx_word' id='word_1_412' title='bbox 1207 1324 1289 1356; x_wconf 81' lang='grc' dir='ltr'>ἆπαν,</span> <span class='ocrx_word' id='word_1_413' title='bbox 1311 1324 1342 1350; x_wconf 82' lang='grc' dir='ltr'>οὐ</span> <span class='ocrx_word' id='word_1_414' title='bbox 1364 1323 1451 1356; x_wconf 77' lang='grc' dir='ltr'>πιέζει</span> <span class='ocrx_word' id='word_1_415' title='bbox 1468 1323 1557 1359; x_wconf 85' lang='grc' dir='ltr'>μόνον.</span> <span class='ocrx_word' id='word_1_416' title='bbox 1578 1323 1616 1354; x_wconf 85' lang='grc' dir='ltr'>ὠς</span> <span class='ocrx_word' id='word_1_417' title='bbox 1642 1324 1675 1358; x_wconf 81' lang='grc' dir='ltr'>τῇ</span> <span class='ocrx_word' id='word_1_418' title='bbox 1705 1322 1775 1358; x_wconf 65' lang='grc' dir='ltr'>λύρᾳ.</span> <span class='ocrx_word' id='word_1_419' title='bbox 1787 1321 1872 1352; x_wconf 85' lang='grc' dir='ltr'>δοκεῖ,</span> 
     </span>
    </p>
   </div>
   <div class='ocr_carea' id='block_1_56' title="bbox 1081 1369 1659 1406">
    <p class='ocr_par' dir='ltr' id='par_1_56' title="bbox 1081 1369 1659 1406">
     <span class='ocr_line' id='line_1_56' title="bbox 1081 1369 1659 1406; baseline -0.005 -9"><span class='ocrx_word' id='word_1_420' title='bbox 1081 1369 1149 1397; x_wconf 80' lang='grc' dir='ltr'><strong>ἀλλᾶ</strong></span> <span class='ocrx_word' id='word_1_421' title='bbox 1162 1370 1209 1396; x_wconf 80' lang='grc' dir='ltr'>καὶ</span> <span class='ocrx_word' id='word_1_422' title='bbox 1223 1370 1379 1406; x_wconf 75' lang='grc' dir='ltr'>εὐφραίνειν</span> <span class='ocrx_word' id='word_1_423' title='bbox 1395 1370 1513 1405; x_wconf 81' lang='grc' dir='ltr'>μάλιστα</span> <span class='ocrx_word' id='word_1_424' title='bbox 1527 1369 1659 1404; x_wconf 79' lang='grc' dir='ltr'>πέφυκεν.</span> 
     </span>
    </p>
   </div>
   <div class='ocr_carea' id='block_1_57' title="bbox 1580 1412 1872 1449">
    <p class='ocr_par' dir='ltr' id='par_1_57' title="bbox 1580 1412 1872 1449">
     <span class='ocr_line' id='line_1_57' title="bbox 1580 1412 1872 1449; baseline -0.017 -6"><span class='ocrx_word' id='word_1_425' title='bbox 1580 1413 1736 1449; x_wconf 86' lang='lat' dir='ltr'><strong>cujusmodi</strong></span> <span class='ocrx_word' id='word_1_426' title='bbox 1766 1412 1872 1441; x_wconf 80' lang='lat' dir='ltr'><strong>scilicet</strong></span> 
     </span>
    </p>
   </div>
   <div class='ocr_carea' id='block_1_58' title="bbox 236 1460 1871 1498">
    <p class='ocr_par' dir='ltr' id='par_1_58' title="bbox 236 1460 1871 1498">
     <span class='ocr_line' id='line_1_58' title="bbox 236 1460 1871 1498; baseline 0.001 -12"><span class='ocrx_word' id='word_1_427' title='bbox 236 1464 376 1496; x_wconf 71' lang='lat' dir='ltr'><strong>poetarum</strong></span> <span class='ocrx_word' id='word_1_428' title='bbox 404 1461 530 1497; x_wconf 80' lang='lat' dir='ltr'><strong>ﬁgmenta</strong></span> <span class='ocrx_word' id='word_1_429' title='bbox 553 1465 628 1496; x_wconf 86' lang='lat' dir='ltr'><strong>sunt,</strong></span> <span class='ocrx_word' id='word_1_430' title='bbox 655 1470 718 1489; x_wconf 93' lang='lat' dir='ltr'><strong>cum</strong></span> <span class='ocrx_word' id='word_1_431' title='bbox 741 1466 844 1490; x_wconf 70' lang='lat' dir='ltr'><strong>terram</strong></span> <span class='ocrx_word' id='word_1_432' title='bbox 868 1463 1038 1498; x_wconf 74' lang='lat' dir='ltr'><strong>benignitate</strong></span> <span class='ocrx_word' id='word_1_433' title='bbox 1066 1463 1157 1498; x_wconf 91' lang='lat' dir='ltr'><strong>aliqua</strong></span> <span class='ocrx_word' id='word_1_434' title='bbox 1182 1468 1304 1491; x_wconf 85' lang='lat' dir='ltr'><strong>utentem</strong></span> <span class='ocrx_word' id='word_1_435' title='bbox 1330 1463 1474 1490; x_wconf 89' lang='lat' dir='ltr'><strong>inducunt.</strong></span> <span class='ocrx_word' id='word_1_436' title='bbox 1499 1462 1572 1493; x_wconf 76' lang='lat' dir='ltr'><strong>llaec,</strong></span> <span class='ocrx_word' id='word_1_437' title='bbox 1598 1462 1721 1496; x_wconf 85' lang='lat' dir='ltr'><strong>inquam,</strong></span> <span class='ocrx_word' id='word_1_438' title='bbox 1749 1465 1780 1487; x_wconf 91' lang='lat' dir='ltr'><strong>ut</strong></span> <span class='ocrx_word' id='word_1_439' title='bbox 1803 1460 1871 1488; x_wconf 55' lang='lat' dir='ltr'><strong>dixit</strong></span> 
     </span>
    </p>
   </div>
   <div class='ocr_carea' id='block_1_59' title="bbox 236 1506 1873 1546">
    <p class='ocr_par' dir='ltr' id='par_1_59' title="bbox 236 1506 1873 1546">
     <span class='ocr_line' id='line_1_59' title="bbox 236 1506 1873 1546; baseline -0.001 -13"><span class='ocrx_word' id='word_1_440' title='bbox 236 1506 281 1533; x_wconf 84' lang='lat' dir='ltr'><strong>alii</strong></span> <span class='ocrx_word' id='word_1_441' title='bbox 297 1514 363 1534; x_wconf 85' lang='lat' dir='ltr'><strong>sane</strong></span> <span class='ocrx_word' id='word_1_442' title='bbox 379 1507 472 1534; x_wconf 89' lang='lat' dir='ltr'><strong>dicant</strong></span> <span class='ocrx_word' id='word_1_443' title='bbox 482 1511 509 1535; x_wconf 91' lang='lat' dir='ltr'><strong>et</strong></span> <span class='ocrx_word' id='word_1_444' title='bbox 525 1508 663 1543; x_wconf 75' lang='lat' dir='ltr'><strong>eﬂingant.</strong></span> <span class='ocrx_word' id='word_1_445' title='bbox 684 1508 882 1536; x_wconf 86' lang='lat' dir='ltr'><strong>Etenimomne</strong></span> <span class='ocrx_word' id='word_1_446' title='bbox 908 1509 946 1541; x_wconf 86' lang='lat' dir='ltr'><strong>id,</strong></span> <span class='ocrx_word' id='word_1_447' title='bbox 969 1509 1043 1545; x_wconf 88' lang='lat' dir='ltr'><strong>quod</strong></span> <span class='ocrx_word' id='word_1_448' title='bbox 1075 1517 1212 1546; x_wconf 86' lang='lat' dir='ltr'><strong>quemque</strong></span> <span class='ocrx_word' id='word_1_449' title='bbox 1238 1510 1347 1545; x_wconf 89' lang='lat' dir='ltr'><strong>proprie</strong></span> <span class='ocrx_word' id='word_1_450' title='bbox 1373 1509 1484 1544; x_wconf 85' lang='lat' dir='ltr'><strong>attingit</strong></span> <span class='ocrx_word' id='word_1_451' title='bbox 1512 1516 1566 1536; x_wconf 95' lang='lat' dir='ltr'><strong>non</strong></span> <span class='ocrx_word' id='word_1_452' title='bbox 1590 1508 1680 1535; x_wconf 86' lang='lat' dir='ltr'><strong>solum</strong></span> <span class='ocrx_word' id='word_1_453' title='bbox 1711 1506 1821 1543; x_wconf 77' lang='lat' dir='ltr'><strong>premit,</strong></span> <span class='ocrx_word' id='word_1_454' title='bbox 1844 1510 1873 1533; x_wconf 96' lang='lat' dir='ltr'><strong>ut</strong></span> 
     </span>
    </p>
   </div>
   <div class='ocr_carea' id='block_1_60' title="bbox 237 1551 1127 1590">
    <p class='ocr_par' dir='ltr' id='par_1_60' title="bbox 237 1551 1127 1590">
     <span class='ocr_line' id='line_1_60' title="bbox 237 1551 1127 1590; baseline 0.003 -11"><span class='ocrx_word' id='word_1_455' title='bbox 237 1551 334 1588; x_wconf 83' lang='lat' dir='ltr'><strong>Lyrico</strong></span> <span class='ocrx_word' id='word_1_456' title='bbox 355 1553 472 1586; x_wconf 88' lang='lat' dir='ltr'><strong>videtur,</strong></span> <span class='ocrx_word' id='word_1_457' title='bbox 487 1554 534 1582; x_wconf 86' lang='lat' dir='ltr'><strong>sed</strong></span> <span class='ocrx_word' id='word_1_458' title='bbox 548 1555 632 1582; x_wconf 88' lang='lat' dir='ltr'><strong>etiam</strong></span> <span class='ocrx_word' id='word_1_459' title='bbox 653 1562 735 1590; x_wconf 88' lang='lat' dir='ltr'><strong>quam</strong></span> <span class='ocrx_word' id='word_1_460' title='bbox 753 1555 872 1583; x_wconf 75' lang='lat' dir='ltr'><strong>maxime</strong></span> <span class='ocrx_word' id='word_1_461' title='bbox 888 1556 1028 1584; x_wconf 87' lang='lat' dir='ltr'><strong>oblectare</strong></span> <span class='ocrx_word' id='word_1_462' title='bbox 1047 1557 1127 1585; x_wconf 88' lang='lat' dir='ltr'><strong>solet.</strong></span> 
     </span>
    </p>
   </div>
   <div class='ocr_carea' id='block_1_61' title="bbox 273 1609 1028 1648">
    <p class='ocr_par' dir='ltr' id='par_1_61' title="bbox 273 1609 1028 1648">
     <span class='ocr_line' id='line_1_61' title="bbox 273 1609 1028 1648; baseline 0.004 -11"><span class='ocrx_word' id='word_1_463' title='bbox 273 1609 329 1646; x_wconf 82' lang='lat' dir='ltr'><strong>Ego</strong></span> <span class='ocrx_word' id='word_1_464' title='bbox 349 1614 452 1642; x_wconf 88' lang='lat' dir='ltr'><strong>autem,</strong></span> <span class='ocrx_word' id='word_1_465' title='bbox 467 1611 541 1646; x_wconf 91' lang='lat' dir='ltr'><strong>quod</strong></span> <span class='ocrx_word' id='word_1_466' title='bbox 563 1611 591 1638; x_wconf 92' lang='lat' dir='ltr'><strong>in</strong></span> <span class='ocrx_word' id='word_1_467' title='bbox 613 1612 667 1640; x_wconf 88' lang='lat' dir='ltr'><strong>tuis</strong></span> <span class='ocrx_word' id='word_1_468' title='bbox 690 1612 842 1640; x_wconf 90' lang='lat' dir='ltr'><strong>virtutibus</strong></span> <span class='ocrx_word' id='word_1_469' title='bbox 859 1612 1028 1648; x_wconf 81' lang='lat' dir='ltr'><strong>singularem</strong></span> 
     </span>
    </p>
   </div>
   <div class='ocr_carea' id='block_1_62' title="bbox 1084 1609 1874 1648">
    <p class='ocr_par' dir='ltr' id='par_1_62' title="bbox 1123 1610 1874 1648">
     <span class='ocr_line' id='line_1_62' title="bbox 1123 1610 1874 1648; baseline -0.005 -8"><span class='ocrx_word' id='word_1_470' title='bbox 1123 1614 1193 1648; x_wconf 85' lang='grc' dir='ltr'><strong>Ἐγὼ</strong></span> <span class='ocrx_word' id='word_1_471' title='bbox 1214 1613 1242 1640; x_wconf 77' lang='grc' dir='ltr'><strong>δὲ</strong></span> <span class='ocrx_word' id='word_1_472' title='bbox 1258 1613 1272 1640; x_wconf 82' lang='grc' dir='ltr'>δ</span> <span class='ocrx_word' id='word_1_473' title='bbox 1293 1613 1474 1648; x_wconf 83' lang='grc' dir='ltr'>διαφερόντως</span> <span class='ocrx_word' id='word_1_474' title='bbox 1497 1611 1551 1639; x_wconf 82' lang='grc' dir='ltr'><strong>τῶν</strong></span> <span class='ocrx_word' id='word_1_475' title='bbox 1572 1611 1626 1638; x_wconf 83' lang='grc' dir='ltr'><strong>σῶν</strong></span> <span class='ocrx_word' id='word_1_476' title='bbox 1648 1610 1755 1646; x_wconf 78' lang='grc' dir='ltr'>ἄγαμαι</span> <span class='ocrx_word' id='word_1_477' title='bbox 1777 1619 1806 1637; x_wconf 84' lang='grc' dir='ltr'><strong>τε</strong></span> <span class='ocrx_word' id='word_1_478' title='bbox 1826 1610 1874 1637; x_wconf 71' lang='grc' dir='ltr'>καὶ</span> 
     </span>
    </p>
   </div>
   <div class='ocr_carea' id='block_1_63' title="bbox 237 1657 1028 1693">
    <p class='ocr_par' dir='ltr' id='par_1_63' title="bbox 237 1657 1028 1693">
     <span class='ocr_line' id='line_1_63' title="bbox 237 1657 1028 1693; baseline 0.001 -8"><span class='ocrx_word' id='word_1_479' title='bbox 237 1658 264 1685; x_wconf 93' lang='lat' dir='ltr'><strong>in</strong></span> <span class='ocrx_word' id='word_1_480' title='bbox 282 1657 392 1685; x_wconf 91' lang='lat' dir='ltr'><strong>modum</strong></span> <span class='ocrx_word' id='word_1_481' title='bbox 409 1657 530 1686; x_wconf 88' lang='lat' dir='ltr'><strong>admiror</strong></span> <span class='ocrx_word' id='word_1_482' title='bbox 553 1662 635 1693; x_wconf 86' lang='lat' dir='ltr'><strong>atque</strong></span> <span class='ocrx_word' id='word_1_483' title='bbox 657 1659 819 1692; x_wconf 88' lang='lat' dir='ltr'><strong>amplector,</strong></span> <span class='ocrx_word' id='word_1_484' title='bbox 847 1659 899 1686; x_wconf 87' lang='lat' dir='ltr'><strong>hoc</strong></span> <span class='ocrx_word' id='word_1_485' title='bbox 918 1659 1028 1690; x_wconf 82' lang='lat' dir='ltr'><strong>dicam;</strong></span> 
     </span>
    </p>
   </div>
   <div class='ocr_carea' id='block_1_64' title="bbox 237 1704 1030 1740">
    <p class='ocr_par' dir='ltr' id='par_1_64' title="bbox 237 1704 1030 1740">
     <span class='ocr_line' id='line_1_64' title="bbox 237 1704 1030 1740; baseline 0.003 -10"><span class='ocrx_word' id='word_1_486' title='bbox 237 1704 366 1731; x_wconf 85' lang='lat' dir='ltr'><strong>nimirum</strong></span> <span class='ocrx_word' id='word_1_487' title='bbox 382 1704 454 1740; x_wconf 84' lang='lat' dir='ltr'><strong>quod</strong></span> <span class='ocrx_word' id='word_1_488' title='bbox 472 1705 604 1740; x_wconf 83' lang='lat' dir='ltr'><strong>temporis</strong></span> <span class='ocrx_word' id='word_1_489' title='bbox 616 1704 777 1732; x_wconf 79' lang='lat' dir='ltr'><strong>ditiicultate</strong></span> <span class='ocrx_word' id='word_1_490' title='bbox 794 1712 828 1733; x_wconf 88' lang='lat' dir='ltr'><strong>ac</strong></span> <span class='ocrx_word' id='word_1_491' title='bbox 841 1705 967 1733; x_wconf 83' lang='lat' dir='ltr'><strong>molestia</strong></span> <span class='ocrx_word' id='word_1_492' title='bbox 982 1713 1030 1733; x_wconf 79' lang='lat' dir='ltr'><strong>su-</strong></span> 
     </span>
    </p>
   </div>
   <div class='ocr_carea' id='block_1_65' title="bbox 237 1750 1028 1786">
    <p class='ocr_par' dir='ltr' id='par_1_65' title="bbox 237 1750 1028 1786">
     <span class='ocr_line' id='line_1_65' title="bbox 237 1750 1028 1786; baseline 0 -8"><span class='ocrx_word' id='word_1_493' title='bbox 237 1751 390 1778; x_wconf 84' lang='lat' dir='ltr'><strong>blimiorem</strong></span> <span class='ocrx_word' id='word_1_494' title='bbox 407 1754 433 1778; x_wconf 91' lang='lat' dir='ltr'><strong>te</strong></span> <span class='ocrx_word' id='word_1_495' title='bbox 448 1751 581 1785; x_wconf 67' lang='lat' dir='ltr'><strong>praebeas.</strong></span> <span class='ocrx_word' id='word_1_496' title='bbox 596 1750 663 1778; x_wconf 86' lang='lat' dir='ltr'><strong>Nam</strong></span> <span class='ocrx_word' id='word_1_497' title='bbox 688 1759 752 1778; x_wconf 90' lang='lat' dir='ltr'><strong>cum</strong></span> <span class='ocrx_word' id='word_1_498' title='bbox 772 1751 904 1786; x_wconf 84' lang='lat' dir='ltr'><strong>religione</strong></span> <span class='ocrx_word' id='word_1_499' title='bbox 918 1751 1028 1786; x_wconf 89' lang='lat' dir='ltr'><strong>gentilis</strong></span> 
     </span>
    </p>
   </div>
   <div class='ocr_carea' id='block_1_66' title="bbox 237 1797 1029 1832">
    <p class='ocr_par' dir='ltr' id='par_1_66' title="bbox 237 1797 1029 1832">
     <span class='ocr_line' id='line_1_66' title="bbox 237 1797 1029 1832; baseline 0.001 -8"><span class='ocrx_word' id='word_1_500' title='bbox 237 1798 288 1828; x_wconf 87' lang='lat' dir='ltr'><strong>sis,</strong></span> <span class='ocrx_word' id='word_1_501' title='bbox 311 1804 344 1824; x_wconf 87' lang='lat' dir='ltr'><strong>ac</strong></span> <span class='ocrx_word' id='word_1_502' title='bbox 367 1797 495 1832; x_wconf 73' lang='lat' dir='ltr'><strong>pmsenti</strong></span> <span class='ocrx_word' id='word_1_503' title='bbox 518 1798 675 1832; x_wconf 84' lang='lat' dir='ltr'><strong>imperatori</strong></span> <span class='ocrx_word' id='word_1_504' title='bbox 695 1805 728 1825; x_wconf 90' lang='lat' dir='ltr'><strong>ea</strong></span> <span class='ocrx_word' id='word_1_505' title='bbox 747 1805 808 1832; x_wconf 70' lang='lat' dir='ltr'><strong>quae</strong></span> <span class='ocrx_word' id='word_1_506' title='bbox 834 1801 898 1825; x_wconf 90' lang='lat' dir='ltr'><strong>sunt</strong></span> <span class='ocrx_word' id='word_1_507' title='bbox 922 1798 1029 1832; x_wconf 85' lang='lat' dir='ltr'><strong>imperii</strong></span> 
     </span>
    </p>
   </div>
   <div class='ocr_carea' id='block_1_67' title="bbox 237 1843 1030 1878">
    <p class='ocr_par' dir='ltr' id='par_1_67' title="bbox 237 1843 1030 1878">
     <span class='ocr_line' id='line_1_67' title="bbox 237 1843 1030 1878; baseline 0.001 -8"><span class='ocrx_word' id='word_1_508' title='bbox 237 1846 351 1878; x_wconf 68' lang='lat' dir='ltr'><strong>praestes</strong></span> <span class='ocrx_word' id='word_1_509' title='bbox 366 1851 372 1869; x_wconf 91' lang='lat'>:</span> <span class='ocrx_word' id='word_1_510' title='bbox 390 1850 444 1870; x_wconf 95' lang='lat' dir='ltr'><strong>non</strong></span> <span class='ocrx_word' id='word_1_511' title='bbox 460 1846 552 1871; x_wconf 87' lang='lat' dir='ltr'><strong>tamen</strong></span> <span class='ocrx_word' id='word_1_512' title='bbox 574 1844 610 1870; x_wconf 86' lang='lat' dir='ltr'><strong>ita</strong></span> <span class='ocrx_word' id='word_1_513' title='bbox 630 1843 682 1878; x_wconf 89' lang='lat' dir='ltr'><strong>ipsi</strong></span> <span class='ocrx_word' id='word_1_514' title='bbox 699 1843 827 1876; x_wconf 82' lang='lat' dir='ltr'><strong>inscrvis,</strong></span> <span class='ocrx_word' id='word_1_515' title='bbox 844 1846 875 1870; x_wconf 93' lang='lat' dir='ltr'><strong>ut</strong></span> <span class='ocrx_word' id='word_1_516' title='bbox 897 1843 1030 1878; x_wconf 85' lang='lat' dir='ltr'><strong>temporis</strong></span> 
     </span>
    </p>
   </div>
   <div class='ocr_carea' id='block_1_68' title="bbox 238 1889 1029 1925">
    <p class='ocr_par' dir='ltr' id='par_1_68' title="bbox 238 1889 1029 1925">
     <span class='ocr_line' id='line_1_68' title="bbox 238 1889 1029 1925; baseline 0.001 -9"><span class='ocrx_word' id='word_1_517' title='bbox 238 1889 406 1921; x_wconf 85' lang='lat' dir='ltr'><strong>adulatores,</strong></span> <span class='ocrx_word' id='word_1_518' title='bbox 426 1889 473 1917; x_wconf 91' lang='lat' dir='ltr'><strong>sed</strong></span> <span class='ocrx_word' id='word_1_519' title='bbox 497 1893 526 1916; x_wconf 91' lang='lat' dir='ltr'><strong>ut</strong></span> <span class='ocrx_word' id='word_1_520' title='bbox 542 1889 571 1921; x_wconf 91' lang='lat' dir='ltr'><strong>ii,</strong></span> <span class='ocrx_word' id='word_1_521' title='bbox 594 1890 641 1924; x_wconf 93' lang='lat' dir='ltr'><strong>qui</strong></span> <span class='ocrx_word' id='word_1_522' title='bbox 665 1889 811 1925; x_wconf 88' lang='lat' dir='ltr'><strong>probitatis</strong></span> <span class='ocrx_word' id='word_1_523' title='bbox 832 1893 860 1916; x_wconf 83' lang='lat' dir='ltr'><strong>et</strong></span> <span class='ocrx_word' id='word_1_524' title='bbox 876 1889 1029 1918; x_wconf 85' lang='lat' dir='ltr'><strong>honestatis</strong></span> 
     </span>
    </p>
   </div>
   <div class='ocr_carea' id='block_1_69' title="bbox 237 1935 1029 1970">
    <p class='ocr_par' dir='ltr' id='par_1_69' title="bbox 237 1935 1029 1970">
     <span class='ocr_line' id='line_1_69' title="bbox 237 1935 1029 1970; baseline 0.001 -9"><span class='ocrx_word' id='word_1_525' title='bbox 237 1935 319 1962; x_wconf 88' lang='lat' dir='ltr'><strong>amici</strong></span> <span class='ocrx_word' id='word_1_526' title='bbox 338 1940 413 1966; x_wconf 85' lang='lat' dir='ltr'><strong>sunt,</strong></span> <span class='ocrx_word' id='word_1_527' title='bbox 427 1936 537 1970; x_wconf 89' lang='lat' dir='ltr'><strong>altaque</strong></span> <span class='ocrx_word' id='word_1_528' title='bbox 551 1940 578 1963; x_wconf 85' lang='lat' dir='ltr'><strong>et</strong></span> <span class='ocrx_word' id='word_1_529' title='bbox 599 1936 709 1963; x_wconf 76' lang='lat' dir='ltr'><strong>excelsa</strong></span> <span class='ocrx_word' id='word_1_530' title='bbox 725 1939 816 1962; x_wconf 83' lang='lat' dir='ltr'><strong>tuente</strong></span> <span class='ocrx_word' id='word_1_531' title='bbox 839 1935 946 1970; x_wconf 69' lang='lat' dir='ltr'><strong>prmditi</strong></span> <span class='ocrx_word' id='word_1_532' title='bbox 964 1944 970 1962; x_wconf 91' lang='lat'><strong>:</strong></span> <span class='ocrx_word' id='word_1_533' title='bbox 987 1938 1029 1962; x_wconf 89' lang='lat' dir='ltr'><strong>at-</strong></span> 
     </span>
    </p>
   </div>
   <div class='ocr_carea' id='block_1_70' title="bbox 237 1981 1027 2016">
    <p class='ocr_par' dir='ltr' id='par_1_70' title="bbox 237 1981 1027 2016">
     <span class='ocr_line' id='line_1_70' title="bbox 237 1981 1027 2016; baseline 0.001 -9"><span class='ocrx_word' id='word_1_534' title='bbox 237 1988 291 2015; x_wconf 90' lang='lat' dir='ltr'><strong>que</strong></span> <span class='ocrx_word' id='word_1_535' title='bbox 308 1981 345 2007; x_wconf 92' lang='lat' dir='ltr'><strong>ita</strong></span> <span class='ocrx_word' id='word_1_536' title='bbox 371 1981 543 2009; x_wconf 86' lang='lat' dir='ltr'><strong>adulatorum</strong></span> <span class='ocrx_word' id='word_1_537' title='bbox 568 1981 668 2008; x_wconf 81' lang='lat' dir='ltr'><strong>servile</strong></span> <span class='ocrx_word' id='word_1_538' title='bbox 691 1981 854 2016; x_wconf 88' lang='lat' dir='ltr'><strong>obsequium</strong></span> <span class='ocrx_word' id='word_1_539' title='bbox 881 1981 1027 2012; x_wconf 87' lang='lat' dir='ltr'><strong>abhorres,</strong></span> 
     </span>
    </p>
   </div>
   <div class='ocr_carea' id='block_1_71' title="bbox 238 2026 1029 2062">
    <p class='ocr_par' dir='ltr' id='par_1_71' title="bbox 238 2026 1029 2062">
     <span class='ocr_line' id='line_1_71' title="bbox 238 2026 1029 2062; baseline -0.001 -9"><span class='ocrx_word' id='word_1_540' title='bbox 238 2026 336 2062; x_wconf 62' lang='lat' dir='ltr'><strong>patrie</strong></span> <span class='ocrx_word' id='word_1_541' title='bbox 359 2031 450 2055; x_wconf 83' lang='lat' dir='ltr'><strong>autent</strong></span> <span class='ocrx_word' id='word_1_542' title='bbox 468 2027 687 2054; x_wconf 79' lang='lat' dir='ltr'><strong>benevolentiam</strong></span> <span class='ocrx_word' id='word_1_543' title='bbox 701 2034 807 2058; x_wconf 84' lang='lat' dir='ltr'><strong>servas,</strong></span> <span class='ocrx_word' id='word_1_544' title='bbox 831 2026 1029 2054; x_wconf 88' lang='lat' dir='ltr'><strong>immortalem-</strong></span> 
     </span>
    </p>
   </div>
   <div class='ocr_carea' id='block_1_72' title="bbox 237 2071 1029 2108">
    <p class='ocr_par' dir='ltr' id='par_1_72' title="bbox 237 2071 1029 2108">
     <span class='ocr_line' id='line_1_72' title="bbox 237 2071 1029 2108; baseline -0.003 -8"><span class='ocrx_word' id='word_1_545' title='bbox 237 2081 292 2108; x_wconf 91' lang='lat' dir='ltr'><strong>que</strong></span> <span class='ocrx_word' id='word_1_546' title='bbox 311 2073 338 2100; x_wconf 89' lang='lat' dir='ltr'><strong>in</strong></span> <span class='ocrx_word' id='word_1_547' title='bbox 355 2081 384 2100; x_wconf 92' lang='lat' dir='ltr'><strong>re</strong></span> <span class='ocrx_word' id='word_1_548' title='bbox 398 2073 505 2100; x_wconf 85' lang='lat' dir='ltr'><strong>mortali</strong></span> <span class='ocrx_word' id='word_1_549' title='bbox 522 2073 637 2107; x_wconf 78' lang='lat' dir='ltr'><strong>gloriam</strong></span> <span class='ocrx_word' id='word_1_550' title='bbox 659 2073 849 2107; x_wconf 84' lang='lat' dir='ltr'><strong>consequeris.</strong></span> <span class='ocrx_word' id='word_1_551' title='bbox 872 2071 944 2105; x_wconf 85' lang='lat' dir='ltr'><strong>Quin</strong></span> <span class='ocrx_word' id='word_1_552' title='bbox 963 2071 1029 2099; x_wconf 91' lang='lat' dir='ltr'><strong>illud</strong></span> 
     </span>
    </p>
   </div>
   <div class='ocr_carea' id='block_1_73' title="bbox 237 2118 1028 2152">
    <p class='ocr_par' dir='ltr' id='par_1_73' title="bbox 237 2118 1028 2152">
     <span class='ocr_line' id='line_1_73' title="bbox 237 2118 1028 2152; baseline -0.001 -7"><span class='ocrx_word' id='word_1_553' title='bbox 237 2119 320 2146; x_wconf 86' lang='lat' dir='ltr'><strong>etiam</strong></span> <span class='ocrx_word' id='word_1_554' title='bbox 343 2118 371 2145; x_wconf 89' lang='lat' dir='ltr'><strong>in</strong></span> <span class='ocrx_word' id='word_1_555' title='bbox 396 2124 505 2146; x_wconf 89' lang='lat' dir='ltr'><strong>tuarum</strong></span> <span class='ocrx_word' id='word_1_556' title='bbox 523 2118 634 2145; x_wconf 89' lang='lat' dir='ltr'><strong>laudum</strong></span> <span class='ocrx_word' id='word_1_557' title='bbox 661 2125 776 2145; x_wconf 91' lang='lat' dir='ltr'><strong>numero</strong></span> <span class='ocrx_word' id='word_1_558' title='bbox 801 2118 957 2152; x_wconf 88' lang='lat' dir='ltr'><strong>ponendum</strong></span> <span class='ocrx_word' id='word_1_559' title='bbox 976 2120 1028 2150; x_wconf 85' lang='lat' dir='ltr'><strong>est,</strong></span> 
     </span>
    </p>
   </div>
   <div class='ocr_carea' id='block_1_74' title="bbox 1080 1656 1873 1694">
    <p class='ocr_par' dir='ltr' id='par_1_74' title="bbox 1080 1656 1873 1694">
     <span class='ocr_line' id='line_1_74' title="bbox 1080 1656 1873 1694; baseline -0.006 -8"><span class='ocrx_word' id='word_1_560' title='bbox 1080 1660 1250 1694; x_wconf 76' lang='grc' dir='ltr'>ἀσπάζομαι,</span> <span class='ocrx_word' id='word_1_561' title='bbox 1261 1658 1339 1685; x_wconf 80' lang='grc' dir='ltr'>τοῦτο</span> <span class='ocrx_word' id='word_1_562' title='bbox 1352 1659 1407 1694; x_wconf 81' lang='grc' dir='ltr'><strong>ἐρῶ</strong></span> <span class='ocrx_word' id='word_1_563' title='bbox 1417 1667 1424 1673; x_wconf 89' lang='grc'>·</span> <span class='ocrx_word' id='word_1_564' title='bbox 1439 1659 1480 1685; x_wconf 85' lang='grc' dir='ltr'>ὃτι</span> <span class='ocrx_word' id='word_1_565' title='bbox 1493 1658 1543 1693; x_wconf 82' lang='grc' dir='ltr'>τῆς</span> <span class='ocrx_word' id='word_1_566' title='bbox 1556 1657 1603 1684; x_wconf 85' lang='grc' dir='ltr'>τοῦ</span> <span class='ocrx_word' id='word_1_567' title='bbox 1618 1656 1713 1691; x_wconf 81' lang='grc' dir='ltr'>καιροῦ</span> <span class='ocrx_word' id='word_1_568' title='bbox 1728 1656 1873 1687; x_wconf 83' lang='grc' dir='ltr'>δυσκολίας</span> 
     </span>
    </p>
   </div>
   <div class='ocr_carea' id='block_1_75' title="bbox 1080 1702 1873 1742">
    <p class='ocr_par' dir='ltr' id='par_1_75' title="bbox 1080 1702 1873 1742">
     <span class='ocr_line' id='line_1_75' title="bbox 1080 1702 1873 1742; baseline -0.006 -9"><span class='ocrx_word' id='word_1_569' title='bbox 1080 1707 1224 1742; x_wconf 84' lang='grc' dir='ltr'>κρείττονα</span> <span class='ocrx_word' id='word_1_570' title='bbox 1249 1705 1362 1732; x_wconf 75' lang='grc' dir='ltr'>σεαυτὸν</span> <span class='ocrx_word' id='word_1_571' title='bbox 1395 1705 1536 1741; x_wconf 80' lang='grc' dir='ltr'>παρέχεις.</span> <span class='ocrx_word' id='word_1_572' title='bbox 1557 1704 1657 1739; x_wconf 82' lang='grc' dir='ltr'>Ἕλλην</span> <span class='ocrx_word' id='word_1_573' title='bbox 1682 1703 1731 1738; x_wconf 78' lang='grc' dir='ltr'>μὲν</span> <span class='ocrx_word' id='word_1_574' title='bbox 1757 1702 1795 1728; x_wconf 86' lang='grc' dir='ltr'>ὢν</span> <span class='ocrx_word' id='word_1_575' title='bbox 1822 1702 1873 1737; x_wconf 80' lang='grc' dir='ltr'>τὴν</span> 
     </span>
    </p>
   </div>
   <div class='ocr_carea' id='block_1_76' title="bbox 1079 1748 1873 1787">
    <p class='ocr_par' dir='ltr' id='par_1_76' title="bbox 1079 1748 1873 1787">
     <span class='ocr_line' id='line_1_76' title="bbox 1079 1748 1873 1787; baseline -0.005 -9"><span class='ocrx_word' id='word_1_576' title='bbox 1079 1751 1239 1787; x_wconf 81' lang='grc' dir='ltr'>θρησκείαν,</span> <span class='ocrx_word' id='word_1_577' title='bbox 1257 1750 1304 1777; x_wconf 82' lang='grc' dir='ltr'><strong>καὶ</strong></span> <span class='ocrx_word' id='word_1_578' title='bbox 1328 1750 1367 1785; x_wconf 86' lang='grc' dir='ltr'>τῷ</span> <span class='ocrx_word' id='word_1_579' title='bbox 1383 1750 1497 1785; x_wconf 85' lang='grc' dir='ltr'>παρόντι</span> <span class='ocrx_word' id='word_1_580' title='bbox 1514 1749 1610 1785; x_wconf 82' lang='grc' dir='ltr'>κράτει</span> <span class='ocrx_word' id='word_1_581' title='bbox 1631 1748 1665 1775; x_wconf 77' lang='grc' dir='ltr'><strong>τὰ</strong></span> <span class='ocrx_word' id='word_1_582' title='bbox 1685 1748 1730 1775; x_wconf 78' lang='grc' dir='ltr'>τοῦ</span> <span class='ocrx_word' id='word_1_583' title='bbox 1754 1748 1873 1784; x_wconf 76' lang='grc' dir='ltr'>κράτους</span> 
     </span>
    </p>
   </div>
   <div class='ocr_carea' id='block_1_77' title="bbox 1079 1794 1873 1833">
    <p class='ocr_par' dir='ltr' id='par_1_77' title="bbox 1079 1794 1873 1833">
     <span class='ocr_line' id='line_1_77' title="bbox 1079 1794 1873 1833; baseline -0.005 -9"><span class='ocrx_word' id='word_1_584' title='bbox 1079 1796 1313 1833; x_wconf 63' lang='grc' dir='ltr'>ὑτπγρετούμενος’</span> <span class='ocrx_word' id='word_1_585' title='bbox 1338 1795 1558 1832; x_wconf 75' lang='grc' dir='ltr'>ὑπηρετούμενος</span> <span class='ocrx_word' id='word_1_586' title='bbox 1574 1795 1601 1821; x_wconf 78' lang='grc' dir='ltr'>δὲ</span> <span class='ocrx_word' id='word_1_587' title='bbox 1620 1794 1688 1829; x_wconf 87' lang='grc'>(86),</span> <span class='ocrx_word' id='word_1_588' title='bbox 1704 1795 1752 1829; x_wconf 82' lang='grc' dir='ltr'><strong>οὐχ</strong></span> <span class='ocrx_word' id='word_1_589' title='bbox 1776 1794 1827 1821; x_wconf 80' lang='grc' dir='ltr'>ὅσα.</span> <span class='ocrx_word' id='word_1_590' title='bbox 1845 1794 1873 1823; x_wconf 77' lang='lat' dir='ltr'><strong>oi</strong></span> 
     </span>
    </p>
   </div>
   <div class='ocr_carea' id='block_1_78' title="bbox 1077 1839 1870 1879">
    <p class='ocr_par' dir='ltr' id='par_1_78' title="bbox 1077 1839 1870 1879">
     <span class='ocr_line' id='line_1_78' title="bbox 1077 1839 1870 1879; baseline -0.005 -9"><span class='ocrx_word' id='word_1_591' title='bbox 1077 1843 1124 1870; x_wconf 86' lang='grc' dir='ltr'>τοῦ</span> <span class='ocrx_word' id='word_1_592' title='bbox 1141 1842 1238 1879; x_wconf 83' lang='grc' dir='ltr'>καιροῦ</span> <span class='ocrx_word' id='word_1_593' title='bbox 1265 1842 1391 1875; x_wconf 80' lang='grc' dir='ltr'>κόλακες,</span> <span class='ocrx_word' id='word_1_594' title='bbox 1417 1842 1473 1868; x_wconf 83' lang='grc' dir='ltr'>ἀλλ’</span> <span class='ocrx_word' id='word_1_595' title='bbox 1492 1842 1543 1868; x_wconf 76' lang='grc' dir='ltr'>ὅσα.</span> <span class='ocrx_word' id='word_1_596' title='bbox 1569 1841 1592 1868; x_wconf 76' lang='grc' dir='ltr'>οἱ</span> <span class='ocrx_word' id='word_1_597' title='bbox 1613 1841 1660 1867; x_wconf 80' lang='grc' dir='ltr'><strong>τοῦ</strong></span> <span class='ocrx_word' id='word_1_598' title='bbox 1687 1839 1768 1867; x_wconf 70' lang='grc' dir='ltr'>καλοῦ</span> <span class='ocrx_word' id='word_1_599' title='bbox 1785 1840 1870 1874; x_wconf 77' lang='grc' dir='ltr'>φίλοι,</span> 
     </span>
    </p>
   </div>
   <div class='ocr_carea' id='block_1_79' title="bbox 1077 1885 1871 1924">
    <p class='ocr_par' dir='ltr' id='par_1_79' title="bbox 1077 1885 1871 1924">
     <span class='ocr_line' id='line_1_79' title="bbox 1077 1885 1871 1924; baseline -0.005 -9"><span class='ocrx_word' id='word_1_600' title='bbox 1077 1889 1125 1915; x_wconf 81' lang='grc' dir='ltr'>καὶ</span> <span class='ocrx_word' id='word_1_601' title='bbox 1142 1887 1360 1924; x_wconf 75' lang='grc' dir='ltr'>μεγαλόςρρονες·</span> <span class='ocrx_word' id='word_1_602' title='bbox 1380 1887 1428 1913; x_wconf 74' lang='grc' dir='ltr'>καὶ</span> <span class='ocrx_word' id='word_1_603' title='bbox 1450 1887 1505 1913; x_wconf 83' lang='grc' dir='ltr'>τῶν</span> <span class='ocrx_word' id='word_1_604' title='bbox 1522 1886 1570 1922; x_wconf 83' lang='grc' dir='ltr'>μὲν</span> <span class='ocrx_word' id='word_1_605' title='bbox 1589 1887 1639 1921; x_wconf 88' lang='grc' dir='ltr'>τὴν</span> <span class='ocrx_word' id='word_1_606' title='bbox 1655 1885 1803 1921; x_wconf 77' lang='grc' dir='ltr'>θεραπείαν</span> <span class='ocrx_word' id='word_1_607' title='bbox 1817 1886 1871 1920; x_wconf 70' lang='grc' dir='ltr'><strong>ἀφ-</strong></span> 
     </span>
    </p>
   </div>
   <div class='ocr_carea' id='block_1_80' title="bbox 1078 1929 1870 1968">
    <p class='ocr_par' dir='ltr' id='par_1_80' title="bbox 1078 1929 1870 1968">
     <span class='ocr_line' id='line_1_80' title="bbox 1078 1929 1870 1968; baseline -0.005 -8"><span class='ocrx_word' id='word_1_608' title='bbox 1078 1933 1236 1968; x_wconf 84' lang='grc' dir='ltr'>οσιούμενος</span> <span class='ocrx_word' id='word_1_609' title='bbox 1257 1932 1324 1968; x_wconf 77' lang='grc'>(87),</span> <span class='ocrx_word' id='word_1_610' title='bbox 1340 1931 1431 1968; x_wconf 80' lang='grc' dir='ltr'>τηρῶν</span> <span class='ocrx_word' id='word_1_611' title='bbox 1450 1931 1479 1958; x_wconf 77' lang='grc' dir='ltr'><strong>δὲ</strong></span> <span class='ocrx_word' id='word_1_612' title='bbox 1501 1933 1534 1966; x_wconf 85' lang='grc' dir='ltr'>τῇ</span> <span class='ocrx_word' id='word_1_613' title='bbox 1552 1930 1662 1966; x_wconf 84' lang='grc' dir='ltr'>πατρίδι</span> <span class='ocrx_word' id='word_1_614' title='bbox 1682 1931 1732 1965; x_wconf 79' lang='grc' dir='ltr'>τὴν</span> <span class='ocrx_word' id='word_1_615' title='bbox 1752 1929 1870 1962; x_wconf 73' lang='grc' dir='ltr'>εὔνοιαν,</span> 
     </span>
    </p>
   </div>
   <div class='ocr_carea' id='block_1_81' title="bbox 1079 1975 1869 2013">
    <p class='ocr_par' dir='ltr' id='par_1_81' title="bbox 1079 1975 1869 2013">
     <span class='ocr_line' id='line_1_81' title="bbox 1079 1975 1869 2013; baseline -0.006 -7"><span class='ocrx_word' id='word_1_616' title='bbox 1079 1980 1126 2007; x_wconf 81' lang='grc' dir='ltr'>καὶ</span> <span class='ocrx_word' id='word_1_617' title='bbox 1140 1979 1274 2006; x_wconf 78' lang='grc' dir='ltr'>ἀθάνατον</span> <span class='ocrx_word' id='word_1_618' title='bbox 1285 1978 1313 2004; x_wconf 84' lang='grc' dir='ltr'>ὲν</span> <span class='ocrx_word' id='word_1_619' title='bbox 1330 1977 1420 2013; x_wconf 80' lang='grc' dir='ltr'>θνητῷ</span> <span class='ocrx_word' id='word_1_620' title='bbox 1435 1978 1577 2013; x_wconf 77' lang='grc' dir='ltr'>πράγματι</span> <span class='ocrx_word' id='word_1_621' title='bbox 1592 1977 1641 2012; x_wconf 80' lang='grc' dir='ltr'>τὴν</span> <span class='ocrx_word' id='word_1_622' title='bbox 1654 1975 1732 2008; x_wconf 81' lang='grc' dir='ltr'>δόξαν</span> <span class='ocrx_word' id='word_1_623' title='bbox 1748 1976 1869 2011; x_wconf 82' lang='grc' dir='ltr'>καρπού-</span> 
     </span>
    </p>
   </div>
   <div class='ocr_carea' id='block_1_82' title="bbox 1081 2021 1870 2061">
    <p class='ocr_par' dir='ltr' id='par_1_82' title="bbox 1081 2021 1870 2061">
     <span class='ocr_line' id='line_1_82' title="bbox 1081 2021 1870 2061; baseline -0.006 -9"><span class='ocrx_word' id='word_1_624' title='bbox 1081 2034 1171 2061; x_wconf 79' lang='grc' dir='ltr'>μενος.</span> <span class='ocrx_word' id='word_1_625' title='bbox 1182 2025 1302 2051; x_wconf 74' lang='grc' dir='ltr'>κακεῖνο</span> <span class='ocrx_word' id='word_1_626' title='bbox 1313 2024 1341 2050; x_wconf 81' lang='grc' dir='ltr'><strong>δέ</strong></span> <span class='ocrx_word' id='word_1_627' title='bbox 1353 2032 1399 2050; x_wconf 87' lang='grc' dir='ltr'><strong>σου</strong></span> <span class='ocrx_word' id='word_1_628' title='bbox 1412 2022 1465 2049; x_wconf 84' lang='grc' dir='ltr'>τῶν</span> <span class='ocrx_word' id='word_1_629' title='bbox 1475 2022 1636 2053; x_wconf 79' lang='grc' dir='ltr'>ἐπαινετῶν,</span> <span class='ocrx_word' id='word_1_630' title='bbox 1647 2022 1688 2048; x_wconf 83' lang='grc' dir='ltr'>ὅτι</span> <span class='ocrx_word' id='word_1_631' title='bbox 1701 2022 1748 2048; x_wconf 81' lang='grc' dir='ltr'>καὶ</span> <span class='ocrx_word' id='word_1_632' title='bbox 1760 2021 1835 2057; x_wconf 70' lang='grc' dir='ltr'>φιλίᾳ</span> <span class='ocrx_word' id='word_1_633' title='bbox 1845 2030 1870 2047; x_wconf 77' lang='grc' dir='ltr'><strong>τι</strong></span> 
     </span>
    </p>
   </div>
   <div class='ocr_carea' id='block_1_83' title="bbox 1080 2066 1871 2104">
    <p class='ocr_par' dir='ltr' id='par_1_83' title="bbox 1080 2066 1871 2104">
     <span class='ocr_line' id='line_1_83' title="bbox 1080 2066 1871 2104; baseline -0.006 -8"><span class='ocrx_word' id='word_1_634' title='bbox 1080 2069 1173 2104; x_wconf 78' lang='grc' dir='ltr'>νέμεις</span> <span class='ocrx_word' id='word_1_635' title='bbox 1187 2069 1278 2101; x_wconf 70' lang='grc' dir='ltr'>αἰδοῦς</span> <span class='ocrx_word' id='word_1_636' title='bbox 1289 2070 1317 2095; x_wconf 81' lang='grc' dir='ltr'>ὲν</span> <span class='ocrx_word' id='word_1_637' title='bbox 1326 2067 1444 2102; x_wconf 83' lang='grc' dir='ltr'>τοσούτῳ</span> <span class='ocrx_word' id='word_1_638' title='bbox 1452 2068 1501 2102; x_wconf 82' lang='grc' dir='ltr'>τῆς</span> <span class='ocrx_word' id='word_1_639' title='bbox 1510 2067 1597 2103; x_wconf 79' lang='grc' dir='ltr'>ἀρχῆς</span> <span class='ocrx_word' id='word_1_640' title='bbox 1611 2068 1700 2102; x_wconf 69' lang='grc' dir='ltr'>ὖγκῳ·</span> <span class='ocrx_word' id='word_1_641' title='bbox 1711 2068 1758 2093; x_wconf 58' lang='grc' dir='ltr'><strong>κα)⁵</strong></span> <span class='ocrx_word' id='word_1_642' title='bbox 1772 2066 1871 2102; x_wconf 77' lang='grc' dir='ltr'>σχολὴν</span> 
     </span>
    </p>
   </div>
   <div class='ocr_carea' id='block_1_84' title="bbox 1082 2109 1871 2149">
    <p class='ocr_par' dir='ltr' id='par_1_84' title="bbox 1082 2109 1871 2149">
     <span class='ocr_line' id='line_1_84' title="bbox 1082 2109 1871 2149; baseline -0.005 -8"><span class='ocrx_word' id='word_1_643' title='bbox 1082 2114 1158 2149; x_wconf 74' lang='grc' dir='ltr'>ἄγεις</span> <span class='ocrx_word' id='word_1_644' title='bbox 1171 2114 1224 2141; x_wconf 77' lang='grc' dir='ltr'><strong>ἁπδ</strong></span> <span class='ocrx_word' id='word_1_645' title='bbox 1235 2113 1370 2140; x_wconf 84' lang='grc' dir='ltr'>τοσούτων</span> <span class='ocrx_word' id='word_1_646' title='bbox 1381 2109 1418 2139; x_wconf 84' lang='grc' dir='ltr'>ὧν</span> <span class='ocrx_word' id='word_1_647' title='bbox 1439 2113 1579 2148; x_wconf 73' lang='grc' dir='ltr'>πράττεις,</span> <span class='ocrx_word' id='word_1_648' title='bbox 1598 2113 1635 2147; x_wconf 82' lang='grc' dir='ltr'>μὴ</span> <span class='ocrx_word' id='word_1_649' title='bbox 1656 2110 1810 2147; x_wconf 81' lang='grc' dir='ltr'>μεμνῆσθαι</span> <span class='ocrx_word' id='word_1_650' title='bbox 1823 2111 1871 2146; x_wconf 88' lang='grc' dir='ltr'>μό-</span> 
     </span>
    </p>
   </div>
   <div class='ocr_carea' id='block_1_85' title="bbox 237 2157 1028 2205">
    <p class='ocr_par' dir='ltr' id='par_1_85' title="bbox 237 2162 1028 2199">
     <span class='ocr_line' id='line_1_85' title="bbox 237 2162 1028 2199; baseline -0.003 -7"><span class='ocrx_word' id='word_1_651' title='bbox 237 2164 311 2199; x_wconf 82' lang='lat' dir='ltr'><strong>quod</strong></span> <span class='ocrx_word' id='word_1_652' title='bbox 341 2165 369 2191; x_wconf 91' lang='lat' dir='ltr'><strong>in</strong></span> <span class='ocrx_word' id='word_1_653' title='bbox 393 2168 470 2191; x_wconf 91' lang='lat' dir='ltr'><strong>tanta</strong></span> <span class='ocrx_word' id='word_1_654' title='bbox 484 2164 535 2198; x_wconf 73' lang='lat'><strong>12</strong></span> <span class='ocrx_word' id='word_1_655' title='bbox 551 2164 659 2198; x_wconf 87' lang='lat' dir='ltr'><strong>imperii</strong></span> <span class='ocrx_word' id='word_1_656' title='bbox 681 2163 877 2199; x_wconf 87' lang='lat' dir='ltr'><strong>amplitudine,</strong></span> <span class='ocrx_word' id='word_1_657' title='bbox 901 2162 1028 2190; x_wconf 69' lang='lat' dir='ltr'><strong>amicitia:</strong></span> 
     </span>
    </p>
   </div>
   <div class='ocr_carea' id='block_1_86' title="bbox 1084 2157 1870 2205">
    <p class='ocr_par' dir='ltr' id='par_1_86' title="bbox 1084 2157 1870 2194">
     <span class='ocr_line' id='line_1_86' title="bbox 1084 2157 1870 2194; baseline -0.005 -7"><span class='ocrx_word' id='word_1_658' title='bbox 1084 2169 1137 2190; x_wconf 88' lang='grc' dir='ltr'>νον.</span> <span class='ocrx_word' id='word_1_659' title='bbox 1155 2160 1222 2186; x_wconf 80' lang='grc' dir='ltr'>ἀλλὰ</span> <span class='ocrx_word' id='word_1_660' title='bbox 1235 2159 1280 2187; x_wconf 79' lang='grc' dir='ltr'>καὶ</span> <span class='ocrx_word' id='word_1_661' title='bbox 1294 2159 1375 2194; x_wconf 82' lang='grc' dir='ltr'>τιμᾷν</span> <span class='ocrx_word' id='word_1_662' title='bbox 1386 2157 1430 2184; x_wconf 80' lang='grc' dir='ltr'>διὰ</span> <span class='ocrx_word' id='word_1_663' title='bbox 1441 2158 1612 2193; x_wconf 84' lang='grc' dir='ltr'>γραμμάτων</span> <span class='ocrx_word' id='word_1_664' title='bbox 1627 2157 1690 2188; x_wconf 81' lang='grc' dir='ltr'>τοὺς</span> <span class='ocrx_word' id='word_1_665' title='bbox 1703 2157 1807 2191; x_wconf 78' lang='grc' dir='ltr'>φίλους,</span> <span class='ocrx_word' id='word_1_666' title='bbox 1823 2158 1870 2184; x_wconf 82' lang='grc' dir='ltr'>καὶ</span> 
     </span>
    </p>
   </div>
   <div class='ocr_carea' id='block_1_87' title="bbox 238 2202 1028 2245">
    <p class='ocr_par' dir='ltr' id='par_1_87' title="bbox 238 2209 1028 2245">
     <span class='ocr_line' id='line_1_87' title="bbox 238 2209 1028 2245; baseline -0.001 -8"><span class='ocrx_word' id='word_1_667' title='bbox 238 2217 348 2245; x_wconf 89' lang='lat' dir='ltr'><strong>quoque</strong></span> <span class='ocrx_word' id='word_1_668' title='bbox 371 2209 475 2245; x_wconf 89' lang='lat' dir='ltr'><strong>aliquid</strong></span> <span class='ocrx_word' id='word_1_669' title='bbox 502 2210 663 2238; x_wconf 69' lang='lat' dir='ltr'><strong>reverentiae</strong></span> <span class='ocrx_word' id='word_1_670' title='bbox 688 2209 809 2244; x_wconf 81' lang='lat' dir='ltr'><strong>tribuis;</strong></span> <span class='ocrx_word' id='word_1_671' title='bbox 836 2217 869 2237; x_wconf 88' lang='lat' dir='ltr'><strong>ac</strong></span> <span class='ocrx_word' id='word_1_672' title='bbox 891 2209 938 2237; x_wconf 89' lang='lat' dir='ltr'><strong>tibi</strong></span> <span class='ocrx_word' id='word_1_673' title='bbox 959 2217 974 2236; x_wconf 89' lang='lat' dir='ltr'><strong>a</strong></span> <span class='ocrx_word' id='word_1_674' title='bbox 990 2213 1028 2237; x_wconf 90' lang='lat' dir='ltr'><strong>tot</strong></span> 
     </span>
    </p>
   </div>
   <div class='ocr_carea' id='block_1_88' title="bbox 1084 2202 1871 2245">
    <p class='ocr_par' dir='ltr' id='par_1_88' title="bbox 1084 2202 1871 2239">
     <span class='ocr_line' id='line_1_88' title="bbox 1084 2202 1871 2239; baseline -0.004 -7"><span class='ocrx_word' id='word_1_675' title='bbox 1084 2204 1126 2232; x_wconf 79' lang='grc' dir='ltr'>τὸν</span> <span class='ocrx_word' id='word_1_676' title='bbox 1142 2204 1224 2231; x_wconf 83' lang='grc' dir='ltr'>πόθον</span> <span class='ocrx_word' id='word_1_677' title='bbox 1246 2203 1398 2239; x_wconf 83' lang='grc' dir='ltr'>ὁμολογεῖν,</span> <span class='ocrx_word' id='word_1_678' title='bbox 1420 2203 1466 2230; x_wconf 77' lang='grc' dir='ltr'>καὶ</span> <span class='ocrx_word' id='word_1_679' title='bbox 1482 2203 1549 2238; x_wconf 82' lang='grc' dir='ltr'>πρὸς</span> <span class='ocrx_word' id='word_1_680' title='bbox 1565 2202 1658 2230; x_wconf 78' lang='grc' dir='ltr'>ἑαυτὸν</span> <span class='ocrx_word' id='word_1_681' title='bbox 1683 2203 1773 2230; x_wconf 76' lang='grc' dir='ltr'>ἓλκειν</span> <span class='ocrx_word' id='word_1_682' title='bbox 1790 2203 1871 2230; x_wconf 54' lang='lat' dir='ltr'><strong>sum-</strong></span> 
     </span>
    </p>
   </div>
   <div class='ocr_carea' id='block_1_89' title="bbox 286 2327 1026 2364">
    <p class='ocr_par' dir='ltr' id='par_1_89' title="bbox 286 2327 1026 2364">
     <span class='ocr_line' id='line_1_89' title="bbox 286 2327 1026 2364; baseline -0.001 -9"><span class='ocrx_word' id='word_1_683' title='bbox 286 2329 331 2364; x_wconf 85' lang='lat'><strong>&#39;16)</strong></span> <span class='ocrx_word' id='word_1_684' title='bbox 343 2328 461 2364; x_wconf 81' lang='grc' dir='ltr'>Κρινειν</span> <span class='ocrx_word' id='word_1_685' title='bbox 470 2337 502 2355; x_wconf 83' lang='grc' dir='ltr'><strong>τε</strong></span> <span class='ocrx_word' id='word_1_686' title='bbox 516 2328 619 2362; x_wconf 76' lang='grc' dir='ltr'>ἱκανός</span> <span class='ocrx_word' id='word_1_687' title='bbox 631 2328 736 2363; x_wconf 75' lang='grc' dir='ltr'>λόγον.</span> <span class='ocrx_word' id='word_1_688' title='bbox 747 2328 816 2356; x_wconf 84' lang='lat' dir='ltr'><strong>Male</strong></span> <span class='ocrx_word' id='word_1_689' title='bbox 827 2328 909 2356; x_wconf 84' lang='lat' dir='ltr'><strong>vertit</strong></span> <span class='ocrx_word' id='word_1_690' title='bbox 919 2327 1026 2360; x_wconf 84' lang='lat' dir='ltr'><strong>Billius,</strong></span> 
     </span>
    </p>
   </div>
   <div class='ocr_carea' id='block_1_90' title="bbox 235 2363 750 2401">
    <p class='ocr_par' dir='ltr' id='par_1_90' title="bbox 235 2363 750 2401">
     <span class='ocr_line' id='line_1_90' title="bbox 235 2363 750 2401; baseline -0.004 -9"><span class='ocrx_word' id='word_1_691' title='bbox 235 2363 412 2401; x_wconf 22' lang='lat' dir='ltr'><strong>Judici&#39;umldc</strong></span> <span class='ocrx_word' id='word_1_692' title='bbox 420 2363 571 2401; x_wconf 64' lang='lat' dir='ltr'><strong>rationibus</strong></span> <span class='ocrx_word' id='word_1_693' title='bbox 584 2364 750 2401; x_wconf 71' lang='lat' dir='ltr'><strong>[erre_potes.</strong></span> 
     </span>
    </p>
   </div>
   <div class='ocr_carea' id='block_1_91' title="bbox 263 2397 1029 2442">
    <p class='ocr_par' dir='ltr' id='par_1_91' title="bbox 263 2397 1029 2442">
     <span class='ocr_line' id='line_1_91' title="bbox 263 2397 1029 2442; baseline -0.001 -15"><span class='ocrx_word' id='word_1_694' title='bbox 263 2401 330 2442; x_wconf 65' lang='lat' dir='ltr'><strong>_(7Z)</strong></span> <span class='ocrx_word' id='word_1_695' title='bbox 346 2398 448 2435; x_wconf 78' lang='grc' dir='ltr'><strong>Τόμὲν</strong></span> <span class='ocrx_word' id='word_1_696' title='bbox 470 2397 626 2426; x_wconf 50' lang='grc' dir='ltr'>αὑτοῦζιιο</span> <span class='ocrx_word' id='word_1_697' title='bbox 648 2398 732 2435; x_wconf 78' lang='lat' dir='ltr'><strong>chg.</strong></span> <span class='ocrx_word' id='word_1_698' title='bbox 751 2399 815 2426; x_wconf 91' lang='lat' dir='ltr'><strong>duo.</strong></span> <span class='ocrx_word' id='word_1_699' title='bbox 840 2398 870 2426; x_wconf 86' lang='lat' dir='ltr'><strong>In</strong></span> <span class='ocrx_word' id='word_1_700' title='bbox 888 2397 932 2426; x_wconf 88' lang='lat' dir='ltr'><strong>ed.</strong></span> <span class='ocrx_word' id='word_1_701' title='bbox 951 2397 1029 2426; x_wconf 83' lang='lat' dir='ltr'><strong>deest</strong></span> 
     </span>
    </p>
   </div>
   <div class='ocr_carea' id='block_1_92' title="bbox 240 2444 1027 2504">
    <p class='ocr_par' dir='ltr' id='par_1_92' title="bbox 240 2444 1027 2504">
     <span class='ocr_line' id='line_1_92' title="bbox 240 2444 1027 2504; baseline 0 -8"><span class='ocrx_word' id='word_1_702' title='bbox 240 2444 333 2504; x_wconf 46' lang='lat'><strong>“(1:3).</strong></span> <span class='ocrx_word' id='word_1_703' title='bbox 350 2469 487 2504; x_wconf 82' lang='grc' dir='ltr'><strong>Στάθμην</strong></span> <span class='ocrx_word' id='word_1_704' title='bbox 511 2469 640 2502; x_wconf 77' lang='grc' dir='ltr'>ἐχειν-ην,</span> <span class='ocrx_word' id='word_1_705' title='bbox 667 2469 706 2496; x_wconf 87' lang='lat' dir='ltr'><strong>lta</strong></span> <span class='ocrx_word' id='word_1_706' title='bbox 727 2469 794 2503; x_wconf 84' lang='lat' dir='ltr'><strong>Reg.</strong></span> <span class='ocrx_word' id='word_1_707' title='bbox 823 2476 903 2504; x_wconf 82' lang='lat' dir='ltr'><strong>unus.</strong></span> <span class='ocrx_word' id='word_1_708' title='bbox 928 2469 957 2496; x_wconf 85' lang='lat' dir='ltr'><strong>In</strong></span> <span class='ocrx_word' id='word_1_709' title='bbox 981 2468 1027 2496; x_wconf 86' lang='lat' dir='ltr'><strong>ed.</strong></span> 
     </span>
    </p>
   </div>
   <div class='ocr_carea' id='block_1_93' title="bbox 239 2503 1028 2540">
    <p class='ocr_par' dir='ltr' id='par_1_93' title="bbox 239 2503 1028 2540">
     <span class='ocr_line' id='line_1_93' title="bbox 239 2503 1028 2540; baseline -0.003 -7"><span class='ocrx_word' id='word_1_710' title='bbox 239 2503 448 2539; x_wconf 65' lang='grc' dir='ltr'>(Ιεθειὲκείνην.</span> <span class='ocrx_word' id='word_1_711' title='bbox 468 2504 506 2532; x_wconf 85' lang='lat' dir='ltr'><strong>De</strong></span> <span class='ocrx_word' id='word_1_712' title='bbox 520 2504 632 2532; x_wconf 85' lang='lat' dir='ltr'><strong>Eumelii</strong></span> <span class='ocrx_word' id='word_1_713' title='bbox 648 2505 727 2540; x_wconf 87' lang='lat' dir='ltr'><strong>equis</strong></span> <span class='ocrx_word' id='word_1_714' title='bbox 741 2505 814 2532; x_wconf 87' lang='lat' dir='ltr'><strong>velut</strong></span> <span class='ocrx_word' id='word_1_715' title='bbox 829 2503 863 2531; x_wconf 87' lang='lat' dir='ltr'><strong>ad</strong></span> <span class='ocrx_word' id='word_1_716' title='bbox 881 2504 1028 2540; x_wconf 72' lang='lat' dir='ltr'><strong>perpendi-</strong></span> 
     </span>
    </p>
   </div>
   <div class='ocr_carea' id='block_1_94' title="bbox 239 2538 1027 2583">
    <p class='ocr_par' dir='ltr' id='par_1_94' title="bbox 239 2538 1027 2583">
     <span class='ocr_line' id='line_1_94' title="bbox 239 2538 1027 2583; baseline -0.004 -15"><span class='ocrx_word' id='word_1_717' title='bbox 239 2541 334 2583; x_wconf 51' lang='lat' dir='ltr'><strong>culum</strong></span> <span class='ocrx_word' id='word_1_718' title='bbox 355 2538 430 2575; x_wconf 81' lang='lat' dir='ltr'><strong>tergo</strong></span> <span class='ocrx_word' id='word_1_719' title='bbox 454 2540 589 2567; x_wconf 88' lang='lat' dir='ltr'><strong>similibus</strong></span> <span class='ocrx_word' id='word_1_720' title='bbox 616 2538 680 2567; x_wconf 49' lang='lat' dir='ltr'><strong>vide&#39;</strong></span> <span class='ocrx_word' id='word_1_721' title='bbox 701 2539 859 2571; x_wconf 88' lang='lat' dir='ltr'><strong>Homerum,</strong></span> <span class='ocrx_word' id='word_1_722' title='bbox 885 2538 966 2566; x_wconf 80' lang='lat' dir='ltr'><strong>Iliad.</strong></span> <span class='ocrx_word' id='word_1_723' title='bbox 995 2538 1027 2570; x_wconf 86' lang='grc' dir='ltr'>Β,</span> 
     </span>
    </p>
   </div>
   <div class='ocr_carea' id='block_1_95' title="bbox 241 2575 1028 2645">
    <p class='ocr_par' dir='ltr' id='par_1_95' title="bbox 241 2575 1028 2645">
     <span class='ocr_line' id='line_1_95' title="bbox 241 2575 1028 2645; baseline -0.001 -7"><span class='ocrx_word' id='word_1_724' title='bbox 241 2584 266 2602; x_wconf 52' lang='lat' dir='ltr'><strong>‘I</strong></span> <span class='ocrx_word' id='word_1_725' title='bbox 278 2575 482 2643; x_wconf 40' lang='lat' dir='ltr'><strong>(ggﬁzAJJOLtt)</strong></span> <span class='ocrx_word' id='word_1_726' title='bbox 494 2610 630 2644; x_wconf 76' lang='grc' dir='ltr'>στεῤῥόν.</span> <span class='ocrx_word' id='word_1_727' title='bbox 638 2609 676 2637; x_wconf 86' lang='lat' dir='ltr'><strong>Ita</strong></span> <span class='ocrx_word' id='word_1_728' title='bbox 685 2609 770 2645; x_wconf 80' lang='lat' dir='ltr'><strong>Regg.</strong></span> <span class='ocrx_word' id='word_1_729' title='bbox 781 2609 884 2644; x_wconf 88' lang='lat' dir='ltr'><strong>plures.</strong></span> <span class='ocrx_word' id='word_1_730' title='bbox 894 2609 944 2636; x_wconf 87' lang='lat' dir='ltr'><strong>Ed.</strong></span> <span class='ocrx_word' id='word_1_731' title='bbox 957 2609 1028 2637; x_wconf 85' lang='lat' dir='ltr'><strong>male</strong></span> 
     </span>
    </p>
   </div>
   <div class='ocr_carea' id='block_1_96' title="bbox 240 2645 1027 2687">
    <p class='ocr_par' dir='ltr' id='par_1_96' title="bbox 240 2645 1027 2687">
     <span class='ocr_line' id='line_1_96' title="bbox 240 2645 1027 2687; baseline -0.004 -14"><span class='ocrx_word' id='word_1_732' title='bbox 240 2645 397 2687; x_wconf 49' lang='grc' dir='ltr'>ἄλλοι-δὲτὸ</span> <span class='ocrx_word' id='word_1_733' title='bbox 410 2645 555 2681; x_wconf 78' lang='grc' dir='ltr'>αὐστηρόν,</span> <span class='ocrx_word' id='word_1_734' title='bbox 571 2646 643 2680; x_wconf 91' lang='lat' dir='ltr'><strong>quod</strong></span> <span class='ocrx_word' id='word_1_735' title='bbox 668 2645 763 2674; x_wconf 85' lang='lat' dir='ltr'><strong>Billius</strong></span> <span class='ocrx_word' id='word_1_736' title='bbox 779 2645 871 2677; x_wconf 88' lang='lat' dir='ltr'><strong>vertit,</strong></span> <span class='ocrx_word' id='word_1_737' title='bbox 892 2645 941 2671; x_wconf 81' lang='lat' dir='ltr'><strong>alii</strong></span> <span class='ocrx_word' id='word_1_738' title='bbox 965 2645 1027 2671; x_wconf 84' lang='lat' dir='ltr'><strong>item</strong></span> 
     </span>
    </p>
   </div>
   <div class='ocr_carea' id='block_1_97' title="bbox 240 2685 1025 2751">
    <p class='ocr_par' dir='ltr' id='par_1_97' title="bbox 240 2685 1025 2751">
     <span class='ocr_line' id='line_1_97' title="bbox 240 2685 413 2708; baseline -0.006 0"><span class='ocrx_word' id='word_1_739' title='bbox 240 2685 413 2708; x_wconf 77' lang='lat' dir='ltr'><strong>severitatem.</strong></span> 
     </span>
     <span class='ocr_line' id='line_1_98' title="bbox 277 2714 1025 2751; baseline -0.001 -9"><span class='ocrx_word' id='word_1_740' title='bbox 277 2715 332 2750; x_wconf 80' lang='lat'><strong>(80)</strong></span> <span class='ocrx_word' id='word_1_741' title='bbox 349 2715 403 2742; x_wconf 82' lang='lat' dir='ltr'><strong>Kal</strong></span> <span class='ocrx_word' id='word_1_742' title='bbox 422 2715 464 2742; x_wconf 83' lang='grc' dir='ltr'>τό.</span> <span class='ocrx_word' id='word_1_743' title='bbox 483 2715 520 2742; x_wconf 77' lang='lat' dir='ltr'><strong>ita</strong></span> <span class='ocrx_word' id='word_1_744' title='bbox 542 2714 627 2751; x_wconf 75' lang='lat' dir='ltr'><strong>Regg.</strong></span> <span class='ocrx_word' id='word_1_745' title='bbox 645 2715 746 2750; x_wconf 85' lang='lat' dir='ltr'><strong>plures,</strong></span> <span class='ocrx_word' id='word_1_746' title='bbox 765 2719 792 2743; x_wconf 88' lang='lat' dir='ltr'><strong>et</strong></span> <span class='ocrx_word' id='word_1_747' title='bbox 815 2715 859 2743; x_wconf 85' lang='lat' dir='ltr'><strong>ed.</strong></span> <span class='ocrx_word' id='word_1_748' title='bbox 882 2714 914 2742; x_wconf 85' lang='lat' dir='ltr'><strong>ad</strong></span> <span class='ocrx_word' id='word_1_749' title='bbox 938 2721 1025 2749; x_wconf 87' lang='lat' dir='ltr'><strong>marg.</strong></span> 
     </span>
    </p>
   </div>
   <div class='ocr_carea' id='block_1_98' title="bbox 241 2750 568 2785">
    <p class='ocr_par' dir='ltr' id='par_1_98' title="bbox 241 2750 568 2785">
     <span class='ocr_line' id='line_1_99' title="bbox 241 2750 568 2785; baseline -0.006 -7"><span class='ocrx_word' id='word_1_750' title='bbox 241 2751 309 2778; x_wconf 83' lang='lat' dir='ltr'><strong>Male</strong></span> <span class='ocrx_word' id='word_1_751' title='bbox 324 2751 350 2778; x_wconf 92' lang='lat' dir='ltr'><strong>in</strong></span> <span class='ocrx_word' id='word_1_752' title='bbox 366 2754 439 2778; x_wconf 68' lang='lat' dir='ltr'><strong>textu</strong></span> <span class='ocrx_word' id='word_1_753' title='bbox 457 2750 503 2777; x_wconf 75' lang='grc' dir='ltr'>καὶ</span> <span class='ocrx_word' id='word_1_754' title='bbox 519 2750 568 2785; x_wconf 87' lang='grc' dir='ltr'><strong>τῷ.</strong></span> 
     </span>
    </p>
   </div>
   <div class='ocr_carea' id='block_1_99' title="bbox 277 2784 1025 2820">
    <p class='ocr_par' dir='ltr' id='par_1_99' title="bbox 277 2784 1025 2820">
     <span class='ocr_line' id='line_1_100' title="bbox 277 2784 1025 2820; baseline 0 -7"><span class='ocrx_word' id='word_1_755' title='bbox 277 2786 332 2820; x_wconf 79' lang='grc'>(81)</span> <span class='ocrx_word' id='word_1_756' title='bbox 355 2786 506 2819; x_wconf 68' lang='grc' dir='ltr'>Ἀγροικὸν</span> <span class='ocrx_word' id='word_1_757' title='bbox 521 2784 693 2819; x_wconf 70' lang='grc' dir='ltr'>προσᾳδέτω</span> <span class='ocrx_word' id='word_1_758' title='bbox 701 2793 759 2812; x_wconf 84' lang='grc' dir='ltr'>σοι.</span> <span class='ocrx_word' id='word_1_759' title='bbox 769 2785 808 2812; x_wconf 83' lang='lat' dir='ltr'><strong>Ita</strong></span> <span class='ocrx_word' id='word_1_760' title='bbox 822 2784 905 2820; x_wconf 83' lang='lat' dir='ltr'><strong>Regg.</strong></span> <span class='ocrx_word' id='word_1_761' title='bbox 922 2784 1025 2818; x_wconf 86' lang='lat' dir='ltr'><strong>plures.</strong></span> 
     </span>
    </p>
   </div>
   <div class='ocr_carea' id='block_1_100' title="bbox 242 2820 1025 2855">
    <p class='ocr_par' dir='ltr' id='par_1_100' title="bbox 242 2820 1025 2855">
     <span class='ocr_line' id='line_1_101' title="bbox 242 2820 1025 2855; baseline -0.001 -8"><span class='ocrx_word' id='word_1_762' title='bbox 242 2820 291 2847; x_wconf 81' lang='lat' dir='ltr'><strong>Ed.</strong></span> <span class='ocrx_word' id='word_1_763' title='bbox 305 2822 373 2848; x_wconf 81' lang='lat' dir='ltr'><strong>male</strong></span> <span class='ocrx_word' id='word_1_764' title='bbox 393 2820 506 2855; x_wconf 77' lang='grc' dir='ltr'>ἁγρικὸν</span> <span class='ocrx_word' id='word_1_765' title='bbox 524 2820 741 2855; x_wconf 81' lang='grc' dir='ltr'>προσᾳδέτωσαν,</span> <span class='ocrx_word' id='word_1_766' title='bbox 758 2821 806 2848; x_wconf 86' lang='lat' dir='ltr'><strong>sed</strong></span> <span class='ocrx_word' id='word_1_767' title='bbox 829 2821 862 2847; x_wconf 88' lang='lat' dir='ltr'><strong>ad</strong></span> <span class='ocrx_word' id='word_1_768' title='bbox 877 2821 1025 2854; x_wconf 83' lang='lat' dir='ltr'><strong>marginem</strong></span> 
     </span>
    </p>
   </div>
   <div class='ocr_carea' id='block_1_101' title="bbox 1079 2325 1431 2362">
    <p class='ocr_par' dir='ltr' id='par_1_101' title="bbox 1079 2325 1431 2362">
     <span class='ocr_line' id='line_1_102' title="bbox 1079 2325 1431 2362; baseline -0.003 -9"><span class='ocrx_word' id='word_1_769' title='bbox 1079 2325 1182 2362; x_wconf 80' lang='lat' dir='ltr'><strong>habent</strong></span> <span class='ocrx_word' id='word_1_770' title='bbox 1201 2325 1359 2362; x_wconf 74' lang='grc' dir='ltr'>προσᾳδέτω</span> <span class='ocrx_word' id='word_1_771' title='bbox 1379 2334 1431 2362; x_wconf 78' lang='grc' dir='ltr'>σοι.</span> 
     </span>
    </p>
   </div>
   <div class='ocr_carea' id='block_1_102' title="bbox 1116 2359 1870 2398">
    <p class='ocr_par' dir='ltr' id='par_1_102' title="bbox 1116 2359 1870 2398">
     <span class='ocr_line' id='line_1_103' title="bbox 1116 2359 1870 2398; baseline -0.001 -8"><span class='ocrx_word' id='word_1_772' title='bbox 1116 2361 1176 2398; x_wconf 65' lang='grc'>(82)</span> <span class='ocrx_word' id='word_1_773' title='bbox 1190 2359 1259 2398; x_wconf 63' lang='grc' dir='ltr'>Περὶ</span> <span class='ocrx_word' id='word_1_774' title='bbox 1279 2359 1416 2398; x_wconf 64' lang='grc' dir='ltr'>κεφαλῆς</span> <span class='ocrx_word' id='word_1_775' title='bbox 1437 2359 1579 2395; x_wconf 79' lang='grc' dir='ltr'>ἑγειρέτω.</span> <span class='ocrx_word' id='word_1_776' title='bbox 1607 2360 1672 2396; x_wconf 81' lang='lat' dir='ltr'><strong>Reg.</strong></span> <span class='ocrx_word' id='word_1_777' title='bbox 1696 2369 1768 2389; x_wconf 89' lang='lat' dir='ltr'><strong>unus</strong></span> <span class='ocrx_word' id='word_1_778' title='bbox 1799 2362 1870 2398; x_wconf 82' lang='grc' dir='ltr'>ὑπὲρ</span> 
     </span>
    </p>
   </div>
   <div class='ocr_carea' id='block_1_103' title="bbox 1080 2396 1707 2432">
    <p class='ocr_par' dir='ltr' id='par_1_103' title="bbox 1080 2396 1707 2432">
     <span class='ocr_line' id='line_1_104' title="bbox 1080 2396 1707 2432; baseline 0 -9"><span class='ocrx_word' id='word_1_779' title='bbox 1080 2396 1200 2432; x_wconf 64' lang='grc' dir='ltr'>κεφαλῆς</span> <span class='ocrx_word' id='word_1_780' title='bbox 1214 2396 1359 2432; x_wconf 80' lang='grc' dir='ltr'>ἁγειρὲσω,</span> <span class='ocrx_word' id='word_1_781' title='bbox 1379 2400 1550 2432; x_wconf 41' lang='grc' dir='ltr'>εαρετᾼεαριιι</span> <span class='ocrx_word' id='word_1_782' title='bbox 1562 2402 1707 2431; x_wconf 83' lang='lat' dir='ltr'><strong>congreget.</strong></span> 
     </span>
    </p>
   </div>
   <div class='ocr_carea' id='block_1_104' title="bbox 1116 2430 1868 2467">
    <p class='ocr_par' dir='ltr' id='par_1_104' title="bbox 1116 2430 1868 2467">
     <span class='ocr_line' id='line_1_105' title="bbox 1116 2430 1868 2467; baseline 0 -8"><span class='ocrx_word' id='word_1_783' title='bbox 1116 2430 1183 2466; x_wconf 71' lang='grc'>(85)</span> <span class='ocrx_word' id='word_1_784' title='bbox 1194 2430 1443 2466; x_wconf 55' lang='grc' dir='ltr'>Ἐπενξεχθούσηᾳ</span> <span class='ocrx_word' id='word_1_785' title='bbox 1456 2430 1531 2466; x_wconf 69' lang='lat' dir='ltr'><strong>Rt-gii</strong></span> <span class='ocrx_word' id='word_1_786' title='bbox 1548 2430 1641 2466; x_wconf 87' lang='lat' dir='ltr'><strong>plures</strong></span> <span class='ocrx_word' id='word_1_787' title='bbox 1653 2431 1868 2467; x_wconf 78' lang='grc' dir='ltr'>ἐπανελθούσης,</span> 
     </span>
    </p>
   </div>
   <div class='ocr_carea' id='block_1_105' title="bbox 1079 2474 1199 2495">
    <p class='ocr_par' dir='ltr' id='par_1_105' title="bbox 1079 2474 1199 2495">
     <span class='ocr_line' id='line_1_106' title="bbox 1079 2474 1199 2495; baseline -0.017 0"><span class='ocrx_word' id='word_1_788' title='bbox 1079 2475 1108 2495; x_wconf 88' lang='lat' dir='ltr'><strong>re</strong></span> <span class='ocrx_word' id='word_1_789' title='bbox 1111 2474 1189 2494; x_wconf 76' lang='lat' dir='ltr'><strong>versa:</strong></span> <span class='ocrx_word' id='word_1_790' title='bbox 1193 2487 1199 2493; x_wconf 89' lang='lat'><strong>.</strong></span> 
     </span>
    </p>
   </div>
   <div class='ocr_carea' id='block_1_106' title="bbox 1116 2500 1867 2538">
    <p class='ocr_par' dir='ltr' id='par_1_106' title="bbox 1116 2500 1867 2538">
     <span class='ocr_line' id='line_1_107' title="bbox 1116 2500 1867 2538; baseline 0.001 -10"><span class='ocrx_word' id='word_1_791' title='bbox 1116 2502 1170 2538; x_wconf 69' lang='grc'>(84)</span> <span class='ocrx_word' id='word_1_792' title='bbox 1184 2501 1241 2538; x_wconf 56' lang='grc' dir='ltr'><strong>Καὶ</strong></span> <span class='ocrx_word' id='word_1_793' title='bbox 1265 2502 1370 2536; x_wconf 64' lang='grc' dir='ltr'><strong>φυτόν.</strong></span> <span class='ocrx_word' id='word_1_794' title='bbox 1396 2501 1437 2528; x_wconf 86' lang='lat' dir='ltr'><strong>Ita</strong></span> <span class='ocrx_word' id='word_1_795' title='bbox 1454 2500 1551 2538; x_wconf 20' lang='lat' dir='ltr'><strong>rRegg.</strong></span> <span class='ocrx_word' id='word_1_796' title='bbox 1578 2507 1708 2537; x_wconf 85' lang='lat' dir='ltr'><strong>quatuor.</strong></span> <span class='ocrx_word' id='word_1_797' title='bbox 1727 2505 1755 2530; x_wconf 88' lang='lat' dir='ltr'><strong>et</strong></span> <span class='ocrx_word' id='word_1_798' title='bbox 1771 2501 1814 2530; x_wconf 90' lang='lat' dir='ltr'><strong>ed.</strong></span> <span class='ocrx_word' id='word_1_799' title='bbox 1834 2502 1867 2529; x_wconf 90' lang='lat' dir='ltr'><strong>ad</strong></span> 
     </span>
    </p>
   </div>
   <div class='ocr_carea' id='block_1_107' title="bbox 1079 2536 1567 2572">
    <p class='ocr_par' dir='ltr' id='par_1_107' title="bbox 1079 2536 1567 2572">
     <span class='ocr_line' id='line_1_108' title="bbox 1079 2536 1567 2572; baseline -0.002 -8"><span class='ocrx_word' id='word_1_800' title='bbox 1079 2536 1166 2571; x_wconf 68' lang='lat' dir='ltr'><strong>marg;</strong></span> <span class='ocrx_word' id='word_1_801' title='bbox 1184 2536 1295 2572; x_wconf 17' lang='lat' dir='ltr'><strong>Malerin</strong></span> <span class='ocrx_word' id='word_1_802' title='bbox 1310 2541 1397 2572; x_wconf 74' lang='lat' dir='ltr'><strong>textu,</strong></span> <span class='ocrx_word' id='word_1_803' title='bbox 1412 2537 1460 2572; x_wconf 74' lang='grc' dir='ltr'><strong>καί</strong></span> <span class='ocrx_word' id='word_1_804' title='bbox 1474 2545 1567 2572; x_wconf 80' lang='grc' dir='ltr'>φησιν.</span> 
     </span>
    </p>
   </div>
   <div class='ocr_carea' id='block_1_108' title="bbox 1115 2571 1868 2608">
    <p class='ocr_par' dir='ltr' id='par_1_108' title="bbox 1115 2571 1868 2608">
     <span class='ocr_line' id='line_1_109' title="bbox 1115 2571 1868 2608; baseline -0.001 -8"><span class='ocrx_word' id='word_1_805' title='bbox 1115 2573 1171 2608; x_wconf 83' lang='lat'><strong>(85)</strong></span> <span class='ocrx_word' id='word_1_806' title='bbox 1180 2572 1234 2599; x_wconf 80' lang='lat' dir='ltr'><strong>Kal</strong></span> <span class='ocrx_word' id='word_1_807' title='bbox 1249 2571 1354 2608; x_wconf 73' lang='grc' dir='ltr'>όρειον.</span> <span class='ocrx_word' id='word_1_808' title='bbox 1370 2571 1584 2608; x_wconf 21' lang='lat' dir='ltr'><strong>lta»Regg.’tres.</strong></span> <span class='ocrx_word' id='word_1_809' title='bbox 1602 2571 1650 2600; x_wconf 85' lang='lat' dir='ltr'><strong>Ed.</strong></span> <span class='ocrx_word' id='word_1_810' title='bbox 1669 2572 1737 2600; x_wconf 89' lang='lat' dir='ltr'><strong>male</strong></span> <span class='ocrx_word' id='word_1_811' title='bbox 1749 2572 1776 2600; x_wconf 92' lang='lat' dir='ltr'><strong>in</strong></span> <span class='ocrx_word' id='word_1_812' title='bbox 1793 2576 1868 2600; x_wconf 83' lang='lat' dir='ltr'><strong>textu</strong></span> 
     </span>
    </p>
   </div>
   <div class='ocr_carea' id='block_1_109' title="bbox 1078 2606 1637 2644">
    <p class='ocr_par' dir='ltr' id='par_1_109' title="bbox 1078 2606 1637 2644">
     <span class='ocr_line' id='line_1_110' title="bbox 1078 2606 1637 2644; baseline 0 -10"><span class='ocrx_word' id='word_1_813' title='bbox 1078 2606 1192 2644; x_wconf 71' lang='grc' dir='ltr'>ὥρὶμον.</span> <span class='ocrx_word' id='word_1_814' title='bbox 1206 2607 1277 2644; x_wconf 83' lang='lat' dir='ltr'><strong>male</strong></span> <span class='ocrx_word' id='word_1_815' title='bbox 1288 2606 1419 2644; x_wconf 71' lang='lat' dir='ltr'><strong>etiamad</strong></span> <span class='ocrx_word' id='word_1_816' title='bbox 1440 2606 1527 2644; x_wconf 68' lang='lat' dir='ltr'><strong>marg.</strong></span> <span class='ocrx_word' id='word_1_817' title='bbox 1545 2606 1637 2644; x_wconf 78' lang='grc' dir='ltr'>ὥριον.</span> 
     </span>
    </p>
   </div>
   <div class='ocr_carea' id='block_1_110' title="bbox 1114 2641 1870 2677">
    <p class='ocr_par' dir='ltr' id='par_1_110' title="bbox 1114 2641 1870 2677">
     <span class='ocr_line' id='line_1_111' title="bbox 1114 2641 1870 2677; baseline -0.003 -7"><span class='ocrx_word' id='word_1_818' title='bbox 1114 2641 1170 2677; x_wconf 83' lang='grc'>(86)</span> <span class='ocrx_word' id='word_1_819' title='bbox 1190 2641 1228 2669; x_wconf 86' lang='grc' dir='ltr'><em>Τὰ</em></span> <span class='ocrx_word' id='word_1_820' title='bbox 1249 2642 1302 2668; x_wconf 85' lang='grc' dir='ltr'>τοῦ</span> <span class='ocrx_word' id='word_1_821' title='bbox 1317 2641 1451 2677; x_wconf 22' lang='grc' dir='ltr'>Ῠκράῖους</span> <span class='ocrx_word' id='word_1_822' title='bbox 1474 2641 1713 2677; x_wconf 77' lang='grc' dir='ltr'>ὑπηρετούμενος</span> <span class='ocrx_word' id='word_1_823' title='bbox 1725 2651 1732 2657; x_wconf 91' lang='grc'><strong>·</strong></span> <span class='ocrx_word' id='word_1_824' title='bbox 1757 2643 1870 2677; x_wconf 59' lang='lat' dir='ltr'><strong>131m):-</strong></span> 
     </span>
    </p>
   </div>
   <div class='ocr_carea' id='block_1_111' title="bbox 1077 2675 1868 2713">
    <p class='ocr_par' dir='ltr' id='par_1_111' title="bbox 1077 2675 1868 2713">
     <span class='ocr_line' id='line_1_112' title="bbox 1077 2675 1868 2713; baseline 0 -8"><span class='ocrx_word' id='word_1_825' title='bbox 1077 2675 1221 2713; x_wconf 76' lang='grc' dir='ltr'>τούμένος</span> <span class='ocrx_word' id='word_1_826' title='bbox 1248 2676 1292 2704; x_wconf 82' lang='grc' dir='ltr'><strong>δέ.</strong></span> <span class='ocrx_word' id='word_1_827' title='bbox 1317 2676 1355 2703; x_wconf 90' lang='lat' dir='ltr'><strong>Ita</strong></span> <span class='ocrx_word' id='word_1_828' title='bbox 1377 2675 1462 2712; x_wconf 77' lang='lat' dir='ltr'><strong>Regg.</strong></span> <span class='ocrx_word' id='word_1_829' title='bbox 1478 2677 1579 2711; x_wconf 88' lang='lat' dir='ltr'><strong>plures.</strong></span> <span class='ocrx_word' id='word_1_830' title='bbox 1597 2675 1630 2704; x_wconf 44' lang='lat' dir='ltr'><strong>ln&#39;</strong></span> <span class='ocrx_word' id='word_1_831' title='bbox 1641 2677 1683 2705; x_wconf 84' lang='lat' dir='ltr'><strong>ed.</strong></span> <span class='ocrx_word' id='word_1_832' title='bbox 1699 2677 1776 2704; x_wconf 83' lang='lat' dir='ltr'><strong>deest</strong></span> <span class='ocrx_word' id='word_1_833' title='bbox 1790 2675 1868 2712; x_wconf 71' lang='lat' dir='ltr'><strong>prius</strong></span> 
     </span>
    </p>
   </div>
   <div class='ocr_carea' id='block_1_112' title="bbox 1078 2712 1307 2751">
    <p class='ocr_par' dir='ltr' id='par_1_112' title="bbox 1078 2712 1307 2751">
     <span class='ocr_line' id='line_1_113' title="bbox 1078 2712 1307 2751; baseline 0 0"><span class='ocrx_word' id='word_1_834' title='bbox 1078 2712 1307 2751; x_wconf 59' lang='lat' dir='ltr'><strong>°M.P_§“’:5t‘~‘-V°€-</strong></span> 
     </span>
    </p>
   </div>
   <div class='ocr_carea' id='block_1_113' title="bbox 1115 2746 1869 2784">
    <p class='ocr_par' dir='ltr' id='par_1_113' title="bbox 1115 2746 1869 2784">
     <span class='ocr_line' id='line_1_114' title="bbox 1115 2746 1869 2784; baseline 0 -9"><span class='ocrx_word' id='word_1_835' title='bbox 1115 2746 1250 2784; x_wconf 60' lang='grc'><strong>(87)]¹</strong></span> <span class='ocrx_word' id='word_1_836' title='bbox 1258 2747 1316 2784; x_wconf 56' lang='grc' dir='ltr'><strong>,μὲν¹</strong></span> <span class='ocrx_word' id='word_1_837' title='bbox 1329 2746 1387 2781; x_wconf 80' lang='grc' dir='ltr'><strong>τὴν</strong></span> <span class='ocrx_word' id='word_1_838' title='bbox 1394 2747 1553 2784; x_wconf 63' lang='grc' dir='ltr'>θεραπείαν</span> <span class='ocrx_word' id='word_1_839' title='bbox 1562 2747 1790 2784; x_wconf 57' lang='grc' dir='ltr'>ἀφοσιούμενος.</span> <span class='ocrx_word' id='word_1_840' title='bbox 1800 2747 1869 2776; x_wconf 79' lang='lat' dir='ltr'><strong>Male</strong></span> 
     </span>
    </p>
   </div>
   <div class='ocr_carea' id='block_1_114' title="bbox 1076 2781 1868 2817">
    <p class='ocr_par' dir='ltr' id='par_1_114' title="bbox 1076 2781 1868 2817">
     <span class='ocr_line' id='line_1_115' title="bbox 1076 2781 1868 2817; baseline -0.001 -6"><span class='ocrx_word' id='word_1_841' title='bbox 1076 2781 1281 2814; x_wconf 26' lang='lat' dir='ltr'><strong>vertit’Billius,</strong></span> <span class='ocrx_word' id='word_1_842' title='bbox 1303 2783 1456 2817; x_wconf 79' lang='lat' dir='ltr'><strong>imperatori</strong></span> <span class='ocrx_word' id='word_1_843' title='bbox 1472 2781 1580 2817; x_wconf 82' lang='lat' dir='ltr'><strong>quidam</strong></span> <span class='ocrx_word' id='word_1_844' title='bbox 1607 2781 1769 2816; x_wconf 77' lang='lat' dir='ltr'><strong>defunctorie</strong></span> <span class='ocrx_word' id='word_1_845' title='bbox 1793 2783 1868 2810; x_wconf 69' lang='lat' dir='ltr'><strong>obsc-</strong></span> 
     </span>
    </p>
   </div>
   <div class='ocr_carea' id='block_1_115' title="bbox 1077 2816 1729 2855">
    <p class='ocr_par' dir='ltr' id='par_1_115' title="bbox 1077 2816 1729 2855">
     <span class='ocr_line' id='line_1_116' title="bbox 1077 2816 1729 2855; baseline -0.003 -9"><span class='ocrx_word' id='word_1_846' title='bbox 1077 2819 1186 2855; x_wconf 75' lang='lat' dir='ltr'><strong>queris;</strong></span> <span class='ocrx_word' id='word_1_847' title='bbox 1201 2825 1255 2845; x_wconf 91' lang='lat' dir='ltr'><strong>non</strong></span> <span class='ocrx_word' id='word_1_848' title='bbox 1274 2819 1346 2845; x_wconf 91' lang='lat' dir='ltr'><strong>enim</strong></span> <span class='ocrx_word' id='word_1_849' title='bbox 1362 2816 1433 2844; x_wconf 78' lang='lat' dir='ltr'><strong>istu&#39;d</strong></span> <span class='ocrx_word' id='word_1_850' title='bbox 1450 2817 1506 2844; x_wconf 83' lang='lat' dir='ltr'><strong>viro</strong></span> <span class='ocrx_word' id='word_1_851' title='bbox 1527 2817 1598 2844; x_wconf 83' lang='lat' dir='ltr'><strong>laudi</strong></span> <span class='ocrx_word' id='word_1_852' title='bbox 1613 2817 1729 2845; x_wconf 79' lang='lat' dir='ltr'><strong>cederet.</strong></span> 
     </span>
    </p>
   </div>
  </div>
