1923 3053
80 179 112 208 4i
317 175 319 181 ’
778 176 865 204 EPIS’]

925 177 946 202 Α
966 176 1011 204 XI.
1675 178 1709 204 4‘2

81 247 129 270 τας
145 238 213 273 (88).
238 237 308 264 ’Λνθ“
325 233 362 263 ὧν
377 235 528 271 ὲπεύχομαί
545 245 596 269 σοι,
610 236 663 263 τῶν
685 235 733 270 μὲν
746 236 786 267 εἰς
801 235 865 262 εὐδο

925 235 1066 269 tantisque
1091 235 1184 266 rebus,
1202 242 1271 269 quas
1287 235 1368 269 geris,
1386 243 1437 263 noc
1453 237 1501 263 otii
1518 241 1653 271 superest,
1678 243 1707 264 ut

83 284 142 317 ξίαν
160 284 216 319 (89)
234 283 325 318 μεῖζον
341 283 416 309 οὐδὲν
431 281 493 317 (κᾶν
515 282 570 317 γὰρ
586 281 747 317 προσθήκην
761 283 777 317 ἡ
797 281 868 317 ἀρχὴ

83 330 164 366 λὰῦῃ,
179 330 228 365 τήν
241 337 272 363 γε
287 328 386 363 ἀρετὴν
401 328 492 354 λαὸεἳν
508 329 557 354 οὐκ
577 327 701 361 ἔνεστιν),
720 327 749 354 ἓν
767 327 795 354 δὲ
809 328 870 354 ἀντὶ

83 376 191 403 πάντων
204 375 251 402 καὶ
276 374 412 409 μέγιστον,
428 373 554 408 γενέσθαι
570 373 627 407 μεθ’
643 373 721 408 ἡμῶν
743 382 808 399 ποτε
823 373 870 400 καὶ

83 419 161 447 Θεοῦ.
178 420 225 446 καὶ
243 419 292 454 τῆς
317 418 372 444 τῶν
392 417 566 452 διωκομένων
588 415 657 444 εἶναι
678 417 795 452 μερίδος,
824 417 871 443 καὶ

85 466 121 501 μὴ
137 465 188 500 τῆς
209 464 262 492 τῶν
276 464 428 491 διωκόντων
438 473 444 478 ·
460 463 553 498 ἐπειδὴ
567 463 597 489 τὸ
613 463 662 498 μὲν
681 462 776 497 καιροῦ
800 463 871 498 φορᾷ

84 510 284 546 παρασύρεται,
301 509 332 536 τὸ
344 509 373 535 δὲ
387 508 521 535 ἀθάνατον
537 507 593 542 ἔχει
606 507 655 542 τὴν
672 507 817 542 σωτηρίαν.

918 287 974 307 non
990 280 1071 307 modo
1086 281 1236 307 amicorum
1253 281 1421 314 memineris,
1440 282 1486 309 sed
1501 282 1582 309 etiam
1602 290 1650 311 eos
1661 291 1708 318 per

918 325 1025 353 litteras
1045 325 1148 353 honore
1169 325 1280 357 allicias,
1299 333 1473 362 amoremque
1494 335 1526 354 ac
1543 328 1706 356 desiderium

920 371 1090 403 conﬁtearis,
1114 371 1296 406 absentesque
1315 372 1348 398 ad
1370 378 1395 399 te
1412 374 1564 407 pertrahas.
1582 373 1633 401 Pro
1647 375 1710 409 qui-

920 416 972 444 bus
991 417 1120 443 omnibus
1142 417 1224 444 rebus
1241 417 1292 444 hoc
1310 418 1358 444 tibi
1379 422 1454 453 opto,
1475 427 1529 446 non
1550 423 1579 446 ut
1600 420 1634 447 ad
1646 421 1710 455 ,εἰο-

920 462 988 488 riam
1011 462 1138 489 cumulus
1156 462 1256 496 aliquis
1272 462 1383 490 accedat
1407 464 1542 499 (quamvis
1564 466 1638 509 enim
1668 467 1709 493 in-

919 511 1089 535 crementum
1106 508 1223 542 accipiat
1243 508 1400 543 imperium,
1418 514 1508 536 tamen
1531 511 1564 538 ad
1580 508 1708 538 virtutem

84 558 151 584 nihil
167 557 229 584 addi
244 556 356 591 potest),
375 563 467 582 verum
483 562 534 590 pro
549 555 676 582 omnibus
699 554 725 580 id
741 561 824 580 unum
846 560 878 581 ac
903 555 1062 587 maximum,
1092 559 1122 581 ut
1141 554 1175 581 ad
1196 549 1305 582 nostras
1325 554 1427 590 Deique
1450 560 1542 590 partes
1563 557 1709 591 aliquando

84 609 110 630 te
129 603 267 634 conferas,
292 607 374 637 atque
396 602 430 628 ab
451 602 485 628 iis
501 605 567 633 stes,
587 602 634 636 qui
654 601 873 636 persecutionem
892 601 1046 635 patiuntur,
1080 608 1134 628 non
1161 604 1252 628 autem
1274 601 1308 627 ab
1333 601 1377 633 iis,
1400 602 1447 635 qui
1478 609 1538 628 eam
1564 601 1706 629 inferunt:

82 651 304 688 quandoquidem
323 651 373 678 hoc
388 650 496 685 quidem
519 650 652 684 temporis
669 657 752 677 cursu
769 649 943 682 distrahitur,
960 649 1025 676 illud
1043 653 1135 676 autem
1153 649 1336 675 immortalem
1350 650 1465 676 salutem
1482 649 1572 677 habet.

240 709 290 736 IA'.
311 709 478 743 rrnroma
496 707 632 734 ΝΥΣΣΗΣ
649 706 715 742 (90).

1101 705 1146 734 XI.
1167 704 1342 733 GREGORIO
1360 705 1530 734 NYSSENO.

117 765 218 793 Eodem
230 766 334 792 circiter
346 770 458 798 tempore
474 766 570 798 scripta
588 763 690 790 videtur
703 764 816 798 epistola
835 763 868 790 ad
889 763 1056 797 Gregorium,
1074 763 1173 790 Basilii
1187 763 1307 798 fratrem,
1323 771 1398 797 quem
1415 764 1512 790 acriter
1532 763 1706 798 reprehendit,

81 811 110 828 eo
125 801 194 836 quod
209 801 317 834 objectis
333 801 415 827 sacris
437 801 522 830 libris.
540 808 605 834 quos
620 799 689 833 plebi
703 800 731 826 in
745 799 855 826 ecclesia
871 799 989 826 lectitare
1006 798 1117 832 solebat,
1139 798 1173 824 ad
1192 799 1348 825 rhetoricam
1370 799 1555 832 proﬁtendam,
1579 807 1630 825 non
1652 800 1709 825 sine

80 838 185 871 piarunt
204 837 356 870 o/fensione,
376 844 403 862 se
419 836 584 862 contulisset.

118 896 193 930 Ἐχω
207 904 233 921 τι
247 894 332 926 δεξιὸν
348 896 377 920 ὲν
393 896 425 930 τῇ
449 894 529 928 φύσει
549 893 803 929 (μεγαλαυχήσομαι
818 893 865 929 γὰρ

958 892 1030 919 inest
1044 891 1110 918 mihi
1127 895 1226 918 natura
1248 891 1373 918 dextrum
1401 889 1503 925 aliquid
1525 889 1617 926 (liceat
1635 890 1708 917 enim

80 941 108 967 ἓν
122 949 149 967 τι
163 941 218 966 τῶν
229 940 333 966 πολλῶν
351 941 397 966 καὶ
410 940 511 974 αὐτός)·
527 940 627 974 ὁμοίως
641 939 751 975 ἐμαυτῷ
760 949 789 966 τε
803 940 867 966 δυσ-

80 987 199 1021 χεραίνω
211 985 395 1021 βουλευομένῳ
410 985 514 1018 κακῶς,
529 985 638 1016 καὶτοῖς
646 985 742 1019 φίλοις.
760 985 867 1021 Ἐπειδὴ

79 1033 170 1058 τοίνυν
184 1032 256 1065 φίλοι
277 1031 376 1064 πάντες
393 1031 515 1066 ἀλλήλων
537 1032 584 1057 καὶ
599 1032 738 1065 συγγενεῖς
758 1031 783 1057 οἱ
799 1031 869 1058 κατὰ

80 1078 147 1104 Θεὸν
162 1077 272 1109 ζῶντες,
291 1078 339 1103 καὶ
359 1076 398 1112 τῷ
419 1076 494 1112 αὑτῷ
510 1076 668 1112 Εὗαγγελίῳ
690 1076 867 1112 στοιχοῦντες,

80 1124 106 1150 τι
122 1125 173 1150 οὐκ
193 1122 302 1154 ἀκούεις
326 1123 382 1157 (91)
398 1123 462 1158 παρ’
479 1123 556 1158 ἡμῶν
582 1123 650 1158 μετὰ
673 1122 839 1159 παρρησίας,
852 1123 869 1150 ἃ

81 1169 182 1200 πάντες
210 1169 464 1204 ὑποψιουρίζουσιπ
493 1169 550 1194 Οὐκ
580 1169 720 1195 ἐπαινοῖ)σί
749 1178 794 1195 σου
821 1170 869 1205 τὴν

80 1215 172 1246 ἄδοξον
199 1214 330 1247 εὑεοξὶαν,
358 1214 471 1241 ἵνέῖπω
487 1222 513 1239 τι
536 1213 613 1248 κάγὼ
637 1214 697 1241 καθ’
712 1215 782 1249 ὑμᾶς
801 1215 868 1250 (92),

80 1260 128 1286 καὶ
142 1259 190 1294 τὴν
204 1260 274 1286 κατὰ
298 1259 395 1294 μικρὸν
413 1259 468 1295 (95)
480 1259 526 1285 ἐπὶ
542 1260 575 1285 τὰ
594 1259 676 1294 χείρω
700 1260 797 1296 ῥοπὴν,
823 1261 869 1287 καὶ

79 1307 130 1340 τὴν
145 1306 278 1340 κακίστην
303 1305 448 1339 δαιμόνων,
466 1306 499 1340 ἤν
522 1315 602 1341 φησιν
627 1306 776 1341 Εὐριπίδης
801 1306 868 1341 (94),

82 1350 248 1385 φιλοτιμίαν.
262 1350 294 1376 Τί
308 1350 362 1384 γὰρ
374 1349 478 1379 παθὼν,
492 1347 515 1375 ὦ
531 1350 681 1384 σοᾳῦτατε,
693 1351 740 1377 καὶ
754 1351 779 1377 τι
793 1360 869 1378 σεαυ-

80 1395 125 1422 τὸν
142 1395 302 1428 καταγνοὺς,
320 1394 369 1425 τὰς
389 1394 436 1429 μὲν
455 1395 530 1429 ἱερὰς
545 1395 590 1421 καὶ
614 1395 743 1429 ποτίμους
762 1395 869 1430 βίϐλους

80 1440 248 1476 ἀπέρριψας,
265 1439 298 1470 ἃς
310 1439 529 1473 ὑπανεγίνωσκές
547 1449 610 1466 ποτε
623 1440 662 1474 τῷ
675 1439 732 1475 λαῷ
748 1441 797 1476 (μὴ
815 1440 868 1475 γὰρ

80 1486 229 1521 αἰσχυνθῇς
253 1485 307 1521 (95)
323 1485 451 1519 ἀκούων),
476 1486 492 1521 ἢ
520 1486 588 1520 ὑπὲρ
605 1486 709 1512 καπνοῦ
732 1486 866 1518 τέθεικας,

80 1531 117 1562 ὡς
130 1530 165 1557 τὰ
178 1530 294 1566 πηδάλια
308 1529 363 1565 (96)
380 1530 511 1565 χειμῶνος
523 1530 583 1565 ὥρᾳ
595 1531 641 1557 καὶ
655 1530 704 1562 τὰς
714 1531 866 1563 σκαπάνας,

920 937 986 964 mihi
1004 944 1087 964 unum
1103 937 1169 971 quid
1183 945 1216 964 ex
1231 937 1324 964 multis
1337 937 1371 963 de
1390 943 1433 963 me
1446 936 1620 971 arrogantius
1637 943 1707 971 prie-

920 983 1024 1016 dicare)
1039 993 1045 1010 :
1068 991 1194 1018 pera-que
1206 987 1233 1010 et
1247 983 1312 1010 mihi
1330 983 1430 1009 malum
1447 982 1590 1009 consilium
1604 982 1708 1009 ineunti

920 1038 1081 1062 sucu-cnseo,
1104 1035 1129 1057 et
1144 1030 1251 1057 amicis.
1272 1029 1407 1062 Quoniam
1424 1029 1516 1063 itaque
1538 1036 1644 1062 omnes,
1660 1030 1707 1063 qui

920 1076 1071 1104 secundum
1095 1075 1178 1103 Deum
1203 1076 1319 1107 vivunt,
1345 1079 1426 1110 atque
1448 1075 1543 1102 eodem
1570 1074 1708 1109 Evangelii

920 1122 1030 1150 tramite
1047 1122 1189 1153 incedunt,
1206 1122 1326 1149 amicitia
1353 1126 1380 1149 et
1396 1121 1568 1157 cognationis
1582 1121 1645 1154 jure
1667 1121 1709 1148 iu-

921 1172 964 1195 ter
985 1176 1014 1195 se
1029 1168 1149 1195 devincti
1171 1171 1246 1199 sunt,
1269 1168 1334 1202 quid
1357 1175 1410 1194 non
1431 1175 1445 1194 a
1462 1168 1542 1195 nobis
1561 1167 1645 1194 libere
1660 1174 1708 1194 au~

921 1213 991 1246 dias,
1009 1220 1069 1247 qum
1092 1220 1188 1240 omnes
1210 1212 1454 1240 submurmurant?
1468 1213 1614 1247 lngioriam
1633 1217 1708 1239 tuam

920 1258 1046 1293 gloriam,
1071 1261 1100 1284 ut
1125 1261 1152 1285 et
1169 1265 1218 1292 rgo
1232 1257 1380 1292 quidquam
1401 1265 1477 1284 more
1494 1261 1585 1284 vestro
1601 1257 1706 1291 loquar,

921 1303 1033 1330 minime
1049 1302 1172 1333 laudant,
1190 1303 1354 1337 tacitumque
1374 1303 1401 1329 in
1418 1303 1539 1329 deterius
1555 1303 1708 1337 prolapsio-

921 1355 995 1381 nem,
1019 1356 1051 1375 ac
1074 1349 1228 1375 daemonum
1253 1348 1409 1382 pessimam,
1433 1352 1462 1374 ut
1487 1348 1524 1374 ait
1553 1349 1706 1382 Euripides,

920 1394 1107 1421 ambitionem.
1125 1393 1196 1425 Quid
1212 1393 1283 1420 enim
1299 1393 1345 1419 tibi
1370 1393 1481 1424 accidit,
1497 1393 1538 1419 vir
1559 1393 1706 1428 sapientis-

920 1440 1008 1471 sime,
1039 1439 1161 1474 quidque
1177 1439 1226 1465 tibi
1246 1439 1272 1465 in
1296 1439 1382 1473 leipso
1399 1439 1548 1474 displicuit,
1569 1445 1597 1466 ut
1621 1441 1708 1467 sacris

920 1485 975 1512 illis
994 1485 1221 1519 suavissimisque
1244 1484 1332 1516 libris,
1353 1493 1423 1519 quos
1445 1485 1582 1520 quondam
1607 1487 1707 1521 populo

919 1531 1063 1558 lectitabas
1081 1533 1146 1564 (non
1164 1531 1236 1558 eiiim
1262 1531 1319 1557 ham
1334 1531 1449 1558 audiens
1464 1532 1635 1567 erubescas),
1651 1533 1708 1559 cal-

80 1577 128 1608 τΞις
149 1576 178 1602 δὲ
193 1576 316 1611 ἁλμυρὰς
334 1576 379 1603 καὶ
400 1576 516 1608 dit/nou;
537 1577 724 1612 μετεχειρίσω,
752 1577 799 1604 καὶ
821 1578 865 1613 ῥή-

922 1577 989 1604 eatis
1007 1581 1088 1611 atque
1103 1577 1242 1611 projectis,
1262 1581 1308 1603 aut
1321 1577 1402 1604 etiam
1418 1577 1452 1604 ad
1473 1577 1576 1604 l‘utnum
1593 1586 1708 1613 suspen-

81 1631 136 1658 τωρ
149 1622 259 1648 ἀκούειν
275 1621 383 1656 μᾶλλον,
396 1622 412 1657 ἦ
429 1622 590 1657 Χριστιανὸς
604 1622 754 1658 ἡθέλησαςς
773 1623 868 1658 Ἡμεῖς

80 1668 107 1694 δὲ
122 1669 202 1694 τοῦτο
230 1668 339 1703 μᾶλλον,
363 1668 434 1703 ἢπερ
457 1669 555 1699 ἐκεῖνο,
576 1668 623 1694 καὶ
647 1670 722 1695 πᾶσα
747 1669 785 1704 τῷ
807 1668 867 1704 Θεῷ

81 1714 168 1750 χάρις.
187 1714 232 1749 Μὴ
249 1714 280 1740 σύ
293 1722 335 1748 γε,
357 1711 379 1740 ὦ
398 1714 504 1748 ἄριστε,
522 1714 558 1749 μὴ
574 1714 618 1740 ἐπὶ
639 1715 706 1740 πολὺ
720 1715 775 1750 (97)
788 1714 866 1741 τοῦτο

81 1760 181 1796 πάθῃς,
210 1759 267 1786 ἀλλ’
287 1759 402 1794 ἔκνηψον
427 1759 476 1794 ὀψὲ
501 1760 576 1793 γοῦν,
598 1760 644 1786 καὶ
667 1761 735 1795 πρὸς
754 1761 866 1786 σεαυτὸν

80 1806 221 1838 ἐπάνελοε,
244 1807 290 1833 καὶ
311 1806 479 1841 ἀπολόγησαι
495 1806 543 1840 μὲν
565 1807 680 1837 πιστοῖς.
698 1806 866 1841 ἀπολόγησαι

78 1852 106 1877 δὲ
121 1851 190 1886 Θεῷ,
210 1852 255 1877 καὶ
276 1850 489 1886 θυσιαστηρίοις,
509 1851 555 1876 καὶ
580 1851 749 1886 μυστηρίοις,
769 1850 814 1884 ἀφ’
829 1847 866 1876 ὧν

79 1898 246 1932 ἐμάκρυνας.

922 1623 972 1655 sis,
983 1630 1036 1649 non
1049 1630 1129 1650 secus
1142 1627 1224 1657 atque
1240 1623 1350 1649 navium
1365 1623 1556 1657 gubernaculis
1571 1629 1597 1651 et
1611 1625 1708 1660 ligoni-

920 1668 972 1695 bus
989 1668 1087 1695 hiemis
1101 1672 1234 1702 tempore,
1256 1669 1345 1696 salsos
1362 1674 1389 1696 et
1404 1670 1589 1698 amarulentus
1611 1671 1637 1698 in
1654 1679 1709 1698 ma-

919 1723 972 1742 nus
986 1715 1149 1748 sumpseris,
1168 1721 1200 1741 ac
1215 1714 1306 1741 rhetor
1323 1715 1426 1746 vocari,
1443 1723 1523 1750 quam
1536 1716 1707 1744 Christianus

920 1760 1070 1788 malueris?
1089 1759 1144 1787 Nos
1158 1765 1254 1787 contra
1276 1760 1327 1787 hoc
1343 1761 1445 1795 potius.
1462 1769 1544 1794 quam
1561 1762 1639 1792 illud,
1660 1771 1707 1790 eo-

919 1814 972 1841 que
987 1806 1098 1833 nomine
1111 1807 1259 1833 maximam
1276 1806 1332 1833 Deo
1350 1808 1465 1841 gratiam
1487 1808 1584 1836 habeo.
1600 1808 1708 1844 Nequa-

919 1859 1001 1886 quam
1017 1859 1120 1886 quasso,
1142 1859 1158 1878 ο
1179 1853 1291 1886 optime,
1313 1859 1347 1879 ne
1364 1852 1467 1880 diutius
1484 1854 1576 1881 animo
1589 1855 1625 1881 ita
1641 1855 1707 1882 atl’e-

920 1901 982 1924 ctus
1000 1897 1057 1930 sis;
1079 1905 1185 1929 verum,
1209 1898 1298 1925 serius
1323 1898 1444 1932 quidem,
1469 1900 1516 1927 sed
1537 1905 1639 1934 tamen,
1661 1902 1708 1929 ali-

79 1943 188 1978 quando
206 1944 348 1978 resipisce,
363 1948 445 1978 atque
471 1943 504 1969 ad
532 1947 558 1970 te
586 1943 654 1977 redi,
673 1947 753 1978 teque
773 1948 800 1971 et
827 1944 879 1978 piis
910 1944 1068 1972 hominibus
1095 1945 1203 1980 ﬁdeque
1222 1946 1343 1981 praeditis
1368 1954 1463 1982 purga,
1484 1952 1512 1975 et
1535 1948 1600 1981 Deo,
1625 1954 1707 1985 atque

79 1990 223 2020 altaribus,
236 1994 264 2016 et
283 1990 432 2024 mysteriis,
450 1996 465 2016 a
483 1989 584 2023 quibus
598 1993 625 2016 te
646 1990 739 2024 procul
758 1989 932 2018 submovisti.

115 2036 168 2062 Καὶ
184 2036 220 2071 μή
237 2044 282 2070 μοι
297 2035 331 2061 τὰ
345 2035 438 2070 κομψὰ
451 2034 536 2061 ταῦτα
551 2035 598 2061 καὶ
612 2036 743 2070 ῥητορικὰ
759 2035 868 2070 ῥήματα.

79 2082 176 2113 εἴποις·
189 2096 224 2101 -
236 2081 268 2107 Τί
282 2081 327 2113 δὲ;
342 2081 393 2107 οὐκ
404 2080 600 2116 ὲχριστιάνιζον
618 2081 771 2116 ρητορείων
783 2089 789 2112 ;
804 2080 866 2107 οὔτε

79 2128 106 2154 δὲ
128 2129 201 2163 ήμην
222 2127 317 2158 πιστὸς
335 2128 364 2153 ὲν
381 2128 437 2158 τοῖς
459 2127 648 2162 μειρακίσκυις
669 2127 864 2162 στρεφόμενος

78 2189 114 2194 -
127 2174 175 2199 καὶ
192 2174 256 2204 ἴσως
273 2174 447 2209 ἐπιμαρτυρῇ
463 2173 539 2200 Θεόν.
561 2172 705 2208 Οὐδαμῶς,
722 2170 743 2199 ὧ
759 2173 864 2207 Θαυμά-

959 2036 1010 2071 13
1024 2037 1064 2063 Ac
1078 2044 1111 2063 ne
1126 2037 1190 2064 Inibi
1208 2038 1276 2065 scita
1293 2038 1351 2065 haec
1365 2042 1392 2065 et
1408 2039 1545 2066 rhetorica
1562 2040 1703 2074 proferas:

919 2097 954 2102 -
965 2082 1035 2115 Quid
1055 2083 1139 2109 vero?
1154 2091 1245 2110 annon
1263 2083 1439 2112 Christianus
1459 2093 1533 2112 eram
1544 2105 1551 2118 ,
1568 2094 1630 2113 cum
1646 2087 1703 2114 elo-

919 2130 1040 2165 quentia
1063 2135 1150 2157 artem
1176 2130 1444 2165 proﬁterer?annon
1471 2133 1532 2167 pius
1549 2141 1581 2160 ac
1607 2133 1703 2168 ﬁdelis,

919 2182 981 2202 oum
998 2175 1071 2202 inter
1089 2176 1310 2203 adolescentulos
1330 2177 1475 2203 versarer?
1488 2193 1523 2197 —-
1538 2186 1569 2205 ac
1590 2178 1705 2206 fortasse

79 2228 131 2250 cm,
145 2219 242 2246 οὔκουν
256 2220 316 2245 ὅσον
335 2219 419 2250 εἰκὸς,
435 2221 458 2245 εἰ
473 2219 519 2245 καὶ
538 2219 621 2254 μέρος
637 2228 663 2245 τι
677 2219 796 2253 δοίημεν.
810 2218 865 2245 Ποῦ

922 2221 1000 2249 etiam
1015 2221 1061 2249 Dei
1087 2222 1165 2249 tidem
1192 2222 1363 2256 implorabis.
1387 2223 1513 2256 Minime,
1529 2225 1570 2251 vir
1593 2225 1703 2257 eximie,

76 2266 105 2292 δὲ
123 2266 154 2291 τὸ
170 2266 298 2300 πλήσσειν
315 2265 410 2296 ἄλλους
431 2265 459 2297 ἐξ
474 2263 511 2291 ὢν
527 2265 574 2291 νῦν
588 2265 726 2300 πράττεις,
742 2265 864 2300 φυσικῶς

78 2312 148 2347 πρὸς
165 2312 194 2337 τὸ
208 2312 291 2337 κακὸν
305 2311 384 2342 ὄντας
405 2311 603 2346 ἑτοιμοτέρους.
623 2311 670 2337 καὶ
683 2311 715 2336 τὰ
731 2311 814 2346 χείρω
828 2311 865 2337 δι-

75 2359 151 2385 δόναι
171 2358 236 2393 περὶ
254 2359 301 2384 σοῦ
315 2358 360 2384 καὶ
380 2358 503 2384 ὑπονοεῖν
514 2357 570 2392 (98)
586 2357 632 2383 καὶ
647 2357 736 2390 λέγειν
750 2364 756 2388 ;
776 2357 866 2382 Ἐστω

114 2425 172 2459 (88)
195 2425 349 2457 Ἀπόντας.
368 2425 406 2451 lta
428 2423 495 2459 Reg.
512 2431 593 2450 unus.
615 2423 661 2450 Ed.
684 2424 753 2450 male
778 2424 865 2450 amv—

75 2469 135 2491 τας,
151 2468 249 2486 omnes.

111 2479 344 2530 (ἐῶηέιῖῖέοξιάν.
361 2494 398 2521 ita
415 2493 497 2528 Regg.
514 2494 615 2528 plures.
632 2493 680 2519 Ed.
692 2494 781 2520 minus
798 2494 865 2521 bene

77 2531 245 2565 εὐδοκιμέειν,
258 2530 489 2557 existimationem.

113 2563 260 2600 (90)‘Alias
281 2564 368 2591 XLIII.
385 2565 463 2591 Circa
480 2563 549 2600 idc_m
565 2568 682 2600 tempus.

113 2597 170 2637 (91)
189 2602 219 2637 TI
241 2602 296 2627 οὐκ
313 2600 442 2637 ἀκούεις.
463 2598 596 2637 lta'chg.
610 2599 674 2625 duo.
694 2597 742 2625 Ed.
758 2598 827 2625 male
837 2598 863 2624 τί

77 2634 126 2663 οὐκ
143 2634 280 2665 ἀκούουσι,
301 2634 363 2670 quid
379 2643 428 2661 non
440 2634 601 2670 raudiunt?_
616 2661 618 2663 _

112 2671 169 2707 (92)
184 2671 239 2707 flr‘
254 2668 327 2696 εῐπὼ
337 2678 362 2707 τι
377 2669 457 2707 κάγὼ
467 2670 531 2695 καθ’
541 2668 629 2703 ὑμᾶς.
646 2669 685 2695 lta
701 2668 767 2704 Reg.
781 2676 862 2696 unus.

76 2707 104 2733 lu
117 2704 164 2734 ed.
182 2705 259 2733 deest
273 2715 298 2732 τι
316 2704 403 2736 κάγώ.

112 2742 168 2777 (95)
183 2741 264 2777 ιςατᾲ
275 2741 392 2775 μικρόν,
416 2739 564 2777 paululum.
581 2739 652 2777 Mox,
666 2739 711 2777 ἐπὶ
732 2738 766 2764 τὰ
781 2739 864 2777 χείρω

112 2748 168 2777 (ενα)
183 2748 264 2767 nam
275 2748 392 2775 μικρον,
415 2748 564 2801 ﬁnitimum.
581 2748 652 2770 mox,
666 2748 711 2764 επι
732 2748 766 2764 τι
781 2748 862 2774 χειρω

78 2778 174 2812 ῥοπήν.
195 2776 231 2803 Ita
243 2776 326 2810 Regg.
336 2777 401 2802 duo.
429 2775 463 2802 'd.
481 2775 572 2802 minus
588 2776 656 2801 bene
669 2773 783 2809 κλοπήν,
799 2774 862 2800 sub-

76 2813 234 2838 ductionem.

111 2847 167 2882 (94)
183 2847 242 2882 Ἦν
268 2844 562 2882 φησινῌΕὺριᾳιδης,
588 2844 667 2882 Apud
695 2843 861 2882 Euripidem,

76 2878 185 2912 locasta
200 2878 337 2909 Eteoclen]
350 2880 433 2906 tilium
449 2880 602 2914 alloquens,
615 2878 785 2911 πλεονεξίαν,
799 2887 863 2906 αυα-

234 2929 372 2958 Parum“
388 2926 445 2956 Gn.
459 2925 622 2957 XXXVII.

919 2267 1015 2293 saltem
1035 2270 1169 2302 quantum
1187 2275 1237 2302 par
1253 2271 1322 2299 erat,
1339 2267 1445 2295 etiamsi
1465 2273 1567 2303 partem
1583 2270 1702 2304 aliquam

918 2312 1112 2340 concedamus.
1139 2312 1188 2340 Ubi
1213 2318 1304 2341 autem
1325 2313 1392 2340 illud
1409 2322 1552 2349 ponemus,
1573 2315 1646 2349 quod
1669 2323 1703 2342 ex

918 2358 972 2390 his,
989 2366 1049 2394 qua
1066 2366 1141 2386 nunc
1155 2358 1241 2392 facis,
1259 2359 1328 2387 alios
1341 2359 1475 2392 oll‘endis,
1492 2361 1543 2388 hoc
1562 2366 1620 2392 est,
1638 2369 1702 2394 eos,

918 2423 1019 2455 ritiam,
1039 2428 1118 2450 vocat
1135 2424 1270 2459 δαιμόνων
1285 2424 1427 2459 κακίστην,
1454 2425 1603 2451 άαιηιοηιιηι
1619 2425 1703 2458 pessi-

918 2467 999 2485 mam.
1016 2459 1092 2491 Quod
1108 2463 1197 2486 autem
1213 2459 1257 2485 ille
1273 2460 1402 2493 avaritiae,
1424 2460 1475 2487 hoc
1495 2460 1636 2487 ambitioni
1651 2460 1701 2487 tri-

917 2493 976 2521 buit
991 2493 1147 2528 Gregorius.
1164 2493 1283 2521 BILLtus.

918 2563 932 2589 θ
953 2529 1197 2571 (95)Λὶσχυνθῇς.
1215 2529 1253 2555 lla
1266 2529 1333 2564 Reg.
1346 2537 1428 2556 unus.
1441 2528 1490 2557 Ed.
1509 2529 1578 2557 male
1589 2531 1701 2565 αἰσχυν-

935 2572 983 2589 εις.

935 2572 974 2589 ΕΚ

951 2581 1008 2633 ὶὸθ)
1030 2599 1077 2631 Ὠς
1096 2599 1131 2625 τὰ
1153 2598 1294 2632 πηδάλια.
1312 2598 1414 2625 Alludit
1438 2599 1471 2626 ad
1492 2599 1556 2626 illud
1579 2599 1698 2628 Hesiodi.

918 2634 944 2673 in
964 2634 1144 2673 p_0ein_ate.cui
1156 2634 1252 2660 titulus
1261 2638 1315 2673 est,
1330 2633 1414 2673 Opera
1437 2639 1461 2673 et
1475 2635 1554 2673 dies“:
1567 2634 1700 2670 Πηδάλιον

916 2668 938 2694 δ’
958 2668 1069 2703 εὐεργὲς
1085 2668 1155 2703 ὑπὲρ
1171 2668 1274 2694 καπνοῦ
1296 2670 1500 2704 κρεμάσασθαι*
1515 2668 1623 2696 Clavuin
1641 2678 1699 2696 vero

917 2703 978 2730 bene
990 2703 1165 2737 fabrefactum
1180 2711 1257 2737 super
1272 2703 1373 2737 fumum
1392 2704 1551 2737 suspendito.

953 2712 978 2730 ne
990 2711 1165 2737 [aur-elactum
1180 2711 1257 2737 super
1272 2711 1373 2737 [timum
1392 2711 1551 2738 suspendito.

953 2736 1063 2775 (97):!)
1073 2738 1236 2775 ἄριστειμὴ
1250 2738 1298 2765 ἐπὶ
1315 2739 1402 2775 πολὺ.
1417 2741 1454 2766 Ita
1468 2736 1550 2775 ἣξεις.
1568 2739 1631 2766 duo.
1647 2740 1697 2767 Ed.

918 2771 990 2800 male
1004 2771 1026 2800 ὦ
1049 2771 1152 2810 ἄριστε,
1175 2771 1209 2808 ἦν
1223 2775 1276 2810 ὅτε,
1299 2774 1336 2809 μὴ
1360 2775 1405 2810 ἐπὶ
1422 2775 1498 2806 πολύ,
1509 2771 1585 2810 quod
1602 2775 1698 2802 Billius

918 2809 1009 2839 vertit.
1023 2817 1037 2835 ο
1049 2808 1180 2843 quondam
1197 2808 1304 2842 optime,
1315 2817 1345 2836 ne
1361 2809 1471 2837 diutius.

954 2843 1008 2883 (98)
1029 2843 1099 2883 Περὶ
1115 2844 1172 2883 got)
1189 2844 1235 2870 καὶ
1244 2844 1403 2883 ῥπονοεῖν.
1421 2845 1458 2873 lta
1473 2845 1539 2882 Reg.
1551 2853 1633 2873 unus.
1647 2844 1696 2872 Ed.

917 2879 987 2906 male
1005 2879 1069 2916 περὶ
1083 2879 1129 2905 τοῦ
1148 2879 1268 2905 ὑπονοεῖν

1541 2925 1559 2955 2
