1923 3053
231 157 264 182 43
831 160 850 188 S
881 160 1044 189 GREGORII
1064 163 1236 192 THEOLOG!
1814 168 1846 194 Μ

229 214 276 249 qui
303 219 399 242 natura
426 216 460 242 ad
490 216 590 243 malum
617 217 797 251 procliviores
824 223 908 251 sunt,
933 223 1015 254 atque

1073 222 1170 257 ξαεῦδος·
1192 223 1260 250 ἀλλὰ
1280 223 1322 255 τίς
1338 224 1355 259 ἡ
1376 225 1503 259 ἁναγκη;
1529 225 1565 251 Οὐ
1583 224 1637 260 γὰρ
1655 224 1743 259 ἑαυτῷ
1761 224 1789 259 ζῇ
1809 233 1846 256 τις

230 261 405 288 occasionem
421 261 456 289 iis
471 262 576 297 prmbes
591 262 624 290 de
641 266 669 290 te
685 264 797 290 sinistre
812 265 910 299 partim
928 266 1019 300 suspi-

230 309 310 335 candi
323 329 330 341 ,
355 310 454 344 partim
481 310 632 345 loquendi?
647 311 731 338 Falso
747 319 813 339 sane
827 316 854 339 et
877 313 970 348 inique
991 313 1020 340 id

232 353 358 381 faciunt:
377 355 443 390 quid
459 360 548 383 tamen
572 364 685 384 necesse
701 362 743 385 est
769 358 840 385 hanc
865 359 920 386 illis
940 367 1020 386 occa-

231 400 336 427 sionem
362 401 552 436 suppeditari?
574 402 668 437 Neque
695 403 768 430 enim
794 404 846 431 sibi
878 404 929 439 ipsi
957 406 1019 439 quis

231 449 337 472 tantum
352 447 426 478 vivit,
446 447 493 474 sed
510 452 536 474 et
553 448 678 482 proximo
700 458 707 475 :

232 490 322 519 facere
335 492 402 519 satis
417 497 475 524 est,
492 494 544 520 nisi
566 494 627 521 aliis
645 502 754 530 quoque
772 495 838 523 ﬁdes
858 496 914 523 liat.
933 497 973 522 An
990 500 1018 523 tu

231 541 277 564 aut
302 538 399 572 pugnis
418 539 444 565 in
462 539 572 574 publico
587 544 658 567 eth
684 540 846 574 decertans,
870 547 917 568 aut
938 542 1019 568 etiam

231 583 258 609 in
279 578 394 611 theatris
412 585 558 620 colaphum
578 586 607 613 in
622 586 720 613 malam
743 587 884 622 accipiens
898 588 1019 615 vicissim

231 632 312 662 atque
331 630 499 665 impingens,
528 635 575 658 aut
589 631 707 666 denique
719 633 835 667 turpiter
849 637 876 661 et
892 633 964 661 foede
980 638 1020 662 te-

231 674 319 708 ipsum
356 676 496 704 inﬂectens
531 682 612 712 atque
641 682 846 713 contorquens,
874 685 966 714 postea
993 683 1020 707 te

231 720 321 747 animo
333 721 455 748 sobrium
469 730 530 749 esse
538 722 665 751 diceres?
677 724 769 750 Sobrii
779 724 896 751 hominis
912 722 966 752 non
978 731 1020 752 est

230 764 288 791 haec
300 767 439 801 cogitatio.
449 766 528 794 Levis
537 768 621 794 animi
634 773 686 800 est,
699 769 756 796 haec
765 770 803 796 ita
812 769 964 804 suscipere.
981 771 1019 798 Ac

231 811 377 846 siquidem
402 813 543 840 meliorem
568 818 686 842 mentem
710 815 852 848 indueris,
880 816 1018 851 gaudebo,

231 861 261 882 ut
290 857 491 891 Pythagoricus
516 857 652 893 quispiam
682 859 862 894 philosophus
892 859 1017 890 dicebat.

729 457 779 476 nec
799 449 852 476 sibi
868 449 921 485 ipsi
939 450 1024 477 ﬁdem'

1071 269 1161 303 μόνον,
1180 269 1247 296 ἀλλὰ
1264 270 1311 296 καὶ
1332 270 1370 305 τῷ
1385 270 1507 306 πλησίον·
1533 270 1593 297 οὐδὲ
1615 271 1695 305 ἀρκεῖ
1709 270 1738 296 τὸ
1754 270 1847 296 πείθειν

1071 315 1191 347 σεαυτὸν,
1213 316 1237 341 εἰ
1258 316 1295 351 μὴ
1313 316 1360 342 καὶ
1380 317 1444 347 τοὺς
1462 315 1567 346 ἄλλους.
1594 316 1627 341 Ἢ
1645 316 1692 341 καὶ
1717 315 1847 341 πυκτεύων

1071 361 1102 386 σύ
1113 369 1144 394 γε
1162 362 1190 387 ἐν
1207 361 1246 396 τῷ
1261 361 1354 396 κοινῷ,
1371 361 1387 397 ἢ
1407 361 1455 388 καὶ
1473 361 1621 396 παιόμενος
1632 360 1678 386 ἐπὶ
1694 361 1792 395 κόρρης
1805 360 1848 386 καὶ

1070 405 1157 432 παίων
1169 407 1198 432 ὲν
1210 407 1266 437 τοῖς
1283 406 1414 442 θεάτροις,
1430 407 1446 441 ῆ
1466 407 1513 433 καὶ
1523 406 1557 432 τὰ
1568 406 1667 442 αἰσχρὰ
1683 406 1848 441 λυγιζόμενος

1071 450 1116 476 καὶ
1130 450 1333 485 καμπτόμενος,
1352 448 1427 482 εἶπες
1441 451 1474 477 ἂν
1489 451 1527 482 ὼς
1547 450 1617 477 κατὰ
1631 451 1719 485 ψυχὴν
1735 451 1848 486 ἐσωφρό-

1070 504 1140 527 νεις;
1161 496 1198 522 Οὐ
1214 496 1414 532 σωφρονοῦντος
1430 498 1444 523 ὁ
1456 497 1595 531 λογισμός.
1609 496 1717 530 Κοῦιρον
1732 497 1761 522 τὸ
1771 496 1848 522 ταῦτα

1069 541 1204 576 δέχεσθαι.
1221 542 1252 568 Εἰ
1266 542 1315 577 μὲν
1330 541 1375 569 οῦν
1393 542 1564 577 μεταόάλοιο,
1583 541 1651 569 ἀλλὰ
1669 542 1715 568 νῦν
1727 543 1849 577 χαιρήσο-

1071 596 1130 622 μαι.
1151 587 1204 613 τῶν
1224 587 1418 623 Πυθαγορικῶν
1435 588 1485 623 ἔφη
1504 596 1546 619 τις
1569 588 1731 622 φιλοσόφων,
1750 588 1851 623 ἑταῖρον

1069 632 1265 658 ἐκπεπτωκότα
1278 632 1393 668 θρηνῶνι
1413 633 1436 658 εξ
1452 632 1480 659 δὲ
1495 632 1542 667 μὴ.
1560 633 1662 664 ἐκεῖνος
1680 632 1727 667 μὲν
1743 631 1849 667 ἔγραψε,

1072 676 1211 711 Τέθνηκὰς
1229 685 1284 711 μοι’
1304 676 1359 710 ἐγὼ
1377 677 1404 703 δὲ
1421 677 1498 703 τοῦτο
1519 677 1568 712 μὲν
1580 677 1630 704 οὐκ
1643 677 1696 712 ὲρῶ
1714 677 1761 712 σὴν
1778 677 1852 712 χάριν

1070 720 1120 746 ἔτι.
1134 721 1211 751 Φίλος
1226 721 1281 756 γὰρ
1297 720 1345 753 ὢν,
1357 722 1453 757 ἐχθρὸς
1471 722 1589 756 ἐγένετο,
1611 722 1667 748 ἀλλ’
1681 723 1755 757 ὅμως
1770 722 1850 756 φίλος,

1071 765 1087 800 ἡ
1104 765 1242 800 τραγῳδία
1264 766 1355 800 φησίν.
1377 766 1534 801 Ἀνιὰσομαι
1554 766 1592 798 δὲ,
1608 766 1686 792 τοῦτο
1703 766 1756 802 γὰρ
1771 768 1852 793 εἰπεῖν

1072 810 1191 846 μέτριον,
1208 811 1232 836 εἱ
1251 811 1318 846 μήτε
1333 811 1413 843 αὐτὸς
1427 812 1542 847 συνορᾷς
1554 812 1583 838 τὸ
1601 813 1669 842 δέον,
1688 812 1701 838 ὃ
1716 812 1763 847 τῆς
1779 812 1852 847 πρὼη

1070 865 1119 891 της
1148 856 1206 882 ἐστὶ
1233 856 1285 882 τῶν
1305 856 1454 882 ἐπαινετῶν
1477 857 1584 891 μερίδος
1604 865 1610 871 ·
1643 858 1712 892 μήτε
1739 857 1807 891 ἄλλῳ
1823 853 1852 883 εὖ

231 910 291 929 eum
330 903 450 938 prolapsi
486 903 589 931 sodalis
621 904 706 932 vicem
736 905 840 940 lugeret
861 915 868 932 :
890 905 932 932 sin
966 905 1017 932 mi-

1073 903 1171 928 εἰπόντι
1179 902 1432 937 κατακολουθήσεις,
1441 902 1455 928 ὃ
1463 903 1511 937 τῆς
1523 902 1651 937 δευτέρας
1658 903 1723 937 (99).
1734 903 1854 928 Τοσαῦτα

230 956 300 980 nus,
319 948 365 975 ille
384 948 492 982 quidem
511 949 621 985 scripsit
640 959 646 977 ε
668 949 733 977 Mihi
753 954 879 978 mortuus
899 959 949 984 es;
967 958 1018 985 ego

231 996 320 1020 autem
343 993 371 1019 in
391 993 505 1027 gratiam
521 997 595 1020 tuam
611 995 733 1021 nondum
749 995 800 1022 hoc
823 995 924 1023 dicam.
950 994 1018 1022 Nam

232 1039 276 1066 ille
297 1046 329 1066 ex
353 1040 440 1066 amico
464 1039 552 1067 hostis
579 1040 667 1068 factus
695 1045 754 1073 est,
776 1041 824 1069 sed
846 1041 952 1068 amicus
976 1045 1018 1068 ta-

231 1092 311 1115 men,
334 1088 364 1111 ut
386 1084 423 1110 ait
444 1086 575 1120 tragicus.
601 1085 700 1113 Verum
726 1087 824 1114 acerbe
844 1086 929 1113 feram
956 1086 1018 1122 (sic

230 1130 302 1156 cnim
323 1130 490 1158 moderatius
515 1131 643 1166 loquar),
660 1132 682 1158 si
701 1139 750 1159 nec
774 1132 833 1167 ipse
855 1132 919 1167 quid
938 1132 1018 1159 ollicii

230 1176 265 1201 sit
292 1175 460 1210 perspicias,
491 1176 563 1210 quod
592 1177 687 1211 prima:
717 1177 852 1204 bonorum
876 1178 1019 1205 hominum

1070 947 1104 974 τὰ
1123 948 1173 983 τῆς
1197 948 1391 983 παραινέσεως.
1413 948 1467 974 Καί
1490 957 1534 982 μοι
1557 948 1693 982 σύγγνωθι
1709 947 1753 974 διὰ
1767 948 1855 982 φιλίαν

1071 994 1208 1028 ἀλγοῦντι,
1224 994 1270 1021 καὶ
1286 994 1385 1029 ὁμοίως
1409 994 1479 1029 ὑπέρ
1501 1002 1529 1020 τε
1553 994 1611 1025 σοῦ,
1630 994 1676 1020 καὶ
1694 993 1739 1020 τοῦ
1755 994 1855 1027 ἱερατι-

1071 1040 1120 1067 κοῦ
1140 1040 1239 1072 παντὸς
1262 1041 1400 1076 τάγματος
1418 1040 1587 1075 φλεγομένῳ,
1604 1039 1751 1075 προσθήσω
1766 1039 1803 1071 δὲ,
1815 1040 1855 1065 ὅτι

1073 1087 1120 1113 κα).
1135 1086 1243 1113 πάντων
1265 1085 1448 1122 Χριστιανῶν.
1471 1085 1502 1111 El
1515 1086 1543 1112 δὲ
1557 1086 1597 1112 δεῖ
1615 1086 1660 1112 καὶ
1681 1085 1856 1117 συνεύξασθαι

1072 1131 1311 1168 ἢὺπερεύξασϐαι,
1327 1131 1391 1163 Θεὸς
1408 1131 1519 1167 βοηθεὶη
1532 1140 1578 1158 σου
1589 1132 1622 1166 τῇ
1637 1131 1774 1166 ἀσθενείᾳ,
1784 1131 1798 1156 ὁ
1811 1130 1857 1157 καὶ

1072 1177 1235 1212 τεθνηκότας
1248 1177 1398 1209 ζωοποιῶν.

230 1222 326 1249 classis
366 1226 421 1255 est,
458 1230 508 1250 nec
535 1223 618 1250 alium
649 1228 723 1252 recte
751 1231 907 1253 monentem
946 1225 1091 1260 sequaris,
1131 1225 1204 1260 quod
1245 1225 1358 1253 secundi
1382 1225 1489 1252 ordinis
1517 1229 1569 1252 est.
1605 1224 1695 1252 llabes
1734 1224 1857 1251 admoni-

231 1268 330 1295 tionem
355 1273 487 1296 nostram.
505 1271 542 1296 Ac
560 1271 637 1303 mihi,
657 1279 760 1306 qumso,
783 1273 902 1308 ignosce,
932 1277 1043 1308 propter
1059 1273 1208 1300 amicitiam
1242 1273 1344 1300 dolenti
1357 1264 1380 1305 ,”
1395 1276 1477 1307 atque
1502 1281 1578 1307 atque
1607 1278 1633 1300 et
1654 1278 1699 1299 tua
1718 1275 1746 1299 et
1774 1271 1857 1298 totius

231 1315 409 1343 sacerdotalis
436 1317 558 1349 ordinis,
587 1318 685 1345 addam
714 1323 804 1347 autem
835 1324 862 1347 et
901 1321 1024 1347 omnium
1053 1320 1284 1358 Christianorum,
1308 1327 1391 1347 causa
1415 1319 1593 1346 inﬂammato.
1624 1318 1702 1351 Quod
1728 1317 1752 1345 si
1776 1317 1857 1344 etiam

232 1364 337 1393 tecum,
365 1362 406 1389 vel
432 1370 481 1396 pro
505 1368 531 1389 te
560 1364 693 1391 orandum
722 1369 781 1398 est,
805 1365 877 1395 Deus
902 1367 1123 1395 inﬂrmitatituaa
1139 1375 1216 1402 opem
1232 1367 1312 1402 ferat,
1342 1367 1389 1403 qui
1419 1371 1542 1395 mortuos
1571 1373 1681 1402 quoque
1715 1365 1749 1392 ad
1774 1364 1858 1391 vitam

231 1413 350 1438 revocat.

493 1467 548 1494 xu.
566 1450 750 1497 NieoaULo.

1296 1469 1346 1496 ιη’.
1367 1468 1567 1503 ΝΙΚΟΒΟΥΛῼ
1581 1467 1629 1504 (ι).

266 1522 424 1560 Nicobulus,
441 1522 475 1548 ad
488 1531 562 1560 quem
579 1523 677 1560 scripta
690 1529 730 1560 est
739 1525 852 1558 epistola
867 1533 916 1559 xu,
936 1525 1105 1560 Alypianam,
1118 1524 1205 1558 ﬁliam
1220 1523 1370 1560 Gorgonite,
1387 1531 1446 1560 qua:
1457 1521 1580 1560 Gregorii
1588 1521 1672 1560 nostri
1692 1529 1770 1548 soror
1787 1527 1858 1560 erat,

230 1565 339 1595 uxorem
361 1557 482 1595 (luserat.
509 1557 562 1595 Sui)
587 1559 663 1585 initia
685 1557 764 1593 hujus
786 1557 913 1595 conjugii,
934 1557 1134 1591 summatum
1157 1557 1453 1595 assuetis'coajugillas,
1471 1557 1587 1590 vel‘juci,
1610 1557 1654 1595 aet
1681 1565 1747 1583 rth
1774 1557 1859 1595 solent

230 1593 368 1630 exsulare,
381 1592 459 1630 flutas
475 1601 530 1619 csse
545 1592 722 1630 has__litlcras
735 1603 786 1620 non
811 1592 879 1621 male
897 1592 1002 1622 omnino
1019 1595 1158 1630 conﬁcias,
1183 1602 1252 1630 anno
1270 1593 1464 1630 circiterggﬁﬁl‘i:
1487 1600 1539 1626 quo
1550 1592 1655 1630 pariter
1677 1601 1751 1630 arma
1763 1593 1859 1630 aulum

231 1627 265 1653 ad
290 1627 500 1661 Amphilorltium
521 1636 569 1662 pro
593 1627 724 1655 Nicobule
745 1630 885 1663 epistolam
909 1638 970 1663 xm,
991 1638 1050 1657 cum
1066 1627 1187 1657 'nandum
1209 1629 1267 1663 foro
1291 1628 1487 1662 Amphilochius
1512 1627 1690 1659 valedmisset,
1711 1627 1862 1654 arbitratur

234 1663 424 1689 Tillemonlius.

267 1719 423 1754 Alypianam
441 1719 510 1753 apud
527 1727 578 1746 nos
592 1720 698 1748 cavillis
715 1720 842 1753 incessis,
857 1726 887 1748 ut
897 1729 1017 1756 parvam,

1107 1720 1246 1751 Σκώπτεις
1268 1719 1317 1754 τὴν
1345 1718 1507 1753 ’Λλυπιανὴν
1532 1719 1608 1753 ἡμῖν,
1625 1718 1663 1750 ὡς
1678 1719 1789 1754 μικρὰν,
1811 1722 1862 1748 καὶ

231 1773 263 1792 ac
282 1770 328 1792 tua
344 1765 510 1799 proceritate
530 1765 682 1800 indignam,
702 1773 719 1793 ο
732 1766 869 1801 gigantee,
887 1770 913 1794 et
933 1773 1018 1799 vaste,

231 1820 262 1839 ac
286 1816 452 1845 portentosa,
482 1815 537 1837 tum
568 1811 667 1844 forma,
692 1817 748 1838 tum
774 1812 886 1839 robore.
913 1811 1018 1839 Etenim

231 1865 304 1884 nunc
320 1857 439 1883 intellexi
455 1857 576 1884 animum
601 1865 734 1885 mensurae
747 1857 863 1892 subjici,
881 1861 908 1883 et
930 1857 1018 1883 virtu-

231 1909 284 1929 tem
309 1902 445 1938 expendi,
472 1910 503 1929 ac
530 1911 611 1937 rupes
638 1903 792 1938 margaritis
816 1903 1019 1937 prmstantiores

234 1948 284 1983 14
301 1956 371 1979 esse,
391 1955 544 1983 cervosque
561 1948 684 1975 lusciniis
698 1948 880 1982 augustiores.
899 1947 940 1975 Tu
954 1955 1018 1974 vero

232 1994 419 2029 magnitudine
444 1999 490 2021 tua
517 1999 543 2021 et
569 1994 669 2021 cubitis
695 1994 802 2026 fruere,
831 2002 881 2021 nec
907 1994 1018 2030 Aloydis

234 2040 286 2066 illis
310 2041 365 2067 ullo
381 2041 462 2067 modo
487 2040 644 2067 inferiorem
662 2044 688 2067 te
704 2040 803 2074 praebe.
825 2040 932 2075 Equum
946 2041 1017 2067 enim

233 2085 320 2118 ducis,
342 2089 368 2112 ct
390 2085 495 2112 hastam
520 2086 622 2117 vibras,
648 2090 675 2112 et
699 2085 763 2112 {ene
786 2086 834 2113 tibi
851 2094 923 2114 curre
943 2091 1016 2114 sunt.

235 2132 293 2164 ipsa
312 2135 402 2158 autent
421 2131 459 2157 nil
476 2131 566 2166 operis
594 2135 685 2166 patrat
703 2141 710 2158 :
728 2140 777 2159 nec
795 2132 886 2167 magni
912 2133 1018 2160 roboris

233 2182 273 2203 est
288 2177 393 2203 radium
410 2177 490 2208 ferre,
503 2182 529 2203 ct
539 2176 629 2203 colum
645 2182 747 2210 tenere,
765 2185 797 2204 ac
808 2178 867 2205 tela).
882 2175 1015 2205 assidere:

233 2223 257 2249 id
274 2223 346 2249 enim
368 2221 529 2248 feminarum
552 2222 637 2249 decus
660 2227 711 2250 est.
739 2223 817 2255 Quod
833 2224 856 2251 si
877 2223 929 2250 hoc
949 2232 1018 2258 quo-

233 2275 284 2301 que
308 2267 437 2301 adjicias,
458 2275 517 2293 cam
545 2267 676 2295 orationis
698 2275 781 2294 causa
805 2268 888 2295 humo
912 2269 1016 2295 ailixam

232 2320 308 2344 csse,
332 2319 364 2339 ac
393 2319 440 2346 per
465 2312 589 2346 ingentes
615 2313 714 2340 utentis
731 2313 892 2348 agitationes
920 2322 1016 2349 perpe-

268 2370 321 2405 (99)
345 2370 378 2405 ές)
402 2368 456 2402 τῆς
486 2368 635 2405 πρῴζης...
662 2369 815 2403 μερίδος...
837 2368 857 2405 λὸ
871 2368 924 2405 τῆς
951 2368 1016 2396 δευ-

231 2403 327 2438 τέρας.
346 2404 414 2430 Male
428 2404 508 2430 vertit
526 2403 630 2435 Billius,
648 2412 705 2438 qua'
719 2404 805 2437 prima
817 2403 910 2430 classis
929 2409 1014 2436 θείη..

230 2441 275 2474 qui
287 2439 425 2474 secundus
444 2438 508 2465 ordo
526 2444 575 2464 est.
592 2438 736 2469 Hesiodus,
763 2439 791 2465 in
814 2442 948 2474 poemate,
970 2440 1015 2466 cui

231 2475 326 2501 titulus
339 2479 390 2502 est.
409 2473 494 2506 Opera
505 2478 528 2499 et
545 2473 610 2504 dies,
625 2474 743 2508 optimos
759 2481 806 2500 eos
822 2481 884 2500 esse
909 2478 1012 2505 censet,

231 2510 276 2543 qui
291 2517 338 2542 per
359 2507 464 2543 seipsos
489 2509 553 2542 quid
579 2508 650 2535 facto
675 2516 744 2542 opus
769 2509 804 2535 sit
827 2508 1012 2542 perspiciunt;

230 2545 316 2571 bonos
328 2544 390 2570 item
407 2551 454 2571 eos
469 2544 515 2578 qui
534 2548 605 2570 recte
625 2543 797 2570 tnonentibus
809 2543 1012 2578 obtemperant;

230 2580 276 2613 qui
295 2583 383 2605 autem
399 2586 448 2605 nec
464 2578 514 2605 sibi
532 2578 599 2613 ipsis
609 2579 751 2605 consulere
763 2578 863 2610 sciunt,
879 2585 929 2604 nec
941 2584 1013 2606 recte

230 2614 404 2640 consulentes
418 2614 541 2644 audiunt,
556 2620 602 2640 eos
617 2621 678 2640 esse
693 2621 805 2648 prorsus
820 2613 940 2640 inutiles.

220 2651 222 2655 '
265 2648 303 2682 (1)
324 2648 399 2675 Alias
412 2648 488 2675 CLV.
506 2648 611 2682 Scripta
626 2656 698 2675 anno
713 2648 775 2675 565.

266 2683 303 2719 (2)
391 2683 543 2725 dacto/272's.
560 2682 696 2725 lta‘Iteggn.
714 2684 779 2715 duo,
789 2687 815 2710 et
830 2683 874 2710 ed.
892 2682 924 2709 ad
940 2690 1013 2709 mar-

229 2719 330 2753 ginem.
350 2718 457 2753 blatein
474 2723 549 2745 textu
563 2718 610 2744 καὶ
625 2718 756 2753 ἀμύθητε.

254 2751 302 2797 ,(5)
322 2751 386 2780 Νῦν
400 2752 455 2788 γὰρ
468 2753 569 2787 ἔγνων.
591 2752 630 2780 Ita
645 2751 715 2789 Regi
736 2761 814 2781 unus.
828 2751 858 2780 In
876 2753 920 2780 ed.
936 2751 1012 2780 deest

229 2798 292 2815 ’[αο.

235 2797 292 2823 γαρ-

266 2824 302 2858 tt)
319 2822 485 2858 [Λπόλαυε.
516 2823 553 2849 lta
580 2821 662 2858 Bcgg.
681 2827 748 2854 tres,
765 2827 792 2851 et
802 2822 845 2850 ed.
864 2822 897 2849 ad
912 2823 1013 2858 margi-

230 2857 301 2886 nem.
317 2857 384 2885 Male
397 2858 424 2885 in
440 2862 514 2885 textu
529 2857 659 2884 ἀπόλαϐε.

1071 1765 1119 1800 τῆς
1146 1764 1196 1799 σῆς
1219 1763 1424 1798 μεγαλειότητος
1449 1763 1571 1795 ἀναξίαν,
1596 1759 1618 1788 ὧ
1642 1764 1730 1798 μακρὲ
1750 1764 1793 1796 σὺ,
1812 1767 1864 1792 καὶ

1070 1802 1206 1844 ἀμέτρητέ
1221 1809 1270 1844 (9.),
1284 1809 1330 1834 καὶ
1343 1807 1469 1842 πελώριε,
1484 1808 1513 1833 τό
1525 1816 1554 1833 τε
1565 1806 1633 1839 εἶδος
1645 1809 1691 1834 καὶ
1701 1809 1750 1843 τὴν
1761 1809 1861 1844 ἀλκήν.

1069 1855 1125 1881 Νῦν
1141 1855 1193 1890 γὰρ
1207 1854 1291 1888 ἔγνων
1305 1854 1342 1889 (5)
1364 1854 1404 1880 ὅτι
1429 1853 1501 1888 ψυχὴ
1526 1855 1675 1888 μετρεῖται,
1702 1855 1749 1880 καὶ
1772 1855 1863 1892 ἀρετὴ

1069 1901 1272 1931 ταλαντεύεται,
1288 1901 1336 1926 καὶ
1354 1899 1515 1934 τιμιώτεραι
1530 1899 1584 1925 τῶν
1598 1900 1746 1935 μαργάρων
1764 1901 1791 1926 αἱ
1810 1902 1864 1927 τεέ-

1069 1955 1142 1982 τραι,
1167 1946 1214 1972 καὶ
1236 1946 1351 1980 κόρακες
1374 1945 1494 1980 ἀηδόνων
1517 1944 1734 1979 αἱδεσιμὼτεροι.
1756 1945 1792 1970 Σὺ
1810 1947 1865 1980 μὲν

1069 1990 1115 2018 οὖν
1130 1992 1248 2018 ἀπόλαυε
1263 1991 1301 2026 (ι)
1327 1991 1373 2017 τοῦ
1396 1990 1525 2025 μεγέθους
1546 1990 1592 2017 καὶ
1617 1990 1670 2016 τῶν
1688 1991 1795 2026 πηχῶν,
1813 1994 1864 2018 καὶ

1071 2039 1152 2073 μηδὲν
1178 2037 1270 2063 λείποι.)
1296 2036 1350 2063 τῶν
1381 2036 1521 2062 Ἀλωάδων
1547 2036 1658 2062 ἐκείνων
1681 2037 1730 2071 (5).
1759 2037 1865 2063 Ἴπποί

1068 2084 1122 2119 γὰρ
1139 2084 1224 2117 ἄγεις,
1245 2082 1292 2109 καὶ
1307 2082 1443 2112 τινάσσεις
1459 2081 1571 2116 αἰχμὴν,
1593 2081 1639 2107 καὶ
1654 2081 1734 2115 θῆρές
1749 2089 1790 2106 σοι
1810 2082 1864 2116 μὲ-

1068 2131 1152 2157 λουσι.
1177 2130 1216 2164 Τῇ
1237 2129 1266 2154 δὲ
1284 2128 1359 2154 οὐδὲν
1376 2128 1466 2162 ἔργον,
1488 2127 1548 2153 οὑδὲ
1568 2126 1668 2161 πολλῆς
1692 2127 1743 2161 τῆς
1767 2127 1864 2162 ἰσχύος

1069 2175 1180 2210 κερκίδα
1199 2175 1302 2210 φέρειν,
1324 2174 1371 2200 καὶ
1392 2172 1529 2208 ἠλακάτην
1550 2172 1796 2207 μεταχειρίζεσθαι,
1814 2174 1867 2199 καὶ

1069 2221 1133 2256 ἱστῷ
1162 2219 1406 2255 προσκαθέζεσθαι.
1433 2218 1469 2244 Τὸ
1489 2218 1542 2253 γὰρ
1567 2217 1651 2251 γέρας
1676 2217 1734 2244 ἐστὶ
1763 2219 1868 2251 γυναιέ

1068 2268 1124 2294 κῶν
1140 2267 1190 2301 (6).
1205 2267 1236 2293 Ei
1253 2266 1280 2292 δὲ
1293 2266 1339 2292 καὶ
1353 2265 1432 2291 τοῦτο
1444 2263 1601 2300 προσθείης,
1619 2263 1660 2289 ὅτι
1675 2264 1707 2298 τῇ
1722 2264 1757 2297 γῇ
1775 2271 1868 2298 προσ-

1068 2314 1174 2348 πέφυκε
1192 2313 1229 2348 (7)
1244 2313 1278 2339 δι’
1292 2312 1385 2347 εὐχὴν,
1402 2311 1448 2337 καὶ
1463 2310 1522 2345 Θεῷ
1539 2310 1662 2336 σύνεστιν
1682 2310 1725 2336 ἀεὶ
1739 2311 1798 2341 τοῖς
1811 2319 1868 2345 με-

1105 2369 1141 2404 (Si)
1162 2368 1214 2395 Kal
1228 2367 1325 2402 μηδὲν
1338 2366 1527 2404 λείπρν-ζῷν
1552 2366 1704 2392 Ἀλωάδωιη·
1721 2366 1866 2404 ἐκείνων.

1030 2393 1338 2441 ῧΑιὸῖίΙιιῖὲξιιίζίς’οιυι-ι
1362 2406 1388 2429 et
1412 2401 1649 2441 Ephialtes._quo_s
1668 2409 1701 2441 ex
1720 2401 1869 2441 _I‘\'eptuno

1067 2439 1172 2473 peperit
1200 2437 1360 2473 Iphimedia,
1377 2435 1445 2473 uxor
1467 2436 1584 2473 gigantis
1605 2436 1697 2469 Aloei,
1720 2435 1869 2464 Terrreac

1068 2471 1174 2500 Titanis
1190 2471 1247 2499 lilii.
1259 2471 1314 2499 llos
1332 2479 1403 2498 nono
1426 2472 1486 2505 ipso
1503 2472 1591 2498 aetatis
1614 2479 1685 2498 anno
1700 2479 1800 2498 novem
1816 2481 1854 2497 ru
1870 2493 1872 2505 ε

1066 2498 1225 2535 bilis-latos
1244 2512 1272 2534 et
1298 2498 1395 2533 novem
1413 2498 1486 2532 ulnis
1516 2507 1585 2533 altos
1611 2506 1676 2532 facit
1707 2498 1872 2540 Homerus,‘

1068 2543 1164 2578 Odyss.
1176 2550 1214 2570 ιιι.
1228 2541 1388 2579 Gigantibus
1404 2546 1500 2579 contra
1514 2549 1628 2576 superos
1644 2541 1743 2568 bellum
1760 2549 1873 2579 parati-1

1066 2576 1151 2609 tibus,
1168 2585 1230 2604 cum
1263 2577 1296 2603 ad
1313 2577 1379 2603 illud
1401 2576 1531 2603 accedere
1558 2583 1611 2603 non
1639 2580 1730 2610 posset
1763 2577 1871 2602 senior

1065 2613 1177 2643 Aloeus.
1194 2611 1270 2639 misit
1287 2611 1367 2638 Otum
1392 2616 1419 2637 et
1437 2610 1599 2645 Ephialtem,
1615 2611 1661 2645 qui
1676 2611 1815 2646 Apollinis
1836 2618 1871 2638 et

1065 2647 1158 2674 Dianae
1170 2647 1232 2674 telis
1245 2647 1346 2674 conﬁxi
1362 2646 1514 2680 perierunt,
1533 2650 1678 2680 antequam
1701 2645 1734 2672 ad
1756 2646 1877 2679 puber-.

1066 2687 1148 2710 tatem
1165 2682 1363 2717 pervenissent.

1100 2717 1138 2752 (6)
1155 2715 1189 2744 Τὸ
1201 2717 1255 2751 γὰρ
1267 2717 1354 2752 γέρας
1363 2716 1605 2752 ἑστὶγτυναικῶν.
1618 2715 1680 2743 Have
1697 2715 1780 2752 verba
1794 2721 1872 2743 sunt.

1065 2752 1266 2780 hemistichium
1284 2753 1318 2779 ab
1346 2753 1407 2786 ipso
1425 2751 1555 2786 Gregorio
1567 2751 1716 2778 adhibitum
1740 2751 1767 2777 in
1796 2758 1875 2785 poe<

1066 2791 1138 2814 male
1153 2787 1283 2814 adversus
1297 2788 1425 2815 mulieres
1440 2795 1500 2819 sese
1511 2787 1593 2813 nimis
1610 2791 1749 2812 ornantes.

1103 2823 1140 2858 (7)
1158 2822 1423 2858 Hpoo’rzégvnetlta
1440 2822 1522 2856 itegg.
1539 2821 1601 2858 duo.
1617 2821 1666 2858 Ed.
1679 2821 1770 2847 minus
1785 2820 1872 2848 bene

1067 2856 1249 2891 πρὸσκέκυφε,
1272 2857 1344 2893 quod
1361 2857 1456 2884 Billius
1473 2857 1559 2889 vertit,
1573 2856 1646 2882 hami
1665 2863 1771 2882 curvum
1789 2864 1872 2884 esse.
