1923 3053
224 147 260 174 67
829 149 856 175 S.
877 148 1042 176 GREGORH
1062 148 1236 177 THEOLOGI
1817 149 1851 175 48

226 206 300 240 quod
315 207 377 233 vita:
403 206 471 241 ipsis
493 205 585 234 all‘erri
610 211 722 242 posset,
740 211 919 240 coemerunt;
941 212 1015 243 post-

1072 209 1217 244 ὤνήσαντο,
1246 208 1350 235 πλείοσι
1372 207 1598 244 περιπεπτώκασι
1621 207 1800 243 δυσχερείαις,
1819 208 1852 235 τὰ

225 259 307 286 quam
333 258 423 279 autem
450 257 627 284 coemerunt,
651 253 678 280 in
702 253 802 281 multas
825 253 966 281 molestias
989 257 1016 281 et

226 298 403 325 dillicultates
429 298 601 332 inciderunt,
619 303 648 326 ut
668 299 714 334 qui
729 300 833 327 scilicet
849 300 948 336 partim
967 300 1016 327 im-

227 345 329 380 probos
353 345 511 373 venditores
533 345 722 381 experiantur,
748 347 845 381 partim
873 354 889 374 a
918 347 1016 375 vicinis

227 391 381 426 spolientur
401 398 433 418 ac
447 391 613 425 diripiantur
628 401 636 419 :
655 392 724 419 adeo
741 396 769 419 ut
786 393 862 420 lucro
877 393 930 420 illis
945 392 1017 420 futu-

227 445 287 464 rum
304 438 348 468 sit.
366 441 476 472 recepto
498 438 596 472 pretio,
620 438 694 473 quod
718 438 863 470 dederunt,
886 447 940 466 una
955 447 1016 466 cum

228 484 262 510 iis
278 484 444 518 sumptibus,
461 491 532 518 quos
551 487 682 518 praeterea
703 484 837 517 fecerunt,
856 489 883 512 et
897 485 944 520 qui
961 493 1017 513 non

228 529 318 564 exigui
337 534 411 560 sunt,
426 529 519 564 praedii
531 530 708 564 possessione
722 530 828 558 cedere.
847 530 919 558 Sane
931 531 953 558 si
969 531 1017 558 tibi

229 575 302 601 litem
320 575 391 602 hanc
405 575 438 602 ad
457 575 574 610 teipsum
587 576 739 604 transferre
753 577 831 603 cordi
847 577 894 609 sit,
907 580 1017 611 postea-

229 629 328 655 quam,
350 626 380 648 ut
403 625 562 650 contractus
586 622 737 650 bellissime
758 630 790 650 ac
815 623 971 650 ﬁrmissime
989 630 1018 650 se

229 668 338 699 habeat,
362 668 533 703 dispexeris,
552 668 604 695 hoc
630 669 725 703 utique
748 672 775 695 et
796 668 863 702 ipsis
888 672 915 696 et
938 669 1018 697 nobis

228 714 332 748 gratius
355 713 561 748 jucundiusque
589 714 681 742 fuerit.
711 714 760 741 Sin
788 722 884 746 secus,
907 714 959 741 hoc
975 722 1019 741 se-

229 759 318 786 cundo
338 760 397 787 loco
421 768 435 786 a
460 764 486 788 te
503 766 583 796 peto,
608 765 638 788 ut
663 761 783 788 hominis
800 761 881 788 anxie
902 761 1017 788 nocendi

229 807 368 834 sedulitati
387 811 469 841 atque
495 807 662 841 improbitati
689 807 809 842 teipsum
827 814 969 842 opponas;
990 812 1019 834 ut

228 861 263 880 ne
283 853 319 880 ob
333 861 427 880 eorum
444 853 529 880 vitam
557 861 572 880 a
594 852 712 888 negotiis
737 858 869 880 remotam
881 873 888 883 ,
907 852 974 887 ipsis
991 853 1018 879 in

228 897 321 932 aliquo
332 898 487 932 praevaleat,
501 905 600 932 nempe
616 901 646 924 ut
659 897 700 925 vel
716 897 848 932 pnedium
864 897 1018 926 detinentes

228 943 324 974 laedat,
348 943 390 970 vel
408 943 581 970 discedentes
605 942 771 970 detrimento
799 937 909 970 alliciat.
934 942 1019 978 Equi-

227 991 288 1018 dem
301 991 359 1026 ipse
373 991 480 1026 pudore
493 991 615 1018 suffusus
631 999 709 1023 sum,
732 990 766 1018 dc
782 991 825 1019 his
839 990 922 1017 rebus
945 991 977 1017 ad
992 995 1018 1018 te

228 1037 362 1069 scribens.
387 1037 491 1064 Tamen
513 1037 644 1072 quoniam
670 1036 750 1072 ipsis,
775 1041 830 1064 tum
859 1036 894 1064 ob
910 1036 1018 1072 generis

229 1083 476 1117 propinquitatem,
506 1087 562 1110 tum
587 1081 622 1109 ob
646 1082 707 1109 vitm
735 1082 909 1114 institutum,
935 1089 1017 1116 opera

228 1134 323 1157 nostra
351 1129 477 1160 debetur,
499 1129 664 1164 (cujusnam
687 1128 759 1156 enim
800 1129 909 1163 potius,
935 1136 1016 1163 quam

227 1175 363 1209 ejusmodi
388 1175 528 1207 virorum,
549 1182 615 1202 cura
640 1174 777 1210 quispiam
803 1174 951 1209 tangatur?
971 1178 1018 1201 aut

1068 255 1117 290 μὲν
1129 255 1183 282 τῶν
1201 255 1380 291 πεπραχότων
1399 254 1565 290 ἀγνωμόνων
1583 254 1761 289 πειρώμενοι,
1777 253 1810 280 τὰ
1825 254 1852 280 δὲ

1067 301 1119 328 ὑπὸ
1133 302 1187 328 τῶν
1202 302 1395 336 γειτονούντων
1417 300 1647 336 περικοπτόμενοι
1670 300 1718 326 καὶ
1739 299 1853 335 πορθού-

1069 355 1144 382 μενοι
1156 347 1223 382 (20),
1246 348 1316 374 ὥστε
1346 347 1441 383 κέρδος
1460 345 1529 373 εἶναι
1549 346 1651 378 αὐτοῖς,
1671 346 1702 372 τὸ
1716 345 1824 381 τίμημα
1838 345 1853 372 ὃ

1067 392 1199 419 δεδώκασι
1211 393 1266 429 (21)
1287 392 1493 428 κομισαμένοις,
1513 391 1571 427 μεθ’
1588 388 1625 418 ὧν
1642 391 1852 427 προσανηλώκα-

1069 446 1129 470 σιν,
1160 437 1244 464 ὅντων
1267 439 1319 465 οὐκ
1349 437 1456 472 ὀλίγων,
1491 437 1680 473 ἀπαλλαγῆναι
1708 437 1759 472 τῆς
1788 438 1853 472 κτή-

1068 491 1137 515 σεως
1151 483 1216 519 (22).
1238 484 1270 510 Εἰ
1295 485 1344 519 μὲν
1365 482 1411 511 οῦν
1436 493 1475 510 σοι
1497 483 1573 518 φίλον
1589 484 1629 515 είς
1650 483 1762 510 σεαυτὸν
1775 492 1853 519 περι-

1069 529 1166 564 στῆσαι
1191 529 1239 565 τὴν
1265 530 1466 565 πραγματείαν,
1494 530 1567 560 ὅπως
1594 529 1627 556 ἂν
1653 529 1781 556 κάλλιστα
1806 528 1853 555 καὶ

1068 575 1259 609 ἀσφαλέστατα
1275 576 1326 611 ἔχῃ
1340 584 1381 602 σοι
1396 576 1426 602 τὸ
1441 575 1617 610 συνάλλαγμα
1633 575 1853 609 διασκεψαμένῳ,

1067 621 1147 648 τοῦτο
1162 621 1194 657 δὴ
1210 622 1256 648 καὶ
1271 622 1361 653 αὐτοῖς
1376 622 1422 648 καὶ
1437 622 1501 657 ἡμῖν
1515 621 1599 656 ἥδιον.
1617 620 1648 647 Εἰ
1661 620 1689 647 δὲ
1710 620 1757 655 μὴ,
1775 620 1805 646 τό
1822 628 1854 654 γε

1068 667 1203 702 δεύτερον,
1231 668 1263 703 τῇ
1290 667 1435 703 περιεργίᾳ.
1450 667 1506 702 (25)
1529 668 1576 694 καὶ
1599 666 1780 702 ἀγνωμοσύνῃ
1806 664 1854 692 τοῦ

1069 713 1164 749 ἀνδρὸς
1179 713 1286 745 ἀντίθες
1306 713 1430 744 σεαυτὸν,
1448 713 1491 739 ἴνα
1509 712 1546 749 μὴ
1561 713 1670 744 πάντως
1684 712 1712 739 ἒν
1725 712 1756 746 γέ
1771 720 1795 738 τι
1810 711 1854 738 διὰ

1069 759 1118 794 τὴν
1133 758 1349 794 ἀπραγμοσύνην
1369 758 1458 784 αὐτῶν
1475 758 1524 793 ἔχῃ
1545 757 1636 791 πλέον,
1657 757 1674 792 ἢ
1690 757 1855 791 κατέχοντας

1069 805 1180 837 ἀδικῶν,
1199 805 1215 839 ἢ
1234 804 1339 840 ζημιῶν
1359 803 1624 840 ἀπαλλαττομένους.
1649 802 1719 837 Ἐγὼ
1743 802 1792 838 μὲν
1808 799 1854 828 οὖν

1070 850 1117 878 καὶ
1130 850 1286 886 ἠρυθρίασα
1299 850 1362 886 περὶ
1374 850 1477 877 τούτων
1493 849 1668 876 ἐπιστέλλων.
1695 847 1802 884 Ἐπειδή
1822 855 1855 882 γε

1035 886 1054 913 Β
1069 896 1169 931 ὁμοίως
1184 896 1274 927 αὐτοῖς
1289 895 1463 931 ὀφειλόμεθα,
1475 896 1523 922 καὶ
1534 895 1578 921 διὰ
1592 894 1680 929 γένος,
1693 893 1740 921 καὶ
1753 893 1796 920 διὰ
1806 893 1855 929 τὴν

1067 942 1115 968 τοῦ
1137 941 1194 976 βίου
1212 942 1370 977 προαίρεσιν
1390 942 1471 977 (τίνος
1487 941 1541 977 γὰρ
1562 941 1594 968 ἄν
1610 949 1652 972 τις
1665 939 1773 975 κήδοιτο
1789 939 1857 974 μᾶλ-

1069 988 1124 1019 λον,
1141 988 1157 1023 ἢ
1169 987 1223 1014 τῶν
1238 987 1366 1015 τοιούτων
1379 997 1386 1019 ;
1402 988 1448 1014 ἐπὶ
1460 988 1498 1023 τῷ
1509 987 1537 1014 δὲ
1549 987 1582 1014 ἂν
1597 986 1750 1022 αἰσχύνοιτο
1763 985 1855 1017 πλέον,

1068 1035 1085 1070 ἧ
1101 1034 1136 1061 τὰ
1151 1033 1262 1060 τοιαῦτα
1282 1035 1437 1069 εὐεργετεῖν
1457 1035 1486 1060 οὐ
1508 1033 1765 1070 προθυμούμενος);
1781 1033 1812 1058 σὺ
1826 1032 1856 1059 δὲ

1069 1080 1139 1115 nam
1155 1080 1304 1115 σεαυτὸν,ῆ
1321 1080 1354 1106 δι’
1372 1080 1455 1115 ἡμᾶς,
1473 1079 1489 1115 ἢ
1510 1079 1555 1106 διὰ
1564 1080 1626 1111 τοὺς
1635 1079 1735 1114 ἄνδρας
1746 1072 1855 1110 αὐτοὺς,

1070 1127 1087 1163 ἢ
1105 1126 1149 1153 διὰ
1166 1126 1253 1153 πάντα
1269 1125 1356 1152 ταῦτα
1379 1125 1457 1160 ὁμοῦ,
1481 1125 1549 1152 ἀλλὰ
1567 1125 1676 1156 πάντως
1706 1132 1738 1157 γε
1757 1122 1856 1153 αὐτοὺς

1070 1174 1262 1210 εὐεργέτησαν.

228 1228 280 1255 qua
297 1229 327 1248 rc
341 1221 427 1256 magis
458 1221 618 1252 erubescat,
644 1228 725 1255 quam
754 1220 777 1247 si
794 1220 953 1254 hujusmodi
982 1220 1112 1248 beneficia
1137 1221 1264 1249 conferre
1286 1221 1398 1248 minime
1421 1220 1560 1256 studeat?)
1593 1225 1620 1247 te
1653 1226 1735 1254 rogo,
1760 1221 1790 1245 ut
1813 1216 1856 1243 vel

227 1271 274 1293 tua
300 1267 404 1301 ipsius,
431 1267 474 1294 vel
500 1270 612 1299 nostra,
629 1267 672 1293 vel
701 1267 822 1301 ipsorum
849 1274 950 1298 causa,
970 1267 1011 1294 vel
1024 1268 1106 1295 etiam
1122 1274 1232 1304 propter
1246 1268 1304 1297 haec
1328 1267 1420 1295 omnia
1440 1268 1467 1294 in
1493 1275 1575 1294 unum
1605 1271 1710 1298 coacta,
1744 1263 1858 1293 omnino

226 1313 336 1347 quidem
351 1317 426 1340 certe
439 1313 473 1340 de
484 1313 519 1341 iis
535 1314 602 1341 bene
614 1314 758 1341 merearis.

457 1390 509 1425 16
528 1389 587 1416 XV.
606 1388 790 1417 LOLLIANO.

1303 1388 1352 1414 nr.
1375 1388 1549 1423 ΛΟΛΛΙΔΝῼ
1561 1387 1628 1423 (at).

228 1469 298 1496 Data
316 1469 350 1495 ad
365 1468 520 1496 Lollianum
535 1469 659 1506 epistola,
674 1477 733 1504 quae
743 1470 873 1506 sequitur,
889 1470 978 1506 eodem
995 1478 1076 1506 amto,
1092 1468 1222 1506 eteadem
1238 1473 1351 1506 tempore
1361 1470 1513 1506 conscripta
1532 1473 1581 1501 est,
1596 1470 1690 1505 quippe
1703 1477 1762 1506 quae
1776 1469 1807 1497 de
1828 1478 1858 1498 re

521 1504 623 1536 eadem,
638 1509 662 1531 et
676 1503 724 1539 pro
738 1504 833 1532 iisdem
851 1504 975 1532 fletiadio
991 1505 1153 1536 et~Eulalio,
1169 1503 1288 1539 Gregorii
1303 1505 1477 1537 consobrinis,
1493 1505 1558 1540 agit.

263 1575 371 1620 Optime
385 1592 447 1612 vero
465 1583 545 1616 facis,
561 1584 634 1619 quod
651 1584 685 1611 ad
704 1592 755 1612 nos
769 1588 794 1612 te
810 1584 920 1620 recipis,
934 1585 1015 1620 longo

1102 1582 1140 1611 Εῦ
1159 1593 1191 1618 γε
1207 1584 1249 1610 ὅτι
1269 1584 1417 1619 ἐπανήκεις
1436 1585 1512 1620 ἡμῖν,
1532 1584 1576 1611 διὰ
1599 1584 1704 1620 μακροῦ
1721 1584 1782 1620 μὲν,
1798 1582 1857 1611 ἀλλ’

227 1630 336 1665 quidem
360 1629 514 1660 intervallo,
532 1629 579 1656 sed
597 1629 634 1655 ita
664 1633 753 1656 tamen
771 1630 861 1665 (quod
873 1630 926 1656 hoc
947 1638 1016 1665 pra:-

228 1677 346 1703 stantius
359 1675 424 1710 est),
442 1680 472 1702 ut
486 1683 530 1702 res
550 1680 603 1702 tua:
631 1683 661 1702 se
681 1675 799 1703 habeant
814 1683 846 1703 ex
861 1675 944 1703 animi
959 1684 1018 1703 sen-

228 1723 314 1750 tentia
330 1732 338 1750 :
353 1726 379 1749 et
395 1722 459 1757 quia
478 1729 528 1749 nos
546 1721 580 1748 iis
593 1723 682 1753 curis,
699 1721 727 1748 in
749 1721 849 1756 quibus
867 1725 912 1748 tua
933 1729 1017 1749 causa

229 1768 418 1799 versabamur,
434 1767 570 1794 liberasti.
587 1766 727 1801 Siquidem
739 1767 830 1793 omnia
844 1767 925 1794 nobis
942 1774 1018 1793 com-

230 1814 321 1841 munia
335 1818 424 1841 tecum
441 1821 502 1840 esse
514 1813 651 1847 ducimus,
670 1817 724 1839 tam
738 1812 839 1844 tristia,
855 1820 936 1847 quam
957 1813 1018 1839 laeta

228 1865 254 1888 et
267 1860 405 1895 jucunda;
422 1867 454 1887 ea
470 1860 542 1887 enim
557 1859 684 1886 amicitiae
700 1863 797 1886 natura
813 1865 864 1886 est.
883 1859 1016 1892 Quoniam

230 1909 319 1930 autem
334 1903 367 1930 ad
384 1911 435 1930 nos
457 1903 622 1935 reverteris,
638 1903 682 1930 fac
702 1903 860 1931 fellcitatem
881 1907 965 1935 tuam,
990 1907 1018 1930 ut

229 1949 372 1984 cujusdam
386 1949 476 1977 verbis
492 1953 563 1981 utar,
582 1949 678 1976 amicis
691 1949 744 1977 tuis
758 1950 908 1984 impertias.
921 1950 1020 1984 Imper-

231 1995 281 2023 ties
297 1999 386 2022 autem
400 2015 407 2026 ,
427 1994 450 2022 si
465 1995 591 2022 dominos
607 1995 790 2023 consobrinos
812 2003 903 2028 meos,
927 1995 1018 2023 llella-

231 2040 306 2067 dium
330 2045 357 2068 et
385 2039 539 2072 Eulalium,
570 2048 632 2067 cum
661 2040 688 2067 in
717 2041 822 2068 caeteris
846 2041 928 2068 rebus
945 2041 1018 2068 velut

229 2085 378 2113 familiares
404 2086 504 2113 intueri
533 2086 653 2113 animum
688 2086 830 2114 induxeris
852 2086 1018 2122 (familiares

230 2137 321 2158 autem
337 2131 409 2164 dico,
427 2131 480 2159 nisi
495 2136 524 2158 tu
546 2140 597 2158 nos
620 2139 669 2166 pro
683 2132 780 2160 alienis
797 2132 909 2165 habeas,
931 2140 1018 2168 neque

229 2179 302 2205 enim
327 2178 417 2212 majus
432 2177 582 2212 quidquam
599 2177 697 2210 habeo,
713 2178 786 2212 quod
810 2177 934 2213 dicam),
960 2182 1017 2204 tum

230 2223 323 2255 etiam,
342 2227 371 2250 ut
384 2223 429 2250 alii
443 2224 510 2258 ipsis
525 2223 633 2258 patroni
652 2223 809 2258 requirendi
825 2224 890 2256 sint,
906 2224 1018 2250 minime

231 2269 354 2303 patiaris.
373 2268 473 2296 Verum
499 2270 541 2296 eis
558 2268 665 2303 quidvis
691 2272 718 2295 te
743 2269 878 2303 praebeas,
902 2270 1018 2304 probum

231 2316 361 2347 amicum,
374 2316 548 2342 commodum
559 2315 692 2347 vicinum,
706 2315 803 2343 fortem
816 2315 978 2350 adjutorem,
991 2319 1018 2343 et

231 2370 265 2389 ne
288 2361 394 2396 singula
416 2369 589 2393 enumerem,
607 2369 769 2397 generosum
792 2360 966 2391 Lollianum.
985 2370 1017 2388 ac

266 2461 320 2503 (20)
337 2461 544 2503 Hoptliozfgsror.
566 2460 604 2487 ita
622 2459 706 2495 Regg.
720 2461 784 2487 duo.
806 2460 857 2488 Ed.
881 2461 950 2488 male
970 2469 1018 2486 πο-

230 2496 365 2528 θούμενοι,
393 2496 582 2522 desiderentur.

266 2506 277 2522 Li
301 2505 365 2528 ενοι,
393 2505 582 2522 desiderentur.

266 2505 322 2567 (ᾗ)
345 2533 379 2557 Ὃ
395 2530 627 2567 δεδώκασι-1133
653 2538 744 2567 voces,
766 2538 826 2565 quae
854 2531 881 2557 in
908 2531 952 2558 ed.
969 2531 1017 2558 de-

230 2565 317 2597 erant,
331 2566 540 2600 supplevimuse
551 2565 636 2600 Regg.
650 2565 767 2593 duobus.

266 2600 321 2636 (Ἠ)
336 2599 484 2634 Κὲἦσεως.
503 2600 541 2627 ita
550 2599 632 2635 negg.
649 2605 714 2632 tres,
725 2605 752 2628 et
764 2599 859 2628 Billius
873 2608 900 2628 In
913 2601 1015 2629 versio-

229 2635 275 2664 ne.
288 2636 336 2663 Ed.
357 2637 427 2663 male
441 2635 565 2667 κτίσεως,
584 2636 724 2662 creatione.

265 2671 320 2706 (25)
346 2670 384 2705 Τῇ
403 2671 560 2705 περιεργίᾳ.
579 2670 685 2703 Billius,
701 2671 865 2704 [curiositatL
881 2670 942 2698 Mox
966 2670 1013 2697 τοῦ

229 2705 333 2741 ἀνδρός.
353 2706 411 2732 Hoc
433 2706 571 2740 singulare
597 2713 646 2740 pro
669 2706 767 2740 plurali
797 2706 914 2740 positum
933 2706 1015 2733 Com-

229 2740 324 2768 belisio
337 2741 444 2769 videtur
462 2748 522 2768 esse
538 2740 667 2774 Atticum,
682 2742 746 2776 quia
757 2741 790 2768 de
805 2742 929 2776 pluribus
946 2741 1014 2768 vici-

228 2777 272 2803 nis
286 2777 385 2803 agitur.

265 2785 414 2846 ξέξῧηὲῗῖεε
429 2810 531 2839 CXCV.
542 2809 656 2846 Scripta
669 2818 742 2838 anno
760 2811 820 2838 365.

265 2846 320 2882 (25)
341 2847 437 2880 Φησὶν
450 2849 465 2873 ὁ
481 2845 580 2872 εἰπών.
595 2845 748 2880 Euripides,
764 2847 790 2873 in
808 2846 905 2873 Oreste.

1068 1629 1142 1664 ὅμως
1157 1629 1214 1663 (καὶ
1228 1628 1242 1655 ὅ
1255 1629 1349 1655 τούτου
1367 1629 1512 1664 κρεῖττον),
1534 1630 1574 1656 ὅτι
1597 1629 1668 1656 κατὰ
1689 1629 1751 1656 νοῦν
1769 1631 1858 1666 πράτ-

1067 1682 1132 1706 των,
1148 1674 1195 1700 ml.
1210 1673 1265 1700 τῶν
1279 1674 1324 1700 ἐπὶ
1339 1674 1380 1700 σοὶ
1397 1674 1545 1710 φροντίδων
1565 1675 1638 1710 ἡμᾶς
1653 1675 1856 1710 ὴλευθέρωσας.

1068 1720 1160 1746 Πάντα
1174 1719 1229 1755 γὰρ
1243 1720 1321 1747 κοινὰ
1335 1720 1484 1755 ποιούμεθα
1502 1721 1570 1755 πρὸς
1587 1720 1627 1749 σὲ.
1645 1722 1692 1748 καί
1709 1721 1795 1753 λύπας
1809 1722 1859 1748 καὶ

1069 1766 1244 1802 εὐφροσύνας·
1260 1766 1379 1792 τοιοῦτον
1393 1766 1447 1802 γὰρ
1463 1767 1479 1801 ἡ
1501 1766 1585 1800 φιλία.
1610 1767 1718 1802 Ἐπείδὴ
1730 1767 1759 1793 δὲ
1771 1768 1859 1794 ἐπαν-

1069 1813 1155 1846 ήκεις,
1174 1811 1287 1845 μετάδος
1303 1811 1403 1845 φίλοισι
1418 1813 1487 1838 σοῖσι
1503 1812 1552 1847 σῆς
1572 1813 1730 1848 εὐπραξίας,
1745 1814 1827 1849 φησὶν
1843 1815 1859 1841 ὁ

1068 1857 1152 1884 εἰπών
1163 1857 1229 1892 (25)·
1247 1857 1411 1892 μεταδώσεις
1429 1858 1467 1890 δὲ,
1483 1859 1507 1884 εἱ
1519 1859 1582 1891 τοὺς
1597 1857 1708 1895 κυρίους
1722 1869 1772 1895 μου
1792 1861 1860 1892 τοὺς

1068 1903 1193 1938 ἀνεψιοὺς
1207 1902 1340 1929 Ἐλλάδιον
1357 1904 1402 1930 καὶ
1417 1903 1556 1936 Εὐλάλιον,
1577 1905 1624 1932 καὶ
1646 1906 1729 1932 τᾶλλα
1740 1907 1860 1939 οἰκείους

1067 1949 1133 1983 ὁρᾷν
1153 1948 1301 1984 προθυμοῖο
1318 1949 1444 1983 (οίκείους
1459 1949 1514 1984 (26)
1528 1950 1556 1976 δὲ
1570 1950 1651 1984 λέγω,
1669 1952 1691 1978 εί
1711 1952 1748 1987 μὴ
1760 1951 1861 1986 ἄλλους

1068 1995 1141 2030 ἡμᾶς
1162 1994 1230 2030 πρὸς
1244 1995 1339 2022 ἑαυτὸν
1350 1995 1481 2031 νομίζοις,
1496 1996 1526 2022 οὐ
1543 1996 1597 2032 γὰρ
1616 1994 1664 2023 οἶδ’
1683 1998 1697 2024 ὅ
1708 2007 1734 2024 τι
1748 1998 1781 2024 ἂν
1795 1999 1861 2034 μεί-

1069 2040 1132 2072 ζονα
1146 2040 1201 2075 (27)
1214 2041 1342 2076 εἴποιμι),
1358 2041 1405 2068 καὶ
1422 2041 1459 2077 μὴ
1479 2043 1580 2078 ἐτέρων
1592 2043 1720 2079 δεηθῆναι
1735 2052 1862 2080 προστα-

1068 2086 1120 2113 τῶν
1137 2087 1273 2122 ἀνάσχοιο.
1303 2087 1382 2114 Ἀλλὰ
1399 2088 1486 2114 πάντα
1501 2087 1614 2114 σεαυτὸν
1632 2089 1793 2124 παράσχοιο,
1811 2090 1863 2123 φί-

1068 2132 1113 2159 λον
1128 2133 1256 2168 χρηστὸν,
1271 2133 1379 2167 γείτονα
1398 2133 1494 2166 δεξιὸν,
1522 2134 1700 2170 παραστάτην
1720 2136 1861 2169 γενναῖον,

1069 2179 1112 2205 ἵνα
1128 2179 1165 2214 μὴ
1177 2178 1236 2205 καθ’
1250 2178 1364 2206 ἕκαστον
1378 2179 1459 2213 λέγω,
1475 2180 1521 2206 τὸν
1535 2181 1632 2216 εὐγενῆ
1643 2181 1797 2214 Λολλιανὸν,
1808 2181 1864 2209 τὸν

1069 2225 1115 2251 ἐπὶ
1129 2224 1316 2260 καλοκαγαθίᾳ
1329 2225 1385 2260 (28)
1398 2226 1544 2262 γνώριμον.
1564 2226 1760 2262 Ὑπισχνοῦμαι
1773 2227 1812 2260 δὲ,
1831 2228 1863 2254 εἰ

1034 2263 1055 2289 D
1071 2271 1117 2297 ἐπὶ
1132 2271 1221 2296 πλεῖον
1238 2271 1328 2302 αὐτοῖς
1344 2271 1498 2307 ὀμιλήσαις,
1514 2273 1560 2299 καὶ
1579 2273 1628 2308 τῆς
1641 2273 1798 2308 φιλοσοφίας
1808 2274 1864 2300 αὑ-

1068 2316 1122 2343 τῶν
1133 2316 1188 2352 (29)
1201 2316 1231 2343 τὸ
1244 2316 1310 2351 ὕψος
1325 2317 1454 2350 κατίδοις,
1466 2319 1507 2345 ὃτι
1523 2319 1591 2354 πρὸς
1606 2319 1702 2351 ἄλλους
1715 2320 1770 2355 (50)
1784 2320 1864 2356 ὑπὲρ

1068 2362 1157 2389 αὐτῶν
1177 2362 1367 2398 πρεσϐεύσεις.
1382 2363 1514 2391 Τοσοῦτον
1530 2364 1624 2400 θαρρῶ
1643 2365 1682 2401 τῷ
1699 2365 1738 2401 σῷ
1750 2366 1862 2402 τρόπῳ,

1103 2462 1161 2499 (26)
1192 2463 1359 2499 οἶκείους...
1381 2464 1518 2496 οἰκείους.
1537 2464 1576 2491 Ita
1594 2464 1671 2499 Regii
1693 2465 1756 2492 duo.
1781 2465 1864 2495 Editi

1068 2497 1257 2558 Ipalﬁel'iabent
1273 2498 1316 2525 bis
1341 2499 1458 2532 οἰκείως,
1471 2499 1543 2534 quod
1560 2497 1655 2527 Billiu‘s
1669 2501 1759 2533 vertit,
1771 2501 1864 2534 {anzi-

1090 2541 1120 2558 ar
1175 2551 1182 2558 ι

1079 2537 1182 2558 writer.

1103 2567 1166 2605 (2η
1178 2568 1208 2593 Ὅ
1223 2568 1300 2605 τιγᾷν
1310 2568 1439 2603 μείζονα.
1454 2569 1492 2596 ita
1510 2569 1592 2605 Regg.
1611 2574 1676 2598 tres.
1694 2569 1742 2596 Ed.
1764 2571 1865 2601 minus

1067 2602 1136 2629 bene
1154 2603 1194 2629 ὅτι
1209 2602 1328 2637 μείζονα.

1103 2637 1156 2676 (28)
1168 2638 1385 2676 Καλοκαγᾳθίᾳ.
1401 2638 1531 2676 Italic“.
1541 2639 1604 2672 duo,
1620 2644 1648 2667 et
1662 2639 1705 2667 ed.
1721 2639 1754 2667 ad
1765 2648 1864 2676 marg.

1067 2670 1135 2707 Male
1150 2673 1176 2699 in
1192 2676 1265 2699 textu
1283 2670 1491 2707 καλοκαγαθίανζ

1104 2706 1159 2745 (29)
1183 2706 1398 2745 Amanum
1421 2717 1528 2745 vocem,
1544 2717 1605 2745 qua:
1631 2710 1659 2736 in
1681 2709 1724 2737 ed.
1749 2709 1862 2744 deerat,

1067 2743 1253 2778 supplevimus
1267 2751 1282 2770 e
1298 2742 1380 2778 Regg.
1401 2744 1535 2778 pluribus.

1083 2811 1088 2817 _
1103 2777 1307 2817 (ὂψ-Ἄλλους.
1325 2777 1363 2817 ita
1377 2777 1464 2817 βεδε,
1479 2780 1584 2813 plures,
1602 2784 1629 2808 et
1645 2779 1740 2808 Billius
1752 2779 1780 2808 in
1793 2787 1866 2809 ver-

1066 2811 1153 2840 sione.
1165 2811 1216 2840 Ed.
1234 2814 1304 2841 male
1321 2811 1460 2845 ἀλλήλοῦξ.
