1923 3053
233 152 265 179 ει
830 149 858 178 S.
880 149 1044 179 GREGORII
1063 145 1236 178 THEOLOGI
1818 151 1854 178 5%

234 218 311 246 pom,
324 215 418 246 utpote
441 211 528 246 parvi,
541 215 568 238 et
581 210 616 238 ad
629 217 724 246 pacem
743 211 943 245 propensiores.
959 211 1014 238 Non

1071 211 1084 238 ὕ
1099 210 1145 237 τοῦ
1162 211 1222 237 καθ’
1238 211 1311 246 ἡμᾶς
1325 210 1405 245 λόγου
1419 209 1565 244 κεφάλαιόν
1580 210 1648 242 ἐστι,
1663 210 1712 245 τῆς
1731 209 1853 245 ἀγάπης

233 256 305 282 enitn
332 256 370 282 ita
388 257 489 283 misero
509 261 582 284 statu
608 264 652 283 res
679 260 780 283 nostra;
805 259 880 288 sunt,
904 261 933 282 ut
955 257 1016 284 aliis

232 301 344 336 quidem
361 301 390 328 in
412 303 495 329 rebus
510 302 713 337 philosophari,
736 302 930 337 melioremque
951 309 1016 337 par-

233 351 287 373 tem
301 347 379 382 sequi
405 347 538 380 velimus;
555 348 728 375 dilectionem
744 352 844 380 autent,
858 355 918 382 quas
934 348 1017 375 totius

232 392 364 419 doctrinm
389 397 490 420 nostra:
509 399 591 428 caput
609 397 667 425 est,
690 397 897 420 contemnamus
919 399 946 420 et
969 399 1018 427 pro

1069 256 1156 287 ἄλλως
1174 264 1204 282 τε
1223 256 1270 282 καὶ
1287 255 1354 291 πρὸς
1374 255 1457 290 ἄνδρα
1478 256 1553 290 ἱερέα
1567 263 1596 281 τε
1613 255 1660 282 καὶ
1675 255 1811 287 τοσοῦτον,
1823 255 1853 281 ὃν

1070 301 1117 327 καὶ
1126 300 1185 336 βίῳ,
1199 300 1334 335 καὶμλόγῳ,
1348 300 1395 326 καὶ
1407 300 1529 335 πολιτείᾳ
1539 300 1594 335 (58)
1609 300 1718 326 πάντων
1730 299 1852 334 ἄριστον,

1070 343 1108 374 ὧν
1123 347 1211 380 ῐσμεν,
1229 345 1409 381 γινώσκομεν.
1431 346 1468 372 Οὐ
1491 346 1545 381 γὰρ
1568 346 1742 382 ὲπισκοτήσει
1763 345 1793 372 τὸ
1807 345 1853 371 λυ-

1071 391 1178 418 πεῖσθαι
1192 393 1225 427 τῇ
1243 391 1367 427 ἀληθείᾳ.

234 438 320 465 nihilo
331 438 481 472 ducamus;
497 447 528 466 ac
541 440 693 474 praesertim
707 446 771 474 erga
783 439 871 466 virum
887 439 1068 470 sacerdotem,
1087 442 1196 472 tamque
1211 438 1356 472 insignem,
1371 444 1452 472 quem
1479 441 1506 464 et
1533 437 1600 468 vita,
1617 440 1645 463 et
1661 442 1786 463 sermone
1797 455 1806 468 ,
1825 439 1854 462 (ιι

231 484 366 517 instituto,
379 485 513 519 omnium,
526 493 596 520 quos
614 486 752 518 novimus,
764 485 1017 521 praestantissimum
1038 493 1099 513 esse
1133 484 1317 520 agnoscimus.
1347 483 1439 518 Neque
1460 482 1532 510 enim
1552 489 1662 515 mceror,
1691 489 1745 516 quo
1765 480 1855 508 allecti

232 530 345 564 fuimus,
361 532 469 559 veritati
487 533 614 562 tenebras
626 532 762 561 infundet.

511 588 592 616 XVII.
617 588 733 616 EIDEM.

1304 586 1353 612 η’.
1375 585 1419 620 To
1437 584 1528 619 ΑΥΤῼ
1548 583 1614 619 (59).

232 630 293 661 Non
311 634 367 661 sine
390 635 531 669 oﬂ'ensione
547 636 646 662 monita
663 634 780 670 Gregorii
796 637 893 670 accepit
911 635 1083 663 thsariensis
1106 633 1252 670 episcopus,
1267 631 1343 670 idque
1357 631 1426 670 datis
1447 632 1481 658 ad
1495 640 1554 670 eum
1571 632 1666 660 litteris
1680 633 1852 667 signiﬁcavit,

556 671 649 705 quibus
663 667 826 698 non'ntinori
846 667 966 698 libertate
980 669 1110 704 respondit
1122 668 1261 702 Gregorius
1275 667 1386 700 epistola
1399 668 1522 702 sequenti.

265 715 323 744 Non
333 718 529 745 contumeliose
538 719 628 752 potius
643 722 725 753 atque
737 719 898 751 insolenter,
910 726 1005 754 quem-

231 762 377 789 admodum
407 767 434 789 tu
463 763 496 790 de
525 764 639 798 epistola
663 769 758 792 nostra
785 769 952 798 conquestus
970 772 1009 796 es,

231 815 313 842 quam
333 808 513 843 spiritualiter
526 817 558 836 ac
578 809 775 845 philosophice,
794 815 886 845 atque,
899 815 928 837 nt
947 818 1012 837 con-

231 857 393 882 sentaneum
406 859 475 885 erat,
496 854 605 889 scripsi,
622 855 676 883 nisi
695 855 747 883 hoc
761 863 871 891 quoque
888 856 1014 883 disertis-

232 898 332 926 simum
350 897 510 934 Gregorium
532 900 601 927 male
625 901 732 928 habeat.
752 900 808 929 Etsi
833 901 905 928 ettitn
924 901 1013 936 digni-

231 945 296 972 tatis
310 945 396 980 gradu
419 953 546 980 superas,
574 951 601 973 at
624 947 704 974 ttobis
723 951 814 973 tamen
834 946 937 981 aliquid
963 947 1016 982 18

1099 716 1155 750 Οὐχ
1171 714 1336 750 ὑϐριστικῶς
1350 714 1492 740 ἐπέστειλα
1505 714 1614 749 μᾶλλον,
1627 714 1721 750 ὥσπερ
1736 715 1853 751 ἐμέμψω

1064 762 1113 796 τῆς
1130 760 1288 795 ἐπιστολῆς,
1310 759 1326 795 ἢ
1346 759 1537 794 πνευματικῶς
1561 767 1591 785 τε
1613 759 1660 784 καὶ
1682 758 1852 793 φιλοσόφως,

1065 807 1112 832 καὶ
1126 806 1164 838 ὡς
1181 806 1253 837 εἰκὸς
1268 803 1312 840 ἦν,
1327 805 1351 831 εί
1366 804 1402 840 μὴ
1420 805 1466 832 καὶ
1482 804 1560 831 τοῦτο
1576 804 1655 831 λυπεῖ
1665 804 1852 839 τὺνιλογιώτα-

1067 860 1112 878 τον
1129 852 1276 887 Γρηγόριον
1294 850 1358 886 (40).
1378 850 1429 880 Καὶ
1447 850 1501 886 γὰρ
1522 851 1545 877 εί
1564 850 1602 886 τῷ
1619 850 1714 885 βαομῷ
1731 853 1851 886 κρατεῖς,

1068 898 1136 924 ἀλλὰ
1156 896 1250 929 δώσεις
1266 905 1292 923 τι
1313 896 1359 923 καὶ
1374 898 1439 932 ἡμῖν
1454 897 1609 932 ἐλευθερίας
1628 898 1675 923 καὶ
1696 898 1853 932 παρρησίας

1067 943 1184 975 δικαίας.
1199 943 1254 969 Καὶ
1272 943 1316 969 διὰ
1334 942 1413 968 τοῦτο
1430 942 1475 968 ἔσο
1493 943 1559 978 ἡμῖν
1575 942 1763 978 χρηστότερος.
1780 943 1853 978 Πλὴν

1067 990 1091 1015 si
1102 989 1204 1024 κρίνεις
1216 988 1264 1023 τὴν
1278 988 1419 1024 ἐπιστολὴν
1430 989 1467 1020 ὡς
1478 989 1591 1020 οἰκέτου,
1605 989 1651 1015 καὶ
1664 988 1717 1015 οὐδ’
1729 989 1852 1015 ἀντιόλέ-

228 988 310 1023 iusta:
331 989 465 1016 libertatis
492 997 524 1017 ac
550 990 667 1017 licentia:
689 991 778 1019 dabis.
805 990 845 1017 Ac
873 995 1052 1034 proptet‘eaB

231 1033 418 1068 benigniorem
440 1037 464 1061 le
486 1034 567 1061 ttobis
586 1035 685 1068 praebe.
703 1035 732 1062 Si
753 1039 783 1061 tu
801 1035 944 1069 epistolam
965 1042 1014 1061 no-

1071 1043 1129 1060 πειν
1142 1034 1196 1068 (41)
1210 1034 1374 1067 ὀφείλοντος,
1389 1033 1460 1061 οὓτω
1474 1033 1506 1069 δὴ
1518 1034 1564 1060 καὶ
1581 1034 1687 1068 πληγὰς
1700 1034 1851 1069 ληψόμεθα,

231 1082 316 1106 Str-am
337 1079 525 1114 reprehendis,
546 1084 676 1115 tattquam
700 1080 806 1113 famuli,
829 1084 912 1116 atque
927 1081 1014 1107 homi-

1071 1080 1113 1106 καὶ
1126 1080 1186 1106 οὐδὲ
1200 1079 1379 1115 δακρύσομεν.
1400 1079 1435 1105 Ἣ
1452 1080 1498 1106 καὶ
1513 1079 1592 1106 τοῦτο
1608 1079 1851 1115 ὲγκληθησόμεοα;

231 1123 274 1150 nis
292 1123 339 1158 qui
362 1129 388 1152 te
413 1132 447 1152 ne
470 1125 577 1152 obtueri
603 1125 712 1159 quidem
740 1124 847 1157 debeat,
868 1126 909 1152 sic
932 1125 1014 1152 etiam

1071 1126 1080 1152 5
1103 1125 1205 1157 πάντας
1236 1125 1349 1160 μᾶλλον,
1377 1125 1393 1160 ἢ
1424 1125 1473 1160 τὴν
1506 1125 1555 1160 σὴν
1588 1125 1728 1152 εὐλάϐειαν
1755 1125 1852 1151 παθεῖν

231 1169 326 1205 plagas
344 1170 523 1205 accipiemus,
548 1178 581 1197 ac
603 1179 637 1197 ne
659 1171 794 1205 lacrymas
811 1171 919 1205 quidem
933 1170 1014 1197 emit-

231 1219 329 1242 tetttus.
348 1216 390 1242 An
412 1216 463 1243 hoc
481 1224 591 1251 quoque
606 1216 686 1243 nobis
705 1216 814 1243 crimini
838 1216 969 1243 dabitur?
986 1216 1014 1243 Id

1067 1171 1150 1205 ἄξιον.
1171 1172 1248 1198 Ἐστι
1266 1171 1320 1207 γὰρ
1340 1171 1436 1206 ἀνδρὸς
1462 1171 1660 1206 μεγαλόφρονος
1683 1171 1767 1206 φίλων
1785 1171 1853 1198 ἁπο-

1067 1217 1189 1253 δέχεσοαι
1205 1217 1303 1253 μᾶλλον
1318 1216 1482 1252 ἐλευθερίαν,
1495 1216 1511 1251 ἢ
1523 1216 1627 1252 ἐχθρῶν
1637 1216 1791 1243 κολακείαν.

230 1267 304 1289 certe
327 1263 414 1291 cuivis
435 1264 547 1298 potius,
577 1271 658 1298 quam
684 1264 778 1298 pietati
806 1269 868 1295 tuae.
897 1263 1021 1291 accidere
1049 1264 1187 1292 convenit.
1223 1263 1272 1291 Est
1301 1263 1373 1291 enim
1403 1263 1522 1290 hominis
1557 1263 1640 1290 animi
1664 1263 1852 1299 magnitudine

231 1308 347 1345 praediti.
362 1310 512 1337 amicorum
531 1310 622 1345 potius
643 1310 806 1342 libertatem,
823 1318 904 1345 quam
922 1310 1093 1336 inimicorum
1111 1309 1257 1338 blanditias
1269 1309 1405 1343 amplecti.

508 1365 601 1392 XVIII.
621 1364 735 1392 EIDEM.

1302 1365 1355 1392 nr.
1377 1364 1422 1399 Τῼ
1438 1364 1530 1400 ΑΥΤῼ
1550 1363 1615 1400 (42).

268 1411 353 1438 Tertia
367 1411 421 1438 lttec
436 1416 473 1437 est
487 1410 606 1446 Gregorii
621 1412 654 1438 ad
671 1411 812 1438 Eusebium
835 1410 1025 1442 Caesariensem
1043 1411 1166 1445 epistola,
1185 1411 1212 1437 in
1225 1419 1277 1445 qua
1294 1410 1473 1438 moderatione
1497 1417 1521 1438 et
1544 1411 1652 1438 lenitate
1667 1411 1758 1438 statim
1772 1420 1850 1443 usus.

231 1451 368 1474 venturum
383 1455 409 1473 se
422 1448 565 1479 respondit,
583 1452 723 1482 utipreces
739 1454 801 1482 cum
817 1447 1090 1481 precibusjungeret,
1104 1454 1211 1480 unaque
1225 1451 1370 1482 pugnaret,
1385 1450 1412 1474 et
1425 1454 1478 1480 qua
1495 1455 1571 1477 voce.
1585 1454 1638 1480 qua
1653 1454 1736 1481 opera
1749 1448 1850 1482 pugiles

231 1454 368 1474 venturum
383 1455 409 1473 se
422 1454 565 1479 respondit,
583 1454 611 1472 ut
628 1454 723 1480 preces
739 1454 801 1472 cum
817 1454 1090 1481 precibuswngeret,
1104 1454 1211 1480 unaque
1225 1455 1259 1480 pu
1283 1454 1370 1479 nat-et,
1385 1454 1412 1474 et
1425 1454 1478 1480 qua
1495 1455 1571 1477 voce.
1585 1454 1638 1480 qua
1653 1454 1736 1481 opera
1749 1454 1850 1482 pugiles

230 1489 259 1508 eo
275 1485 398 1515 tempore,
414 1489 469 1516 quo
490 1482 552 1508 ferae
564 1482 590 1508 in
610 1481 759 1508 Ecclesium
775 1481 905 1515 impetum
928 1484 1058 1512 lecerant,
1079 1481 1227 1515 adjuverat.
1255 1454 1356 1514 (ﬁnibus
1379 1481 1462 1508 verbis
1478 1481 1599 1512 ostendit,
1615 1490 1667 1516 qua
1682 1481 1714 1508 de
1729 1490 1812 1508 causa
1826 1487 1852 1509 et

229 1524 280 1550 quo
295 1524 364 1542 anno
379 1516 411 1542 ab
428 1515 539 1543 Eusebio
553 1521 706 1547 vocaretur;
722 1523 750 1542 eo
763 1515 899 1546 nimirum,
914 1525 963 1550 qua
979 1516 1061 1542 veluti
1076 1518 1161 1543 nubes
1175 1516 1317 1550 grandinis
1333 1517 1410 1550 pletta
1423 1519 1450 1542 et
1464 1517 1591 1546 stridens,
1605 1515 1706 1543 Christi
1721 1517 1852 1544 inimicis‘

231 1551 318 1580 simus
337 1551 485 1587 imperator
503 1550 601 1578 Valens
615 1552 745 1578 Caisarca:
761 1558 822 1587 cum
839 1551 969 1586 intprobis
989 1553 1048 1578 suis
1064 1551 1409 1587 praesulibusimminebat.
1429 1550 1566 1586 Magnum,
1582 1552 1665 1585 inquit
1681 1552 1747 1587 (45),
1760 1557 1851 1579 certa-

233 1593 294 1611 men
310 1585 479 1622 propositum
491 1590 566 1618 erat;
582 1594 634 1612 nott
651 1585 840 1622 igllilvartliltlltl
853 1585 1000 1622 multorum
1013 1586 1152 1618 alacritas,
1167 1585 1215 1613 sed
1231 1585 1323 1622 intima
1334 1587 1417 1618 acies,
1433 1585 1524 1620 utpote
1536 1593 1633 1622 carens
1647 1585 1848 1622 prepugnatore

231 1627 263 1646 ac
276 1622 363 1656 perito
378 1620 539 1654 defensore;
555 1628 630 1655 quem
649 1621 676 1647 in
691 1620 805 1652 Basilio,
822 1620 874 1646 imo
891 1625 915 1648 et
932 1622 958 1648 in
978 1620 1114 1656 Gregorio,
1136 1621 1181 1656 qui
1203 1621 1264 1647 tidei
1286 1625 1501 1656 propugnatores
1517 1621 1594 1648 ambo
1610 1620 1744 1656 designati
1764 1628 1852 1655 erant,

232 1662 293 1682 mea:
307 1655 408 1682 habuit.

266 1700 306 1728 Ne
331 1701 388 1736 ipse
410 1701 520 1736 quidem
541 1702 642 1737 alioqui
669 1702 803 1731 malevolo
831 1703 859 1730 in
883 1703 1011 1738 pietatem

1098 1701 1177 1738 Εἶχον
1199 1703 1248 1738 μὲν
1270 1703 1324 1730 οὐδ’
1348 1703 1434 1735 ἄλλως
1461 1703 1529 1739 πρὸς
1556 1703 1605 1738 τὴν
1634 1703 1682 1739 σὴν
1709 1703 1853 1732 εὐλάϐειαν

238 1749 311 1773 tuam
328 1747 419 1774 animo
439 1754 525 1779 erant,
539 1755 627 1782 neque
642 1747 694 1774 hoc
710 1748 820 1775 nomine
833 1756 876 1775 me
888 1748 1017 1775 crimine-

236 1793 285 1820 ris.
303 1791 403 1819 Verum
427 1797 603 1827 posteaquam
629 1793 758 1819 ttonnulla
781 1799 844 1819 cum
862 1792 960 1819 ﬁducia
974 1792 1016 1818 lo—

235 1838 336 1873 quendi
364 1838 517 1866 libertatem
545 1839 675 1874 usurpavi
701 1838 777 1873 (quo
799 1838 925 1866 videlicet
952 1845 1017 1865 con-

234 1889 342 1920 ceptum
376 1885 466 1912 animo
492 1891 638 1912 mmrorem
670 1884 783 1912 lenirent
810 1891 842 1911 ac
867 1884 1015 1918 curarem),

234 1931 326 1957 statim
345 1931 416 1958 cessi
437 1938 469 1958 ac
492 1931 635 1962 succubui,
657 1937 754 1965 tneque
777 1930 876 1964 regulae
901 1930 1016 1957 libenter

232 1976 346 2011 subjeci.
367 1976 468 2009 Quidni
492 1977 566 2004 eniut
586 1976 613 2003 id
633 1976 760 2008 iacerem,
787 1984 849 2003 cuttt
873 1980 900 2003 et
926 1980 972 2009 te,
988 1980 1016 2003 et

233 2021 347 2056 spiritus
377 2022 451 2057 leges
480 2021 785 2057 cugnitas‘ltaberem?
814 2021 892 2048 Nunc
925 2027 1014 2048 autem

232 2068 340 2095 etiamsi
359 2068 491 2095 malevolo
511 2071 538 2095 et
561 2067 658 2103 ignavo
688 2067 778 2096 animo
801 2074 901 2100 essem,
924 2071 1015 2095 tamen

233 2113 322 2148 ipsum
347 2117 456 2148 tempus
476 2120 520 2140 me
544 2113 596 2140 hoc
614 2112 712 2140 allectu
733 2112 858 2140 laborare
872 2120 927 2139 non
946 2113 1016 2146 pali-

234 2163 289 2192 tur,
313 2167 364 2186 nec
387 2158 461 2192 ferat,
487 2167 548 2194 qua:
574 2159 704 2193 impetum
727 2158 754 2185 in
776 2157 926 2186 Ecclesiam
942 2158 1014 2185 fece—

232 2208 307 2237 runt,
324 2211 374 2232 nec
387 2204 506 2239 denique
521 2211 670 2239 generosus
685 2207 749 2231 tuus
763 2207 946 2239 strenuusque
956 2204 1014 2230 ani-

233 2258 294 2278 tnus
309 2251 349 2278 ita
364 2251 471 2278 sincere
486 2258 517 2278 ac
531 2250 591 2278 sine
605 2250 669 2277 fuco
682 2257 731 2284 pro
744 2249 865 2276 Ecclesia
879 2257 1012 2285 pugnans.

233 2295 379 2324 Veniemus
398 2296 491 2331 igitur,
509 2296 533 2324 si
556 2296 594 2323 ita
611 2295 732 2329 videtur,
750 2299 779 2323 ut
801 2299 828 2323 et
849 2303 946 2331 preces
963 2303 1013 2323 no-

232 2347 304 2370 stras
317 2349 380 2369 cum
393 2342 494 2369 vestris
508 2341 719 2377 conjungamus,
733 2345 761 2369 et
779 2349 833 2368 una
848 2349 1011 2377 pugnemus,

1069 1749 1253 1784 μικροψύχως,
1275 1749 1312 1784 μὴ
1327 1749 1406 1775 τοῦτο
1426 1749 1476 1784 μοῦ
1495 1749 1647 1785 καταγνῷς’
1665 1750 1732 1776 ἀλλὰ
1755 1759 1853 1787 μικρον

1067 1795 1257 1829 ὲλευθεριάσας
1271 1795 1325 1830 (44)
1342 1804 1371 1821 τε
1387 1795 1434 1822 καὶ
1451 1795 1591 1831 θαῤῥήσας
1608 1796 1679 1832 (ὅσον
1697 1796 1727 1822 τὸ
1750 1796 1854 1823 λυποῦν

1065 1842 1195 1877 ὲπιψύξαι
1226 1843 1272 1869 καὶ
1300 1842 1501 1878 θεραπεῦσαι),
1533 1843 1632 1869 αὐτίκα
1656 1842 1775 1878 ἡττήθην
1805 1845 1854 1870 καὶ

1066 1888 1228 1923 ὑπεκλίθην,
1245 1888 1292 1914 καὶ
1310 1888 1350 1924 τῷ
1363 1889 1455 1915 κανόνι
1473 1888 1562 1924 φέρων
1582 1888 1698 1924 ἐμαυτὸν
1714 1889 1850 1924 ὑπέθηκα.

1066 1934 1098 1960 Τί
1110 1934 1139 1960 δὲ
1151 1935 1201 1961 οὐκ
1215 1934 1326 1970 ἔμελλόν
1344 1935 1374 1961 σέ
1388 1943 1418 1961 τε
1429 1935 1581 1969 γινώσκων,
1596 1935 1641 1961 καὶ
1657 1935 1754 1970 νόμους
1769 1936 1853 1962 πνεύ-

1067 1987 1164 2014 ματος;
1186 1979 1243 2006 Νῦν
1269 1979 1297 2006 δὲ
1319 1980 1367 2008 καὶ
1389 1981 1413 2006 si
1434 1980 1494 2006 λίαν
1518 1980 1692 2016 μικροψύχως
1713 1979 1784 2016 εἶχον
1805 1983 1853 2008 καί

1065 2024 1194 2058 ἀγεννῶς,
1210 2025 1267 2051 ἀλλ’
1286 2025 1300 2052 ὃ
1314 2028 1346 2060 τε
1361 2025 1455 2061 καιρὸς
1468 2026 1517 2052 οὐκ
1533 2027 1565 2061 ἑᾷ
1576 2025 1653 2052 τοῦτο
1669 2027 1792 2062 πάσχειν,
1804 2029 1854 2054 καὶ

1065 2070 1090 2096 οἱ
1102 2070 1321 2105 καταδραμόντες
1332 2071 1413 2106 Θῆρες
1427 2072 1460 2106 τῇ
1478 2071 1624 2107 Ἐκκλησία
1638 2071 1706 2107 (45),
1722 2071 1753 2098 τό
1766 2080 1795 2098 τε
1806 2073 1854 2099 σὺν

1066 2116 1186 2148 γενναῖον
1204 2116 1251 2142 καὶ
1265 2115 1406 2151 ἀνδρικὸν,
1432 2116 1503 2142 οὕτω
1521 2116 1648 2151 καθαρῶς
1669 2117 1715 2143 καὶ
1733 2117 1854 2152 γνησίως

1064 2161 1253 2196 προπολεμοῦν
1269 2161 1320 2193 τῆς
1341 2162 1503 2196 Ἐ-κκλησίας
1519 2162 1585 2197 (46).
1604 2163 1724 2197 Ἦξομεν
1743 2161 1805 2195 οὖν,
1826 2165 1852 2190 ει

1064 2206 1147 2238 δοκεῖ,
1167 2211 1214 2233 και
1238 2208 1298 2239 ταῖς
1317 2207 1411 2241 εὐχαῖς
1432 2207 1495 2242 ὑμῖν
1516 2207 1777 2243 συλλαμΰανόμενοι,
1803 2209 1851 2235 καὶ

1065 2252 1320 2288 συναγωνιούμενοι,
1337 2253 1383 2279 καὶ
1394 2253 1636 2288 ὑπηρετησόμενοι,
1652 2254 1699 2280 καὶ
1711 2254 1749 2286 ώς
1764 2254 1851 2290 ἀθλη-

1063 2297 1114 2332 τὴν
1124 2297 1234 2332 ἄριστον
1242 2299 1386 2325 κελευσταὶ
1397 2299 1500 2332 παῖδες,
1508 2300 1569 2330 ταῖς
1578 2299 1784 2335 ὑποφωνήσεσιν
1794 2300 1851 2336 (4'1)

1065 2343 1264 2378 ἐπαλείφοντες.

231 2391 260 2415 et.
283 2394 394 2422 operam
413 2387 492 2415 vobis
524 2394 666 2419 navemus,
690 2391 790 2422 atque,
817 2391 846 2414 ut
869 2388 1125 2422 praestantissimum
1148 2391 1266 2426 pugilem
1289 2389 1442 2418 hortatores
1468 2390 1555 2425 pueri.
1587 2391 1851 2421 succlamationibus

232 2432 388 2460 incitemus.

266 2490 323 2527 (58)
344 2491 491 2527 Πολιτείᾳ.
506 2490 601 2527 Billius
613 2491 694 2519 vertit
720 2491 830 2522 canitie;
843 2492 921 2526 quasi
942 2492 1013 2527 lege-

1101 2491 1157 2525 (4‘2)
1175 2491 1249 2527 Alias
1260 2489 1592 2527 CLXXVScriptarcodem
1607 2497 1689 2518 anno.

233 2525 371 2560 ιίιπολιᾷ,
400 2525 474 2560 quod
500 2528 525 2552 in
547 2526 710 2561 quibusdam
722 2527 802 2553 codd.
819 2525 942 2554 habetur.
960 2525 1013 2554 Sed

233 2561 372 2587 retinenda
384 2567 426 2588 est
436 2561 515 2588 lectio
528 2561 650 2596 πολιτείᾳ
660 2570 666 2576 ·
683 2569 737 2587 ιιοη
749 2561 823 2588 enint
836 2561 935 2588 Basilio
949 2566 1013 2588 tttttc

231 2599 290 2622 erat
301 2599 368 2625 aetas
383 2595 424 2623 sic
441 2601 580 2631 provecta,
595 2601 625 2623 ut
637 2595 742 2623 canitie
758 2596 827 2623 l'oret
842 2604 896 2631 pne
906 2598 1013 2626 czeteris

231 2633 374 2660 verendus.

267 2666 321 2702 (2’99)
341 2665 417 2702 Alias
429 2665 543 2694 CLXIX.
563 2664 669 2702 Scripta
689 2673 760 2693 anno
773 2666 835 2693 565.

267 2700 322 2736 (40)
343 2700 398 2736 Τὸν
408 2701 586 2736 λογιώτατον
597 2700 769 2736 [ρητόρων.
785 2701 935 2729 Gensemus
947 2701 1014 2729 Grc-

231 2736 337 2768 gorium
368 2735 408 2763 sic
437 2736 524 2764 fuisse
544 2735 580 2764 ab
603 2735 722 2764 Eusebio
746 2736 851 2764 ironice
873 2744 1012 2772 nuncupa-

231 2775 322 2841 ξυῗξί)
347 2805 401 2832 Καὶ
418 2805 480 2832 οὐδ’
506 2806 704 2833 ἀντιϐλέπειν.
732 2805 770 2833 Ita
784 2805 867 2841 Regg.
891 2809 963 2839 tres,
986 2810 1013 2834 et

237 2839 329 2871 Billius
344 2841 371 2870 in
387 2842 519 2871 versione.
532 2841 582 2870 Ed.
600 2841 670 2870 male
685 2841 731 2869 καὶ
743 2839 922 2872 ἀντιϐλέπειν.

1103 2527 1157 2561 (45)
1178 2525 1258 2561 Greg.
1275 2531 1348 2561 orat.‘
1359 2526 1404 2557 43,
1415 2525 1449 2552 n.'
1459 2525 1533 2561 ὄρει
1546 2525 1590 2552 51.

1102 2559 1157 2603 (κιρ)
1183 2559 1418 2603 ’ξέλὲυθεριάσιιᾳ
1433 2561 1472 2587 Ita
1487 2559 1552 2595 Reg.
1567 2567 1648 2592 unus,
1664 2564 1690 2587 et
1705 2559 1783 2588 Pass.
1800 2560 1850 2590 Ed.

1066 2596 1269 2631 ἐλευθεριώσας.

1082 2630 1418 2676 ἓξιξκλησίᾳ.
1448 2629 1486 2657 Ita
1503 2628 1580 2657 Pass.
1606 2627 1656 2656 Ed.
1675 2630 1766 2658 minus
1783 2631 1852 2658 bene

1100 2675 1114 2697 ς
1134 2667 1304 2701 Ἐκκλησίας.

1103 2700 1158 2736 (46)
1174 2699 1480 2739 _Kal_dr6ptxby_oi3tp
1505 2699 1702 2739 aaﬁaptbqnxal
1720 2700 1852 2739 γνησίώς

1067 2778 1119 2797 ttus
1136 2779 1163 2797 tn
1177 2778 1310 2801 verstonc.
1328 2778 1377 2797 nu.
1392 2778 1461 2797 litate
1478 2778 1524 2795 και
1539 2778 1659 2804 ανορειον
1680 2778 1750 2796 ουτω
1767 2779 1770 2796 :

1067 2805 1317 2846 ptbfiltpozcozéttoﬁv
1334 2806 1381 2832 καὶ
1399 2804 1516 2846 γνησίως
1531 2803 1770 2846 ἐῇςβλευϐερίαξζι

1102 2839 1158 2876 (ιη
1181 2839 1512 2878 Ταῖξύποφωνήσέσιν.
1538 2839 1606 2867 Male
1636 2843 1715 2867 vertit
1742 2839 1852 2874 Billius,
