1923 3053
227 152 263 180 Η
832 155 860 181 S.
881 154 1046 182 GREGORII
1065 154 1239 183 THEOLOGI
1816 155 1846 182 43

229 212 303 246 quod
318 212 381 239 vita:
406 212 474 247 ipsis
497 211 589 239 afferri
613 217 725 247 posset,
744 217 922 246 coemerunt;
944 219 1018 249 post-

1075 215 1221 250 ὤνήσαντο,
1250 214 1353 242 πλείοσι
1375 213 1601 250 περιπεπτὼκασι
1625 213 1800 250 δυσχερείαις,
1817 215 1847 241 τὰ

229 265 310 292 quam
336 263 426 286 autem
453 262 630 290 coemerunt,
654 259 681 285 in
705 259 806 287 multas
829 259 970 287 molestias
992 262 1019 287 et

229 303 406 331 diliicultates
433 305 605 337 inciderunt,
623 309 652 332 ut
671 306 717 340 qui
732 306 837 333 scilicet
852 306 951 341 partim
971 306 1019 333 im-

231 350 332 385 probos
356 351 515 379 venditores
536 351 725 387 experiantur,
751 353 849 387 partim
877 360 892 380 a
922 353 1019 381 vicinis

230 397 384 431 spolientur
404 404 436 424 ac
450 397 616 430 diripiantur
631 406 640 425 :
659 398 727 425 adeo
744 402 773 424 ut
789 399 865 426 lucro
881 399 934 426 illis
949 398 1021 426 futu-

230 451 290 470 rum
307 443 352 474 sit,
369 447 479 477 recepto
501 443 599 478 pretio,
623 444 697 479 quod
722 444 867 476 dederunt,
889 453 942 472 una
958 453 1019 472 eum

231 490 265 516 iis
281 489 447 524 sumptibus,
464 497 535 524 quos
554 494 686 524 praeterea
706 490 840 523 fecerunt,
859 495 886 518 et
900 491 947 526 qui
965 499 1019 519 non

231 535 321 570 exigui
340 539 414 566 sunt,
429 535 523 570 prtedii
534 536 711 570 possessione
725 536 832 564 cedere.
851 536 922 564 Sane
934 537 957 564 si
972 537 1020 564 tibi

232 581 306 607 litem
323 581 394 608 lianc
408 581 442 608 ad
460 581 578 616 teipsum
591 582 742 610 transferre
757 583 835 609 cordi
850 583 897 616 sit,
910 586 1020 617 postea-

232 635 331 661 quam,
353 632 383 654 ut
406 631 565 656 contractus
589 628 740 656 bellissime
762 636 794 656 ac
818 629 974 656 ﬁrmissime
992 636 1021 656 se

233 673 342 705 habeat,
366 673 536 708 dispexeris,
556 674 607 701 hoc
633 674 728 709 utique
751 678 778 701 et
799 674 866 707 ipsis
891 678 919 702 et
941 675 1021 703 nobis

231 720 336 754 gratius
357 719 564 754 jucundiusque
592 720 684 748 fuerit.
714 719 763 747 Sin
791 728 887 752 secus,
911 720 963 747 hoc
979 728 1022 747 se-

232 765 322 792 cundo
341 766 401 793 loco
424 773 438 792 a
464 770 489 793 te
506 772 586 802 pcto,
611 771 641 793 ut
666 767 786 794 hominis
804 767 884 794 anxie
905 767 1020 794 nocendi

232 813 371 840 sednlitati
390 816 472 847 atque
499 813 666 847 improbitati
693 813 812 848 teipsum
830 820 972 847 opponas;
992 818 1022 840 ut

232 866 267 886 ne
286 859 322 886 ob
336 867 430 886 eorum
448 859 532 886 vitam
560 866 575 885 a
598 858 715 893 negotiis
740 863 873 886 remotam
885 879 891 889 ,
910 858 977 893 ipsis
994 859 1021 885 in

231 903 324 938 aliquo
335 903 490 938 praevaleat,
504 911 603 938 nempe
619 907 649 930 ut
662 903 703 931 vel
719 903 851 938 praedium
867 903 1021 931 detinentes

231 949 327 980 laedat,
351 949 393 976 vel
410 948 584 976 discedentes
608 948 774 976 detrimento
802 944 911 976 alliciat.
937 947 1022 983 Equi-

231 997 292 1024 dem
304 997 363 1032 ipse
376 996 483 1032 pudore
496 996 618 1024 suffusus
635 1005 712 1029 sum,
735 996 770 1024 de
785 997 827 1024 his
842 996 925 1023 rebus
948 997 980 1023 ad
995 1000 1021 1024 te

231 1043 365 1075 scribens.
390 1043 494 1070 Tamen
516 1043 647 1077 quoniam
674 1042 754 1078 ipsis,
778 1047 834 1070 tum
861 1042 897 1069 ob
913 1042 1021 1077 generis

233 1088 479 1123 propinquitatem,
509 1093 565 1115 tum
590 1087 626 1115 ob
649 1088 710 1115 vitae
739 1088 912 1120 institutum,
938 1095 1020 1122 opera

231 1139 326 1162 nostra
354 1135 480 1166 debetur,
502 1134 667 1170 (cujusnam
691 1133 763 1161 enim
803 1135 911 1169 potius,
937 1142 1018 1169 quam

230 1180 366 1215 ejusmodi
391 1181 531 1213 virorum,
552 1188 618 1207 cura
643 1180 781 1216 quispiam
805 1180 953 1215 tangatur?
974 1184 1020 1207 ant

1072 261 1120 296 μὲν
1132 261 1187 288 τῶν
1203 261 1383 297 πεπραχότων
1403 261 1569 296 ἀγνωμόνων
1586 260 1764 295 πειρώμενοι,
1779 260 1809 287 τὰ
1822 261 1847 287 δὲ

1071 307 1122 334 ὑπὸ
1136 308 1191 334 τῶν
1205 308 1398 343 γειτονούντων
1420 306 1650 343 περικοπτόμενοι
1673 307 1721 333 καὶ
1743 306 1848 342 πορθού-

1072 362 1148 388 μενοι
1160 354 1226 388 (20),
1249 354 1319 381 ὥστε
1350 354 1444 389 κέρδος
1463 351 1532 380 εἶναι
1552 353 1654 384 αὐτοῖς,
1675 352 1705 379 τὸ
1719 351 1848 388 τίμημαδ

1070 398 1202 425 δεδώκασι
1214 398 1269 435 (21)
1291 399 1496 434 κομισαμένοις,
1516 398 1575 433 μεθ’
1592 395 1629 424 ὧν
1645 398 1848 434 προσανηλώκα-

1071 452 1133 476 σιν,
1163 444 1247 471 ὄντων
1271 445 1322 471 οὐκ
1353 444 1460 478 ὀλίγων,
1494 444 1682 480 ἀπαλλαγῆναι
1712 444 1761 479 τῆς
1790 445 1849 479 κτή-

1071 497 1140 521 σεως
1154 489 1220 525 (22).
1241 491 1272 516 El
1299 491 1347 525 μὲν
1368 488 1415 517 οὖν
1439 499 1479 517 σοι
1500 490 1576 524 φίλον
1593 491 1632 521 είς
1653 490 1765 516 σεαυτὸν
1778 498 1848 526 περι-

1072 535 1170 570 στῆσαι
1194 536 1243 571 τὴν
1269 536 1469 571 πραγματείαν,
1497 536 1571 567 ὅπως
1597 535 1630 562 ἂν
1656 535 1784 562 κάλλιστα
1806 535 1849 562 καὶ

1071 581 1262 615 ἀσφαλέστατα
1279 582 1329 618 ἔχῃ
1343 591 1384 608 σοι
1399 582 1431 610 τδη
1445 581 1620 616 συνάλλαγμα
1636 581 1849 616 διασκεψαμένῳ,

1071 627 1150 654 τοῦτο
1165 627 1197 663 δὴ
1213 628 1259 654 καὶ
1275 629 1364 659 αὐτοῖς
1379 628 1426 654 καὶ
1441 628 1504 663 ἡμῖν
1518 627 1602 662 ἥδιον.
1620 627 1651 653 Εἰ
1664 626 1693 653 δὲ
1713 626 1760 662 μὴ,
1777 626 1805 652 τό
1821 635 1850 660 γε

1071 673 1207 708 δεύτερον,
1234 675 1267 709 τῇ
1294 674 1438 710 περιεργίᾳ
1453 674 1509 708 (‘23)
1532 674 1579 700 καὶ
1602 672 1783 709 ἀγνωμοσύνῃ
1806 671 1850 698 τοῦ

1072 719 1167 755 ἀνδρὸς
1182 719 1289 751 ἀντίθες
1309 720 1433 750 σεαυτὸν,
1452 720 1494 746 ἵνα
1512 718 1549 755 μὴ
1564 719 1673 750 πάντως
1687 719 1716 744 ἓν
1728 718 1759 752 γέ
1773 727 1797 744 τι
1810 717 1851 744 διὰ

1071 765 1121 800 τὴν
1136 764 1352 801 ἀπραγμοσύνην
1372 764 1461 791 αὐτῶν
1478 764 1527 799 ἔχῃ
1549 763 1639 797 πλέον,
1660 763 1677 798 ἢ
1693 763 1851 798 κατέχοντας

1072 811 1182 843 ἀδικῶν,
1202 811 1218 846 ἢ
1236 810 1342 846 ζημιῶν
1363 809 1627 846 ἀπαλλαττομένους.
1652 808 1722 843 Ἐγὼ
1746 809 1793 844 μὲν
1808 806 1852 834 οὖν

1073 856 1120 883 καὶ
1133 856 1288 892 ἠρυθρίασα
1302 856 1365 893 περὶ
1377 856 1480 883 τούτων
1496 855 1671 882 ἐπιστέλλων.
1698 854 1803 890 Ἐπειδή
1822 862 1852 888 γε

1038 892 1057 919 Β
1072 902 1171 936 ὁμοίως
1187 902 1278 933 αὐτοῖς
1292 892 1466 936 ὀφενιλόμεοα,
1478 902 1526 928 καὶ
1537 901 1581 928 διὰ
1595 900 1683 935 γένος,
1696 901 1743 927 καὶ
1756 899 1798 926 διὰ
1806 899 1853 935 τὴν

1070 947 1118 974 τοῦ
1140 947 1196 982 βίου
1215 948 1373 983 προαίρεσιν
1393 947 1474 984 (τίνος
1490 947 1544 983 γὰρ
1564 947 1597 973 ἄν
1613 955 1655 978 τις
1669 945 1775 982 κήδοιτο
1791 945 1854 980 μᾶλ-

1071 994 1127 1025 λον,
1143 994 1159 1029 ἢ
1172 993 1226 1020 τῶν
1241 993 1369 1021 τοιούτων
1382 1003 1389 1025 ς
1405 994 1451 1020 ἐπὶ
1463 994 1501 1029 τῷ
1512 993 1540 1020 δὲ
1552 993 1585 1020 ἂν
1600 993 1752 1028 αἰσχύνοιτο
1765 991 1854 1023 πλέον,

1071 1041 1087 1076 ἢ
1104 1039 1138 1066 τὰ
1154 1039 1265 1066 τοιαῦτα
1285 1041 1440 1076 εὐεργετεῖν
1460 1040 1490 1067 οὑ
1510 1039 1768 1076 προθυμούμενος);
1783 1039 1813 1065 σὺ
1826 1038 1854 1065 δὲ

1072 1086 1142 1121 ἢδιὰ
1158 1086 1307 1121 σεαυτὸν,ἣ
1324 1087 1357 1112 δι’
1375 1087 1458 1121 ἡμᾶς,
1476 1086 1492 1122 ἢ
1513 1086 1558 1112 διὰ
1567 1086 1629 1117 τοὺς
1638 1086 1737 1121 ἄνδρας
1748 1083 1854 1116 αὐτοὺς,

1073 1133 1089 1169 ἢ
1107 1132 1152 1159 διὰ
1169 1132 1255 1159 πάντα
1272 1131 1359 1158 ταῦτα
1381 1131 1460 1166 ὁμοῦ,
1483 1131 1551 1158 ἀλλὰ
1570 1131 1679 1163 πάντως
1708 1138 1741 1164 γε
1760 1129 1855 1160 αὐτοὺς

1073 1180 1264 1216 εὐεργὲτησον.

231 1234 283 1260 qua
300 1234 330 1254 rc
344 1226 430 1262 magis
461 1227 621 1258 erubescat,
647 1233 728 1261 quam
758 1226 780 1254 si
798 1226 956 1260 hujusmoili
985 1226 1115 1254 beneficia
1140 1227 1266 1255 conferre
1289 1227 1400 1254 minime
1425 1227 1563 1262 studeat?)
1596 1231 1623 1253 te
1656 1233 1738 1260 rogo,
1763 1228 1792 1251 ut
1815 1223 1857 1249 vel

230 1277 277 1298 tua
303 1273 407 1307 ipsius,
435 1272 477 1299 vel
503 1276 615 1305 nostra,
632 1273 676 1299 vel
704 1273 825 1307 ipsorum
852 1280 952 1304 causa,
973 1273 1014 1299 vel
1027 1274 1109 1301 etiam
1125 1280 1234 1310 propter
1249 1274 1306 1303 haec
1331 1274 1423 1302 omnia
1443 1274 1470 1300 in
1495 1281 1578 1301 unum
1608 1277 1712 1305 coacta,
1747 1270 1858 1299 omnino

229 1318 339 1352 quidem
355 1323 428 1346 certe
443 1319 522 1346 deiis
538 1320 606 1347 bene
617 1320 761 1347 merearis.

461 1396 513 1431 ιϐ
531 1394 590 1422 XV.
610 1394 793 1423 LOLLIANO.

1306 1394 1355 1421 lE'.
1377 1394 1552 1430 ΛυΛΛΙΛΝῼ
1563 1393 1631 1430 (at).

231 1475 301 1502 Data
319 1475 353 1501 ad
369 1474 523 1502 Lollianum
539 1475 662 1512 epistola,
678 1483 735 1510 qua:
746 1476 875 1512 sequitur,
891 1476 981 1512 eodem
997 1484 1078 1512 nmio,
1095 1474 1225 1512 eteadem
1240 1479 1353 1512 tempore
1364 1476 1515 1512 conscripta
1535 1479 1584 1508 est,
1598 1476 1693 1511 quippe
1706 1484 1765 1512 qui:
1778 1475 1810 1503 de
1830 1485 1858 1504 re

524 1511 626 1542 cadent,
641 1515 666 1537 et
679 1509 727 1545 pro
742 1509 836 1538 iisdem
853 1511 978 1538 Helladio
994 1517 1025 1538 et-
1035 1511 1156 1543 Eulalia,
1172 1509 1290 1545 Gregorii
1306 1511 1480 1544 consobrinis,
1496 1511 1561 1546 agit.

266 1581 374 1626 Optime
388 1598 451 1618 vero
469 1589 548 1622 facis,
564 1590 637 1625 quod
654 1590 689 1617 ad
707 1598 757 1618 nos
771 1594 797 1618 te
812 1591 923 1626 recipis,
936 1591 1017 1626 longo

1105 1588 1142 1617 Εὖ
1161 1599 1193 1624 γε
1210 1591 1252 1616 ὅτι
1272 1591 1420 1625 ἐπανήκεις
1439 1592 1514 1626 ἡμῖν,
1535 1590 1579 1617 διὰ
1602 1590 1707 1626 μακροῦ
1724 1591 1785 1626 μὲν,
1801 1588 1859 1618 ἀλλ’

230 1636 339 1671 quidem
363 1635 517 1666 intervallo,
536 1636 582 1662 sed
600 1635 637 1661 ita
667 1640 756 1662 tamen
774 1635 864 1671 (quod
876 1636 928 1662 hoc
950 1643 1019 1671 prx-

231 1683 349 1709 stantius
362 1681 427 1716 est),
445 1686 475 1708 ut
489 1689 533 1709 res
553 1686 606 1708 tua:
634 1689 664 1708 se
684 1682 801 1709 habeant
817 1690 849 1709 ex
863 1682 946 1709 animi
962 1690 1020 1709 sen-

231 1729 316 1755 tentia
333 1738 340 1756 :
356 1732 382 1755 et
398 1728 463 1763 quia
480 1735 531 1755 nos
550 1728 583 1754 iis
596 1729 685 1759 curis,
703 1727 730 1754 in
752 1728 852 1762 quibus
870 1732 915 1754 tua
936 1735 1019 1755 causa

232 1774 421 1805 versabantur,
437 1773 573 1800 liberasti.
590 1772 729 1808 Siquidem
741 1773 832 1800 omnia
847 1773 927 1800 nobis
944 1780 1020 1799 com-

233 1821 324 1847 munia
339 1824 427 1847 tecum
444 1827 505 1847 esse
517 1819 654 1853 ducimus,
673 1823 726 1845 tam
741 1818 842 1850 tristia,
857 1826 938 1854 quam
960 1819 1020 1846 laeta

231 1870 258 1893 et
270 1866 408 1900 jucunda;
425 1873 457 1893 ea
473 1867 545 1893 enim
560 1866 687 1892 amicitiae
702 1869 799 1892 natura
815 1871 867 1892 est.
885 1865 1019 1898 Quoniam

232 1914 321 1936 autem
337 1908 371 1936 ad
387 1916 439 1936 nos
460 1909 606 1936 reverteris
617 1928 625 1941 ,
641 1909 684 1936 fac
704 1909 863 1937 felicitatem
883 1913 967 1941 tuam,
992 1913 1021 1936 ut

232 1955 375 1990 cujusdam
388 1955 479 1982 verbis
495 1959 566 1987 utar,
585 1955 680 1982 amicis
693 1955 747 1982 tuis
761 1955 910 1990 impertias.
923 1956 1022 1990 Imper-

233 2002 285 2028 ties
300 2005 389 2028 autem
403 2020 410 2031 ,
430 2000 452 2028 si
468 2001 593 2027 dominos
610 2001 792 2028 consobrinos
814 2009 905 2034 mcos,
930 2001 1020 2029 Hella-

234 2046 309 2073 dium
333 2050 360 2074 et
387 2045 542 2078 Enlalium,
573 2053 635 2073 cum
663 2047 691 2073 in
719 2047 824 2074 caneris
849 2047 930 2074 rebus
947 2047 1021 2074 velut

232 2091 382 2119 familiares
407 2092 507 2119 intueri
535 2091 656 2118 animum
691 2092 832 2120 induxeris
854 2092 1020 2127 (familiares

233 2142 323 2164 autem
340 2138 412 2169 dico,
429 2137 482 2164 nisi
498 2142 526 2164 tu
549 2146 600 2164 nos
622 2145 671 2172 pro
685 2138 782 2165 alienis
799 2138 911 2171 habeas,
933 2147 1021 2174 neque

232 2185 304 2211 enim
331 2184 420 2218 majus
435 2183 584 2218 quidquam
601 2183 700 2216 habeo,
716 2184 788 2218 quod
812 2183 936 2219 dicam),
963 2188 1019 2210 tum

233 2229 326 2261 etiam,
345 2234 374 2256 ut
386 2229 432 2256 alii
446 2229 512 2264 ipsis
528 2230 636 2264 patroni
655 2229 812 2264 requirendi
827 2230 892 2262 sint,
909 2230 1020 2257 minime

234 2275 356 2309 patiaris.
376 2274 475 2302 Verum
502 2275 543 2301 eis
560 2274 668 2309 quidvis
693 2278 720 2301 te
746 2275 881 2309 praebeas,
905 2276 1020 2311 probum

234 2322 364 2353 amicum,
377 2321 551 2348 comtnodum
562 2321 694 2353 vicinum,
708 2321 806 2349 fortem
818 2322 981 2356 adjutorem,
994 2326 1021 2349 et

233 2376 268 2394 ne
290 2368 396 2402 singula
419 2374 591 2398 enumerem,
609 2375 771 2402 generosum
794 2366 969 2398 Lollianum,
988 2376 1019 2394 ac

268 2467 323 2508 (20)
339 2467 546 2508 Hoont‘ijtsiI-ot.
568 2465 606 2492 lla
625 2465 709 2502 Regg.
723 2467 787 2494 duo.
809 2466 859 2494 Ed.
883 2467 952 2494 male
972 2475 1020 2492 πο-

233 2502 367 2534 θούμενοι,
395 2502 583 2528 desiderentur.
897 2522 898 2525 η

269 2511 279 2528 .i
304 2511 367 2534 ενοι,
395 2511 583 2528 αεδιιιεΐεηιιιν.
897 2522 898 2525 η

269 2511 324 2572 (Si)
347 2538 381 2563 Ὃ
397 2536 630 2572 δεδώκασιᾷιιθε
656 2544 747 2568 voces,
769 2544 829 2571 qua:
856 2537 883 2564 in
911 2536 954 2564 ed.
972 2537 1019 2563 de-

232 2570 319 2602 erant,
334 2573 519 2606 supplevinius
528 2579 542 2599 e
553 2570 639 2606 Regg.
653 2572 770 2599 duobus.

269 2606 323 2642 (Ἦ)
338 2605 486 2640 Κὲἦσεως.
505 2607 542 2633 lta
552 2605 634 2641 negg.
651 2612 717 2638 tres,
728 2611 754 2638 et
767 2605 861 2634 Billius
875 2614 902 2633 In
915 2606 1017 2634 versio-

232 2649 275 2669 ne.
291 2642 339 2669 Ed.
360 2643 429 2669 male
443 2642 567 2673 κτίσεως,
586 2642 727 2668 creatione.

267 2677 323 2712 (23)
347 2677 386 2711 Τῇ
404 2677 563 2711 περιεργίᾳ.
582 2676 688 2708 Billius,
703 2676 868 2710 lcuriositati.
884 2676 945 2704 Mox
968 2676 1015 2703 τοῦ

231 2712 336 2748 ᾀνόρός.
356 2712 412 2748 Hoc
435 2713 573 2748 singulare
589 2719 649 2748 pro
672 2712 774 2748 plurali
800 2712 916 2748 positum
935 2712 1017 2739 Com-

232 2746 326 2774 beliSio
340 2747 446 2775 videtur
463 2755 524 2775 esse
540 2746 670 2780 Atticum,
685 2748 748 2782 quia
760 2747 793 2774 de
807 2747 932 2782 pluribus
948 2747 1016 2775 vici-

231 2783 274 2809 nis
288 2783 387 2816 agitur.

267 2815 321 2852 (ἓξ)
341 2818 416 2844 Alias
431 2816 533 2845 CXCV.
552 2815 659 2851 Scripta
672 2824 745 2845 anno
762 2817 823 2844 565.

267 2851 322 2888 (25)
343 2853 439 2886 Φησὶν
452 2854 468 2878 ὀ
483 2851 582 2878 εἰπών.
596 2852 750 2887 Euripides,
767 2854 792 2879 in
811 2852 908 2880 Oreste.

1071 1635 1145 1670 ὅμως
1159 1635 1217 1670 (καὶ
1231 1634 1245 1661 ὃ
1258 1635 1352 1661 τούτου
1369 1634 1514 1670 κρεῖττον),
1537 1636 1577 1662 ὃτι
1600 1636 1670 1663 κατὰ
1692 1636 1754 1663 νοῦν
1773 1637 1860 1672 πράτ-

1070 1689 1135 1711 των,
1151 1680 1198 1706 xu).
1213 1679 1268 1706 τῶν
1281 1680 1326 1706 ἐπὶ
1342 1680 1383 1706 σοὶ
1399 1680 1547 1716 φροντίδων
1567 1681 1641 1716 ἡμᾶς
1655 1681 1858 1717 ὴλευθέρωσας.

1071 1726 1163 1752 Πάντα
1177 1726 1231 1761 γὰρ
1246 1726 1323 1752 κοινὰ
1339 1726 1487 1761 ποιούμεθα
1504 1727 1572 1762 πρὸς
1590 1727 1629 1756 σὲ,
1648 1728 1694 1754 καὶ
1711 1727 1798 1759 λύπας
1811 1729 1861 1755 καὶ

1071 1772 1247 1808 εὐφροσύνας
1263 1771 1381 1798 τοιοῦτον
1396 1772 1450 1808 γὰρ
1465 1773 1482 1808 ἡ
1503 1772 1587 1806 φιλία.
1613 1773 1720 1808 Ἐπεῖδὴ
1733 1774 1761 1800 δὲ
1773 1775 1862 1800 ὲπαν-

1071 1819 1158 1852 ήκεις,
1177 1816 1289 1851 μετάδος
1305 1817 1405 1852 φίλοισι
1421 1819 1490 1844 σοῖσι
1506 1819 1554 1854 σῆς
1574 1819 1733 1854 εὐπραξίας,
1747 1821 1831 1856 φησὶν
1846 1822 1862 1848 ὁ

1070 1863 1154 1890 εἰπών
1166 1863 1231 1898 (25)·
1249 1863 1413 1898 μεταδώσεις
1431 1864 1469 1896 δὲ,
1486 1865 1510 1890 εί
1521 1866 1584 1897 τοὺς
1600 1863 1710 1902 κυρίους
1725 1875 1775 1902 μου
1796 1867 1862 1899 τοὺς

1070 1909 1196 1943 ἀνεψιοὺς
1210 1908 1343 1935 Ἐλλάδιον
1359 1910 1404 1936 καὶ
1420 1910 1558 1943 Εὐλαλιον,
1580 1911 1627 1938 καὶ
1648 1912 1732 1939 τᾶλλα
1743 1913 1863 1946 οίκείους

1070 1955 1136 1989 ὸρᾷν
1155 1954 1303 1990 προθυμοῖο
1320 1955 1446 1989 (οἰκείους
1462 1955 1516 1991 (26)
1530 1956 1559 1983 δὲ
1572 1956 1654 1990 λέγω,
1671 1958 1693 1984 εἰ
1714 1959 1750 1994 μὴ
1763 1957 1863 1992 ἄλλους

1071 2001 1144 2036 ἡμᾶς
1165 2001 1233 2036 πρὸς
1247 2001 1341 2028 ἑαυτὸν
1353 2001 1484 2037 νομίζοις,
1498 2002 1528 2028 οὐ
1545 2002 1600 2038 γὰρ
1618 2000 1666 2030 οἷδ’
1685 2004 1699 2030 ὃ
1711 2013 1736 2030 τι
1751 2004 1784 2031 ἂν
1799 2005 1862 2040 μείς

1071 2046 1135 2078 {ova
1149 2047 1204 2082 (27)
1217 2047 1344 2082 εἴποιμι),
1360 2048 1407 2074 καὶ
1424 2048 1462 2083 μὴ
1482 2048 1582 2084 ἑτέρων
1595 2049 1722 2085 δεηθῆναι
1737 2059 1864 2086 προστα-

1070 2093 1123 2119 τῶν
1139 2093 1276 2127 ἁνάοχοιο.
1305 2093 1385 2120 Ἀλλὰ
1401 2094 1489 2120 πάντα
1504 2093 1616 2120 σεαυτὸν
1634 2095 1796 2130 παρᾴσχοιο,
1815 2096 1864 2130 φί-

1070 2138 1115 2166 λον
1131 2139 1258 2174 χρηστὸν,
1274 2139 1381 2173 γείτονα
1400 2139 1496 2171 δεξιὸν,
1525 2140 1703 2176 παραστάτην
1723 2143 1863 2176 γενναῖον,

1072 2185 1114 2211 ἵνα
1130 2185 1167 2220 μὴ
1179 2184 1238 2211 καθ’
1252 2184 1366 2212 ἕκαστον
1380 2185 1461 2219 λέγω,
1477 2186 1523 2212 τὸν
1537 2186 1634 2222 εὐγενῆ
1646 2187 1801 2221 Λολλιανδν,
1813 2188 1865 2214 τὸν

1071 2231 1118 2257 ἐπὶ
1131 2230 1318 2266 καλοκαγαθίᾳ
1331 2231 1387 2266 (28)
1400 2232 1547 2268 γνώριμον.
1567 2232 1763 2269 ’Υπισχνοῦμαι
1776 2234 1817 2266 δὲ,
1837 2234 1864 2259 εί

1036 2269 1058 2295 Ῑ)
1073 2277 1119 2302 ἐπὶ
1134 2276 1223 2302 πλεῖον
1240 2276 1330 2308 αὐτοῖς
1346 2277 1501 2313 ὁμιλήσαις,
1516 2278 1563 2305 καὶ
1581 2279 1630 2314 τῆς
1643 2279 1802 2314 φιλοσοφίας
1813 2280 1865 2306 αὑ-

1070 2322 1124 2348 τῶν
1136 2322 1190 2358 (29)
1203 2322 1232 2348 τὸ
1246 2322 1312 2357 ὕψος
1327 2323 1456 2356 κατίδοις,
1468 2324 1509 2351 ὅτι
1525 2325 1594 2360 πρὸς
1609 2325 1705 2358 ἄλλους
1717 2326 1773 2362 (50)
1788 2326 1865 2362 ὑπὲρ

1070 2367 1159 2395 αὐτῶν
1180 2368 1370 2403 πρεσϐεύει-εις.
1384 2368 1516 2397 Τοσοῦτον
1533 2370 1627 2406 θαρρῶ
1645 2371 1684 2407 τῷ
1702 2371 1741 2407 σῷ
1752 2373 1864 2408 τρόπῳ,

1105 2467 1163 2505 (26)
1194 2469 1361 2505 οἰκείους...
1383 2470 1520 2502 οἰκείους.
1539 2470 1578 2497 ita
1597 2469 1673 2505 Regii
1696 2471 1759 2498 duo.
1784 2471 1866 2499 Editi

1070 2503 1143 2564 ριοιςί
1158 2503 1258 2531 habent
1275 2504 1317 2531 bis
1343 2505 1460 2538 οἰκείως,
1473 2505 1546 2540 quod
1562 2503 1658 2533 Billiu‘s
1671 2507 1761 2539 vertit,
1774 2507 1866 2540 furni-

1081 2546 1131 2564 mrt
1146 2546 1183 2564 er.

1081 2542 1183 2564 tartter.

1105 2573 1168 2611 (27)“
1179 2573 1210 2599 Ὅ
1224 2574 1301 2611 τίῇν
1311 2574 1441 2609 μείζονα.
1456 2575 1495 2602 Ita
1512 2574 1595 2611 Regg.
1613 2580 1679 2604 tres.
1697 2576 1744 2603 Ed.
1766 2577 1867 2605 minus

1069 2607 1142 2644 bene
1156 2609 1195 2635 ὃτι
1211 2617 1243 2644 με
1248 2607 1330 2641 ίζονσὶ.

1105 2643 1159 2681 (28)
1170 2645 1387 2681 Κανιοκαγηαθὶᾳ.
1402 2645 1438 2681 Ita
1451 2644 1533 2681 Regg.
1543 2646 1607 2678 duo,
1623 2650 1650 2673 et
1665 2645 1708 2673 ed.
1724 2646 1756 2673 ad
1767 2654 1866 2680 marg.

1069 2676 1137 2714 Male
1150 2676 1179 2705 in
1194 2683 1267 2706 textu
1285 2676 1493 2714 καλοκαγαθίαν.

1106 2713 1161 2751 (29)
1186 2713 1399 2751 _A1')t5W.AHaltC
1427 2723 1531 2747 vocem,
1547 2723 1607 2751 quae
1634 2716 1661 2743 in
1683 2716 1726 2743 ed.
1750 2715 1865 2748 deerat.

1069 2749 1255 2785 suppleviinus
1269 2758 1284 2777 e
1299 2749 1382 2785 Regg.
1403 2751 1537 2785 pluribus.

1105 2784 1309 2820 (30):A.l.lovc.
1327 2784 1366 2812 lia
1382 2784 1466 2820 Regg.
1481 2787 1587 2820 plures,
1604 2790 1631 2815 et
1647 2785 1742 2814 Billius
1754 2785 1783 2814 in
1798 2793 1868 2814 ver-

1068 2818 1155 2846 sione.
1168 2818 1218 2847 Ed.
1236 2821 1306 2847 male
1322 2818 1462 2852 ἀλλΰλοῦξ.
