  <div class='ocr_page' id='page_1' title='image "/cluster/home/n/w/nwhite01/storage/ocr_20150623/37/njp.32101077772562/036.png"; bbox 0 0 1923 3053; ppageno 0'>
   <div class='ocr_carea' id='block_1_1' title="bbox 66 145 1694 174">
    <p class='ocr_par' dir='ltr' id='par_1_1' title="bbox 66 145 1694 174">
     <span class='ocr_line' id='line_1_1' title="bbox 66 145 1694 174; baseline -0.003 3"><span class='ocrx_word' id='word_1_1' title='bbox 66 145 100 172; x_wconf 64' lang='grc'><strong>49</strong></span> <span class='ocrx_word' id='word_1_2' title='bbox 750 146 919 174; x_wconf 81' lang='lat' dir='ltr'><strong>EPISTOLA</strong></span> <span class='ocrx_word' id='word_1_3' title='bbox 939 146 1006 174; x_wconf 79' lang='lat' dir='ltr'><strong>XVI.</strong></span> <span class='ocrx_word' id='word_1_4' title='bbox 1662 148 1694 172; x_wconf 63' lang='lat' dir='ltr'><strong>fit)</strong></span> 
     </span>
    </p>
   </div>
   <div class='ocr_carea' id='block_1_2' title="bbox 66 202 855 242">
    <p class='ocr_par' dir='ltr' id='par_1_2' title="bbox 66 202 855 241">
     <span class='ocr_line' id='line_1_2' title="bbox 66 202 855 241; baseline 0.005 -13"><span class='ocrx_word' id='word_1_5' title='bbox 66 204 112 229; x_wconf 78' lang='grc' dir='ltr'>καὶ</span> <span class='ocrx_word' id='word_1_6' title='bbox 134 202 206 229; x_wconf 73' lang='grc' dir='ltr'>οὕτω</span> <span class='ocrx_word' id='word_1_7' title='bbox 231 203 330 236; x_wconf 81' lang='grc' dir='ltr'>πολλὰς</span> <span class='ocrx_word' id='word_1_8' title='bbox 352 204 463 236; x_wconf 75' lang='grc' dir='ltr'><strong>ἐλπίδας</strong></span> <span class='ocrx_word' id='word_1_9' title='bbox 485 205 538 240; x_wconf 75' lang='grc' dir='ltr'><strong>ἔχω</strong></span> <span class='ocrx_word' id='word_1_10' title='bbox 563 213 601 241; x_wconf 87' lang='grc' dir='ltr'><strong>μη</strong></span> <span class='ocrx_word' id='word_1_11' title='bbox 622 205 855 241; x_wconf 78' lang='grc' dir='ltr'><strong>διαμαρτήσεσθαι</strong></span> 
     </span>
    </p>
   </div>
   <div class='ocr_carea' id='block_1_3' title="bbox 909 202 1694 242">
    <p class='ocr_par' dir='ltr' id='par_1_3' title="bbox 909 205 1694 242">
     <span class='ocr_line' id='line_1_3' title="bbox 909 205 1694 242; baseline -0.001 -9"><span class='ocrx_word' id='word_1_12' title='bbox 909 207 1052 242; x_wconf 78' lang='lat' dir='ltr'><strong>probitatis</strong></span> <span class='ocrx_word' id='word_1_13' title='bbox 1068 207 1178 234; x_wconf 89' lang='lat' dir='ltr'><strong>nomine</strong></span> <span class='ocrx_word' id='word_1_14' title='bbox 1190 207 1324 242; x_wconf 78' lang='lat' dir='ltr'><strong>insignem</strong></span> <span class='ocrx_word' id='word_1_15' title='bbox 1336 210 1363 234; x_wconf 87' lang='lat' dir='ltr'><strong>et</strong></span> <span class='ocrx_word' id='word_1_16' title='bbox 1381 207 1508 234; x_wconf 82' lang='lat' dir='ltr'><strong>nobilem.</strong></span> <span class='ocrx_word' id='word_1_17' title='bbox 1522 205 1588 233; x_wconf 94' lang='lat' dir='ltr'><strong>lllud</strong></span> <span class='ocrx_word' id='word_1_18' title='bbox 1603 209 1694 233; x_wconf 84' lang='lat' dir='ltr'><strong>autem</strong></span> 
     </span>
    </p>
   </div>
   <div class='ocr_carea' id='block_1_4' title="bbox 66 245 855 288">
    <p class='ocr_par' dir='ltr' id='par_1_4' title="bbox 66 245 607 285">
     <span class='ocr_line' id='line_1_4' title="bbox 66 245 607 285; baseline 0.007 -11"><span class='ocrx_word' id='word_1_19' title='bbox 66 256 113 274; x_wconf 84' lang='grc' dir='ltr'><strong>σου</strong></span> <span class='ocrx_word' id='word_1_20' title='bbox 128 249 182 284; x_wconf 82' lang='grc'>(51)</span> <span class='ocrx_word' id='word_1_21' title='bbox 200 250 263 285; x_wconf 80' lang='grc' dir='ltr'>περὶ</span> <span class='ocrx_word' id='word_1_22' title='bbox 277 245 314 276; x_wconf 84' lang='grc' dir='ltr'><strong>ὧν</strong></span> <span class='ocrx_word' id='word_1_23' title='bbox 329 250 409 282; x_wconf 82' lang='grc' dir='ltr'>αὐτὸς</span> <span class='ocrx_word' id='word_1_24' title='bbox 423 251 607 285; x_wconf 80' lang='grc' dir='ltr'>ἐπρέσὸευσα.</span> 
     </span>
    </p>
   </div>
   <div class='ocr_carea' id='block_1_5' title="bbox 909 245 1692 288">
    <p class='ocr_par' dir='ltr' id='par_1_5' title="bbox 911 252 1692 288">
     <span class='ocr_line' id='line_1_5' title="bbox 911 252 1692 288; baseline -0.001 -9"><span class='ocrx_word' id='word_1_25' title='bbox 911 252 959 280; x_wconf 91' lang='lat' dir='ltr'><strong>tibi</strong></span> <span class='ocrx_word' id='word_1_26' title='bbox 975 253 1115 288; x_wconf 85' lang='lat' dir='ltr'><strong>polliceor.</strong></span> <span class='ocrx_word' id='word_1_27' title='bbox 1134 254 1157 282; x_wconf 89' lang='lat' dir='ltr'><strong>si</strong></span> <span class='ocrx_word' id='word_1_28' title='bbox 1170 254 1274 281; x_wconf 89' lang='lat' dir='ltr'><strong>diutius</strong></span> <span class='ocrx_word' id='word_1_29' title='bbox 1285 261 1346 281; x_wconf 92' lang='lat' dir='ltr'><strong>cum</strong></span> <span class='ocrx_word' id='word_1_30' title='bbox 1359 254 1400 281; x_wconf 76' lang='lat' dir='ltr'><strong>eis</strong></span> <span class='ocrx_word' id='word_1_31' title='bbox 1417 253 1542 284; x_wconf 79' lang='lat' dir='ltr'><strong>verseris,</strong></span> <span class='ocrx_word' id='word_1_32' title='bbox 1557 260 1588 280; x_wconf 86' lang='lat' dir='ltr'><strong>ac</strong></span> <span class='ocrx_word' id='word_1_33' title='bbox 1603 252 1692 287; x_wconf 90' lang='lat' dir='ltr'><strong>philo-</strong></span> 
     </span>
    </p>
   </div>
   <div class='ocr_carea' id='block_1_6' title="bbox 65 297 1693 336">
    <p class='ocr_par' dir='ltr' id='par_1_6' title="bbox 65 297 1693 336">
     <span class='ocr_line' id='line_1_6' title="bbox 65 297 1693 336; baseline 0.002 -13"><span class='ocrx_word' id='word_1_34' title='bbox 65 297 170 331; x_wconf 68' lang='lat' dir='ltr'><strong>sophiae</strong></span> <span class='ocrx_word' id='word_1_35' title='bbox 199 297 318 332; x_wconf 87' lang='lat' dir='ltr'><strong>ipsorum</strong></span> <span class='ocrx_word' id='word_1_36' title='bbox 347 298 543 326; x_wconf 84' lang='lat' dir='ltr'><strong>sublimitatem</strong></span> <span class='ocrx_word' id='word_1_37' title='bbox 561 299 730 335; x_wconf 77' lang='lat' dir='ltr'><strong>perspicias,</strong></span> <span class='ocrx_word' id='word_1_38' title='bbox 754 299 811 327; x_wconf 82' lang='lat' dir='ltr'><strong>fore</strong></span> <span class='ocrx_word' id='word_1_39' title='bbox 826 304 856 327; x_wconf 90' lang='lat' dir='ltr'><strong>ut</strong></span> <span class='ocrx_word' id='word_1_40' title='bbox 874 300 932 335; x_wconf 89' lang='lat' dir='ltr'><strong>ipse</strong></span> <span class='ocrx_word' id='word_1_41' title='bbox 946 309 995 336; x_wconf 93' lang='lat' dir='ltr'><strong>pro</strong></span> <span class='ocrx_word' id='word_1_42' title='bbox 1011 301 1067 329; x_wconf 86' lang='lat' dir='ltr'><strong>illis</strong></span> <span class='ocrx_word' id='word_1_43' title='bbox 1082 301 1151 329; x_wconf 88' lang='lat' dir='ltr'><strong>alios</strong></span> <span class='ocrx_word' id='word_1_44' title='bbox 1177 301 1342 336; x_wconf 86' lang='lat' dir='ltr'><strong>depreceris.</strong></span> <span class='ocrx_word' id='word_1_45' title='bbox 1357 300 1449 335; x_wconf 84' lang='lat' dir='ltr'><strong>Usque</strong></span> <span class='ocrx_word' id='word_1_46' title='bbox 1477 300 1543 327; x_wconf 81' lang='lat' dir='ltr'><strong>adeo</strong></span> <span class='ocrx_word' id='word_1_47' title='bbox 1569 298 1693 326; x_wconf 81' lang='lat' dir='ltr'><strong>moribus</strong></span> 
     </span>
    </p>
   </div>
   <div class='ocr_carea' id='block_1_7' title="bbox 67 343 1694 382">
    <p class='ocr_par' dir='ltr' id='par_1_7' title="bbox 67 343 1694 382">
     <span class='ocr_line' id='line_1_7' title="bbox 67 343 1694 382; baseline 0.001 -13"><span class='ocrx_word' id='word_1_48' title='bbox 67 343 123 370; x_wconf 88' lang='lat' dir='ltr'><strong>tuis</strong></span> <span class='ocrx_word' id='word_1_49' title='bbox 138 343 257 376; x_wconf 82' lang='lat' dir='ltr'><strong>conﬁdo,</strong></span> <span class='ocrx_word' id='word_1_50' title='bbox 275 352 308 372; x_wconf 89' lang='lat' dir='ltr'><strong>ac</strong></span> <span class='ocrx_word' id='word_1_51' title='bbox 329 348 386 372; x_wconf 85' lang='lat' dir='ltr'><strong>tam</strong></span> <span class='ocrx_word' id='word_1_52' title='bbox 402 345 539 380; x_wconf 76' lang='lat' dir='ltr'><strong>ingentem</strong></span> <span class='ocrx_word' id='word_1_53' title='bbox 557 353 633 380; x_wconf 84' lang='lat' dir='ltr'><strong>spem</strong></span> <span class='ocrx_word' id='word_1_54' title='bbox 650 346 746 377; x_wconf 82' lang='lat' dir='ltr'><strong>habeo,</strong></span> <span class='ocrx_word' id='word_1_55' title='bbox 764 353 805 373; x_wconf 89' lang='lat' dir='ltr'><strong>me</strong></span> <span class='ocrx_word' id='word_1_56' title='bbox 822 345 855 374; x_wconf 88' lang='lat' dir='ltr'><strong>de</strong></span> <span class='ocrx_word' id='word_1_57' title='bbox 872 346 906 374; x_wconf 92' lang='lat' dir='ltr'><strong>iis</strong></span> <span class='ocrx_word' id='word_1_58' title='bbox 920 347 1014 380; x_wconf 82' lang='lat' dir='ltr'><strong>rebus,</strong></span> <span class='ocrx_word' id='word_1_59' title='bbox 1038 348 1071 375; x_wconf 88' lang='lat' dir='ltr'><strong>de</strong></span> <span class='ocrx_word' id='word_1_60' title='bbox 1089 347 1187 382; x_wconf 88' lang='lat' dir='ltr'><strong>quibus</strong></span> <span class='ocrx_word' id='word_1_61' title='bbox 1205 351 1293 374; x_wconf 89' lang='lat' dir='ltr'><strong>tecum</strong></span> <span class='ocrx_word' id='word_1_62' title='bbox 1309 354 1369 382; x_wconf 85' lang='lat' dir='ltr'><strong>ago,</strong></span> <span class='ocrx_word' id='word_1_63' title='bbox 1388 347 1523 381; x_wconf 89' lang='lat' dir='ltr'><strong>repulsam</strong></span> <span class='ocrx_word' id='word_1_64' title='bbox 1540 354 1555 373; x_wconf 87' lang='lat' dir='ltr'><strong>a</strong></span> <span class='ocrx_word' id='word_1_65' title='bbox 1582 349 1609 373; x_wconf 88' lang='lat' dir='ltr'><strong>te</strong></span> <span class='ocrx_word' id='word_1_66' title='bbox 1641 344 1694 371; x_wconf 91' lang='lat' dir='ltr'><strong>mi-</strong></span> 
     </span>
    </p>
   </div>
   <div class='ocr_carea' id='block_1_8' title="bbox 67 389 284 418">
    <p class='ocr_par' dir='ltr' id='par_1_8' title="bbox 67 389 284 418">
     <span class='ocr_line' id='line_1_8' title="bbox 67 389 284 418; baseline 0.018 -4"><span class='ocrx_word' id='word_1_67' title='bbox 67 389 141 416; x_wconf 85' lang='lat' dir='ltr'><strong>nime</strong></span> <span class='ocrx_word' id='word_1_68' title='bbox 155 390 284 418; x_wconf 86' lang='lat' dir='ltr'><strong>laturum.</strong></span> 
     </span>
    </p>
   </div>
   <div class='ocr_carea' id='block_1_9' title="bbox 102 455 855 493">
    <p class='ocr_par' dir='ltr' id='par_1_9' title="bbox 102 455 814 493">
     <span class='ocr_line' id='line_1_9' title="bbox 102 455 814 493; baseline 0.007 -12"><span class='ocrx_word' id='word_1_69' title='bbox 102 457 160 488; x_wconf 68' lang='grc' dir='ltr'><strong>ΚΤ.</strong></span> <span class='ocrx_word' id='word_1_70' title='bbox 178 455 321 492; x_wconf 73' lang='grc' dir='ltr'><strong>ΕΥΣΕΒῘῼ</strong></span> <span class='ocrx_word' id='word_1_71' title='bbox 336 457 511 493; x_wconf 77' lang='grc' dir='ltr'><strong>ΕΠΙΣΚΟΠῼ</strong></span> <span class='ocrx_word' id='word_1_72' title='bbox 526 459 732 485; x_wconf 78' lang='grc' dir='ltr'><strong>ΚΔΙΣΑΡΕΙΛΣ</strong></span> <span class='ocrx_word' id='word_1_73' title='bbox 748 459 814 488; x_wconf 68' lang='grc'>(52).</span> 
     </span>
    </p>
   </div>
   <div class='ocr_carea' id='block_1_10' title="bbox 909 455 1620 493">
    <p class='ocr_par' dir='ltr' id='par_1_10' title="bbox 977 457 1620 486">
     <span class='ocr_line' id='line_1_10' title="bbox 977 457 1620 486; baseline 0.002 -2"><span class='ocrx_word' id='word_1_74' title='bbox 977 457 1047 484; x_wconf 78' lang='lat' dir='ltr'><strong>XVI.</strong></span> <span class='ocrx_word' id='word_1_75' title='bbox 1068 457 1219 485; x_wconf 86' lang='lat' dir='ltr'><strong>EUSEBIO</strong></span> <span class='ocrx_word' id='word_1_76' title='bbox 1239 457 1407 485; x_wconf 79' lang='grc' dir='ltr'>ΕΡΙὸΕοΡο</span> <span class='ocrx_word' id='word_1_77' title='bbox 1426 457 1620 486; x_wconf 68' lang='grc' dir='ltr'><strong>(ΣΑΞΞΑΒΕᾹῙ.</strong></span> 
     </span>
    </p>
   </div>
   <div class='ocr_carea' id='block_1_11' title="bbox 89 521 1693 563">
    <p class='ocr_par' dir='ltr' id='par_1_11' title="bbox 89 521 1693 563">
     <span class='ocr_line' id='line_1_11' title="bbox 89 521 1693 563; baseline 0.001 -15"><span class='ocrx_word' id='word_1_78' title='bbox 89 521 289 563; x_wconf 27' lang='grc' dir='ltr'>-Ηιιτίερίίςιοία</span> <span class='ocrx_word' id='word_1_79' title='bbox 304 528 328 550; x_wconf 83' lang='grc' dir='ltr'><strong>ει</strong></span> <span class='ocrx_word' id='word_1_80' title='bbox 339 529 473 563; x_wconf 60' lang='lat' dir='ltr'><strong>sequentes</strong></span> <span class='ocrx_word' id='word_1_81' title='bbox 489 530 627 563; x_wconf 80' lang='lat' dir='ltr'><strong>versantur</strong></span> <span class='ocrx_word' id='word_1_82' title='bbox 641 526 712 552; x_wconf 75' lang='lat' dir='ltr'><strong>circa</strong></span> <span class='ocrx_word' id='word_1_83' title='bbox 726 526 916 554; x_wconf 80' lang='lat' dir='ltr'><strong>dissensionem</strong></span> <span class='ocrx_word' id='word_1_84' title='bbox 936 525 1006 563; x_wconf 69' lang='lat' dir='ltr'><strong>inter</strong></span> <span class='ocrx_word' id='word_1_85' title='bbox 1027 523 1169 550; x_wconf 77' lang='lat' dir='ltr'><strong>Eusebium</strong></span> <span class='ocrx_word' id='word_1_86' title='bbox 1185 522 1374 563; x_wconf 60' lang='lat' dir='ltr'><strong>C(psarieusem</strong></span> <span class='ocrx_word' id='word_1_87' title='bbox 1396 528 1420 549; x_wconf 90' lang='lat' dir='ltr'><strong>et</strong></span> <span class='ocrx_word' id='word_1_88' title='bbox 1444 523 1584 550; x_wconf 75' lang='lat' dir='ltr'><strong>Basiliam.</strong></span> <span class='ocrx_word' id='word_1_89' title='bbox 1600 523 1693 563; x_wconf 55' lang='lat' dir='ltr'><strong>finias</strong></span> 
     </span>
    </p>
   </div>
   <div class='ocr_carea' id='block_1_12' title="bbox 64 557 1693 594">
    <p class='ocr_par' dir='ltr' id='par_1_12' title="bbox 64 557 1693 594">
     <span class='ocr_line' id='line_1_12' title="bbox 64 557 1693 594; baseline 0.001 -11"><span class='ocrx_word' id='word_1_90' title='bbox 64 557 238 594; x_wconf 69' lang='lat' dir='ltr'><strong>dissensionis</strong></span> <span class='ocrx_word' id='word_1_91' title='bbox 252 567 362 594; x_wconf 78' lang='lat' dir='ltr'><strong>causam</strong></span> <span class='ocrx_word' id='word_1_92' title='bbox 374 559 434 586; x_wconf 82' lang='lat' dir='ltr'><strong>licet</strong></span> <span class='ocrx_word' id='word_1_93' title='bbox 453 559 594 594; x_wconf 75' lang='lat' dir='ltr'><strong>Gregorius</strong></span> <span class='ocrx_word' id='word_1_94' title='bbox 612 566 708 592; x_wconf 82' lang='lat' dir='ltr'><strong>taceat,</strong></span> <span class='ocrx_word' id='word_1_95' title='bbox 723 570 775 588; x_wconf 83' lang='lat' dir='ltr'><strong>non</strong></span> <span class='ocrx_word' id='word_1_96' title='bbox 789 562 845 588; x_wconf 85' lang='lat' dir='ltr'><strong>alia</strong></span> <span class='ocrx_word' id='word_1_97' title='bbox 860 569 916 588; x_wconf 81' lang='lat' dir='ltr'><strong>esse</strong></span> <span class='ocrx_word' id='word_1_98' title='bbox 929 560 1041 590; x_wconf 84' lang='lat' dir='ltr'><strong>videtur,</strong></span> <span class='ocrx_word' id='word_1_99' title='bbox 1057 567 1136 593; x_wconf 89' lang='lat' dir='ltr'><strong>quam</strong></span> <span class='ocrx_word' id='word_1_100' title='bbox 1150 560 1218 591; x_wconf 84' lang='lat' dir='ltr'><strong>quod</strong></span> <span class='ocrx_word' id='word_1_101' title='bbox 1231 558 1327 594; x_wconf 75' lang='lat' dir='ltr'><strong>Basilii</strong></span> <span class='ocrx_word' id='word_1_102' title='bbox 1338 559 1411 592; x_wconf 67' lang='lat' dir='ltr'><strong>[anna</strong></span> <span class='ocrx_word' id='word_1_103' title='bbox 1423 566 1454 584; x_wconf 84' lang='lat' dir='ltr'><strong>uc</strong></span> <span class='ocrx_word' id='word_1_104' title='bbox 1468 567 1585 585; x_wconf 79' lang='lat' dir='ltr'><strong>summus</strong></span> <span class='ocrx_word' id='word_1_105' title='bbox 1596 559 1693 594; x_wconf 79' lang='lat' dir='ltr'><strong>ingenii</strong></span> 
     </span>
    </p>
   </div>
   <div class='ocr_carea' id='block_1_13' title="bbox 64 591 1693 634">
    <p class='ocr_par' dir='ltr' id='par_1_13' title="bbox 64 591 1693 634">
     <span class='ocr_line' id='line_1_13' title="bbox 64 591 1693 634; baseline 0.001 -16"><span class='ocrx_word' id='word_1_106' title='bbox 64 597 89 634; x_wconf 59' lang='grc' dir='ltr'><strong>ει</strong></span> <span class='ocrx_word' id='word_1_107' title='bbox 106 591 235 634; x_wconf 67' lang='lat' dir='ltr'><strong>doctrina:</strong></span> <span class='ocrx_word' id='word_1_108' title='bbox 249 593 373 628; x_wconf 75' lang='lat' dir='ltr'><strong>splendor</strong></span> <span class='ocrx_word' id='word_1_109' title='bbox 389 595 479 634; x_wconf 76' lang='lat' dir='ltr'><strong>oculos</strong></span> <span class='ocrx_word' id='word_1_110' title='bbox 495 591 733 634; x_wconf 46' lang='grc' dir='ltr'><strong>Ισῖιιδείνὶί-ιτίῑειξιςαιἶ</strong></span> <span class='ocrx_word' id='word_1_111' title='bbox 749 597 892 634; x_wconf 69' lang='lat' dir='ltr'><strong>Basiliam,</strong></span> <span class='ocrx_word' id='word_1_112' title='bbox 908 595 954 634; x_wconf 71' lang='lat' dir='ltr'><strong>qui</strong></span> <span class='ocrx_word' id='word_1_113' title='bbox 969 603 998 621; x_wconf 90' lang='lat' dir='ltr'><strong>eo</strong></span> <span class='ocrx_word' id='word_1_114' title='bbox 1013 591 1067 628; x_wconf 77' lang='lat' dir='ltr'><strong>ipsi</strong></span> <span class='ocrx_word' id='word_1_115' title='bbox 1078 593 1184 634; x_wconf 62' lang='lat' dir='ltr'><strong>altarior</strong></span> <span class='ocrx_word' id='word_1_116' title='bbox 1196 602 1253 634; x_wconf 77' lang='lat' dir='ltr'><strong>esse</strong></span> <span class='ocrx_word' id='word_1_117' title='bbox 1268 591 1410 634; x_wconf 61' lang='lat' dir='ltr'><strong>debuisset,</strong></span> <span class='ocrx_word' id='word_1_118' title='bbox 1425 601 1475 634; x_wconf 66' lang='lat' dir='ltr'><strong>quo</strong></span> <span class='ocrx_word' id='word_1_119' title='bbox 1493 594 1576 628; x_wconf 85' lang='lat' dir='ltr'><strong>magis</strong></span> <span class='ocrx_word' id='word_1_120' title='bbox 1590 591 1647 620; x_wconf 76' lang='lat' dir='ltr'><strong>eum</strong></span> <span class='ocrx_word' id='word_1_121' title='bbox 1666 595 1693 620; x_wconf 87' lang='lat' dir='ltr'><strong>in</strong></span> 
     </span>
    </p>
   </div>
   <div class='ocr_carea' id='block_1_14' title="bbox 66 628 1693 668">
    <p class='ocr_par' dir='ltr' id='par_1_14' title="bbox 66 628 1693 668">
     <span class='ocr_line' id='line_1_14' title="bbox 66 628 1693 668; baseline 0.001 -15"><span class='ocrx_word' id='word_1_122' title='bbox 66 628 173 668; x_wconf 61' lang='lat' dir='ltr'><strong>[errando</strong></span> <span class='ocrx_word' id='word_1_123' title='bbox 186 628 351 668; x_wconf 58' lang='lat' dir='ltr'><strong>episcopatus</strong></span> <span class='ocrx_word' id='word_1_124' title='bbox 365 638 447 668; x_wconf 77' lang='lat' dir='ltr'><strong>onere</strong></span> <span class='ocrx_word' id='word_1_125' title='bbox 455 630 568 668; x_wconf 64' lang='lat' dir='ltr'><strong>leuabat,</strong></span> <span class='ocrx_word' id='word_1_126' title='bbox 584 631 616 657; x_wconf 85' lang='lat' dir='ltr'><strong>ab</strong></span> <span class='ocrx_word' id='word_1_127' title='bbox 631 631 756 668; x_wconf 66' lang='lat' dir='ltr'><strong>Ecclesia;</strong></span> <span class='ocrx_word' id='word_1_128' title='bbox 771 628 1072 668; x_wconf 41' lang='lat' dir='ltr'><strong>administratione-non</strong></span> <span class='ocrx_word' id='word_1_129' title='bbox 1085 629 1140 668; x_wconf 73' lang='lat' dir='ltr'><strong>sine</strong></span> <span class='ocrx_word' id='word_1_130' title='bbox 1155 629 1305 668; x_wconf 69' lang='lat' dir='ltr'><strong>ignominia</strong></span> <span class='ocrx_word' id='word_1_131' title='bbox 1312 629 1429 668; x_wconf 76' lang='lat' dir='ltr'><strong>removit.</strong></span> <span class='ocrx_word' id='word_1_132' title='bbox 1444 628 1542 668; x_wconf 73' lang='lat' dir='ltr'><strong>Ducem</strong></span> <span class='ocrx_word' id='word_1_133' title='bbox 1557 637 1635 655; x_wconf 81' lang='lat' dir='ltr'><strong>suum</strong></span> <span class='ocrx_word' id='word_1_134' title='bbox 1652 631 1693 655; x_wconf 76' lang='lat' dir='ltr'><strong>sic</strong></span> 
     </span>
    </p>
   </div>
   <div class='ocr_carea' id='block_1_15' title="bbox 65 663 1691 703">
    <p class='ocr_par' dir='ltr' id='par_1_15' title="bbox 65 663 1691 703">
     <span class='ocr_line' id='line_1_15' title="bbox 65 663 1691 703; baseline 0.002 -16"><span class='ocrx_word' id='word_1_135' title='bbox 65 663 168 703; x_wconf 66' lang='lat' dir='ltr'><strong>injuria</strong></span> <span class='ocrx_word' id='word_1_136' title='bbox 186 664 311 703; x_wconf 75' lang='lat' dir='ltr'><strong>a/feclum</strong></span> <span class='ocrx_word' id='word_1_137' title='bbox 327 666 447 691; x_wconf 80' lang='lat' dir='ltr'><strong>mmmchi</strong></span> <span class='ocrx_word' id='word_1_138' title='bbox 463 665 639 693; x_wconf 78' lang='lat' dir='ltr'><strong>Cwsaricnses</strong></span> <span class='ocrx_word' id='word_1_139' title='bbox 655 666 724 700; x_wconf 77' lang='lat' dir='ltr'><strong>ferro</strong></span> <span class='ocrx_word' id='word_1_140' title='bbox 738 675 788 703; x_wconf 83' lang='lat' dir='ltr'><strong>non</strong></span> <span class='ocrx_word' id='word_1_141' title='bbox 800 670 952 703; x_wconf 83' lang='lat' dir='ltr'><strong>potuerunt,</strong></span> <span class='ocrx_word' id='word_1_142' title='bbox 969 664 1013 691; x_wconf 81' lang='lat' dir='ltr'><strong>sed</strong></span> <span class='ocrx_word' id='word_1_143' title='bbox 1029 665 1120 691; x_wconf 75' lang='lat' dir='ltr'><strong>statim</strong></span> <span class='ocrx_word' id='word_1_144' title='bbox 1136 663 1235 690; x_wconf 80' lang='lat' dir='ltr'><strong>audaci</strong></span> <span class='ocrx_word' id='word_1_145' title='bbox 1251 664 1370 703; x_wconf 63' lang='lat' dir='ltr'><strong>facinore</strong></span> <span class='ocrx_word' id='word_1_146' title='bbox 1384 664 1420 703; x_wconf 42' lang='lat' dir='ltr'><strong>ab.</strong></span> <span class='ocrx_word' id='word_1_147' title='bbox 1437 664 1552 703; x_wconf 73' lang='lat' dir='ltr'><strong>episcopi</strong></span> <span class='ocrx_word' id='word_1_148' title='bbox 1572 672 1691 703; x_wconf 67' lang='lat' dir='ltr'><strong>commu-</strong></span> 
     </span>
    </p>
   </div>
   <div class='ocr_carea' id='block_1_16' title="bbox 65 698 1692 735">
    <p class='ocr_par' dir='ltr' id='par_1_16' title="bbox 65 698 1692 735">
     <span class='ocr_line' id='line_1_16' title="bbox 65 698 1692 735; baseline 0.002 -12"><span class='ocrx_word' id='word_1_149' title='bbox 65 698 144 735; x_wconf 80' lang='lat' dir='ltr'><strong>nione</strong></span> <span class='ocrx_word' id='word_1_150' title='bbox 159 699 277 726; x_wconf 85' lang='lat' dir='ltr'><strong>recedere</strong></span> <span class='ocrx_word' id='word_1_151' title='bbox 295 704 427 731; x_wconf 80' lang='lat' dir='ltr'><strong>statuunt,</strong></span> <span class='ocrx_word' id='word_1_152' title='bbox 447 709 584 735; x_wconf 86' lang='lat' dir='ltr'><strong>secumque</strong></span> <span class='ocrx_word' id='word_1_153' title='bbox 601 698 703 735; x_wconf 78' lang='lat' dir='ltr'><strong>partem</strong></span> <span class='ocrx_word' id='word_1_154' title='bbox 718 698 805 735; x_wconf 29' lang='lat' dir='ltr'><strong>plebis.</strong></span> <span class='ocrx_word' id='word_1_155' title='bbox 821 706 845 728; x_wconf 79' lang='lat' dir='ltr'><strong>et</strong></span> <span class='ocrx_word' id='word_1_156' title='bbox 865 701 1053 727; x_wconf 83' lang='lat' dir='ltr'><strong>honoratorum</strong></span> <span class='ocrx_word' id='word_1_157' title='bbox 1064 704 1169 735; x_wconf 67' lang='lat' dir='ltr'><strong>partem</strong></span> <span class='ocrx_word' id='word_1_158' title='bbox 1190 707 1241 725; x_wconf 87' lang='lat' dir='ltr'><strong>non</strong></span> <span class='ocrx_word' id='word_1_159' title='bbox 1256 699 1378 733; x_wconf 78' lang='lat' dir='ltr'><strong>exiguam</strong></span> <span class='ocrx_word' id='word_1_160' title='bbox 1394 698 1561 726; x_wconf 78' lang='lat' dir='ltr'><strong>abstrahunt.</strong></span> <span class='ocrx_word' id='word_1_161' title='bbox 1579 698 1692 726; x_wconf 81' lang='lat' dir='ltr'><strong>Eusebio</strong></span> 
     </span>
    </p>
   </div>
   <div class='ocr_carea' id='block_1_17' title="bbox 63 733 1693 771">
    <p class='ocr_par' dir='ltr' id='par_1_17' title="bbox 63 733 1693 771">
     <span class='ocr_line' id='line_1_17' title="bbox 63 733 1693 771; baseline 0.001 -13"><span class='ocrx_word' id='word_1_162' title='bbox 63 733 171 771; x_wconf 64' lang='lat' dir='ltr'><strong>cedens,</strong></span> <span class='ocrx_word' id='word_1_163' title='bbox 192 742 223 771; x_wconf 78' lang='lat' dir='ltr'><strong>ne</strong></span> <span class='ocrx_word' id='word_1_164' title='bbox 235 735 276 771; x_wconf 76' lang='lat' dir='ltr'><strong>sui</strong></span> <span class='ocrx_word' id='word_1_165' title='bbox 291 742 374 762; x_wconf 86' lang='lat' dir='ltr'><strong>causa</strong></span> <span class='ocrx_word' id='word_1_166' title='bbox 392 733 558 762; x_wconf 75' lang='lat' dir='ltr'><strong>laceraretur</strong></span> <span class='ocrx_word' id='word_1_167' title='bbox 574 733 703 764; x_wconf 65' lang='lat' dir='ltr'><strong>Ecclesiae</strong></span> <span class='ocrx_word' id='word_1_168' title='bbox 716 733 827 771; x_wconf 79' lang='lat' dir='ltr'><strong>corpus.</strong></span> <span class='ocrx_word' id='word_1_169' title='bbox 839 736 958 763; x_wconf 81' lang='lat' dir='ltr'><strong>Basilius</strong></span> <span class='ocrx_word' id='word_1_170' title='bbox 975 733 1181 771; x_wconf 27' lang='lat' dir='ltr'><strong>cumiGregorio</strong></span> <span class='ocrx_word' id='word_1_171' title='bbox 1198 741 1258 764; x_wconf 82' lang='lat' dir='ltr'><strong>suo,</strong></span> <span class='ocrx_word' id='word_1_172' title='bbox 1280 742 1360 771; x_wconf 80' lang='lat' dir='ltr'><strong>eoque</strong></span> <span class='ocrx_word' id='word_1_173' title='bbox 1379 741 1493 761; x_wconf 75' lang='lat' dir='ltr'><strong>secessus</strong></span> <span class='ocrx_word' id='word_1_174' title='bbox 1511 738 1693 771; x_wconf 30' lang='lat' dir='ltr'><strong>auctoresuna</strong></span> 
     </span>
    </p>
   </div>
   <div class='ocr_carea' id='block_1_18' title="bbox 63 768 1692 809">
    <p class='ocr_par' dir='ltr' id='par_1_18' title="bbox 63 768 1692 809">
     <span class='ocr_line' id='line_1_18' title="bbox 63 768 1692 809; baseline 0.002 -16"><span class='ocrx_word' id='word_1_175' title='bbox 63 768 181 809; x_wconf 50' lang='lat' dir='ltr'><strong>profugit</strong></span> <span class='ocrx_word' id='word_1_176' title='bbox 194 769 221 796; x_wconf 87' lang='lat' dir='ltr'><strong>in</strong></span> <span class='ocrx_word' id='word_1_177' title='bbox 236 769 363 809; x_wconf 56' lang='lat' dir='ltr'><strong>Pontum,</strong></span> <span class='ocrx_word' id='word_1_178' title='bbox 380 779 448 809; x_wconf 75' lang='lat' dir='ltr'><strong>anno</strong></span> <span class='ocrx_word' id='word_1_179' title='bbox 458 771 526 809; x_wconf 60' lang='grc' dir='ltr'><strong>ξ(ξᾶ</strong></span> <span class='ocrx_word' id='word_1_180' title='bbox 542 775 571 797; x_wconf 79' lang='lat' dir='ltr'><strong>ut</strong></span> <span class='ocrx_word' id='word_1_181' title='bbox 587 776 673 809; x_wconf 72' lang='lat' dir='ltr'><strong>censet</strong></span> <span class='ocrx_word' id='word_1_182' title='bbox 689 768 883 809; x_wconf 62' lang='lat' dir='ltr'><strong>Tillemontius,</strong></span> <span class='ocrx_word' id='word_1_183' title='bbox 902 771 940 809; x_wconf 76' lang='lat' dir='ltr'><strong>vel</strong></span> <span class='ocrx_word' id='word_1_184' title='bbox 951 778 1020 809; x_wconf 76' lang='lat' dir='ltr'><strong>anno</strong></span> <span class='ocrx_word' id='word_1_185' title='bbox 1034 769 1085 796; x_wconf 69' lang='grc'><strong>564</strong></span> <span class='ocrx_word' id='word_1_186' title='bbox 1100 774 1218 799; x_wconf 75' lang='lat' dir='ltr'><strong>exeunte,</strong></span> <span class='ocrx_word' id='word_1_187' title='bbox 1229 774 1280 809; x_wconf 69' lang='lat' dir='ltr'><strong>aut</strong></span> <span class='ocrx_word' id='word_1_188' title='bbox 1294 769 1372 809; x_wconf 78' lang='lat' dir='ltr'><strong>etiam</strong></span> <span class='ocrx_word' id='word_1_189' title='bbox 1388 771 1499 809; x_wconf 47' lang='lat' dir='ltr'><strong>ineunte”</strong></span> <span class='ocrx_word' id='word_1_190' title='bbox 1510 769 1573 809; x_wconf 56' lang='lat'><strong>565,</strong></span> <span class='ocrx_word' id='word_1_191' title='bbox 1583 775 1615 809; x_wconf 45' lang='lat' dir='ltr'><strong>sit</strong></span> <span class='ocrx_word' id='word_1_192' title='bbox 1629 769 1692 809; x_wconf 66' lang='lat' dir='ltr'><strong>cori-</strong></span> 
     </span>
    </p>
   </div>
   <div class='ocr_carea' id='block_1_19' title="bbox 67 803 1692 840">
    <p class='ocr_par' dir='ltr' id='par_1_19' title="bbox 67 803 1692 840">
     <span class='ocr_line' id='line_1_19' title="bbox 67 803 1692 840; baseline 0.001 -12"><span class='ocrx_word' id='word_1_193' title='bbox 67 804 148 840; x_wconf 77' lang='lat' dir='ltr'><strong>tendit</strong></span> <span class='ocrx_word' id='word_1_194' title='bbox 169 809 258 831; x_wconf 85' lang='lat' dir='ltr'><strong>noster</strong></span> <span class='ocrx_word' id='word_1_195' title='bbox 274 804 437 832; x_wconf 79' lang='lat' dir='ltr'><strong>Prudentius</strong></span> <span class='ocrx_word' id='word_1_196' title='bbox 452 803 592 832; x_wconf 77' lang='lat' dir='ltr'><strong>Marauus.</strong></span> <span class='ocrx_word' id='word_1_197' title='bbox 611 806 675 833; x_wconf 82' lang='lat' dir='ltr'><strong>lude</strong></span> <span class='ocrx_word' id='word_1_198' title='bbox 691 815 808 834; x_wconf 77' lang='lat' dir='ltr'><strong>reversus</strong></span> <span class='ocrx_word' id='word_1_199' title='bbox 823 807 963 840; x_wconf 84' lang='lat' dir='ltr'><strong>Gregorius</strong></span> <span class='ocrx_word' id='word_1_200' title='bbox 981 805 1013 832; x_wconf 84' lang='lat' dir='ltr'><strong>ad</strong></span> <span class='ocrx_word' id='word_1_201' title='bbox 1029 809 1179 832; x_wconf 79' lang='lat' dir='ltr'><strong>conventus</strong></span> <span class='ocrx_word' id='word_1_202' title='bbox 1194 804 1350 838; x_wconf 87' lang='lat' dir='ltr'><strong>spirituales</strong></span> <span class='ocrx_word' id='word_1_203' title='bbox 1361 808 1388 840; x_wconf 86' lang='lat' dir='ltr'><strong>et</strong></span> <span class='ocrx_word' id='word_1_204' title='bbox 1402 803 1518 840; x_wconf 58' lang='lat' dir='ltr'><strong>concilia</strong></span> <span class='ocrx_word' id='word_1_205' title='bbox 1533 805 1564 840; x_wconf 71' lang='lat' dir='ltr'><strong>al)</strong></span> <span class='ocrx_word' id='word_1_206' title='bbox 1581 804 1692 831; x_wconf 80' lang='lat' dir='ltr'><strong>Eusebio</strong></span> 
     </span>
    </p>
   </div>
   <div class='ocr_carea' id='block_1_20' title="bbox 65 838 1690 878">
    <p class='ocr_par' dir='ltr' id='par_1_20' title="bbox 65 838 1690 878">
     <span class='ocr_line' id='line_1_20' title="bbox 65 838 1690 878; baseline -0.001 -12"><span class='ocrx_word' id='word_1_207' title='bbox 65 839 228 878; x_wconf 65' lang='lat' dir='ltr'><strong>vocabatur;</strong></span> <span class='ocrx_word' id='word_1_208' title='bbox 245 839 357 878; x_wconf 63' lang='lat' dir='ltr'><strong>negabat</strong></span> <span class='ocrx_word' id='word_1_209' title='bbox 383 848 468 878; x_wconf 78' lang='lat' dir='ltr'><strong>autem</strong></span> <span class='ocrx_word' id='word_1_210' title='bbox 494 850 534 878; x_wconf 83' lang='lat' dir='ltr'><strong>se_</strong></span> <span class='ocrx_word' id='word_1_211' title='bbox 552 841 648 878; x_wconf 56' lang='lat' dir='ltr'><strong>alisque</strong></span> <span class='ocrx_word' id='word_1_212' title='bbox 673 842 776 869; x_wconf 79' lang='lat' dir='ltr'><strong>Basilio</strong></span> <span class='ocrx_word' id='word_1_213' title='bbox 804 838 951 878; x_wconf 68' lang='lat' dir='ltr'><strong>uenturum,</strong></span> <span class='ocrx_word' id='word_1_214' title='bbox 983 845 1059 875; x_wconf 84' lang='lat' dir='ltr'><strong>atque</strong></span> <span class='ocrx_word' id='word_1_215' title='bbox 1086 845 1115 866; x_wconf 84' lang='lat' dir='ltr'><strong>ut</strong></span> <span class='ocrx_word' id='word_1_216' title='bbox 1145 839 1372 878; x_wconf 30' lang='lat' dir='ltr'><strong>revocareturAab</strong></span> <span class='ocrx_word' id='word_1_217' title='bbox 1399 838 1524 878; x_wconf 37' lang='lat' dir='ltr'><strong>Eusebio“</strong></span> <span class='ocrx_word' id='word_1_218' title='bbox 1540 839 1690 878; x_wconf 63' lang='lat' dir='ltr'><strong>ﬂagitabat.</strong></span> 
     </span>
    </p>
   </div>
   <div class='ocr_carea' id='block_1_21' title="bbox 64 873 1692 935">
    <p class='ocr_par' dir='ltr' id='par_1_21' title="bbox 64 873 1692 935">
     <span class='ocr_line' id='line_1_21' title="bbox 64 873 1692 935; baseline 0.001 -35"><span class='ocrx_word' id='word_1_219' title='bbox 64 873 349 935; x_wconf 45' lang='grc' dir='ltr'><strong>ἒὲιῖἒιέἐιίέειᾶοιιὶεἰιιις</strong></span> <span class='ocrx_word' id='word_1_220' title='bbox 381 876 437 910; x_wconf 84' lang='lat' dir='ltr'><strong>fore</strong></span> <span class='ocrx_word' id='word_1_221' title='bbox 467 880 495 902; x_wconf 84' lang='lat' dir='ltr'><strong>ut</strong></span> <span class='ocrx_word' id='word_1_222' title='bbox 514 873 647 903; x_wconf 72' lang='lat' dir='ltr'><strong>Basiliam</strong></span> <span class='ocrx_word' id='word_1_223' title='bbox 673 877 738 912; x_wconf 84' lang='lat' dir='ltr'><strong>ipse,</strong></span> <span class='ocrx_word' id='word_1_224' title='bbox 770 877 837 904; x_wconf 77' lang='lat' dir='ltr'><strong>velut</strong></span> <span class='ocrx_word' id='word_1_225' title='bbox 860 877 960 903; x_wconf 67' lang='lat' dir='ltr'><strong>umbrae</strong></span> <span class='ocrx_word' id='word_1_226' title='bbox 985 873 1102 908; x_wconf 81' lang='lat' dir='ltr'><strong>corpora,</strong></span> <span class='ocrx_word' id='word_1_227' title='bbox 1133 879 1291 909; x_wconf 71' lang='lat' dir='ltr'><strong>sequeretur.</strong></span> <span class='ocrx_word' id='word_1_228' title='bbox 1315 874 1398 909; x_wconf 81' lang='lat' dir='ltr'><strong>Atque</strong></span> <span class='ocrx_word' id='word_1_229' title='bbox 1424 873 1479 901; x_wconf 79' lang='lat' dir='ltr'><strong>hwc</strong></span> <span class='ocrx_word' id='word_1_230' title='bbox 1503 873 1642 910; x_wconf 73' lang='lat' dir='ltr'><strong>Gregorius</strong></span> <span class='ocrx_word' id='word_1_231' title='bbox 1665 875 1692 901; x_wconf 85' lang='lat' dir='ltr'><strong>in</strong></span> 
     </span>
     <span class='ocr_line' id='line_1_22' title="bbox 149 922 1350 935; baseline -0.001 -1"><span class='ocrx_word' id='word_1_232' title='bbox 149 928 157 934; x_wconf 92' lang='lat'><strong>.</strong></span> <span class='ocrx_word' id='word_1_233' title='bbox 239 930 246 935; x_wconf 95' lang='lat'><strong>.</strong></span> <span class='ocrx_word' id='word_1_234' title='bbox 1343 922 1350 933; x_wconf 83' lang='grc' dir='ltr'><em>ι</em></span> 
     </span>
    </p>
   </div>
   <div class='ocr_carea' id='block_1_22' title="bbox 62 915 1350 943">
    <p class='ocr_par' dir='ltr' id='par_1_22' title="bbox 62 915 1350 943">
     <span class='ocr_line' id='line_1_23' title="bbox 62 915 1350 943; baseline 0.012 -9"><span class='ocrx_word' id='word_1_235' title='bbox 62 915 177 943; x_wconf 72' lang='grc' dir='ltr'>ερηιοια</span> <span class='ocrx_word' id='word_1_236' title='bbox 190 917 246 936; x_wconf 76' lang='lat' dir='ltr'><strong>xw.</strong></span> <span class='ocrx_word' id='word_1_237' title='bbox 1343 922 1350 933; x_wconf 90' lang='lat'>’</span> 
     </span>
    </p>
   </div>
   <div class='ocr_carea' id='block_1_23' title="bbox 105 978 855 1018">
    <p class='ocr_par' dir='ltr' id='par_1_23' title="bbox 105 978 854 1018">
     <span class='ocr_line' id='line_1_24' title="bbox 105 978 854 1018; baseline 0.008 -14"><span class='ocrx_word' id='word_1_238' title='bbox 105 978 214 1014; x_wconf 80' lang='grc' dir='ltr'><strong>Ἐπειδὴ</strong></span> <span class='ocrx_word' id='word_1_239' title='bbox 238 979 305 1014; x_wconf 80' lang='grc' dir='ltr'>πρὸς</span> <span class='ocrx_word' id='word_1_240' title='bbox 329 980 412 1016; x_wconf 81' lang='grc' dir='ltr'>ἄνδρα</span> <span class='ocrx_word' id='word_1_241' title='bbox 431 982 561 1017; x_wconf 82' lang='grc' dir='ltr'><strong>ποιοῦμαι</strong></span> <span class='ocrx_word' id='word_1_242' title='bbox 583 983 645 1015; x_wconf 75' lang='grc' dir='ltr'>τοὺς</span> <span class='ocrx_word' id='word_1_243' title='bbox 665 983 772 1018; x_wconf 72' lang='grc' dir='ltr'>λόγους,</span> <span class='ocrx_word' id='word_1_244' title='bbox 793 983 854 1010; x_wconf 72' lang='grc' dir='ltr'>οὗτε</span> 
     </span>
    </p>
   </div>
   <div class='ocr_carea' id='block_1_24' title="bbox 909 978 1694 1018">
    <p class='ocr_par' dir='ltr' id='par_1_24' title="bbox 941 981 1694 1016">
     <span class='ocr_line' id='line_1_25' title="bbox 941 981 1694 1016; baseline 0 -6"><span class='ocrx_word' id='word_1_245' title='bbox 941 983 1076 1016; x_wconf 81' lang='lat' dir='ltr'><strong>Quoniam</strong></span> <span class='ocrx_word' id='word_1_246' title='bbox 1095 982 1161 1009; x_wconf 91' lang='lat' dir='ltr'><strong>mihi</strong></span> <span class='ocrx_word' id='word_1_247' title='bbox 1187 989 1248 1009; x_wconf 85' lang='lat' dir='ltr'><strong>cum</strong></span> <span class='ocrx_word' id='word_1_248' title='bbox 1265 990 1297 1009; x_wconf 89' lang='lat' dir='ltr'><strong>eo</strong></span> <span class='ocrx_word' id='word_1_249' title='bbox 1321 981 1380 1009; x_wconf 88' lang='lat' dir='ltr'><strong>viro</strong></span> <span class='ocrx_word' id='word_1_250' title='bbox 1403 989 1493 1009; x_wconf 84' lang='lat' dir='ltr'><strong>sermo</strong></span> <span class='ocrx_word' id='word_1_251' title='bbox 1508 985 1560 1014; x_wconf 89' lang='lat' dir='ltr'><strong>est,</strong></span> <span class='ocrx_word' id='word_1_252' title='bbox 1581 982 1628 1016; x_wconf 90' lang='lat' dir='ltr'><strong>qui</strong></span> <span class='ocrx_word' id='word_1_253' title='bbox 1643 990 1694 1010; x_wconf 86' lang='lat' dir='ltr'><strong>nec</strong></span> 
     </span>
    </p>
   </div>
   <div class='ocr_carea' id='block_1_25' title="bbox 65 1023 854 1065">
    <p class='ocr_par' dir='ltr' id='par_1_25' title="bbox 65 1023 854 1065">
     <span class='ocr_line' id='line_1_26' title="bbox 65 1023 854 1065; baseline 0.01 -16"><span class='ocrx_word' id='word_1_254' title='bbox 65 1023 214 1057; x_wconf 80' lang='grc' dir='ltr'><strong>ἀγαπῶντα</strong></span> <span class='ocrx_word' id='word_1_255' title='bbox 232 1025 262 1051; x_wconf 84' lang='grc' dir='ltr'>τὸ</span> <span class='ocrx_word' id='word_1_256' title='bbox 273 1025 379 1060; x_wconf 67' lang='grc' dir='ltr'>ψεῦδος,</span> <span class='ocrx_word' id='word_1_257' title='bbox 395 1027 442 1053; x_wconf 79' lang='grc' dir='ltr'>καὶ</span> <span class='ocrx_word' id='word_1_258' title='bbox 455 1027 484 1053; x_wconf 80' lang='grc' dir='ltr'>τὸ</span> <span class='ocrx_word' id='word_1_259' title='bbox 501 1028 530 1054; x_wconf 82' lang='grc' dir='ltr'>ἐν</span> <span class='ocrx_word' id='word_1_260' title='bbox 549 1029 635 1064; x_wconf 75' lang='grc' dir='ltr'>ἑτέρῳ</span> <span class='ocrx_word' id='word_1_261' title='bbox 649 1030 775 1065; x_wconf 78' lang='grc' dir='ltr'>φωρᾶσαι</span> <span class='ocrx_word' id='word_1_262' title='bbox 787 1030 854 1056; x_wconf 86' lang='grc' dir='ltr'>πάν-</span> 
     </span>
    </p>
   </div>
   <div class='ocr_carea' id='block_1_26' title="bbox 64 1069 854 1109">
    <p class='ocr_par' dir='ltr' id='par_1_26' title="bbox 64 1069 854 1109">
     <span class='ocr_line' id='line_1_27' title="bbox 64 1069 854 1109; baseline 0.009 -15"><span class='ocrx_word' id='word_1_263' title='bbox 64 1077 118 1094; x_wconf 84' lang='grc' dir='ltr'><strong>των</strong></span> <span class='ocrx_word' id='word_1_264' title='bbox 131 1069 269 1102; x_wconf 80' lang='grc' dir='ltr'><strong>ὀξύτατον,</strong></span> <span class='ocrx_word' id='word_1_265' title='bbox 287 1071 338 1097; x_wconf 80' lang='grc' dir='ltr'>κᾶν</span> <span class='ocrx_word' id='word_1_266' title='bbox 353 1072 393 1098; x_wconf 76' lang='grc' dir='ltr'><strong>ὅτι</strong></span> <span class='ocrx_word' id='word_1_267' title='bbox 408 1072 527 1106; x_wconf 78' lang='grc' dir='ltr'>μάλιστα</span> <span class='ocrx_word' id='word_1_268' title='bbox 544 1075 636 1108; x_wconf 74' lang='grc' dir='ltr'>σοφοῖς</span> <span class='ocrx_word' id='word_1_269' title='bbox 651 1074 782 1109; x_wconf 82' lang='grc' dir='ltr'><strong>πλέκηται</strong></span> <span class='ocrx_word' id='word_1_270' title='bbox 797 1074 854 1108; x_wconf 79' lang='grc'>(55)</span> 
     </span>
    </p>
   </div>
   <div class='ocr_carea' id='block_1_27' title="bbox 65 1114 855 1154">
    <p class='ocr_par' dir='ltr' id='par_1_27' title="bbox 65 1114 855 1154">
     <span class='ocr_line' id='line_1_28' title="bbox 65 1114 855 1154; baseline 0.008 -14"><span class='ocrx_word' id='word_1_271' title='bbox 65 1114 111 1140; x_wconf 77' lang='grc' dir='ltr'>καὶ</span> <span class='ocrx_word' id='word_1_272' title='bbox 135 1115 268 1148; x_wconf 76' lang='grc' dir='ltr'><strong>ποικίλοις</strong></span> <span class='ocrx_word' id='word_1_273' title='bbox 291 1118 347 1148; x_wconf 85' lang='grc' dir='ltr'>τοῖς</span> <span class='ocrx_word' id='word_1_274' title='bbox 366 1117 546 1152; x_wconf 73' lang='grc' dir='ltr'>λαϐυρίνθοις·</span> <span class='ocrx_word' id='word_1_275' title='bbox 568 1119 636 1154; x_wconf 77' lang='grc' dir='ltr'>πρὸς</span> <span class='ocrx_word' id='word_1_276' title='bbox 652 1119 690 1150; x_wconf 84' lang='grc' dir='ltr'>δὲ,</span> <span class='ocrx_word' id='word_1_277' title='bbox 707 1119 767 1146; x_wconf 68' lang='grc' dir='ltr'>οὐδὲ</span> <span class='ocrx_word' id='word_1_278' title='bbox 782 1119 855 1154; x_wconf 77' lang='grc' dir='ltr'>αὐτῴ</span> 
     </span>
    </p>
   </div>
   <div class='ocr_carea' id='block_1_28' title="bbox 67 1161 856 1202">
    <p class='ocr_par' dir='ltr' id='par_1_28' title="bbox 67 1161 856 1202">
     <span class='ocr_line' id='line_1_29' title="bbox 67 1161 856 1202; baseline 0.008 -16"><span class='ocrx_word' id='word_1_279' title='bbox 67 1169 112 1195; x_wconf 86' lang='grc' dir='ltr'><strong>μοι</strong></span> <span class='ocrx_word' id='word_1_280' title='bbox 129 1161 206 1195; x_wconf 81' lang='grc' dir='ltr'>φίλον</span> <span class='ocrx_word' id='word_1_281' title='bbox 227 1163 256 1188; x_wconf 74' lang='grc' dir='ltr'>τὸ</span> <span class='ocrx_word' id='word_1_282' title='bbox 276 1164 399 1198; x_wconf 68' lang='grc' dir='ltr'>τεχνικὸν</span> <span class='ocrx_word' id='word_1_283' title='bbox 419 1165 569 1200; x_wconf 84' lang='grc' dir='ltr'>(εἰρήσεται</span> <span class='ocrx_word' id='word_1_284' title='bbox 589 1164 643 1200; x_wconf 78' lang='grc' dir='ltr'><strong>γὰρ</strong></span> <span class='ocrx_word' id='word_1_285' title='bbox 663 1165 715 1191; x_wconf 87' lang='grc' dir='ltr'>κᾶν</span> <span class='ocrx_word' id='word_1_286' title='bbox 765 1174 856 1201; x_wconf 83' lang='grc' dir='ltr'>φορτι-</span> 
     </span>
    </p>
   </div>
   <div class='ocr_carea' id='block_1_29' title="bbox 65 1207 855 1246">
    <p class='ocr_par' dir='ltr' id='par_1_29' title="bbox 65 1207 855 1246">
     <span class='ocr_line' id='line_1_30' title="bbox 65 1207 855 1246; baseline 0.005 -13"><span class='ocrx_word' id='word_1_287' title='bbox 65 1207 210 1243; x_wconf 82' lang='grc' dir='ltr'>κώτερον),</span> <span class='ocrx_word' id='word_1_288' title='bbox 235 1210 368 1243; x_wconf 73' lang='grc' dir='ltr'><strong>πεφυκότι</strong></span> <span class='ocrx_word' id='word_1_289' title='bbox 385 1219 413 1236; x_wconf 85' lang='grc' dir='ltr'><strong>τε</strong></span> <span class='ocrx_word' id='word_1_290' title='bbox 431 1211 501 1237; x_wconf 76' lang='grc' dir='ltr'>οὕτω</span> <span class='ocrx_word' id='word_1_291' title='bbox 526 1211 571 1237; x_wconf 81' lang='grc' dir='ltr'>καὶ</span> <span class='ocrx_word' id='word_1_292' title='bbox 590 1211 754 1246; x_wconf 83' lang='grc' dir='ltr'>τυπουμένῳ</span> <span class='ocrx_word' id='word_1_293' title='bbox 779 1210 855 1246; x_wconf 82' lang='grc' dir='ltr'>παρὰ</span> 
     </span>
    </p>
   </div>
   <div class='ocr_carea' id='block_1_30' title="bbox 65 1255 855 1293">
    <p class='ocr_par' dir='ltr' id='par_1_30' title="bbox 65 1255 855 1293">
     <span class='ocr_line' id='line_1_31' title="bbox 65 1255 855 1293; baseline 0.005 -13"><span class='ocrx_word' id='word_1_294' title='bbox 65 1256 112 1280; x_wconf 79' lang='grc' dir='ltr'>τοῦ</span> <span class='ocrx_word' id='word_1_295' title='bbox 133 1255 224 1288; x_wconf 74' lang='grc' dir='ltr'>λόγου,</span> <span class='ocrx_word' id='word_1_296' title='bbox 249 1255 291 1282; x_wconf 75' lang='grc' dir='ltr'>διὰ</span> <span class='ocrx_word' id='word_1_297' title='bbox 311 1256 390 1282; x_wconf 80' lang='grc' dir='ltr'>τοῦτο</span> <span class='ocrx_word' id='word_1_298' title='bbox 411 1257 510 1292; x_wconf 72' lang='grc' dir='ltr'>γράφω</span> <span class='ocrx_word' id='word_1_299' title='bbox 526 1258 561 1284; x_wconf 84' lang='grc' dir='ltr'>τὰ</span> <span class='ocrx_word' id='word_1_300' title='bbox 583 1258 782 1293; x_wconf 79' lang='grc' dir='ltr'>παριστάμενα.</span> <span class='ocrx_word' id='word_1_301' title='bbox 802 1257 855 1284; x_wconf 86' lang='grc' dir='ltr'>Καί</span> 
     </span>
    </p>
   </div>
   <div class='ocr_carea' id='block_1_31' title="bbox 65 1300 854 1338">
    <p class='ocr_par' dir='ltr' id='par_1_31' title="bbox 65 1300 854 1338">
     <span class='ocr_line' id='line_1_32' title="bbox 65 1300 854 1338; baseline 0.006 -13"><span class='ocrx_word' id='word_1_302' title='bbox 65 1307 116 1334; x_wconf 88' lang='grc' dir='ltr'><strong>μου</strong></span> <span class='ocrx_word' id='word_1_303' title='bbox 131 1300 206 1332; x_wconf 76' lang='grc' dir='ltr'>δέξαι</span> <span class='ocrx_word' id='word_1_304' title='bbox 220 1300 269 1335; x_wconf 84' lang='grc' dir='ltr'>τὴν</span> <span class='ocrx_word' id='word_1_305' title='bbox 287 1301 454 1336; x_wconf 75' lang='grc' dir='ltr'>παρρησίαν·</span> <span class='ocrx_word' id='word_1_306' title='bbox 470 1302 486 1337; x_wconf 86' lang='grc' dir='ltr'>ἢ</span> <span class='ocrx_word' id='word_1_307' title='bbox 511 1303 652 1338; x_wconf 76' lang='grc' dir='ltr'><strong>ἀδικήσεις</strong></span> <span class='ocrx_word' id='word_1_308' title='bbox 665 1311 697 1337; x_wconf 88' lang='grc' dir='ltr'><strong>γε</strong></span> <span class='ocrx_word' id='word_1_309' title='bbox 718 1303 767 1338; x_wconf 83' lang='grc' dir='ltr'>τῆς</span> <span class='ocrx_word' id='word_1_310' title='bbox 788 1303 854 1338; x_wconf 84' lang='grc' dir='ltr'>ἀλη-</span> 
     </span>
    </p>
   </div>
   <div class='ocr_carea' id='block_1_32' title="bbox 65 1345 856 1384">
    <p class='ocr_par' dir='ltr' id='par_1_32' title="bbox 65 1345 856 1384">
     <span class='ocr_line' id='line_1_33' title="bbox 65 1345 856 1384; baseline 0.005 -13"><span class='ocrx_word' id='word_1_311' title='bbox 65 1345 150 1378; x_wconf 78' lang='grc' dir='ltr'>θείας,</span> <span class='ocrx_word' id='word_1_312' title='bbox 171 1346 206 1372; x_wconf 80' lang='grc' dir='ltr'><strong>τὰ</strong></span> <span class='ocrx_word' id='word_1_313' title='bbox 220 1347 269 1382; x_wconf 84' lang='grc' dir='ltr'>τῆς</span> <span class='ocrx_word' id='word_1_314' title='bbox 285 1347 441 1384; x_wconf 75' lang='grc' dir='ltr'><strong>ἐλευθερίας</strong></span> <span class='ocrx_word' id='word_1_315' title='bbox 457 1348 512 1383; x_wconf 75' lang='grc'>(54)</span> <span class='ocrx_word' id='word_1_316' title='bbox 527 1349 696 1384; x_wconf 77' lang='grc' dir='ltr'><strong>ἀποστερῶν,</strong></span> <span class='ocrx_word' id='word_1_317' title='bbox 713 1349 759 1375; x_wconf 71' lang='grc' dir='ltr'>καὶ</span> <span class='ocrx_word' id='word_1_318' title='bbox 774 1350 856 1383; x_wconf 82' lang='grc' dir='ltr'>ἀναγ-</span> 
     </span>
    </p>
   </div>
   <div class='ocr_carea' id='block_1_33' title="bbox 65 1393 854 1430">
    <p class='ocr_par' dir='ltr' id='par_1_33' title="bbox 65 1393 854 1430">
     <span class='ocr_line' id='line_1_34' title="bbox 65 1393 854 1430; baseline 0.003 -11"><span class='ocrx_word' id='word_1_319' title='bbox 65 1393 157 1425; x_wconf 76' lang='grc' dir='ltr'>κάζων</span> <span class='ocrx_word' id='word_1_320' title='bbox 181 1395 210 1420; x_wconf 83' lang='grc' dir='ltr'>ὲν</span> <span class='ocrx_word' id='word_1_321' title='bbox 232 1393 344 1429; x_wconf 78' lang='grc' dir='ltr'>ἐμαυτῷ</span> <span class='ocrx_word' id='word_1_322' title='bbox 366 1394 491 1429; x_wconf 78' lang='grc' dir='ltr'><strong>κατέχειν</strong></span> <span class='ocrx_word' id='word_1_323' title='bbox 517 1395 565 1430; x_wconf 83' lang='grc' dir='ltr'>τὴν</span> <span class='ocrx_word' id='word_1_324' title='bbox 585 1395 666 1421; x_wconf 82' lang='grc' dir='ltr'>ὠδῖνα</span> <span class='ocrx_word' id='word_1_325' title='bbox 685 1394 735 1429; x_wconf 83' lang='grc' dir='ltr'>τῆς</span> <span class='ocrx_word' id='word_1_326' title='bbox 756 1394 854 1430; x_wconf 82' lang='grc' dir='ltr'><strong>λύπης,</strong></span> 
     </span>
    </p>
   </div>
   <div class='ocr_carea' id='block_1_34' title="bbox 64 1438 855 1475">
    <p class='ocr_par' dir='ltr' id='par_1_34' title="bbox 64 1438 855 1475">
     <span class='ocr_line' id='line_1_35' title="bbox 64 1438 855 1475; baseline 0.003 -11"><span class='ocrx_word' id='word_1_327' title='bbox 64 1438 160 1473; x_wconf 83' lang='grc' dir='ltr'>ὥσπερ</span> <span class='ocrx_word' id='word_1_328' title='bbox 173 1447 199 1464; x_wconf 90' lang='grc' dir='ltr'><strong>τι</strong></span> <span class='ocrx_word' id='word_1_329' title='bbox 211 1439 318 1474; x_wconf 81' lang='grc' dir='ltr'>νόσημα</span> <span class='ocrx_word' id='word_1_330' title='bbox 331 1439 448 1466; x_wconf 75' lang='grc' dir='ltr'>ὕπουλον</span> <span class='ocrx_word' id='word_1_331' title='bbox 462 1439 509 1466; x_wconf 76' lang='grc' dir='ltr'>καὶ</span> <span class='ocrx_word' id='word_1_332' title='bbox 523 1440 667 1474; x_wconf 76' lang='grc' dir='ltr'><strong>κακόηθες.</strong></span> <span class='ocrx_word' id='word_1_333' title='bbox 686 1440 757 1474; x_wconf 76' lang='grc' dir='ltr'><strong>Ἐγὼ</strong></span> <span class='ocrx_word' id='word_1_334' title='bbox 768 1439 855 1475; x_wconf 81' lang='grc' dir='ltr'>χαίρω</span> 
     </span>
    </p>
   </div>
   <div class='ocr_carea' id='block_1_35' title="bbox 65 1484 855 1521">
    <p class='ocr_par' dir='ltr' id='par_1_35' title="bbox 65 1484 855 1521">
     <span class='ocr_line' id='line_1_36' title="bbox 65 1484 855 1521; baseline 0.003 -11"><span class='ocrx_word' id='word_1_335' title='bbox 65 1484 115 1519; x_wconf 82' lang='grc' dir='ltr'>μὲν</span> <span class='ocrx_word' id='word_1_336' title='bbox 134 1484 188 1510; x_wconf 76' lang='grc' dir='ltr'><strong>ὑπὸ</strong></span> <span class='ocrx_word' id='word_1_337' title='bbox 206 1484 253 1510; x_wconf 82' lang='grc' dir='ltr'><strong>σοῦ</strong></span> <span class='ocrx_word' id='word_1_338' title='bbox 272 1485 426 1519; x_wconf 81' lang='grc' dir='ltr'><strong>τιμώμενος</strong></span> <span class='ocrx_word' id='word_1_339' title='bbox 449 1485 539 1521; x_wconf 78' lang='grc' dir='ltr'>(εἴπερ</span> <span class='ocrx_word' id='word_1_340' title='bbox 555 1484 697 1520; x_wconf 83' lang='grc' dir='ltr'>ἄνθρωπός</span> <span class='ocrx_word' id='word_1_341' title='bbox 721 1486 790 1521; x_wconf 75' lang='grc' dir='ltr'>εἰμι,</span> <span class='ocrx_word' id='word_1_342' title='bbox 809 1485 855 1512; x_wconf 80' lang='grc' dir='ltr'>τοῦ</span> 
     </span>
    </p>
   </div>
   <div class='ocr_carea' id='block_1_36' title="bbox 64 1530 856 1566">
    <p class='ocr_par' dir='ltr' id='par_1_36' title="bbox 64 1530 856 1566">
     <span class='ocr_line' id='line_1_37' title="bbox 64 1530 856 1566; baseline 0.001 -10"><span class='ocrx_word' id='word_1_343' title='bbox 64 1531 261 1565; x_wconf 69' lang='grc' dir='ltr'>προειρηκότος</span> <span class='ocrx_word' id='word_1_344' title='bbox 277 1531 333 1565; x_wconf 73' lang='grc'>(35)</span> <span class='ocrx_word' id='word_1_345' title='bbox 351 1531 365 1557; x_wconf 86' lang='grc' dir='ltr'>ὁ</span> <span class='ocrx_word' id='word_1_346' title='bbox 380 1531 480 1565; x_wconf 80' lang='grc' dir='ltr'>λόγος),</span> <span class='ocrx_word' id='word_1_347' title='bbox 505 1531 552 1557; x_wconf 74' lang='grc' dir='ltr'>καὶ</span> <span class='ocrx_word' id='word_1_348' title='bbox 575 1530 741 1566; x_wconf 84' lang='grc' dir='ltr'>καλούμενος</span> <span class='ocrx_word' id='word_1_349' title='bbox 764 1531 810 1558; x_wconf 85' lang='grc' dir='ltr'>ὲπί</span> <span class='ocrx_word' id='word_1_350' title='bbox 826 1539 856 1557; x_wconf 84' lang='grc' dir='ltr'><strong>τε</strong></span> 
     </span>
    </p>
   </div>
   <div class='ocr_carea' id='block_1_37' title="bbox 66 1575 856 1611">
    <p class='ocr_par' dir='ltr' id='par_1_37' title="bbox 66 1575 856 1611">
     <span class='ocr_line' id='line_1_38' title="bbox 66 1575 856 1611; baseline 0.003 -11"><span class='ocrx_word' id='word_1_351' title='bbox 66 1575 192 1606; x_wconf 78' lang='grc' dir='ltr'>συνόδους</span> <span class='ocrx_word' id='word_1_352' title='bbox 209 1575 257 1601; x_wconf 84' lang='grc' dir='ltr'><strong>καὶ</strong></span> <span class='ocrx_word' id='word_1_353' title='bbox 272 1575 417 1609; x_wconf 77' lang='grc' dir='ltr'>συλλόγους</span> <span class='ocrx_word' id='word_1_354' title='bbox 431 1575 631 1607; x_wconf 83' lang='grc' dir='ltr'>πνευματικούς</span> <span class='ocrx_word' id='word_1_355' title='bbox 644 1575 709 1611; x_wconf 80' lang='grc'>(56).</span> <span class='ocrx_word' id='word_1_356' title='bbox 729 1575 765 1602; x_wconf 72' lang='lat'><strong>0&#39;3</strong></span> <span class='ocrx_word' id='word_1_357' title='bbox 782 1575 856 1610; x_wconf 80' lang='grc' dir='ltr'>φέρω</span> 
     </span>
    </p>
   </div>
   <div class='ocr_carea' id='block_1_38' title="bbox 64 1620 852 1656">
    <p class='ocr_par' dir='ltr' id='par_1_38' title="bbox 64 1620 852 1656">
     <span class='ocr_line' id='line_1_39' title="bbox 64 1620 852 1656; baseline 0.001 -10"><span class='ocrx_word' id='word_1_358' title='bbox 64 1620 91 1647; x_wconf 75' lang='grc' dir='ltr'><strong>δὲ</strong></span> <span class='ocrx_word' id='word_1_359' title='bbox 108 1621 158 1655; x_wconf 74' lang='grc' dir='ltr'>τὴν</span> <span class='ocrx_word' id='word_1_360' title='bbox 174 1621 361 1656; x_wconf 78' lang='grc' dir='ltr'>γεγενημένην</span> <span class='ocrx_word' id='word_1_361' title='bbox 377 1620 454 1656; x_wconf 76' lang='grc' dir='ltr'>ὓϐριν</span> <span class='ocrx_word' id='word_1_362' title='bbox 465 1621 503 1656; x_wconf 83' lang='grc' dir='ltr'>τῷ</span> <span class='ocrx_word' id='word_1_363' title='bbox 518 1621 674 1656; x_wconf 77' lang='grc' dir='ltr'><strong>τιμιωτάτῳ</strong></span> <span class='ocrx_word' id='word_1_364' title='bbox 684 1620 789 1656; x_wconf 79' lang='grc' dir='ltr'><strong>ἀδελφῷ</strong></span> <span class='ocrx_word' id='word_1_365' title='bbox 804 1621 852 1647; x_wconf 67' lang='grc' dir='ltr'><strong>Βαι</strong></span> 
     </span>
    </p>
   </div>
   <div class='ocr_carea' id='block_1_39' title="bbox 907 1028 1694 1066">
    <p class='ocr_par' dir='ltr' id='par_1_39' title="bbox 907 1028 1694 1066">
     <span class='ocr_line' id='line_1_40' title="bbox 907 1028 1694 1066; baseline -0.004 -9"><span class='ocrx_word' id='word_1_366' title='bbox 907 1031 964 1066; x_wconf 90' lang='lat' dir='ltr'><strong>ipse</strong></span> <span class='ocrx_word' id='word_1_367' title='bbox 979 1030 1150 1057; x_wconf 81' lang='lat' dir='ltr'><strong>mendacium</strong></span> <span class='ocrx_word' id='word_1_368' title='bbox 1168 1033 1249 1061; x_wconf 84' lang='lat' dir='ltr'><strong>amet,</strong></span> <span class='ocrx_word' id='word_1_369' title='bbox 1261 1033 1289 1056; x_wconf 85' lang='lat' dir='ltr'><strong>et</strong></span> <span class='ocrx_word' id='word_1_370' title='bbox 1308 1028 1341 1055; x_wconf 83' lang='lat' dir='ltr'><strong>ad</strong></span> <span class='ocrx_word' id='word_1_371' title='bbox 1357 1028 1430 1056; x_wconf 92' lang='lat' dir='ltr'><strong>istud</strong></span> <span class='ocrx_word' id='word_1_372' title='bbox 1454 1028 1483 1055; x_wconf 94' lang='lat' dir='ltr'><strong>in</strong></span> <span class='ocrx_word' id='word_1_373' title='bbox 1498 1028 1583 1056; x_wconf 87' lang='lat' dir='ltr'><strong>altero</strong></span> <span class='ocrx_word' id='word_1_374' title='bbox 1598 1029 1694 1063; x_wconf 87' lang='lat' dir='ltr'><strong>depre-</strong></span> 
     </span>
    </p>
   </div>
   <div class='ocr_carea' id='block_1_40' title="bbox 907 1073 1692 1108">
    <p class='ocr_par' dir='ltr' id='par_1_40' title="bbox 907 1073 1692 1108">
     <span class='ocr_line' id='line_1_41' title="bbox 907 1073 1692 1108; baseline -0.003 -7"><span class='ocrx_word' id='word_1_375' title='bbox 907 1075 1077 1102; x_wconf 85' lang='lat' dir='ltr'><strong>hendendum</strong></span> <span class='ocrx_word' id='word_1_376' title='bbox 1114 1074 1238 1101; x_wconf 86' lang='lat' dir='ltr'><strong>homines</strong></span> <span class='ocrx_word' id='word_1_377' title='bbox 1272 1080 1368 1101; x_wconf 90' lang='lat' dir='ltr'><strong>omnes</strong></span> <span class='ocrx_word' id='word_1_378' title='bbox 1404 1073 1530 1101; x_wconf 88' lang='lat' dir='ltr'><strong>acumine</strong></span> <span class='ocrx_word' id='word_1_379' title='bbox 1565 1077 1692 1108; x_wconf 85' lang='lat' dir='ltr'><strong>superet,</strong></span> 
     </span>
    </p>
   </div>
   <div class='ocr_carea' id='block_1_41' title="bbox 907 1119 1691 1156">
    <p class='ocr_par' dir='ltr' id='par_1_41' title="bbox 907 1119 1691 1156">
     <span class='ocr_line' id='line_1_42' title="bbox 907 1119 1691 1156; baseline -0.001 -10"><span class='ocrx_word' id='word_1_380' title='bbox 907 1121 1081 1156; x_wconf 76' lang='lat' dir='ltr'><strong>quantumvis</strong></span> <span class='ocrx_word' id='word_1_381' title='bbox 1093 1120 1171 1148; x_wconf 86' lang='lat' dir='ltr'><strong>scitis</strong></span> <span class='ocrx_word' id='word_1_382' title='bbox 1181 1123 1208 1147; x_wconf 84' lang='lat' dir='ltr'><strong>et</strong></span> <span class='ocrx_word' id='word_1_383' title='bbox 1227 1120 1310 1146; x_wconf 86' lang='lat' dir='ltr'><strong>variis</strong></span> <span class='ocrx_word' id='word_1_384' title='bbox 1326 1119 1490 1154; x_wconf 86' lang='lat' dir='ltr'><strong>labyrinthis</strong></span> <span class='ocrx_word' id='word_1_385' title='bbox 1504 1119 1666 1146; x_wconf 83' lang='lat' dir='ltr'><strong>obvolvatur</strong></span> <span class='ocrx_word' id='word_1_386' title='bbox 1684 1128 1691 1134; x_wconf 86' lang='grc'>·</span> 
     </span>
    </p>
   </div>
   <div class='ocr_carea' id='block_1_42' title="bbox 907 1165 1691 1202">
    <p class='ocr_par' dir='ltr' id='par_1_42' title="bbox 907 1165 1691 1202">
     <span class='ocr_line' id='line_1_43' title="bbox 907 1165 1691 1202; baseline -0.001 -9"><span class='ocrx_word' id='word_1_387' title='bbox 907 1171 989 1202; x_wconf 75' lang='lat' dir='ltr'><strong>atque</strong></span> <span class='ocrx_word' id='word_1_388' title='bbox 1004 1167 1117 1200; x_wconf 84' lang='lat' dir='ltr'><strong>insuper</strong></span> <span class='ocrx_word' id='word_1_389' title='bbox 1130 1173 1181 1193; x_wconf 90' lang='lat' dir='ltr'><strong>nec</strong></span> <span class='ocrx_word' id='word_1_390' title='bbox 1196 1165 1261 1192; x_wconf 90' lang='lat' dir='ltr'><strong>mihi</strong></span> <span class='ocrx_word' id='word_1_391' title='bbox 1277 1166 1385 1201; x_wconf 86' lang='lat' dir='ltr'><strong>quidem</strong></span> <span class='ocrx_word' id='word_1_392' title='bbox 1403 1165 1483 1192; x_wconf 82' lang='lat' dir='ltr'><strong>l‘ucus</strong></span> <span class='ocrx_word' id='word_1_393' title='bbox 1502 1169 1529 1192; x_wconf 87' lang='lat' dir='ltr'><strong>et</strong></span> <span class='ocrx_word' id='word_1_394' title='bbox 1546 1166 1691 1192; x_wconf 89' lang='lat' dir='ltr'><strong>arlilicium</strong></span> 
     </span>
    </p>
   </div>
   <div class='ocr_carea' id='block_1_43' title="bbox 906 1211 1692 1248">
    <p class='ocr_par' dir='ltr' id='par_1_43' title="bbox 906 1211 1692 1248">
     <span class='ocr_line' id='line_1_44' title="bbox 906 1211 1692 1248; baseline -0.004 -9"><span class='ocrx_word' id='word_1_395' title='bbox 906 1214 994 1248; x_wconf 75' lang='lat' dir='ltr'><strong>placet.</strong></span> <span class='ocrx_word' id='word_1_396' title='bbox 1028 1211 1139 1246; x_wconf 82' lang='lat' dir='ltr'><strong>(dicam</strong></span> <span class='ocrx_word' id='word_1_397' title='bbox 1176 1212 1267 1242; x_wconf 89' lang='lat' dir='ltr'><strong>enim,</strong></span> <span class='ocrx_word' id='word_1_398' title='bbox 1295 1211 1347 1239; x_wconf 85' lang='lat' dir='ltr'><strong>etsi</strong></span> <span class='ocrx_word' id='word_1_399' title='bbox 1374 1211 1518 1238; x_wconf 82' lang='lat' dir='ltr'><strong>molestius</strong></span> <span class='ocrx_word' id='word_1_400' title='bbox 1542 1212 1607 1243; x_wconf 86' lang='lat' dir='ltr'><strong>sit),</strong></span> <span class='ocrx_word' id='word_1_401' title='bbox 1637 1214 1692 1237; x_wconf 89' lang='lat' dir='ltr'><strong>lum</strong></span> 
     </span>
    </p>
   </div>
   <div class='ocr_carea' id='block_1_44' title="bbox 906 1254 1694 1292">
    <p class='ocr_par' dir='ltr' id='par_1_44' title="bbox 906 1254 1694 1292">
     <span class='ocr_line' id='line_1_45' title="bbox 906 1254 1694 1292; baseline -0.005 -6"><span class='ocrx_word' id='word_1_402' title='bbox 906 1267 921 1286; x_wconf 85' lang='lat' dir='ltr'><strong>a</strong></span> <span class='ocrx_word' id='word_1_403' title='bbox 947 1264 1044 1285; x_wconf 84' lang='lat' dir='ltr'><strong>natura</strong></span> <span class='ocrx_word' id='word_1_404' title='bbox 1066 1258 1103 1284; x_wconf 85' lang='lat' dir='ltr'><strong>ita</strong></span> <span class='ocrx_word' id='word_1_405' title='bbox 1128 1254 1302 1292; x_wconf 84' lang='lat' dir='ltr'><strong>comparato,</strong></span> <span class='ocrx_word' id='word_1_406' title='bbox 1326 1261 1382 1283; x_wconf 89' lang='lat' dir='ltr'><strong>tum</strong></span> <span class='ocrx_word' id='word_1_407' title='bbox 1409 1264 1423 1283; x_wconf 88' lang='lat' dir='ltr'><strong>a</strong></span> <span class='ocrx_word' id='word_1_408' title='bbox 1444 1256 1584 1292; x_wconf 70' lang='lat' dir='ltr'><strong>Scriptura</strong></span> <span class='ocrx_word' id='word_1_409' title='bbox 1609 1256 1694 1283; x_wconf 77' lang='lat' dir='ltr'><strong>infor—</strong></span> 
     </span>
    </p>
   </div>
   <div class='ocr_carea' id='block_1_45' title="bbox 907 1302 1693 1338">
    <p class='ocr_par' dir='ltr' id='par_1_45' title="bbox 907 1302 1693 1338">
     <span class='ocr_line' id='line_1_46' title="bbox 907 1302 1693 1338; baseline -0.003 -8"><span class='ocrx_word' id='word_1_410' title='bbox 907 1308 1001 1330; x_wconf 86' lang='lat' dir='ltr'><strong>mato:</strong></span> <span class='ocrx_word' id='word_1_411' title='bbox 1024 1303 1129 1330; x_wconf 87' lang='lat' dir='ltr'><strong>idcirco</strong></span> <span class='ocrx_word' id='word_1_412' title='bbox 1152 1311 1213 1338; x_wconf 70' lang='lat' dir='ltr'><strong>qua:</strong></span> <span class='ocrx_word' id='word_1_413' title='bbox 1233 1303 1325 1330; x_wconf 88' lang='lat' dir='ltr'><strong>animo</strong></span> <span class='ocrx_word' id='word_1_414' title='bbox 1344 1302 1395 1337; x_wconf 79' lang='lat'><strong>17</strong></span> <span class='ocrx_word' id='word_1_415' title='bbox 1417 1307 1567 1330; x_wconf 88' lang='lat' dir='ltr'><strong>occurrunt</strong></span> <span class='ocrx_word' id='word_1_416' title='bbox 1592 1303 1693 1330; x_wconf 85' lang='lat' dir='ltr'><strong>scribo.</strong></span> 
     </span>
    </p>
   </div>
   <div class='ocr_carea' id='block_1_46' title="bbox 907 1349 1694 1383">
    <p class='ocr_par' dir='ltr' id='par_1_46' title="bbox 907 1349 1694 1383">
     <span class='ocr_line' id='line_1_47' title="bbox 907 1349 1694 1383; baseline -0.001 -7"><span class='ocrx_word' id='word_1_417' title='bbox 907 1350 946 1378; x_wconf 81' lang='lat' dir='ltr'><strong>Ac</strong></span> <span class='ocrx_word' id='word_1_418' title='bbox 972 1354 1001 1377; x_wconf 92' lang='lat' dir='ltr'><strong>tu</strong></span> <span class='ocrx_word' id='word_1_419' title='bbox 1029 1350 1155 1376; x_wconf 84' lang='lat' dir='ltr'><strong>ﬁduciam</strong></span> <span class='ocrx_word' id='word_1_420' title='bbox 1187 1357 1274 1376; x_wconf 84' lang='lat' dir='ltr'><strong>meam</strong></span> <span class='ocrx_word' id='word_1_421' title='bbox 1303 1349 1329 1375; x_wconf 90' lang='lat' dir='ltr'><strong>in</strong></span> <span class='ocrx_word' id='word_1_422' title='bbox 1360 1349 1458 1376; x_wconf 89' lang='lat' dir='ltr'><strong>bonam</strong></span> <span class='ocrx_word' id='word_1_423' title='bbox 1486 1353 1592 1383; x_wconf 82' lang='lat' dir='ltr'><strong>partem</strong></span> <span class='ocrx_word' id='word_1_424' title='bbox 1620 1349 1694 1376; x_wconf 80' lang='lat' dir='ltr'><strong>acci—</strong></span> 
     </span>
    </p>
   </div>
   <div class='ocr_carea' id='block_1_47' title="bbox 908 1393 1694 1431">
    <p class='ocr_par' dir='ltr' id='par_1_47' title="bbox 908 1393 1694 1431">
     <span class='ocr_line' id='line_1_48' title="bbox 908 1393 1694 1431; baseline -0.004 -8"><span class='ocrx_word' id='word_1_425' title='bbox 908 1396 966 1431; x_wconf 85' lang='lat' dir='ltr'><strong>pias</strong></span> <span class='ocrx_word' id='word_1_426' title='bbox 989 1396 1067 1422; x_wconf 81' lang='lat' dir='ltr'><strong>relim</strong></span> <span class='ocrx_word' id='word_1_427' title='bbox 1083 1405 1088 1422; x_wconf 90' lang='lat'>:</span> <span class='ocrx_word' id='word_1_428' title='bbox 1105 1398 1152 1422; x_wconf 78' lang='lat' dir='ltr'><strong>aut</strong></span> <span class='ocrx_word' id='word_1_429' title='bbox 1177 1395 1294 1428; x_wconf 85' lang='lat' dir='ltr'><strong>injurius</strong></span> <span class='ocrx_word' id='word_1_430' title='bbox 1319 1395 1346 1421; x_wconf 91' lang='lat' dir='ltr'><strong>in</strong></span> <span class='ocrx_word' id='word_1_431' title='bbox 1371 1394 1511 1421; x_wconf 80' lang='lat' dir='ltr'><strong>veritatem</strong></span> <span class='ocrx_word' id='word_1_432' title='bbox 1534 1393 1636 1426; x_wconf 80' lang='lat' dir='ltr'><strong>fueris,</strong></span> <span class='ocrx_word' id='word_1_433' title='bbox 1662 1394 1694 1420; x_wconf 89' lang='lat' dir='ltr'><strong>li-</strong></span> 
     </span>
    </p>
   </div>
   <div class='ocr_carea' id='block_1_48' title="bbox 907 1439 1694 1473">
    <p class='ocr_par' dir='ltr' id='par_1_48' title="bbox 907 1439 1694 1473">
     <span class='ocr_line' id='line_1_49' title="bbox 907 1439 1694 1473; baseline -0.004 -5"><span class='ocrx_word' id='word_1_434' title='bbox 907 1441 1040 1468; x_wconf 81' lang='lat' dir='ltr'><strong>bertatem</strong></span> <span class='ocrx_word' id='word_1_435' title='bbox 1071 1439 1137 1467; x_wconf 90' lang='lat' dir='ltr'><strong>mihi</strong></span> <span class='ocrx_word' id='word_1_436' title='bbox 1165 1439 1310 1470; x_wconf 87' lang='lat' dir='ltr'><strong>adimcns,</strong></span> <span class='ocrx_word' id='word_1_437' title='bbox 1336 1445 1493 1473; x_wconf 74' lang='lat' dir='ltr'><strong>cogensque</strong></span> <span class='ocrx_word' id='word_1_438' title='bbox 1521 1446 1563 1465; x_wconf 92' lang='lat' dir='ltr'><strong>me</strong></span> <span class='ocrx_word' id='word_1_439' title='bbox 1595 1445 1694 1465; x_wconf 89' lang='lat' dir='ltr'><strong>conce-</strong></span> 
     </span>
    </p>
   </div>
   <div class='ocr_carea' id='block_1_49' title="bbox 908 1484 1690 1522">
    <p class='ocr_par' dir='ltr' id='par_1_49' title="bbox 908 1484 1690 1522">
     <span class='ocr_line' id='line_1_50' title="bbox 908 1484 1690 1522; baseline -0.005 -8"><span class='ocrx_word' id='word_1_440' title='bbox 908 1491 984 1522; x_wconf 89' lang='lat' dir='ltr'><strong>ptum</strong></span> <span class='ocrx_word' id='word_1_441' title='bbox 1014 1493 1180 1518; x_wconf 72' lang='lat' dir='ltr'><strong>mmrorem,</strong></span> <span class='ocrx_word' id='word_1_442' title='bbox 1210 1485 1284 1512; x_wconf 87' lang='lat' dir='ltr'><strong>velut</strong></span> <span class='ocrx_word' id='word_1_443' title='bbox 1312 1485 1436 1512; x_wconf 85' lang='lat' dir='ltr'><strong>morbum</strong></span> <span class='ocrx_word' id='word_1_444' title='bbox 1465 1484 1608 1518; x_wconf 84' lang='lat' dir='ltr'><strong>quemdam</strong></span> <span class='ocrx_word' id='word_1_445' title='bbox 1637 1491 1690 1511; x_wconf 84' lang='lat' dir='ltr'><strong>ma-</strong></span> 
     </span>
    </p>
   </div>
   <div class='ocr_carea' id='block_1_50' title="bbox 906 1529 1692 1566">
    <p class='ocr_par' dir='ltr' id='par_1_50' title="bbox 906 1529 1692 1566">
     <span class='ocr_line' id='line_1_51' title="bbox 906 1529 1692 1566; baseline -0.004 -8"><span class='ocrx_word' id='word_1_446' title='bbox 906 1531 1010 1566; x_wconf 76' lang='lat' dir='ltr'><strong>lignum</strong></span> <span class='ocrx_word' id='word_1_447' title='bbox 1028 1534 1055 1558; x_wconf 85' lang='lat' dir='ltr'><strong>et</strong></span> <span class='ocrx_word' id='word_1_448' title='bbox 1083 1530 1296 1565; x_wconf 89' lang='lat' dir='ltr'><strong>supputridum,</strong></span> <span class='ocrx_word' id='word_1_449' title='bbox 1326 1530 1379 1556; x_wconf 88' lang='lat' dir='ltr'><strong>imo</strong></span> <span class='ocrx_word' id='word_1_450' title='bbox 1408 1533 1516 1563; x_wconf 82' lang='lat' dir='ltr'><strong>pectore</strong></span> <span class='ocrx_word' id='word_1_451' title='bbox 1544 1529 1692 1556; x_wconf 88' lang='lat' dir='ltr'><strong>continere.</strong></span> 
     </span>
    </p>
   </div>
   <div class='ocr_carea' id='block_1_51' title="bbox 907 1573 1693 1610">
    <p class='ocr_par' dir='ltr' id='par_1_51' title="bbox 907 1573 1693 1610">
     <span class='ocr_line' id='line_1_52' title="bbox 907 1573 1693 1610; baseline -0.006 -6"><span class='ocrx_word' id='word_1_452' title='bbox 907 1577 1016 1604; x_wconf 85' lang='lat' dir='ltr'><strong>Honore</strong></span> <span class='ocrx_word' id='word_1_453' title='bbox 1039 1574 1149 1610; x_wconf 88' lang='lat' dir='ltr'><strong>quidem</strong></span> <span class='ocrx_word' id='word_1_454' title='bbox 1178 1582 1221 1601; x_wconf 90' lang='lat' dir='ltr'><strong>me</strong></span> <span class='ocrx_word' id='word_1_455' title='bbox 1245 1581 1260 1600; x_wconf 87' lang='lat' dir='ltr'><strong>a</strong></span> <span class='ocrx_word' id='word_1_456' title='bbox 1288 1577 1314 1600; x_wconf 90' lang='lat' dir='ltr'><strong>te</strong></span> <span class='ocrx_word' id='word_1_457' title='bbox 1345 1573 1413 1600; x_wconf 78' lang='lat' dir='ltr'><strong>allici</strong></span> <span class='ocrx_word' id='word_1_458' title='bbox 1440 1573 1516 1600; x_wconf 64' lang='lat' dir='ltr'><strong>laetor</strong></span> <span class='ocrx_word' id='word_1_459' title='bbox 1540 1573 1693 1608; x_wconf 86' lang='lat' dir='ltr'><strong>(siquidem</strong></span> 
     </span>
    </p>
   </div>
   <div class='ocr_carea' id='block_1_52' title="bbox 907 1619 1694 1662">
    <p class='ocr_par' dir='ltr' id='par_1_52' title="bbox 907 1619 1694 1662">
     <span class='ocr_line' id='line_1_53' title="bbox 907 1619 1694 1662; baseline -0.005 -12"><span class='ocrx_word' id='word_1_460' title='bbox 907 1623 988 1651; x_wconf 92' lang='lat' dir='ltr'><strong>homo</strong></span> <span class='ocrx_word' id='word_1_461' title='bbox 1007 1629 1078 1653; x_wconf 91' lang='lat' dir='ltr'><strong>sum,</strong></span> <span class='ocrx_word' id='word_1_462' title='bbox 1095 1625 1123 1648; x_wconf 83' lang='lat' dir='ltr'><strong>ut</strong></span> <span class='ocrx_word' id='word_1_463' title='bbox 1139 1620 1219 1655; x_wconf 88' lang='lat' dir='ltr'><strong>prius</strong></span> <span class='ocrx_word' id='word_1_464' title='bbox 1231 1619 1299 1647; x_wconf 79' lang='lat' dir='ltr'><strong>dixit</strong></span> <span class='ocrx_word' id='word_1_465' title='bbox 1314 1619 1564 1662; x_wconf 82' lang='lat' dir='ltr'><strong>quispiam),atque</strong></span> <span class='ocrx_word' id='word_1_466' title='bbox 1577 1619 1611 1646; x_wconf 87' lang='lat' dir='ltr'><strong>ad</strong></span> <span class='ocrx_word' id='word_1_467' title='bbox 1627 1627 1694 1646; x_wconf 90' lang='lat' dir='ltr'><strong>con-</strong></span> 
     </span>
    </p>
   </div>
   <div class='ocr_carea' id='block_1_53' title="bbox 65 1661 855 1702">
    <p class='ocr_par' dir='ltr' id='par_1_53' title="bbox 65 1666 855 1702">
     <span class='ocr_line' id='line_1_54' title="bbox 65 1666 855 1702; baseline 0.001 -11"><span class='ocrx_word' id='word_1_468' title='bbox 65 1666 169 1700; x_wconf 73' lang='grc' dir='ltr'>σιλείῳ.</span> <span class='ocrx_word' id='word_1_469' title='bbox 181 1666 228 1692; x_wconf 74' lang='grc' dir='ltr'>καὶ</span> <span class='ocrx_word' id='word_1_470' title='bbox 243 1666 388 1702; x_wconf 80' lang='grc' dir='ltr'>γινομένην</span> <span class='ocrx_word' id='word_1_471' title='bbox 404 1666 444 1692; x_wconf 75' lang='grc' dir='ltr'>ἔτι</span> <span class='ocrx_word' id='word_1_472' title='bbox 455 1666 530 1701; x_wconf 69' lang='grc' dir='ltr'>παρὰ</span> <span class='ocrx_word' id='word_1_473' title='bbox 541 1666 590 1701; x_wconf 78' lang='grc' dir='ltr'>τῆς</span> <span class='ocrx_word' id='word_1_474' title='bbox 601 1667 650 1701; x_wconf 82' lang='grc' dir='ltr'>σῆς</span> <span class='ocrx_word' id='word_1_475' title='bbox 664 1666 816 1699; x_wconf 72' lang='grc' dir='ltr'>εὐλαϐείας,</span> <span class='ocrx_word' id='word_1_476' title='bbox 827 1666 855 1692; x_wconf 76' lang='grc' dir='ltr'>ὃν</span> 
     </span>
    </p>
   </div>
   <div class='ocr_carea' id='block_1_54' title="bbox 909 1661 1694 1702">
    <p class='ocr_par' dir='ltr' id='par_1_54' title="bbox 909 1665 1694 1700">
     <span class='ocr_line' id='line_1_55' title="bbox 909 1665 1694 1700; baseline -0.006 -4"><span class='ocrx_word' id='word_1_477' title='bbox 909 1669 969 1697; x_wconf 85' lang='lat' dir='ltr'><strong>eilia</strong></span> <span class='ocrx_word' id='word_1_478' title='bbox 982 1672 1009 1695; x_wconf 88' lang='lat' dir='ltr'><strong>et</strong></span> <span class='ocrx_word' id='word_1_479' title='bbox 1022 1670 1173 1694; x_wconf 74' lang='lat' dir='ltr'><strong>conventus</strong></span> <span class='ocrx_word' id='word_1_480' title='bbox 1189 1666 1345 1700; x_wconf 88' lang='lat' dir='ltr'><strong>spirituales</strong></span> <span class='ocrx_word' id='word_1_481' title='bbox 1362 1666 1463 1693; x_wconf 86' lang='lat' dir='ltr'><strong>vocari.</strong></span> <span class='ocrx_word' id='word_1_482' title='bbox 1485 1665 1585 1692; x_wconf 85' lang='lat' dir='ltr'><strong>Verum</strong></span> <span class='ocrx_word' id='word_1_483' title='bbox 1598 1671 1694 1692; x_wconf 87' lang='lat' dir='ltr'><strong>contu-</strong></span> 
     </span>
    </p>
   </div>
   <div class='ocr_carea' id='block_1_55' title="bbox 65 1710 855 1746">
    <p class='ocr_par' dir='ltr' id='par_1_55' title="bbox 65 1710 855 1746">
     <span class='ocr_line' id='line_1_56' title="bbox 65 1710 855 1746; baseline 0 -9"><span class='ocrx_word' id='word_1_484' title='bbox 65 1711 113 1737; x_wconf 75' lang='lat' dir='ltr'><strong>ml.</strong></span> <span class='ocrx_word' id='word_1_485' title='bbox 127 1710 185 1745; x_wconf 82' lang='grc' dir='ltr'>βίου</span> <span class='ocrx_word' id='word_1_486' title='bbox 201 1711 247 1737; x_wconf 75' lang='grc' dir='ltr'>καὶ</span> <span class='ocrx_word' id='word_1_487' title='bbox 262 1710 341 1745; x_wconf 82' lang='grc' dir='ltr'>λόγου</span> <span class='ocrx_word' id='word_1_488' title='bbox 355 1710 492 1743; x_wconf 75' lang='grc' dir='ltr'>κοινωνὸν,</span> <span class='ocrx_word' id='word_1_489' title='bbox 507 1710 613 1745; x_wconf 79' lang='grc' dir='ltr'>καὶτῆς</span> <span class='ocrx_word' id='word_1_490' title='bbox 624 1710 794 1746; x_wconf 80' lang='grc' dir='ltr'>ὑψηλοτάτης</span> <span class='ocrx_word' id='word_1_491' title='bbox 810 1720 855 1745; x_wconf 82' lang='grc' dir='ltr'><strong>φι-</strong></span> 
     </span>
    </p>
   </div>
   <div class='ocr_carea' id='block_1_56' title="bbox 65 1756 855 1792">
    <p class='ocr_par' dir='ltr' id='par_1_56' title="bbox 65 1756 855 1792">
     <span class='ocr_line' id='line_1_57' title="bbox 65 1756 855 1792; baseline 0.001 -10"><span class='ocrx_word' id='word_1_492' title='bbox 65 1757 196 1790; x_wconf 66' lang='grc' dir='ltr'>λοσοζξίας</span> <span class='ocrx_word' id='word_1_493' title='bbox 214 1756 326 1791; x_wconf 79' lang='grc' dir='ltr'>εἱλόμην</span> <span class='ocrx_word' id='word_1_494' title='bbox 340 1765 369 1782; x_wconf 83' lang='grc' dir='ltr'><strong>τε</strong></span> <span class='ocrx_word' id='word_1_495' title='bbox 384 1756 522 1792; x_wconf 81' lang='grc' dir='ltr'>ἀπαρχῆς,</span> <span class='ocrx_word' id='word_1_496' title='bbox 538 1757 585 1782; x_wconf 80' lang='grc' dir='ltr'>καὶ</span> <span class='ocrx_word' id='word_1_497' title='bbox 602 1756 649 1783; x_wconf 85' lang='grc' dir='ltr'>νῦν</span> <span class='ocrx_word' id='word_1_498' title='bbox 664 1756 727 1791; x_wconf 75' lang='grc' dir='ltr'><strong>ἔχω·</strong></span> <span class='ocrx_word' id='word_1_499' title='bbox 748 1756 796 1783; x_wconf 77' lang='grc' dir='ltr'>καὶ</span> <span class='ocrx_word' id='word_1_500' title='bbox 809 1758 855 1783; x_wconf 79' lang='grc' dir='ltr'><strong>οὺ-</strong></span> 
     </span>
    </p>
   </div>
   <div class='ocr_carea' id='block_1_57' title="bbox 63 1802 857 1839">
    <p class='ocr_par' dir='ltr' id='par_1_57' title="bbox 63 1802 857 1839">
     <span class='ocr_line' id='line_1_58' title="bbox 63 1802 857 1839; baseline 0 -10"><span class='ocrx_word' id='word_1_501' title='bbox 63 1803 110 1830; x_wconf 80' lang='grc' dir='ltr'>δὲν</span> <span class='ocrx_word' id='word_1_502' title='bbox 132 1803 244 1838; x_wconf 78' lang='grc' dir='ltr'>ἐμαυτῷ</span> <span class='ocrx_word' id='word_1_503' title='bbox 267 1803 409 1838; x_wconf 79' lang='grc' dir='ltr'>μέμφομαι</span> <span class='ocrx_word' id='word_1_504' title='bbox 425 1803 475 1838; x_wconf 78' lang='grc' dir='ltr'>τῆς</span> <span class='ocrx_word' id='word_1_505' title='bbox 488 1804 530 1830; x_wconf 73' lang='grc' dir='ltr'><strong>ἐπ’</strong></span> <span class='ocrx_word' id='word_1_506' title='bbox 545 1803 619 1838; x_wconf 83' lang='grc' dir='ltr'>αὐτῷ</span> <span class='ocrx_word' id='word_1_507' title='bbox 636 1803 763 1839; x_wconf 84' lang='grc' dir='ltr'>κρίσεως.</span> <span class='ocrx_word' id='word_1_508' title='bbox 779 1802 857 1830; x_wconf 75' lang='grc' dir='ltr'>Οὕτω</span> 
     </span>
    </p>
   </div>
   <div class='ocr_carea' id='block_1_58' title="bbox 66 1848 856 1885">
    <p class='ocr_par' dir='ltr' id='par_1_58' title="bbox 66 1848 856 1885">
     <span class='ocr_line' id='line_1_59' title="bbox 66 1848 856 1885; baseline 0 -10"><span class='ocrx_word' id='word_1_509' title='bbox 66 1849 121 1884; x_wconf 77' lang='grc' dir='ltr'>γὰρ</span> <span class='ocrx_word' id='word_1_510' title='bbox 140 1849 229 1875; x_wconf 75' lang='grc' dir='ltr'>εἰπεῖν</span> <span class='ocrx_word' id='word_1_511' title='bbox 250 1848 442 1885; x_wconf 84' lang='grc' dir='ltr'>μετριώτερον,</span> <span class='ocrx_word' id='word_1_512' title='bbox 467 1848 510 1876; x_wconf 80' lang='grc' dir='ltr'>ἵνα.</span> <span class='ocrx_word' id='word_1_513' title='bbox 534 1849 570 1884; x_wconf 85' lang='grc' dir='ltr'>μὴ</span> <span class='ocrx_word' id='word_1_514' title='bbox 592 1849 710 1884; x_wconf 75' lang='grc' dir='ltr'>ἐμαυτὸν</span> <span class='ocrx_word' id='word_1_515' title='bbox 734 1850 856 1876; x_wconf 77' lang='grc' dir='ltr'>ἐπαινεῖν</span> 
     </span>
    </p>
   </div>
   <div class='ocr_carea' id='block_1_59' title="bbox 65 1894 857 1930">
    <p class='ocr_par' dir='ltr' id='par_1_59' title="bbox 65 1894 857 1930">
     <span class='ocr_line' id='line_1_60' title="bbox 65 1894 857 1930; baseline 0.003 -10"><span class='ocrx_word' id='word_1_516' title='bbox 65 1894 145 1927; x_wconf 77' lang='grc' dir='ltr'>δόξω,</span> <span class='ocrx_word' id='word_1_517' title='bbox 163 1895 198 1921; x_wconf 78' lang='grc' dir='ltr'><strong>τὰ</strong></span> <span class='ocrx_word' id='word_1_518' title='bbox 213 1895 318 1922; x_wconf 83' lang='grc' dir='ltr'>ἐκείνου</span> <span class='ocrx_word' id='word_1_519' title='bbox 336 1895 494 1930; x_wconf 79' lang='grc' dir='ltr'>θαυμάζων.</span> <span class='ocrx_word' id='word_1_520' title='bbox 515 1895 551 1921; x_wconf 74' lang='grc' dir='ltr'><strong>Σὺ</strong></span> <span class='ocrx_word' id='word_1_521' title='bbox 564 1895 592 1921; x_wconf 81' lang='grc' dir='ltr'><strong>δέ</strong></span> <span class='ocrx_word' id='word_1_522' title='bbox 608 1903 653 1930; x_wconf 89' lang='grc' dir='ltr'><strong>μοι</strong></span> <span class='ocrx_word' id='word_1_523' title='bbox 665 1895 753 1927; x_wconf 86' lang='grc' dir='ltr'>δοκεῖς</span> <span class='ocrx_word' id='word_1_524' title='bbox 771 1896 857 1922; x_wconf 82' lang='grc' dir='ltr'>ποιεῖν</span> 
     </span>
    </p>
   </div>
   <div class='ocr_carea' id='block_1_60' title="bbox 67 1941 856 1976">
    <p class='ocr_par' dir='ltr' id='par_1_60' title="bbox 67 1941 856 1976">
     <span class='ocr_line' id='line_1_61' title="bbox 67 1941 856 1976; baseline 0.001 -10"><span class='ocrx_word' id='word_1_525' title='bbox 67 1941 268 1976; x_wconf 79' lang='grc' dir='ltr'>παραπλήσιον,</span> <span class='ocrx_word' id='word_1_526' title='bbox 293 1941 338 1968; x_wconf 78' lang='grc' dir='ltr'>τὸν</span> <span class='ocrx_word' id='word_1_527' title='bbox 366 1941 416 1976; x_wconf 82' lang='grc' dir='ltr'>μὲν</span> <span class='ocrx_word' id='word_1_528' title='bbox 440 1941 590 1975; x_wconf 73' lang='grc' dir='ltr'><strong>ἀτιμάζων,</strong></span> <span class='ocrx_word' id='word_1_529' title='bbox 616 1941 703 1976; x_wconf 86' lang='grc' dir='ltr'>τιμῶν</span> <span class='ocrx_word' id='word_1_530' title='bbox 728 1941 756 1967; x_wconf 77' lang='grc' dir='ltr'><strong>δὲ</strong></span> <span class='ocrx_word' id='word_1_531' title='bbox 773 1942 856 1976; x_wconf 79' lang='grc' dir='ltr'>ἡμᾶς,</span> 
     </span>
    </p>
   </div>
   <div class='ocr_carea' id='block_1_61' title="bbox 67 1985 857 2023">
    <p class='ocr_par' dir='ltr' id='par_1_61' title="bbox 67 1985 857 2023">
     <span class='ocr_line' id='line_1_62' title="bbox 67 1985 857 2023; baseline 0.003 -12"><span class='ocrx_word' id='word_1_532' title='bbox 67 1985 163 2021; x_wconf 78' lang='grc' dir='ltr'>ὥσπερ</span> <span class='ocrx_word' id='word_1_533' title='bbox 177 1986 210 2012; x_wconf 85' lang='grc' dir='ltr'>ἂν</span> <span class='ocrx_word' id='word_1_534' title='bbox 222 1986 248 2012; x_wconf 76' lang='grc' dir='ltr'>εἴ</span> <span class='ocrx_word' id='word_1_535' title='bbox 268 1995 310 2017; x_wconf 85' lang='grc' dir='ltr'><strong>τις</strong></span> <span class='ocrx_word' id='word_1_536' title='bbox 326 1986 384 2018; x_wconf 78' lang='grc' dir='ltr'>ἐνὸς</span> <span class='ocrx_word' id='word_1_537' title='bbox 398 1987 494 2022; x_wconf 65' lang='grc' dir='ltr'>ἀνδρὸς</span> <span class='ocrx_word' id='word_1_538' title='bbox 513 1988 545 2022; x_wconf 85' lang='grc' dir='ltr'>τῇ</span> <span class='ocrx_word' id='word_1_539' title='bbox 563 1987 611 2022; x_wconf 77' lang='grc' dir='ltr'>μὲν</span> <span class='ocrx_word' id='word_1_540' title='bbox 624 1987 679 2013; x_wconf 81' lang='grc' dir='ltr'>τῶν</span> <span class='ocrx_word' id='word_1_541' title='bbox 693 1987 792 2023; x_wconf 82' lang='grc' dir='ltr'>χειρῶν</span> <span class='ocrx_word' id='word_1_542' title='bbox 808 1996 857 2013; x_wconf 86' lang='grc' dir='ltr'>κα-</span> 
     </span>
    </p>
   </div>
   <div class='ocr_carea' id='block_1_62' title="bbox 67 2029 854 2068">
    <p class='ocr_par' dir='ltr' id='par_1_62' title="bbox 67 2029 854 2068">
     <span class='ocr_line' id='line_1_63' title="bbox 67 2029 854 2068; baseline 0.003 -12"><span class='ocrx_word' id='word_1_543' title='bbox 67 2029 182 2065; x_wconf 64' lang='grc' dir='ltr'>ταψήχοι</span> <span class='ocrx_word' id='word_1_544' title='bbox 199 2031 253 2065; x_wconf 78' lang='grc'>(57)</span> <span class='ocrx_word' id='word_1_545' title='bbox 271 2031 319 2065; x_wconf 81' lang='grc' dir='ltr'>τὴν</span> <span class='ocrx_word' id='word_1_546' title='bbox 340 2032 472 2066; x_wconf 73' lang='grc' dir='ltr'>κεφαλὴν,</span> <span class='ocrx_word' id='word_1_547' title='bbox 485 2032 556 2067; x_wconf 80' lang='grc' dir='ltr'>τῇδὲ</span> <span class='ocrx_word' id='word_1_548' title='bbox 572 2033 645 2058; x_wconf 74' lang='grc' dir='ltr'>καίοι</span> <span class='ocrx_word' id='word_1_549' title='bbox 662 2033 711 2067; x_wconf 86' lang='grc' dir='ltr'>τὴν</span> <span class='ocrx_word' id='word_1_550' title='bbox 726 2033 854 2068; x_wconf 75' lang='grc' dir='ltr'>παρειάν·</span> 
     </span>
    </p>
   </div>
   <div class='ocr_carea' id='block_1_63' title="bbox 67 2076 857 2114">
    <p class='ocr_par' dir='ltr' id='par_1_63' title="bbox 67 2076 857 2114">
     <span class='ocr_line' id='line_1_64' title="bbox 67 2076 857 2114; baseline 0.003 -12"><span class='ocrx_word' id='word_1_551' title='bbox 67 2076 84 2111; x_wconf 86' lang='grc' dir='ltr'>ἦ</span> <span class='ocrx_word' id='word_1_552' title='bbox 105 2077 153 2102; x_wconf 78' lang='grc' dir='ltr'>καὶ</span> <span class='ocrx_word' id='word_1_553' title='bbox 168 2076 310 2111; x_wconf 80' lang='grc' dir='ltr'>θεμελίους</span> <span class='ocrx_word' id='word_1_554' title='bbox 322 2077 451 2104; x_wconf 80' lang='grc' dir='ltr'>ὑποσπῶν</span> <span class='ocrx_word' id='word_1_555' title='bbox 465 2078 562 2110; x_wconf 78' lang='grc' dir='ltr'>οἰκίας,</span> <span class='ocrx_word' id='word_1_556' title='bbox 578 2078 779 2114; x_wconf 76' lang='grc' dir='ltr'>διαξωγραφοίη</span> <span class='ocrx_word' id='word_1_557' title='bbox 795 2080 857 2110; x_wconf 73' lang='grc' dir='ltr'>τοὺς</span> 
     </span>
    </p>
   </div>
   <div class='ocr_carea' id='block_1_64' title="bbox 67 2123 857 2160">
    <p class='ocr_par' dir='ltr' id='par_1_64' title="bbox 67 2123 857 2160">
     <span class='ocr_line' id='line_1_65' title="bbox 67 2123 857 2160; baseline 0.003 -11"><span class='ocrx_word' id='word_1_558' title='bbox 67 2123 186 2158; x_wconf 76' lang='grc' dir='ltr'>τοίχους,</span> <span class='ocrx_word' id='word_1_559' title='bbox 201 2124 246 2150; x_wconf 66' lang='grc' dir='ltr'>καὶ</span> <span class='ocrx_word' id='word_1_560' title='bbox 261 2123 429 2156; x_wconf 74' lang='grc' dir='ltr'>καλλωπίζοι</span> <span class='ocrx_word' id='word_1_561' title='bbox 451 2124 486 2151; x_wconf 75' lang='grc' dir='ltr'>τὰ</span> <span class='ocrx_word' id='word_1_562' title='bbox 507 2124 615 2156; x_wconf 76' lang='grc' dir='ltr'>ἔξωθεν.</span> <span class='ocrx_word' id='word_1_563' title='bbox 641 2124 675 2151; x_wconf 78' lang='lat' dir='ltr'><strong>El’</strong></span> <span class='ocrx_word' id='word_1_564' title='bbox 692 2133 718 2151; x_wconf 89' lang='grc' dir='ltr'><strong>τι</strong></span> <span class='ocrx_word' id='word_1_565' title='bbox 735 2123 781 2151; x_wconf 86' lang='grc' dir='ltr'>οὗν</span> <span class='ocrx_word' id='word_1_566' title='bbox 796 2125 857 2160; x_wconf 71' lang='grc' dir='ltr'>ἐμοὶ.</span> 
     </span>
    </p>
   </div>
   <div class='ocr_carea' id='block_1_65' title="bbox 69 2169 856 2206">
    <p class='ocr_par' dir='ltr' id='par_1_65' title="bbox 69 2169 856 2206">
     <span class='ocr_line' id='line_1_66' title="bbox 69 2169 856 2206; baseline 0.003 -11"><span class='ocrx_word' id='word_1_567' title='bbox 69 2169 161 2205; x_wconf 60' lang='grc' dir='ltr'>πείθῃ,</span> <span class='ocrx_word' id='word_1_568' title='bbox 177 2169 255 2195; x_wconf 74' lang='grc' dir='ltr'>τοῦτο</span> <span class='ocrx_word' id='word_1_569' title='bbox 274 2171 406 2205; x_wconf 84' lang='grc' dir='ltr'>ποιήσεις.</span> <span class='ocrx_word' id='word_1_570' title='bbox 426 2169 573 2205; x_wconf 79' lang='grc' dir='ltr'>Πεισθῆναι</span> <span class='ocrx_word' id='word_1_571' title='bbox 590 2171 619 2196; x_wconf 81' lang='grc' dir='ltr'><strong>δὲ</strong></span> <span class='ocrx_word' id='word_1_572' title='bbox 638 2170 715 2202; x_wconf 78' lang='grc' dir='ltr'>ἀξιῶ·</span> <span class='ocrx_word' id='word_1_573' title='bbox 737 2171 784 2197; x_wconf 81' lang='grc' dir='ltr'><strong>καὶ</strong></span> <span class='ocrx_word' id='word_1_574' title='bbox 803 2171 856 2206; x_wconf 80' lang='grc' dir='ltr'><strong>γὰρ</strong></span> 
     </span>
    </p>
   </div>
   <div class='ocr_carea' id='block_1_66' title="bbox 67 2215 857 2251">
    <p class='ocr_par' dir='ltr' id='par_1_66' title="bbox 67 2215 857 2251">
     <span class='ocr_line' id='line_1_67' title="bbox 67 2215 857 2251; baseline 0.001 -10"><span class='ocrx_word' id='word_1_575' title='bbox 67 2215 181 2242; x_wconf 80' lang='grc' dir='ltr'>δίκαιον.</span> <span class='ocrx_word' id='word_1_576' title='bbox 203 2215 233 2242; x_wconf 85' lang='lat' dir='ltr'><strong>El</strong></span> <span class='ocrx_word' id='word_1_577' title='bbox 255 2217 357 2242; x_wconf 78' lang='grc' dir='ltr'>ἐκεῖνον</span> <span class='ocrx_word' id='word_1_578' title='bbox 373 2216 553 2251; x_wconf 81' lang='grc' dir='ltr'>θεραπεύσεις</span> <span class='ocrx_word' id='word_1_579' title='bbox 565 2216 598 2242; x_wconf 87' lang='grc' dir='ltr'>τὰ</span> <span class='ocrx_word' id='word_1_580' title='bbox 613 2217 716 2248; x_wconf 74' lang='grc' dir='ltr'>εἰκότα,</span> <span class='ocrx_word' id='word_1_581' title='bbox 729 2216 777 2243; x_wconf 78' lang='grc' dir='ltr'>καὶ</span> <span class='ocrx_word' id='word_1_582' title='bbox 792 2217 857 2251; x_wconf 80' lang='grc' dir='ltr'>παρ’</span> 
     </span>
    </p>
   </div>
   <div class='ocr_carea' id='block_1_67' title="bbox 68 2261 856 2299">
    <p class='ocr_par' dir='ltr' id='par_1_67' title="bbox 68 2261 856 2299">
     <span class='ocr_line' id='line_1_68' title="bbox 68 2261 856 2299; baseline 0.001 -12"><span class='ocrx_word' id='word_1_583' title='bbox 68 2261 173 2288; x_wconf 81' lang='grc' dir='ltr'>ἐκείνου</span> <span class='ocrx_word' id='word_1_584' title='bbox 187 2261 391 2299; x_wconf 84' lang='grc' dir='ltr'>θεραπευθήσῃ.</span> <span class='ocrx_word' id='word_1_585' title='bbox 405 2262 441 2289; x_wconf 82' lang='grc' dir='ltr'>Τὸ</span> <span class='ocrx_word' id='word_1_586' title='bbox 455 2262 484 2289; x_wconf 81' lang='grc' dir='ltr'><strong>δὲ</strong></span> <span class='ocrx_word' id='word_1_587' title='bbox 495 2262 557 2289; x_wconf 79' lang='grc' dir='ltr'>καθ’</span> <span class='ocrx_word' id='word_1_588' title='bbox 568 2263 642 2298; x_wconf 80' lang='grc' dir='ltr'>ἡμᾶς</span> <span class='ocrx_word' id='word_1_589' title='bbox 655 2262 748 2297; x_wconf 74' lang='grc' dir='ltr'>ἕψεται</span> <span class='ocrx_word' id='word_1_590' title='bbox 763 2262 856 2297; x_wconf 85' lang='grc' dir='ltr'>ὥσπερ</span> 
     </span>
    </p>
   </div>
   <div class='ocr_carea' id='block_1_68' title="bbox 67 2307 857 2344">
    <p class='ocr_par' dir='ltr' id='par_1_68' title="bbox 67 2307 857 2344">
     <span class='ocr_line' id='line_1_69' title="bbox 67 2307 857 2344; baseline 0 -10"><span class='ocrx_word' id='word_1_591' title='bbox 67 2309 123 2339; x_wconf 83' lang='grc' dir='ltr'>τοῖς</span> <span class='ocrx_word' id='word_1_592' title='bbox 140 2307 263 2342; x_wconf 75' lang='grc' dir='ltr'>σώμασιν</span> <span class='ocrx_word' id='word_1_593' title='bbox 283 2309 311 2335; x_wconf 86' lang='grc' dir='ltr'><strong>αί</strong></span> <span class='ocrx_word' id='word_1_594' title='bbox 334 2309 420 2340; x_wconf 79' lang='grc' dir='ltr'>σκιαὶ,</span> <span class='ocrx_word' id='word_1_595' title='bbox 440 2308 555 2343; x_wconf 83' lang='grc' dir='ltr'>μικρούς</span> <span class='ocrx_word' id='word_1_596' title='bbox 571 2316 601 2334; x_wconf 86' lang='grc' dir='ltr'><strong>τε</strong></span> <span class='ocrx_word' id='word_1_597' title='bbox 620 2308 710 2340; x_wconf 72' lang='grc' dir='ltr'>ὄντας,</span> <span class='ocrx_word' id='word_1_598' title='bbox 727 2309 773 2335; x_wconf 77' lang='grc' dir='ltr'>καὶ</span> <span class='ocrx_word' id='word_1_599' title='bbox 789 2308 857 2344; x_wconf 80' lang='grc' dir='ltr'>πρὸς</span> 
     </span>
    </p>
   </div>
   <div class='ocr_carea' id='block_1_69' title="bbox 67 2353 856 2390">
    <p class='ocr_par' dir='ltr' id='par_1_69' title="bbox 67 2353 856 2390">
     <span class='ocr_line' id='line_1_70' title="bbox 67 2353 856 2390; baseline -0.001 -10"><span class='ocrx_word' id='word_1_600' title='bbox 67 2355 180 2390; x_wconf 86' lang='grc' dir='ltr'>εἰρήνην</span> <span class='ocrx_word' id='word_1_601' title='bbox 195 2354 392 2389; x_wconf 78' lang='grc' dir='ltr'>ἑτοιμοτέρους.</span> <span class='ocrx_word' id='word_1_602' title='bbox 407 2354 473 2381; x_wconf 81' lang='grc' dir='ltr'><strong>Οὐδὲ</strong></span> <span class='ocrx_word' id='word_1_603' title='bbox 490 2354 543 2390; x_wconf 77' lang='grc' dir='ltr'>γὰρ</span> <span class='ocrx_word' id='word_1_604' title='bbox 556 2353 643 2386; x_wconf 75' lang='grc' dir='ltr'>οὖτιιὶς</span> <span class='ocrx_word' id='word_1_605' title='bbox 658 2354 758 2386; x_wconf 84' lang='grc' dir='ltr'>ἀθλίως</span> <span class='ocrx_word' id='word_1_606' title='bbox 769 2355 856 2389; x_wconf 84' lang='grc' dir='ltr'>πράτ-</span> 
     </span>
    </p>
   </div>
   <div class='ocr_carea' id='block_1_70' title="bbox 67 2399 856 2435">
    <p class='ocr_par' dir='ltr' id='par_1_70' title="bbox 67 2399 856 2435">
     <span class='ocr_line' id='line_1_71' title="bbox 67 2399 856 2435; baseline -0.003 -8"><span class='ocrx_word' id='word_1_607' title='bbox 67 2407 163 2435; x_wconf 68' lang='grc' dir='ltr'><strong>¹Ιςομεν,</strong></span> <span class='ocrx_word' id='word_1_608' title='bbox 180 2399 250 2426; x_wconf 84' lang='grc' dir='ltr'>ὥστε</span> <span class='ocrx_word' id='word_1_609' title='bbox 261 2400 284 2425; x_wconf 86' lang='grc' dir='ltr'>τ’</span> <span class='ocrx_word' id='word_1_610' title='bbox 298 2400 365 2426; x_wconf 83' lang='grc' dir='ltr'>ἄλλα</span> <span class='ocrx_word' id='word_1_611' title='bbox 380 2400 429 2435; x_wconf 79' lang='grc' dir='ltr'>μὲν</span> <span class='ocrx_word' id='word_1_612' title='bbox 443 2399 546 2426; x_wconf 79' lang='grc' dir='ltr'>ἐθέλειν</span> <span class='ocrx_word' id='word_1_613' title='bbox 562 2400 727 2434; x_wconf 77' lang='grc' dir='ltr'>φιλοσοφεῖν,</span> <span class='ocrx_word' id='word_1_614' title='bbox 748 2399 856 2435; x_wconf 73' lang='grc' dir='ltr'>καὶτῆς</span> 
     </span>
    </p>
   </div>
   <div class='ocr_carea' id='block_1_71' title="bbox 68 2444 856 2482">
    <p class='ocr_par' dir='ltr' id='par_1_71' title="bbox 68 2444 856 2482">
     <span class='ocr_line' id='line_1_72' title="bbox 68 2444 856 2482; baseline -0.005 -8"><span class='ocrx_word' id='word_1_615' title='bbox 68 2446 222 2482; x_wconf 82' lang='grc' dir='ltr'>κρείττονος</span> <span class='ocrx_word' id='word_1_616' title='bbox 246 2444 314 2472; x_wconf 79' lang='grc' dir='ltr'>εἶναι</span> <span class='ocrx_word' id='word_1_617' title='bbox 336 2446 453 2481; x_wconf 83' lang='grc' dir='ltr'>μερίδος·</span> <span class='ocrx_word' id='word_1_618' title='bbox 472 2447 609 2482; x_wconf 79' lang='grc' dir='ltr'>ὑπερορᾷν</span> <span class='ocrx_word' id='word_1_619' title='bbox 631 2446 659 2472; x_wconf 78' lang='grc' dir='ltr'>δὲ</span> <span class='ocrx_word' id='word_1_620' title='bbox 683 2445 856 2481; x_wconf 82' lang='grc' dir='ltr'>πράγματος,</span> 
     </span>
    </p>
   </div>
   <div class='ocr_carea' id='block_1_72' title="bbox 104 2521 852 2559">
    <p class='ocr_par' dir='ltr' id='par_1_72' title="bbox 104 2521 852 2559">
     <span class='ocr_line' id='line_1_73' title="bbox 104 2521 852 2559; baseline -0.004 -8"><span class='ocrx_word' id='word_1_621' title='bbox 104 2524 160 2559; x_wconf 80' lang='grc'>(51)</span> <span class='ocrx_word' id='word_1_622' title='bbox 180 2524 436 2559; x_wconf 79' lang='grc' dir='ltr'>Διαμαρτήσεσθαι</span> <span class='ocrx_word' id='word_1_623' title='bbox 465 2531 534 2551; x_wconf 86' lang='grc' dir='ltr'>σου.</span> <span class='ocrx_word' id='word_1_624' title='bbox 558 2523 597 2550; x_wconf 81' lang='lat' dir='ltr'><strong>ita</strong></span> <span class='ocrx_word' id='word_1_625' title='bbox 618 2522 702 2557; x_wconf 76' lang='lat' dir='ltr'><strong>Regg.</strong></span> <span class='ocrx_word' id='word_1_626' title='bbox 718 2527 782 2549; x_wconf 89' lang='lat' dir='ltr'><strong>tres.</strong></span> <span class='ocrx_word' id='word_1_627' title='bbox 804 2521 852 2548; x_wconf 90' lang='lat' dir='ltr'><strong>Ed.</strong></span> 
     </span>
    </p>
   </div>
   <div class='ocr_carea' id='block_1_73' title="bbox 69 2559 712 2594">
    <p class='ocr_par' dir='ltr' id='par_1_73' title="bbox 69 2559 712 2594">
     <span class='ocr_line' id='line_1_74' title="bbox 69 2559 712 2594; baseline -0.003 -8"><span class='ocrx_word' id='word_1_628' title='bbox 69 2560 139 2586; x_wconf 77' lang='lat' dir='ltr'><strong>male</strong></span> <span class='ocrx_word' id='word_1_629' title='bbox 156 2559 402 2594; x_wconf 70' lang='grc' dir='ltr'>διαμαρτήσασθαι.</span> <span class='ocrx_word' id='word_1_630' title='bbox 424 2563 451 2586; x_wconf 88' lang='lat' dir='ltr'><strong>et</strong></span> <span class='ocrx_word' id='word_1_631' title='bbox 469 2559 495 2586; x_wconf 91' lang='lat' dir='ltr'><strong>in</strong></span> <span class='ocrx_word' id='word_1_632' title='bbox 511 2559 551 2586; x_wconf 89' lang='lat' dir='ltr'><strong>eis</strong></span> <span class='ocrx_word' id='word_1_633' title='bbox 561 2559 637 2585; x_wconf 86' lang='lat' dir='ltr'><strong>deest</strong></span> <span class='ocrx_word' id='word_1_634' title='bbox 654 2566 712 2586; x_wconf 84' lang='grc' dir='ltr'>σου.</span> 
     </span>
    </p>
   </div>
   <div class='ocr_carea' id='block_1_74' title="bbox 104 2593 627 2628">
    <p class='ocr_par' dir='ltr' id='par_1_74' title="bbox 104 2593 627 2628">
     <span class='ocr_line' id='line_1_75' title="bbox 104 2593 627 2628; baseline -0.004 -6"><span class='ocrx_word' id='word_1_635' title='bbox 104 2594 159 2628; x_wconf 68' lang='grc'>(52)</span> <span class='ocrx_word' id='word_1_636' title='bbox 181 2593 255 2621; x_wconf 77' lang='lat' dir='ltr'><strong>Alias</strong></span> <span class='ocrx_word' id='word_1_637' title='bbox 276 2594 334 2621; x_wconf 73' lang='lat' dir='ltr'><strong>XX.</strong></span> <span class='ocrx_word' id='word_1_638' title='bbox 352 2594 457 2628; x_wconf 86' lang='lat' dir='ltr'><strong>Scripta</strong></span> <span class='ocrx_word' id='word_1_639' title='bbox 477 2602 549 2621; x_wconf 85' lang='lat' dir='ltr'><strong>anno</strong></span> <span class='ocrx_word' id='word_1_640' title='bbox 565 2593 627 2621; x_wconf 79' lang='grc'><strong>565.</strong></span> 
     </span>
    </p>
   </div>
   <div class='ocr_carea' id='block_1_75' title="bbox 104 2626 854 2664">
    <p class='ocr_par' dir='ltr' id='par_1_75' title="bbox 104 2626 854 2664">
     <span class='ocr_line' id='line_1_76' title="bbox 104 2626 854 2664; baseline -0.004 -7"><span class='ocrx_word' id='word_1_641' title='bbox 104 2626 160 2664; x_wconf 77' lang='lat'><strong>(55)</strong></span> <span class='ocrx_word' id='word_1_642' title='bbox 176 2629 334 2663; x_wconf 74' lang='lat' dir='ltr'><strong>[1.téxnnu.</strong></span> <span class='ocrx_word' id='word_1_643' title='bbox 347 2629 386 2655; x_wconf 85' lang='lat' dir='ltr'><strong>Ita</strong></span> <span class='ocrx_word' id='word_1_644' title='bbox 404 2626 470 2664; x_wconf 81' lang='lat' dir='ltr'><strong>Reg.</strong></span> <span class='ocrx_word' id='word_1_645' title='bbox 492 2637 574 2661; x_wconf 87' lang='lat' dir='ltr'><strong>unus,</strong></span> <span class='ocrx_word' id='word_1_646' title='bbox 597 2632 624 2656; x_wconf 90' lang='lat' dir='ltr'><strong>et</strong></span> <span class='ocrx_word' id='word_1_647' title='bbox 640 2626 737 2654; x_wconf 85' lang='lat' dir='ltr'><strong>Billius</strong></span> <span class='ocrx_word' id='word_1_648' title='bbox 751 2627 778 2654; x_wconf 93' lang='lat' dir='ltr'><strong>in</strong></span> <span class='ocrx_word' id='word_1_649' title='bbox 792 2634 854 2655; x_wconf 85' lang='lat' dir='ltr'><strong>ver-</strong></span> 
     </span>
    </p>
   </div>
   <div class='ocr_carea' id='block_1_76' title="bbox 69 2664 504 2698">
    <p class='ocr_par' dir='ltr' id='par_1_76' title="bbox 69 2664 504 2698">
     <span class='ocr_line' id='line_1_77' title="bbox 69 2664 504 2698; baseline 0 -7"><span class='ocrx_word' id='word_1_650' title='bbox 69 2664 156 2692; x_wconf 84' lang='lat' dir='ltr'><strong>sione.</strong></span> <span class='ocrx_word' id='word_1_651' title='bbox 174 2664 245 2691; x_wconf 87' lang='lat' dir='ltr'><strong>Edit.</strong></span> <span class='ocrx_word' id='word_1_652' title='bbox 266 2665 335 2691; x_wconf 90' lang='lat' dir='ltr'><strong>male</strong></span> <span class='ocrx_word' id='word_1_653' title='bbox 345 2664 504 2698; x_wconf 82' lang='grc' dir='ltr'>πλὲκτηται.</span> 
     </span>
    </p>
   </div>
   <div class='ocr_carea' id='block_1_77' title="bbox 105 2696 853 2733">
    <p class='ocr_par' dir='ltr' id='par_1_77' title="bbox 105 2696 853 2733">
     <span class='ocr_line' id='line_1_78' title="bbox 105 2696 853 2733; baseline -0.005 -7"><span class='ocrx_word' id='word_1_654' title='bbox 105 2699 160 2733; x_wconf 75' lang='grc'>(54)</span> <span class='ocrx_word' id='word_1_655' title='bbox 191 2700 225 2726; x_wconf 84' lang='grc' dir='ltr'>Ἡ</span> <span class='ocrx_word' id='word_1_656' title='bbox 247 2698 401 2732; x_wconf 80' lang='grc' dir='ltr'><strong>ἀδικήσεις</strong></span> <span class='ocrx_word' id='word_1_657' title='bbox 485 2698 540 2733; x_wconf 84' lang='grc' dir='ltr'>τῆς</span> <span class='ocrx_word' id='word_1_658' title='bbox 565 2698 718 2732; x_wconf 78' lang='grc' dir='ltr'>ἀληθείας,</span> <span class='ocrx_word' id='word_1_659' title='bbox 744 2697 780 2723; x_wconf 85' lang='grc' dir='ltr'>τὰ</span> <span class='ocrx_word' id='word_1_660' title='bbox 798 2696 853 2731; x_wconf 80' lang='grc' dir='ltr'>τῆς</span> 
     </span>
    </p>
   </div>
   <div class='ocr_carea' id='block_1_78' title="bbox 67 2733 854 2769">
    <p class='ocr_par' dir='ltr' id='par_1_78' title="bbox 67 2733 854 2769">
     <span class='ocr_line' id='line_1_79' title="bbox 67 2733 854 2769; baseline -0.004 -9"><span class='ocrx_word' id='word_1_661' title='bbox 67 2733 248 2768; x_wconf 76' lang='grc' dir='ltr'>ἐλευθερίας.</span> <span class='ocrx_word' id='word_1_662' title='bbox 260 2734 299 2761; x_wconf 88' lang='lat' dir='ltr'><strong>Ita</strong></span> <span class='ocrx_word' id='word_1_663' title='bbox 316 2735 397 2769; x_wconf 69' lang='lat' dir='ltr'><strong>ltegg.</strong></span> <span class='ocrx_word' id='word_1_664' title='bbox 410 2734 474 2769; x_wconf 87' lang='lat' dir='ltr'><strong>duo.</strong></span> <span class='ocrx_word' id='word_1_665' title='bbox 484 2734 534 2761; x_wconf 85' lang='lat' dir='ltr'><strong>Ed.</strong></span> <span class='ocrx_word' id='word_1_666' title='bbox 549 2734 618 2760; x_wconf 89' lang='lat' dir='ltr'><strong>male</strong></span> <span class='ocrx_word' id='word_1_667' title='bbox 632 2733 648 2768; x_wconf 85' lang='grc' dir='ltr'>ἢ</span> <span class='ocrx_word' id='word_1_668' title='bbox 663 2733 800 2769; x_wconf 80' lang='grc' dir='ltr'>ἀδικήσεις</span> <span class='ocrx_word' id='word_1_669' title='bbox 811 2740 854 2769; x_wconf 80' lang='grc' dir='ltr'><strong>γε,</strong></span> 
     </span>
    </p>
   </div>
   <div class='ocr_carea' id='block_1_79' title="bbox 69 2768 855 2804">
    <p class='ocr_par' dir='ltr' id='par_1_79' title="bbox 69 2768 855 2804">
     <span class='ocr_line' id='line_1_80' title="bbox 69 2768 855 2804; baseline 0 -10"><span class='ocrx_word' id='word_1_670' title='bbox 69 2769 118 2804; x_wconf 80' lang='grc' dir='ltr'>τῆς</span> <span class='ocrx_word' id='word_1_671' title='bbox 136 2769 303 2804; x_wconf 78' lang='grc' dir='ltr'>ἐλευθερίας,</span> <span class='ocrx_word' id='word_1_672' title='bbox 317 2770 391 2804; x_wconf 92' lang='lat' dir='ltr'><strong>quod</strong></span> <span class='ocrx_word' id='word_1_673' title='bbox 411 2768 505 2796; x_wconf 86' lang='lat' dir='ltr'><strong>Billius</strong></span> <span class='ocrx_word' id='word_1_674' title='bbox 528 2769 618 2800; x_wconf 88' lang='lat' dir='ltr'><strong>vertit,</strong></span> <span class='ocrx_word' id='word_1_675' title='bbox 635 2772 680 2794; x_wconf 87' lang='lat' dir='ltr'><strong>aut</strong></span> <span class='ocrx_word' id='word_1_676' title='bbox 699 2768 813 2802; x_wconf 80' lang='lat' dir='ltr'><strong>injurias</strong></span> <span class='ocrx_word' id='word_1_677' title='bbox 828 2768 855 2794; x_wconf 89' lang='lat' dir='ltr'><strong>in</strong></span> 
     </span>
    </p>
   </div>
   <div class='ocr_carea' id='block_1_80' title="bbox 71 2804 455 2838">
    <p class='ocr_par' dir='ltr' id='par_1_80' title="bbox 71 2804 455 2838">
     <span class='ocr_line' id='line_1_81' title="bbox 71 2804 455 2838; baseline 0.003 -9"><span class='ocrx_word' id='word_1_678' title='bbox 71 2812 110 2830; x_wconf 87' lang='lat' dir='ltr'><strong>me</strong></span> <span class='ocrx_word' id='word_1_679' title='bbox 126 2804 217 2838; x_wconf 72' lang='lat' dir='ltr'><strong>fueris,</strong></span> <span class='ocrx_word' id='word_1_680' title='bbox 232 2804 388 2835; x_wconf 78' lang='lat' dir='ltr'><strong>libertatem,</strong></span> <span class='ocrx_word' id='word_1_681' title='bbox 403 2808 455 2830; x_wconf 86' lang='lat' dir='ltr'><strong>etc.</strong></span> 
     </span>
    </p>
   </div>
   <div class='ocr_carea' id='block_1_81' title="bbox 106 2836 855 2874">
    <p class='ocr_par' dir='ltr' id='par_1_81' title="bbox 106 2836 855 2874">
     <span class='ocr_line' id='line_1_82' title="bbox 106 2836 855 2874; baseline -0.003 -7"><span class='ocrx_word' id='word_1_682' title='bbox 106 2836 163 2874; x_wconf 77' lang='lat'><strong>(35)</strong></span> <span class='ocrx_word' id='word_1_683' title='bbox 183 2840 237 2867; x_wconf 87' lang='grc' dir='ltr'><strong>Τοῦ</strong></span> <span class='ocrx_word' id='word_1_684' title='bbox 254 2839 464 2874; x_wconf 69' lang='grc' dir='ltr'>προειρηκότος</span> <span class='ocrx_word' id='word_1_685' title='bbox 477 2840 493 2866; x_wconf 82' lang='grc' dir='ltr'><em>ὀ</em></span> <span class='ocrx_word' id='word_1_686' title='bbox 509 2839 608 2874; x_wconf 70' lang='grc' dir='ltr'>λόγος.</span> <span class='ocrx_word' id='word_1_687' title='bbox 621 2838 693 2866; x_wconf 88' lang='lat' dir='ltr'><strong>Inter</strong></span> <span class='ocrx_word' id='word_1_688' title='bbox 706 2836 855 2866; x_wconf 85' lang='lat' dir='ltr'><strong>sententias</strong></span> 
     </span>
    </p>
   </div>
   <div class='ocr_carea' id='block_1_82' title="bbox 908 1711 1695 1745">
    <p class='ocr_par' dir='ltr' id='par_1_82' title="bbox 908 1711 1695 1745">
     <span class='ocr_line' id='line_1_83' title="bbox 908 1711 1695 1745; baseline -0.005 -4"><span class='ocrx_word' id='word_1_689' title='bbox 908 1715 1015 1742; x_wconf 92' lang='lat' dir='ltr'><strong>meliam</strong></span> <span class='ocrx_word' id='word_1_690' title='bbox 1030 1712 1193 1740; x_wconf 84' lang='lat' dir='ltr'><strong>charissimo</strong></span> <span class='ocrx_word' id='word_1_691' title='bbox 1210 1711 1286 1738; x_wconf 78' lang='lat' dir='ltr'><strong>fratri</strong></span> <span class='ocrx_word' id='word_1_692' title='bbox 1302 1711 1408 1738; x_wconf 86' lang='lat' dir='ltr'><strong>Basilio</strong></span> <span class='ocrx_word' id='word_1_693' title='bbox 1425 1719 1439 1737; x_wconf 85' lang='lat' dir='ltr'><strong>a</strong></span> <span class='ocrx_word' id='word_1_694' title='bbox 1453 1716 1498 1737; x_wconf 89' lang='lat' dir='ltr'><strong>tua</strong></span> <span class='ocrx_word' id='word_1_695' title='bbox 1517 1711 1617 1745; x_wconf 85' lang='lat' dir='ltr'><strong>pietate</strong></span> <span class='ocrx_word' id='word_1_696' title='bbox 1635 1711 1695 1737; x_wconf 90' lang='lat' dir='ltr'><strong>illa-</strong></span> 
     </span>
    </p>
   </div>
   <div class='ocr_carea' id='block_1_83' title="bbox 907 1754 1693 1790">
    <p class='ocr_par' dir='ltr' id='par_1_83' title="bbox 907 1754 1693 1790">
     <span class='ocr_line' id='line_1_84' title="bbox 907 1754 1693 1790; baseline 0 -8"><span class='ocrx_word' id='word_1_697' title='bbox 907 1761 962 1784; x_wconf 85' lang='lat' dir='ltr'><strong>tam</strong></span> <span class='ocrx_word' id='word_1_698' title='bbox 984 1764 1063 1789; x_wconf 82' lang='lat' dir='ltr'><strong>esse,</strong></span> <span class='ocrx_word' id='word_1_699' title='bbox 1089 1760 1170 1790; x_wconf 88' lang='lat' dir='ltr'><strong>atque</strong></span> <span class='ocrx_word' id='word_1_700' title='bbox 1189 1755 1339 1783; x_wconf 88' lang='lat' dir='ltr'><strong>etiamnum</strong></span> <span class='ocrx_word' id='word_1_701' title='bbox 1364 1754 1457 1782; x_wconf 86' lang='lat' dir='ltr'><strong>inferri</strong></span> <span class='ocrx_word' id='word_1_702' title='bbox 1481 1755 1594 1783; x_wconf 91' lang='lat' dir='ltr'><strong>moleste</strong></span> <span class='ocrx_word' id='word_1_703' title='bbox 1620 1755 1693 1787; x_wconf 87' lang='lat' dir='ltr'><strong>l&#39;ero,</strong></span> 
     </span>
    </p>
   </div>
   <div class='ocr_carea' id='block_1_84' title="bbox 908 1799 1694 1837">
    <p class='ocr_par' dir='ltr' id='par_1_84' title="bbox 908 1799 1694 1837">
     <span class='ocr_line' id='line_1_85' title="bbox 908 1799 1694 1837; baseline -0.005 -7"><span class='ocrx_word' id='word_1_704' title='bbox 908 1806 1001 1837; x_wconf 81' lang='lat' dir='ltr'><strong>utpote</strong></span> <span class='ocrx_word' id='word_1_705' title='bbox 1020 1809 1120 1836; x_wconf 87' lang='lat' dir='ltr'><strong>quem,</strong></span> <span class='ocrx_word' id='word_1_706' title='bbox 1138 1805 1195 1827; x_wconf 87' lang='lat' dir='ltr'><strong>tum</strong></span> <span class='ocrx_word' id='word_1_707' title='bbox 1209 1800 1272 1828; x_wconf 61' lang='lat' dir='ltr'><strong>vitae</strong></span> <span class='ocrx_word' id='word_1_708' title='bbox 1283 1821 1290 1833; x_wconf 90' lang='lat'><strong>,</strong></span> <span class='ocrx_word' id='word_1_709' title='bbox 1307 1804 1363 1826; x_wconf 88' lang='lat' dir='ltr'><strong>tum</strong></span> <span class='ocrx_word' id='word_1_710' title='bbox 1383 1799 1548 1831; x_wconf 86' lang='lat' dir='ltr'><strong>studiorum,</strong></span> <span class='ocrx_word' id='word_1_711' title='bbox 1560 1807 1592 1826; x_wconf 86' lang='lat' dir='ltr'><strong>ac</strong></span> <span class='ocrx_word' id='word_1_712' title='bbox 1607 1799 1694 1827; x_wconf 89' lang='lat' dir='ltr'><strong>subli-</strong></span> 
     </span>
    </p>
   </div>
   <div class='ocr_carea' id='block_1_85' title="bbox 908 1845 1693 1882">
    <p class='ocr_par' dir='ltr' id='par_1_85' title="bbox 908 1845 1693 1882">
     <span class='ocr_line' id='line_1_86' title="bbox 908 1845 1693 1882; baseline -0.004 -7"><span class='ocrx_word' id='word_1_713' title='bbox 908 1848 1037 1876; x_wconf 72' lang='lat' dir='ltr'><strong>missimze</strong></span> <span class='ocrx_word' id='word_1_714' title='bbox 1064 1845 1242 1882; x_wconf 74' lang='lat' dir='ltr'><strong>philosophiae</strong></span> <span class='ocrx_word' id='word_1_715' title='bbox 1261 1845 1382 1877; x_wconf 84' lang='lat' dir='ltr'><strong>socium,</strong></span> <span class='ocrx_word' id='word_1_716' title='bbox 1406 1851 1433 1873; x_wconf 86' lang='lat' dir='ltr'><strong>et</strong></span> <span class='ocrx_word' id='word_1_717' title='bbox 1456 1845 1491 1872; x_wconf 84' lang='lat' dir='ltr'><strong>ab</strong></span> <span class='ocrx_word' id='word_1_718' title='bbox 1512 1845 1591 1872; x_wconf 84' lang='lat' dir='ltr'><strong>initio</strong></span> <span class='ocrx_word' id='word_1_719' title='bbox 1613 1845 1693 1880; x_wconf 75' lang='lat' dir='ltr'><strong>elegi,</strong></span> 
     </span>
    </p>
   </div>
   <div class='ocr_carea' id='block_1_86' title="bbox 907 1891 1694 1926">
    <p class='ocr_par' dir='ltr' id='par_1_86' title="bbox 907 1891 1694 1926">
     <span class='ocr_line' id='line_1_87' title="bbox 907 1891 1694 1926; baseline -0.004 -5"><span class='ocrx_word' id='word_1_720' title='bbox 907 1899 934 1921; x_wconf 92' lang='lat' dir='ltr'><strong>et</strong></span> <span class='ocrx_word' id='word_1_721' title='bbox 949 1901 1021 1920; x_wconf 91' lang='lat' dir='ltr'><strong>nunc</strong></span> <span class='ocrx_word' id='word_1_722' title='bbox 1048 1892 1136 1919; x_wconf 84' lang='lat' dir='ltr'><strong>habeo</strong></span> <span class='ocrx_word' id='word_1_723' title='bbox 1153 1900 1160 1918; x_wconf 84' lang='lat'><strong>:</strong></span> <span class='ocrx_word' id='word_1_724' title='bbox 1178 1899 1229 1918; x_wconf 85' lang='lat' dir='ltr'><strong>nec</strong></span> <span class='ocrx_word' id='word_1_725' title='bbox 1253 1891 1402 1926; x_wconf 88' lang='lat' dir='ltr'><strong>quicquam</strong></span> <span class='ocrx_word' id='word_1_726' title='bbox 1427 1891 1493 1918; x_wconf 89' lang='lat' dir='ltr'><strong>mihi</strong></span> <span class='ocrx_word' id='word_1_727' title='bbox 1511 1891 1546 1918; x_wconf 91' lang='lat' dir='ltr'><strong>ob</strong></span> <span class='ocrx_word' id='word_1_728' title='bbox 1560 1891 1694 1926; x_wconf 90' lang='lat' dir='ltr'><strong>judicium</strong></span> 
     </span>
    </p>
   </div>
   <div class='ocr_carea' id='block_1_87' title="bbox 907 1936 1693 1972">
    <p class='ocr_par' dir='ltr' id='par_1_87' title="bbox 907 1936 1693 1972">
     <span class='ocr_line' id='line_1_88' title="bbox 907 1936 1693 1972; baseline -0.004 -6"><span class='ocrx_word' id='word_1_729' title='bbox 907 1939 941 1966; x_wconf 85' lang='lat' dir='ltr'><strong>de</strong></span> <span class='ocrx_word' id='word_1_730' title='bbox 967 1946 1000 1966; x_wconf 89' lang='lat' dir='ltr'><strong>eo</strong></span> <span class='ocrx_word' id='word_1_731' title='bbox 1025 1945 1117 1965; x_wconf 87' lang='lat' dir='ltr'><strong>meum</strong></span> <span class='ocrx_word' id='word_1_732' title='bbox 1142 1944 1305 1964; x_wconf 85' lang='lat' dir='ltr'><strong>succenseo.</strong></span> <span class='ocrx_word' id='word_1_733' title='bbox 1332 1936 1378 1964; x_wconf 87' lang='lat' dir='ltr'><strong>Sic</strong></span> <span class='ocrx_word' id='word_1_734' title='bbox 1395 1937 1467 1964; x_wconf 91' lang='lat' dir='ltr'><strong>enim</strong></span> <span class='ocrx_word' id='word_1_735' title='bbox 1490 1937 1600 1972; x_wconf 87' lang='lat' dir='ltr'><strong>parcius</strong></span> <span class='ocrx_word' id='word_1_736' title='bbox 1620 1937 1693 1972; x_wconf 91' lang='lat' dir='ltr'><strong>loqui</strong></span> 
     </span>
    </p>
   </div>
   <div class='ocr_carea' id='block_1_88' title="bbox 907 1982 1695 2020">
    <p class='ocr_par' dir='ltr' id='par_1_88' title="bbox 907 1982 1695 2020">
     <span class='ocr_line' id='line_1_89' title="bbox 907 1982 1695 2020; baseline -0.003 -9"><span class='ocrx_word' id='word_1_737' title='bbox 907 1988 1019 2020; x_wconf 70' lang='lat' dir='ltr'><strong>praestat</strong></span> <span class='ocrx_word' id='word_1_738' title='bbox 1035 1993 1042 2011; x_wconf 89' lang='lat'><strong><em>:</em></strong></span> <span class='ocrx_word' id='word_1_739' title='bbox 1059 1991 1094 2010; x_wconf 91' lang='lat' dir='ltr'><strong>ne</strong></span> <span class='ocrx_word' id='word_1_740' title='bbox 1110 1982 1212 2017; x_wconf 86' lang='lat' dir='ltr'><strong>alioqui</strong></span> <span class='ocrx_word' id='word_1_741' title='bbox 1230 1982 1316 2016; x_wconf 90' lang='lat' dir='ltr'><strong>ipsius</strong></span> <span class='ocrx_word' id='word_1_742' title='bbox 1335 1982 1448 2009; x_wconf 81' lang='lat' dir='ltr'><strong>virtutes</strong></span> <span class='ocrx_word' id='word_1_743' title='bbox 1465 1982 1616 2016; x_wconf 60' lang='lat' dir='ltr'><strong>pradicans</strong></span> <span class='ocrx_word' id='word_1_744' title='bbox 1627 2001 1635 2014; x_wconf 89' lang='lat'><strong>,</strong></span> <span class='ocrx_word' id='word_1_745' title='bbox 1651 1990 1695 2009; x_wconf 90' lang='lat' dir='ltr'><strong>me</strong></span> 
     </span>
    </p>
   </div>
   <div class='ocr_carea' id='block_1_89' title="bbox 908 2028 1694 2066">
    <p class='ocr_par' dir='ltr' id='par_1_89' title="bbox 908 2028 1694 2066">
     <span class='ocr_line' id='line_1_90' title="bbox 908 2028 1694 2066; baseline -0.005 -8"><span class='ocrx_word' id='word_1_746' title='bbox 908 2031 996 2066; x_wconf 90' lang='lat' dir='ltr'><strong>ipsum</strong></span> <span class='ocrx_word' id='word_1_747' title='bbox 1012 2030 1124 2056; x_wconf 82' lang='lat' dir='ltr'><strong>laudare</strong></span> <span class='ocrx_word' id='word_1_748' title='bbox 1141 2029 1244 2056; x_wconf 84' lang='lat' dir='ltr'><strong>videar.</strong></span> <span class='ocrx_word' id='word_1_749' title='bbox 1258 2028 1299 2055; x_wconf 93' lang='lat' dir='ltr'><strong>Tu</strong></span> <span class='ocrx_word' id='word_1_750' title='bbox 1316 2036 1390 2060; x_wconf 75' lang='lat' dir='ltr'><strong>vero.</strong></span> <span class='ocrx_word' id='word_1_751' title='bbox 1406 2029 1471 2055; x_wconf 91' lang='lat' dir='ltr'><strong>dum</strong></span> <span class='ocrx_word' id='word_1_752' title='bbox 1488 2036 1521 2056; x_wconf 86' lang='lat' dir='ltr'><strong>eo</strong></span> <span class='ocrx_word' id='word_1_753' title='bbox 1536 2033 1694 2063; x_wconf 81' lang='lat' dir='ltr'><strong>contempto</strong></span> 
     </span>
    </p>
   </div>
   <div class='ocr_carea' id='block_1_90' title="bbox 907 2073 1694 2109">
    <p class='ocr_par' dir='ltr' id='par_1_90' title="bbox 907 2073 1694 2109">
     <span class='ocr_line' id='line_1_91' title="bbox 907 2073 1694 2109; baseline -0.004 -6"><span class='ocrx_word' id='word_1_754' title='bbox 907 2083 958 2103; x_wconf 87' lang='lat' dir='ltr'><strong>nos</strong></span> <span class='ocrx_word' id='word_1_755' title='bbox 972 2076 1077 2102; x_wconf 90' lang='lat' dir='ltr'><strong>honore</strong></span> <span class='ocrx_word' id='word_1_756' title='bbox 1091 2074 1187 2105; x_wconf 78' lang='lat' dir='ltr'><strong>aiﬁcis,</strong></span> <span class='ocrx_word' id='word_1_757' title='bbox 1205 2073 1318 2109; x_wconf 86' lang='lat' dir='ltr'><strong>perinde</strong></span> <span class='ocrx_word' id='word_1_758' title='bbox 1332 2073 1397 2101; x_wconf 90' lang='lat' dir='ltr'><strong>mihi</strong></span> <span class='ocrx_word' id='word_1_759' title='bbox 1419 2073 1509 2101; x_wconf 78' lang='lat' dir='ltr'><strong>facere</strong></span> <span class='ocrx_word' id='word_1_760' title='bbox 1528 2073 1628 2101; x_wconf 88' lang='lat' dir='ltr'><strong>videris</strong></span> <span class='ocrx_word' id='word_1_761' title='bbox 1638 2093 1645 2105; x_wconf 91' lang='lat'><strong>,</strong></span> <span class='ocrx_word' id='word_1_762' title='bbox 1661 2081 1694 2100; x_wconf 87' lang='lat' dir='ltr'><strong>ac</strong></span> 
     </span>
    </p>
   </div>
   <div class='ocr_carea' id='block_1_91' title="bbox 908 2119 1691 2156">
    <p class='ocr_par' dir='ltr' id='par_1_91' title="bbox 908 2119 1691 2156">
     <span class='ocr_line' id='line_1_92' title="bbox 908 2119 1691 2156; baseline -0.004 -7"><span class='ocrx_word' id='word_1_763' title='bbox 908 2122 931 2149; x_wconf 90' lang='lat' dir='ltr'><strong>si</strong></span> <span class='ocrx_word' id='word_1_764' title='bbox 954 2122 1017 2156; x_wconf 87' lang='lat' dir='ltr'><strong>quis</strong></span> <span class='ocrx_word' id='word_1_765' title='bbox 1039 2121 1120 2148; x_wconf 89' lang='lat' dir='ltr'><strong>unius</strong></span> <span class='ocrx_word' id='word_1_766' title='bbox 1135 2120 1187 2147; x_wconf 80' lang='lat' dir='ltr'><strong>viri</strong></span> <span class='ocrx_word' id='word_1_767' title='bbox 1211 2125 1290 2155; x_wconf 80' lang='lat' dir='ltr'><strong>caput</strong></span> <span class='ocrx_word' id='word_1_768' title='bbox 1308 2120 1392 2146; x_wconf 89' lang='lat' dir='ltr'><strong>altera</strong></span> <span class='ocrx_word' id='word_1_769' title='bbox 1416 2127 1498 2146; x_wconf 90' lang='lat' dir='ltr'><strong>manu</strong></span> <span class='ocrx_word' id='word_1_770' title='bbox 1520 2119 1691 2150; x_wconf 76' lang='lat' dir='ltr'><strong>demulceat.</strong></span> 
     </span>
    </p>
   </div>
   <div class='ocr_carea' id='block_1_92' title="bbox 908 2164 1693 2198">
    <p class='ocr_par' dir='ltr' id='par_1_92' title="bbox 908 2164 1693 2198">
     <span class='ocr_line' id='line_1_93' title="bbox 908 2164 1693 2198; baseline -0.003 -4"><span class='ocrx_word' id='word_1_771' title='bbox 908 2168 993 2195; x_wconf 85' lang='lat' dir='ltr'><strong>altera</strong></span> <span class='ocrx_word' id='word_1_772' title='bbox 1017 2167 1115 2193; x_wconf 86' lang='lat' dir='ltr'><strong>malam</strong></span> <span class='ocrx_word' id='word_1_773' title='bbox 1140 2166 1237 2198; x_wconf 81' lang='lat' dir='ltr'><strong>feriat;</strong></span> <span class='ocrx_word' id='word_1_774' title='bbox 1255 2169 1302 2192; x_wconf 84' lang='lat' dir='ltr'><strong>aut</strong></span> <span class='ocrx_word' id='word_1_775' title='bbox 1325 2165 1404 2192; x_wconf 83' lang='lat' dir='ltr'><strong>etiam</strong></span> <span class='ocrx_word' id='word_1_776' title='bbox 1425 2165 1580 2193; x_wconf 83' lang='lat' dir='ltr'><strong>convellens</strong></span> <span class='ocrx_word' id='word_1_777' title='bbox 1595 2164 1693 2192; x_wconf 86' lang='lat' dir='ltr'><strong>domus</strong></span> 
     </span>
    </p>
   </div>
   <div class='ocr_carea' id='block_1_93' title="bbox 909 2212 1693 2248">
    <p class='ocr_par' dir='ltr' id='par_1_93' title="bbox 909 2212 1693 2248">
     <span class='ocr_line' id='line_1_94' title="bbox 909 2212 1693 2248; baseline -0.001 -8"><span class='ocrx_word' id='word_1_778' title='bbox 909 2213 1084 2241; x_wconf 79' lang='lat' dir='ltr'><strong>fundamenta</strong></span> <span class='ocrx_word' id='word_1_779' title='bbox 1105 2213 1223 2248; x_wconf 84' lang='lat' dir='ltr'><strong>parietes</strong></span> <span class='ocrx_word' id='word_1_780' title='bbox 1239 2212 1350 2248; x_wconf 77' lang='lat' dir='ltr'><strong>pingat,</strong></span> <span class='ocrx_word' id='word_1_781' title='bbox 1365 2215 1447 2246; x_wconf 87' lang='lat' dir='ltr'><strong>atque</strong></span> <span class='ocrx_word' id='word_1_782' title='bbox 1460 2216 1587 2240; x_wconf 75' lang='lat' dir='ltr'><strong>externas</strong></span> <span class='ocrx_word' id='word_1_783' title='bbox 1601 2216 1693 2247; x_wconf 87' lang='lat' dir='ltr'><strong>partes</strong></span> 
     </span>
    </p>
   </div>
   <div class='ocr_carea' id='block_1_94' title="bbox 908 2257 1692 2293">
    <p class='ocr_par' dir='ltr' id='par_1_94' title="bbox 908 2257 1692 2293">
     <span class='ocr_line' id='line_1_95' title="bbox 908 2257 1692 2293; baseline -0.004 -7"><span class='ocrx_word' id='word_1_784' title='bbox 908 2262 1029 2286; x_wconf 78' lang='lat' dir='ltr'><strong>exornet.</strong></span> <span class='ocrx_word' id='word_1_785' title='bbox 1043 2258 1162 2286; x_wconf 87' lang='lat' dir='ltr'><strong>Proinde</strong></span> <span class='ocrx_word' id='word_1_786' title='bbox 1178 2259 1201 2286; x_wconf 90' lang='lat' dir='ltr'><strong>si</strong></span> <span class='ocrx_word' id='word_1_787' title='bbox 1221 2259 1286 2293; x_wconf 89' lang='lat' dir='ltr'><strong>quid</strong></span> <span class='ocrx_word' id='word_1_788' title='bbox 1303 2258 1368 2285; x_wconf 91' lang='lat' dir='ltr'><strong>mihi</strong></span> <span class='ocrx_word' id='word_1_789' title='bbox 1384 2257 1625 2292; x_wconf 85' lang='lat' dir='ltr'><strong>obtemperandum</strong></span> <span class='ocrx_word' id='word_1_790' title='bbox 1641 2265 1692 2292; x_wconf 87' lang='lat' dir='ltr'><strong>pu-</strong></span> 
     </span>
    </p>
   </div>
   <div class='ocr_carea' id='block_1_95' title="bbox 909 2304 1694 2339">
    <p class='ocr_par' dir='ltr' id='par_1_95' title="bbox 909 2304 1694 2339">
     <span class='ocr_line' id='line_1_96' title="bbox 909 2304 1694 2339; baseline -0.003 -7"><span class='ocrx_word' id='word_1_791' title='bbox 909 2305 978 2333; x_wconf 84' lang='lat' dir='ltr'><strong>tabis</strong></span> <span class='ocrx_word' id='word_1_792' title='bbox 989 2325 997 2337; x_wconf 93' lang='lat'><strong>,</strong></span> <span class='ocrx_word' id='word_1_793' title='bbox 1013 2305 1066 2332; x_wconf 91' lang='lat' dir='ltr'><strong>hoc</strong></span> <span class='ocrx_word' id='word_1_794' title='bbox 1081 2304 1176 2332; x_wconf 83' lang='lat' dir='ltr'><strong>facies.</strong></span> <span class='ocrx_word' id='word_1_795' title='bbox 1191 2304 1226 2332; x_wconf 85' lang='lat' dir='ltr'><strong>Ut</strong></span> <span class='ocrx_word' id='word_1_796' title='bbox 1243 2310 1332 2332; x_wconf 84' lang='lat' dir='ltr'><strong>autem</strong></span> <span class='ocrx_word' id='word_1_797' title='bbox 1349 2305 1521 2339; x_wconf 88' lang='lat' dir='ltr'><strong>obtemperes</strong></span> <span class='ocrx_word' id='word_1_798' title='bbox 1531 2324 1538 2336; x_wconf 93' lang='lat'><strong>,</strong></span> <span class='ocrx_word' id='word_1_799' title='bbox 1561 2311 1575 2330; x_wconf 83' lang='lat' dir='ltr'><strong>a</strong></span> <span class='ocrx_word' id='word_1_800' title='bbox 1591 2308 1617 2331; x_wconf 86' lang='lat' dir='ltr'><strong>te</strong></span> <span class='ocrx_word' id='word_1_801' title='bbox 1633 2307 1694 2338; x_wconf 88' lang='lat' dir='ltr'><strong>peto</strong></span> 
     </span>
    </p>
   </div>
   <div class='ocr_carea' id='block_1_96' title="bbox 909 2350 1692 2387">
    <p class='ocr_par' dir='ltr' id='par_1_96' title="bbox 909 2350 1692 2387">
     <span class='ocr_line' id='line_1_97' title="bbox 909 2350 1692 2387; baseline -0.004 -8"><span class='ocrx_word' id='word_1_802' title='bbox 909 2355 937 2379; x_wconf 89' lang='lat' dir='ltr'><strong>et</strong></span> <span class='ocrx_word' id='word_1_803' title='bbox 947 2351 1083 2379; x_wconf 91' lang='lat' dir='ltr'><strong>contendo</strong></span> <span class='ocrx_word' id='word_1_804' title='bbox 1097 2362 1102 2379; x_wconf 92' lang='lat'>:</span> <span class='ocrx_word' id='word_1_805' title='bbox 1114 2359 1222 2387; x_wconf 71' lang='lat' dir='ltr'><strong>aequum</strong></span> <span class='ocrx_word' id='word_1_806' title='bbox 1233 2355 1276 2379; x_wconf 88' lang='lat' dir='ltr'><strong>est</strong></span> <span class='ocrx_word' id='word_1_807' title='bbox 1288 2351 1371 2378; x_wconf 89' lang='lat' dir='ltr'><strong>enim.</strong></span> <span class='ocrx_word' id='word_1_808' title='bbox 1390 2350 1418 2377; x_wconf 89' lang='lat' dir='ltr'><strong>Si</strong></span> <span class='ocrx_word' id='word_1_809' title='bbox 1433 2351 1520 2381; x_wconf 87' lang='lat' dir='ltr'><strong>illum,</strong></span> <span class='ocrx_word' id='word_1_810' title='bbox 1536 2355 1565 2377; x_wconf 90' lang='lat' dir='ltr'><strong>ut</strong></span> <span class='ocrx_word' id='word_1_811' title='bbox 1580 2358 1628 2385; x_wconf 86' lang='lat' dir='ltr'><strong>par</strong></span> <span class='ocrx_word' id='word_1_812' title='bbox 1640 2354 1692 2381; x_wconf 78' lang='lat' dir='ltr'><strong>est,</strong></span> 
     </span>
    </p>
   </div>
   <div class='ocr_carea' id='block_1_97' title="bbox 910 2396 1691 2433">
    <p class='ocr_par' dir='ltr' id='par_1_97' title="bbox 910 2396 1691 2433">
     <span class='ocr_line' id='line_1_98' title="bbox 910 2396 1691 2433; baseline -0.003 -8"><span class='ocrx_word' id='word_1_813' title='bbox 910 2399 1040 2430; x_wconf 83' lang='lat' dir='ltr'><strong>colueris,</strong></span> <span class='ocrx_word' id='word_1_814' title='bbox 1056 2399 1115 2433; x_wconf 87' lang='lat' dir='ltr'><strong>ipse</strong></span> <span class='ocrx_word' id='word_1_815' title='bbox 1131 2405 1240 2432; x_wconf 80' lang='lat' dir='ltr'><strong>quoque</strong></span> <span class='ocrx_word' id='word_1_816' title='bbox 1256 2398 1290 2425; x_wconf 90' lang='lat' dir='ltr'><strong>ab</strong></span> <span class='ocrx_word' id='word_1_817' title='bbox 1307 2405 1339 2424; x_wconf 92' lang='lat' dir='ltr'><strong>eo</strong></span> <span class='ocrx_word' id='word_1_818' title='bbox 1355 2397 1475 2425; x_wconf 84' lang='lat' dir='ltr'><strong>vicissim</strong></span> <span class='ocrx_word' id='word_1_819' title='bbox 1491 2396 1691 2424; x_wconf 76' lang='lat' dir='ltr'><strong>observaberis.</strong></span> 
     </span>
    </p>
   </div>
   <div class='ocr_carea' id='block_1_98' title="bbox 909 2442 1693 2479">
    <p class='ocr_par' dir='ltr' id='par_1_98' title="bbox 909 2442 1693 2479">
     <span class='ocr_line' id='line_1_99' title="bbox 909 2442 1693 2479; baseline -0.004 -8"><span class='ocrx_word' id='word_1_820' title='bbox 909 2444 964 2472; x_wconf 84' lang='lat' dir='ltr'><strong>Nos</strong></span> <span class='ocrx_word' id='word_1_821' title='bbox 979 2448 1070 2472; x_wconf 91' lang='lat' dir='ltr'><strong>autem</strong></span> <span class='ocrx_word' id='word_1_822' title='bbox 1091 2451 1248 2479; x_wconf 87' lang='lat' dir='ltr'><strong>sequemur,</strong></span> <span class='ocrx_word' id='word_1_823' title='bbox 1264 2442 1490 2478; x_wconf 87' lang='lat' dir='ltr'><strong>quemadmodum</strong></span> <span class='ocrx_word' id='word_1_824' title='bbox 1516 2442 1618 2469; x_wconf 65' lang='lat' dir='ltr'><strong>umbra:</strong></span> <span class='ocrx_word' id='word_1_825' title='bbox 1632 2450 1693 2469; x_wconf 87' lang='lat' dir='ltr'><strong>cor—</strong></span> 
     </span>
    </p>
   </div>
   <div class='ocr_carea' id='block_1_99' title="bbox 906 2519 1692 2555">
    <p class='ocr_par' dir='ltr' id='par_1_99' title="bbox 906 2519 1692 2555">
     <span class='ocr_line' id='line_1_100' title="bbox 906 2519 1692 2555; baseline -0.005 -7"><span class='ocrx_word' id='word_1_826' title='bbox 906 2521 940 2548; x_wconf 89' lang='lat' dir='ltr'><strong>ab</strong></span> <span class='ocrx_word' id='word_1_827' title='bbox 956 2520 1040 2548; x_wconf 84' lang='lat' dir='ltr'><strong>Henr.</strong></span> <span class='ocrx_word' id='word_1_828' title='bbox 1056 2519 1194 2555; x_wconf 85' lang='lat' dir='ltr'><strong>Stephano</strong></span> <span class='ocrx_word' id='word_1_829' title='bbox 1211 2520 1298 2548; x_wconf 87' lang='lat' dir='ltr'><strong>editas</strong></span> <span class='ocrx_word' id='word_1_830' title='bbox 1314 2520 1372 2547; x_wconf 56' lang='lat' dir='ltr'><strong>haec</strong></span> <span class='ocrx_word' id='word_1_831' title='bbox 1385 2519 1502 2546; x_wconf 82' lang='lat' dir='ltr'><strong>habetur</strong></span> <span class='ocrx_word' id='word_1_832' title='bbox 1518 2528 1524 2548; x_wconf 72' lang='grc' dir='ltr'><strong>τ</strong></span> <span class='ocrx_word' id='word_1_833' title='bbox 1537 2519 1692 2553; x_wconf 73' lang='grc' dir='ltr'>Τιμὼμενοι</span> 
     </span>
    </p>
   </div>
   <div class='ocr_carea' id='block_1_100' title="bbox 902 2555 1691 2592">
    <p class='ocr_par' dir='ltr' id='par_1_100' title="bbox 902 2555 1691 2592">
     <span class='ocr_line' id='line_1_101' title="bbox 902 2555 1691 2592; baseline -0.001 -10"><span class='ocrx_word' id='word_1_834' title='bbox 902 2556 956 2591; x_wconf 81' lang='grc' dir='ltr'><strong>γὰρ</strong></span> <span class='ocrx_word' id='word_1_835' title='bbox 969 2556 1068 2587; x_wconf 71' lang='grc' dir='ltr'>πάντες</span> <span class='ocrx_word' id='word_1_836' title='bbox 1077 2556 1187 2592; x_wconf 65' lang='grc' dir='ltr'>ἤᾷονται</span> <span class='ocrx_word' id='word_1_837' title='bbox 1206 2555 1304 2592; x_wconf 86' lang='grc' dir='ltr'>βροτοί·</span> <span class='ocrx_word' id='word_1_838' title='bbox 1323 2555 1430 2582; x_wconf 80' lang='lat' dir='ltr'><strong>Honore</strong></span> <span class='ocrx_word' id='word_1_839' title='bbox 1448 2555 1518 2582; x_wconf 74' lang='lat' dir='ltr'><strong>enim</strong></span> <span class='ocrx_word' id='word_1_840' title='bbox 1534 2555 1621 2589; x_wconf 71' lang='lat' dir='ltr'><strong>affecti</strong></span> <span class='ocrx_word' id='word_1_841' title='bbox 1634 2563 1691 2581; x_wconf 87' lang='lat' dir='ltr'><strong>om-</strong></span> 
     </span>
    </p>
   </div>
   <div class='ocr_carea' id='block_1_101' title="bbox 905 2590 1225 2618">
    <p class='ocr_par' dir='ltr' id='par_1_101' title="bbox 905 2590 1225 2618">
     <span class='ocr_line' id='line_1_102' title="bbox 905 2590 1225 2618; baseline -0.003 0"><span class='ocrx_word' id='word_1_842' title='bbox 905 2590 949 2618; x_wconf 82' lang='lat' dir='ltr'><strong>nes</strong></span> <span class='ocrx_word' id='word_1_843' title='bbox 963 2592 1086 2617; x_wconf 70' lang='lat' dir='ltr'><strong>lmtanlur</strong></span> <span class='ocrx_word' id='word_1_844' title='bbox 1098 2590 1225 2617; x_wconf 83' lang='lat' dir='ltr'><strong>homines.</strong></span> 
     </span>
    </p>
   </div>
   <div class='ocr_carea' id='block_1_102' title="bbox 940 2624 1693 2661">
    <p class='ocr_par' dir='ltr' id='par_1_102' title="bbox 940 2624 1693 2661">
     <span class='ocr_line' id='line_1_103' title="bbox 940 2624 1693 2661; baseline -0.001 -9"><span class='ocrx_word' id='word_1_845' title='bbox 940 2626 994 2661; x_wconf 80' lang='lat'><strong>(56)</strong></span> <span class='ocrx_word' id='word_1_846' title='bbox 1020 2626 1123 2661; x_wconf 58' lang='lat' dir='ltr'><strong>’Enlfs</strong></span> <span class='ocrx_word' id='word_1_847' title='bbox 1137 2625 1287 2658; x_wconf 79' lang='grc' dir='ltr'>συνόδους</span> <span class='ocrx_word' id='word_1_848' title='bbox 1302 2625 1355 2661; x_wconf 54' lang='grc' dir='ltr'><strong>καί</strong></span> <span class='ocrx_word' id='word_1_849' title='bbox 1371 2624 1544 2661; x_wconf 57' lang='grc' dir='ltr'>συλλόγους</span> <span class='ocrx_word' id='word_1_850' title='bbox 1555 2630 1693 2661; x_wconf 19' lang='grc' dir='ltr'>»πνευμα-</span> 
     </span>
    </p>
   </div>
   <div class='ocr_carea' id='block_1_103' title="bbox 903 2659 1691 2694">
    <p class='ocr_par' dir='ltr' id='par_1_103' title="bbox 903 2659 1691 2694">
     <span class='ocr_line' id='line_1_104' title="bbox 903 2659 1691 2694; baseline -0.003 -7"><span class='ocrx_word' id='word_1_851' title='bbox 903 2659 1015 2693; x_wconf 66' lang='grc' dir='ltr'><strong>τιῖιούς.</strong></span> <span class='ocrx_word' id='word_1_852' title='bbox 1029 2661 1067 2687; x_wconf 83' lang='lat' dir='ltr'><strong>Ita</strong></span> <span class='ocrx_word' id='word_1_853' title='bbox 1083 2659 1168 2694; x_wconf 78' lang='lat' dir='ltr'><strong>Regg.</strong></span> <span class='ocrx_word' id='word_1_854' title='bbox 1198 2661 1262 2693; x_wconf 80' lang='lat' dir='ltr'><strong>duo,</strong></span> <span class='ocrx_word' id='word_1_855' title='bbox 1281 2663 1308 2686; x_wconf 89' lang='lat' dir='ltr'><strong>et</strong></span> <span class='ocrx_word' id='word_1_856' title='bbox 1339 2660 1475 2686; x_wconf 88' lang='lat' dir='ltr'><strong>Billius&#39;in</strong></span> <span class='ocrx_word' id='word_1_857' title='bbox 1491 2659 1626 2686; x_wconf 76' lang='lat' dir='ltr'><strong>versione.</strong></span> <span class='ocrx_word' id='word_1_858' title='bbox 1641 2659 1691 2686; x_wconf 86' lang='lat' dir='ltr'><strong>Ed.</strong></span> 
     </span>
    </p>
   </div>
   <div class='ocr_carea' id='block_1_104' title="bbox 904 2694 1691 2730">
    <p class='ocr_par' dir='ltr' id='par_1_104' title="bbox 904 2694 1691 2730">
     <span class='ocr_line' id='line_1_105' title="bbox 904 2694 1691 2730; baseline -0.003 -8"><span class='ocrx_word' id='word_1_859' title='bbox 904 2696 973 2722; x_wconf 86' lang='lat' dir='ltr'><strong>male</strong></span> <span class='ocrx_word' id='word_1_860' title='bbox 988 2695 1033 2721; x_wconf 78' lang='grc' dir='ltr'>ὲπί</span> <span class='ocrx_word' id='word_1_861' title='bbox 1054 2703 1083 2721; x_wconf 86' lang='grc' dir='ltr'><strong>τε</strong></span> <span class='ocrx_word' id='word_1_862' title='bbox 1099 2694 1243 2729; x_wconf 81' lang='grc' dir='ltr'>συλλόγους</span> <span class='ocrx_word' id='word_1_863' title='bbox 1259 2695 1305 2721; x_wconf 89' lang='grc' dir='ltr'>καὶ</span> <span class='ocrx_word' id='word_1_864' title='bbox 1328 2694 1452 2730; x_wconf 75' lang='grc' dir='ltr'>συνόδους</span> <span class='ocrx_word' id='word_1_865' title='bbox 1476 2694 1691 2730; x_wconf 85' lang='grc' dir='ltr'>πνευματικούς,</span> 
     </span>
    </p>
   </div>
   <div class='ocr_carea' id='block_1_105' title="bbox 906 2729 1460 2765">
    <p class='ocr_par' dir='ltr' id='par_1_105' title="bbox 906 2729 1460 2765">
     <span class='ocr_line' id='line_1_106' title="bbox 906 2729 1460 2765; baseline 0 -7"><span class='ocrx_word' id='word_1_866' title='bbox 906 2735 980 2758; x_wconf 79' lang='lat' dir='ltr'><strong>esset</strong></span> <span class='ocrx_word' id='word_1_867' title='bbox 996 2731 1068 2758; x_wconf 87' lang='lat' dir='ltr'><strong>enim</strong></span> <span class='ocrx_word' id='word_1_868' title='bbox 1084 2730 1225 2765; x_wconf 81' lang='lat' dir='ltr'><strong>legendum</strong></span> <span class='ocrx_word' id='word_1_869' title='bbox 1240 2729 1435 2765; x_wconf 72' lang='grc' dir='ltr'>πνευματικὰς.</span> <span class='ocrx_word' id='word_1_870' title='bbox 1457 2742 1460 2745; x_wconf 93' lang='grc'>·</span> 
     </span>
    </p>
   </div>
   <div class='ocr_carea' id='block_1_106' title="bbox 944 2764 1690 2800">
    <p class='ocr_par' dir='ltr' id='par_1_106' title="bbox 944 2764 1690 2800">
     <span class='ocr_line' id='line_1_107' title="bbox 944 2764 1690 2800; baseline -0.001 -8"><span class='ocrx_word' id='word_1_871' title='bbox 944 2766 998 2799; x_wconf 76' lang='grc'>(57)</span> <span class='ocrx_word' id='word_1_872' title='bbox 1019 2764 1202 2799; x_wconf 74' lang='grc' dir='ltr'>Καταψήχοι.</span> <span class='ocrx_word' id='word_1_873' title='bbox 1217 2764 1255 2791; x_wconf 86' lang='lat' dir='ltr'><strong>Ita</strong></span> <span class='ocrx_word' id='word_1_874' title='bbox 1273 2764 1337 2800; x_wconf 76' lang='lat' dir='ltr'><strong>Reg.</strong></span> <span class='ocrx_word' id='word_1_875' title='bbox 1349 2773 1430 2798; x_wconf 83' lang='lat' dir='ltr'><strong>unus,</strong></span> <span class='ocrx_word' id='word_1_876' title='bbox 1446 2769 1472 2793; x_wconf 90' lang='lat' dir='ltr'><strong>et</strong></span> <span class='ocrx_word' id='word_1_877' title='bbox 1486 2764 1581 2792; x_wconf 86' lang='lat' dir='ltr'><strong>Billius</strong></span> <span class='ocrx_word' id='word_1_878' title='bbox 1593 2764 1621 2791; x_wconf 91' lang='lat' dir='ltr'><strong>in</strong></span> <span class='ocrx_word' id='word_1_879' title='bbox 1632 2772 1690 2792; x_wconf 82' lang='lat' dir='ltr'><strong>ver-</strong></span> 
     </span>
    </p>
   </div>
   <div class='ocr_carea' id='block_1_107' title="bbox 908 2799 1315 2835">
    <p class='ocr_par' dir='ltr' id='par_1_107' title="bbox 908 2799 1315 2835">
     <span class='ocr_line' id='line_1_108' title="bbox 908 2799 1315 2835; baseline -0.01 -5"><span class='ocrx_word' id='word_1_880' title='bbox 908 2801 994 2830; x_wconf 86' lang='lat' dir='ltr'><strong>sione.</strong></span> <span class='ocrx_word' id='word_1_881' title='bbox 1007 2800 1055 2828; x_wconf 83' lang='lat' dir='ltr'><strong>Ed.</strong></span> <span class='ocrx_word' id='word_1_882' title='bbox 1075 2801 1144 2829; x_wconf 81' lang='lat' dir='ltr'><strong>male</strong></span> <span class='ocrx_word' id='word_1_883' title='bbox 1158 2799 1315 2835; x_wconf 78' lang='grc' dir='ltr'>καταψέχοι.</span> 
     </span>
    </p>
   </div>
  </div>
