1923 3053
237 126 268 154 5i
833 124 861 152 S.
883 124 1018 153 GREGOB

1073 118 1239 152 l'HEOLOGl
1820 124 1856 152 5%

238 192 314 220 pora,
327 189 421 220 utpote
444 185 531 220 parvi,
544 189 570 213 et
584 185 619 212 ad
632 192 726 220 pacem
746 186 945 220 propensiores.
962 184 1018 212 Non

1073 185 1087 212 ὅ
1102 184 1148 211 τοῦ
1165 185 1225 211 καθ’
1241 184 1314 220 ἡμᾶς
1328 184 1408 218 λόγου
1422 183 1568 218 κεφάλαιόν
1583 184 1651 216 ἐστι,
1665 183 1714 218 τῆς
1733 183 1854 218 ἀγάπης·

236 230 308 257 enim
335 230 373 256 ita
391 231 492 258 misero
512 235 585 258 statu
611 238 656 257 res
682 234 783 257 nostra:
808 234 882 262 sunt,
907 235 935 257 ut
958 231 1018 258 aliis

1073 230 1159 261 ἄλλως
1177 238 1207 256 τε
1226 230 1273 256 καὶ
1290 229 1357 265 πρὸς
1377 228 1461 264 ἄνδρα
1481 229 1556 264 ἱερέα
1570 237 1599 254 τε
1616 228 1662 255 καί
1678 228 1813 260 τοσοῦτον,
1825 229 1855 254 ὂν

235 276 347 310 quidem
364 276 392 303 in
415 277 497 303 rebus
513 276 716 311 philosophari,
739 276 933 311 melioremque
954 283 1018 310 par-

1073 275 1120 301 καὶ
1129 274 1189 310 βίῳ,
1202 274 1248 300 καὶ
1255 274 1338 308 λόγῳ,
1351 274 1398 300 καὶ
1410 273 1531 309 πολιτείᾳ
1542 273 1597 309 (58)
1613 273 1721 299 πάντων
1733 273 1853 308 ἄριστον,

236 325 290 348 tem
304 321 383 356 sequi
408 322 541 354 velimus;
558 322 731 349 dilectionem
747 326 846 354 autem,
861 329 921 356 quae
937 322 1018 349 totius

1073 317 1110 347 ὧν
1125 321 1214 354 ῐσμεν,
1232 319 1412 354 γινώσκομεν.
1433 320 1471 346 Οὐ
1494 320 1548 354 γὰρ
1571 320 1745 355 ὲπισκοτήσει
1766 319 1796 345 τὸ
1809 319 1855 344 λυ-

235 366 367 394 doctrina!
391 371 493 395 nostra:
512 373 594 403 caput
612 371 670 399 est,
693 371 900 394 contemnamus
921 373 949 394 et
972 373 1018 401 pro

1074 365 1181 392 πεῖσθαι
1195 367 1228 400 τῇ
1246 364 1370 401 ἀληθείᾳ.

237 412 322 439 nihilo
335 412 484 446 ducamus;
500 421 531 440 ac
544 414 697 448 prmsertim
711 420 775 448 erga
786 413 874 440 virum
890 412 1071 444 sacerdotem,
1090 416 1200 446 tamque
1214 411 1359 446 insignem,
1375 417 1455 446 quem
1482 414 1509 437 et
1536 410 1602 441 vita,
1621 414 1648 437 et
1664 416 1790 437 sermone
1800 429 1808 442 ,
1828 412 1856 434 rt

235 458 369 491 instituto,
382 460 516 494 omnium,
529 468 599 495 quos
618 460 754 492 novimus,
768 459 1021 495 praestantissimum
1041 467 1102 487 esse
1136 458 1320 494 agnoscimus.
1351 456 1442 492 Neque
1463 456 1535 483 enim
1555 463 1665 488 maeror,
1694 462 1748 490 quo
1767 454 1858 482 allecti

235 504 348 539 fuimus,
364 507 472 534 veritati
489 507 617 536 tenebras
630 506 764 535 infundet.

514 562 595 590 XVII.
621 563 736 590 ElDEM.

1308 560 1357 586 lZ'.
1379 559 1423 594 τι)
1441 557 1531 592 arra
1551 557 1617 592 (59).

235 605 296 635 Non
314 608 370 636 sine
393 609 534 644 olfensione
550 610 649 636 monita
666 609 783 645 Gregorii
799 611 897 644 accepit
914 607 1255 645 Cwsariensis__eg_iscopu_s,
1271 605 1346 645 idque
1360 605 1430 645 datis
1450 606 1484 632 ad
1499 613 1558 645 eum
1574 605 1669 633 litteris
1683 605 1855 641 signiﬁcavit,

559 645 653 679 quibus
667 641 727 672 ηογί
734 646 829 672 minori
849 641 969 672 libertate
984 643 1113 678 respondit
1125 642 1264 676 Gregorius
1278 641 1390 674 epistola
1403 642 1526 675 sequenti.

268 690 327 718 Non
337 692 533 719 contumeliose
542 693 631 726 potius
647 697 728 727 atque
740 693 901 725 insolenter,
913 701 1008 728 quem-

1103 691 1159 724 Οὐχ
1174 687 1340 724 ὑϐριστικῶς
1353 687 1495 714 ἐπέστειλα
1508 687 1617 722 μᾶλλον,
1630 687 1724 723 ὥσπερ
1739 688 1857 724 ὲμέμψω

234 736 380 763 admodum
410 741 438 764 tu
466 737 500 764 de
529 738 643 772 cpistola
666 743 761 766 nostra
788 743 955 773 conquestus
973 746 1012 771 es,

1073 735 1116 770 ιῆς
1134 734 1292 769 ἐπιπολῆς,
1313 733 1330 768 ἢ
1349 732 1541 767 πνευματικῶς
1565 741 1593 758 τε
1616 732 1664 758 καλ⁷
1685 732 1855 766 φιλοσόφως,

235 789 317 817 quam
336 783 516 818 spiritualiter
529 791 561 810 ac
581 783 778 819 philosophice,
797 790 889 819 atque,
903 788 931 812 ut
950 792 1015 812 con-

235 831 396 856 sentaneum
410 833 478 859 erat,
499 829 608 863 scripsi,
626 829 679 857 nisi
699 830 751 857 hoc
765 837 874 865 quoque
891 830 1017 857 disertis-

235 873 336 901 simum
353 872 514 909 Gregorium
535 875 605 901 male
628 875 736 902 habeat.
755 874 812 903 Etsi
836 875 909 902 enim
927 875 1016 910 digni-

235 919 300 947 tatis
314 919 400 954 gradu
423 927 550 954 superas,
578 926 605 947 at
628 921 708 948 nobis
727 925 817 947 tamen
838 920 940 955 aliquid
967 921 1019 955 18

233 963 313 1008 iusta:
334 963 469 991 libertatis
495 972 528 991 ac
554 965 671 991 licentiae
693 965 782 993 dabis.
809 965 848 992 Ac
877 969 1055 1008 proptereaB

235 1007 422 1042 benigniorem
443 1012 468 1035 te
490 1008 571 1035 nobis
589 1008 689 1043 praebe.
707 1009 735 1036 Si
758 1013 786 1035 tu
804 1009 947 1043 epistolam
969 1015 1019 1035 no-

235 1056 320 1081 str-am
341 1053 529 1088 reprehendis,
550 1059 679 1089 tanquam
703 1054 809 1087 famuli,
833 1058 915 1089 atque
930 1054 1018 1081 homi-

235 1097 278 1125 nis
296 1098 343 1132 qui
367 1104 392 1126 te
417 1107 451 1126 ne
473 1099 580 1126 obtueri
606 1099 716 1134 quidem
743 1098 850 1131 debeat,
872 1099 913 1126 sic
935 1099 1018 1125 etiam

235 1143 330 1179 plagas
348 1144 527 1179 aecipiemus,
552 1152 584 1171 ac
607 1153 641 1172 ne
663 1145 797 1179 lacrymas
814 1145 922 1179 quidem
937 1145 1018 1171 emit-

235 1193 334 1217 temus.
352 1190 394 1217 An
416 1191 467 1218 hoc
485 1198 594 1225 quoque
610 1190 689 1218 nobis
709 1191 818 1217 crimini
842 1190 973 1217 dabitur?
989 1189 1018 1217 Id

1068 781 1116 807 καὶ
1130 780 1167 811 ὠς
1184 779 1256 811 εἰκὸς
1272 777 1316 814 ἦν,
1330 779 1354 804 εἰ
1369 777 1406 814 μὴ
1423 778 1470 805 καὶ
1486 778 1564 804 τοῦτο
1579 778 1659 804 λυπεῖ
1668 777 1855 812 τὸνιλογιὼτα-

1070 834 1115 852 τον
1132 826 1279 861 Γρηγόριον
1297 824 1362 860 (40).
1381 823 1432 854 Καὶ
1451 823 1506 859 γὰρ
1526 824 1548 850 εί
1567 823 1605 858 τῷ
1623 823 1717 858 βαθμῷ
1735 825 1855 859 κρατεῖς,

1071 871 1139 898 ἀλλὰ
1158 870 1254 902 δώσεις
1269 879 1295 897 τι
1317 870 1362 897 καὶ
1378 871 1442 905 ἡμῖν
1458 870 1613 906 ἐλευθερίας
1632 871 1678 896 καὶ
1700 871 1857 906 παρρησίας

1071 917 1187 949 δικαίας.
1203 917 1258 943 Καὶ
1275 916 1319 942 διὰ
1338 915 1416 942 τοῦτο
1434 915 1479 942 ἔσο
1497 917 1562 951 ἡμῖν
1578 915 1766 951 χρηστότερος.
1783 916 1857 951 Πλὴν

1070 964 1094 989 εὶ
1105 963 1207 998 κρίνεις
1220 962 1268 997 τὴν
1281 962 1423 997 ἐπιστολὴν
1433 962 1470 993 ὡς
1481 962 1594 993 οἰκέτου,
1609 962 1655 988 καὶ
1667 962 1721 988 οὐδ’
1733 962 1856 989 ἀντιϐλέ-

1071 1016 1132 1034 πειν
1145 1008 1200 1042 (Μ)
1214 1007 1378 1041 ὀφείλοντος,
1392 1007 1463 1034 οὕτω
1477 1006 1509 1042 δὴ
1521 1007 1567 1033 καὶ
1584 1007 1691 1042 πληγὰς
1703 1007 1855 1042 ληψόμεθα,

1070 1054 1117 1080 καὶ
1130 1054 1190 1080 οὐδὲ
1204 1053 1383 1088 δακρύσομεν.
1403 1053 1439 1079 Ἢ
1455 1054 1501 1079 κα)¹
1517 1052 1596 1079 τοῦτο
1612 1053 1855 1088 ὲγκληθησόμεθα;

1069 1099 1084 1126 ὃ
1106 1100 1208 1130 πάντας
1239 1099 1353 1134 μᾶλλον,
1380 1099 1397 1134 ἦ
1427 1098 1477 1133 τὴν
1510 1099 1558 1133 σὴν
1591 1098 1732 1125 εὐλάϐειαν
1759 1098 1856 1125 παθεῖν

1071 1145 1153 1178 ἄξιον.
1175 1146 1252 1172 Ἔστι
1269 1144 1324 1180 γὰρ
1344 1145 1440 1180 ἀνδρὸς
1466 1144 1665 1179 μεγαλόφρονος
1687 1145 1771 1179 φίλων
1789 1145 1858 1171 ἁπο-

1070 1191 1193 1227 δέχεσθαι
1209 1190 1306 1226 μᾶλλον
1321 1189 1486 1225 ἐλευθερίαν,
1499 1190 1514 1225 ἢ
1527 1190 1631 1225 ἐχθρῶν
1641 1189 1795 1216 κολακείαν.

234 1242 308 1264 certe
330 1237 418 1265 cuivis
439 1238 550 1272 potius,
581 1245 662 1272 quam
688 1238 782 1273 pietati
809 1243 872 1269 tuae,
901 1238 1025 1265 accidere
1053 1238 1190 1266 convenit.
1227 1237 1275 1265 Est
1304 1237 1377 1264 enim
1407 1236 1526 1264 hominis
1560 1236 1644 1264 animi
1669 1235 1856 1272 magnitudine

235 1283 352 1320 pranliti,
366 1284 516 1311 amicorum
535 1284 625 1319 potius
647 1284 810 1316 libertatem,
827 1292 908 1319 quam
926 1284 1097 1311 inimicorum
1114 1283 1260 1311 blanditias
1272 1283 1409 1318 amplecti.

512 1339 604 1366 XVIII.
625 1338 738 1366 EIDMI.

1306 1338 1359 1365 nr.
1381 1338 1425 1373 Τῼ
1442 1337 1533 1373 Am:
1553 1337 1619 1372 (ιε).

272 1385 357 1412 Tertia
371 1385 425 1412 [uec
440 1390 478 1412 est
491 1384 610 1420 Gregorii
625 1386 658 1412 ad
674 1385 816 1412 Eusebium
839 1384 1029 1416 Cwsariensem
1047 1385 1170 1419 epistola,
1188 1385 1216 1411 in
1228 1393 1280 1419 qua
1298 1384 1477 1411 moderatione
1501 1389 1525 1412 et
1547 1385 1656 1412 lenitate
1671 1385 1762 1411 statim
1776 1393 1854 1416 usus,

234 1425 372 1448 uenturum
386 1429 413 1447 se
426 1422 569 1453 respondit,
587 1426 614 1446 ut
633 1428 727 1454 preces
743 1428 805 1446 cum
821 1421 1093 1454 precibusjungeret,
1108 1427 1215 1454 unaque
1228 1424 1373 1455 pugnaret,
1389 1424 1415 1447 et
1429 1427 1482 1454 qua
1499 1428 1574 1450 voce,
1589 1427 1642 1454 qua
1657 1427 1740 1455 opera
1753 1421 1855 1455 pugiles

234 1440 264 1482 eo
279 1460 402 1489 tempore,
418 1440 482 1489 quor
494 1441 593 1482 ferae’in
614 1440 763 1482 Etcclesiam
779 1440 909 1488 impetum
932 1440 1062 1485 le’cera’nt,
1083 1440 1245 1489 tjtlxijuviiret.r
1259 1440 1466 1487 (Ettibtls,vefl‘)‘l8
1482 1440 1605 1486 ostendit:
1619 1440 1717 1489 quarde
1733 1440 1815 1482 obluit;
1831 1461 1857 1482 et

234 1499 284 1525 quo
299 1498 368 1517 anno
383 1490 415 1516 ab
432 1489 543 1525 Eusebio
556 1495 710 1521 vocaretur,-
726 1498 754 1516 eo
767 1489 903 1520 nimirum,
918 1498 967 1524 quo
984 1490 1065 1516 veluti
1080 1491 1165 1517 nubes
1179 1489 1320 1524 grandinis
1336 1490 1414 1524 plena
1427 1493 1454 1516 et
1468 1491 1595 1520 stridens.
1609 1490 1710 1517 Christi
1725 1491 1857 1518 inimicis-

235 1524 321 1554 Simus
341 1525 489 1558 imperator
506 1524 604 1552 Valens
619 1525 749 1552 Ciesarca:
765 1532 826 1560 cum
843 1525 973 1560 improbis
993 1527 1051 1552 suis
1068 1525 1239 1560 praesulibus
1250 1525 1413 1551 unntinebat.
1433 1524 1570 1560 Magnum,
1586 1525 1669 1558 inquit
1685 1525 1751 1559 (45),
1764 1530 1855 1552 certa-

237 1568 298 1586 men
315 1559 483 1595 propositum
495 1564 571 1592 erat;
585 1568 638 1586 non
655 1560 751 1595 ignava
763 1559 844 1595 etiam
857 1559 1004 1595 multorum
1017 1560 1156 1591 alacritas,
1171 1559 1218 1586 sed
1235 1559 1327 1586 intima
1337 1560 1420 1592 acies,
1437 1559 1528 1593 utpote
1540 1567 1637 1595 carens
1650 1565 1852 1595 propugnatore

235 1601 267 1620 ac
281 1593 370 1630 perito
382 1594 544 1628 defensore;
559 1603 634 1630 quem
653 1593 681 1622 iit
695 1594 808 1625 Basilio,
826 1594 878 1620 imo
895 1599 919 1621 et
937 1595 962 1621 in
982 1593 1117 1630 Gregorio,
1140 1595 1185 1629 qui
1207 1594 1267 1621 lidei
1290 1599 1504 1629 propugnatores
1521 1594 1598 1621 ambo
1614 1593 1749 1629 designati
1767 1601 1856 1627 erant,

236 1637 297 1656 mox
311 1629 412 1656 habuit.

270 1674 310 1702 Ne
335 1675 393 1710 ipse
415 1675 524 1711 quidem
545 1676 646 1711 alioqui
673 1677 807 1705 malevolo
835 1677 864 1704 in
887 1677 1016 1712 pietatem

1102 1675 1181 1711 Εἶχον
1202 1677 1252 1712 μὲν
1274 1676 1328 1703 οὐδ’
1351 1676 1438 1708 ἄλλως
1464 1676 1533 1712 πρὸς
1560 1676 1608 1712 τὴν
1637 1676 1686 1712 σὴν
1713 1677 1857 1705 εὐλάῦειαν

242 1723 316 1748 tuam
332 1721 423 1748 animo
443 1728 529 1754 eram,
544 1729 631 1756 neque
646 1721 698 1748 hoc
714 1722 824 1749 nomine
837 1729 880 1749 me
893 1721 1021 1748 crimine-

239 1767 289 1795 ris.
307 1766 407 1794 Verum
431 1772 607 1802 posteaquam
633 1767 763 1794 nonnulla
785 1773 848 1794 eum
866 1765 964 1792 ﬁducia
979 1765 1020 1792 lo—

239 1812 340 1847 quendi
369 1813 522 1840 libertatem
549 1813 679 1848 usurpavi
705 1813 781 1847 (quo
804 1812 930 1840 videlicet
956 1819 1021 1838 con-

238 1863 346 1894 ceptum
380 1859 471 1886 animo
497 1866 642 1886 maerorem
674 1859 788 1886 lenirem
815 1865 847 1885 ac
871 1858 1019 1891 curarem),

237 1905 330 1932 statim
350 1905 421 1932 cessi
441 1912 473 1932 ac
497 1905 640 1936 succubui,
661 1912 759 1939 meque
781 1903 881 1939 regula:
906 1903 1021 1931 libenter

237 1951 351 1986 subjeci.
371 1950 472 1984 Quidni
497 1951 571 1978 enim
590 1950 618 1977 id
638 1950 764 1982 iacerem,
791 1958 853 1977 cum
877 1953 904 1977 ct
931 1953 976 1982 te,
993 1953 1020 1977 et

237 1996 351 2031 spiritus
381 1997 456 2032 leges
485 1995 790 2031 cognitasvhaberem?
818 1995 897 2022 Nunc
929 2000 1019 2022 autem

237 2042 345 2070 etiamsi
363 2042 496 2070 malevolo
515 2045 542 2069 et
566 2041 662 2077 ignavo
692 2041 782 2070 animo
805 2048 906 2073 essem,
929 2044 1020 2068 tamen

238 2088 327 2122 ipsum
351 2091 461 2123 tempus
480 2094 524 2114 me
549 2087 601 2114 hoc
618 2086 716 2114 aﬂ'ectu
738 2087 862 2114 laborare
876 2094 931 2113 non
950 2086 1020 2120 pati-

238 2137 294 2166 tur,
317 2141 369 2161 nec
391 2132 466 2166 ferm,
491 2141 553 2168 qua:
579 2133 708 2167 impetum
731 2132 758 2158 in
781 2131 930 2159 Ecclesiam
947 2132 1019 2158 fece-

237 2183 312 2212 runt,
329 2186 379 2206 nec
391 2178 510 2214 denique
525 2185 674 2214 generosus
689 2181 753 2205 tuus
768 2181 950 2212 strenuusque
960 2178 1019 2204 ani-

237 2232 299 2252 mus
314 2225 354 2252 ita
369 2225 476 2252 sincere
490 2233 522 2252 ac
535 2225 596 2252 sine
609 2224 673 2251 fuco
686 2231 736 2258 pro
749 2223 870 2251 Ecclesia
883 2231 1017 2259 pugnans.

239 2269 384 2298 Veniemus
402 2271 495 2306 igitur,
514 2271 538 2298 si
561 2271 599 2298 ita
616 2269 736 2303 videtur,
754 2273 783 2297 ut
805 2273 832 2297 et
853 2277 950 2305 preces
967 2277 1017 2297 no-

237 2321 310 2344 stras
322 2323 385 2343 cum
398 2317 498 2344 vestris
512 2316 724 2351 coniungamus,
737 2319 765 2343 et
783 2323 837 2342 una
853 2323 1016 2350 pugnemus,

1073 1723 1256 1758 μικροψύχως,
1278 1722 1316 1758 μὴ
1331 1722 1410 1749 τοῦτο
1430 1723 1480 1758 μοῦ
1499 1723 1651 1758 καταγνῷς
1669 1723 1736 1750 ἀλλὰ
1759 1733 1858 1760 μικρον

1071 1769 1261 1802 ὲλευθεριάσας
1274 1769 1329 1804 (44)
1346 1777 1375 1795 τε
1390 1769 1438 1795 καὶ
1455 1768 1595 1804 θαρρήσας
1612 1769 1683 1805 (ὅσον
1701 1769 1731 1796 τὸ
1754 1769 1858 1797 λυποῦν

1069 1815 1198 1850 ἐπιψύξαι
1230 1817 1276 1842 καὶ
1304 1815 1505 1851 θεραπεῦσαι),
1537 1816 1636 1842 αὐτίκα
1660 1815 1780 1852 ἡττήθην
1809 1818 1858 1844 καὶ

1071 1861 1232 1896 ὑπεκλίθην,
1249 1862 1296 1888 καὶ
1314 1861 1353 1897 τῷ
1367 1862 1459 1888 κανόνι
1477 1861 1566 1897 φέρων
1586 1861 1703 1897 ἐμαυτὸν
1719 1862 1854 1898 ὑπέθηκα.

1069 1907 1102 1933 Τί
1115 1908 1143 1934 δὲ
1156 1908 1205 1934 οὐκ
1219 1908 1330 1943 ἔμελλόν
1349 1908 1379 1935 σέ
1392 1917 1422 1935 τε
1434 1908 1585 1943 γινώσκων,
1600 1909 1645 1935 καὶ
1661 1909 1758 1944 νόμους
1773 1909 1857 1936 πνεύ-

1071 1961 1168 1988 ματος;
1190 1953 1247 1980 Νῦν
1273 1953 1301 1979 δὲ
1323 1954 1371 1981 καὶ
1393 1954 1418 1980 ει
1439 1953 1498 1980 λίαν
1522 1953 1697 1989 μικροψύχως
1717 1952 1788 1989 εἶχον
1809 1955 1857 1981 καὶ

1069 1997 1198 2032 ἀγεννῶς,
1214 1998 1271 2025 ἀλλ’
1290 1999 1304 2025 ὃ
1318 2001 1350 2034 γε
1365 1999 1460 2035 καιρὸς
1472 2000 1521 2026 οὐκ
1537 2000 1570 2035 ἑᾷ
1580 1999 1658 2026 τοῦτο
1673 2001 1796 2035 πάσχειν,
1808 2001 1857 2027 καὶ

1069 2043 1094 2069 οἱ
1106 2043 1325 2079 καταδραμόντες
1336 2044 1417 2079 θῆρες
1431 2046 1465 2080 τῇ
1482 2044 1628 2080 Ἐκκλησία
1643 2044 1710 2080 (45),
1726 2045 1757 2071 τό
1770 2053 1799 2071 τε
1810 2045 1857 2073 σὺν

1069 2090 1191 2122 γενναῖον
1209 2089 1256 2115 καὶ
1269 2089 1411 2125 ἀνδρικὸν,
1437 2089 1507 2116 οὕτω
1525 2089 1652 2124 καθαρῶς
1673 2090 1719 2116 καὶ
1737 2091 1857 2125 γνησίως

1069 2134 1257 2170 προπολεμοῦν
1273 2135 1324 2166 τῆς
1345 2135 1508 2170 Ἐκκλησίας
1523 2135 1589 2170 (46).
1609 2136 1728 2170 Ἣξομεν
1747 2134 1809 2168 οὖν,
1830 2138 1855 2164 εἰ

1069 2179 1151 2212 δοκεῖ,
1172 2184 1218 2206 και
1243 2181 1302 2212 ταῖς
1321 2181 1415 2215 εὐχαῖς
1436 2181 1500 2216 ὑμῖν
1521 2180 1781 2216 συλλαμβανόμενοι,
1807 2182 1854 2208 καὶ

1070 2226 1324 2261 συναγωνιούμενοι,
1341 2227 1387 2253 καὶ
1398 2226 1641 2261 ὑπηρετησόμενοι,
1657 2227 1703 2253 καὶ
1716 2227 1754 2259 ὼς
1768 2227 1854 2263 ἀθληο

1068 2270 1118 2305 τὴν
1128 2270 1238 2306 ἄριστον
1247 2272 1390 2299 κελευσταὶ
1402 2273 1505 2305 παῖδες,
1512 2273 1573 2304 ταῖς
1583 2273 1788 2308 ὑτνοφωνήσεσιν
1798 2273 1854 2308 (47)

1069 2317 1269 2352 ἐπαλείφοντες.

236 2366 264 2390 et
288 2369 399 2397 operam
418 2362 496 2390 vobis
528 2369 671 2394 navemus,
694 2365 795 2396 atque,
822 2365 850 2388 ut
873 2361 1130 2396 praestantissimum
1152 2365 1271 2399 pugilem
1293 2363 1447 2391 hortatores
1472 2363 1560 2398 pueri.
1591 2364 1854 2394 succlamationibus

237 2407 392 2435 incitemus.

271 2464 328 2501 (38)
349 2465 496 2498 Πολιτείᾳ.
511 2465 605 2493 Billius
618 2465 699 2492 vertit
725 2466 834 2497 canitie;
848 2465 926 2500 quasi
946 2466 1018 2501 logc-
1035 2469 1058 2496 Ι)
1106 2465 1162 2499 (-59.)
1179 2465 1253 2501 tilias
1265 2463 1494 2501 CLXXnScriptaﬂ
1502 2463 1596 2501 eodem
1612 2471 1694 2491 anno.

238 2500 377 2534 ι’ἰιπολιᾷ,
405 2502 477 2534 quod
505 2501 530 2527 in
552 2500 714 2535 quibusdam
727 2501 806 2527 codd.
823 2501 947 2527 habetur.
964 2501 1017 2528 Sed

238 2536 377 2562 retinenda
389 2541 431 2571 est
441 2536 520 2562 lectio
533 2535 655 2571 πολιτείᾳ
665 2544 671 2550 ·
688 2543 742 2571 non
754 2535 827 2562 enim
840 2535 939 2562 Basilio
953 2540 1017 2562 tunc

236 2573 295 2596 erat
307 2574 372 2600 aetas
388 2570 430 2597 sic
446 2575 585 2606 provecta,
601 2575 630 2597 ut
647 2570 747 2597 canitie
763 2570 831 2597 foret
846 2578 901 2605 pra:
910 2571 1017 2599 caeteris

236 2608 379 2633 verendus.

271 2640 327 2676 (59)
346 2640 423 2676 Alias
434 2639 548 2676 CLXIX.
567 2639 674 2676 Scripta
693 2647 765 2667 anno
778 2640 840 2667 565.

272 2675 327 2710 (40)
348 2675 403 2702 Τὸν
413 2675 592 2709 λογιώτατον
601 2674 774 2710 Γρηγόριον.
789 2675 939 2703 Censemus
952 2674 1018 2703 Grc—

236 2711 342 2743 gorium
372 2709 414 2737 sic
442 2709 529 2738 fuisse
549 2709 585 2738 ab
608 2709 726 2737 Eusebio
752 2710 856 2738 ironice
877 2718 1017 2745 nuncupa-

236 2750 327 2815 ωῗεῗι)
352 2779 407 2807 Καὶ
423 2779 486 2806 οὐδ’
511 2779 709 2807 ἀντιϐλέπειν.
737 2779 774 2807 lta
789 2779 871 2815 Regg.
895 2783 968 2813 tres,
991 2783 1018 2808 et

241 2815 334 2846 Dillius
349 2816 376 2844 in
392 2817 524 2845 versione.
537 2815 587 2844 Ed.
605 2816 675 2844 male
690 2815 736 2844 καὶ
748 2815 927 2846 ἀντιϐλέπειν.

1107 2496 1162 2535 (45)
1182 2499 1263 2535 Greg.
1279 2505 1353 2535 orat.
1364 2500 1408 2531 45,
1420 2496 1454 2526 ιιῙ
1464 2499 1537 2535 30ft
1551 2498 1594 2525 5L

1107 2532 1162 2577 (ὀρ)
1188 2532 1423 2577 ’ῌλέυοεριάσιιᾳ
1438 2535 1477 2561 Ita
1491 2532 1557 2568 Reg.
1571 2541 1653 2565 unus,
1669 2537 1695 2560 et
1711 2532 1788 2561 Pass.
1804 2533 1853 2563 Ed.

1070 2570 1274 2605 ἐλευθεριῴσας.

1106 2605 1161 2640 (45)
1184 2604 1225 2638 Τῇ
1250 2604 1422 2639 Ἐκκλησία.
1453 2603 1491 2630 ita
1507 2602 1584 2630 Pass.
1610 2601 1660 2629 Ed.
1680 2603 1770 2631 minus
1788 2604 1854 2631 bene

1070 2640 1118 2675 τῆς
1139 2640 1310 2675 Ἐκκλησίαςν,

1108 2675 1164 2710 (46)
1178 2671 1237 2715 ΔΚαΣ
1246 2674 1485 2715 gratitude-fort.)
1510 2671 1707 2715 καθαρῷςπξιαι
1724 2673 1854 2715 rima-img-

1070 2744 1124 2771 lius
1141 2745 1168 2771 in
1183 2745 1316 2775 versione.
1332 2744 1382 2771 Ed.
1397 2744 1466 2770 male
1482 2744 1529 2769 καὶ
1544 2744 1663 2777 ἀνδρεῖον
1684 2744 1755 2768 οὓτω
1772 2751 1804 2769 κα

1072 2779 1322 2817 ﬂammise?“
1339 2780 1386 2805 καὶ
1404 2778 1520 2817 γνησίως
1536 2775 1804 2817 ῖῗιςέλευοερέαῖμ...

1108 2812 1164 2850 (ιη
1187 2812 1517 2852 Ταῖς-’ὑποφωνήσεσυκ
1543 2812 1611 2840 Male
1641 2816 1720 2840 vertit
1746 2812 1854 2846 Billius,
