1923 3053
214 82 250 110 εις
816 89 846 117 S.
863 89 1027 120 GREGORII
1047 91 1219 122 TllEOLOGl
1801 94 1837 124 56

212 141 267 168 lum
287 141 389 177 effugit,
413 144 518 172 arctius
538 144 562 172 ei
582 144 752 181 adjungitur,
769 154 784 174 a
807 156 861 183 quo
883 149 991 177 saluterr

1051 161 1144 180 σαντα.
1157 155 1202 189 Μὴ
1221 150 1268 180 οὖν
1287 153 1327 180 ἔπι
1347 153 1554 188 μετεσχήκαμεν
1570 152 1616 178 τοῦ
1631 149 1726 185 κακοῦ,
1742 153 1837 188 δυσχε-

211 191 254 214 est
266 193 444 217 consecutus.
460 189 579 218 Proinde
598 199 663 223 non,
682 193 746 226 quia
764 195 829 220 mali
846 196 996 231 participes

210 235 376 267 exstitirnus,
397 236 571 271 indignemur
587 248 594 264 ε
611 238 659 266 sed
679 240 742 273 quia
753 236 909 276 effugimus,
927 243 997 278 grati

211 279 294 306 animi
315 281 402 309 ofﬁcio
425 282 583 318 fungamur.
609 284 664 312 Nec
692 286 761 313 alios
782 295 833 314 nos
853 287 909 315 Deo
928 289 998 316 inter

211 326 353 360 pericula,
371 332 398 355 et
416 329 486 357 alios
505 334 567 364 post
584 331 708 365 pericula
729 332 907 361 exhilieamus
926 344 933 362 :
952 343 997 362 ve-

210 379 270 399 rum
294 373 351 401 sive
372 374 444 402 domi
468 381 625 409 manentes,
654 378 712 405 sive
736 386 849 414 peregre
874 385 995 415 agentes,

209 419 267 446 sive
292 420 425 454 privatam
448 423 530 448 vitant
550 423 693 453 ducentes,
711 424 769 452 sive
788 425 896 459 publica
912 435 996 462 nego-

209 465 246 491 tia
268 469 394 500 gerentes
420 466 472 501 (sic
499 467 572 494 enim
594 468 760 503 loquendum
777 474 829 502 est,
853 479 904 498 nec
927 480 995 507 pra:-

209 511 434 548 lermittendum),
450 521 512 540 eum
536 522 694 549 sequamur,
713 523 727 542 a
742 524 796 551 quo
818 517 933 545 salutem
947 526 994 545 ac-

207 558 341 591 cepimus,
363 562 446 592 atque
462 559 495 585 ad
524 560 597 587 illius
620 565 713 595 partes
737 567 844 590 nosmet
865 563 996 600 adiunga-

213 610 285 635 mus,
304 611 387 638 parva
405 608 432 631 et
449 604 523 632 humi
541 607 660 640 rcpentia
677 614 772 641 parum
789 609 843 643 20
854 613 993 637 curantes.

207 647 296 682 Atque
306 648 448 676 historiam
461 651 607 685 quamdam
621 653 739 686 posteris
754 653 862 684 demus,
883 658 940 682 tum
960 657 993 683 ad

207 693 324 728 gloriam
344 698 480 728 nostram,
501 700 558 723 tum
580 698 613 724 ad
639 698 736 725 animae
762 700 919 732 utilitatem,
936 709 993 728 am—

207 739 278 774 plam
295 743 323 767 et
335 742 494 775 praeclaram
513 751 519 768 :
535 750 596 776 quae
608 743 690 769 etiam
705 744 764 778 ipsa
780 745 928 772 utilissimo
943 746 993 773 do-

207 789 338 812 cumento
355 786 494 820 plerisque
515 787 562 818 sit,
581 787 714 814 nimirum
738 789 890 823 perieulum
911 798 991 817 secu-

208 832 288 859 ritate
310 833 402 867 potius
418 841 490 865 esse,
509 839 536 860 et
557 834 742 862 calamitatem
761 836 890 864 secundis
908 837 990 865 rebus

205 878 292 913 magis
304 879 482 913 expetendam
498 888 505 912 ;
524 879 546 906 si
563 879 674 915 quidem
687 885 750 908 ante
766 881 877 909 timores
890 883 992 910 mundo

205 924 307 952 addicti
330 932 454 957 crmnus,
476 930 538 960 post
555 926 669 954 timores
693 930 782 954 autem
806 928 859 955 Deo
875 936 926 956 nos
944 929 991 956 ad-

205 971 336 998 diximus.
351 971 481 1000 Fortasse
494 980 590 1008 graves
608 973 657 1000 tibi
672 981 704 1000 ac
717 972 826 1002 molesti
842 983 903 1002 esse
915 975 990 1003 vide-

206 1024 276 1050 mur,
296 1018 342 1052 qui
369 1017 403 1045 de
425 1018 468 1044 his
491 1018 574 1045 rebus
597 1019 697 1053 saepius
722 1019 755 1046 ad
777 1024 802 1047 te
824 1021 989 1054 scribamus,

206 1068 238 1088 ac
272 1069 414 1090 sermones
444 1066 573 1095 nostros,
603 1071 658 1091 non
686 1064 917 1097 admonitionem,
943 1066 989 1092 sed

204 1109 417 1136 ostentationem
438 1117 499 1136 esse
513 1110 666 1137 existimas.
685 1109 777 1143 Quare
794 1111 827 1138 de
847 1111 889 1138 his
909 1111 990 1139 rebus

204 1154 350 1181 verborum
368 1155 458 1188 satis;
486 1163 535 1183 nos
553 1164 617 1183 vero
641 1156 724 1188 scias,
748 1157 838 1187 velim.
865 1162 991 1193 prompto

1050 200 1194 235 ραίνωμεν·
1208 200 1264 226 ἀλλ’
1278 200 1319 226 ὅτι
1336 199 1568 234 διαπεφεύγαμεν,
1584 199 1834 234 εὑχαριστὴσωμεν.

1047 245 1123 280 Μηδὲ
1141 245 1216 272 ἄλλοι
1234 245 1362 280 φανῶμεν
1379 245 1418 280 τῷ
1432 244 1491 279 Θεῷ
1516 245 1591 280 παρὰ
1609 245 1654 271 τὸν
1671 245 1765 280 καιρὸν
1781 245 1835 270 τῶν

1049 291 1187 323 κινδύνων,
1201 292 1247 318 καὶ
1259 291 1332 318 ἄλλοι
1345 291 1413 326 μετὰ
1423 291 1486 322 τοὺς
1496 290 1644 322 κινδύνους·
1661 289 1727 316 ἀλλὰ
1740 289 1835 325 βουλη-

1047 335 1138 371 θῶμεν
1158 336 1212 362 εἴτε
1229 335 1417 371 ἐνδημοῦντες,
1435 335 1488 360 εἴτε
1504 333 1684 369 ἐκδημοῦντες
1700 333 1765 368 (60),
1780 334 1834 359 εἴτε

1048 382 1238 414 ἰδιωτεύοντες,
1252 382 1306 408 εἴτε
1316 381 1350 408 τὰ
1365 380 1442 408 κοινὰ
1456 381 1621 416 πράττοντες
1636 380 1686 415 (δεῖ
1697 379 1752 415 γὰρ
1764 379 1835 406 οὕτω

1046 428 1147 462 λέγειν,
1168 428 1215 455 καὶ
1229 428 1266 463 μὴ
1283 427 1409 464 λείπειν),
1426 427 1465 462 τῷ
1481 426 1597 453 σώσαντι
1616 425 1833 458 κατακολουθεῖν,

1046 475 1093 502 καὶ
1106 475 1230 509 γίνεσθαι
1244 476 1292 510 τῆς
1310 474 1413 501 ἐκείνου
1429 475 1535 510 μοίρας,
1555 473 1640 509 μικρὰ
1657 473 1711 515 τῶν
1728 473 1834 508 μικρῶν

1045 521 1092 547 καὶ
1115 521 1200 555 χαμαὶ
1220 521 1376 555 ἐρχομένων
1398 520 1599 555 φροντίσαντες.
1625 519 1680 546 Καὶ
1700 519 1789 554 δῶμέν
1806 528 1833 546 τι

1044 564 1165 599 διήγημα
1178 565 1233 595 τοῖς
1246 565 1285 596 εἰς
1301 564 1424 600 ὕστερον,
1442 565 1512 600 μέγα
1531 566 1579 600 μὲν
1594 566 1633 597 είς
1649 565 1727 598 δόξαν
1743 565 1832 600 ἡμῶν,

1047 610 1117 645 μέγα
1127 610 1154 636 δὲ
1171 611 1210 642 είς
1222 610 1355 645 ὠφέλειαν
1366 611 1463 646 ψυχῆς·
1478 611 1508 637 τὸ
1518 611 1545 636 δὲ
1558 611 1622 636 αὐτὸ
1637 611 1683 637 καὶ
1696 610 1833 645 παίδευμα

1043 657 1099 687 τοῖς
1115 656 1220 688 πολλοῖς
1240 656 1459 692 χρησιμώτατον,
1476 658 1517 684 ὅτι
1538 658 1668 692 κρείττων
1683 657 1832 691 ἀσφαλείας

1044 702 1174 733 κίνδυνος,
1197 703 1244 729 καὶ
1265 703 1392 739 συμφορὰ
1407 703 1556 738 εὐημερίας
1574 704 1752 739 αἱρετωτέρα·
1763 704 1790 729 εἴ
1799 712 1831 738 γε

1045 748 1097 784 πρὸ
1115 748 1164 782 μὲν
1180 749 1235 775 τῶν
1252 750 1341 783 φόϐων
1362 747 1432 785 ἦμεν
1450 750 1497 776 τοῦ
1514 750 1628 785 κόσμου,
1645 750 1713 784 μετὰ
1726 750 1753 776 δὲ
1769 751 1831 781 τοὺς

1044 795 1142 829 φόϐους
1164 794 1211 821 τοῦ
1236 795 1303 822 Θεοῦ
1326 796 1509 831 γεγενήμεθα.
1539 797 1618 828 Ἴσως
1641 805 1681 822 σοι
1708 797 1832 831 φορτικοὶ

1041 839 1182 874 δοκοῦμεν,
1195 840 1323 872 πολλάκις
1335 849 1375 867 σοι
1386 843 1450 876 περὶ
1459 841 1609 868 τῶναύτῶν
1618 841 1830 872 ἐπιστέλλοντες,

1041 885 1087 911 καὶ
1105 885 1134 911 οὐ
1152 885 1322 920 παραίνεσιν,
1341 886 1398 913 ἀλλ’
1417 887 1545 920 ἐπίδειξιν
1563 887 1685 922 νομίζεις
1698 887 1752 922 (6i)
1769 887 1833 918 τοὺς

1040 931 1144 965 λόγους.
1157 931 1202 958 Διὸ
1212 931 1314 958 τούτων
1331 933 1379 966 μὲν
1396 932 1465 964 ἃλις·
1480 933 1553 968 ἡμᾶς
1566 933 1594 959 δὲ
1607 933 1659 959 ἴσοι
1677 933 1830 969 προθυμου-

1040 976 1138 1011 μένους
1156 977 1202 1003 καὶ
1225 977 1388 1012 εὐχομένους
1413 977 1529 1013 μάλιστα
1548 978 1596 1013 μὲν
1610 978 1735 1012 γενέσθαι
1749 978 1830 1014 μέχρι

1040 1029 1098 1051 σου,
1117 1021 1371 1057 συνησϐησομένους
1384 1022 1439 1057 (62)
1451 1024 1484 1058 τῇ
1500 1024 1622 1059 σωτηρίᾳ
1636 1031 1694 1056 σου,
1709 1024 1755 1050 καὶ
1767 1025 1832 1059 περὶ

1043 1067 1144 1093 τούτων
1158 1067 1320 1103 τελεώτερον
1336 1068 1550 1104 διαλεξομένους.
1569 1070 1600 1095 Εἰ
1619 1070 1641 1095 δ’
1660 1069 1703 1101 οὒ,
1719 1069 1775 1096 ἀλλ’
1789 1071 1831 1096 ὲν-

1043 1112 1130 1139 ταῦθά
1150 1122 1179 1140 σε
1205 1113 1364 1149 δεξομένους
1390 1115 1427 1147 ὼς
1451 1115 1576 1150 τάχιστα,
1599 1116 1777 1151 συνεορτάσαι
1797 1116 1831 1143 τὰ

1044 1159 1217 1194 χαριστήρια.

204 1200 296 1228 animo
306 1208 366 1228 esse
383 1205 464 1236 atque
476 1205 606 1237 exoptare
619 1203 791 1237 potissimum
806 1204 840 1231 ad
860 1207 886 1231 te
905 1212 992 1238 usque
1016 1205 1162 1239 proficisci,
1196 1209 1226 1232 ut
1247 1205 1281 1233 de
1298 1207 1385 1234 salute
1407 1211 1453 1234 tua
1470 1207 1518 1234 tibi
1544 1207 1713 1242 gratulemur
1732 1215 1764 1235 ac
1797 1208 1832 1236 de

205 1245 247 1273 his
269 1247 354 1274 rebus
380 1247 528 1282 perfectius
550 1247 719 1276 disseramus

746 1259 752 1276 :
775 1250 819 1277 sin
844 1250 945 1282 minus,
968 1254 995 1277 at
1009 1255 1093 1283 certe,
1121 1256 1149 1278 ut
1170 1256 1196 1279 te
1221 1252 1266 1279 hic
1301 1253 1391 1287 primo
1416 1261 1527 1288 quoque
1552 1257 1676 1287 tempore
1704 1251 1830 1281 reducem

203 1294 355 1328 videamus,
371 1299 452 1330 atque
475 1304 529 1322 una
551 1301 640 1323 tecum
656 1297 682 1324 in
702 1297 772 1332 grati
787 1298 872 1325 animi
887 1298 1118 1333 significationem
1134 1299 1233 1327 festum
1247 1299 1320 1328 diem
1333 1301 1513 1329 celebremus.

344 1372 413 1399 XXI.
431 1372 626 1401 SOPIIRONIO
641 1373 845 1401 PRz’EFECTO.

1187 1377 1252 1403 KA'.
1271 1378 1440 1414 ΣΩΦΡΟΝΙῼ
1459 1379 1599 1415 ΥΠΑΡΧῼ
1618 1380 1684 1416 (65).

241 1440 318 1469 Urbis
335 1442 636 1482 Constantinopolitano
650 1444 835 1482 prwfecturam
845 1444 950 1482 gerebat
966 1444 1129 1482 §uphronins
1143 1445 1284 1482 «111119569,
1297 1453 1347 1480 quo
1361 1446 1431 1473 datis
1447 1446 1481 1482 ad
1495 1455 1554 1473 eum
1571 1447 1675 1478 litteris,
1691 1445 1831 1482 Gregorius

202 1484 324 1516 generum
337 1479 437 1516 sororis
451 1487 506 1505 mw
523 1479 681 1516 Nicobulum
698 1479 721 1516 ei
733 1479 942 1516 commendabat.
961 1479 1071 1516 Cretera:
1091 1489 1179 1507 omnes
1192 1479 1313 1515 Gregorii
1331 1481 1365 1507 ad
1379 1481 1498 1508 eumdem
1512 1482 1630 1516 epislalw
1645 1479 1764 1516 prwfecti
1781 1490 1830 1516 po—

204 1513 312 1550 tentiam
322 1513 479 1550 pra-dicant,
497 1515 540 1540 cui
557 1515 660 1548 negotia
672 1519 696 1539 et
711 1514 827 1541 homines
843 1515 1070 1550 commendantur,
1085 1521 1109 1542 et
1121 1516 1196 1550 cujus
1208 1513 1362 1549 pnisidium
1375 1513 1542 1549 imploranti.
1558 1513 1657 1544 Prmire
1672 1513 1759 1544 mitem
1774 1513 1830 1543 om-

205 1547 280 1586 ni_bus_
291 1556 322 1586 ea
333 1547 430 1577 debuit.
444 1547 657 1586 iugitqrrecfemis
668 1549 806 1586 dignitatis
820 1549 921 1586 indicit:
931 1551 1055 1586 quwdam
1070 1547 1212 1584 apparent,
1224 1556 1252 1578 ut
1266 1552 1293 1578 in
1309 1551 1350 1578 his
1367 1547 1451 1578 verbis
1463 1552 1706 1586 deprehenduntur:
1718 1552 1830 1579 Etiamsi

204 1582 236 1608 ad
257 1583 367 1622 altim‘es
383 1584 506 1622 quotidie
522 1584 685 1622 dignitatum
697 1582 806 1622 gradus
826 1582 996 1619 proveharis.
1014 1585 1076 1613 lam
1087 1582 1160 1613 enim
1177 1587 1311 1619 notarius,
1330 1595 1388 1613 cum
1410 1587 1442 1614 ab
1457 1582 1632 1622 ea'dignt'tate
1645 1587 1678 1615 ad
1692 1587 1831 1622 prwfectu-

203 1624 260 1644 ram
275 1613 599 1653 Constanllinopolitan'am
614 1613 727 1654 gradum
740 1619 813 1653 Iecit.

237 1685 340 1712 Aurum
365 1686 433 1713 alias
459 1686 568 1721 quidem
593 1686 647 1713 alio
672 1686 754 1714 modo
780 1685 941 1713 immutatur
960 1690 1021 1718 etc

201 1731 349 1767 ('lIingitur.
376 1732 403 1758 in
429 1733 531 1759 multos
557 1736 672 1759 ornatus
697 1731 886 1763 informatum,
908 1736 990 1767 atque

203 1777 237 1805 ad
259 1777 359 1804 multas
383 1785 427 1804 res
451 1778 485 1804 ab
498 1782 556 1804 arte
569 1778 725 1805 traductum
743 1786 751 1804 :
774 1786 872 1805 aurum
888 1783 988 1812 tamen,

202 1826 232 1850 ut
247 1827 299 1854 est,
317 1827 418 1853 manet.
436 1831 487 1850 nec
501 1824 627 1854 materia,
646 1823 693 1851 sed
708 1823 795 1850 forma
811 1825 990 1850 mutationem

203 1869 327 1904 suscipit.
352 1869 453 1896 Eodem
476 1870 556 1896 modo
577 1873 654 1896 tuam
683 1877 793 1905 quoque
824 1870 990 1904 probitatem

202 1916 326 1944 eamdem
357 1924 421 1951 erga
451 1920 513 1944 tuos
535 1917 640 1944 amicos
656 1924 767 1944 manere
788 1917 989 1951 existimantes,

204 1963 313 1990 etiamsi
342 1963 376 1990 ad
409 1963 522 1991 altiores
548 1963 671 1997 quotidie
693 1963 859 1998 dignitatum
887 1963 990 1998 gradus

205 2009 375 2043 proveharis,
398 2010 470 2037 hanc
491 2010 542 2037 tibi
567 2009 788 2045 deprecationem
813 2008 911 2036 offerre
939 2009 991 2036 mi-

206 2054 279 2082 nime
296 2055 502 2088 dubitavimus;
520 2055 593 2090 quod
612 2055 716 2082 scilicet
739 2055 899 2089 dignitatem
915 2057 990 2082 tuam

205 2109 257 2128 non
277 2102 364 2136 magis
382 2106 575 2134 metueremus,
591 2109 673 2136 quam
692 2101 816 2128 moribus
831 2101 885 2128 tuis
903 2101 991 2128 conli-

203 2148 341 2175 deremus.
358 2148 525 2182 Cumprimis
551 2148 708 2175 venerando
731 2148 786 2175 [ilio
802 2154 898 2178 nostro
912 2149 992 2176 Nico-

204 2193 279 2223 bulo.
297 2200 417 2227 quocum
441 2193 506 2219 mihi
526 2193 742 2220 necessitudines
763 2201 859 2221 omnes
873 2194 991 2221 interce-

203 2239 282 2270 dunt,
299 2244 356 2265 tum
369 2239 405 2266 ob
421 2238 529 2274 generis
554 2239 796 2274 propinquitatem,
815 2244 872 2267 tum
893 2241 928 2268 ob
952 2239 992 2266 fa-

203 2285 401 2315 miliaritatem.
418 2290 487 2317 tum,
508 2285 581 2320 quod
603 2285 646 2312 his
662 2286 749 2320 pluris
765 2286 921 2313 ducendum
939 2291 990 2316 est.

1078 1688 1107 1714 '0
1131 1687 1232 1723 χρυσὸς
1259 1687 1352 1714 ἄλλοτε
1378 1687 1427 1723 μὲν
1452 1687 1539 1719 ἄλλως
1568 1689 1756 1723 μεταποιεῖται
1783 1689 1831 1715 καὶ

1041 1733 1237 1768 σχηματίζεται
1257 1734 1298 1765 είς
1317 1733 1431 1765 πολλοὺς
1450 1733 1570 1769 κόσμους
1584 1733 1765 1768 τυπούμενος,
1784 1735 1831 1760 καὶ

1041 1779 1109 1814 πρὸς
1121 1779 1206 1805 πολλὰ
1227 1778 1280 1805 ὑπὸ
1296 1779 1346 1814 τῆς
1362 1779 1460 1814 τέχνης
1476 1779 1610 1814 ἀγόμενος
1629 1779 1695 1814 (64)’
1715 1778 1790 1814 μένει
1802 1779 1831 1805 δὲ

1041 1825 1109 1861 ὅπερ
1123 1826 1180 1852 ἐστὶ
1194 1825 1305 1861 χρυσὸς,
1323 1826 1370 1852 καὶ
1386 1826 1435 1860 οὐχ
1450 1826 1466 1860 ὴ
1483 1825 1532 1861 ὕλη
1545 1825 1706 1861 μεταϐολὴν.
1719 1825 1787 1852 ἀλλὰ
1800 1826 1831 1851 τὸ

1043 1872 1135 1906 σχῆμα
1159 1871 1300 1906 λιμΰάνει,
1324 1870 1402 1897 Οὕτω
1422 1870 1468 1896 καὶ
1490 1870 1538 1906 τὴν
1562 1870 1611 1904 σὴν
1629 1870 1831 1904 καλοκαγαθίαν

1042 1917 1188 1952 ἡγούμενοι
1212 1918 1260 1952 τὴν
1286 1917 1370 1952 αὐτὴν
1396 1917 1486 1952 μένειν
1509 1917 1566 1947 τοῖς
1591 1916 1689 1950 φίλοις,
1713 1915 1765 1942 κᾶν
1787 1915 1832 1942 ἀεὶ

1043 1962 1141 1998 προῒῃς
1159 1962 1205 1988 ἐπὶ
1219 1962 1252 1989 τὰ
1268 1962 1421 1997 ἔμπροσθεν
1431 1981 1438 1993 ,
1455 1961 1556 1997 ταύτην
1572 1960 1831 1997 ὲθαρῤήσαμεν·τὴν

1043 2008 1190 2043 πρεσϐείαν
1210 2008 1406 2043 προσαγαγεῖν,
1426 2008 1456 2034 οὑ
1476 2007 1574 2042 μᾶλλον
1591 2007 1640 2042 τὴν
1658 2007 1735 2040 ἀξίαν
1751 2007 1831 2033 εὐλα-

1043 2054 1182 2089 ϐηθέντες,
1199 2053 1215 2089 ἢ
1237 2053 1276 2088 τῷ
1294 2054 1386 2088 τρόπῳ
1404 2051 1607 2084 πιστεύσαντες.
1624 2051 1669 2087 Τῷ
1685 2052 1830 2087 αἰδεσιμω-

1042 2100 1116 2136 τάτῳ
1138 2100 1187 2135 υἱῷ
1207 2099 1286 2135 ἡμῶν
1310 2099 1468 2134 Νικοϐούλῳ
1491 2099 1525 2125 τὰ
1544 2098 1633 2125 πάντα
1655 2098 1742 2132 ἔχοντι
1764 2097 1831 2133 πρὸς

1042 2147 1117 2182 ἡμᾶς
1137 2146 1308 2181 ἐπιτηδείως,
1329 2146 1376 2172 καὶ
1396 2145 1440 2171 διὰ
1461 2144 1633 2179 συγγένειαν,
1654 2145 1700 2170 καὶ
1721 2143 1765 2170 διὰ
1781 2144 1831 2178 τὴν

1042 2193 1206 2228 οἰκειότητα,
1216 2192 1274 2223 καὶ,
1284 2192 1298 2218 ὃ
1309 2191 1411 2217 τούτων
1426 2191 1516 2225 μεῖζόν
1528 2191 1597 2222 ἐστι,
1607 2190 1710 2216 διὰ”τὸν
1720 2190 1830 2225 τρόπον,

1043 2239 1121 2272 γενοῦ
1144 2238 1239 2271 δεξιός.
1268 2237 1311 2264 Ἐν
1338 2236 1402 2269 τίσι,
1429 2236 1476 2262 καὶ
1499 2237 1596 2269 miti-av;
1621 2237 1665 2262 Ἐν
1688 2233 1728 2267 οἷς
1750 2235 1831 2266 αὐτὸς

1045 2285 1091 2311 σοῦ
1104 2284 1279 2320 δεηθήσεται,
1299 2284 1346 2310 καὶ
1363 2283 1423 2309 ὅσον
1439 2284 1472 2317 τῇ
1488 2283 1520 2318 σῇ
1540 2282 1701 2317 μεγαλονοίᾳ
1715 2281 1832 2317 πρέπειν

201 2331 237 2358 ob
257 2339 363 2358 morum
389 2331 562 2366 elegantiam,
583 2331 757 2359 commodum
785 2339 817 2359 ac
834 2331 942 2359 facilem
966 2337 991 2359 te

1045 2329 1254 2364 ὑπολαμϐάνεις.
1277 2327 1472 2362 ’Λντιδώσομεν
1485 2327 1514 2353 δὲ
1527 2327 1573 2353 καὶ
1587 2327 1668 2361 ἡμεῖς
1684 2323 1721 2352 ὧν
1735 2325 1832 2360 ἔχομεν

202 2377 301 2412 prazbe.
324 2377 431 2410 Quibus
454 2378 482 2403 in
501 2377 592 2410 rebus,
620 2381 647 2405 et
670 2378 826 2412 quantum?
844 2378 873 2404 In
895 2378 930 2405 iis
950 2385 991 2405 re-

1045 2376 1073 2402 τὺ
1089 2376 1239 2402 κάλλιστον.
1252 2375 1370 2410 Ἔχομεν
1383 2373 1411 2400 δὲ
1424 2373 1487 2404 τοὺς
1501 2373 1598 2406 λόγους
1608 2392 1616 2404 ,
1634 2372 1680 2398 καὶ
1698 2372 1728 2398 τὸ
1747 2372 1832 2406 κήρυ-

173 2432 177 2437 ·
203 2426 254 2454 bus
270 2426 298 2453 in
315 2426 416 2461 quibus
433 2431 479 2453 tua
493 2433 545 2461 ope
566 2425 708 2461 indigebit,
735 2430 762 2453 et
783 2429 917 2460 quantum
936 2428 989 2452 ture

203 2469 285 2497 animi
308 2470 492 2505 magnitudini
520 2471 668 2497 convenire
684 2470 867 2497 existimabis.
889 2470 944 2498 Nos
961 2470 987 2497 id

1042 2431 1088 2454 κες
1101 2421 1171 2449 εἶναι
1182 2421 1230 2456 τῆς
1244 2421 1293 2456 σῆς
1307 2420 1417 2456 ἀρετῆς,
1433 2420 1456 2445 εί
1469 2419 1517 2445 καὶ
1534 2418 1570 2454 μὴ
1583 2418 1632 2453 τῆς
1647 2417 1724 2452 ἀξίας
1736 2418 1829 2451 ἐγγὺς,

1042 2468 1111 2495 ἀλλά
1120 2476 1151 2502 γε
1163 2467 1234 2494 κατὰ
1247 2467 1297 2502 τὴν
1308 2465 1446 2502 ἡμετέραν
1461 2464 1586 2499 δύναμιν.

202 2517 275 2552 quod
301 2518 513 2553 pulcherrimum
541 2517 684 2550 habemus,
717 2517 766 2544 tibi
795 2517 989 2552 rependentus.
1007 2516 1144 2543 Habemus
1164 2522 1246 2550 porro
1270 2521 1422 2545 sermones,
1438 2517 1521 2547 atque
1546 2512 1619 2547 quod
1646 2511 1756 2539 virtutis
1778 2515 1831 2538 tua:

204 2571 341 2600 praecones
356 2573 460 2598 sumus,
473 2571 498 2592 et
519 2565 542 2592 si
562 2565 640 2600 longe
661 2564 732 2592 infra
754 2564 928 2600 dignitatem,
950 2568 1043 2591 tamen
1056 2566 1191 2598 quantum
1207 2565 1304 2589 nostra
1322 2561 1376 2588 fert
1392 2559 1521 2587 facultas.

238 2653 293 2688 (60)
315 2654 384 2680 Εἴτε
396 2653 607 2688 ἐνδημοῦντες.
622 2652 676 2680 Has
704 2660 800 2688 voces,
815 2660 876 2688 quae
899 2652 927 2679 in
944 2651 986 2679 ed.

203 2688 326 2720 deerant,
338 2687 522 2723 supplevimus
533 2697 548 2715 e
561 2688 627 2723 Reg.
642 2695 697 2715 uno
710 2692 737 2715 et
751 2687 829 2715 Pass.

240 2723 294 2759 (6|)
314 2722 454 2758 Νομίζεις.
471 2723 510 2750 Ita
533 2722 624 2754 Passi,
647 2727 674 2751 et
692 2723 787 2751 Billius
811 2724 840 2750 in
852 2722 987 2750 versione.

204 2758 478 2797 Editnalevottigetv.
527 2795 532 2797 ν
638 2793 648 2797 _
704 2794 719 2797 ’ν
939 2791 966 2797 __

240 2793 294 2823 (62)
315 2792 616 2828 Συνὴσθησομὲνους.
638 2793 677 2821 Ita
703 2794 768 2829 Reg.
787 2801 869 2827 unus,
893 2796 920 2820 et
939 2792 989 2820 Bil-

1043 2651 1096 2678 lius
1110 2650 1139 2677 in
1151 2649 1290 2676 versione.
1309 2648 1359 2675 Ed.
1375 2649 1445 2675 male
1465 2647 1688 2683 συνθησομένους.

1078 2684 1134 2719 (65)
1150 2685 1224 2712 Alias
1237 2684 1314 2711 CVII.
1333 2683 1440 2719 Scripta
1461 2691 1533 2710 anno
1547 2683 1611 2719 £569.

1079 2716 1134 2756 (64)
1155 2720 1209 2756 Καὶ
1228 2719 1303 2756 πρὸς
1329 2716 1508 2756 πονὶλρἒᾇπὸΔ
1523 2718 1578 2751 τῆς
1597 2717 1713 2756 τέχνης
1725 2716 1832 2756 tim/te-

1043 2751 1105 2789 νοξι.
1125 2756 1162 2782 Ita
1173 2751 1258 2788 Regg:
1276 2751 1341 2784 duo.
1358 2760 1385 2781 et
1402 2753 1529 2780 Billiusin
1541 2753 1677 2780 versione.
1695 2751 1742 2779 Ed.
1762 2753 1832 2780 male

1043 2792 1091 2819 καὶ
1106 2791 1174 2827 πρὸς
1187 2789 1271 2816 πολλὰ
1283 2790 1332 2825 τῆς
1343 2789 1427 2825 τύχης
1440 2789 1582 2824 ἀγόμενος.
