1923 3053
219 143 254 170 5‘.)
836 141 865 168 S.
888 139 1053 169 GREGORII
1070 139 1241 170 TllEOLOGl
1815 140 1850 167 60

217 203 271 228 est,
287 197 415 224 nimirum
431 197 568 225 sermonis
585 198 676 233 potius
693 204 775 233 quam
792 206 899 226 morum
915 207 1008 226 corre-

1071 199 1147 225 ;οίνυν
1182 199 1287 235 ἀνάσχῃ
1313 198 1393 224 πλέον
1429 197 1500 233 ἔχειν
1528 197 1582 233 (74)
1613 198 1712 233 ἀρετῆς
1740 198 1849 230 κακίαν,

217 244 336 269 ctionem
361 243 412 270 sibi
439 243 587 270 convenire
601 243 759 271 arbitratus.
781 244 819 270 lta
839 244 940 271 factum
958 249 1010 277 est,

219 293 248 314 ut
264 296 316 314 una
332 296 394 315 eum
411 297 444 315 eo
461 289 586 316 laborare
602 297 655 316 non
678 291 856 317 recusaverit.
875 290 1010 323 Quidnam

219 335 261 362 hic
273 336 397 363 criminis
405 342 446 363 est
458 336 529 371 apud
541 343 635 370 tequos
647 341 674 363 et
687 337 787 371 probos
805 338 878 363 viros
887 337 898 363 ?
912 337 1012 368 Quam-

218 381 312 408 obrem
335 390 369 408 ne
390 382 487 408 vitium
507 382 644 416 superiori
662 381 837 414 conditione,
856 390 938 417 quam
954 382 1011 408 vir-

1066 243 1133 279 μηδὲ
1155 243 1203 278 τὴν
1229 242 1367 278 ἡμετέραν
1380 243 1475 269 πολιὰν
1489 243 1626 279 ἀτιμάσῃς
1637 251 1642 256 ·
1655 242 1723 269 ἀλλὰ
1740 243 1785 269 καὶ
1800 243 1850 278 τὴν

1067 288 1220 324 μαρτυρίαν
1261 281 1399 323 αἰδέσθῆτι
1427 287 1503 322 (75),
1527 288 1574 314 καὶ
1608 288 1639 314 τὸ
1661 288 1850 323 φιλάνθρωπον

1066 333 1164 365 ὑπόθες
1178 336 1237 366 ταῖς
1253 334 1316 369 παρ’
1334 333 1413 368 ἡμῶν
1433 333 1579 367 εὐλογίαις,
1591 331 1628 360 ὧν
1643 335 1706 365 ἴσως
1722 342 1763 365 τις
1777 333 1849 368 παρὰ

1064 380 1123 415 Θεῴ
1135 380 1223 414 λόγος,
1281 380 1502 416 παρεστήκαμεν.

219 432 314 459 tutem,
338 435 400 454 esse
418 432 523 462 patere,
542 436 593 456 nec
617 428 744 455 canitiem
764 432 885 455 nostram
899 435 1048 463 aspernare
1063 435 1071 452 ε
1089 434 1183 454 verum
1194 430 1221 453 et
1232 433 1354 453 reverere
1370 425 1557 452 testimonium
1566 429 1701 457 nostrum,
1714 429 1740 452 et
1755 425 1850 451 buma—

219 474 311 500 nitalis
331 473 419 500 ollicia
431 474 533 501 nostris
547 474 783 502 benedictionibus
803 475 918 508 subjice,
945 481 1062 509 quarum
1079 473 1199 500 fortasse
1211 473 1301 507 aliqua
1316 472 1387 507 apud
1400 471 1495 504 Deum,
1509 472 1554 499 cui
1571 477 1702 504 astamus,
1717 472 1786 499 ratio
1797 476 1848 499 est.

464 543 560 570 Χλιν.
578 543 777 571 TllEMlSTlO.

1287 542 1351 568 KA’.
1369 541 1533 576 ΘΕΜΙΣΤΙῼ
1554 540 1621 576 (76).

257 589 426 616 Tltemistius.
444 589 478 615 ad
496 598 570 623 quem
587 591 686 624 scripta
703 590 758 616 ha'c
772 595 810 616 est
826 590 948 623 epistola,
962 589 1050 623 gratia
1067 592 1123 614 tum
1137 593 1228 621 potens
1241 592 1264 613 et
1282 587 1443 624 eloquentia,
1460 593 1657 624 ac‘propterea,’
1669 588 1774 624 tametsi
1785 596 1852 624 gen-

221 624 286 656 tilis,
305 623 430 658 Gregorio
448 624 556 657 chorus,
569 622 700 652 doctrina:
717 626 810 660 regula
827 622 852 652 et
870 622 994 657 amassis,
1013 633 1044 650 ac
1059 630 1217 651 sermonum
1235 630 1281 649 rex
1299 622 1331 649 ab
1353 622 1442 648 eodem
1464 622 1621 648 celebratur.
1642 623 1850 656 Amphilochium

220 659 396 686 commendat.

257 707 403 735 Sermones
429 708 457 734 in
488 708 610 742 periculo
637 712 784 735 versantur
810 718 816 735 :
845 716 877 735 ac
900 712 1009 743 tempus

1098 707 1179 740 Λόγοι
1196 706 1226 732 τὸ
1243 706 1467 740 κινδυνευόμενον
1477 714 1484 721 ·
1501 706 1548 733 καὶ
1569 706 1613 738 σὸς
1628 707 1641 732 ὁ
1656 707 1761 742 καιρὸς,
1773 707 1850 743 εἴπερ

221 758 298 780 tuum
323 758 375 786 est,
403 754 539 788 siquidem
565 759 591 780 tu
605 762 652 781 rex
670 762 700 782 es
712 762 879 782 sermonum.
895 754 952 781 lluc
964 762 1009 782 ac-

1071 753 1189 784 ἆασιλεὺς
1209 753 1240 778 ob
1261 752 1316 788 (77)
1331 751 1384 778 τῶν
1398 752 1494 786 λόγων.
1510 752 1565 778 Καὶ
1586 752 1654 787 πρὸς
1667 761 1709 786 γε,
1721 752 1761 778 σοὶ
1777 752 1851 786 φίλος

220 798 303 832 cedit,
325 799 398 834 quod
416 808 429 826 a
453 804 567 834 paterno
584 800 668 827 latere
689 800 738 826 tibi
752 801 856 827 amicus
872 805 915 827 est
934 807 1011 828 meus

220 843 437 878 Amphilochius.
462 844 567 871 Addam
585 844 678 877 etiam,
697 844 769 878 quod
790 844 936 878 ejusmodi,
964 843 1011 878 qui

221 897 272 916 nec
299 894 412 922 paterno
429 891 533 925 generi,
559 899 608 917 nec
625 895 727 918 nostra:
745 891 871 917 amicitiai
884 889 1010 917 dedecori

221 935 267 967 sit,
289 936 341 962 nisi
363 943 415 970 ego
436 936 525 963 malus
548 935 706 970 hujusmodi
732 943 823 962 rerum
837 935 920 969 jndex
939 942 1009 961 sum.

221 981 354 1016 Quodque
374 981 523 1007 maximum
542 986 594 1013 est,
615 981 716 1008 homini
738 981 901 1016 praesertim,
926 985 955 1006 ut
970 988 1010 1012 es,

222 1027 399 1061 philosopho,
412 1027 484 1061 quod
498 1035 558 1054 cum
578 1027 646 1054 nillil
660 1027 747 1062 iniqui
767 1027 918 1058 admiserit,
935 1034 1013 1061 nego-

221 1073 259 1099 tia
284 1077 311 1100 et
340 1073 480 1100 molestias
506 1073 595 1100 habet.
625 1073 704 1105 Quod
727 1080 883 1108 quanquam
910 1080 957 1107 per
984 1080 1013 1099 se

221 1118 390 1146 levissimum
420 1121 466 1151 sit,
483 1119 564 1146 nobis
590 1123 680 1146 tamen
697 1119 904 1146 acerbissimum
922 1117 1011 1150 fuerit,

221 1165 243 1191 si
259 1164 433 1191 dissimulare
448 1172 480 1192 ac
499 1168 675 1191 contemnere
688 1165 839 1191 videamur.
858 1163 890 1190 Et
902 1164 1011 1198 quidem

221 1211 288 1244 ipse,
307 1210 379 1244 quod
397 1218 480 1237 unum
496 1218 619 1245 possum,
647 1211 699 1238 hoc
724 1210 803 1237 facio.
831 1209 946 1236 Possum
963 1217 1013 1235 au-

221 1257 274 1280 tem
297 1254 481 1289 deprecatoris
508 1259 600 1291 partes
622 1256 694 1290 apud
719 1262 767 1283 eos
789 1255 885 1287 obire,
913 1255 1013 1289 quibus

221 1299 290 1327 bene
306 1300 340 1328 de
356 1308 388 1328 eo
410 1302 532 1329 merendi
551 1306 673 1337 potestas
696 1305 749 1329 est.
780 1301 873 1336 Neque
891 1301 962 1328 enim
981 1309 1013 1328 eo

221 1349 305 1378 statu,
321 1355 376 1382 quo
386 1355 460 1374 nunc
475 1355 546 1380 sum,
557 1348 630 1375 aliud
646 1347 792 1382 quicquam
809 1346 915 1374 ellicere
931 1354 1010 1381 queo.

221 1390 262 1418 'l'u
293 1400 356 1420 vero
373 1393 409 1426 id,
425 1394 499 1428 quod
524 1401 539 1420 a
561 1399 607 1420 tuo
630 1393 745 1421 Platone
758 1394 861 1420 dictum
875 1396 928 1424 est,
946 1400 1013 1419 con-

1063 799 1197 834 πατρόθεν
1215 799 1230 824 ὁ
1242 799 1308 833 ἐμὸς
1334 798 1518 833 Ἀμφιλὸχιος.
1535 798 1685 833 Προςοήσω
1696 798 1735 830 δὲ,
1751 799 1790 824 ὅτι
1806 799 1852 824 καὶ

1062 844 1192 876 τοιοῦτος,
1218 843 1273 875 οἷος
1290 845 1358 879 μήτε
1379 844 1456 877 γένος
1471 844 1597 879 πατέριον
1617 843 1765 878 αἰσχύνειν,
1783 845 1851 879 μήτε

1062 889 1260 925 τὴν-ἡμετέραν
1286 889 1388 923 φιλίαν,
1411 890 1435 915 εἰ
1454 890 1490 924 μὴ
1511 888 1611 923 φαῦλος
1627 889 1682 922 ἐγὼ
1698 889 1750 915 τῶν
1765 889 1851 915 τοιού-

1061 945 1116 962 των
1139 935 1245 970 κριτής.
1271 935 1324 961 Καὶ
1338 934 1368 960 τὸ
1390 935 1528 969 μέγιστον,
1549 935 1625 970 ἀνδρὶ
1643 934 1763 969 μάλιστα
1782 933 1852 960 κατὰ

1064 982 1093 1008 σὲ
1118 982 1269 1016 φιλοσόφῳ,
1293 982 1335 1008 ὅτι
1366 981 1450 1017 μηδὲν
1479 981 1580 1008 ἀδικῶν
1608 981 1663 1015 ἔχει
1692 981 1850 1016 πράγματα.

1066 1029 1108 1060 Ὃ,
1129 1027 1168 1063 τῷ
1189 1028 1244 1062 (78)
1260 1028 1308 1063 μὲν
1324 1027 1381 1054 ἔστι
1402 1027 1576 1061 κουφότατον,
1592 1028 1658 1062 ἡμῖν
1672 1027 1700 1053 δὲ
1720 1024 1753 1053 αὖ
1771 1026 1853 1062 βαρύ-

1062 1081 1153 1103 τατον,
1179 1073 1202 1098 εἰ
1230 1072 1413 1108 περιορῶντες
1441 1072 1612 1107 φαινοίμεθα.
1637 1072 1708 1106 Ἐγὼ
1732 1072 1781 1107 μὲν
1795 1071 1852 1103 οὖν,

1063 1118 1077 1144 ὃ
1093 1118 1172 1154 μόνον
1186 1118 1314 1153 δύναμαι,
1326 1118 1406 1144 τοῦτο
1419 1118 1497 1144 ποιῶ.
1511 1118 1633 1153 Δύναμαι
1645 1118 1672 1143 δὲ
1691 1117 1853 1153 πρεσϐεύειν

1038 1199 1042 1202 ,
1064 1165 1132 1201 πρὸς
1145 1165 1208 1197 τοὺς
1221 1162 1250 1191 εὖ
1266 1166 1352 1191 ποιεῖν
1367 1165 1541 1200 δυναμένους.
1553 1165 1590 1190 Οὐ
1603 1165 1656 1199 γὰρ
1665 1164 1728 1190 ἄλλο
1737 1172 1767 1198 γε
1779 1164 1853 1190 οὐδὲν

1063 1211 1125 1246 ἐμοὶ
1143 1211 1255 1238 δυνατὸν
1281 1211 1368 1242 οὕτως
1391 1211 1489 1246 ἔχοντι,
1505 1210 1599 1245 ὥσπερ
1622 1210 1670 1237 νῦν
1688 1210 1751 1246 ἔχω.
1771 1210 1806 1237 Σὺ
1825 1210 1853 1236 δὲ

1063 1257 1109 1284 τὸν
1138 1257 1185 1283 τοῦ
1214 1257 1260 1283 σοῦ
1292 1257 1436 1288 Πλάτωνος
1466 1257 1521 1292 (79)
1543 1255 1691 1290 βεϐαίωσον
1710 1256 1797 1290 λόγον,
1816 1256 1853 1291 μὴ

1064 1303 1196 1339 πρότερον
1222 1302 1379 1330 παύσασθαι
1407 1303 1457 1334 τὰς
1486 1303 1577 1334 πόλεις
1599 1302 1691 1328 κακῶν
1716 1302 1853 1333 εἰπόντος,

1064 1351 1128 1386 πρὶν
1158 1349 1190 1376 ἂν
1214 1349 1327 1386 συνέλθῃ
1360 1349 1504 1384 φιλοσοφίᾳ
1523 1349 1553 1374 τὸ
1582 1348 1720 1375 δύνασθαι.
1753 1348 1855 1379 Ἱκανὸς

1063 1397 1118 1431 γὰρ
1129 1394 1155 1422 εἷ
1169 1395 1320 1431 ἀμφότερα.
1336 1396 1385 1426 Δὸς
1406 1396 1485 1430 χεῖρα
1499 1396 1539 1430 τῷ
1554 1396 1683 1431 δεομένῳ,
1696 1396 1743 1421 καὶ
1756 1404 1855 1430 παραι-

222 1437 308 1470 ﬁrma,
329 1447 428 1474 nempe
453 1440 578 1467 civitates
605 1447 660 1466 non
679 1443 742 1466 ante
774 1439 906 1466 ntalorum
930 1439 1010 1465 linem

1071 1442 1142 1473 μέσας
1154 1441 1189 1468 τὰ
1198 1442 1301 1472 εἰκότα,
1318 1442 1365 1468 καὶ
1377 1441 1524 1477 βοηθήσας.
1546 1442 1589 1473 Ὠς
1608 1442 1657 1467 οὐκ
1672 1441 1746 1468 ἐστιν
1763 1441 1803 1467 ὃτι
1815 1450 1855 1475 φι-

220 1483 362 1512 babituras
387 1493 465 1517 esse,
484 1493 567 1520 quam
598 1485 771 1520 philosophia
798 1493 861 1511 cum
890 1484 1011 1519 potentia

220 1528 369 1563 conjuncta
382 1529 427 1556 sit.
449 1529 570 1564 Utraque
584 1530 657 1557 enim
676 1538 704 1557 re
715 1530 815 1564 polles.
831 1529 925 1564 Egenti
954 1537 1012 1556 ma-

220 1581 286 1600 num
315 1575 439 1610 porrige,
467 1583 529 1602 emn
554 1575 701 1608 videlicet,
733 1581 762 1603 ut
797 1579 1010 1602 consentaneum

1064 1486 1228 1521 λοοοφήσαις
1244 1486 1300 1521 (80)
1311 1486 1431 1521 ἄμεινον,
1450 1486 1466 1522 ἦ
1485 1486 1532 1513 νῦν
1548 1486 1587 1521 τῷ
1596 1487 1693 1521 δικαίῳ
1707 1495 1855 1521 συναγωνι-

1066 1532 1193 1568 σάμενος.
1209 1533 1282 1568 Πρὸς
1296 1532 1334 1567 τῷ
1350 1532 1405 1567 (81)
1420 1532 1467 1558 καὶ
1484 1533 1557 1568 ἡμᾶς
1574 1530 1603 1558 εὖ
1619 1534 1704 1559 ποιεῖν
1717 1532 1778 1564 τοὺς
1792 1533 1854 1563 σοὺς

1064 1578 1221 1609 ἐπαινέτας,
1236 1579 1298 1605 εἰδὲ
1311 1578 1388 1610 δίδως
1403 1579 1509 1613 εἰπεῖνη
1520 1578 1567 1605 καὶ
1582 1578 1674 1613 φίλους
1689 1578 1756 1613 (3‘2).

219 1621 284 1652 erit,
300 1628 425 1652 monens,
439 1628 470 1648 ac
489 1621 600 1655 juvans.
622 1621 695 1648 Nihil
729 1627 803 1649 certe
824 1622 921 1649 melius
948 1621 1136 1658 philosophari
1163 1624 1274 1659 possis,
1297 1632 1378 1659 quam
1402 1624 1424 1652 si
1442 1632 1516 1651 nunc
1541 1624 1653 1659 justitiae
1672 1624 1853 1659 patrocinium

220 1667 355 1701 Suscipias
384 1674 391 1692 :

220 1719 248 1741 et
264 1715 378 1741 amicos.

414 1750 467 1784 23
486 1749 567 1778 XXV.
584 1750 831 1778 AMPIIILOCIIIO.

421 1666 473 1694 hac
489 1675 519 1694 re
537 1675 646 1702 quoque
669 1668 803 1695 benetieio
822 1667 923 1695 allicies
950 1675 1012 1701 nos,
1027 1669 1139 1697 laudum
1151 1676 1259 1698 tuarum
1274 1678 1425 1705 praecones,
1447 1678 1479 1697 ac
1494 1670 1517 1698 si
1534 1678 1580 1705 per
1596 1674 1622 1697 te
1645 1670 1735 1697 dicere
1763 1669 1853 1707 liceat.

1273 1750 1338 1777 KE'.
1355 1750 1548 1784 ΑΜΦΙΛΟΧΙῼ
1561 1749 1628 1784 (85).

260 1795 300 1821 Ex
311 1795 359 1821 hac
370 1796 482 1833 epistola
499 1797 533 1823 ad
548 1796 771 1832 Amphilochium,
791 1803 816 1824 et
833 1807 863 1825 ea
879 1806 936 1833 qua:
955 1798 1092 1833 sequitur,
1111 1797 1148 1823 sic
1171 1797 1301 1823 Baronius
1317 1797 1398 1833 apud
1416 1797 1575 1833 Bollandum
1589 1797 1765 1823 ratiocinalur
1781 1797 1853 1833 (84):

221 1829 437 1868 [licet‘eanulem
453 1829 782 1860 Ponticamsolitudinem
799 1829 947 1868 Gregorius
963 1829 994 1859 ac
1012 1832 1130 1859 Basilius
1146 1832 1226 1858 simul
1252 1829 1413 1868 incolerent,
1427 1832 1562 1866 degebant
1585 1837 1676 1868 tamen
1702 1829 1801 1867 singuli
1826 1829 1854 1860 in

222 1866 339 1902 singulis
350 1867 455 1893 cellulis
472 1868 615 1902 separatis,
632 1868 668 1894 ita
681 1874 772 1895 tamen
788 1866 865 1895 inter'
873 1877 902 1895 se
915 1869 1061 1899 distantes,
1079 1872 1107 1893 ut
1123 1875 1177 1893 non
1191 1867 1364 1893 incommoda
1378 1868 1479 1902 saapius
1499 1867 1624 1893 veniendi
1641 1866 1854 1894 daretur’l'acul-

222 1905 275 1938 tas.
293 1901 321 1938 ld
337 1902 436 1927 etenim
451 1909 482 1929 ex
496 1901 618 1937 Gregorii
633 1904 757 1938 epistola,
775 1912 856 1938 quam
873 1908 930 1930 tum
947 1903 974 1930 in
992 1910 1083 1930 eremo
1096 1910 1180 1937 agens
1194 1902 1226 1928 ad
1239 1901 1459 1938 Amphilochitun
1477 1903 1502 1928 in
1516 1902 1610 1938 eadem
1628 1903 1774 1929 solitudine
1790 1904 1852 1937 phi—

222 1936 411 1973 losophantem
427 1936 745 1973 scripsit,7facilewpotest
758 1936 880 1973 intelligi.
900 1939 965 1965 Nam
985 1942 1150 1972 excepturus
1163 1937 1310 1973 aliquando
1326 1937 1465 1967 Basilium,
1478 1937 1552 1964 olera
1573 1937 1606 1963 :ul
1623 1945 1652 1964 se
1670 1938 1738 1964 mitti
1764 1936 1853 1973 rogat.

223 1971 300 2003 Quod
316 1972 420 2005 quidem
435 1971 502 1999 recte
517 1973 649 2007 colligeret
659 1971 808 2000 'Anualium
828 1971 932 2007 parens,
948 1974 970 2000 si
993 1974 1026 2000 ad
1040 1971 1151 2007 téntpus,
1169 1980 1219 2006 quo
1235 1971 1374 1998 Ponticam
1390 1973 1557 1998 solitudinem
1576 1972 1685 1998 incoluit
1701 1971 1854 2007 Gregorius,

223 2006 362 2042 nemperad
378 2015 475 2033 annum
489 2009 540 2034 558
556 2006 695 2038 labentem,
710 2009 772 2039 559,
788 2009 851 2040 560,
881 2009 928 2036 56l
944 2009 1086 2038 ineuntem,
1100 2012 1210 2042 utraque
1224 2009 1335 2040 epistola
1350 2014 1415 2034 esset
1429 2007 1606 2039 retro/tendo;
1620 2007 1664 2034 sed
1675 2006 1854 2035 errat’Baro—

222 2042 293 2068 nius.
308 2041 369 2068 Non
383 2043 451 2069 enim
472 2044 497 2069 in
510 2043 600 2071 eadem
615 2043 768 2075 solitudine,
781 2048 806 2070 et
826 2045 852 2070 in
869 2043 975 2075 Ponto;
990 2044 1036 2070 sed
1053 2042 1182 2073 Ozizalw,
1198 2042 1230 2069 de
1244 2051 1295 2077 qua
1311 2044 1359 2068 hac
1375 2043 1487 2077 epistola
1506 2042 1658 2076 Gregorius,
1673 2043 1700 2068 iu
1715 2042 1855 2076 Cappado—

223 2077 275 2107 cia,
289 2082 349 2103 tunc
361 2078 517 2104 versabatur
528 2079 736 2113 Amphilochius,
751 2083 778 2104 ut
794 2080 910 2112 parentis
922 2080 1024 2106 senium
1038 2078 1187 2113 adjuvaret.
1205 2077 1265 2112 Ipse
1279 2078 1488 2111 Amphilochius,
1503 2082 1530 2104 ut
1547 2083 1642 2104 ca’tera
1658 2079 1789 2109 omittam,
1803 2087 1855 2112 quo

224 2117 337 2149 tempore
354 2112 492 2149 Ponticam
504 2115 673 2141 solitudinem
689 2113 829 2149 Gregorius
841 2120 865 2141 et
880 2115 998 2140 Basilius
1014 2114 1173 2145 incolebant,
1189 2121 1279 2149 nempe
1297 2113 1328 2139 ab
1343 2121 1411 2140 anno
1430 2114 1530 2140 labente
1546 2113 1608 2144 558,
1625 2112 1658 2138 ad
1680 2121 1778 2139 annum
1803 2114 1851 2140 561

223 2147 364 2184 ineuntem,
375 2147 469 2181 junior
480 2154 547 2180 erat,
559 2158 637 2184 quam
656 2155 683 2175 ut
699 2147 750 2183 ipsi
765 2150 852 2176 liceret
871 2158 917 2183 per
939 2154 1053 2180 (etatem,
1065 2149 1146 2176 vitam
1165 2148 1344 2175 caznobiticam
1362 2148 1499 2184 amplecti,
1517 2148 1611 2174 nedum
1632 2149 1852 2184 anachoreticam.

224 2181 284 2208 lmo
299 2183 435 2217 nequidem
448 2189 502 2210 tum
521 2181 610 2211 amore
625 2181 778 2212 solitudinis
792 2181 927 2211 tenebatur
942 2184 1153 2219 Amphilochius,
1167 2189 1194 2210 ut
1209 2191 1242 2209 ea;
1256 2183 1413 2218 quibusdam
1429 2183 1548 2217 Gregorii
1563 2183 1666 2212 littoris.
1677 2184 1781 2219 aliquot
1795 2189 1854 2217 post

224 2225 308 2244 annos
324 2219 440 2254 scriptis,
454 2219 566 2252 probare
581 2220 739 2253 fact/limum
755 2225 831 2246 esset.
849 2219 939 2254 Neque
955 2218 1015 2254 ergo
1030 2225 1091 2246 tunc
1105 2223 1172 2250 erat,
1189 2227 1268 2253 neque
1285 2225 1363 2245 antea
1381 2219 1579 2252 Amphilochius
1599 2219 1625 2254 in
1641 2218 1782 2246 solitudine
1797 2219 1855 2254 [tte-

224 2257 283 2289 rat;
297 2253 340 2279 sed
359 2254 410 2287 [ori
424 2254 564 2288 mundique
581 2256 689 2289 negotiis
705 2255 833 2282 distentus
847 2253 913 2282 erat.
930 2253 1062 2282 Credibile
1077 2259 1126 2286 est,
1145 2254 1355 2288 Amphilochium
1367 2255 1471 2280 nonnisi
1486 2259 1543 2288 post
1559 2253 1678 2287 confecta
1693 2255 1806 2287 negotia,
1822 2255 1854 2281 de

222 2287 316 2325 quibus
329 2289 355 2325 in
369 2289 426 2325 ejus
440 2290 554 2323 gratiam
569 2287 699 2324 plurimas
717 2290 862 2325 ’l'lteologus
879 2299 947 2316 (iuno
958 2290 1010 2317 569
1028 2290 1132 2324 scripsit
1146 2290 1272 2324 epistolas
1289 2289 1437 2323 Sophronia
1452 2295 1476 2315 et
1486 2287 1566 2319 aliis,
1583 2289 1680 2315 mundo
1694 2289 1853 2317 valedirissc

223 2329 247 2348 et
260 2322 289 2360 in
299 2322 468 2350 solitudinem
483 2333 537 2352 sese
551 2322 684 2360 recepisse.
703 2325 795 2360 Itaque
807 2322 865 2359 post
880 2326 928 2352 illa
941 2332 1056 2359 tempora
1070 2322 1094 2352 et
1109 2322 1222 2360 negotia,
1235 2322 1358 2358 epistolas
1371 2332 1435 2356 xxv,
1447 2325 1515 2351 alias
1523 2332 1572 2356 su,
1585 2328 1609 2349 et
1625 2331 1698 2357 xxvn,
1709 2325 1776 2352 alias
1789 2333 1851 2356 sui,

223 2357 351 2384 collocare
362 2359 444 2386 visum
454 2366 502 2386 est.

258 2403 347 2431 Panes
366 2412 382 2431 a
404 2409 430 2432 te
448 2413 503 2432 non
521 2407 729 2441 postulavimus,
747 2411 777 2434 ut
793 2414 844 2434 nec
863 2415 961 2442 aquam
976 2407 1009 2435 ab
1025 2409 1047 2435 D

260 2458 315 2499 (7t)
339 2460 549 2499 ςἘχειν.λΞ1ίιιιο
576 2470 681 2499 vocem,
704 2470 765 2497 qua:
789 2462 817 2489 in
841 2462 884 2490 ed.
906 2463 1008 2495 deerat,

223 2494 409 2531 Supplevimus
425 2494 539 2531 eﬁegg.
552 2498 650 2525 tribus.

260 2529 317 2566 (7ξί)
333 2529 408 2566 Alias
419 2529 621 2566 CXLfSeripta
636 2540 707 2560 anno
721 2532 783 2559 569.

223 2564 488 2631 imgglqétoéoonn.
500 2567 538 2594 lta
551 2564 634 2603 Regg.
643 2568 707 2595 duo.
720 2567 770 2595 Ed.
779 2568 848 2595 male
856 2568 1009 2604 ἀναίσθητι,

260 2629 319 2676 (Ui
333 2636 424 2676 Elite}:
432 2637 645 2676 ﬂuuiis-beat}.
657 2639 696 2665 Ita
710 2639 795 2676 Regg.
814 2639 878 2666 duo.
893 2638 941 2666 Ed.
960 2639 1011 2666 mi-

226 2678 277 2697 nus
295 2671 362 2698 bene
381 2672 461 2708 εῐπερ
479 2674 510 2700 σὺ
519 2674 669 2735 Ιξασιλέως.

260 2706 314 2735 (78)
333 2707 373 2735 Ὃ.
389 2707 439 2735 τῶ.
459 2708 499 2735 Ita
544 2718 604 2735 euri.
616 2709 669 2735 duo

225 2740 230 2746 .
260 2706 322 2746 (78),
333 2707 373 2746 ‘0_.
389 2706 499 2746 rQJlta
519 2706 604 2745 Ἆρες.
616 2709 680 2742 duo,
696 2713 723 2737 et
736 2709 780 2737 od.
792 2709 825 2736 ad
838 2716 923 2744 marg.
940 2708 1009 2736 Male

223 2741 251 2767 in
270 2745 343 2767 textu
358 2741 383 2771 ὃ,
397 2742 437 2769 τό.

258 2776 315 2810 (79)
336 2776 391 2814 Τοῦ
406 2778 648 2814 σοῦγῌλάτωνος.
665 2779 751 2813 Plato,
766 2780 804 2806 De
817 2779 960 2814 republica,
976 2779 1009 2806 Ii-

224 2811 276 2837 bt'o
292 2819 319 2844 v,
335 2811 375 2839 sic
391 2813 429 2839 ait
443 2822 450 2839 ε
467 2813 528 2840 Nisi
549 2811 696 2848 philosophi
716 2811 748 2841 iu
765 2811 915 2841 civitatibus
931 2823 1007 2842 sunt—

226 2855 298 2884 mam
323 2848 507 2876 auctoritatem
532 2854 736 2884 potestatemque
761 2850 893 2876 obtineant
909 2850 968 2877 :vel
981 2850 1009 2876 hi

226 2882 272 2920 qui
288 2890 358 2911 nunc
372 2891 442 2921 reges
456 2889 479 2912 et
495 2882 633 2920 optimates
651 2882 784 2919 dicuntur,
797 2893 827 2911 ac
841 2894 926 2914 rerum
937 2894 1007 2914 sunt-

1099 2407 1214 2442 Ἄρτους
1230 2407 1279 2441 μὲν
1300 2407 1350 2433 οὐκ
1376 2406 1516 2441 ᾑτὴσαμεν
1532 2405 1607 2441 παρὰ
1636 2406 1693 2438 σοῦ,
1719 2407 1760 2433 ὅτι
1783 2407 1850 2441 μηδὲ

1063 2473 1134 2490 mam
1147 2463 1271 2494 obtinent,
1284 2467 1409 2498 germana
1423 2469 1447 2490 et
1465 2465 1601 2490 cumulata
1617 2463 1733 2498 quadam
1748 2463 1850 2491 ratione

1062 2499 1294 2534 philosophentur,“
1313 2507 1343 2525 ac
1354 2500 1380 2525 in
1393 2498 1461 2525 idem
1478 2504 1636 2525 concurrant
1654 2499 1737 2525 civilis
1758 2504 1850 2532 potcu-

1065 2536 1102 2561 tia
1118 2540 1141 2561 ct
1156 2534 1367 2568 pltilosopltia....
1384 2534 1459 2560 nulla
1476 2542 1591 2568 uuqttam
1608 2535 1658 2560 erit
1674 2534 1806 2560 malorum
1824 2535 1851 2560 in

1064 2570 1212 2596 civitatibus
1228 2570 1311 2603 quies,
1328 2577 1385 2596 mea
1400 2569 1504 2604 quidem
1517 2570 1656 2597 sententia.

1100 2606 1156 2639 (80)
1169 2603 1410 2638 Φιλοσοφὴσαιςζ
1433 2605 1473 2631 lta
1493 2604 1558 2640 Reg.
1586 2613 1665 2632 unus.
1688 2603 1736 2630 Ed.
1759 2605 1851 2631 minus

1064 2640 1133 2667 bene
1147 2639 1347 2675 φιλοσοφήσεις.

1100 2673 1158 2711 (81)
1175 2674 1252 2711 Πρὸς
1267 2673 1315 2708 ἐῷ.
1335 2676 1373 2702 lta
1391 2675 1474 2711 Regg.
1496 2675 1560 2702 duo.
1576 2674 1623 2701 Ed.
1639 2674 1712 2711 male
1725 2673 1793 2709 πρὸς
1809 2674 1850 2700 τό,

1100 2708 1155 2743 (82)
1173 2711 1208 2738 Et
1223 2709 1257 2736 δὲ
1269 2711 1358 2743 δίδως
1370 2708 1475 2742 ειπεῖιῖ,
1491 2711 1538 2737 καὶ
1556 2710 1673 2744 φίλους.
1692 2708 1746 2736 llas
1757 2716 1849 2739 VOCL's,

1063 2754 1123 2780 qua:
1144 2746 1172 2786 in
1193 2745 1236 2773 ed.
1263 2746 1387 2779 deerant,
1409 2745 1594 2780 supplevimus
1612 2752 1627 2771 e
1645 2744 1753 2774 cunctis
1768 2744 1850 2772 codd.

1063 2786 1177 2809 HOSlI‘IS.

1101 2817 1156 2851 (85)
1171 2816 1245 2843 Alias
1256 2815 1314 2851 XII.
1329 2815 1438 2851 Scripta
1452 2817 1561 2851 circiter
1574 2822 1677 2851 annum
1693 2814 1754 2841 569.

1100 2848 1156 2887 (85)
1178 2851 1237 2878 Vita
1254 2850 1361 2887 Gregor.
1378 2848 1450 2888 apud
1466 2850 1588 2878 Bolland.
1604 2859 1631 2878 n.
1646 2849 1689 2882 45,
1708 2858 1768 2886 pug.
1785 2848 1850 2879 587.
