1923 3053
78 161 112 188 (i5
741 156 908 185 EPISTOLA
928 156 1012 183 XXX.
1673 157 1710 183 50

77 225 170 251 νομαι,
187 216 235 242 καὶ
255 215 333 246 ἄλλος
357 215 468 242 ἄλλοθεν
488 214 523 241 τὰ
543 214 648 241 ἐκείνου
677 214 748 240 κατὰ
766 213 866 248 πολλὴν

928 212 1025 240 ιιῑίιῐιὶε
1049 211 1269 247 integumentis:
1293 217 1440 246 magnique
1462 210 1545 238 etiam
1569 211 1710 238 aestiman-

77 261 201 295 ἐξουσίαν
214 281 221 293 ,
245 262 269 288 οἱ
296 261 346 296 μὲν
369 260 559 296 διαρπάζουσι,
578 260 603 286 οἱ
624 260 652 286 δὲ
671 259 824 295 μέλλουσιν,
837 259 870 285 Ὢ

77 309 126 343 τῆς
143 308 322 343 ἀναλγησίας,
339 307 362 333 ὢ
377 307 426 342 τῆς
447 306 605 342 ὠμότητοςὶ
625 306 679 332 Καὶ
704 306 718 332 ὁ
740 305 869 332 κωλύσων

77 353 165 384 οὐδείς
176 361 182 367 ·
197 352 255 379 ἀλλ’
274 353 288 378 ὅ
306 360 337 386 γε
352 351 619 387 φιλανθρωπότατος,
633 351 712 377 τοῦτο
728 351 869 387 χαρίζεται

80 399 170 434 μόνον,
188 399 365 425 ἀνακαλεῖται
385 399 449 430 τοὺς
470 398 569 432 νόμους
581 406 587 412 ·
607 398 654 424 καὶ
676 398 701 424 εἰ
719 398 760 423 δεῖ
777 397 870 424 συντό-

80 454 139 480 μως
155 446 253 477 εἰπεῖν,
273 445 367 480 δρᾶμα
387 444 550 480 γεγόναμεν,
567 444 595 470 οἵ
616 452 680 470 ποτε
695 444 870 479 νομισθέντες

79 490 247 525 εὐδαίμονες.
260 489 354 516 Ταῦτα
371 489 409 524 μὴ
424 489 527 516 ἀνεκτὰ
543 489 582 525 (6)
597 490 707 524 φανήτω
728 497 781 515 σοι·
801 489 871 515 ἀλλὰ

79 537 126 562 καὶ
141 536 323 571 συνάλγησον,
339 535 387 562 καὶ
400 535 652 571 συναγανάκτησον,
668 536 715 561 καὶ
733 535 777 566 δὸς
790 535 870 570 χάριν

79 582 168 618 νεκρῷ
187 581 341 618 Καισαρίῳ.
362 582 416 608 Ναὶ
431 581 500 617 πρὸς
523 582 573 617 τῆς
593 581 684 616 φιλίας
704 581 790 616 αὐτῆς
803 590 809 596 ·
828 581 871 607 ναὶ

80 629 149 664 πρὸς
162 627 216 654 τῶν
231 628 286 654 σῶν
308 628 444 662 φιλτάτων
462 628 508 654 καὶ¹
528 627 581 654 τῶν
596 627 721 659 ἐλπίδων,
742 627 775 658 ἃς
794 627 871 663 ποίη-

81 683 126 700 σον
160 674 265 709 σεαυτῷ
296 674 405 707 δεξιὰς,
425 674 519 705 πιστὸς
545 673 584 708 τῷ
605 673 749 699 ἀπελθόντι
777 673 871 707 φανεὶς

80 721 127 747 καὶ
143 721 272 754 γνήσιος·
293 720 336 746 ἵνα
354 720 401 746 καὶ
423 720 480 751 τοῖς
505 718 571 751 ζῶσι
584 719 663 745 τοῦτο
686 719 803 755 χαρίσῃ,
825 718 871 744 καὶ

81 767 198 801 ποιήσῃς
226 766 325 798 αὐτοὺς
351 765 506 797 εὐέλπιδας,
537 765 595 792 Οἴει
630 765 695 800 περὶ
723 764 871 800 χρημάτων

80 812 155 847 ἡμᾶς
168 812 276 845 ἀλγεῖν;
295 812 325 837 τὺ
342 813 391 846 τῆς
411 811 544 846 αἰσχύνης
569 811 634 846 ἡμῖν
660 811 870 845 ἀφορητότερον,

81 857 106 882 εἰ
120 856 207 889 δόξειε
229 857 308 892 μόνος
323 857 377 883 τῶν
406 857 535 883 ἁπάντων
556 855 706 889 Καισάριος
729 855 766 890 μὴ
791 857 872 890 ἐσχη-

919 259 995 291 dum,
1015 258 1088 294 quod
1109 258 1167 285 hzee
1189 265 1297 292 quoque
1315 257 1456 284 hominum
1470 257 1712 286 commiseratione

919 310 1085 333 consecutus
1109 305 1155 332 sit.
1179 303 1311 338 Impetum
1341 307 1431 330 autem
1457 303 1554 331 hostes-
1577 303 1711 337 iecerunt,

920 356 951 378 ut
966 351 1059 382 audio,
1074 354 1157 385 atque
1180 349 1240 384 ejus
1257 349 1402 376 facultates
1425 349 1471 376 alii
1498 349 1610 376 aliunde
1628 349 1713 376 liber-

920 399 989 425 rime
1013 402 1040 424 et
1067 396 1294 426 iusoleutissime,
1318 395 1416 428 partim
1440 395 1585 429 diripiunt,
1611 395 1711 430 partim

917 442 1030 477 jamjam
1050 442 1183 476 direpturi
1206 445 1281 468 sunt.
1312 439 1450 475 lugentem
1473 441 1663 468 crudelitatem
1685 446 1709 468 e'

921 488 1135 515 immanitatem!
1160 486 1215 514 Nec
1237 487 1381 521 quisquam
1409 491 1452 513 est
1477 486 1525 521 qui
1548 486 1711 521 prohibeat;

921 533 968 561 sed
1003 533 1218 560 humanissimus
1244 533 1362 568 quisque
1389 532 1442 559 hoc
1474 532 1562 559 solum
1590 536 1712 567 pra‘stat.

921 579 994 615 quod
1016 580 1104 615 legum
1130 579 1209 606 (idem
1239 579 1368 617 implorat
1387 583 1415 605 et
1440 578 1614 611 obtestatur;
1633 583 1715 613 atque

922 630 951 653 ut
966 633 1021 653 uno
1038 625 1122 652 verbo
1139 625 1239 656 dicam,
1258 625 1351 652 l'abula
1374 624 1438 651 facti
1459 632 1566 657 sumus,
1587 625 1634 659 qui
1654 624 1716 652 feli-

922 679 968 699 ces
991 671 1130 706 quondam
1158 671 1336 698 babebamur.
1366 669 1404 697 Ne
1438 670 1488 697 tibi
1517 670 1574 697 hac
1602 670 1713 698 ferenda

921 717 1069 744 videantur
1085 726 1092 748 ;
1114 722 1141 744 at
1158 725 1212 743 una
1228 725 1335 744 meeum
1351 717 1438 744 vicem
1457 720 1580 744 nostram
1603 717 1673 749 dole,
1688 721 1714 745 θ’

923 763 1003 790 simul
1034 763 1188 798 indignare,
1220 763 1408 798 beneﬁcioque
1433 762 1583 791 Cassarium
1607 770 1623 790 e
1647 764 1717 791 vivis

923 809 1060 836 sublatum
1079 809 1165 837 aliice.
1192 809 1239 836 Eia
1263 813 1289 836 te
1315 817 1364 842 per
1387 809 1537 836 amicitiam
1557 809 1645 844 ipsam
1667 810 1715 836 ob-

923 859 1032 888 testor;
1057 856 1099 882 eia
1129 863 1178 890 per
1199 863 1242 887 ca,
1270 863 1331 890 quae
1357 855 1521 882 charissima
1544 855 1639 889 habes,
1668 862 1716 890 per

81 901 158 928 κέναι
178 901 282 935 φίλους,
298 902 312 928 ὁ
334 901 366 937 δὴ
383 902 431 928 καὶ
454 900 568 932 πολλοὺς
593 901 666 936 ἔχειν
685 900 816 936 οἰόμενος.
839 901 872 926 Ἦ

928 909 987 936 spes
1014 901 1107 928 animo
1132 905 1290 936 conceptas,
1318 908 1388 935 quas
1416 900 1467 927 tibi
1497 899 1603 929 faustas
1629 900 1715 931 cllice.

82 947 134 982 μὲν
157 947 291 983 πρεσὸεία
320 947 451 982 τοιαύτη,
479 947 527 973 καὶ
560 945 635 980 παρὰ
658 945 787 972 τοιούτων
812 946 870 981 (7),

80 993 175 1028 ἐπειδή
190 1001 231 1019 σοι
251 993 299 1020 καὶ
315 993 345 1019 τὸ
361 992 422 1019 καθ’
440 993 514 1027 ἡμᾶς
535 990 599 1022 ἴσως
615 991 645 1017 οὐ
667 991 814 1026 πάρεργον.
839 990 872 1016 Ἃ

79 1038 109 1065 δὲ
135 1038 289 1074 βοηθήσεις,
317 1038 364 1065 καὶ
384 1038 418 1065 δι’
442 1036 490 1068 ὦν,
515 1037 562 1064 καὶ
582 1038 671 1068 ὅπως,
690 1037 725 1063 τά
751 1045 780 1062 τε
804 1036 875 1071 πρά-

81 1093 176 1120 γματα
207 1085 389 1117 ὑποθήσεται,
420 1084 468 1110 καὶ
492 1084 509 1118 ἡ
545 1083 579 1118 σὴ
609 1081 785 1116 διασκέψεται
813 1081 875 1109 σύν-

81 1140 151 1163 εσις.

925 946 1007 973 ﬁdum
1032 951 1057 974 te
1078 950 1105 973 et
1127 947 1266 974 sincerum
1289 947 1407 973 amicum
1427 950 1537 974 mortuo
1559 946 1683 981 praabens
1706 955 1715 974 ς

927 997 957 1020 ιιι
970 993 1004 1020 iis
1023 993 1116 1027 etiam,
1138 993 1184 1028 qui
1208 993 1263 1020 vita
1284 992 1425 1024 fruuntur,
1453 992 1504 1019 hoc
1528 992 1666 1027 iargiaris,
1683 999 1716 1019 ac

926 1047 1002 1074 spem
1023 1039 1164 1066 meliorem
1179 1039 1287 1066 aﬂeras.
1310 1039 1351 1065 An
1366 1043 1393 1065 tu
1409 1038 1590 1073 pecuniarum
1605 1037 1717 1065 nomine

924 1091 976 1112 nos
1001 1084 1064 1119 angi
1099 1085 1201 1119 putas?
1230 1084 1432 1111 lutolerabilior
1458 1083 1539 1110 nobis
1566 1082 1716 1118 ignominia

924 1129 1017 1162 fuerit,
1037 1130 1061 1157 si
1086 1131 1164 1158 solus
1191 1138 1222 1158 ex
1247 1130 1374 1157 omnibus
1396 1129 1559 1156 mortalibus
1580 1128 1717 1156 Czesarius

85 1176 184 1204 amicis
215 1176 340 1203 caruisse
363 1175 498 1206 videatur,
517 1174 564 1210 qui
580 1173 731 1210 permultos
747 1173 829 1200 etiam
857 1174 909 1202 sibi
936 1183 997 1203 esse
1022 1176 1206 1203 existimabat.
1233 1175 1272 1202 Ac
1291 1175 1446 1211 deprecatio
1471 1175 1533 1202 talis
1558 1179 1611 1208 est,
1637 1180 1719 1210 atque

81 1231 98 1250 a
113 1223 215 1250 talibus
238 1223 370 1257 profecta,
393 1222 615 1257 quandoquidem
636 1224 663 1247 tu
689 1229 740 1248 nos
763 1227 873 1255 quoque
887 1220 1006 1249 fortasse
1021 1230 1076 1249 non
1091 1221 1292 1249 contemnendo
1306 1222 1365 1249 loco
1395 1221 1490 1249 babes.
1519 1221 1598 1254 Quod
1625 1226 1718 1249 autem

81 1271 228 1303 auxilium,
255 1274 282 1297 et
302 1269 402 1304 quibus
423 1268 609 1301 adminiculis,
637 1275 745 1303 quaque
764 1267 872 1295 ratione
888 1266 1031 1295 ferendum
1049 1270 1095 1302 sit,
1115 1274 1171 1296 tum
1189 1277 1234 1296 res
1250 1269 1316 1304 ipsze
1345 1268 1544 1301 admonebunt,
1571 1271 1628 1295 tum
1653 1276 1706 1303 pru

81 1317 175 1345 dentia
189 1320 236 1343 tua
253 1315 393 1350 dispiciet.

331 1375 371 1402 A'.
392 1374 548 1409 ΦΙΛΑΓΡΙῼ
573 1373 622 1409 (8).

1126 1372 1180 1407 26
1209 1371 1293 1398 XXX.
1326 1371 1524 1399 PHILAGRIO.

122 1434 182 1462 Non
198 1434 288 1461 statim
307 1438 366 1468 post
381 1433 494 1461 Ccesarii
509 1439 618 1460 mortem
635 1434 764 1467 scriptam
780 1441 837 1460 esse
851 1432 920 1460 hanc
936 1432 1076 1467 epistolam
1094 1432 1180 1466 ipsum
1197 1431 1317 1466 epistolw
1330 1432 1437 1459 initium
1452 1431 1592 1468 insinuat;
1607 1431 1653 1458 sed
1667 1440 1720 1459 non
1748 1420 1751 1421 ν

83 1476 139 1497 ιαιιι
154 1472 230 1504 longo
246 1475 304 1503 post
317 1474 442 1502 tempore,
459 1473 487 1494 ut
505 1470 653 1495 arbitratur
668 1468 865 1500 Tillemontius,
885 1469 931 1504 qui
948 1469 1035 1495 decem
1049 1472 1118 1504 μοις
1129 1476 1212 1504 annos
1226 1468 1353 1502 scriptam
1368 1468 1428 1494 hinc
1444 1467 1513 1501 forte
1525 1467 1635 1502 colligit,
1651 1468 1720 1502 quod

82 1508 111 1532 in
128 1506 178 1532 hac
189 1502 301 1538 epistola
317 1505 451 1537 scripserit
466 1503 620 1538 Gregorius,
637 1504 689 1530 sibi
706 1503 768 1530 vitae
779 1502 1010 1531 consuetudinem
1026 1511 1089 1530 etim
1103 1502 1240 1537 Philagrio
1252 1510 1266 1529 a
1281 1504 1365 1530 litore
1380 1508 1513 1537 ereptam,
1525 1503 1573 1537 qui
1598 1510 1642 1529 res
1654 1510 1721 1531 suas

83 1537 405 1568 moleste’coustituerat.
423 1537 594 1567 Nulla’cerle
610 1539 714 1574 negotia
733 1539 818 1573 fuere,
833 1539 935 1566 decimo
952 1543 1012 1574 post
1035 1543 1146 1565 mortem
1167 1538 1279 1564 Ctesarii
1299 1546 1379 1569 anno,
1399 1546 1479 1574 neque
1497 1546 1543 1574 per
1559 1537 1719 1574 idutempus.

83 1576 154 1610 quod
167 1576 265 1610 efﬂuxit
281 1575 312 1601 ab
330 1574 387 1608 ejus
403 1579 496 1607 morte,
512 1574 594 1601 donec
604 1572 868 1610 Constantinopolim
886 1583 913 1601 se
928 1572 1070 1608 conferret,
1088 1581 1147 1608 qua:
1163 1574 1347 1607 impedimento
1361 1573 1420 1610 fieri
1434 1573 1568 1607 potuerint
1584 1572 1720 1610 Gregorio,

82 1608 223 1646 quominus
238 1610 431 1646 Philagriirsui
445 1610 634 1646 consuetudine
650 1614 779 1636 uteretur.
804 1609 858 1646 Vox
874 1609 1062 1646 livorraidetur
1077 1610 1166 1646 fucunt
1183 1609 1280 1646 fecisse
1292 1611 1346 1635 viro
1363 1608 1451 1639 docto,
1471 1610 1516 1646 qui
1533 1617 1590 1635 eam
1614 1608 1646 1635 de
1675 1609 1722 1635 iti-

83 1643 145 1672 nere
158 1645 453 1678 Constantinopolitano
467 1645 536 1679 forte
549 1649 587 1672 est
602 1645 801 1678 interpretatus.
820 1645 913 1672 Verum
926 1644 994 1672 nihil
1010 1643 1136 1679 Gregorio
1149 1644 1313 1679 familiarius
1326 1652 1404 1679 quam
1417 1651 1467 1670 vox
1480 1645 1543 1675 ista,
1557 1652 1609 1678 qua
1620 1645 1721 1678 possint

83 1686 180 1712 utitur,
196 1681 258 1706 dum
274 1680 333 1707 vim
347 1688 402 1707 sum
413 1680 538 1707 molestos
554 1680 728 1715 adversosque
744 1688 822 1706 casus
838 1685 944 1711 narrat,
959 1681 1013 1707 sive
1028 1685 1170 1714 antequam
1188 1679 1449 1713 Constantinopolim
1465 1684 1573 1715 peteret,
1586 1679 1638 1706 sive
1651 1685 1722 1714 post-

83 1724 163 1750 quam
188 1715 248 1742 inde
263 1715 396 1750 digressus
416 1721 465 1742 est.
488 1715 625 1750 Quidquid
643 1716 748 1742 adversi
763 1720 787 1741 et
802 1715 907 1742 molesti
922 1716 1043 1750 contigit,
1062 1715 1141 1742 livori
1164 1714 1269 1746 tribuit,
1290 1720 1319 1741 ut
1333 1714 1463 1741 sexcentis
1480 1714 1544 1741 locis
1561 1715 1722 1750 facillimum

83 1749 121 1777 est
137 1751 330 1777 denionstrare.
349 1749 453 1784 Sa'pius
468 1752 549 1777 etiam
566 1751 616 1777 hac
634 1759 694 1778 uoce
715 1750 852 1777 diabolum
868 1749 1002 1785 intelligit.
1021 1749 1086 1777 Sera
1104 1750 1221 1784 profecto
1237 1755 1261 1776 et
1285 1750 1437 1784 importuna
1458 1749 1490 1776 de
1506 1755 1590 1777 morte
1607 1749 1722 1785 Cafsarii

83 1791 142 1819 post
156 1786 245 1812 decent
262 1794 345 1812 annos
359 1782 534 1819 querimonia.
551 1785 636 1812 Nobis
653 1786 736 1819 igitur
755 1785 858 1812 videtur
873 1782 1001 1819 scriptam
1015 1786 1084 1812 hanc
1103 1782 1159 1812 esse
1173 1782 1387 1820 epistolam,quo
1408 1790 1523 1819 tempore
1540 1782 1650 1820 negotiié
1673 1793 1721 1811 ου-

83 1829 201 1883 iéressus,
216 1820 355 1881 Sept/tiranii
371 1820 663 1855 Constantinopolitani
679 1821 808 1856 prwfecti,
826 1821 897 1848 datis
912 1821 947 1848 ad
961 1828 1021 1848 eum
1033 1821 1140 1853 litteris,
1156 1829 1231 1855 opem
1246 1820 1405 1855 implorabat
1417 1820 1544 1848 adversus
1563 1820 1722 1856 lacullatura

108 1865 197 1883 a'sam
212 1863 265 1883 pra:
286 1861 383 1882 atores.

99 1856 198 1883 Ia'sarii
212 1856 383 1890 prwdatores.

120 1913 271 1947 Καισάριον
288 1912 337 1938 οὐκ
361 1911 432 1947 ἔχω·
451 1911 507 1948 ὲρῶ
532 1911 600 1947 γὰρ,
618 1912 664 1938 mi.
685 1913 709 1939 et
733 1912 770 1948 μὴ
800 1912 873 1947 φιλό-

960 1911 1112 1939 Caasarium
1138 1919 1195 1938 non
1218 1910 1326 1944 habeo;
1344 1910 1433 1939 dimm
1455 1910 1540 1943 enim,
1558 1911 1610 1938 etsi
1624 1918 1722 1946 parum

85 1966 167 1992 σοφον
184 1958 217 1984 τὸ
239 1957 335 1989 πάθος.
354 1958 465 1993 Στέργω
490 1958 525 1984 τὰ
546 1958 697 1993 Καισαρίου
715 1959 766 1993 (9),
787 1959 834 1985 καὶ
858 1959 873 1984 ὃ

84 2003 111 2030 τί
138 2004 198 2029 ποτ’
225 2003 258 2030 ἂν
283 2003 330 2029 ἴδω
358 2004 511 2039 Καισαρίου
532 2004 696 2040 γνώρισμα,
723 2004 770 2031 καὶ
796 2013 876 2040 περι-

84 2048 242 2083 πτύσσομαι
267 2049 314 2075 καὶ
336 2049 495 2084 ἀσπάζομαι
509 2069 517 2081 ,
532 2050 579 2075 καὶ
601 2050 683 2075 οἱονεὶ
707 2049 788 2076 αὐτὸν
809 2050 877 2086 όρᾷν

84 2094 167 2126 δοκῶ,
189 2095 238 2120 καὶ
263 2096 397 2128 συνεῖναι,
419 2095 466 2121 καὶ
489 2095 669 2130 διαλέγεσθαι.
693 2093 754 2122 υἷον
777 2095 876 2123 ἔπαθον

85 2140 134 2165 καὶ
157 2139 205 2165 νῦν
225 2140 281 2175 (10)
305 2140 351 2167 ὲπὶ
372 2141 428 2172 τοῖς
461 2142 518 2172 σοῖς
541 2141 714 2177 γράμμασιν.
737 2141 820 2176 Ὁμοῦ
843 2149 876 2176 γε

86 2184 208 2218 ἀνέγνων
232 2186 262 2211 τὸ
283 2185 455 2221 πρόγραμμα
479 2188 530 2221 τῆς
551 2187 713 2222 ἐπιστολῆς,
737 2187 767 2213 τὺ
788 2187 874 2222 γλυκύ

89 2239 135 2265 μοι
161 2232 278 2266 πρᾶγμα
297 2231 344 2258 καὶ
368 2231 453 2267 ὄνομα
474 2232 507 2258 τὺ
532 2232 695 2267 Φιλάγριον,
719 2233 767 2258 καὶ
788 2232 877 2259 πάντα

90 2284 135 2310 μοι
152 2276 258 2312 ἁθρόως
279 2277 424 2312 ὑπεισῆλθε
447 2277 481 2304 τά
495 2286 562 2304 ποτε
583 2277 697 2313 τερπνὰ,
721 2279 749 2304 αἱ
773 2278 876 2310 πόλεις,

87 2323 116 2348 αἱ
144 2322 300 2358 διατριϐαὶ,
326 2325 342 2359 ή
367 2324 506 2360 τράπεζα,
533 2324 550 2360 ἡ
573 2324 653 2350 πενία
670 2324 744 2360 (Η),
769 2324 804 2351 τὰ
827 2325 878 2360 τῆς

87 2367 230 2402 ἐρατεινῆς
246 2367 401 2403 ὁμηλικίης,
416 2368 430 2394 ὃ
448 2376 530 2403 φησιν
551 2368 675 2403 Ὄμηρος
693 2367 759 2403 (12),
779 2367 796 2403 ἢ
816 2368 878 2394 παί-

122 2432 160 2467 (6)
180 2434 281 2469 ,Ταῦτα
294 2435 336 2469 μὴ
356 2436 475 2462 ἀνεκτά.
490 2436 550 2464 ltili.
564 2446 570 2463 :
590 2437 653 2462 lla'c
665 2435 711 2462 tibi
724 2444 754 2461 ne
768 2435 833 2462 levia
852 2441 877 2462 et

88 2468 240 2495 tolerabilia
261 2468 407 2503 videantur,
423 2472 540 2499 obsecro.
567 2471 638 2503 Mox,
656 2471 724 2497 ἀλλὰ
743 2471 791 2497 καὶ
814 2479 877 2497 συν-

87 2503 216 2538 άλγησον,
232 2504 305 2538 Bill.,
320 2514 408 2532 verum
423 2510 447 2533 et
460 2508 540 2533 vicem
556 2511 674 2534 nostram
689 2506 758 2532 dote.

123 2539 162 2574 (Ἰ)
182 2540 266 2573 Παρὰ
285 2542 434 2568 τοιούτων.
453 2541 543 2570 Mallet
560 2541 683 2570 Combef.
707 2540 772 2577 περὶ
788 2540 876 2567 τοιού-

87 2582 141 2600 των
145 2593 151 2600 ι
713 2585 719 2591 '

135 2609 162 2643 8)
176 2609 251 2647 Alias
262 2609 318 2638 XL.
330 2610 437 2646 Scripta
451 2611 523 2639 circa
537 2612 609 2639 idem
623 2616 779 2647 tempus.--
787 2613 875 2639 Φιλω-

87 2644 167 2684 τιοίιρ.
196 2644 258 2684 ila-(2
275 2644 414 2684 epistola—7,
431 2647 520 2684 inquit
538 2646 612 2679 Bill.,
629 2644 749 2684 Eudoxii
774 2656 872 2675 nomen

88 2679 257 2720 pt'aplerebat,
280 2679 332 2708 non
357 2679 503 2720 Philagrii;
523 2683 570 2710 sed
590 2683 652 2720 quis
669 2683 720 2709 boc
743 2687 872 2718 typogra-

88 2714 132 2750 phi
147 2715 299 2743 oscitantue
315 2714 508 2744 ascribclfdum
526 2725 579 2744 non
599 2714 690 2750 'videt,
711 2714 780 2744 cuui'
793 2714 822 2744 ui
841 2726 873 2744 ea

87 2748 235 2790 gregarius
250 2750 380 2790 Philagrii
404 2753 567 2790 nominatim
584 2748 749 2780 mentionem
768 2753 874 2780 faciat?

88 2783 245 2822 Consimilis
273 2783 350 2822 error
372 2787 399 2814 in
421 2787 473 2814 alia
496 2788 612 2822 quadam
646 2789 776 2822 epistola,
799 2797 873 2816 nunc

90 2826 120 2845 xx
127 2827 174 2850 xu,
188 2820 310 2847 inolevit.

127 2855 288 2890 (ιυΣτέργω
298 2855 333 2883 τὰ
349 2858 522 2891 ΚαισαρΙου.
537 2858 671 2892 Combel‘.,
685 2857 751 2891 Qua:
762 2858 874 2887 (ΣατανῙί

927 1957 1138 1992 philosophicus
1157 1961 1200 1984 est
1222 1957 1267 1984 hic
1290 1956 1415 1984 all‘ectus.
1441 1955 1554 1984 Ctesarii
1573 1956 1657 1984 rebus
1675 1963 1722 1983 ac-

927 2004 1054 2038 quiesco,
1074 2007 1101 2030 et
1122 2003 1145 2030 si
1165 2003 1232 2038 quid
1255 2002 1405 2038 aliquando
1421 2002 1538 2034 videam,
1554 2003 1629 2037 quod
1653 2002 1721 2029 mihi

927 2048 1090 2075 meritoriam
1111 2047 1184 2075 illius
1207 2047 1334 2079 refricet,
1357 2047 1410 2074 hoc
1435 2047 1586 2082 amplector
1617 2050 1644 2073 et
1673 2054 1723 2074 ex-

928 2094 1047 2127 osculor,
1063 2094 1176 2121 acvelut
1189 2101 1251 2121 eum
1268 2093 1366 2121 intueri
1381 2093 1447 2120 mihi
1461 2093 1565 2125 videor,
1584 2092 1723 2127 simulque

929 2140 1036 2168 versari
1056 2145 1084 2167 et
1106 2140 1290 2167 confabulari.
1315 2139 1344 2167 1d
1361 2140 1429 2167 adeo
1442 2139 1509 2166 mihi
1530 2147 1604 2166 nunc
1626 2139 1654 2166 in
1673 2138 1720 2165 lit-

929 2186 996 2213 teris
1020 2186 1075 2214 tuis
1098 2186 1207 2213 accidit.
1237 2185 1306 2213 Nam
1334 2185 1450 2213 simulac
1468 2185 1583 2220 primam
1598 2185 1722 2220 epistola:

928 2236 1032 2266 partem
1049 2231 1114 2266 legi,
1142 2239 1176 2259 ac
1197 2231 1386 2267 Philagrium,
1412 2239 1442 2259 re
1466 2232 1631 2266 nomineque
1653 2231 1721 2258 mihi

928 2278 1123 2306 suavissimum
1138 2277 1206 2310 vidi,
1217 2286 1313 2306 omnes
1330 2278 1398 2305 mihi
1413 2282 1520 2305 veteres
1532 2277 1721 2312 jucunditates

929 2324 956 2351 in
988 2324 1109 2351 animum
1141 2329 1255 2359 repente
1288 2324 1447 2357 subierunt,
1474 2324 1577 2357 urbes,
1608 2323 1719 2356 studia,

930 2377 1038 2402 mensa,
1067 2374 1227 2404 paupertas,
1254 2373 1338 2404 atque
1362 2369 1559 2404 jucundissimi
1587 2368 1718 2400 sodalitii,

930 2441 990 2464 sunt
1007 2437 1098 2463 nativa
1114 2445 1258 2470 prosequor
1273 2438 1372 2464 amoris
1387 2437 1438 2463 sui.
1638 2462 1640 2464 .

966 2472 1022 2508 (it!)
1045 2469 1117 2508 om
1127 2469 1246 2508 ἕπταοοκ
1260 2472 1396 2508 nato-ur.
1415 2473 1455 2499 lla
1470 2471 1533 2498 cod.
1546 2474 1572 2498 et
1593 2469 1718 2500 Combel'.

929 2507 958 2534 In
970 2503 1040 2534 ‘edit.
1053 2507 1100 2533 καὶ
1113 2503 1168 2532 οἷον
1181 2507 1281 2533 ἔπαθον
1295 2506 1353 2535 νῦν.

966 2542 1022 2577 (ll)
1049 2542 1084 2569 'H
1098 2542 1235 2575 τράπεζα,
1258 2543 1277 2576 ἡ
1296 2543 1395 2569 πενία.
1415 2541 1444 2569 Si
1467 2540 1567 2568 mendo
1591 2546 1666 2570 caret
1687 2550 1720 2570 ea

930 2584 993 2610 vox,
1009 2578 1025 2612 ἡ
1042 2577 1138 2612 πενία,
1148 2578 1186 2604 ait
1197 2577 1334 2611 Combef.,
1349 2577 1450 2604 indicio
1465 2580 1506 2604 est
1524 2577 1640 2612 ἀσκήσει
1654 2586 1720 2612 ope-

929 2620 986 2639 ram
1001 2612 1109 2647 dedisse
1126 2611 1306 2647 Philagrium,
1328 2620 1382 2647 qua
1398 2612 1439 2639 sic
1459 2617 1649 2647 paupertatem
1672 2611 1716 2640 eo.

928 2648 1020 2678 luerit,
1038 2646 1172 2681 Gregorio
1188 2646 1226 2674 illi
1247 2646 1379 2682 palmstrae
1400 2646 1486 2674 socio.
1507 2647 1574 2674 Hinc
1598 2647 1668 2675 forte
1685 2649 1721 2675 le-

927 2684 1044 2718 gendum
1056 2683 1159 2723 Ivellent
1183 2683 1295 2717 quidam
1309 2683 1325 2718 ὴ
1339 2683 1464 2719 τράπεζα
1479 2683 1496 2718 ἡ
1517 2683 1606 2717 κοινή,
1629 2692 1720 2710 "tensa

928 2726 1085 2744 communis.

964 2753 1019 2787 (12)
1035 2753 1072 2778 Ὅ
1096 2759 1193 2787 φησιν
1208 2752 1345 2787 Ὅμηρος.
1364 2752 1477 2785 Helena,
1497 2752 1578 2779 Iliad.
1597 2761 1637 2787 ιιι,
1656 2753 1718 2782 175.

926 2788 1066 2815 Priamum
1081 2789 1233 2822 alloquens,
1250 2789 1290 2815 sic
1304 2789 1375 2815 inter
1387 2794 1486 2816 «:retcra
1505 2788 1542 2814 ait
1556 2798 1562 2815 :

933 2824 980 2855 Ὡς
991 2823 1100 2857 ὄφελεν
1108 2822 1235 2856 θάνατός
1240 2832 1291 2857 μοι
1302 2823 1385 2851 ἁδεῖν
1396 2823 1499 2855 κακὸς,
1507 2824 1620 2850 ὁππότε
1631 2822 1720 2856 δεῦρο

933 2858 992 2885 Υἱέῑ
1008 2858 1053 2891 σῷ
1069 2858 1196 2892 ἑπόμην,
1212 2858 1348 2893 θάλαμον
1364 2859 1496 2894 γνωτούς
1513 2867 1544 2885 τε
1555 2858 1699 2890 λιποῦσα,
