1923 3053
72 140 104 168 6η
727 143 892 172 EPISTOLA
913 142 1018 170 XXXII.
1661 145 1696 171 70

72 199 144 235 παρὰ
173 201 281 228 πάντων
307 201 505 236 θαυμάζεσθαι.
529 201 588 228 Τῶν
613 202 641 229 δὲ
673 203 792 230 πυκτίων
818 201 847 230 ὧι

907 202 1021 232 levabis,
1054 205 1111 229 tum
1135 202 1216 229 etiam
1246 201 1340 229 multis
1362 201 1396 228 ad
1419 200 1528 228 dolores
1555 200 1696 235 sapienter

70 245 187 280 ᾔτησας,
207 246 237 273 τὸ
252 247 302 282 μὲν
317 243 413 283 εὗρον,
435 247 480 274 καὶ
499 247 609 283 ἔπεμψά
636 257 677 275 σοι
698 249 854 284 προθύμως,

70 291 100 317 τὸ
114 292 312 327 Δημοσθενικὺν
329 293 420 328 λέγω·
437 294 468 320 τὸ
482 294 511 321 δὲ
536 294 694 330 ἐζημιώθην
708 303 714 310 ’
733 295 782 322 οὐκ
802 295 856 330 ἔχω

70 335 125 361 οἴου
143 336 174 362 σὺ
192 336 303 372 χρῄζεις
320 337 389 372 (27),
405 337 454 373 τὴν
479 338 586 364 Ἰλιάδα.
603 338 648 374 Μὴ
669 338 723 374 γάρ
738 347 784 374 μοι
799 339 856 365 δια-

70 381 212 418 πιστήσῃς,
230 383 270 408 ὅτι
294 382 374 417 μόνον
389 382 492 409 τούτων
514 383 662 410 ἀπολαύειν
681 384 793 419 νομίζω,
808 385 855 411 καὶ

71 426 137 462 μόνα
154 427 302 462 κεκτῆσθαι
320 428 422 460 καλῶς.
435 425 472 455 ὧν
487 429 520 456 ἃν
536 429 618 462 αὐτὸς
636 430 792 465 μετάσχοις,
808 431 854 457 καὶ

69 469 107 503 οἷς
122 472 155 498 ἂν
170 473 208 504 ὼς
228 473 340 500 σεαυτοῦ
357 474 484 509 χρήσαιο.

69 520 128 551 beo,
149 521 280 548 nimirum
311 521 433 549 lliadem.
464 521 529 548 Mihi
549 522 620 549 enim
645 523 672 550 in
697 522 750 550 hoc
773 523 854 550 velim
885 523 900 550 ti

911 247 1038 274 ferendos
1050 248 1245 275 documentum
1264 248 1408 283 prmbebis.
1424 247 1546 282 Denique
1561 255 1615 274 non
1631 254 1691 282 par-

906 302 969 321 vum
985 294 1090 321 lucrum
1119 293 1203 321 facies
1219 294 1254 329 (si
1267 299 1356 321 tamen
1381 294 1408 320 id
1430 301 1540 328 quoque
1554 293 1602 319 tibi
1621 299 1696 320 cura:

907 339 979 374 est),
1007 348 1104 374 nempe
1130 339 1203 375 quod
1230 340 1260 366 in
1291 339 1473 367 admiratione
1503 339 1575 374 apud
1598 346 1695 366 omnes

906 387 973 414 eris.
991 386 1029 413 Ex
1046 387 1124 413 libris
1137 394 1220 421 porro
1233 393 1301 420 quos
1315 385 1448 419 postulas,
1460 385 1575 412 alterum
1590 383 1693 416 inveni,

905 439 1023 467 eumque
1044 432 1078 459 ad
1103 436 1129 459 te
1145 432 1262 459 libenter
1290 431 1364 463 misi,
1385 439 1484 465 nempe
1504 430 1694 458 Deumstheni-

907 485 968 504 cum
988 487 994 505 :
1010 478 1125 505 alterum
1143 485 1208 505 vero
1224 477 1303 504 amisi
1321 486 1328 510 ;
1344 485 1424 512 quem
1450 477 1552 512 poscis,
1572 485 1626 504 non
1644 477 1693 502 ha-

903 524 963 552 dem
985 532 1020 552 ne
1041 525 1175 560 abroges,
1205 525 1307 560 quippe
1331 525 1378 560 qui
1400 533 1444 552 me
1472 525 1514 552 his
1537 525 1603 553 solis
1624 523 1690 556 frui,

69 575 152 603 eaque
185 568 244 595 sola
271 571 346 595 recte
368 569 512 604 possidere
535 570 708 602 existimem,
739 578 856 605 quorum
877 571 935 607 ipse
948 572 1084 607 particeps
1100 580 1142 604 es,
1162 572 1328 607 quibusque,
1343 576 1372 598 ut
1387 571 1453 605 tuis,
1470 570 1567 598 uteris.

294 645 355 672 AB'.
377 646 420 681 To
444 646 536 682 arm
556 645 624 681 (‘28).

1172 647 1280 675 XXXII.
1311 647 1427 675 EIDEM.

104 705 249 741 Epistolam
262 707 423 743 superiorem
437 707 557 740 proximo
576 712 664 734 secuta
679 713 718 735 cat
731 709 869 735 intervallo
883 709 945 739 ista.
960 710 985 735 in
998 718 1048 743 qua
1061 709 1120 743 jam
1137 709 1275 743 Philagrio
1289 709 1452 743 gratulatur.
1467 707 1536 742 quod
1552 707 1579 734 in
1595 715 1692 734 (rrum-

69 742 106 767 m's
125 748 148 768 et
168 742 303 778 doloribus
318 742 495 776 philosophice
506 750 534 769 se
546 748 630 777 gerat,
646 744 800 778 eximimqne
813 744 856 770 det
869 745 988 770 omnibus
1003 742 1148 777 exemplum
1161 742 1319 771 later/mlite.
1338 743 1398 778 Ipse
1412 744 1489 778 plura
1501 743 1599 777 profert
1609 743 1692 777 petita

67 786 82 802 ιι
95 777 214 811 profanis
227 777 398 811 scriptoribus
413 778 549 811 patientur
563 778 693 812 exeuntia,
703 777 798 814 quibus
815 779 849 805 ad
865 780 970 814 fortiter
981 780 1132 806 tolerandos
1150 781 1268 813 corporis
1284 779 1388 806 dolores
1403 780 1506 806 excitet.

101 832 136 861 Εὖ
153 843 185 868 γε
207 835 246 861 ὃτι
271 834 426 869 φιλοσοφεῖς
447 835 476 860 ὲν
500 835 554 866 τοῖς
577 835 693 868 πάθεσι,
719 836 766 862 καὶ
788 835 850 872 γίνῃ

940 836 1070 864 Gratulor
1091 837 1151 868 tibi,
1169 837 1242 872 quod
1267 837 1455 872 philusophice
1480 836 1507 862 in
1531 835 1689 863 calamitati-

68 880 173 912 πολλοῖς
190 880 342 915 ὑπόδειγμα
359 879 409 914 τῆς
426 881 453 906 ἐν
466 881 521 911 τοῖς
535 880 668 914 ἀλγεινοῖς
685 882 847 917 καρτερίας·

903 884 954 910 bus
973 887 1000 910 te
1024 884 1096 918 geris
1119 884 1266 919 multisque
1293 883 1442 910 tolerantia:
1461 882 1488 908 in
1509 882 1593 909 rebus
1612 889 1689 909 acer-

67 927 112 954 καὶ
135 926 229 960 ὥσπερ
247 925 293 951 ἐπὶ
319 925 401 951 παντὶ
430 925 559 960 βελτίστῳ
586 925 712 960 κατεχρῶ
733 926 772 961 τῷ
799 925 851 952 σώ-

67 981 141 1008 ματι,
161 971 243 1006 ἡνίκα
271 971 396 1005 ὑγιεινῶς
423 968 509 1005 εἶχες,
531 970 602 996 οὕτω
618 971 665 997 καὶ
693 970 740 997 νῦν
764 971 851 1007 τούτῳ

64 1018 122 1054 χρῶ
150 1017 241 1049 καλῶς
266 1017 339 1051 (‘29),
367 1015 460 1051 ἐπειδή
487 1025 518 1050 γε
542 1016 662 1048 ἀσθενῶς
687 1016 777 1052 ἔχεις,
804 1018 851 1044 καὶ

66 1065 159 1099 ἁργεῖς
179 1064 227 1089 οὐκ
241 1062 344 1097 ἀργῶς,
363 1062 396 1088 ἴν*
413 1062 499 1093 οὕτως
516 1062 594 1089 εἴπω.
613 1062 769 1097 Φιλοσοφείς
785 1063 849 1099 γὰρ,

65 1110 111 1136 κα).
131 1110 145 1133 ὃ
172 1118 238 1135 (βασι
266 1109 395 1144 Διογένην
418 1108 558 1143 εἰρηκέναι
578 1108 644 1135 ποτε
667 1108 848 1144 πυρέττοντα,

64 1156 109 1182 κα).
119 1154 361 1190 διακαρτεροῦντα,
375 1154 456 1180 τοῦτο
470 1154 516 1180 καὶ
533 1153 612 1185 αὐτὸς
628 1154 758 1190 παρέχεις
772 1155 849 1190 ὁρᾷν,

62 1201 152 1236 ψυχῆς
174 1201 262 1236 πάλην
289 1200 335 1226 καὶ
349 1199 483 1235 σώματος.
507 1199 592 1226 Τοῦτο
610 1199 714 1236 ἔπρεπε
735 1200 774 1235 τῷ
791 1200 850 1236 ἐμῷ

62 1246 211 1282 Φιλαγρὶῳ,
227 1246 265 1281 μὴ
282 1245 490 1281 μαλακίζεσθαι,
509 1245 575 1280 μηδὲ
592 1245 766 1281 κάμπτεσθαι
781 1247 850 1282 πρὸς

62 1293 96 1320 τὰ
113 1292 198 1327 πάθη,
213 1292 281 1319 ἀλλὰ.
307 1292 481 1327 περιφρονεῖν
502 1291 557 1325 (50)
575 1291 620 1318 τὸν
643 1292 736 1326 πηλὸν,
756 1293 802 1319 καὶ
820 1293 850 1318 τὸ

64 1339 112 1374 μὲν
130 1338 210 1374 σῶμα
228 1339 274 1373 ὲᾷν
296 1338 410 1373 πάσχειν
429 1337 462 1364 τὰ
480 1337 588 1369 ἑαυτοῦ,
610 1338 717 1370 πάντως
733 1339 749 1373 ἢ
767 1338 813 1364 νῦν
832 1338 847 1374 ἧ

62 1384 175 1420 ὕστερον
198 1384 382 1419 λυθησόμενον
405 1384 479 1419 νόμῳ
495 1383 602 1418 φύσεως
622 1384 775 1419 (οἰχήσεται
794 1384 849 1419 γὰρ

61 1431 77 1466 ἢ
97 1430 169 1464 νόσῳ
189 1430 292 1464 κάμνον
305 1430 371 1465 (51),
384 1429 400 1464 ἦ
415 1429 540 1465 χρόνῳ)·
560 1429 645 1464 αὐτὴν
662 1430 690 1456 δὲ
716 1429 783 1464 ὑψοῦ
800 1430 849 1465 τὴν

61 1475 148 1510 ψυχὴν
163 1475 246 1510 ἔχειν,
261 1475 307 1501 κα)⁴
319 1475 388 1510 μετὰ
403 1474 470 1502 Θεοῦ
486 1474 615 1510 τετάχθαι
630 1475 684 1506 τοῖς
698 1474 847 1510 λογισμοῖς,

61 1521 170 1547 κάκεῖνο
186 1520 299 1552 εἰδέναι,
320 1521 360 1547 ὅτι
380 1520 435 1546 τῶν
450 1520 559 1547 ἀτόπων
581 1520 670 1552 ἐστὶν,
693 1520 768 1554 ἡμᾶς
796 1519 849 1552 ἔξω

60 1568 110 1602 μὲν
131 1568 261 1594 κινδύνων
289 1567 444 1602 φιλοσοφεῖν
460 1567 532 1601 (52),

59 1612 239 1646 ἀφιλοσόφους
259 1611 413 1647 φαίνεσθαι,
431 1612 478 1638 καὶ
494 1611 685 1645 διαψεύδεσθαι
708 1611 757 1646 τὴν
781 1611 846 1638 ὑπό-

60 1665 162 1692 σχεσιν.

902 929 944 956 bis
956 929 1108 963 exemplum
1122 930 1232 956 exsistis
1243 938 1248 956 :
1261 927 1524 964 etquemadmodum
1538 927 1571 953 ad
1587 926 1689 961 optima

901 982 1016 1008 qua:th
1043 981 1159 1008 corpore
1181 974 1312 1004 utebaris.
1337 980 1398 999 cum
1425 979 1509 999 sanus
1529 979 1624 1003 esses,
1651 971 1689 997 ita

901 1026 973 1045 nunc
990 1026 1099 1053 quoque
1114 1026 1146 1045 eo
1162 1018 1292 1052 praeclare
1313 1022 1400 1048 utere,
1423 1020 1567 1051 postquam
1588 1016 1614 1042 in
1634 1016 1690 1050 28

901 1065 1026 1092 morbum
1056 1065 1189 1096 incidisti,
1216 1069 1298 1099 atque
1326 1064 1422 1091 otiaris
1451 1063 1563 1090 minime
1589 1062 1688 1093 otiose,

901 1113 931 1136 ut
952 1110 989 1136 ita
1014 1110 1119 1145 loquar.
1138 1110 1345 1144 Philosopharis
1370 1109 1454 1141 enim,
1470 1112 1507 1140 et,
1533 1107 1605 1142 quod
1625 1107 1689 1133 Dio-

901 1163 996 1190 genem
1024 1156 1088 1182 olim
1113 1156 1216 1182 dixisse
1239 1155 1341 1184 ferunt.
1362 1161 1424 1181 cum
1446 1154 1519 1181 febre
1540 1154 1688 1185 laboraret,

901 1209 934 1228 ac
956 1202 1080 1229 dolorem
1107 1202 1215 1228 fortiter
1241 1200 1384 1236 perferret,
1412 1200 1464 1227 hoc
1493 1199 1552 1234 ipse
1580 1207 1688 1234 quoque

900 1248 1020 1282 prmbes,
1044 1248 1172 1274 nimirum
1197 1248 1296 1274 animo:
1317 1251 1345 1274 et
1363 1247 1487 1281 corporis
1514 1245 1688 1272 colluctatio-

901 1301 973 1320 nem.
1007 1293 1064 1320 lloc
1095 1294 1202 1321 scilicet
1233 1292 1402 1327 Philagrium
1437 1298 1526 1318 meum
1563 1290 1687 1322 decebat,

900 1347 997 1374 nempe
1019 1348 1073 1366 non
1092 1339 1221 1371 emolliri,
1238 1346 1288 1366 nec
1302 1338 1443 1365 doloribus
1456 1337 1554 1371 frangi,
1573 1337 1621 1363 sed
1645 1336 1688 1363 lu-

900 1388 957 1410 tum
972 1389 1156 1413 contemnere.
1174 1391 1205 1410 ac
1221 1391 1321 1418 corpus
1337 1382 1447 1417 quidem
1462 1382 1553 1408 sinere
1571 1388 1601 1407 ea
1618 1381 1685 1415 pati.

900 1438 960 1466 quae
978 1431 1063 1465 ipsius
1081 1435 1178 1457 natura
1200 1430 1262 1461 fert,
1286 1433 1392 1456 naturae
1412 1429 1470 1463 lege
1495 1427 1619 1458 omnino,
1644 1427 1686 1453 vel

899 1485 983 1509 nunc,
1004 1477 1044 1504 vel
1070 1480 1163 1511 postea
1179 1475 1350 1510 dilapsurum
1367 1485 1372 1502 :
1389 1474 1524 1509 (interibit
1537 1473 1621 1504 enim,
1643 1473 1686 1499 vel

900 1523 1007 1555 morbo,
1024 1522 1067 1550 vel
1088 1526 1231 1549 senectute
1250 1521 1403 1548 confectum
1418 1520 1438 1551 :)
1462 1527 1571 1547 sursum
1595 1522 1686 1545 autem

558 1568 587 1593 ἐν
608 1566 637 1593 δὲ
663 1567 723 1597 ταῖς
744 1565 847 1600 χρείαις

902 1569 1017 1595 animam
1048 1569 1160 1598 habere.
1187 1575 1219 1594 ac
1246 1575 1293 1602 per
1320 1566 1503 1601 cogitationes
1538 1572 1601 1592 cum
1626 1564 1682 1590 Deo

899 1614 1046 1649 conjungi.
1075 1614 1197 1648 illudque
1221 1613 1333 1640 minime
1359 1614 1500 1647 ignorare,
1533 1610 1683 1638 absurdum

899 1665 931 1686 ae
955 1663 1152 1694 prreposterum
1177 1666 1244 1686 esse-
1277 1667 1328 1686 nos
1358 1663 1436 1686 extra
1472 1657 1593 1692 pericula
1623 1656 1684 1691 phi-

59 1703 216 1739 losophari,
243 1707 366 1738 tempore
394 1708 483 1730 autem
512 1701 538 1728 id
556 1701 710 1737 postulante
733 1701 913 1738 philosophize
939 1710 1065 1740 expertes
1093 1713 1235 1740 apparere,
1257 1713 1306 1732 nec
1330 1704 1404 1739 quod
1427 1703 1597 1739 proﬁtemur,
1613 1710 1684 1738 pne-

58 1753 143 1776 stare.

92 1796 187 1822 Πὰντα
207 1794 322 1829 ἐπῆλθες
334 1793 433 1830 δηλαδὴ
452 1795 484 1829 τῇ
507 1794 627 1829 διανοίᾳ,
645 1795 696 1821 ὅσα
713 1795 844 1831 ἡμέτερα.

57 1843 107 1869 ὅσα
130 1841 269 1876 ἀλλότρια,
285 1841 322 1872 ὡς
344 1841 413 1876 ἀνὴρ
431 1841 485 1875 (55)
503 1841 720 1875 πεπαιδευμένος
742 1843 770 1867 ὲν
791 1842 845 1876 ἀμ-

57 1889 196 1924 φοτέροις,
223 1888 270 1913 καὶ
293 1887 440 1922 παιδευτὴς
468 1887 569 1914 ἄλλωνο
602 1888 649 1913 καὶ
672 1888 704 1914 ἐκ
737 1888 846 1914 πάντων

56 1935 164 1970 σεαυτῷ
179 1932 312 1965 συνελέξω
326 1933 357 1959 τὸ
373 1933 422 1968 τῆς
439 1933 594 1969 ἁνθρωπῐας
617 1933 760 1969 φάρμακον
779 1934 845 1968 (56).

57 1981 117 2006 Ἵνα
131 1979 159 2005 δέ
177 1987 218 2005 σοι
240 1977 320 2012 κάγὼ
341 1977 572 2013 συμφιλοσοφήσω
597 1979 704 2013 μικρὸν,
721 1979 746 2004 εἰ
767 1979 847 2004 τοῦτο

56 2025 193 2056 κελεύεις,
211 2025 260 2050 οὐκ
282 2023 386 2050 ἐπαινῶ
408 2023 455 2049 τοῦ
477 2023 677 2058 Ἀριστοτέλους
698 2023 728 2049 τὸ
751 2032 847 2059 μικρο-

55 2072 144 2106 λόγον,
165 2071 194 2102 ὃς
211 2071 260 2105 τὴν
281 2069 453 2105 εὐδαιμονίαν
475 2071 542 2105 ἡμῖν
560 2069 738 2105 ὁριζόμενος,
767 2070 848 2105 μέχρι

57 2117 106 2152 μέν
131 2125 204 2148 τινος
229 2115 364 2152 προῆλθεν
387 2111 490 2150 ὀρθῶς,
515 2114 602 2150 ψυχῆς
625 2115 764 2150 ἐνέργειαν
787 2115 847 2141 κατ’

54 2163 158 2199 ἀρετὴν
173 2162 228 2197 (55)
246 2159 317 2187 εἶναι
331 2160 433 2196 ταύτην
451 2161 678 2195 ἀποφηνάμενος·
697 2161 744 2186 καὶ
762 2169 847 2195 προσ-

931 1796 1028 1823 Omnia
1053 1795 1162 1830 quidem
1187 1795 1279 1821 animo
1305 1795 1475 1830 pervolvisli,
1509 1798 1563 1820 tam
1589 1800 1683 1823 nostra

897 1848 978 1875 quam
994 1845 1136 1872 extranea,
1150 1844 1242 1875 utpote
1256 1841 1297 1867 vir
1319 1842 1344 1867 in
1366 1841 1492 1874 utrisque
1506 1841 1642 1873 eruditus,
1657 1847 1684 1869 et

897 1885 1014 1912 aliorum
1041 1890 1214 1920 praeceptor;
1245 1889 1328 1920 atque
1354 1886 1533 1912 humanitatis
1557 1887 1684 1921 pharma-

897 1938 959 1958 cum
985 1931 1032 1958 tibi
1060 1932 1118 1966 ipse
1142 1939 1175 1958 ex
1200 1932 1329 1959 omnibus
1354 1932 1500 1967 collegisti.
1526 1932 1625 1960 Verum
1654 1939 1683 1960 ut

896 1981 998 2008 tecum.
1017 1977 1039 2005 si
1061 1978 1096 2004 ita
1116 1978 1207 2012 jubes,
1231 1978 1356 2004 nonnihil
1375 1978 1559 2012 philosopher,
1579 1979 1684 2006 Aristo-

897 2023 959 2050 telis
985 2023 1157 2057 jejnnitatem
1186 2031 1242 2051 non
1277 2025 1380 2058 probo.
1409 2024 1455 2058 qui
1485 2024 1681 2052 beatitudinem

897 2069 976 2096 nobis
991 2069 1142 2100 definiens,
1163 2070 1282 2104 quodam
1304 2074 1384 2096 tenus
1397 2070 1507 2104 quidem
1525 2074 1598 2096 recte
1616 2079 1681 2105 pro-

897 2123 1008 2150 gressus
1036 2119 1088 2147 est,
1114 2124 1211 2150 nempe
1238 2116 1335 2142 animae
1363 2117 1498 2143 actionem
1527 2117 1678 2143 secundum

896 2160 1024 2186 virtutem
1045 2168 1107 2188 esse
1133 2161 1206 2187 illam
1237 2161 1430 2196 pronuntians,
1459 2161 1629 2196 addensque,
1652 2163 1679 2189 in

55 2208 130 2240 θεὶς,
149 2209 178 2234 ὲν
205 2207 255 2243 βίῳ
275 2207 386 2242 τελείῳ,
414 2206 462 2232 καὶ
482 2205 561 2232 τοῦτο
586 2206 657 2242 μάλα
675 2207 764 2241 σοφῶς
776 2228 783 2239 ,
800 2208 844 2234 διὰ

902 2206 950 2232 rita
969 2206 1099 2240 perfecta,
1118 2207 1170 2234 hoc
1182 2215 1292 2242 quoque
1307 2208 1396 2242 ipsum
1412 2207 1558 2234 admodum
1572 2209 1682 2243 sapien-

53 2255 84 2281 τὸ
105 2254 222 2290 τρεπτὸν
241 2253 319 2288 ἡμῶν
346 2253 394 2279 καὶ
423 2253 633 2287 εὐμετάπτωτον
660 2254 708 2288 τῆς
725 2254 841 2288 φύσεως.

60 2301 165 2326 Ἐκεῖνο
190 2299 218 2326 δὲ
241 2300 291 2325 οὐκ
314 2298 354 2324 ἔτι
376 2297 606 2333 μεγαλοπρεπῶς,
630 2298 698 2325 ἀλλὰ
715 2299 762 2325 καὶ
783 2299 843 2326 λίαν

53 2345 209 2377 ταπεινῶς,
232 2346 274 2372 ὅτι
298 2346 345 2371 καὶ
369 2344 418 2380 τὴν
441 2343 539 2376 ἔξωθεν
563 2344 707 2379 εὐετηρίαν
731 2345 843 2380 προστί-

53 2393 149 2428 θησιν·
176 2392 214 2423 ὡς
239 2392 264 2417 εἰ
293 2390 370 2426 τύχοι
389 2389 474 2425 πένης
500 2398 540 2421 τις
561 2389 610 2422 ὢν,
634 2389 650 2424 ἢ
670 2389 804 2425 νοσώδης,
825 2390 842 2425 ἢ

90 2458 149 2492 (27)
172 2457 295 2492 OZovot‘J
307 2455 433 2492 χρῄζεις.
449 2454 487 2492 lta
500 2454 581 2492 codd.
597 2454 651 2481 duo
666 2454 748 2490 Regg.
763 2455 840 2484 Pass.

53 2490 175 2520 Montac.
193 2496 220 2519 et
235 2491 328 2518 Morel.
345 2492 373 2517 In
391 2491 435 2517 ed.
450 2490 527 2517 deest
544 2490 576 2516 σύ

91 2528 149 2563 (28)
170 2528 244 2554 Alias
260 2525 349 2563 ιχιιζ.
367 2525 474 2563 Scripta
490 2528 551 2563 post
571 2524 751 2563 superiorem:

88 2559 147 2598 (29)
169 2563 265 2594 Τούτῳ
286 2560 346 2598 χρῶ
362 2560 471 2598 καλῶς.
499 2561 539 2598 ita
558 2560 619 2598 cod.
646 2559 720 2598 lteg._
737 2559 764 2586 ln
784 2567 841 2588 uno

53 2593 156 2633 legitur
168 2597 269 2633 χρῆσαι
285 2593 373 2630 τούτῳ
387 2593 551 2633 καλῶςἏΕιε.
568 2594 655 2633 ¹εούτῳ
670 2593 733 2633 χρῇ,

90 2603 156 2633 gitur
168 2606 269 2632 χρησαι
285 2604 373 2630 τουτῳ
387 2603 487 2634 καλὶως.
503 2603 551 2621 [ιιι.
568 2603 655 2629 τουτῳ
670 2603 733 2656 χρῃ.

90 2633 148 2668 (30)
169 2632 257 2659 Ἀλλὰ
271 2637 469 2665 περιφρονειν.
485 2628 552 2656 Cod.
573 2629 652 2656 Pass.
667 2631 685 2656 ἀ
702 2630 736 2656 λὰ
755 2638 840 2657 κατα-

54 2670 178 2694 σοονείν.

61 2695 149 2738 ”(51)
169 2700 394 2738 Νόοζφῌκάμνον.
409 2700 476 2727 Cod.
493 2698 559 2734 Reg.
575 2699 644 2738 νόσῳ
657 2699 753 2738 καμόν.
767 2700 840 2732 Mox,

54 2735 145 2774 αὐτὴν
161 2737 194 2774 δε
204 2736 284 2774 ὑψοῦ,
299 2738 385 2770 ipsum
404 2743 463 2762 vero
478 2742 582 2761 sursum
597 2735 714 2761 animum
736 2735 840 2763 habere.

58 2772 146 2807 Ὑψοῦ
162 2772 320 2807 adverbium
332 2774 385 2807 est.

91 2802 148 2843 ('52)
169 2806 257 2841 Ἠμᾶς
269 2806 326 2838 ἕξω
343 2802 401 2840 μὲν
418 2804 567 2843 κινδύνῳν
580 2805 768 2843 φιᾼοσοςςεῖν.
787 2805 841 2843 (ζει-

55 2839 182 2871 bernator
196 2839 224 2869 in
246 2839 397 2868 tempestate
423 2839 601 2874 dignoscitur,
621 2840 708 2875 inquit
724 2840 840 2876 Cypria-

895 2255 946 2283 ter,
961 2256 1072 2287 propter
1087 2253 1245 2280 mutabilem
1267 2253 1402 2288 facileque
1423 2255 1449 2280 in
1476 2254 1614 2280 diversum
1639 2254 1679 2280 la-

893 2298 1000 2326 bentem
1023 2303 1127 2326 naturae
1149 2304 1249 2327 nostra:
1272 2300 1468 2327 conditionem.
1484 2300 1519 2326 At
1541 2300 1605 2327 illud
1625 2308 1679 2328 non

891 2344 947 2379 jam
977 2345 1131 2379 magnifice.
1156 2346 1203 2373 sed
1228 2355 1361 2382 perquam
1385 2346 1495 2374 sordide
1515 2350 1542 2374 et
1563 2346 1680 2380 abjeetc,

893 2390 965 2426 quod
995 2397 1136 2418 externam
1177 2401 1284 2427 quoque
1316 2394 1448 2419 honorum
1483 2393 1678 2419 abundantiam

893 2463 1056 2492 nus,»serm.
1077 2464 1104 2483 ιν
1120 2457 1156 2484 De
1170 2458 1344 2488 mortalitate,
1362 2459 1389 2484 in
1405 2459 1462 2485 acie
1487 2458 1563 2484 miles
1582 2459 1678 2492 proba—

893 2490 1082 2527 tur._l)eli(-ata
1095 2492 1209 2525 jactatio
1225 2498 1278 2523 est.
1294 2501 1356 2520 cum
1374 2493 1524 2527 periculum
1543 2490 1597 2520 non
1613 2498 1675 2522 est:

891 2525 1060 2587 EOIlﬂlClallO
1079 2528 1106 2554 in
1126 2528 1251 2555 adversis
1271 2525 1396 2564 probatio
1408 2533 1449 2554 est
1465 2529 1598 2556 veritatis.
1615 2529 1678 2556 Hart:

916 2569 969 2587 ILL.

916 2569 969 2588 ILL.

927 2597 983 2631 (33)
1006 2598 1055 2630 Ὠς
1069 2596 1156 2630 ἀνὴρ.
1173 2597 1212 2623 ita
1229 2596 1292 2624 cod.
1316 2595 1383 2631 Reg.
1401 2595 1518 2623 lllontac.
1533 2601 1560 2624 et
1581 2597 1675 2626 Morel.

891 2631 961 2658 Male
973 2633 1038 2659 editi
1055 2633 1114 2658 ὅσα.

927 2667 982 2728 (54)
1004 2667 1062 2700 Τῆς
1076 2666 1244 2700 ἀνθρωπίας
1262 2665 1430 2700 φάρμακον.
1446 2665 1567 2693 Combef.
1582 2667 1612 2692 τὸ
1628 2667 1677 2701 τῆς

936 2711 968 2728 ας
988 2702 1143 2728 ωάοιιακον.
1161 2702 1279 2728 maeroris
1299 2701 1489 2728 nharmacum:
1515 2710 1575 2728 (tua:
1596 2703 1676 2728 let-tio

890 2701 1143 2737 ἁνίαςφάρμακον,
1161 2702 1279 2728 maeroris
1298 2701 1489 2735 pharmacum;
1515 2710 1575 2736 qua:
1596 2703 1676 2729 let-tio

891 2737 943 2772 ipsi
955 2736 1063 2764 videtur
1079 2736 1233 2772 commoda.
1357 2771 1362 2772 γ
1476 2770 1481 2772 _
1541 2771 1548 2772 ί
1556 2740 1565 2747 δ

925 2772 982 2806 (55)
1006 2771 1111 2806 Ψυχῆς
1132 2771 1283 2806 ἐνέργειαν
1302 2771 1363 2797 κατ’
1389 2770 1514 2805 ἀρετήν.
1539 2771 1576 2798 Ita
1602 2772 1674 2798 enim

890 2807 1086 2834 beatitudinem
1108 2806 1203 2834 definit
1231 2806 1399 2837 Aristoteles,
1425 2807 1471 2834 lib.
1495 2813 1503 2832 ι
1529 2805 1616 2834 Ethic.
1638 2808 1674 2834 ad

893 2841 1094 2869 Nicomachum.
