1923 3053
238 160 268 188 7|

238 217 387 253 adjuuxit;
409 218 445 244 ita
464 221 494 243 ut
511 216 537 244 si
561 216 625 252 quis
639 216 718 252 inops
737 221 782 248 stt,
799 221 845 243 aut
864 218 1036 244 valetudina-

238 265 307 295 rius:
336 267 384 291 aut
406 264 525 291 obscuro
550 271 660 298 genere,
684 267 732 290 aut
751 270 766 288 a
790 263 877 298 patria
899 264 1029 296 extorris,

238 314 383 345 propterea
406 309 465 343 ipse
480 317 494 336 a
519 309 690 336 beatitudine
710 314 846 336 arceatur.
866 310 900 336 At
925 309 1031 336 Stoico-

238 365 299 384 rum
325 356 409 383 animi
435 356 652 391 magnitudinem
675 363 706 383 ac
728 356 916 391 praestantiam
937 356 1030 389 laudo,

238 403 285 438 qui
306 411 350 430 res
366 407 495 430 externas
517 402 624 429 nullum
646 402 680 429 ad
700 402 896 430 beatitudinem
917 402 1032 437 impedi-

239 453 360 476 mentum
383 447 482 475 afferre
503 447 610 479 dicunt.
628 448 674 475 sed
693 448 781 475 virum
800 448 902 475 bonum
920 448 1031 476 beatum

237 503 309 526 esse,
328 495 438 522 etiamsi
454 494 482 520 in
499 493 655 521 Phalaridis
675 498 756 521 tauro
770 500 918 522 cremetur.

272 539 314 567 Oh
329 548 446 575 eamque
469 547 583 567 causam
605 547 659 567 non
687 548 736 567 eos
765 544 873 566 tantum
898 539 1030 573 admiror,

237 587 283 623 qui
299 587 370 622 apud
390 595 441 614 nos
463 594 514 621 pro
533 587 635 614 virtute
655 587 788 621 periculis
811 595 840 614 se
860 586 1030 618 obtulerunt,

237 637 285 659 aut
308 632 491 659 calamitatem
517 631 624 658 fortiter
646 632 790 662 tulerunt,
823 632 870 659 sed
902 635 1032 658 externos

237 679 330 709 etiam,
349 678 394 712 qui
415 677 520 704 similes
535 685 630 704 eorum
651 679 828 710 exstiterunt,
840 677 916 704 \‘erbi
932 677 1031 712 gratia.

238 723 429 750 Anaxarchum
453 723 542 756 illum,
567 723 741 758 Epictetum,
765 724 918 754 Socratem.
945 728 972 749 ut
999 730 1032 750 ne

238 771 330 805 plures
351 777 510 797 recenseam
541 779 547 796 :
572 777 691 804 quarunt
715 770 831 804 primus,
849 777 910 796 cum
934 776 1031 796 manus

237 816 335 850 ipsius,
363 819 483 850 tyranno
509 815 547 840 ita
575 814 739 848 imperante,
764 815 792 840 in
813 814 947 841 mortario
968 821 1033 840 con-

237 861 431 893 tundercntur,
463 861 609 888 carnifices
643 860 801 888 Anaxarchi
835 861 891 896 29
921 861 1030 888 culeum

237 908 356 935 tundere
378 907 495 942 jubehat
525 907 574 942 (ita
600 906 728 934 videlicet
756 906 827 933 hanc
851 913 1035 933 :erumnosam

237 953 415 981 carunculam
445 952 618 987 appellans),
653 952 733 987 quasi
766 952 946 980 Anaxarchus
977 952 1034 987 ipse

237 1000 351 1026 minime
387 999 561 1031 tunderetur,
597 999 651 1026 hoc
685 1003 737 1030 cst,
781 998 939 1034 philosophi
975 998 1036 1025 ani-

237 1053 281 1072 ma
311 1054 318 1072 :
345 1045 420 1079 quod
442 1044 554 1079 quidem
578 1044 650 1078 apud
674 1051 724 1070 nos
747 1048 879 1070 externus
904 1043 986 1069 homo
1007 1045 1035 1069 et

237 1092 364 1119 internus
380 1091 543 1126 appellatur.
569 1090 655 1122 Alter,
673 1097 736 1116 cum
759 1096 824 1116 crus
845 1089 897 1123 ipsi
915 1089 1035 1123 stringe.

239 1143 317 1166 retur
341 1145 373 1165 ac
394 1138 625 1172 distorqucretur,
652 1136 728 1163 velut
753 1135 780 1162 in
805 1135 896 1162 alieno
917 1142 1035 1169 corpore

239 1184 498 1220 philosophabatur,
525 1183 665 1217 citiusque
689 1189 754 1209 crus
781 1180 949 1217 perfractum
972 1188 1034 1208 esse

237 1232 328 1258 visum
359 1235 420 1262 est,
445 1238 526 1265 quam
550 1230 610 1264 ipse
631 1229 685 1256 vim
716 1228 822 1255 doloris
849 1228 1032 1262 persensisse.

238 1278 367 1305 Socrates
393 1277 513 1313 denique
549 1278 585 1303 ab
613 1275 830 1303 Atheniensibus
857 1275 890 1302 ad
917 1280 1032 1303 mortem

237 1324 396 1355 damnatus,
414 1330 620 1357 carceremque,
649 1326 678 1349 ut
704 1322 771 1354 scis,
794 1321 939 1354 incolens,
956 1321 1034 1356 prius

237 1370 348 1405 quidem
367 1369 401 1397 de
417 1377 545 1404 corpore,
563 1373 693 1403 tanquam
710 1367 743 1395 de
760 1367 814 1394 alio
830 1375 952 1399 carcere,
969 1375 1031 1394 cum

237 1417 383 1452 discipulis
402 1415 556 1444 disserebat
572 1423 580 1447 ;
596 1422 716 1448 cumque
732 1412 823 1448 fugam
841 1414 910 1440 inire
926 1414 1031 1446 liceret,

241 1462 267 1488 id
282 1461 371 1489 facere
387 1461 526 1488 recusavit
541 1469 548 1486 :
567 1464 713 1495 postquam
728 1463 819 1486 autem
832 1460 924 1486 cit-uta
938 1459 1031 1486 oblata

235 1512 296 1539 est.
314 1508 484 1543 perlibenter
503 1507 625 1541 accepit,
650 1505 764 1540 perinde
794 1512 826 1532 ac
863 1512 918 1532 non
951 1505 1032 1532 letale

237 1555 364 1589 poculum
386 1553 534 1587 aeciperet,
557 1552 604 1579 sed
624 1550 798 1586 propinando
813 1551 918 1578 amicos
934 1550 967 1576 ad
984 1558 1032 1585 po-

237 1599 351 1626 tandum
386 1599 527 1626 invitaret.
559 1597 607 1625 llis
631 1596 730 1624 Jobum
766 1604 875 1632 quoque
905 1599 1028 1622 nostrum

237 1645 399 1680 adjecissem
415 1664 423 1678 ,
454 1645 509 1672 nisi
545 1648 570 1671 te
599 1643 698 1671 scirem
726 1643 761 1670 ab
785 1643 846 1678 ejus
872 1642 1037 1674 doloribus.

236 1691 305 1718 fore.

272 1737 322 1764 llis
336 1736 491 1764 rationibus
509 1735 627 1770 teipsutn
642 1735 763 1762 mulcere
780 1734 847 1761 mihi
864 1734 976 1774 videris,
989 1734 1033 1761 vir

235 1783 329 1810 divine
341 1786 370 1809 et
383 1785 572 1813 sacrosancte,
587 1784 671 1816 atque
686 1781 757 1808 hanc
778 1781 940 1808 medicinam
957 1780 1033 1808 adhi-

237 1830 315 1861 bens,
332 1833 390 1856 tum
412 1829 471 1863 ipse
487 1829 586 1859 levius,
604 1832 634 1854 ut
655 1835 728 1859 reor,
745 1827 892 1854 habiturus
912 1835 952 1858 es.
974 1831 1030 1853 tum

237 1884 287 1903 nos
302 1876 384 1908 etiam
402 1875 512 1902 laudum
530 1879 638 1901 tuarum
655 1881 796 1908 praecones
816 1877 843 1900 et
861 1873 966 1900 amicos
982 1880 1031 1899 vo-

237 1921 340 1956 luptate
361 1920 480 1951 allicies;
499 1920 627 1946 nimirum
649 1919 768 1953 teipsum
793 1918 831 1944 ita
855 1925 1029 1952 comparans,

236 1970 266 1992 ut
284 1973 334 1993 nec
351 1966 447 1993 morbo
461 1965 624 1996 debiliteris,
643 1972 704 1997 nec,
718 1963 791 1999 quod
805 1964 843 1990 ait
863 1963 945 1990 David
957 1966 979 1996 ⁷,
995 1963 1030 1990 ob

236 2016 410 2046 peccatorum
429 2018 534 2046 pacem.
551 2017 703 2044 eorumque
728 2009 754 2036 in
782 2009 833 2036 hac
850 2008 904 2036 vita
923 2008 1029 2035 felicem

236 2063 326 2082 rerum
353 2063 465 2082 cursum
493 2055 642 2082 olfendaris
667 2064 673 2081 ε
696 2054 762 2089 quiti
787 2054 878 2089 potius
905 2054 1029 2088 purgeris

235 2102 268 2135 (si
284 2102 335 2128 hoc
349 2102 432 2129 verbo
449 2101 476 2128 in
493 2105 518 2128 te
534 2102 572 2128 uti
585 2101 626 2128 fas
646 2100 711 2136 est),
727 2104 808 2136 atque
828 2099 1026 2132 infirmitatem,

235 2147 344 2175 virtutis
360 2147 502 2174 materiam
519 2147 672 2174 existimes.

268 2227 278 2241 ⁷
293 2226 364 2254 Psal.
385 2233 471 2258 Lxxtl,
489 2225 517 2258 2,
533 2226 559 2253 5.

270 2316 327 2350 (56)
349 2316 404 2344 Ter
423 2315 614 2350 Ἀνάξαρχον.
632 2315 816 2343 Anaxarchus
833 2315 1023 2351 philosophus,

234 2357 343 2379 mortuo
369 2351 536 2382 Alexandro,
550 2351 620 2386 apud
637 2359 717 2386 quem
733 2358 845 2386 summo
872 2351 899 2378 in
916 2352 1021 2378 honore

235 2388 340 2419 fuerat.
360 2387 387 2414 in
407 2387 541 2413 leciam
564 2385 683 2418 rediens,
698 2394 713 2412 a
732 2385 915 2412 Nicocreonte
935 2386 1021 2421 Cyre—

235 2431 329 2449 narum
348 2427 463 2457 tyranno
483 2422 670 2457 interceptus,
682 2429 753 2457 novo
767 2425 794 2448 et
812 2421 937 2448 inaudito
953 2430 1020 2456 sup-

234 2459 305 2492 plicii
321 2455 419 2493 genere
437 2457 578 2493 cruciatus
591 2455 792 2493 esttEpit-tetus
804 2460 895 2483 autem
912 2455 1021 2484 summo

234 2494 284 2520 fuit
307 2493 334 2520 in
362 2493 466 2519 honore
489 2492 559 2526 apud
584 2492 733 2518 Adriauum
753 2492 966 2526 imperatorem.
991 2495 1022 2518 ut

233 2529 310 2556 testis
327 2533 368 2555 est
384 2527 473 2554 [Elius
491 2526 655 2561 Spartianus
671 2527 698 2553 in
716 2526 845 2552 Adriano.
864 2525 1021 2558 Il:ee,B|u..

269 2563 323 2599 (57)
337 2563 428 2599 ξὈςιερ
441 2560 518 2599 ἡμῖν
527 2562 642 2599 deﬁce
659 2561 708 2588 καὶ
755 2561 842 2599 ἐκτὸς
856 2561 1023 2599 ἅζθμπζοςτ

232 2596 356 2659 μα’όεοά.
381 2597 448 2634 Reg.
476 2598 506 2624 In
519 2597 584 2625 edit.
599 2598 689 2632 Ὅπερ
715 2597 780 2632 ἡμῖν
795 2597 810 2623 ό
833 2596 910 2628 ἐκτὸς
937 2597 984 2623 καὶ
1010 2598 1024 2623 ὁ

232 2643 276 2659 εντ
295 2643 317 2659 ξ.

231 2643 317 2660 εντοξ.

267 2670 323 2704 (58)
340 2669 594 2702 Κατατεινὸμενος
617 2667 666 2694 καὶ
686 2667 936 2704 στρεϐλούμενος.
960 2665 1022 2694 Bill.

230 2712 289 2730 cum
305 2713 364 2730 crus
379 2704 420 2730 illi
432 2704 617 2738 frangeretur;
635 2707 663 2729 at
679 2703 788 2729 videtur
804 2703 946 2738 putatioue
957 2709 1023 2729 crus

232 2739 374 2771 amisisse;
387 2737 459 2772 quod
472 2737 619 2773 Gregorius
634 2738 801 2772 κατεαγῆναι
813 2737 892 2765 dixit.
911 2737 1021 2768 Suidas,

231 2774 370 2809 πηρωθεὶς
386 2773 417 2799 τὸ
433 2772 596 2804 σκέλοςύπὸ
614 2774 760 2809 ῥεύματος,
777 2772 861 2798 altera
876 2779 955 2809 crure
969 2780 1023 2809 mu-

232 2807 324 2836 tilatas
339 2817 371 2835 ex
389 2809 549 2842 dcﬂuxiune,
562 2808 636 2843 quod
657 2809 736 2842 longe
753 2811 796 2834 est
816 2815 831 2834 a
855 2807 1022 2842 cr‘urifragio

231 2845 356 2871 tortorio.

265 2879 321 2916 (39)
337 2879 456 2914 Δέχεται
469 2877 551 2914 μάλα
564 2877 668 2914 ἡδέως.
683 2877 750 2906 Cod.
764 2877 832 2914 Reg.
849 2881 878 2909 et
896 2877 1018 2906 Comlicf.

840 159 869 186 S.
891 159 1055 188 GREGORII
1075 161 1250 189 THEOLOGI

1848 164 1890 191 7:!

1052 219 1236 255 Αδυσγενής,
1267 220 1283 256 ἢ
1312 221 1501 256 φυγόπατρις,
1523 221 1599 256 παρὰ
1624 229 1702 247 τουτο
1727 221 1802 256 αυτῷ
1829 223 1889 258 τῆς

1086 266 1262 301 εὐδαιμονίας
1277 267 1464 303 κωλυομένης.
1491 266 1611 293 Ἐπαινῶ
1625 267 1653 293 δὲ
1674 266 1728 293 τῶν
1750 267 1807 294 ἀπὸ
1831 268 1889 303 τῆς

1086 313 1170 344 Στοᾶς
1197 313 1228 339 τὺ
1255 314 1379 340 νεανικόν
1402 322 1431 340 τε
1457 314 1504 340 καὶ
1530 313 1696 348 μεγαλόνουν
1709 333 1716 345 ,
1744 313 1769 340 οἶ
1795 314 1888 350 μηδὲν

1085 359 1200 386 κωλύειν
1225 360 1292 394 φασὶ
1316 360 1385 396 πρὸς
1410 360 1582 395 εὐδαιμονίαν
1610 360 1646 386 τὰ
1673 359 1790 393 ἔξωθεν,
1822 361 1887 387 ἀλλ’

1085 403 1154 431 εἶναι
1181 406 1227 432 τὸν
1254 407 1398 434 σπουδαῖον
1427 406 1579 443 μακάριον,
1606 407 1659 434 κᾶν
1691 407 1705 433 ό
1728 406 1886 444 Φαλάριδος

1084 451 1184 488 ταῦρος
1199 452 1249 489 ἔχῃ
1264 453 1420 489 καιόμενον.

1121 542 1176 568 Καὶ
1204 542 1248 569 διὰ
1280 541 1357 569 τοῦτο
1380 542 1513 578 θαυμάζω
1544 543 1594 578 μὲν
1620 543 1683 576 τοὺς
1713 544 1779 580 παρ’
1808 543 1882 578 ἡμῖν

1086 588 1155 623 ὑπὲρ
1183 587 1230 614 τοῦ
1255 587 1338 614 καλοῦ
1361 588 1605 620 κινδυνεύσαντας,
1631 590 1646 624 ἢ
1667 589 1811 625 συμφορὰν
1841 589 1885 615 δι-

1086 633 1248 667 ενεγκόντας
1265 633 1412 665 νεανικῶς“
1434 633 1567 668 θαυμάζω
1583 634 1611 660 δὲ
1629 634 1674 660 καὶ
1699 635 1753 661 τῶν
1777 634 1884 666 ἔξωθεν

1085 678 1148 710 τοὺς
1176 678 1280 710 τούτοις
1316 679 1549 714 παραπλησίους,
1583 678 1638 706 οἷον
1667 679 1713 706 τὸν
1748 679 1884 715 ’Δνάξαρο

1085 732 1132 759 χον
1154 724 1211 759 (56)
1231 725 1352 756 ἐκεῖνον,
1377 724 1423 751 τὸν
1444 723 1626 759 Ἐπίκτητον,
1649 724 1695 751 τὸν
1717 725 1882 760 Σωκράτην,

1086 770 1129 796 ῖνα
1148 770 1186 806 μὴ
1211 770 1283 804 λέγω
1307 770 1437 803 πολλούς·
1461 768 1498 797 ὧν
1515 771 1529 796 ὁ
1555 770 1605 805 μὲν
1629 772 1658 797 ὲν
1679 771 1753 806 ὅλμῳ
1778 779 1884 797 κοπτο-

1087 817 1176 851 μένων
1199 816 1283 843 αὑτοῦ
1300 816 1354 842 τῶν
1375 816 1493 852 χειρῶν,
1511 816 1582 843 οὕτω
1602 816 1649 843 τοῦ
1675 817 1807 852 τυράννου
1829 825 1883 843 κε-

1085 862 1222 894 λεύοντος,
1241 862 1365 889 πτίσσειν
1388 863 1434 889 τὸν
1462 863 1629 898 Ἀναξάρχου
1650 863 1765 890 ούλακον
1786 863 1881 890 διεκε-

1052 908 1072 937 Β
1086 908 1181 935 λεύετο
1197 910 1252 941 τοῖς
1271 908 1454 944 βασανισταῖς.
1468 909 1500 935 Τί
1513 909 1592 935 τοῦτο
1607 909 1693 944 λέγων
1706 917 1713 942 ;
1729 909 1759 935 τὸ
1772 909 1880 944 μοχθη-

1087 953 1133 989 ρδν
1149 953 1228 989 ἡμῶν
1239 953 1360 989 ,σαρκίον
1374 962 1380 968 ·
1403 953 1441 985 ὡς
1467 954 1632 990 ¹Ἀναξάρχου
1653 963 1684 988 γε
1707 954 1737 980 οὐ
1764 963 1880 981 πτισσο-

1086 1000 1178 1035 μένου,
1195 1000 1245 1034 τῆς
1262 999 1411 1034 φιλοσόφου
1435 999 1540 1035 ψυχῆς-
1570 1000 1639 1036 ὅπερ
1658 1000 1724 1035 ἡμῖν
1739 1001 1754 1026 ὁ
1778 1000 1856 1032 ὲντὺς
1870 1022 1879 1034 ,

1084 1046 1131 1072 καὶ
1151 1047 1165 1072 ὁ
1191 1045 1270 1077 ἐκτὸς
1298 1045 1442 1081 ἄνθρωπος
1458 1046 1515 1081 (57)
1544 1045 1717 1081 ὀνομάζεται,
1746 1047 1775 1072 '0
1797 1047 1826 1073 δὲ
1847 1047 1881 1073 τὸ

1085 1093 1181 1124 σκέλος
1205 1092 1433 1127 κατατεινόμενος
1453 1093 1500 1119 καὶ
1520 1092 1734 1128 στρεϐλούμενος
1750 1092 1805 1128 (58)
1820 1094 1882 1127 ἐφι-

1085 1137 1193 1172 λοσόφει
1208 1137 1302 1174 ὥσπερ
1316 1139 1345 1165 ὲν
1365 1137 1499 1174 ἀλλοτρίῳ
1517 1138 1557 1173 τῷ
1577 1137 1701 1172 σώματισ
1718 1138 1764 1164 καὶ
1779 1137 1880 1164 θᾶττον

1084 1185 1251 1220 κατεαγῆναι
1275 1184 1306 1210 τὸ
1328 1184 1442 1221 σκέλος,
1463 1185 1480 1219 ἢ
1506 1184 1719 1211 ὲπαισθὰνεσθαι
1741 1184 1790 1219 τῆς
1815 1184 1879 1218 βίας

1084 1230 1167 1263 ἔδοξε.
1191 1230 1339 1265 Σωκράτης
1367 1230 1396 1256 δὲ
1416 1230 1462 1256 τὸν
1492 1230 1608 1257 θάνατον
1635 1230 1688 1256 ὑπὸ
1726 1230 1878 1266 Ἀθηναίων

1084 1275 1272 1311 κατακριθεὶς,
1290 1276 1336 1301 καὶ
1355 1275 1449 1307 οἰκῶν,
1464 1275 1502 1306 ὡς
1524 1273 1612 1307 οἶσθα,
1630 1275 1662 1301 τὸ
1678 1275 1877 1310 δεσμωτήριον,

1082 1322 1151 1353 τέως
1168 1321 1228 1356 μὲν,
1245 1322 1282 1353 ὡς
1294 1321 1364 1356 ὑπὲρ
1381 1321 1461 1347 ἄλλου
1481 1320 1671 1355 δεσμωτηρίου
1687 1320 1734 1346 τοῦ
1750 1319 1878 1355 σώματος

1083 1369 1139 1400 τοῖς
1169 1367 1303 1403 μαθηταῖς
1332 1367 1487 1402 διελέγετο,
1515 1367 1563 1394 καὶ
1592 1369 1688 1402 φυγεῖν
1714 1367 1791 1400 ἐξὸν,
1820 1368 1876 1394 ἁπ-

1083 1414 1199 1448 ηξίωσεν
1212 1423 1218 1428 ·
1237 1414 1373 1449 ἐπειδὴδὲ
1387 1413 1558 1449 προσηνέχθη
1577 1413 1607 1440 τὸ
1627 1413 1749 1443 κώνειον.
1768 1413 1876 1448 δέχεται

1084 1460 1157 1495 μάλα
1167 1460 1253 1496 ἡδέως
1269 1460 1336 1495 (59),
1351 1459 1447 1496 ὥσπερ
1466 1460 1516 1486 οὐκ
1530 1460 1577 1486 ἐπὶ
1597 1460 1705 1495 θανάτῳ
1717 1459 1874 1495 δεχόμενος,

1066 1505 1150 1531 ,ἀλλὰ
1165 1506 1324 1541 φιλοτησίας
1338 1506 1717 1542 προπινόμενος.ΠροσέΟηκα
1732 1505 1753 1532 δ’
1768 1504 1801 1532 ἂν
1812 1505 1875 1531 τού-

1082 1559 1140 1583 τοις
1149 1552 1196 1578 καὶ
1211 1551 1272 1578 ’1ὼὸ
1284 1552 1329 1578 τὸν
1338 1552 1483 1588 ἡμέτερον,
1493 1553 1517 1579 εἰ
1533 1553 1569 1587 μή
1581 1561 1610 1579 σε
1619 1553 1693 1588 ᾔδειν
1705 1553 1800 1588 πόρρω
1819 1550 1876 1577 τῶν

1043 1591 1064 1620 C
1083 1597 1139 1632 (40)
1152 1597 1257 1623 ἐκείνου
1269 1598 1373 1630 παθῶν,
1388 1598 1436 1624 καὶ
1444 1598 1509 1624 ὅντα
1526 1599 1574 1625 σὺν
1589 1598 1658 1633 θεῷ,
1675 1598 1720 1624 καὶ
1735 1598 1872 1632 ἐσόμενον.

1059 1642 1117 1671 Deo
1142 1644 1306 1678 opitulante,
1329 1644 1410 1680 longe
1438 1650 1574 1672 remotum
1595 1651 1668 1677 esse,
1683 1647 1766 1678 atque
1790 1642 1873 1670 etiam

1117 1731 1212 1759 Ταῦτά
1224 1740 1271 1768 μοι
1285 1731 1373 1763 δοκεῖς
1392 1731 1553 1767 κατεπᾲδειν
1568 1731 1622 1767 (41)
1640 1732 1764 1766 σεαυτοῦ,
1781 1730 1803 1759 ὦ
1813 1734 1874 1762 οεία

1083 1779 1130 1806 καὶ
1145 1779 1206 1814 ἱερὰ
1228 1778 1343 1814 κεφαλὴ,
1366 1778 1414 1804 καὶ
1439 1778 1511 1805 οὕτω
1534 1779 1647 1806 σεαυτὸν
1665 1779 1806 1814 ἰατρεύων,
1824 1782 1871 1807 αὐ-

1082 1825 1128 1856 τός
1142 1833 1172 1851 τε
1188 1823 1220 1851 ἃν
1242 1825 1314 1859 ῥᾴων
1334 1823 1472 1858 γενέσθαι,
1489 1825 1537 1850 καὶ
1550 1825 1625 1859 ἡμᾶς
1640 1825 1795 1860 εὐφραίνειν
1809 1827 1871 1858 τοὺς

1084 1873 1147 1904 σοὺς
1172 1871 1318 1903 ἐπαινέτας
1343 1871 1390 1898 καὶ
1409 1870 1537 1906 ἐραστὰς,
1554 1871 1628 1898 οὐδὲν
1643 1871 1695 1898 ὑπδ
1719 1872 1768 1908 τῆς
1792 1873 1870 1899 νόσου

1085 1917 1278 1953 καμπτόμενος
1307 1916 1375 1953 (42),
1402 1917 1489 1949 οὐδὲν,
1513 1917 1527 1944 ὃ
1554 1926 1636 1953 φησιν
1652 1918 1666 1944 ὁ
1682 1918 1753 1950 θεῖος
1777 1919 1869 1948 Δαϐὶδ,

1084 1963 1136 1990 ὑπὸ
1156 1963 1207 1998 τῆς
1227 1963 1339 1999 εἰρήνης
1351 1962 1404 1990 τῶν
1417 1963 1598 1999 ἁμαρτωλῶν,
1619 1964 1666 1990 καὶ
1679 1964 1728 2000 τῆς
1743 1965 1812 1992 κατὰ
1825 1965 1870 1991 τὸν

1083 2009 1141 2044 βίον
1156 2009 1248 2036 τοῦτον
1263 2009 1372 2043 εὐροίας
1387 2008 1477 2036 αὐτῶν
1497 2009 1697 2045 ὲγκοπτόμενος
1715 2011 1769 2046 (45)
1781 2019 1787 2025 ·
1802 2011 1870 2038 ἀλλὰ

1083 2056 1130 2082 καὶ
1143 2055 1354 2092 καθαιρόμενος,
1369 2057 1394 2082 εἰ
1406 2055 1484 2091 θέμις
1495 2055 1542 2082 ἐπὶ
1558 2056 1605 2082 σοῦ
1615 2056 1694 2083 τοῦτο
1706 2058 1793 2084 εἰπεῖν
1801 2057 1868 2094 (44),

1082 2103 1129 2129 καὶ
1140 2101 1205 2138 ὕλην
1221 2102 1322 2137 ὰοετῆς
1338 2101 1497 2136 ποιούμενος
1513 2101 1561 2138 τὴν
1576 2101 1729 2130 ἀσθένειαν.

1040 2319 1062 2345 D
1078 2316 1153 2355 μάλα
1161 2316 1268 2355 δέχεται
1285 2316 1598 2355 ἱλαρῶςεηιαπὶῃιαμιηι
1609 2316 1746 2355 hilaritate
1760 2317 1866 2355 accepit.

1113 2353 1167 2388 (40)
1185 2353 1287 2385 nam...
1304 2351 1373 2388 τῷν.
1393 2352 1430 2388 Ita
1449 2353 1510 2388 cod.
1529 2351 1619 2384 Pass,
1637 2353 1710 2387 quod
1728 2354 1867 2388 postulare

1074 2387 1184 2414 videtur
1201 2395 1310 2414 sensus.
1326 2386 1375 2413 Ed.
1393 2387 1422 2413 οὺ
1439 2387 1544 2448 πόρρω,
1558 2393 1611 2414 etc.

1111 2422 1166 2448 (Ml
1181 2421 1282 2448 Δοκεῖι·
1295 2421 1485 2448 κατεπάὸειν.
1510 2427 1536 2448 ta
1548 2422 1610 2448 cod.

1111 2422 1166 2484 (:61)
1181 2421 1282 2455 Δοκεῖς
1295 2421 1485 2455 arata-{deciri
1495 2421 1536 2448 lla
1548 2422 1610 2450 cod.
1623 2421 1690 2458 Reg.
1702 2422 1732 2450 lu
1746 2423 1790 2451 ed.
1803 2431 1866 2450 κατ-

1144 2466 1192 2484 ων.

1074 2466 1086 2483 ε
1091 2466 1192 2485 παοων.

1112 2486 1168 2527 (42)
1188 2492 1284 2519 Οὐδὲν
1300 2492 1361 2520 ὑπὸ
1387 2491 1442 2526 τῆς
1463 2493 1560 2519 νόσου
1589 2492 1806 2527 καμπτόμενος.
1826 2494 1863 2520 lla

1076 2527 1131 2554 duo
1147 2528 1227 2555 codd.
1246 2527 1330 2563 liegg.
1347 2533 1374 2554 ct
1385 2527 1463 2556 Pass.
1484 2527 1513 2555 ln
1531 2528 1597 2555 edit.
1613 2528 1685 2555 οὐδέ.
1708 2527 1824 2555 Montac.
1838 2534 1864 2556 et

1076 2563 1169 2589 Morel.
1186 2564 1408 2598 καμπτομένους.

1111 2598 1167 2633 (45)
1183 2598 1255 2624 Βίον
1271 2597 1379 2625 τοῦτον
1389 2599 1508 2633 εὐροίας
1523 2597 1622 2625 αὐτῶν
1636 2598 1861 2633 ,ἐγ-κοπτόμενος.

1075 2633 1142 2660 Cod.
1160 2633 1225 2668 Reg.
1243 2633 1304 2670 Βίον
1321 2633 1411 2670 αὑτῷν
1425 2634 1534 2670 εὐροίας
1555 2633 1764 2670 εκπτοούμενος,
1779 2633 1863 2660 obstu-

1075 2670 1194 2703 pefactus
1211 2668 1346 2695 concidas.
1364 2668 1425 2696 Mox
1444 2668 1468 2695 in
1482 2668 1543 2696 eod.
1562 2669 1640 2695 Pass.
1655 2668 1702 2696 καί
1718 2669 1804 2696 deest.

1113 2703 1168 2738 (Μ)
1181 2705 1216 2730 El
1230 2703 1313 2738 θέμις
1327 2704 1376 2730 ἐπὶ
1390 2704 1448 2731 σοῦ
1464 2705 1553 2731 τοῦτο
1568 2703 1673 2735 εἰπεῖν,
1687 2704 1710 2730 εἰ
1724 2704 1772 2731 hoc
1791 2703 1863 2731 verba

1076 2740 1117 2766 uti
1133 2740 1176 2772 fas
1197 2744 1256 2769 est;
1279 2739 1305 2765 id
1323 2743 1375 2770 est,
1396 2740 1421 2766 εἰ
1435 2739 1477 2773 fas
1498 2745 1536 2766 est
1563 2740 1611 2766 hoc
1630 2739 1740 2766 dicere:
1763 2739 1861 2774 Exigua

1077 2774 1123 2801 illa
1144 2778 1255 2809 peccata
1281 2782 1341 2808 qua:
1359 2775 1385 2801 in
1402 2779 1428 2801 te
1446 2780 1561 2806 restant,
1586 2774 1778 2801 alllictionihus
1800 2782 1862 2808 pur-

1077 2809 1146 2844 gari,
1167 2816 1199 2835 ac
1214 2817 1268 2835 non
1294 2810 1385 2843 potius
1405 2814 1532 2836 Virtutem
1550 2815 1624 2836 tuam
1651 2810 1860 2842 calamitatibus,

1075 2845 1150 2872 velut
1166 2851 1262 2871 aurum
1279 2844 1351 2880 igne,
1367 2846 1489 2880 purgari.
1504 2844 1565 2873 llwc
1580 2844 1656 2871 Βιιι.
