1923 3053
50 172 88 202 35
475 171 479 175 ’
741 177 793 205 EPl
798 176 854 205 ΒΤ(

927 176 997 205 ΧΗ.
1655 173 1692 204 88

52 233 176 269 Χριστοῦ
203 233 348 270 σώματος,
378 236 495 272 μάλιστα
518 237 546 264 δὲ
572 237 622 273 τῆς
649 237 804 274 ὑμετέρας,
830 238 846 273 ἢ

908 237 1000 269 merit,
1019 237 1074 272 36
1089 236 1200 264 omnino
1214 237 1255 264 vel
1276 236 1392 271 periculi
1406 236 1447 264 vel
1463 235 1559 264 salutis
1577 235 1692 271 partici-

54 281 151 316 μὴτηρ
176 281 269 316 σχεδὸν
283 282 410 310 ἁπάντων
425 283 480 310 τῶν
500 284 667 320 Ἐκκλησιῶν
692 281 726 320 ἦν
748 293 778 310 τε
798 285 846 310 ἀπ’

52 326 145 361 ἀρχῆς
159 347 166 358 ,
188 327 235 353 καὶ
252 327 298 355 νῦν
315 329 390 360 ἐστι,
411 330 458 356 καὶ
483 329 637 365 νομίζεται,
664 330 710 356 καὶ
732 329 799 366 πρὸς
813 330 847 365 ἥν

52 371 85 398 τὸ
111 373 201 399 κοινὸν
219 373 311 408 βλέπει
324 374 391 409 (15),
414 374 452 406 ὡς
465 375 570 410 κέντρῳ
591 375 691 407 κύκλος
714 384 848 411 περιγρα-

54 418 175 452 φόμενος
187 439 194 449 ,
212 419 242 445 οὐ
256 419 335 454 μόνον
350 420 395 446 διὰ
415 420 464 456 τὴν
484 420 638 456 ὀρθοδοξίαν
660 420 763 448 ἄνωθεν
780 422 848 447 πᾶσι

55 464 283 500 κεκηρυγμένην,
309 465 378 492 ἀλλὰ
405 466 451 492 καὶ
476 467 525 502 τὴν
552 467 584 493 ὲκ
612 466 679 493 Θεοῦ
704 467 849 502 δεδομένην

54 511 126 545 αὐτῇ
155 511 297 546 προδήλως
320 512 399 547 χάριν
421 513 471 547 τῆς
494 512 629 548 ὁμονοίας.
661 513 768 548 Ἐπειδὴ
792 513 847 548 (16)

55 555 148 582 τοίνυν
164 556 316 592 κεκλήκατε
335 558 383 593 μὲν
399 559 446 585 καὶ
462 559 537 594 ἡμᾶς
557 560 596 590 εὶς
611 559 660 595 τὴν
679 560 742 595 περὶ
753 559 848 586 τούτου

55 601 202 636 διάσκεψιν
212 623 219 633 .
232 603 372 635 ποιοῦντες
387 604 474 640 ὀρθῶς
488 605 535 631 καὶ
550 605 699 637 κανονικῶς
709 626 716 636 ,
732 605 848 642 κρατού-

59 647 130 682 μεθα
149 647 178 674 δὲ
194 649 267 684 γήρᾳ
280 650 326 676 καὶ
342 650 491 686 ἀρρωστίᾳ,
514 652 538 678 εί
553 652 602 687 μὲν
617 652 664 679 καὶ
678 652 756 679 αὐτοὶ
780 661 850 688 παρ-

58 693 175 729 είημεν,
199 694 247 722 τοῦ
269 696 428 732 Πνεύματος
456 697 659 734 ἐπιρρώσαντος
679 698 773 732 (οὐδὲν
796 699 850 735 γὰρ

58 739 174 767 ἄπιστον
190 742 246 772 τοῖς
262 743 404 777 πιστοῖς),
420 743 498 770 τοῦτο
514 743 552 779 τῷ
569 743 652 770 παντὶ
669 743 848 779 βέλτιονΗἹ),

59 786 106 812 καὶ
125 787 190 822 ἡμῖν
208 787 300 822 ἥδιον,
320 789 363 816 ἵνα
385 790 433 817 καὶ
451 791 515 826 ὑμῖν
538 799 564 817 τι
591 792 849 826 συνεισενέγκωμεν,

58 832 106 859 καὶ
124 833 200 860 αὐτοὶ
217 834 266 869 τῆς
283 834 407 869 εὐλογίας
425 836 603 872 μετάσχωμεν
615 845 621 851 ·
641 838 665 873 εἰ
683 837 711 863 δὲ
730 838 779 873 τῆς
794 837 850 872 (18)

59 876 206 910 ἀσθενείας
227 878 347 915 νικώσης
377 880 590 916 ἀπολειφθείην,
617 881 666 908 ὅσα
692 890 723 916 γε
751 881 851 908 ἀποῦσι

59 922 173 950 δυνατὸν
186 944 193 956 ,
209 925 432 961 συνεισφέρομεν.

899 291 959 319 pem
987 291 1048 310 csse
1076 290 1188 310 necesse
1202 287 1256 310 est.
1274 282 1360 310 Porro
1370 283 1444 310 omni
1466 282 1602 314 Ecclesia,
1632 286 1693 309 tan-

900 336 982 364 quam
997 328 1100 355 Christi
1112 327 1233 363 corpori,
1247 335 1354 355 summa
1371 335 1438 354 cura
1461 331 1485 354 et
1502 326 1690 354 sollicitudine

899 374 1120 410 prospiciendum
1137 378 1189 405 est,
1207 378 1265 400 tum
1295 374 1414 401 maxime
1431 379 1538 405 vestrm,
1556 380 1616 408 quae
1631 380 1692 399 om-

900 421 976 448 nium
1003 420 1059 448 fere
1078 420 1264 448 Ecclesiarum
1289 423 1375 447 mater
1399 425 1425 448 et
1451 419 1602 454 antiquitus
1628 417 1690 450 fuit,

899 472 927 494 et
941 474 1015 494 nunc
1037 471 1090 500 est,
1109 470 1192 502 atque
1207 470 1353 500 censetur,
1375 470 1401 494 et
1418 466 1451 493 ad
1466 474 1548 501 quam
1562 469 1620 493 tota
1636 473 1694 492 res-

900 513 1010 547 publica
1033 512 1192 540 Christiana
1210 513 1307 540 oculos
1330 512 1452 547 coniicit,
1474 511 1547 538 haud
1566 519 1647 539 secus
1661 519 1693 537 ac

900 558 1022 586 circulus
1039 562 1135 586 centro
1149 558 1391 593 circumscriptus,
1410 565 1464 585 non
1484 557 1565 585 modo
1579 561 1693 592 propter

902 604 963 631 ﬁdei
990 604 1175 640 integritatem
1199 605 1255 640 jam
1275 605 1340 632 olim
1358 604 1486 632 omnibus
1504 603 1694 639 prmdicatam,

901 650 948 678 sed
974 650 1056 677 etiam
1076 650 1111 678 ob
1127 651 1281 679 concordiae
1295 651 1421 687 gratiam,
1444 650 1538 677 divino
1555 647 1629 676 haud
1643 648 1695 675 du-

900 696 945 724 bie
961 696 1096 724 benclicio
1124 696 1178 732 ipsi
1202 704 1376 724 concessam.
1405 695 1539 728 Quoniam
1555 694 1640 729 igitur
1660 693 1694 720 ad

901 742 1135 774 deliberationem,
1153 749 1233 777 quam
1247 741 1281 769 de
1303 741 1354 769 hac
1377 749 1405 768 re
1420 741 1539 772 habetis,
1558 747 1610 767 nos
1625 746 1695 774 quo.-

901 796 965 823 que,
982 792 1010 814 ut
1028 795 1078 822 par
1089 791 1159 819 erat,
1179 791 1261 823 atque
1282 786 1470 815 ecclesiastica
1492 786 1586 821 regula
1599 788 1695 820 postu—

902 834 986 868 labat,
1003 833 1141 861 accivistis
1151 853 1158 865 ,
1176 837 1317 862 senectute
1331 838 1422 860 autem
1435 836 1462 860 et.
1480 833 1575 860 morbo
1590 831 1694 859 detine—

902 889 974 913 mur,
990 880 1124 915 siquidem
1153 880 1206 916 ipsi
1229 887 1348 916 quoque,
1370 880 1474 915 Spiritu
1496 883 1593 906 sancto
1622 878 1695 905 vires

867 921 888 949 Β
902 930 1012 954 nostras
1031 925 1205 959 obﬁrmante,
1223 926 1322 954 adesse
1343 933 1476 961 queamus
1499 925 1608 960 (neque
1621 923 1695 951 enim

59 969 210 1005 quidquam
226 971 277 998 tide
290 973 412 1005 praeditis
435 973 598 1001 incredibile
614 973 685 1008 est),
705 973 758 1000 hoc
780 980 846 1000 sane
860 976 887 999 et
905 972 1022 1007 publica:
1042 972 1156 998 utilitati
1175 972 1284 1004 melius,
1302 975 1328 999 ct
1350 971 1432 999 nobis
1456 971 1608 1006 jucundius
1634 969 1695 996 lue.-

59 1016 108 1048 rit,
127 1021 157 1044 ut
183 1021 210 1045 et
225 1017 303 1046 vobis
329 1018 432 1054 aliquid
455 1019 641 1052 conferamus.
667 1024 695 1047 et
717 1019 770 1055 ipsi
800 1018 1001 1046 benedictionis
1027 1018 1173 1054 participes
1203 1017 1364 1046 elliciamur.
1383 1017 1412 1044 Si
1445 1021 1535 1045 autem
1556 1024 1604 1052 per
1632 1024 1696 1044 corr

61 1064 137 1098 poris
166 1064 351 1092 inﬁrmitatem
376 1065 475 1094 adesse
505 1074 560 1094 non
584 1066 703 1099 licuerit,
726 1066 752 1093 id
769 1070 854 1099 certe,
870 1065 943 1100 quod
962 1065 1092 1093 absentes
1110 1069 1238 1100 possunt,
1253 1064 1434 1093 conterimus.

97 1120 232 1155 Πείοομαι
257 1121 305 1156 μὲν
323 1121 378 1157 (19)
394 1122 441 1148 καὶ
459 1122 556 1155 ἄλλους
572 1121 641 1150 εἶναι
665 1124 715 1158 τῆς
730 1132 852 1159 προστα-

62 1167 124 1198 σίας
137 1166 230 1199 ἀξίους
245 1169 308 1204 παρ’
324 1169 388 1204 ὑμῖν
401 1189 408 1201 ,
424 1170 470 1196 καὶ
483 1169 520 1202 ὡς
537 1171 569 1197 ὲκ
589 1171 693 1203 πόλεως
706 1171 851 1206 τοςαύτης,

62 1213 111 1239 καὶ
126 1213 214 1245 οὓτω,
240 1214 286 1240 καὶ
302 1214 354 1240 ὑπὸ
377 1215 505 1242 τοιούτων
524 1216 647 1251 ὴγμένης
660 1217 762 1244 ἄνωθεν
772 1225 778 1232 ·
794 1217 853 1249 ἐνὸς

60 1257 90 1284 δὲ
109 1258 205 1285 οὐδένα
217 1258 334 1294 δύναμαι
348 1260 515 1296 προτιμῆσαι
527 1261 581 1288 τῶν
594 1262 659 1297 παρ’
682 1262 747 1297 ὑμῖν
768 1271 854 1297 τιμω-

64 1303 154 1338 μένων
173 1304 228 1339 (20)
245 1305 292 1332 τοῦ
317 1305 524 1340 θεοφιλεστάτου
544 1307 603 1334 υἱοῦ
620 1307 697 1343 ἡμῶν
714 1307 854 1334 Βασιλείου

63 1350 253 1386 πρεσϐυτέρου
268 1351 355 1386 (λέγω
373 1352 401 1378 δὲ
422 1351 460 1384 ὡς
479 1353 532 1380 ὑπὸ
557 1353 616 1389 Θεῷ
640 1354 792 1390 μάρτυρι),
806 1354 855 1380 ἀν-

62 1395 127 1431 δρὸς
146 1397 193 1423 καὶ
220 1396 269 1432 βίῳ
295 1399 342 1424 καὶ
358 1398 430 1434 λόγῳ
454 1399 680 1434 κεκαθαρμένου,
705 1401 751 1427 καὶ
773 1400 854 1435 μόνον

63 1441 118 1468 τῶν
142 1442 268 1476 πάντων,
284 1443 301 1478 ἦ
320 1444 361 1470 ὅτι
383 1445 518 1480 μάλιστα,
537 1446 596 1472 κατ’
615 1446 759 1481 ἀμφότερα
775 1446 855 1472 δυνα-

66 1487 148 1523 μένου
165 1490 259 1524 στῆναι
275 1489 342 1525 πρὸς
354 1490 400 1516 τὸν
418 1490 464 1517 νῦν
479 1491 572 1527 καιρὸν
587 1491 655 1527 ('21),
667 1492 713 1518 καὶ
728 1491 777 1527 τὴν
790 1500 856 1518 κατ-

64 1534 180 1568 έχουσαν
206 1534 261 1561 τῶν
284 1536 430 1571 αἱρετικῶν
456 1537 655 1571 γλωσσαλγίαν.
691 1537 783 1564 Ταῦτα
809 1537 856 1564 καὶ

65 1581 213 1616 ἱερατικοῖς
227 1582 340 1617 γράφω,
354 1583 400 1609 καὶ
421 1585 593 1618 μοναστικοίς
603 1605 610 1616 ,
628 1585 741 1616 καὶτοῖς
761 1585 793 1611 ἐκ
807 1584 854 1611 τοῦ

939 1121 971 1149 Ει
985 1122 1095 1157 quidem
1111 1122 1179 1150 alios
1195 1129 1304 1158 quoque
1317 1123 1389 1156 apud
1408 1130 1456 1149 vos
1478 1122 1634 1158 principatu
1650 1123 1695 1151 di-

903 1177 972 1205 gnos
990 1176 1052 1196 esse
1071 1168 1197 1200 conﬁdo,
1220 1172 1315 1203 utpote
1331 1168 1358 1195 in
1376 1168 1442 1196 urbe
1455 1169 1635 1203 amplissima,
1656 1175 1698 1197 at-

909 1223 963 1247 que
985 1215 1022 1242 ita
1042 1215 1192 1250 praeclare,
1225 1219 1253 1242 et
1280 1216 1315 1242 ab
1343 1215 1502 1250 hujusmodi
1532 1217 1697 1251 prmsnlibus

905 1261 971 1288 olim
992 1261 1143 1296 gubernata
1165 1269 1172 1286 :
1194 1265 1322 1288 caeterum
1345 1269 1376 1289 ex
1396 1262 1526 1289 omnibus
1547 1263 1593 1297 qui
1623 1263 1696 1298 apud

905 1315 955 1334 vos
978 1307 1005 1334 in
1026 1307 1131 1334 honore
1146 1311 1221 1340 sunt,
1237 1308 1370 1334 neminem
1392 1307 1446 1334 Deo
1463 1307 1642 1336 dilectissimo
1663 1308 1697 1336 ﬁ-

906 1352 944 1380 lio
970 1357 1064 1380 nostro
1090 1352 1192 1380 Basilio
1219 1353 1382 1388 presbytero
1419 1353 1558 1381 anteferre
1585 1362 1696 1389 possum

907 1398 976 1433 (haec
991 1402 1081 1425 autem
1104 1397 1182 1432 quasi
1204 1397 1258 1424 Deo
1285 1402 1354 1425 teste
1374 1397 1466 1433 dico),
1499 1399 1559 1425 viro
1584 1403 1612 1426 et
1642 1399 1699 1426 vita

907 1447 935 1471 et
951 1451 1079 1471 sermone
1093 1447 1220 1478 purgato,
1235 1444 1338 1478 quique
1353 1444 1396 1472 vel
1414 1444 1536 1471 omnium
1553 1445 1638 1475 solus,
1654 1447 1698 1471 vel

908 1493 984 1516 certe
1001 1497 1082 1524 quam
1099 1489 1232 1521 maxime,
1250 1493 1368 1524 utraque
1386 1497 1415 1517 re
1432 1489 1564 1517 adversus
1584 1490 1699 1524 hujusce

907 1535 1038 1570 temporis
1065 1535 1203 1562 turbinem
1225 1542 1258 1561 ac
1279 1534 1412 1569 vigentem
1437 1534 1628 1562 luereticorum
1646 1534 1699 1560 lin-

907 1587 966 1614 guae
985 1579 1139 1615 pruritum,
1174 1580 1250 1607 velut
1278 1580 1305 1607 in
1336 1580 1478 1615 procinctu
1503 1585 1576 1608 stare
1601 1580 1699 1615 possiz.

63 1627 252 1662 ἀξιωματικοῦ
273 1628 319 1655 καὶ
346 1617 519 1664 βουλευτικοῦ
550 1631 708 1666 τάγματος,
737 1632 784 1657 καὶ
807 1630 854 1657 τοῦ

908 1625 970 1653 llazc
983 1625 1060 1653 etiis
1081 1626 1184 1657 scribo,
1210 1625 1256 1660 qui
1280 1625 1427 1653 sacerdotii
1451 1633 1565 1653 munere
1581 1625 1700 1660 fungunr

64 1673 151 1709 δήμου
172 1675 272 1706 παντός
289 1674 355 1709 (22).
375 1675 405 1702 Εἰ
424 1675 474 1710 μὲν
487 1674 533 1703 οὖν
546 1677 624 1703 τοῦτο
640 1677 774 1710 συνδόξειε
788 1697 795 1709 ,
810 1677 857 1704 καὶ

67 1722 82 1753 ἡ
99 1719 190 1755 ψῆφος
215 1720 293 1756 ἡμῶν
308 1722 421 1757 κρατοίη
433 1742 441 1753 ,
456 1722 542 1754 οὕτως
559 1723 642 1757 ὑγιῶς
657 1732 685 1749 τε
708 1723 755 1750 καὶ
770 1723 857 1758 ὀρθῶς

66 1765 182 1800 ἔχουσα,
204 1765 242 1797 ὡς
258 1766 326 1801 μετὰ
344 1766 411 1793 Θεοῦ
436 1767 608 1803 ψηφιζομένη
625 1768 699 1802 (25),
721 1769 768 1795 καὶ
785 1768 856 1804 πάρ-

66 1820 124 1846 ειμι
144 1812 336 1847 πνευματικῶς
361 1814 409 1840 καὶ
435 1813 592 1849 παρέσομαι
608 1835 616 1846 ,
649 1814 750 1849 μᾶλλον
766 1814 795 1840 δὲ
811 1815 857 1841 καὶ

67 1857 237 1892 ὲπιϐἐόληκα
263 1857 312 1894 τὴν
340 1860 419 1893 χεῖρα
444 1859 513 1894 ἤδη,
531 1860 579 1886 καὶ
603 1859 698 1895 θαρῤὦ
714 1859 753 1895 τῷ
773 1860 857 1888 Πνεύ-

69 1912 146 1938 ματι.
170 1903 202 1929 Εἰ
217 1903 246 1930 δὲ
267 1903 332 1930 ἄλλο
347 1913 389 1937 τι,
411 1904 458 1932 καὶ
477 1905 515 1940 μὴ
539 1905 617 1931 τοῦτο
636 1905 769 1938 συνδόξειε
784 1925 791 1937 ,
811 1906 859 1933 καὶ

68 1948 140 1975 κατὰ
161 1949 295 1985 φρατρίας
327 1949 373 1976 καὶ
399 1951 559 1984 συγγενείας
591 1951 625 1977 τὰ
655 1951 769 1978 τοιαῦτα
800 1951 858 1987 κρί-

67 2003 154 2027 νοιτο,
174 1995 221 2021 καὶ
240 1996 257 2030 ἡ
272 1994 390 2030 ὀχλώᾶης
407 1996 463 2031 (21)
483 1996 544 2032 χεὶρ
564 1997 645 2023 πάλιν
660 1997 813 2032 παρασύροι
827 1997 858 2023 τὸ

68 2034 361 2076 ἀκριϐὲςξπράττοιτε
381 2041 442 2068 καθ’
467 2042 538 2078 ὑμᾶς
559 2042 657 2075 αὐτοὺς
681 2042 711 2069 τὸ
730 2042 856 2078 ἀρέσκον,

68 2087 150 2122 ἡμεῖς
166 2086 195 2113 δὲ
212 2087 448 2123 συσταλησὸμεοα.

907 1675 962 1703 tur,
987 1675 1014 1698 ct
1041 1671 1193 1702 monachis.
1230 1675 1259 1698 et
1290 1671 1324 1699 iis
1352 1671 1399 1707 qui
1418 1671 1567 1706 dignitates
1584 1674 1696 1706 gerunt,

906 1720 933 1744 et
952 1717 1082 1744 senatorii
1101 1717 1207 1744 ordinis
1237 1722 1322 1749 sunt,
1345 1724 1378 1744 ac
1403 1716 1524 1751 denique
1538 1717 1611 1752 plebi
1639 1718 1700 1744 uni-

906 1770 1003 1791 versae.
1027 1763 1054 1789 Si
1074 1763 1159 1798 igitur
1180 1763 1245 1791 huic
1271 1763 1415 1791 sententia:
1442 1771 1588 1790 assensum
1605 1762 1700 1795 fuerit,

907 1808 1125 1844 sutl‘ragiumque
1148 1813 1273 1837 nostrum
1294 1809 1363 1837 adeo
1385 1817 1484 1837 sanum
1500 1813 1528 1837 et
1551 1809 1700 1844 integrum.

907 1863 1016 1890 unaque
1044 1863 1107 1883 cum
1129 1855 1185 1883 Deo
1209 1856 1314 1888 latum,
1332 1856 1452 1889 vicerit;
1469 1859 1496 1883 et
1522 1856 1702 1891 spiritualiter

907 1901 1004 1928 adsum
1018 1905 1046 1929 et
1070 1901 1165 1934 adero,
1182 1902 1237 1930 imo
1251 1905 1278 1930 et
1291 1902 1347 1936 jam
1363 1909 1475 1929 manum
1494 1901 1588 1937 inieci,
1613 1900 1701 1936 Spiri-

907 1953 1006 1982 tusque
1031 1947 1131 1976 ﬁducia
1156 1949 1239 1976 nitor.
1270 1947 1320 1975 Sin
1345 1951 1437 1975 autem
1460 1947 1534 1975 aliud
1558 1947 1701 1982 quidpiam

908 1993 999 2028 potius
1016 2001 1098 2029 quam
1125 1994 1176 2022 hoc
1195 1995 1313 2029 placeat,
1341 1998 1369 2022 et
1397 2002 1446 2029 per
1466 1993 1594 2022 sodalitia
1611 1997 1638 2020 et
1654 2001 1702 2020 co.

909 2040 1052 2074 gnationes
1073 2040 1231 2075 huiusmodi
1250 2048 1296 2069 res
1317 2040 1520 2075 expendantur,
1537 2047 1569 2067 ac
1596 2040 1700 2075 promi-

910 2092 976 2112 scua
991 2086 1071 2114 turba
1085 2086 1181 2122 iudicii
1192 2087 1379 2114 sinceritatem
1394 2094 1504 2114 rursum
1521 2087 1701 2118 convulscrit,

910 2135 937 2159 et
952 2131 1123 2164 distraxerit,
1137 2141 1263 2161 seorsum
1278 2140 1345 2161 sane
1359 2132 1385 2160 id
1394 2132 1468 2168 quod
1485 2133 1574 2168 placet
1603 2133 1700 2164 facile,

912 2187 963 2206 nos
977 2183 1068 2207 autem
1084 2180 1155 2206 intra
1168 2180 1354 2215 nosmetipsos
1367 2179 1538 2215 colligemus.

106 2267 162 2302 (15)
183 2267 260 2309 Πρᾲς
280 2267 373 2309 ἥτ’.τρ
390 2266 501 2309 four-or
515 2266 644 2309 βλέψειε.
659 2266 721 2309 Haec
746 2274 799 2294 non
826 2267 854 2309 de

949 2267 1015 2309 (120)Δ
1028 2267 1208 2309 Ἰχμωμέτωῃ
1227 2267 1294 2309 (ξος.
1318 2267 1426 2309 τιμίων.
1448 2267 1533 2309 Paulo
1545 2271 1616 2302 post,
1631 2267 1703 2295 idem

70 2307 127 2330 tota
144 2303 283 2337 republica
307 2302 463 2330 Christiana
479 2307 542 2330 sunt
561 2302 746 2337 intelligenda,
760 2310 809 2329 seu
826 2302 860 2329 de

71 2339 210 2371 universa,
228 2346 309 2373 quam
334 2339 387 2365 late
403 2341 487 2373 patet,
503 2337 637 2369 Ecclesia,
662 2338 709 2373 sed
725 2337 758 2364 de
770 2338 860 2364 Carsu-

71 2374 165 2406 riensi,
183 2372 243 2408 quae
269 2372 471 2400 omnium'fere
487 2377 573 2400 mater
597 2376 657 2400 erat
680 2372 860 2407 Cappadociae

72 2408 270 2440 Ecclesiarum,
286 2416 403 2443 quarum
418 2408 542 2443 profecto
558 2408 706 2442 plurimum
718 2409 858 2439 intererat,

71 2448 101 2471 ut
131 2444 158 2470 in
184 2443 249 2472 sede
270 2443 432 2471 Casarieusi
451 2443 568 2470 eximius
593 2447 687 2477 pastor
712 2443 860 2470 constitue-

70 2483 157 2507 retur.

105 2514 163 2549 (16)
189 2514 316 2547 Ἐπειδή.
331 2513 370 2541 lta
389 2514 450 2541 cod.
469 2513 535 2547 Reg.
550 2512 578 2539 In
591 2512 638 2549 ed.
655 2513 726 2549 ἐπεί.

105 2547 163 2584 (17)
181 2550 270 2576 Τυῦτο
281 2549 322 2582 τῷ
333 2549 421 2575 παντὶ
434 2548 569 2580 βέλτιον.
581 2547 709 2584 rQombel'.
727 2547 766 2582 τῷ
780 2547 859 2574 παντί

71 2582 123 2613 vim
140 2582 263 2612 adverbii
286 2585 381 2611 tribuit
397 2585 552 2617 vertitque,
576 2582 604 2609 id
625 2584 730 2609 omnino
754 2583 857 2610 melius.

105 2619 163 2655 (18)
180 2619 402 2655 Μετάσχωμεν’
419 2620 444 2645 εὶ
457 2618 491 2645 δὲ
507 2617 571 2655 τῆς,
598 2617 637 2655 lta
658 2618 718 2655 cod.
746 2617 812 2654 Reg.
833 2623 860 2646 ct

71 2652 194 2683 Coinhef.
208 2655 237 2682 ln
255 2652 302 2682 ed'.‘
317 2652 489 2690 μετέβημεν-⁸
511 2654 535 2679 εἰ
548 2652 624 2690 δε-τὰ
639 2654 700 2690 τῆς.

105 2691 161 2725 (l9)
177 2687 400 2724 ιιείθομαίμένίξ
416 2688 453 2725 lta
471 2687 698 2725 Requllcrvqln
714 2688 792 2725 edit.‘
801 2689 859 2714 πεί-

179 2723 359 2786 Ρθέιὶοίιηΐτιι,
372 2725 420 2752 καὶ
431 2724 470 2756 ὡς
482 2725 514 2750 ὲκ
530 2723 639 2754 πόλεως.
654 2723 693 2751 lta
704 2724 766 2751 cod.
779 2723 859 2752 Deest

72 2769 99 2786 In
115 2771 129 2786 ι
151 2780 159 2786 ο
177 2769 213 2786 κα
228 2780 234 2786 .

72 2761 99 2788 in
115 2761 159 2788 ed.
177 2761 234 2788 καί.

911 2302 1018 2338 (νοιιηεῐ
1037 2302 1160 2329 Combef.
1176 2303 1315 2329 Βασιλείου
1334 2302 1380 2329 τοῦ
1394 2303 1594 2338 νπρεσὸυτέρου.

947 2336 1002 2372 (21)
1020 2338 1098 2372 Πρὸς
1112 2338 1165 2364 τὸν
1182 2338 1240 2364 νῦν
1259 2339 1374 2372 καιρόν.
1391 2336 1464 2368 ΒίῙΙ.,
1489 2336 1614 2365 aduersus
1638 2342 1703 2365 lem-

911 2373 982 2406 pon's
1000 2373 1141 2403 turbinem,
1163 2373 1235 2407 quod
1257 2381 1310 2400 non
1329 2373 1417 2400 reddit
1432 2373 1477 2400 τὸν
1490 2373 1548 2403 νῦν.
1567 2381 1617 2400 uec
1632 2381 1702 2407 pra:—

912 2412 1018 2443 sentem
1049 2408 1118 2435 satis
1144 2408 1247 2435 indicat
1276 2409 1512 2443 persecutionem;
1539 2412 1603 2435 tunc
1628 2410 1702 2436 enim

914 2442 1013 2470 Valens
1031 2443 1194 2470 Arianorum
1215 2442 1308 2470 favore
1328 2443 1461 2471 adversus
1478 2443 1636 2471 Catholicos
1652 2445 1701 2472 de-

913 2478 1108 2505 bacchabatur.

947 2512 1002 2548 (2‘2)
1017 2513 1072 2539 Καὶ
1079 2513 1136 2549 τοῦ
1152 2512 1249 2547 δήμου
1264 2513 1385 2546 παντός.
1401 2511 1516 2540 Rectius
1527 2512 1598 2542 forte
1615 2515 1700 2549 legen-

912 2548 976 2575 dum
995 2549 1042 2574 καὶ
1056 2548 1095 2583 τῷ
1107 2548 1186 2583 δήμῳ
1202 2549 1293 2574 παντί.

935 2583 1004 2644 ίςῧ)
1028 2575 1224 2618 Ψηέςιζόλιένη.
1240 2584 1279 2610 Ita
1295 2582 1439 2618 legendum
1451 2583 1567 2612 videtur.
1584 2583 1634 2611 Ed.
1649 2583 1699 2619 ψη-

944 2627 1036 2644 κομεν.

921 2627 1036 2650 ριςομεν.

912 2627 1076 2689 Ῡιῖέἵῗνίίαὶ
1090 2653 1109 2686 ἠ
1120 2654 1265 2688 ὀχλώδης.
1282 2652 1320 2680 lta
1336 2652 1397 2680 cod.
1411 2653 1477 2689 Reg.
1493 2659 1519 2681 et
1531 2653 1654 2681 Combef.
1664 2663 1670 2680 :
1681 2654 1699 2689 ὴ

912 2688 989 2715 deest
1005 2689 1031 2715 in
1058 2689 1124 2717 edit.
1147 2689 1206 2717 Mox
1224 2689 1283 2715 καθ’
1301 2689 1382 2724 ὑμᾶς.
1399 2688 1506 2724 ,δὶσίώ
1527 2689 1588 2717 cod.
1609 2689 1638 2719 lu
1654 2688 1704 2722 ch,

914 2724 973 2750 καθ’
991 2725 1065 2750 ἡμᾶς

914 2725 973 2750 καθ’
991 2725 1065 2759 ἡμᾶς
