1923 3053
235 130 286 158 105

837 130 865 157 5.
883 127 1049 156 GREGORII
1071 127 1243 155 TllEOLOGl

1814 125 1864 151 104

234 194 333 220 quens,
348 192 419 212 nunc
435 185 590 220 postulans,
603 192 676 211 nunc
692 185 781 212 minas
792 186 937 217 adhibens,
949 193 1023 212 nunc

1089 185 1188 217 ιιάσας,
1203 184 1320 215 κύκλους
1334 183 1422 218 ἑαυτῷ
1436 182 1663 218 περιγράψαςω),
1675 181 1713 213 ὠς
1727 181 1785 208 δέον
1798 183 1865 217 πρὸς

234 232 425 267 cxpostulans,
441 239 514 259 nunc
531 233 699 267 vituperans,
714 239 788 258 nunc
805 232 932 262 laudans.
944 231 1026 259 orbes

234 278 288 306 sibi
302 278 548 309 circutnscribens,
569 282 699 312 tanquam
717 277 775 312 ipse
792 278 870 305 solus
890 277 973 305 nobis
992 278 1027 305 ob

235 325 332 352 oculos
348 324 544 359 proponendus
559 329 645 357 esset,
658 332 784 359 novaque
799 325 970 359 metropolis,
984 328 1028 351 ut-

236 375 299 406 pote
319 371 408 406 major
430 379 461 397 ac
482 372 677 406 praestantior:
692 371 774 404 Quid,
791 371 915 406 inquam,
930 371 1028 398 civita-

237 420 293 444 tem
319 421 441 444 nostram
465 417 688 450 circumscrihis,
715 424 778 444 cum
799 417 852 452 ipsi
877 416 1028 444 Ecclesiam

236 469 347 497 quoque
369 461 520 494 faciamus,
544 465 638 496 utpote
653 462 840 490 Ecclesiarum
859 470 954 489 revera
971 470 1030 489 ma-

237 511 307 534 trem
336 512 363 535 et
390 507 500 542 quidem
528 508 706 542 antiquitus?
733 507 774 534 Ad
801 513 954 535 extremum
983 508 1030 535 ille

238 553 348 580 infectis
366 554 448 581 rebus
465 553 608 585 abscessit,
618 555 734 581 multum
752 554 894 587 anhelans,
907 562 940 581 ac
956 554 1032 582 Basi—

239 599 348 626 lismum
373 600 453 626 nobis
471 601 548 634 quasi
564 599 774 635 Philippismum
791 601 937 635 quemdam
960 601 1032 636 obji-

238 645 325 672 cieus.
343 645 414 672 Num
433 646 478 673 hic
495 647 544 673 tibi
565 647 658 681 injurii
672 655 734 674 esse
749 647 893 674 videmur?
909 647 1030 681 Minime,

239 696 269 719 ut
291 692 400 726 opinor.
423 691 483 719 Jam
497 700 616 727 quonam
642 693 724 720 etiam
748 697 829 728 pacto
852 698 948 721 nostra
973 694 1030 726 illa,

239 737 293 764 hoc
308 741 368 770 est,
394 737 513 765 hominis
532 738 677 765 insolentis
692 742 720 765 et
743 739 953 771 contumeliosi,
975 739 1034 774 epi-

239 785 309 811 stola
325 792 355 811 se
375 785 514 816 habuerit,
531 785 665 819 expende.
681 784 846 820 Synodaletn
861 785 1032 813 vocationem

240 832 273 858 ad
287 839 336 858 nos
347 831 493 858 cuderunt.
510 831 551 858 Me
569 839 632 858 vero
653 835 750 858 contra
775 836 914 867 pugnante
936 836 1034 859 contu-

1078 231 1158 257 αὐτὸν
1174 231 1253 266 μόνον
1278 231 1344 265 όρᾷν
1364 230 1447 264 ἡμᾶς,
1468 230 1516 256 καὶ
1543 229 1591 264 τὴν
1613 235 1676 255 νεαν
1702 228 1866 264 μητρόπολιν

1080 276 1190 312 μείζονα
1203 275 1284 303 οὖσαν
1300 277 1336 311 t7)
1348 285 1355 292 ·
1369 276 1402 302 Τί
1415 276 1605 311 περιγράφεις,
1617 275 1696 309 ἔφην,
1710 274 1759 310 τὴν
1769 275 1867 310 ἡμετέ-

1079 331 1129 358 ραν
1146 323 1222 349 πόλιν
1230 323 1278 357 (8),
1292 321 1371 357 ἡμῶν
1385 322 1551 357 ποιουμένων
1562 321 1610 348 καὶ
1624 321 1672 356 τὴν
1693 321 1865 356 Ἐκκλησίαν,

1078 369 1115 400 ὡς
1139 369 1222 400 ὅντως
1249 368 1417 403 Ἐκκληςιῶν
1438 367 1544 404 μητέρα
1570 367 1618 394 καὶ
1641 367 1761 399 ἄνωθεν;
1775 367 1867 400 Τέλος,

1079 415 1200 450 ἀπῆλθεν
1224 414 1372 450 ἄπρακτος,
1391 414 1475 440 πολλὰ
1497 413 1691 449 περιπνεύσας,
1714 413 1761 440 καὶ
1785 413 1868 440 Βασι-

1079 461 1175 496 λισμὸν
1201 461 1278 495 ἡμῖν,
1305 461 1342 492 ὡς
1362 460 1545 495 Φιλιππισμὸν
1560 460 1609 494 (9),
1634 459 1794 493 ἐγκαλέσας.
1822 459 1869 494 Μὴ

1080 507 1160 533 τοῦτο
1186 507 1288 533 ἀδικεῖν
1305 515 1345 532 σοι
1368 506 1515 542 δοκοῦμεν;
1542 507 1599 532 Οὐκ
1619 503 1705 541 οἶμαι.
1724 507 1822 532 Σκόπει
1839 506 1869 532 δὲ

1081 552 1128 580 καὶ
1143 552 1174 578 τὸ
1201 553 1251 588 τῆς
1269 552 1424 586 ἐπιστολῆς,
1442 553 1515 584 ὅπως
1532 552 1594 587 ἔσχε
1619 552 1692 588 παρὰ
1717 553 1771 579 τῶν
1793 552 1870 587 ὑϐρι-

1083 597 1152 624 στῶν
1174 598 1261 633 ἡμῶν.
1281 598 1384 633 Κλῆσιν
1410 598 1550 634 συνοδικὴν
1574 599 1718 624 ἐτύπωσαν
1733 597 1868 633 (10)πρὺς

1082 644 1165 679 ἡμᾶς.
1191 643 1273 678 Ἐμοῦ
1294 643 1322 669 δὲ
1339 644 1534 677 ἀντιλέγοντος,
1556 645 1602 670 καὶ
1617 643 1695 678 ὕϐριν
1711 643 1742 670 τὸ
1754 645 1869 678 πρᾶγμα

1083 691 1244 725 φάσκοντος,
1258 690 1325 717 ἀλλὰ
1343 690 1373 717 τό
1387 699 1419 724 γε
1434 691 1558 725 δεύτερον
1572 690 1674 725 ἠξίουν,
1690 690 1724 716 δι’
1738 690 1804 725 ἐμοῦ
1818 699 1871 716 πα-

1085 736 1252 772 ρακληθῆναι
1274 738 1346 772 ὑμᾶς
1362 738 1426 772 περὶ
1447 737 1549 764 τούτων
1563 737 1787 772 βουλευσομένους
1801 737 1867 771 (Η).

1083 782 1168 808 Τοῦτο
1184 783 1313 817 ὑπέστην,
1330 784 1373 809 ἵνα
1391 782 1428 818 μὴ
1447 783 1478 809 τὺ
1492 783 1622 820 πρότερον
1635 783 1758 818 γένηται,
1772 783 1802 808 τὸ
1815 783 1871 808 πᾶν

1084 828 1126 861 ἐφ’
1140 828 1204 863 ὑμῖν
1215 828 1385 863 ποιούμενος,
1402 830 1426 854 εἰ
1443 828 1568 863 βούλεσθε
1584 829 1745 862 συναγαγεῖν
1760 828 1869 858 αὐτοὺς,

241 876 406 910 meliamque
423 876 503 902 nobis
526 876 583 902 fieri
607 876 810 908 contendente,
826 877 947 904 secundo
972 877 1033 904 loco

1089 874 1130 900 καὶ
1143 874 1220 909 ὃῇου,
1237 874 1282 900 καὶ
1301 875 1418 910 πηνίκα·
1435 875 1503 909 ὅπερ
1519 874 1651 909 τιμῶντος
1671 872 1714 910 ἦν,
1728 874 1776 909 οὐχ
1795 874 1871 908 x3696-

241 922 426 956 postularunt.
441 925 470 948 ut
481 921 592 949 hortatu
608 929 668 949 meo
685 926 712 949 et
730 926 827 957 rogatu
844 922 878 949 de
893 922 936 949 his
951 922 1033 950 rebus

241 967 470 994 ronsultationetn
494 967 642 995 haberetis.
668 967 696 994 ld
711 975 779 1002 ego,
798 975 849 999 ne,
864 967 936 1002 quod
956 968 1033 1002 prius

242 1013 443 1045 moliebantur,
475 1013 568 1046 fieret,
594 1022 636 1040 me
669 1014 758 1048 recepi
789 1013 942 1045 facturum,
974 1020 1032 1040 rem

241 1066 351 1086 omnem
366 1059 474 1086 arbitrii
501 1059 584 1086 vestri
601 1059 717 1091 faciens,
735 1067 769 1086 an
785 1067 834 1086 eos
853 1058 908 1094 4,6
919 1067 1035 1091 congre-

241 1113 307 1140 gare
322 1105 411 1133 velitis
422 1125 429 1137 .
447 1110 474 1133 et
490 1106 552 1138 ubi,
568 1111 596 1133 et
612 1106 721 1141 quando
741 1114 747 1131 :
766 1105 840 1140 quod
858 1105 970 1140 quidem
985 1105 1035 1132 ho-

241 1152 324 1179 minis
347 1156 406 1179 crat
417 1173 424 1185 ,
449 1160 502 1180 non
518 1153 686 1180 contumelia
698 1173 706 1185 ,
722 1153 770 1180 scd
794 1153 898 1180 honore
912 1160 962 1180 vos
978 1152 1036 1179 alli-

241 1199 351 1226 cientis.
380 1198 515 1232 Quoniam
540 1203 632 1226 autem
659 1207 694 1226 ne
723 1199 768 1226 hic
791 1199 903 1234 quidem
927 1199 1036 1234 injuria:

241 1246 391 1281 quidquam
412 1245 459 1273 tibi
476 1254 491 1272 a
510 1254 552 1273 me
569 1252 658 1274 ortum
676 1250 729 1278 est,
747 1246 818 1281 quod
836 1245 970 1280 reliquum
982 1249 1035 1279 est,

242 1299 439 1320 commemora.
453 1291 531 1324 Quod
543 1292 565 1320 si
582 1292 609 1320 id
627 1300 676 1320 vos
689 1300 721 1319 ex
738 1300 780 1320 me
795 1292 903 1319 discere
916 1294 1034 1327 oportet,

241 1337 330 1372 ipsam
355 1338 479 1364 Authimi
505 1339 649 1373 epistolam
672 1337 751 1365 vobis
770 1338 917 1373 perlegam,
939 1344 1034 1372 quam,

242 1391 304 1411 cum
323 1384 438 1419 paludes
459 1385 540 1412 nobis
566 1385 774 1419 prohibentibus
796 1389 823 1411 et
840 1383 1037 1411 comminanti-

243 1430 295 1457 bus
311 1430 474 1461 invasisset,
491 1431 524 1457 ad
547 1438 599 1458 nos
621 1431 707 1461 misit,
730 1430 904 1457 contumeliis
927 1434 954 1456 et
971 1437 1036 1464 pro-

243 1475 302 1502 bris
312 1483 361 1502 nos
372 1475 565 1507 conscindens,
581 1483 612 1502 ac
622 1476 696 1502 velut
709 1475 877 1510 triumphum
890 1476 1035 1510 quemdam

243 1519 375 1547 adversus
393 1528 443 1547 nos
454 1541 461 1551 ,
478 1524 507 1546 ut
526 1520 629 1552 victos,
647 1528 760 1548 canens.
777 1520 865 1553 Quam
882 1525 972 1548 autem
989 1529 1035 1548 ra-

1085 920 1186 952 ζοντος.
1211 920 1318 955 Ἐπειδὴ
1343 920 1372 947 δὲ
1395 921 1455 947 οὐδὲ
1479 920 1558 947 τοῦτο
1583 920 1737 955 ἀδικοῦμεν,
1756 919 1815 946 εἰπὲ
1839 920 1872 946 τὸ

1084 966 1254 1002 λειπόμενον.
1284 967 1315 992 Εἰ
1345 967 1410 1002 παρ’
1432 967 1498 1002 ἐμοῦ
1521 967 1576 1002 (1‘2)
1605 967 1683 993 τοῦτο
1706 967 1747 993 δεῖ
1776 967 1872 1002 μαθεῖν

1085 1013 1168 1048 ὑμᾶς,
1185 1013 1269 1048 αὐτὴν
1292 1013 1356 1048 ὑμῖν
1377 1013 1569 1048 ἀναγνώσομαι
1589 1013 1637 1048 τὴν
1662 1013 1786 1047 ’Λνθίμου
1809 1012 1872 1039 ἐπι-

1087 1059 1192 1094 στολὴν,
1209 1060 1251 1094 ἣν,
1269 1060 1314 1086 ὅτε
1335 1060 1452 1095 κατέσχε
1467 1060 1572 1095 λίμνας,
1593 1059 1671 1095 ἡμῶν
1688 1059 1873 1095 ἀπαγορευόν-

1084 1114 1138 1132 των
1167 1106 1214 1132 καὶ
1233 1105 1429 1139 ἀπειλούντων,
1454 1106 1603 1132 ἐπέσταλκε
1630 1107 1699 1141 πρὸς
1718 1107 1799 1141 ἡμᾶς,
1824 1107 1874 1132 καὶ

1086 1151 1213 1187 ὑϐρίζων,
1237 1152 1284 1178 καὶ
1306 1152 1452 1184 ὀνειδίζων,
1480 1152 1527 1178 καὶ
1546 1151 1640 1187 ὥσπερ
1662 1151 1792 1177 ἐπινίκιόν
1812 1159 1874 1177 τινα

1086 1198 1146 1224 καθ’
1160 1198 1237 1233 ἡμῶν
1254 1198 1324 1234 ᾄδων
1335 1198 1372 1229 ὠς
1385 1199 1553 1234 ἡττημένων.
1574 1198 1630 1224 Καὶ
1641 1198 1700 1224 τίνα
1714 1197 1768 1233 ἔχει
1783 1197 1873 1231 λόγον,

1086 1244 1182 1278 ἐκείνῳ
1212 1244 1261 1278 μὲν
1282 1244 1462 1279 προσκρούειν
1485 1244 1518 1270 δι’
1532 1245 1613 1279 ὑμᾶς,
1633 1244 1697 1279 ὑμῖν
1721 1244 1749 1270 δὲ
1771 1243 1876 1278 ἀπαρέ-

1087 1297 1172 1321 σκειν,
1190 1289 1227 1320 ὡς
1246 1289 1342 1324 ἐκείνῳ
1356 1289 1570 1325 χαριζομένους;
1594 1290 1688 1316 Ταῦτα
1699 1289 1727 1315 δὲ
1740 1289 1792 1316 ἔδει
1809 1289 1876 1325 πρό-

1085 1343 1164 1370 τερον
1181 1335 1286 1370 μαοεῐν,
1304 1332 1326 1362 ὧ
1347 1335 1491 1370 θαυμάσιε,
1512 1336 1559 1362 καὶ
1574 1335 1641 1371 μηδὲ
1663 1336 1723 1362 τότε
1742 1335 1874 1370 ὑϐρίζειν,

1086 1382 1110 1407 εἰ
1123 1382 1159 1416 μή
1176 1390 1201 1407 τι
1218 1381 1291 1413 ἄλλο,
1307 1382 1344 1413 ὡς
1361 1381 1573 1418 πρεσϐυτέρους.
1589 1378 1731 1421 Εὶ“δὲ.λίαν
1743 1381 1797 1416 (l5)
1813 1382 1861 1409 ἐπ.

1086 1427 1228 1459 δεικτικῶς
1254 1427 1326 1463 ἔχεις
1348 1429 1394 1454 uati.
1415 1428 1572 1464 φιλοτίμως,
1599 1429 1646 1455 καὶ
1664 1428 1694 1460 ἐξ
1711 1426 1878 1463 ὑπερδεξιῶν

1085 1474 1152 1509 ἡμῖν
1173 1474 1293 1510 διαλέγῃ,
1324 1474 1362 1505 ὼς
1390 1475 1590 1511 μητροπολίτης
1618 1473 1831 1510 μικροπολίταις,
1857 1473 1876 1508 ἢ

1086 1521 1134 1547 καὶ
1152 1520 1276 1547 ἁπόλισιν
1301 1521 1368 1557 (14),
1385 1522 1443 1548 ἐστι
1463 1522 1510 1548 καὶ
1524 1522 1589 1557 ἡμῖν
1607 1521 1691 1556 ὀφρῦς
1713 1520 1746 1555 ἣν
1768 1519 1880 1551 ἀνθέξο-

243 1564 345 1591 tionem
363 1565 463 1594 habet.
478 1568 508 1592 ut
524 1572 587 1592 cum
603 1569 649 1592 tua
668 1572 752 1593 causa
768 1565 796 1592 in
814 1566 887 1593 illius
905 1565 1033 1593 offensio-

1089 1575 1138 1602 μεν
1153 1566 1220 1602 (l5).
1247 1567 1359 1602 Ῥᾷστον
1378 1567 1432 1603 γὰρ
1445 1567 1525 1594 τοῦτο
1543 1566 1635 1600 παντὶ,
1650 1567 1696 1593 καὶ
1720 1566 1785 1597 ἴσως
1799 1564 1879 1591 εὐλο-

245 1617 306 1637 nem
322 1610 512 1641 iucurramus,
535 1610 584 1637 tibi
613 1618 711 1638 rursus
731 1610 937 1646 displiceamus,
962 1611 1036 1638 velut
1089 1612 1219 1648 γώτερον.

244 1655 283 1683 illi
303 1656 444 1684 faventes?
465 1656 528 1684 llazc
554 1665 635 1692 porro
660 1658 770 1692 cognita
796 1658 844 1685 tibi
870 1658 948 1693 prius
971 1666 1034 1687 esse
1053 1660 1191 1695 oportuit,
1209 1660 1251 1688 vir
1265 1660 1426 1688 admirande
1444 1670 1450 1688 :
1470 1668 1501 1688 ac
1518 1668 1554 1688 ne
1579 1664 1637 1687 tum
1673 1658 1782 1694 quidem
1811 1660 1881 1685 con:

244 1703 358 1730 tumelia
378 1711 429 1730 nos
443 1702 567 1734 allicere,
584 1703 608 1730 si
631 1704 700 1730 nihil
736 1703 825 1735 aliud.
862 1709 938 1732 certe
973 1708 1004 1732 ut
1035 1707 1223 1742 presbyteros.
1257 1707 1336 1740 Quod
1349 1708 1371 1734 si
1397 1707 1592 1734 ostentationis
1616 1706 1764 1741 gloriaeque
1789 1704 1881 1732 nimio

245 1749 338 1776 studio
350 1749 465 1781 teneris,
485 1754 565 1784 atque
599 1758 614 1778 e
632 1752 691 1778 loco
724 1752 863 1787 superiori
895 1761 946 1780 nos
980 1753 1142 1789 alloqueris,
1166 1755 1241 1782 velut
1263 1756 1489 1790 metropolitanus
1510 1762 1601 1790 parvae
1620 1755 1742 1782 civitatis
1758 1753 1880 1784 incolas,

245 1798 287 1825 vel
302 1798 382 1824 etiam
398 1799 542 1831 ruricolas,
562 1800 641 1827 nobis
659 1808 768 1836 quoque
786 1802 965 1836 supercilium
980 1806 1033 1835 est,
1055 1804 1127 1838 quod
1146 1811 1328 1840 opponamus.
1347 1804 1404 1832 Hoc
1422 1805 1494 1833 enim
1511 1803 1601 1833 cuivis
1632 1804 1791 1832 facillimum
1818 1804 1876 1833 est.

246 1850 278 1870 ac
295 1843 413 1872 fortasse
428 1846 546 1880 aquius.

282 1965 318 2000 (6)
345 1965 483 1999 Κύκλους
503 1966 598 1999 ἐαυτῷ
629 1966 826 2001 περιγράψας.
850 1966 959 1994 Limite;
984 1967 1036 1994 sibi

246 2006 375 2031 statuens,
391 2009 441 2028 ceu
457 2009 534 2029 novae
547 2003 739 2037 metropoleos,
754 2004 824 2029 intra
835 2010 905 2036 quos
919 2002 1036 2029 Nazian-

248 2037 448 2072 zumﬂcogebat,
465 2045 497 2064 ac
513 2037 686 2072 potissimum
704 2037 821 2064 Sasima.
843 2038 904 2064 Bill.
921 2037 1010 2064 reddit
1027 2047 1034 2065 :

255 2070 340 2096 Variis
357 2071 465 2106 (furtique
482 2070 610 2098 orationis
628 2073 744 2104 circulis,
769 2073 884 2106 strophis
896 2077 921 2100 et
943 2073 1036 2099 amba-

248 2106 323 2142 gjbus
340 2111 429 2136 utens;
450 2114 546 2142 nempe
561 2113 590 2134 ut
606 2108 639 2133 ad
658 2115 754 2134 novatn
772 2116 848 2135 suam
863 2108 1035 2142 metropolim

249 2140 370 2175 Gregorii
388 2140 681 2169 animum-imluceret.
701 2142 759 2169 Non
776 2143 911 2177 acquievit
933 2140 1036 2177 Grego-

251 2176 318 2207 rius,
332 2176 386 2203 imo
404 2177 543 2204 contendit
570 2185 646 2205 suam
665 2178 759 2205 urbem
782 2176 1036 2212 pai'aaciamque’ad

249 2215 366 2247 veterem
378 2212 512 2246 pertinere
520 2212 691 2247 metropolitn
710 2222 716 2239 :
730 2214 867 2240 exstincto
880 2218 969 2240 tamen
985 2212 1036 2239 Ba—

250 2246 634 2283 silio,_dumrNazianziﬁeurat
652 2248 751 2282 praefici
767 2248 935 2283 episcopum,
950 2255 1035 2283 agno-

250 2281 302 2318 scit
316 2280 517 2309 Theodoretum
535 2280 704 2318 Tyanensmn
722 2280 930 2318 Iitetropoliiattt,
957 2280 1037 2317 cujus

251 2316 277 2343 id
289 2315 360 2350 juris
369 2321 450 2350 esset,
466 2315 589 2352 epistolis
606 2317 639 2343 ad
661 2318 759 2352 ipsum.

286 2352 323 2386 (7)
333 2351 457 2382 Μείζονα
467 2350 574 2380 οὖσαν.
587 2352 653 2380 Cod.
671 2350 757 2385 Ποῖ-1.,
774 2353 883 2388 μείζονα
894 2350 976 2380 οὖσαν
988 2353 1038 2388 τῆς

251 2387 433 2422 περιγραφῆς.
454 2389 495 2415 vel
524 2388 573 2422 τῆς
598 2389 824 2423 περιγραφείσης,
845 2394 934 2422 utpote
955 2387 1036 2416 latius

250 2423 357 2448 statutis
378 2423 474 2456 ﬁnibus
493 2431 658 2457 procurrens.

287 2457 331 2493 (8)7
348 2458 378 2484 Τί
389 2458 587 2492 περιγράφεις.
598 2458 686 2492 ἔφην,
705 2458 763 2491 τὴν
777 2458 923 2493 ἡμετέραν
937 2460 1038 2486 πόλιν.

251 2491 279 2528 [η
300 2492 343 2518 ed.
358 2491 530 2528 AquibuSdanI
560 2491 702 2527 ρι’ἁὲφην
728 2491 825 2528 legitur
847 2491 912 2520 εἵσω
927 2514 934 2524 ,
965 2494 1036 2520 unde

251 2526 373 2564 coluber.
388 2528 413 2564 τί
429 2526 738 2563 περιγράςὲειςεῖσωτὴν
747 2526 881 2564 ὗμετέραν
899 2529 957 2564 [τὴν
967 2529 1036 2564 ἡμε-

251 2561 344 2597 τέέραν]
361 2562 447 2589 πόλιν.
466 2561 588 2597 Gregorii
619 2564 699 2590 verba
715 2561 778 2590 sunt
796 2561 837 2590 ad'
855 2561 1034 2591 Anthi'tnuin:

252 2595 306 2623 Cur
323 2595 392 2623 intra
405 2603 456 2624 tua!
473 2595 537 2632 [inea
553 2603 671 2625 nostram
685 2599 878 2626 circumscribis
894 2599 1002 2626 urbem?

287 2632 325 2667 (9)
343 2633 530 2667 Βασιλισμὸν
554 2633 626 2669 ἡμῖν
641 2634 680 2667 ὡς
695 2635 907 2669 Φιλιππισμόν.
925 2634 1036 2666 Alludit,

1090 1968 1127 1994 ait
1139 1967 1213 1999 Bill.,
1229 1967 1263 1994 ad
1280 1971 1402 2003 oratores
1422 1967 1612 2003 Athenienses,
1630 1967 1677 2002 qui
1706 1966 1882 2003 Philippismi

1089 2007 1185 2029 mutuo
1208 2009 1268 2029 sese
1289 2002 1497 2037 insimulabant,
1522 2002 1573 2029 hoc
1596 2006 1648 2032 est.
1664 2003 1748 2037 quod,
1771 2002 1883 2037 prodita

1090 2038 1184 2071 patriai,
1202 2037 1336 2072 libertate,
1357 2036 1481 2072 Philippo
1502 2036 1680 2064 Macedonuni
1701 2039 1758 2072 regi
1772 2036 1887 2066 istutle-

1091 2076 1162 2113 rent:
1175 2071 1398 2113 ltarBasilismum
1413 2071 1547 2113 Gregorio
1563 2073 1708 2113 arabimus
1721 2071 1886 2113 o'bjiciebat,

1090 2108 1163 2142 quod
1190 2112 1263 2134 totus
1282 2108 1317 2135 ab
1341 2107 1489 2135 adversarii
1507 2107 1549 2135 sui
1571 2107 1662 2135 Basilii
1679 2107 1805 2142 partibus
1823 2113 1887 2136 sta-

1090 2147 1141 2169 ret.

1126 2177 1180 2212 (10)
1211 2178 1392 2204 ‘Ewnwcmr.
1420 2178 1487 2205 Cod.
1513 2177 1788 2206 11ιιτ1.ὲτυπώσαντο.
1806 2178 1886 2213 Mox,

1089 2213 1117 2239 δέ
1136 2213 1212 2240 deest
1235 2213 1262 2240 in
1282 2213 1359 2241 Pass.
1376 2213 1536 2247 Synodalem
1551 2213 1585 2239 ad
1605 2221 1651 2239 nos
1674 2221 1787 2240 sanxere
1802 2223 1888 2241 noca-

1090 2249 1197 2280 tionem,
1214 2248 1266 2274 hoc
1281 2253 1333 2279 est,
1355 2248 1393 2274 ait
1417 2248 1553 2279 Combef.,
1574 2249 1615 2274 vel
1639 2248 1673 2274 ad
1687 2248 1818 2283 synodum
1836 2259 1888 2276 vo-

1089 2288 1187 2344 tuztes,
1204 2284 1245 2310 vel
1258 2291 1290 2310 ex
1308 2284 1418 2318 synodo,
1436 2284 1512 2319 quasi
1527 2284 1627 2310 scilicet
1649 2292 1721 2310 nova:
1741 2286 1888 2320 metropoli

1089 2326 1119 2344 su
1142 2323 1231 2344 tectos.

1089 2323 1231 2345 ευυιρειοις.

1126 2327 1269 2388 miltiam
1283 2354 1396 2380 τούτων
1418 2353 1695 2388 βουλευσομένους.
1715 2354 1782 2382 Cod.
1799 2355 1886 2384 Pass.

1091 2388 1279 2424 βουλομένους,
1301 2393 1328 2415 ut
1346 2390 1372 2414 in
1385 2391 1461 2415 rebus
1477 2397 1613 2416 assensth
1625 2390 1774 2423 prtt'bealis.

1128 2424 1183 2461 (l2)
1201 2425 1235 2461 Et
1254 2425 1322 2458 παρ’
1339 2423 1421 2461 ἑμοῖι.
1437 2424 1475 2452 1d.
1487 2425 1548 2451 cod.
1564 2424 1627 2450 εἰδὲ
1639 2425 1703 2460 παρ’
1715 2426 1794 2461 ἐμοῦ.
1810 2426 1886 2454 Cod.

1091 2457 1175 2495 Harl;
1185 2460 1208 2485 εἰ
1218 2459 1263 2495 δεῖ,
1273 2457 1338 2495 παρ’
1351 2457 1428 2495 ἐμοῦ.

1126 2493 1179 2528 (15)
1201 2495 1235 2520 El
1251 2494 1285 2520 δὲ
1298 2493 1379 2521 ,ῑίανζ
1404 2495 1442 2521 Ita
1455 2495 1516 2522 cod.
1532 2494 1609 2522 Pass.
1621 2494 1693 2523 Edit.
1711 2495 1738 2522 εἴ
1753 2505 1794 2524 σε.

1125 2529 1180 2561 (14)
1196 2530 1239 2564 ,Ἦ
1254 2529 1303 2555 καὶ
1322 2530 1475 2557 auditur.
1504 2529 1577 2564 Bill.,
1606 2530 1644 2557 vel
1666 2531 1746 2557 etiam
1766 2532 1887 2560 civitatis

1090 2563 1248 2601 οπμςιιίίηφε-
1289 2600 1293 2601 ,
1345 2599 1362 2601 η
1474 2593 1501 2601 κ.

1123 2599 1184 2666 ἑιῦ)
1208 2600 1265 2625 ’Ἡν
1278 2599 1452 2634 ἀνθέξομεν.
1468 2599 1554 2628 ded.
1579 2601 1656 2627 Harl.
1679 2606 1706 2627 et
1720 2602 1797 2630 Pass.
1816 2603 1887 2631 ἀνο-

1139 2642 1213 2666 ομεν.
1227 2634 1311 2662 Paulo
1323 2639 1393 2666 post,
1406 2636 1451 2662 καί
1467 2636 1544 2664 deest
1559 2636 1586 2663 in
1603 2636 1665 2664 cod.
1682 2636 1757 2664 Pass.

1092 2634 1213 2670 έλξομεν.
1227 2634 1311 2662 Paulo
1323 2639 1393 2670 post,
1406 2636 1451 2662 καί
1467 2636 1544 2664 deest
1559 2636 1586 2663 in
1603 2636 1665 2664 cod.
1682 2636 1757 2664 Pass.
