1923 3053
70 166 111 195 105
729 164 781 192 EPI
787 164 897 193 STOLA
915 164 957 192 Ll.

247 233 312 261 NA'.
331 231 528 268 ΝΙΚΟΒΟΥΔῼ
547 231 569 265 (1
576 231 613 268 ϐ).

1605 165 1656 194 ιιισ

1142 227 1185 256 LI.
1205 227 1390 258 NICOBULO.

96 289 144 323 Quo
156 298 217 328 anno
232 294 284 317 tres
298 290 416 328 epistolte
429 298 487 328 quae
498 294 652 328 sequuntur,
668 289 702 316 ad
718 289 995 328 Nicobglumfcriptte
1013 287 1078 328 sint.
1092 287 1230 315 itwertum.
1254 287 1285 315 Si
1307 288 1365 328 quis
1388 291 1474 328 tamen
1489 288 1555 328 pelit
1569 289 1658 328 conjs:

67 322 152 352 cturam
163 326 242 360 facere
257 333 289 352 ea:
300 322 340 352 his
353 322 470 360 epistola
481 322 540 356 un,
556 325 624 351 alia;
640 332 670 356 ιι,
681 325 765 352 verbis
777 333 785 351 :
800 325 867 360 Cum
877 324 1008 360 Basilium
1021 322 1147 360 Magnum
1163 330 1270 360 semper
1281 323 1345 360 mihi
1360 324 1535 360 praetulerim,
1548 322 1658 352 tametsi

66 361 99 386 illi
118 357 270 388 contrarium
294 357 442 391 videretur,
460 364 517 386 tum
536 367 609 386 nunc
627 367 736 394 quoque
758 359 891 393 praefero:
914 359 941 394 si
958 359 1027 394 quis,
1043 358 1161 394 inquam,
1178 357 1245 394 uelit
1264 366 1296 385 ex
1318 358 1456 394 his_uerbis
1479 359 1659 393 conjecturam

66 395 147 428 facere,
161 404 234 430 quam
256 395 341 428 fateor
360 404 415 422 esse
437 395 605 427 levissimam,
627 392 777 428 conjectare
800 393 886 420 licebit
907 392 967 430 llas:
976 393 1078 419 litteras
1100 392 1134 430 de
1152 393 1268 426 epistolis
1282 392 1511 430 sjtis‘Gregorium
1524 392 1659 428 scripsisse

67 438 125 456 anno
138 428 191 462 372,
204 438 253 464 quo
268 434 381 464 tempore
395 430 513 457 nonnihil
530 429 641 457 Basilio.
656 431 687 456 ob
701 431 879 464 episcopatum
900 428 1086 464 Sasimensem,
1096 428 1181 455 iratus
1202 433 1268 454 erat.
1284 428 1418 464 Quidquid
1432 429 1466 455 sit
1483 429 1514 455 de
1533 433 1657 463 tempore,

67 465 107 491 ltoc
119 465 197 492 ordine
210 462 323 498 scriptas
335 474 390 492 esse
401 465 574 491 arbitramur.
592 464 613 490 l"
624 462 741 499 Rogata:
755 473 771 490 a
790 462 921 490 Nicobqu
935 462 1086 499 gregarius,
1103 467 1131 488 ut
1154 468 1238 489 artem
1260 463 1395 499 scribendi
1412 463 1515 490 litteras
1532 462 1659 496 traderet,

66 500 178 532 respondit
186 497 295 534 epistola
312 508 348 530 ιι.
362 500 431 528 alias
445 507 516 526 ccux.
533 499 565 525 ΙΙ·
580 497 727 526 Νἰεοοὶιίαε
741 500 833 526 deinde
851 500 922 532 ipsas
940 497 1059 532 Gregorii
1074 499 1209 534 epistolas.
1229 503 1258 524 ut
1278 498 1406 524 scribendi
1422 500 1551 532 exempla,
1567 505 1660 533 pastu-

66 534 128 565 lavit.
141 532 209 569 atque
220 536 334 566 interim,
348 535 411 561 dum
432 535 560 561 mittenda
575 534 746 567 epistolarum
761 534 878 561 collectio
890 533 1045 566 parabatur,
1068 532 1207 568 Gregorius
1222 533 1354 567 rescripsit
1373 533 1510 568 epistolam
1526 532 1572 567 LII,
1590 535 1658 562 alias

65 577 143 597 cerui.
154 568 195 596 ΠΙ·
207 570 322 597 Tandem
338 578 395 596 eum
409 570 465 596 suis
475 569 593 604 epistolis
606 574 630 596 et
646 569 793 596 Basilianis
806 569 902 596 emittit
911 569 1049 602 epistolam
1065 575 1124 600 Lm,
1139 568 1207 594 alias
1219 576 1248 594 ll.

93 626 145 652 Τῶν
161 625 314 661 γραφόντων
339 624 483 656 ἐπιστολὰς
496 625 599 660 (ἐπειδὴ
625 624 764 650 καὶτοῦτο
783 625 826 650 αἱ-

917 621 957 650 Ex
973 622 1007 650 iis
1033 622 1080 657 qui
1110 622 1236 649 scribunt
1261 622 1392 657 epistolas
1420 624 1660 661 (quandoquidem

63 671 129 706 τεῖς),
148 671 231 706 οἱμὲν
248 671 402 706 μακρότερα
414 670 469 706 (17)
487 671 636 706 γράφουσιν
657 670 728 706 ἥπερ
745 669 828 702 εἰκὸς,

63 718 82 742 οἱ
94 716 119 742 δὲ
134 717 175 743 καὶ
195 716 255 742 λίαν
277 716 453 751 ἐνδεέστερον
477 716 523 742 καὶ
545 715 694 751 ἀμφότεροι
710 714 756 742 τοῦ
781 724 831 750 μεο

62 762 127 796 τρίου
151 762 201 796 (18)
228 762 449 797 διαμαρτάνουσι,
473 761 567 797 ὥσπερ
593 761 646 788 τῶν
669 761 777 788 σκοπῶν
805 761 829 787 οἱ

61 807 208 841 τοξεύοντες,
226 808 258 834 ἄν
279 816 309 834 τε
325 808 389 834 slew
409 808 565 842 πέμπωσιν,
591 807 623 834 ἄν
639 815 669 833 τε
693 805 831 842 ὺπερπέμ-

60 861 136 879 πωσι·
147 853 174 879 τὸ
187 853 241 888 γὰρ
257 853 456 888 ἀποτυγχάνειν
469 854 537 885 ἴσον,
555 853 608 880 κᾶν
618 852 672 880 ἀπὸ
683 852 736 879 τῶν
751 853 829 879 ἐναν-

57 900 117 926 τίων
131 900 241 935 γίνηται.
258 899 336 926 Ἔστι
357 900 385 926 δὲ
409 899 507 935 μέτρον
526 898 685 930 ἐπιστολῶν,
702 899 719 934 ἡ
734 898 828 934 χρεία·

59 946 102 973 καὶ
115 946 169 972 οὔτε
182 946 336 982 μακρότερα
347 946 494 982 γραπτέον,
505 943 536 973 οὗ
551 945 588 981 μὴ
609 944 695 971 πολλὰ
715 944 750 971 τὰ
764 945 831 980 πρά-

58 1001 143 1028 γματα
153 1001 159 1008 ·
175 992 235 1019 οὒτε
254 992 475 1028 μικρολογητέον,
494 992 557 1018 ἔνθα
571 991 663 1019 πολλά.
680 991 712 1017 Τί
728 991 781 1026 γάρ
793 999 799 1024 ;
812 988 830 1027 ἦ

57 1040 88 1074 τῇ
115 1039 229 1074 Περσικῇ
259 1032 355 1074 σχοίνῳ
376 1038 532 1074 μετρεῖσθαι
556 1039 597 1065 δεῖ
620 1037 667 1073 τὴν
693 1037 793 1071 τοφίαν,
813 1037 830 1072 ἢ

57 1084 179 1116 παιδικοῖς
191 1084 290 1120 τιηχέσι
300 1093 306 1100 ·
321 1085 368 1111 καὶ
380 1084 466 1116 οὕτως
480 1083 562 1119 ἀτελῆ
572 1084 698 1119 γράφειν,
713 1083 751 1114 ὡς
764 1082 831 1118 μηδὲ

59 1130 178 1166 γράφειν·
196 1131 264 1157 ἀλλὰ
282 1130 422 1165 μιμεῖσθαι
436 1130 489 1156 τῶν
505 1130 588 1157 σκιῶν
608 1129 657 1161 τὰς
681 1128 833 1165 μεημὸρι-

57 1177 111 1208 νὰς,
127 1176 142 1212 ἢ
158 1176 210 1203 τῶν
223 1176 360 1212 γραμμῶν
376 1176 430 1212 (19)
446 1176 495 1208 τὰς
509 1175 580 1202 κατὰ
595 1175 741 1211 πρόσωπον
750 1175 833 1201 ἀπαν-

55 1221 150 1255 τώσας,
174 1219 209 1249 ὧν
234 1222 368 1254 συνιζάνει
396 1222 431 1249 τὰ
454 1222 540 1257 μήκη,
560 1222 607 1248 καὶ
633 1220 832 1256 παραφαίνεται

56 1268 151 1303 μᾶλλον
173 1267 189 1303 ἦ
215 1267 338 1302 φαίνεται
361 1267 415 1294 τῶν
440 1268 532 1303 ἄχρων
557 1267 612 1294 τισὶ
629 1267 830 1302 γνωριζόμεναο

54 1314 99 1341 καὶ
120 1314 186 1346 ἐστι,
199 1314 237 1346 ὡς
254 1314 287 1341 ἂν
311 1314 415 1350 εἴποιμι
433 1314 547 1349 καιρίως
572 1313 639 1349 (20),
659 1313 832 1348 εἰκασμάτων

54 1361 214 1395 εἰκάσματα.
227 1360 290 1386 Δέον
308 1360 472 1396 ἀμφοτέρων
484 1359 617 1395 φεύγοντα
626 1359 674 1395 τὴν
688 1359 831 1395 ἀμετρίαν,

52 1406 97 1432 τοῦ
125 1407 234 1443 μετρίου
260 1406 484 1441 κατατυγχάνειν.
514 1405 582 1441 Περὶ
609 1405 659 1441 μὲν
684 1405 716 1441 δὴ
742 1413 834 1432 συντο-

54 1453 117 1487 μίας
133 1452 188 1487 (21)
207 1451 292 1479 ταῦτα
308 1451 450 1486 γινώσκω⁶
470 1451 533 1486 περὶ
544 1451 572 1477 δὲ
589 1451 731 1487 σαφηνίας,
746 1451 833 1478 ὲκεινο

51 1497 197 1534 γνώριμον,
214 1498 255 1524 ὅτι
271 1497 325 1533 χρὴ
346 1497 480 1532 φεύγοντα
495 1497 527 1524 τὸ
543 1496 676 1531 λογοειδὲς
692 1497 758 1533 (22),
772 1498 833 1524 ὅσον

51 1544 195 1579 ἐνδέχεται,
210 1543 307 1579 μᾶλλον
321 1544 361 1575 εἰς
377 1543 407 1570 τὸ
419 1542 527 1570 λαλικδν
546 1542 714 1570 ἁποκλίνειψ
730 1543 788 1576 καὶ,
800 1544 833 1570 ἶν’

50 1589 118 1615 εἴπω
145 1588 294 1624 συντόμως,
321 1587 391 1623 αὕτη
414 1588 467 1615 τῶν
491 1587 641 1615 ἐπιστολῶν
664 1587 764 1623 ἀρίστη
787 1589 834 1616 καὶ

51 1633 181 1660 κάλλιστα
204 1633 312 1668 ἔχουσα,
330 1633 347 1669 ἢ
371 1633 404 1660 ἃν
419 1633 526 1660 καὶτὸν
553 1632 659 1669 ἰδιώτην
673 1634 764 1669 πείθῃ,
787 1634 834 1661 καὶ

49 1680 94 1706 τὸν
111 1681 335 1716 πεπαιδευμένον,
352 1681 397 1707 τὸν
421 1681 481 1716 μὲν,
496 1680 534 1712 ὡς
556 1680 627 1707 κατὰ
643 1680 707 1712 τοὺς
722 1680 835 1713 πολλοὺς

48 1723 125 1757 οὖσα,
141 1725 188 1752 τὸν
201 1726 240 1757 δὲ,
259 1726 296 1758 ὡς
314 1727 383 1762 ὑπὲρ
404 1727 467 1758 τοὺς
484 1726 606 1758 πολλοὺς,
623 1726 670 1753 καὶ
685 1725 702 1763 ᾔ
723 1727 834 1755 αὐτόθεν

47 1771 198 1807 γνώριμος.
220 1772 336 1807 Ὁμοίως
348 1772 403 1807 γὰρ
417 1772 529 1808 ἄκαιρον
540 1772 587 1799 καὶ
597 1773 693 1807 γρῖφον
705 1772 760 1807 (25)
772 1774 836 1799 νοεῖ-

47 1817 121 1849 σθαι,
138 1817 187 1844 καὶ
203 1817 347 1853 ἐπιστολὴν
368 1818 574 1853 ἑρμηνεύεσθαι.
590 1817 687 1853 Τρίτον
708 1817 765 1844 ἐστὶ
779 1818 835 1845 τῶν

45 1863 211 1896 ἐπιστολῶν,
235 1864 251 1899 ή
277 1863 365 1899 χάρις.
381 1863 489 1899 Ταύτην
502 1863 530 1890 δὲ
546 1863 603 1899 (24)
626 1863 789 1898 φυλάξομεν,
811 1864 835 1890 εἰ

45 1912 117 1945 μήτε
131 1909 290 1937 παντάπασι
305 1909 375 1946 ξηρὰ
392 1910 439 1937 καὶ
460 1909 594 1945 ἀχάριστα
611 1909 666 1944 (25)
685 1909 834 1945 γράφομεν,

43 1956 60 1990 ἢ
74 1956 124 1982 καὶ
139 1955 346 1987 ἀκαλλώπιστα,
368 1955 512 1991 ἀκόσμητά
526 1964 555 1982 τε
576 1955 623 1982 καὶ
636 1955 757 1991 ἀκόρητα
768 1955 835 1990 (26),

42 2000 57 2026 ὅ
71 2001 103 2037 δὴ
127 2001 253 2035 λέγεται·
269 1999 324 2028 οἷον
345 2001 376 2036 δὴ
399 2001 525 2036 γνωμῶν,
540 2001 587 2028 καὶ
613 2001 776 2037 παροιμιῶν,
792 2002 839 2028 καὶ

41 2045 272 2081 ἀποφθεγμάτων
286 2045 375 2077 ἐκτὸς,
395 2045 436 2072 ἔτι
448 2046 477 2073 δὲ
498 2047 683 2082 σκωμμάτων,
703 2047 751 2073 καὶ
769 2047 839 2073 αίνι-

40 2091 175 2126 γμάτων,
188 2090 228 2123 οἷς
244 2092 258 2118 ό
269 2091 347 2126 λόγος
360 2091 619 2126 καταγλυκαίνεται·
636 2092 702 2128 μήτε
716 2091 775 2118 λίαν
782 2091 840 2119 τοὺ-

38 2144 101 2167 τοις
122 2136 291 2170 φαινοίμεθα
312 2135 534 2172 καταχρώμενον
554 2136 584 2163 τὸ
604 2136 653 2172 μὲν
670 2136 724 2172 γὰρ
746 2137 839 2172 ἀγροι-

37 2181 103 2213 κὺν,
115 2182 150 2208 τὸ
168 2182 191 2208 δ’
209 2182 355 2217 ἄπληστον.
375 2183 429 2210 Καὶ
449 2182 567 2210 τοσαῦτα
585 2183 641 2219 (27)
654 2183 758 2216 τούτοις
772 2192 840 2220 χρη-

75 2270 88 2304 ζ
92 2269 141 2306 16)
164 2269 241 2298 Alias
256 2270 344 2298 CCIX.
362 2270 469 2306 Scripta
481 2278 553 2298 anno
567 2272 628 2299 572.

75 2305 85 2339 (
93 2304 140 2339 17)
165 2306 358 2341 ΑΜᾳκρότερα.
385 2304 432 2332 1ι³⁷
453 2305 532 2341 Πομ..
560 2306 676 2334 Montac.
694 2310 721 2335 et
744 2305 837 2334 Morel.

33 2339 237 2377 panemépag.
250 2339 334 2377 Paulo
347 2345 417 2377 post,
428 2341 476 2368 iid.
496 2339 677 2377 ἓνδεεστέρας.

75 2375 140 2409 (18)
171 2375 229 2401 Τοῦ
246 2376 375 2409 μετρίου.
393 2376 497 2406 Morel.,
513 2375 704 2403 mediocritate.

74 2410 140 2445 (l9)
164 2409 398 2445 Τῶνγπριιμμῶν.
413 2411 451 2437 lla
479 2411 541 2438 cod.
565 2416 592 2439 et
616 2411 740 2439 Combel‘.
767 2411 839 2440 Bene

27 2445 208 2481 emendavit
223 2444 314 2481 Morel.
331 2445 359 2472 In
379 2445 444 2472 edit.
458 2446 587 2481 κέντρων.

72 2479 138 2514 (20)
163 2480 214 2512 Ὡς
223 2479 260 2517 t‘1_r
271 2480 515 2517 εἶποιμικαιρίως.
523 2479 566 2517 ἰιει
575 2481 654 2508 codd.
664 2480 743 2517 Reg.,
750 2480 839 2517 Pass,

26 2514 168 2551 Moutac.
192 2519 218 2541 et
229 2514 355 2551 Combef.
367 2515 402 2551 rln
417 2516 483 2542 edit.
497 2516 587 2547 πῶς...
603 2514 714 2551 κυρίως.

72 2549 140 2584 (21)
164 2549 238 2583 Περὶ
257 2549 315 2584 μὲν
342 2549 380 2583 δὴ
399 2551 573 2584 συντομίας.
602 2549 692 2578 Mallet
719 2552 838 2578 Montac.

24 2584 214 2621 εὐμετρίας,
232 2589 289 2621 aut,
301 2589 333 2621 ιιι
348 2585 375 2611 in
388 2592 435 2621 ora
449 2586 513 2621 cod.
528 2593 608 2620 quem
630 2586 708 2618 vidit,
734 2595 840 2621 συμμε-

24 2619 138 2655 τρίας,
154 2627 242 2655 quam
259 2619 379 2655 ultimam
392 2619 605 2655 lectionem’non
625 2621 759 2655 improbat
770 2619 838 2648 ’Μο-

880 668 931 695 hoc
943 668 1026 695 etiam
1038 667 1174 703 ﬂagitas),
1191 668 1238 694 alii
1263 668 1400 704 longiores
1427 670 1552 698 seribunt
1578 679 1660 707 quam

878 721 928 749 par
941 717 983 741 est
998 722 1005 740 :
1023 713 1070 740 alii
1085 721 1150 741 vero
1165 713 1251 741 multo
1268 713 1417 743 breviores.
1434 715 1536 743 Horum
1553 719 1662 753 utrique

879 767 894 786 a
905 759 986 787 modo
1000 760 1140 792 aberrant,
1157 763 1187 786 ut
1204 767 1219 786 a
1236 767 1320 796 scopo
1336 762 1393 796 qui,
1414 761 1478 790 dum
1492 763 1660 798 jaculantur,

879 805 922 833 vel
935 805 1014 838 citra,
1029 805 1073 833 vel
1089 806 1159 833 ultra
1175 806 1296 835 mittunt.
1314 806 1380 834 Nam
1397 810 1532 837 utrumvis
1548 809 1660 844 faciant,

879 851 992 886 perinde
1010 851 1152 885 aberrant,
1176 852 1284 880 etiamsi
1304 861 1338 881 ex
1352 854 1498 882 contrariis
1515 856 1660 890 prodeant.

880 896 927 924 Est
939 903 1029 925 autem
1050 898 1149 926 modus
1171 898 1358 934 epistolarum,
1379 901 1483 929 utilitas
1500 911 1508 929 :
1525 906 1552 929 et
1573 910 1662 938 neque

880 942 1019 978 longiores
1044 943 1197 970 scribendae
1220 948 1302 977 sunt,
1332 945 1378 972 ubi
1406 946 1492 974 multa
1518 954 1573 975 non
1598 953 1663 977 sunt

880 989 1008 1024 negotia,
1036 996 1124 1023 neque
1136 988 1257 1023 jejunius
1288 991 1513 1024 conscribendas,
1545 993 1590 1021 ubi
1618 1002 1664 1022 res

881 1036 972 1062 multa:
1004 1038 1163 1070 suppetunt.
1191 1036 1260 1069 Quid
1278 1037 1370 1064 enim?
1393 1037 1433 1064 An
1459 1038 1569 1067 Persico
1590 1039 1664 1068 funi-

881 1081 944 1108 culo
965 1082 1128 1117 sapientiam
1142 1083 1232 1109 metiri
1249 1087 1364 1118 oportet,
1384 1089 1430 1112 aut
1446 1086 1598 1120 puerilibus
1613 1095 1663 1116 cu-

881 1125 964 1158 bitis;
981 1130 1009 1153 et
1033 1126 1074 1154 sic
1093 1127 1253 1162 imperfecta
1277 1129 1415 1162 scribere,
1435 1135 1465 1158 ut
1490 1139 1524 1159 ne
1543 1133 1666 1162 scribere

881 1173 990 1208 quidem
1008 1173 1044 1200 sit
1058 1182 1065 1200 ι
1081 1173 1127 1200 sed
1140 1173 1240 1200 imitari
1258 1175 1348 1209 potius
1363 1176 1529 1205 meridianas
1541 1178 1664 1211 umbras,

882 1222 929 1246 aut
951 1218 1037 1246 lineas
1054 1226 1069 1245 a
1084 1218 1174 1247 fronte
1184 1224 1371 1253 occurrentes,
1386 1229 1501 1257 quarum
1519 1224 1666 1252 considunt

883 1263 1078 1299 longitudines,
1091 1267 1118 1291 et
1138 1263 1255 1292 oderunt
1279 1273 1309 1294 se
1320 1266 1421 1300 potius,
1437 1275 1519 1302 quam
1535 1275 1667 1304 apparent

847 1302 868 1330 Β
884 1309 1106 1337 extremitatibus
1120 1310 1282 1345 quibusdam
1298 1315 1368 1339 notae
1389 1322 1395 1340 :
1414 1316 1441 1340 et
1456 1317 1537 1347 sunt,
1553 1302 1587 1342 ut
1604 1318 1667 1350 apte

885 1355 1018 1386 dixerim,
1050 1355 1272 1390 conjecturarum
1298 1356 1495 1391 conjeclanea?
1531 1359 1667 1395 Oportet,

885 1400 1093 1428 immoderatum
1117 1401 1145 1428 in
1168 1401 1294 1436 utrisque
1309 1406 1431 1431 tenorem
1453 1404 1596 1440 fugiendo,
1613 1405 1667 1444 47

885 1446 996 1474 modum
1025 1447 1146 1482 assequi.
1172 1447 1211 1476 De
1235 1449 1346 1477 concisa
1377 1455 1451 1478 cene
1476 1451 1667 1480 conscribendi

886 1495 1001 1527 ratione,
1025 1494 1082 1521 hzec
1105 1501 1220 1527 censeo;
1243 1495 1277 1523 de
1299 1486 1469 1524 diluciditate
1486 1500 1577 1525 autem
1600 1498 1668 1526 illud

886 1540 1059 1575 perspicuum
1087 1545 1146 1572 est,
1172 1546 1300 1576 oportere
1331 1541 1460 1577 fugiendo
1486 1543 1616 1572 subtilius
1641 1549 1668 1572 ct

886 1587 1010 1614 ornatius
1037 1586 1147 1614 dicendi
1175 1595 1279 1622 genus,
1307 1592 1441 1623 quantum
1470 1588 1528 1616 ﬁeri
1561 1595 1668 1625 potest.

886 1631 920 1658 ad
945 1631 1078 1659 familiare
1100 1632 1191 1666 potius
1220 1631 1378 1666 declinare;
1400 1637 1439 1666 et,
1462 1637 1493 1660 ut
1513 1637 1669 1662 summatim

886 1678 993 1713 loquar,
1008 1678 1065 1705 hac
1079 1678 1183 1713 optima
1197 1681 1224 1705 et
1239 1678 1422 1712 pulcherrime
1438 1679 1540 1714 scripta
1552 1680 1668 1715 epistola

886 1729 939 1756 est,
953 1731 1014 1760 qua!
1031 1728 1059 1752 et
1084 1724 1195 1752 indocto
1221 1724 1367 1759 persuadet
1381 1727 1408 1759 et.
1433 1726 1541 1754 erudito
1562 1735 1569 1754 :
1588 1732 1669 1762 atquc

887 1771 926 1799 illi
943 1771 1065 1807 quidem,
1081 1774 1111 1797 ut
1130 1770 1164 1797 ad
1178 1771 1252 1806 vulgi
1273 1771 1500 1799 consuetudinem
1514 1779 1670 1801 accommo-

887 1817 969 1850 data,
988 1817 1052 1844 huic
1077 1820 1184 1850 autem,
1209 1821 1240 1843 ut
1258 1817 1330 1852 vulgi
1359 1817 1477 1845 indolem
1506 1822 1533 1845 et
1559 1823 1670 1854 captum

888 1869 1040 1898 superans;
1059 1863 1124 1890 item
1147 1870 1208 1897 qua:
1227 1870 1261 1890 ex
1277 1870 1306 1890 se
1320 1870 1401 1898 quam
1421 1863 1539 1898 primum
1563 1862 1670 1900 Cognita

888 1912 1084 1944 perspectaque
1102 1912 1155 1936 est.
1181 1908 1249 1936 Nam
1264 1916 1341 1944 teque
1366 1909 1553 1944 importunum
1569 1915 1626 1944 est,
1643 1914 1671 1938 et

888 1955 1014 1990 griphum
1030 1954 1193 1989 intelligere,
1205 1958 1232 1982 et
1246 1955 1389 1989 epistolam
1405 1955 1591 1990 interpretari.
1604 1955 1671 1984 Ter-

889 2001 927 2027 tia
938 2000 988 2028 dos
1001 2001 1178 2036 epistolarum
1200 2005 1244 2028 est
1268 2001 1355 2035 gratia
1370 2010 1377 2028 ε
1394 2001 1464 2028 hanc
1480 2009 1547 2029 sane
1561 2002 1671 2030 obtine-

889 2045 989 2076 bimus,
1007 2046 1030 2074 si
1052 2053 1106 2072 non
1121 2053 1234 2080 prorsus
1249 2045 1323 2072 arida
1339 2050 1365 2073 et
1387 2046 1493 2081 ingrata
1513 2047 1670 2080 scribimus,

889 2095 936 2117 aut
957 2091 1041 2118 etiam
1061 2091 1212 2124 incompta,
1236 2095 1264 2118 et
1289 2091 1426 2122 inornata,
1450 2095 1477 2119 et
1503 2091 1616 2124 inculta,
1642 2096 1673 2120 ut

889 2136 1007 2170 dicitur;
1022 2137 1102 2172 quale
1117 2137 1245 2164 nimirum
1261 2141 1303 2164 est
1318 2137 1391 2172 quod
1404 2138 1557 2171 sententiis,
1573 2142 1600 2166 et
1611 2138 1673 2166 ada-

889 2182 951 2217 giis,
966 2190 999 2209 ac
1014 2183 1238 2211 memorabilibus
1250 2183 1332 2211 dictis
1346 2191 1462 2211 vacuum
1476 2189 1518 2212 est
1530 2193 1536 2212 :
1553 2185 1674 2220 itemque

889 2271 1047 2308 maximejn
1064 2270 1187 2308 epistolis
1199 2270 1230 2297 τὺ
1244 2270 1459 2308 ἀκαλλώπιστον,
1473 2273 1520 2299 καὶ
1534 2272 1575 2299 ὅτι
1589 2273 1673 2308 ἐγγυ-

888 2306 962 2333 τάτω
977 2305 1024 2332 τοῦ
1040 2305 1111 2332 κατὰ
1123 2306 1213 2341 φύσιν,
1238 2307 1306 2341 quod
1322 2312 1417 2334 ornatu
1434 2312 1515 2339 caret,
1531 2314 1556 2334 et
1574 2305 1615 2334 (ια’
1628 2305 1674 2335 na-

890 2346 986 2377 turamr
1003 2342 1122 2375 proxime
1141 2342 1251 2377 accedit.
1264 2341 1351 2369 Vertit
1372 2342 1466 2370 Morel.
1483 2342 1616 2377 φεύγοντα
1642 2344 1674 2370 τὸ

889 2376 1032 2410 λογοειδές,
1058 2381 1122 2408 etc.,
1150 2376 1271 2411 fugiendo
1293 2377 1429 2405 verborum
1449 2378 1615 2411 futilitatem,
1638 2379 1673 2406 ad

890 2412 1075 2446 loquacitatem
1089 2411 1175 2445 potius
1194 2412 1336 2439 declinare.
1361 2413 1441 2440 Certe
1456 2413 1496 2440 sic
1509 2414 1536 2440 in
1551 2414 1675 2441 scriben-

889 2446 924 2474 do
937 2448 1065 2473 concisus
1077 2454 1139 2474 esse
1162 2447 1249 2473 noluit
1259 2446 1417 2475 Gregorius.

925 2481 979 2516 (25)
1003 2481 1126 2515 Γρῖφον.
1153 2481 1290 2515 Griphum,
1316 2481 1368 2510 hoc
1394 2485 1454 2515 est.
1475 2483 1675 2517 aenigmatieum

889 2525 1042 2544 sermonem.

890 2552 1108 2613 mitiga???
1128 2551 1172 2578 δέ.
1199 2550 1239 2578 Ita
1261 2551 1340 2580 codd.
1357 2551 1423 2587 Reg.
1448 2559 1481 2579 ac
1500 2551 1619 2581 Montac.
1643 2553 1672 2580 In

890 2591 994 2657 initas)!
1096 2621 1144 2648 καὶ
1157 2621 1314 2656 ἀχάριστα.
1331 2622 1371 2650 Ita
1396 2622 1460 2650 Par.
1475 2627 1502 2650 et
1527 2624 1596 2651 alter
1613 2624 1674 2651 cod.

24 2646 157 2692 ι-ὲι.,ξᾷε
165 2646 257 2692 :modo
269 2655 296 2680 in
307 2646 428 2692 epistolis
436 2646 630 2692 conscrillmdis
648 2646 784 2692 servando.
829 2654 832 2658 ’

891 2656 920 2683 In
928 2646 995 2692 ξίῑή.
1002 2646 1271 2692 “ξ⁷ἧὲ›δν”κάι“ἓξξρὶ,

67 2689 136 2724 (22)
157 2690 314 2723 dicererm
325 2689 358 2716 τὸ
371 2689 529 2723 λογοειδές.
542 2689 695 2718 Recidenda
710 2695 774 2718 sunt
786 2698 841 2717 am-

24 2723 349 2760 bitiosaroruamenta;
367 2732 417 2760 nec
431 2725 565 2759 exquisita
579 2726 747 2760 ﬁgurataque
763 2729 839 2752 uten-

24 2759 99 2785 dum
125 2759 273 2790 dictione.
293 2758 339 2785 sed
359 2758 652 2794 simplici'elocutione,
668 2758 775 2794 qualem
801 2761 839 2787 fa-

24 2794 146 2820 miliari
174 2794 328 2829 promimus
350 2794 469 2829 eloquio,
496 2802 528 2821 ac
556 2796 599 2822 cui
630 2795 697 2822 nihil
718 2797 752 2822 sit
772 2803 840 2829 opus

24 2828 215 2863 interprete.
241 2828 316 2854 Hanc
337 2836 399 2856 esse
428 2829 550 2863 Gregorii
573 2834 688 2857 mentem
703 2850 710 2862 ,
737 2831 764 2856 in
789 2828 841 2857 line

24 2864 173 2900 apistolze
199 2863 258 2898 ipse
274 2863 374 2891 clarius
390 2865 515 2893 elDDllil.
529 2865 593 2894 dum
616 2866 664 2907 ait!
678 2865 841 2894 servandum

193 2909 330 2942 Pu'noru
347 2910 406 2941 Gn.
420 2911 583 2942 XXXVII.
619 2943 620 2947 η

922 2691 977 2726 (26)
998 2691 1051 2718 Kal
1065 2691 1206 2725 ἀκόρητα.
1221 2691 1259 2718 Ita
1278 2692 1339 2720 Par.
1355 2695 1383 2719 et
1407 2692 1451 2719 alii
1467 2693 1546 2721 codd.
1560 2694 1589 2721 ln
1606 2694 1673 2721 edit.

892 2727 1036 2762 εὐκόρητα.
1055 2726 1142 2753 Vertit
1156 2727 1301 2762 interpres,
1314 2733 1338 2754 et
1351 2728 1500 2755 satietatem
1509 2737 1539 2756 ac
1555 2730 1674 2761 mdium,

892 2767 921 2788 ut
931 2761 1037 2793 dicitur,
1053 2763 1196 2796 gignentia.

929 2797 983 2832 (27)
996 2797 1050 2824 Καὶ
1064 2797 1205 2824 τοσαῦτα.
1221 2797 1259 2824 Ita
1277 2798 1337 2824 cod.
1351 2798 1425 2828 Edit.
1439 2799 1487 2826 καὶ
1500 2798 1530 2825 τὸ
1548 2798 1676 2827 τοσαῦτα..

894 2831 954 2860 Mox
966 2832 1015 2860 iid.
1032 2832 1081 2860 ὅσα
1096 2832 1151 2859 καί.
1168 2834 1196 2860 In
1208 2833 1272 2861 edit.
1291 2834 1338 2860 καὶ
1354 2834 1414 2861 ὅσα.

1539 2911 1559 2942 Ε
