1923 3053
91 164 133 192 109

88 219 112 245 δὲ
123 218 176 254 ήμῖν
189 218 334 254 ἀντιδοίης.
355 219 420 246 αὐτό
439 228 469 246 τε
488 220 519 247 τὸ
535 219 662 256 γράφειν,
685 218 732 246 καὶ
755 219 805 255 τὴν
820 219 850 252 ἐξ

88 261 120 291 ὧν
133 264 263 300 γράφομεν
280 264 422 299 ὠφέλειαν.
440 265 542 293 Τούτου
564 266 620 302 γὰρ
638 265 742 301 ἀμείνω
756 265 850 300 μισθὸν

86 308 138 336 οὔτε
157 311 246 343 αἰτεῖν,
267 310 328 337 οὔτε
353 311 480 339 ἀπαιτεῖν
506 311 616 347 ἔχομεν,
632 312 649 347 ἢ
668 311 723 343 τοῖς
745 311 850 338 αἰτοῦσι

86 354 295 390 λυσιτελέστερον,
310 356 328 391 ἢ
341 355 379 391 τῷ
393 356 538 392 παρέχοντι
554 356 786 392 πρεπωδέστερον.

294 497 357 524 NI".
378 497 422 532 Τῼ
440 496 532 531 arm
550 494 617 531 (ιδ).

749 157 918 186 EPISTOLA
937 156 1002 184 LVI.

1634 152 1684 181 HO

901 217 953 250 tis,
979 219 1010 243 ut
1034 213 1200 250 plurimum,
1220 211 1406 240 innotescunt.
1439 209 1572 240 Nostrum
1600 210 1685 246 igitur

903 260 1038 296 ejusmodi
1057 263 1108 288 est.
1120 258 1155 286 At
1166 261 1196 285 tu
1210 257 1290 286 nobis
1305 261 1332 286 et
1351 257 1440 293 ipsam
1450 255 1630 292 scriptionem
1642 263 1686 282 re-

900 306 1023 342 pendas,
1042 309 1070 333 et
1093 304 1309 332 emolumentum
1338 311 1373 331 ex
1399 303 1435 331 iis
1450 310 1511 339 quae
1526 302 1686 330 scribimus.

908 351 1045 379 Potiorem
1061 349 1135 378 enim
1147 349 1201 377 hac
1220 348 1374 376 mercedem
1382 355 1470 384 neque
1481 351 1584 383 petere,
1598 353 1687 381 neque

901 403 1046 431 reposcere
1062 395 1204 428 habemus,
1220 398 1267 422 aut
1287 393 1470 430 ﬂagitantibus
1480 393 1629 426 utiliorem,
1640 393 1686 418 aut

900 441 1027 478 largienti
1048 441 1133 476 magis
1153 440 1291 469 decoram.

1195 495 1261 524 LIII.
1282 495 1395 523 EIDEM.

235 553 310 581 Inter
323 553 449 588 epistolas
461 561 526 589 quas
544 561 592 588 pro
608 552 741 580 Nicobule
755 551 896 588 Gregorius
911 553 1026 589 collegit,
1040 554 1141 588 primas
1154 553 1271 580 concedit
1285 552 1402 587 epistolis
1415 552 1522 580 Basilii.

119 610 166 637 'Asl
187 610 360 646 προτιμήσας
383 610 502 645 ἐμαυτοῦ
520 610 566 637 τὸν
591 609 677 646 μέγαν
704 610 853 642 Βασίλειον,

81 656 103 682 εἰ
116 656 224 691 κάκείνῳ
237 655 390 682 τούναντίον
405 655 492 682 ἐδόκει
506 655 573 691 (AM),
590 655 638 682 καὶ
649 655 696 682 νῦν
715 656 852 691 προτιμῶ,

81 703 125 738 οὐχ
135 700 208 739 ἦττον
224 702 269 729 διὰ
281 702 331 738 τὴν
345 702 482 737 ἀλήθειαν,
500 702 517 737 ἢ
536 701 585 737 τὴν
600 701 698 736 φιλίαν.
712 701 762 728 Διὰ
775 700 853 728 τοῦτο

81 748 181 783 προθεὶς
199 748 254 784 (ιδ)
268 748 317 780 τὰς
341 748 445 775 ἐκείνου
465 748 619 780 ἐπιστολὰς,
636 748 686 780 τὰς
700 747 770 783 ἐμὰς
787 747 853 774 ὑπο-

79 794 175 830 τὶθημι.
197 795 253 821 Καὶ
277 794 332 830 γὰρ
361 794 487 830 ἐπιθυμῶ
513 792 651 829 πανταχοῦ
678 792 853 829 συνεζεῦχθαι

79 841 147 876 ἡμᾶς
163 841 294 877 ἀλλήλοις,
311 841 358 868 καὶ
374 841 433 876 ἅμα
449 840 533 867 τύπον
552 840 679 876 παρέχων
694 841 750 872 τοῖς
765 840 854 872 ἄλλοις

78 887 122 913 τοῦ
136 887 242 923 μετρίου
257 887 304 914 καὶ
316 886 367 922 τῆς
380 887 513 922 ὑφέσεως.

307 953 370 980 NA'.
385 953 429 988 Ἰᾨ
448 952 539 988 arm
552 951 619 987 (ιθ).

941 610 1009 638 Cum
1021 610 1152 638 Basilium
1167 618 1295 646 magnum
1309 610 1377 638 mihi
1388 618 1496 647 semper
1509 612 1686 647 praetulerim,

905 657 1014 685 tametsi
1029 657 1068 684 illi
1089 657 1258 684 contrarium
1272 657 1429 684 videretur:
1444 661 1502 685 tum
1522 666 1596 686 nunc
1619 667 1689 694 quo-

906 709 959 736 que
980 701 1114 736 praefero,
1137 709 1193 729 non
1218 702 1308 729 minus
1322 702 1450 736 veritate,
1468 711 1550 739 quam
1569 704 1688 732 amicitia

906 751 1008 775 motus.
1025 747 1158 781 Quocirca
1173 748 1295 783 epistolis
1310 748 1384 777 illius
1401 750 1493 784 priore
1516 750 1578 778 loco
1593 751 1689 786 positis

906 801 982 823 meas
1005 794 1148 822 subnecto.
1173 793 1280 828 Ubique
1303 794 1375 822 enim
1398 803 1449 823 nos
1465 795 1536 823 inter
1550 804 1601 824 nos
1623 804 1690 824 con—

905 838 1017 874 junctos
1030 847 1092 867 esse
1107 840 1188 875 cupio
1202 849 1208 866 :
1225 840 1361 876 simulque
1375 841 1456 868 etiam
1475 841 1502 869 id
1518 849 1578 877 ago,
1591 846 1621 870 ut
1632 850 1691 871 mo-

906 884 1002 912 destiae
1024 891 1056 912 ac
1078 884 1272 913 submissionis
1292 886 1446 921 exemplum
1468 887 1530 915 aliis
1544 888 1689 923 praebeam.

1161 949 1216 985 49
1229 949 1294 978 LIV.
1313 950 1426 978 EIDEM.

112 1018 182 1045 lianc
194 1016 273 1044 etiam
287 1014 322 1042 ad
344 1012 500 1040 Nicobulum
515 1011 653 1046 epistolam
665 1010 696 1037 ob
715 1009 871 1046 nominig_ct
883 1008 1002 1046 materia:
1021 1008 1424 1046 cognationemsubjungimus:7
1435 1018 1514 1046 quam
1530 1015 1616 1039 tamen
1629 1021 1692 1039 con-

75 1043 261 1087 unionem
278 1055 390 1087 tempore
401 1043 537 1087 probabile
549 1052 597 1079 est,
615 1054 675 1073 cum
692 1045 798 1080 roganti
811 1043 944 1071 Nicobule
961 1047 1045 1070 artem
1061 1043 1191 1070 scribendi
1204 1043 1448 1072 litteras'tradidizL
1466 1044 1501 1072 In
1514 1046 1567 1073 ista
1580 1047 1642 1082 quid
1656 1049 1691 1075 sit

76 1083 229 1116 luconismus
242 1093 299 1112 eum
314 1084 389 1111 docet
403 1083 529 1110 laconice.

108 1146 144 1173 Τὺ
158 1143 322 1175 Δακωνίζειν
344 1141 375 1168 οὐ
400 1140 478 1168 τοῦτό
500 1141 584 1171 ἐστιν,
604 1139 672 1175 ὅπερ
685 1138 745 1170 οῐει,
761 1137 854 1171 ὀλίγας

74 1192 205 1223 συλλαϐὰς
233 1191 370 1226 γράφειν,
400 1187 470 1214 ἀλλὰ
493 1186 557 1222 περὶ
594 1185 729 1212 πλείστων
748 1184 850 1218 ὀλίγας.

73 1239 164 1270 Οὕτως
192 1237 247 1272 ἐγὼ
276 1235 323 1263 καὶ
348 1232 589 1270 βραχυλογὼτατον
617 1232 741 1266 Ὅμηρον
774 1229 855 1264 λέγω,

72 1285 120 1311 καὶ
135 1283 217 1312 πολὺν
228 1283 275 1309 τδν
291 1280 454 1315 Ἀντίμαχον
468 1278 534 1313 (47).
553 1277 629 1308 Πῶςς
645 1278 702 1308 τοῖς
712 1276 856 1311 πράγμασι

72 1331 171 1368 κρίνων
185 1330 215 1356 τὸ
233 1328 331 1364 μῆκος,
345 1326 403 1353 ἀλλ’
419 1325 450 1352 οὐ
464 1326 520 1356 τοῖς
534 1323 690 1360 γράμμασι.

297 1423 360 1450 NE’.
380 1422 423 1457 Τῼ
443 1420 535 1455 ΑΥΤῼ
561 1418 626 1455 (48).

942 1134 1077 1163 Laconice
1091 1134 1178 1169 loqui,
1194 1141 1248 1161 non
1262 1137 1313 1165 est,
1331 1139 1361 1162 ut
1376 1141 1467 1170 putas,
1490 1144 1593 1171 paucas
1608 1139 1691 1173 sylla-

906 1180 956 1208 bas
970 1180 1101 1213 scribere,
1120 1180 1167 1207 sed
1181 1179 1215 1207 de
1233 1181 1359 1215 plurimis
1381 1183 1463 1210 rebus
1477 1191 1589 1221 paucas.
1605 1186 1693 1221 Atque

908 1225 961 1253 hac
974 1225 1082 1252 ratione
1096 1232 1148 1260 ego
1161 1228 1189 1253 et
1203 1225 1321 1253 maxime
1336 1223 1525 1263 breviloquum
1544 1218 1692 1259 Homerum

908 1277 970 1298 esse
986 1270 1145 1305 pronuntio,
1159 1274 1188 1298 et
1200 1271 1336 1305 prolixum
1348 1271 1551 1301 Antimachum.
1567 1274 1619 1308 Qui
1632 1279 1694 1304 tan-

908 1316 971 1343 dem
985 1316 1079 1344 istud?
1093 1315 1223 1343 nimirum
1239 1317 1332 1350 rebus,
1343 1325 1399 1345 non
1414 1322 1505 1346 autem
1522 1319 1622 1349 litteris
1637 1321 1694 1349 lon-

908 1361 1058 1397 gitudinem
1073 1362 1223 1390 aestimans.

1207 1419 1262 1446 LV.
1279 1418 1392 1448 EIDEII.

72 1482 234 1512 Nicobulum
246 1481 302 1516 ,hac
324 1480 435 1515 epistola
459 1478 688 1515 peramantissime
708 1477 801 1505 invitat
825 1477 978 1540 (Irjgortius,
1003 1483 1032 1505 ut
1055 1486 1111 1506 sese
1135 1479 1239 1506 invisat.
1257 1479 1315 1513 Quo
1341 1484 1455 1515 tempore
1468 1480 1567 1515 scripta
1580 1481 1615 1508 sit
1629 1482 1696 1510 nihil

828 1521 855 1539 in
877 1521 917 1540 ιτα
933 1532 939 1540 .

828 1521 939 1540 ιηιιιεαι.

105 1573 220 1607 Φεύγεις
251 1571 398 1602 διώκοντας
425 1569 490 1600 ίσως
521 1568 614 1604 νόμοις
640 1567 793 1602 ἐρωτικοῖς,
815 1567 855 1593 ἵνα

948 1566 1025 1599 Quod
1044 1570 1242 1602 persequentes
1266 1567 1347 1604 fugis,
1361 1570 1387 1597 id
1402 1570 1528 1600 fortassis
1540 1580 1573 1600 ex
1591 1578 1698 1603 amato-

75 1620 188 1648 σεαυτὸν
210 1619 290 1653 ποιῇς
319 1616 490 1652 τιμιώτερον.
510 1615 579 1642 "Ilua
609 1612 666 1646 οῦν,
690 1613 737 1641 καὶ
752 1612 800 1640 νῦν
813 1612 862 1649 τὴν

72 1667 121 1694 τοῦ
155 1663 261 1701 μακροῦ
296 1663 391 1699 χρόνου
422 1661 521 1697 ζημίαν
549 1660 748 1696 ἀναπλήρωσον
782 1660 860 1695 ἡμῖν.

69 1713 128 1739 Καὶ
145 1711 173 1737 εἴ
198 1710 225 1736 τί
254 1717 284 1736 σε
299 1708 354 1735 τῶν
371 1708 463 1735 αὐτόθι
480 1706 590 1742 κατέχοι
612 1705 680 1741 (49),
702 1705 784 1733 πάλιν
807 1705 860 1739 ἁφ-

68 1757 148 1791 ήσεις
175 1755 260 1791 ἡμᾶς,
290 1754 327 1786 ὡς
349 1753 381 1780 ἂν
409 1751 573 1787 σεμνότερος
600 1749 649 1787 ᾖς,
667 1750 747 1777 πάλιν
760 1749 860 1776 ποθού-

69 1810 165 1838 μενος.

319 1901 391 1934 Nq'.
405 1899 524 1935 ΘΕΚΛῌ
542 1898 610 1934 (50).

916 1613 964 1640 riis
975 1612 1080 1648 legibus
1103 1613 1182 1646 facis,
1200 1618 1231 1641 ut
1244 1613 1295 1641 hac
1312 1617 1419 1644 ratione
1435 1617 1567 1652 majorem
1582 1620 1632 1648 tibi
1647 1621 1698 1650 ho-

914 1665 1008 1685 norem
1031 1659 1173 1687 concilies.
1197 1658 1265 1687 Veni
1282 1660 1374 1696 igitur,
1393 1666 1423 1689 ut
1439 1666 1466 1690 et
1484 1671 1559 1692 nunc
1573 1664 1698 1694 diuturni

914 1703 1046 1739 temporis
1074 1704 1267 1732 detrimentum
1292 1706 1372 1734 nobis
1394 1708 1509 1736 sarcias.
1535 1709 1573 1737 Ac
1586 1710 1610 1738 si
1632 1711 1698 1746 quid

913 1757 1004 1777 rerum
1021 1754 1130 1778 tuarum
1144 1756 1170 1779 te
1184 1752 1322 1786 retineret,
1340 1760 1451 1781 rursum
1473 1761 1525 1783 nos
1540 1755 1698 1792 relinques;

913 1802 968 1830 quo
988 1796 1175 1831 augustiorem
1196 1796 1248 1825 hac
1267 1798 1374 1826 ratione
1387 1802 1414 1826 te
1428 1798 1538 1833 reddas,
1554 1807 1666 1829 rursum
1681 1809 1699 1828 a

912 1840 991 1868 nobis
1004 1842 1150 1876 expetitus.

1191 1897 1258 1926 LVI.
1276 1898 1436 1928 THECLE:

105 1961 220 1992 Thecla,
237 1959 271 1987 ad
286 1967 366 1996 quam
378 1958 478 1996 scripta
499 1957 613 1996 est_hae_c
636 1956 763 1996 epistola,
784 1955 879 1996 mulier
893 1954 1071 1996 fuit-pietate
1095 1955 1219 1996 insignis,
1238 1964 1296 1996 aut:
1309 1956 1420 1996 fortuito
1439 1956 1695 1996 in_nec_e§si_tudim

68 1995 199 2031 Gregorii
213 1990 333 2026 'cener'at,
347 1990 483 2021 occasione
507 1992 650 2027 cujusdam
668 1992 787 2026 epistola:
807 1990 839 2017 de
855 1990 1055 2017 calamitatibus
1071 1991 1106 2017 ad
1123 1992 1210 2025 ipsum
1226 1990 1308 2025 datm,
1332 1991 1359 2018 in
1374 1999 1426 2026 qua
1450 1990 1552 2018 aliouid
1572 1992 1632 2019 ima
1648 2001 1699 2020 «to

65 2030 180 2060 nomine
196 2030 346 2058 addiderat.

102 2089 165 2124 Τὴν
182 2088 284 2124 μικράν
300 2087 355 2123 (5i)
376 2095 422 2113 σου
441 2086 600 2122 προσθήκην
622 2085 668 2112 τοῦ
686 2085 860 2121 γράμματος,

64 2136 107 2167 ὡς
123 2135 251 2171 μεγάλην
266 2133 420 2169 ἐπιστολὴν,
437 2132 583 2168 ἐδεξάμην.
602 2131 684 2167 Ἑμοῦ
701 2131 754 2167 γὰρ
772 2130 862 2165 ὑμεῖς.

951 2082 1084 2119 Exiguum
1112 2087 1189 2112 tuum
1226 2084 1377 2112 litterarum
1409 2083 1641 2118 additamentum,
1669 2087 1699 2113 ut

917 2129 1055 2165 ingentem
1079 2130 1224 2165 epistolam
1247 2130 1352 2166 accepi.
1366 2129 1434 2157 Nam
1446 2133 1473 2158 et
1485 2137 1533 2158 vos
1551 2131 1650 2164 nostri,
1670 2135 1700 2159 et

65 2181 118 2208 καὶ
148 2180 230 2216 ὑμῶν
259 2178 325 2213 ἐγὼ,
350 2178 398 2205 τοῦ
420 2177 575 2213 πνεύματος
588 2176 675 2208 οὕτως
688 2176 762 2211 ἡμᾶς
779 2174 855 2223 apud-

918 2182 968 2203 nos
997 2175 1081 2202 vestri
1098 2182 1205 2209 sumus,
1226 2176 1327 2212 spiritu
1350 2175 1480 2204 nimirum
1501 2183 1552 2204 nos
1568 2175 1603 2204 ad
1625 2176 1700 2204 hunc

66 2235 174 2258 σαντος
198 2225 266 2261 (52).
303 2223 390 2250 Τοῦτο
423 2223 539 2255 ειδότες,
564 2222 676 2257 εὔχεσθε
702 2221 758 2257 (55)
793 2218 864 2256 ὖπὲρ

63 2271 165 2307 ἡμῶν,
197 2271 244 2297 καὶ
260 2270 326 2304 περὶ
348 2268 456 2295 πάντων
473 2268 609 2303 θαρρεῖτε,
628 2266 666 2299 ὡς
682 2266 792 2298 οὐδένας
809 2265 865 2301 (54)

107 2369 173 2405 (45)
191 2369 266 2405 Alias
279 2368 312 2405 711.
326 2366 538 2405 Scriptaeodem
551 2367 660 2405 circiter
679 2370 812 2405 tempore.

107 2370 161 2405 (45
191 2369 266 2396 Alias
282 2369 312 2396 11.
326 2369 432 2403 Scripta
444 2369 538 2395 eodem
551 2369 660 2394 circiter
679 2370 812 2401 tempore.

105 2369 173 2441 (μ.)
194 2404 229 2441 Εἰ
249 2402 568 2441 κάκείνῳ-τορναγζίον
593 2402 700 2441 ἐδέκει.
719 2401 758 2428 Ita
785 2401 864 2441 Pass.

63 2436 148 2467 Edit.
161 2436 166 2440 ’
181 2440 272 2467 minus
289 2440 358 2466 bene
372 2438 454 2468 δοκεῖ,
474 2436 602 2464 videatur.
617 2436 738 2469 Quorum
756 2436 866 2471 quidem

63 2476 228 2502 verborum
246 2474 291 2500 hic
313 2481 411 2501 sensus
428 2475 480 2506 est,
501 2472 606 2499 tametsi
620 2472 665 2498 ille
677 2472 728 2498 sibi
748 2479 788 2498 me
799 2478 868 2505 pra:-

194 2543 325 2578 Προθείς.
353 2543 391 2570 Ita
418 2542 485 2578 Reg.
503 2541 567 2570 duo.
586 2541 658 2569 Edit.
677 2541 749 2568 male
772 2550 868 2577 προτι-

105 2614 173 2650 (46)
191 2614 265 2642 Alias
281 2614 325 2641 III.
340 2614 448 2649 Scripta
462 2613 541 2650 circa
552 2613 622 2640 idem
641 2615 762 2650 tempus.

106 2645 173 2686 (47)
194 2650 249 2677 Καὶ
265 2650 363 2686 πολὺν
387 2645 649 2686 τξΰνῇΑντίμαχρν.
676 2645 868 2686 Antimachum

61 2680 191 2721 poetam
207 2685 291 2722 fuisse
304 2680 678 2722 obscurissimum-colligere
691 2685 737 2722 est
744 2680 870 2722 exndfllio

62 2716 242 2757 Spartiano,
266 2719 312 2757 ubi
331 2720 480 2757 Adrianum
498 2716 689 2757 imperatorem
715 2716 752 2757 ait
766 2716 870 2757 “Calac-

61 2752 179 2784 Cianos
192 2756 277 2783 libros
289 2755 510 2785 obscurissimos.
522 2752 715 2780 Antimachum
726 2752 869 2782 imitando,

61 2791 241 2826 scripsisse.
255 2790 327 2824 Quin
338 2794 365 2818 et
378 2790 446 2816 Dion
457 2788 570 2826 Cassius
581 2787 705 2826 eumdem
718 2786 870 2826 Adrianum

61 2823 182 2853 scribit
201 2823 311 2862 Homeri
324 2832 429 2862 poema
441 2823 716 2862 abolere_cogitas_se.
732 2825 759 2849 et
776 2828 870 2862 pro_eo

62 2861 280 2889 Antimachum
298 2858 333 2888 in'
345 2859 447 2889 scholis
470 2858 612 2895 legendum
629 2858 769 2891 inducere,
790 2858 870 2892 cujus

916 2219 1028 2247 modum
1043 2220 1196 2255 copulante.
1213 2220 1292 2254 Quod
1306 2228 1368 2249 cum
1380 2221 1460 2249 vobis
1474 2221 1643 2257 exploratum
1652 2221 1699 2254 sit,

917 2272 967 2300 pro
984 2265 1064 2294 nobis
1084 2273 1180 2300 preces
1201 2267 1236 2294 ad
1259 2266 1346 2295 Deum
1364 2266 1501 2300 adhibete,
1515 2270 1544 2295 et
1560 2266 1595 2294 de
1610 2266 1701 2295 omni-

918 2374 1017 2408 nomen
1031 2367 1109 2396 multi
1129 2367 1217 2396 adhuc
1231 2368 1431 2404 ignoraverant.
1443 2367 1518 2396 BILL.
1531 2365 1599 2395 Vide
1610 2366 1703 2395 Suidte

918 2402 1103 2474 Leaigf'klias
1118 2438 1207 2466 CLIV.
1225 2438 1334 2474 Scripta
1351 2437 1422 2467 forte
1435 2438 1508 2466 circa
1521 2437 1618 2466 eadem
1632 2441 1704 2465 tem-

956 2480 995 2499 ra.

955 2508 1159 2544 (‘9)7Katé10l.
1171 2508 1238 2536 Cod.
1251 2507 1317 2544 Reg.
1334 2507 1453 2543 κατέχει.
1469 2506 1508 2535 Ita
1519 2510 1547 2535 et
1560 2506 1626 2543 legit
1638 2505 1702 2534 Bill.

919 2542 965 2578 qui
977 2543 1064 2578 reddit
1077 2553 1083 2570 :
1099 2544 1202 2578 retinet.

955 2577 1009 2612 (50)
1024 2578 1098 2605 Alias
1112 2578 1165 2605 CC.
1181 2577 1289 2612 Scripta
1305 2577 1380 2612 circa
1394 2584 1497 2604 annum
1513 2577 1577 2605 572.

955 2611 1155 2655 (saeuae.
1168 2614 1206 2655 Ie
1222 2611 1301 2655 0251.9-
1323 2611 1389 2655 ξίςβ-
1404 2617 1431 2655 εξ
1451 2612 1704 2655 Eas-Justinus-

919 2647 1074 2683 updviMox
1089 2647 1167 2682 ἐμοῦ.
1185 2649 1221 2674 Ita
1233 2647 1294 2683 Bill.
1310 2651 1336 2674 et
1351 2647 1474 2683 Cpm_bef.
1491 2647 1563 2683 Edit.
1581 2647 1652 2683 suci.

942 2681 1012 2722 '552)
1032 2681 1237 2717 Ἀρμόσαντος.
1257 2682 1297 2709 Ita
1313 2681 1392 2710 codd.
1409 2681 1477 2718 Reg.
1493 2686 1521 2710 et
1534 2681 1658 2710 Com'bel'.
1672 2681 1704 2710 In

936 2718 985 2743 dit.
1001 2718 1174 2745 ἁρμόζοντος.

920 2722 985 2744 edit.
1001 2722 1174 2751 αρμοςοντος.

956 2725 985 2743 ιι.
1001 2725 1174 2752 αρμοςοντος.

956 2752 1013 2788 (55)
1027 2752 1158 2788 Είδότες,
1173 2752 1308 2787 εὔχεσθε.
1326 2752 1365 2780 Ita
1378 2752 1439 2780 cod.
1455 2752 1523 2788 Reg.
1539 2756 1566 2780 et
1577 2751 1702 2780 Combef.

921 2785 950 2813 In
961 2785 1010 2822 ed.
1025 2787 1135 2822 εἰδότες,
1153 2787 1200 2814 καὶ
1208 2785 1335 2822 ἐῠχεσθε.

956 2821 1012 2857 (54)
1029 2821 1170 2855 Οὐδένας.
1183 2822 1228 2849 Sic
1241 2821 1444 2850 emendavimus
1456 2830 1488 2850 ex
1502 2822 1563 2850 cod.
1573 2821 1640 2857 Par.
1656 2821 1704 2857 οὒ-

920 2856 993 2890 δένα,
1004 2857 1075 2892 quod
1085 2857 1180 2888 vitiose
1187 2857 1283 2894 legitur
1291 2858 1320 2886 in
1328 2858 1372 2886 ed.
1384 2857 1454 2892 Illos,
1463 2858 1550 2895 ἡμῶν.
1559 2856 1705 2894 Εά.ΰμῶν.
