1923 3053
246 167 298 194 “5

847 164 877 193 S.
897 163 1060 193 GBEGORII
1081 163 1256 192 THEOLOGI

1812 159 1862 186 “6

244 226 299 253 est,
319 229 374 249 non
389 219 521 249 concedo.
536 219 710 247 Ortbodoxia:
729 220 840 248 nomine
853 220 957 248 frustra
971 221 1025 248 lau-

1082 221 1132 256 τὴν
1154 221 1244 247 πίστιν
1271 217 1311 252 οἷς
1332 219 1501 254 διαλέγεται,
1524 220 1538 247 ὁ
1560 218 1589 246 δὲ
1604 216 1800 254 συμπροδιδοὺς
1822 213 1862 247 οἷς

246 267 328 295 datur
349 265 467 294 Basilius
478 285 485 297 ,
511 264 614 292 frustra
629 263 778 300 Gregorius
795 272 802 291 :
819 264 865 293 ille
885 265 950 300 quia
970 273 1028 293 ser-

1081 265 1216 300 ἀνέχεται.

247 313 373 343 monibus
381 314 440 342 suis
450 313 593 341 veritatem
606 312 706 348 prodit;
721 312 765 341 hic
774 313 840 348 quia
850 321 907 341 rem
919 313 1030 341 ferendo
1050 312 1109 348 pari
1119 320 1148 340 se
1155 311 1319 347 proditionis
1325 313 1401 338 reatu
1410 310 1567 346 obstringit.

281 388 332 416 Hic
350 395 401 423 ego
417 397 424 415 :
438 387 518 416 Unde
536 387 599 420 hoc,
615 395 632 414 ο
650 388 732 415 homo
746 395 828 421 vane,
852 392 934 424 atque
950 396 1029 416 arro-

245 435 345 471 gantiaa
365 435 477 462 nomine
498 441 567 461 nove
583 433 690 461 Dathan
701 438 728 462 et
746 433 866 461 Abiron?
890 434 961 462 unde
979 441 1031 462 no—

243 482 288 510 bis
311 481 469 516 dogmatum
497 480 686 515 promulgator
707 480 800 508 venis?
815 480 924 508 Siccine
939 484 1029 508 tanta~

245 536 307 556 rum
321 535 413 556 rerum
429 527 549 563 judicem
569 527 686 562 teipsum
699 526 802 555 efﬁcis?
817 527 885 555 Tum
901 527 946 555 ille
962 537 968 555 :
987 528 1028 555 Ex

245 574 299 609 52
309 573 455 609 Eupsycbii
470 573 599 609 martyris
610 572 726 601 solemni
740 578 876 601 conventu
896 581 969 600 nunc
982 581 1028 601 ve-

245 620 293 647 nio
317 619 369 655 (sic
383 619 455 647 enim
471 627 515 647 res
528 626 558 647 se
573 619 713 655 habebat),
730 623 812 654 atque
826 619 882 647 illic
897 619 1028 647 Basiliam

244 670 374 697 magnum
389 662 491 695 audivi,
515 662 549 690 de
564 663 654 690 Patris
673 663 782 698 quidem
801 669 829 691 et
844 663 905 691 Filii
928 664 1027 692 deitate

244 708 347 743 optimc
369 711 396 735 et
418 707 635 744 perfectissime,
660 714 742 745 atque
767 713 796 736 ut
816 709 862 737 vix
880 710 1026 745 quisquam

244 754 316 781 alius
339 754 418 782 facile
447 759 547 790 queat,
575 754 769 788 disserentem,
785 755 917 790 Spiritum
937 759 1029 783 autem

245 804 372 828 sanctum
386 801 585 828 convellentem
596 809 627 828 ac
645 801 862 837 distorquentcm
877 801 928 836 (Ac
950 801 1029 829 simi-

244 846 388 874 litudinem
397 847 545 882 quamdam
558 847 712 880 adhibebat,
728 851 858 882 tanquam
871 847 1027 880 ﬂuviorum,

243 892 291 928 qui
310 896 402 927 petras
413 896 576 927 praetereant
594 900 622 920 et
636 900 745 920 arenam
767 894 922 928 excavent).
952 893 1028 920 Alio-

1115 390 1200 417 Πόθεν
1223 389 1312 422 τοῦτο,
1336 388 1414 423 ἔφην,
1439 386 1461 413 ὦ
1482 387 1578 422 μάταιε
1595 386 1638 417 σὺ,
1651 385 1698 412 κα)¹
1717 383 1760 411 νέε
1775 381 1863 409 Δαθὰν

1080 438 1127 462 καὶ
1160 435 1290 471 Ἀὃειρὼν
1312 435 1361 470 τὴν
1385 433 1533 466 ἀπόνοιαν;
1554 432 1635 458 πόθεν
1647 431 1714 466 ἡμῖν
1732 430 1809 465 ἦκεις
1819 429 1863 454 δο-

1079 482 1250 517 γματιστής;
1265 480 1328 512 Πῶς
1344 479 1455 507 σεαυτὸν
1466 480 1552 510 ποιεῖς
1569 476 1734 513 τηλικούτων
1749 476 1862 511 κριτήν;

1086 528 1134 554 Ἐκ
1146 528 1195 562 τῆς
1210 526 1270 553 κατ’
1288 525 1424 560 Εύψυχίου
1439 523 1486 551 τοῦ
1499 524 1634 559 μάρτυρος
1646 522 1713 557 (75),
1725 521 1787 556 ἔφη,
1800 528 1862 546 συν-

1079 572 1139 599 όδου
1153 571 1201 599 νῦν
1217 572 1277 607 ἥκω
1289 571 1346 605 (καὶ
1360 569 1414 606 γὰρ
1433 567 1505 605 εἶχεν
1518 568 1626 603 οὕτως),
1639 568 1749 594 κάκεῖσε
1761 567 1862 601 ἥκουσα

1078 618 1125 645 τοῦ
1145 617 1261 653 μεγάλου
1285 615 1425 645 Βασιλείου
1440 613 1626 649 Θεολογοῦντος
1644 613 1678 640 τὰ
1695 613 1742 648 μὲν
1757 612 1863 647 Πατρὺς

1079 665 1127 692 κα1⁷
1141 664 1207 691 Υίοῦ
1222 664 1321 699 ἄριστά
1341 672 1371 689 τε
1394 663 1441 689 καὶ
1462 660 1624 692 τελεώτατα,
1640 660 1687 687 καὶ
1710 660 1748 691 ὡς
1766 659 1815 685 οὐκ
1830 658 1863 685 ἄν

1077 720 1121 743 τις
1138 710 1217 742 ἄλλος
1240 710 1340 746 ῥᾳδίως
1351 709 1433 740 εἴποι,
1449 708 1479 734 τὸ
1492 706 1604 742 Πνεῦμα
1622 705 1650 732 δὲ
1662 704 1863 740 παρασύροντος

1079 756 1137 791 (καὶ
1151 754 1305 791 προσετίθει
1326 753 1388 780 τινὰ
1400 752 1534 783 εἰκασίαν,
1551 750 1645 786 ὥσπερ
1663 749 1718 776 τῶν
1734 748 1863 784 ποταμῶν

1078 801 1104 828 οἱ
1127 801 1177 832 τὰς
1197 801 1246 836 μὲν
1268 799 1371 835 πέτρας
1397 798 1623 834 παρατρέχοντες,
1637 796 1686 831 τὴν
1705 795 1734 821 δὲ
1751 794 1864 829 ψάμμον

1078 846 1281 881 κοιλαίνοντες).
1295 846 1331 872 Ἢ
1350 844 1376 871 τί
1399 844 1431 880 δή
1448 852 1524 876 ποτε,
1548 840 1571 870 ὧ
1592 841 1735 877 θαυμάσιε,
1754 841 1785 867 σὺ
1802 840 1861 875 μὲν,

1079 893 1131 929 ἔφη
1146 894 1214 930 πρὸς
1226 893 1276 929 ἐμὲ
1289 893 1405 928 βλέπων,
1422 892 1474 928 ήδη
1491 891 1616 927 φανερῶς
1633 890 1664 917 τὸ
1678 889 1790 924 Πνεῦμα
1805 888 1864 914 θεο-

243 938 291 973 qui
304 937 377 965 enim
391 945 441 965 cur
455 942 495 969 tu,
506 938 549 966 vir
560 938 728 971 admirande,
743 938 832 973 inquit
847 946 889 966 me
902 939 1024 970 intuens,

1081 940 1166 974 λογεῖς
1195 939 1252 975 (καὶ
1284 938 1354 970 τινὸς
1380 937 1606 972 ἀπεμνημόνευσε
1629 935 1683 962 τῶν
1710 933 1799 969 ἐμῶν,
1825 933 1864 964 ὡς

240 983 298 1018 jam
313 983 467 1019 perspicuis
478 984 569 1011 verbis
582 983 712 1019 Spiritum
724 988 849 1011 sanctum
866 983 950 1011 Deum
965 991 1026 1011 esse

242 1031 358 1063 asseris,
371 1029 520 1065 (simulque
551 1037 645 1057 vocem
671 1029 816 1065 quamdam
836 1037 924 1057 meam
950 1037 1026 1057 com-

241 1077 415 1109 memoravit,
432 1084 497 1104 cum
509 1084 561 1111 ego
575 1076 603 1103 in
619 1075 840 1111 frequentissimo
852 1080 924 1104 ctetu
940 1077 974 1104 de
990 1077 1028 1104 di.

241 1123 355 1151 vlnitate
379 1123 463 1151 verba
490 1123 606 1154 faciens,
629 1122 820 1157 pervulgatum
834 1122 901 1150 illud
916 1122 950 1150 de
965 1122 1026 1158 Spi-

242 1167 297 1194 ritu
310 1171 408 1195 sancto
427 1167 573 1195 interfatus
590 1175 679 1195 essem
698 1176 705 1194 :
727 1167 875 1202 Quousque
887 1168 1026 1195 lucernam

241 1212 294 1240 sub
313 1213 406 1241 modio
426 1213 626 1241 abscondemus
637 1213 660 1246 ?)
689 1213 733 1240 ille
747 1217 838 1240 autem
851 1213 912 1240 fidei
925 1214 1028 1241 doctri-

241 1265 304 1284 nam
320 1258 438 1285 obscure
457 1258 586 1289 ostendit,
607 1264 639 1284 ac
648 1257 722 1284 velut
736 1257 893 1291 adumbrat,
911 1265 961 1285 nec
981 1266 1026 1286 ve-

1080 987 1109 1013 ὲν
1131 985 1232 1020 συνόδῳ
1251 984 1306 1020 (76)
1336 982 1540 1019 πολυανθρώπῳ
1565 981 1786 1016 Θεολογήσαντος,
1804 977 1863 1006 εἶτα

1080 1032 1238 1063 ἐπειπόντος
1252 1030 1292 1066 τῷ
1305 1030 1442 1065 Πνεύματι
1456 1028 1536 1055 τοῦτο
1548 1027 1580 1063 δὴ
1590 1027 1621 1054 τὸ
1634 1026 1805 1062 περιϐόητον,
1818 1026 1859 1055 τὸ,

1079 1077 1168 1112 Μέχρι
1195 1076 1265 1107 τίνος
1289 1075 1341 1102 ὑπὸ
1353 1075 1392 1110 τῷ
1410 1074 1492 1110 μοδίῳ
1510 1074 1555 1100 τὸν
1572 1073 1666 1108 λύχνον
1689 1071 1859 1108 κρύψομεν);

1078 1125 1092 1150 ὁ
1104 1123 1132 1150 δὲ
1160 1123 1304 1159 ὑποφαίνει
1329 1123 1377 1158 μὲν
1405 1120 1545 1158 ἀμυδρῶς,
1565 1121 1613 1147 καὶ
1625 1117 1680 1146 οἷον
1699 1118 1865 1153 σκιαγραφεῖ

1078 1169 1123 1195 τὸν
1140 1169 1228 1203 λόγον,
1243 1169 1273 1196 οὐ
1290 1168 1504 1204 παρρησιάζεται
1524 1167 1553 1194 δὲ
1574 1167 1623 1202 τὴν
1637 1165 1775 1200 ἀλήθειαν,
1787 1163 1863 1190 πολι-

1079 1214 1226 1250 τικώτερον
1242 1214 1259 1249 ἢ
1273 1213 1463 1248 εὐσεϐέστερον
1477 1213 1527 1247 τὴν
1542 1211 1625 1246 ἀκοὴν
1635 1209 1797 1242 ἐπικλύζων,
1817 1209 1865 1235 καὶ

1077 1261 1110 1295 τῇ
1124 1259 1289 1295 δυνάμειτοῦ
1304 1259 1383 1292 λόγου
1396 1258 1445 1293 τὴν
1456 1257 1565 1292 διπλόην
1578 1254 1786 1292 περικαλύπτων
1795 1254 1862 1290 (77),

241 1303 350 1331 ritatem
371 1303 455 1333 libere
466 1304 624 1340 proﬁtetur,
646 1305 756 1340 politice
776 1305 861 1344 magis
876 1313 959 1341 quam
980 1306 1024 1342 pie
1043 1314 1137 1335 aurem
1147 1308 1278 1340 obruens,
1299 1305 1463 1341 dicendique
1495 1304 1627 1332 facultate
1646 1302 1793 1331 versutiam
1823 1305 1864 1329 te-

241 1357 308 1386 gens
319 1349 331 1376 ?

267 1418 539 1455 Quoniam,inquam,
548 1427 598 1456 ego
606 1421 634 1448 in
643 1421 759 1449 obscuro
769 1422 885 1457 positus,
894 1429 925 1449 ac
934 1422 1028 1457 pleris-

240 1472 296 1500 que
309 1465 477 1500 incognitus,
487 1466 559 1493 sicut
567 1474 618 1494 nec
624 1474 684 1501 quae
697 1467 804 1502 loquar,
814 1476 864 1496 nec
874 1475 908 1495 an
917 1468 1023 1504 loquar,

1115 1422 1177 1448 ’Ὁτι
1194 1420 1249 1455 ἐγὼ
1272 1421 1332 1456 μὲν,
1348 1420 1426 1455 ἔφην,
1439 1421 1468 1447 ὲν
1480 1419 1647 1455 παραϐύστῳ
1666 1419 1802 1455 κείμενος,
1816 1420 1864 1445 καὶ

1077 1468 1134 1499 τοῖς
1149 1467 1254 1499 πολλοῖς
1269 1466 1459 1502 ἀγνοούμενος,
1476 1466 1523 1493 καὶ
1544 1465 1612 1501 μηδὲ
1626 1465 1644 1492 ἃ
1659 1465 1777 1501 λέγοιμι,
1796 1465 1864 1501 μηδὲ

241 1509 329 1539 ferme
347 1511 472 1540 homines
496 1511 595 1544 sciant,
618 1512 677 1540 sine
686 1514 809 1549 periculo
834 1514 1023 1549 philosophor.

1081 1515 1118 1541 ὅτι
1145 1513 1254 1548 λέγοιμι
1278 1512 1334 1548 (78)
1355 1511 1447 1548 σχεδὸν
1475 1512 1685 1547 γινωσκόμενος,
1716 1511 1864 1543 ἀκινδύνως

240 1555 316 1583 Illius
326 1560 416 1584 autem
427 1557 515 1592 major
524 1557 638 1585 habetur
645 1559 724 1591 ratio,
733 1563 825 1594 utpote
831 1560 909 1595 cujus
915 1568 1025 1592 nomen.

241 1605 301 1629 tum
311 1602 347 1629 ob
367 1602 599 1637 ipsiusvirtutem,
615 1608 672 1631 tum
694 1605 730 1633 ob
752 1605 881 1634 Ecclesiae.
902 1606 1028 1642 splendo-

242 1655 301 1676 rem
322 1649 409 1676 multo
425 1649 461 1676 sit
486 1649 631 1678 illustrius.
654 1651 693 1678 Ac
714 1652 803 1686 palam
829 1656 871 1680 est
893 1652 1027 1688 quidquid

242 1693 343 1721 dicitur
361 1703 369 1722 :
393 1694 543 1731 ingensque
567 1696 642 1724 circa
652 1705 714 1725 eum
726 1698 826 1725 bellum
844 1702 902 1732 est,
918 1699 1029 1735 cupien-

241 1740 317 1768 tibus
333 1740 463 1768 nimirum
475 1742 612 1771 btereticis
631 1744 731 1772 nudam
746 1749 773 1773 et
798 1751 920 1781 apertam
932 1754 1026 1775 vocem

242 1792 277 1812 ex
294 1785 440 1820 ipsiusmet
462 1787 557 1816 Basilii
581 1796 629 1816 ore
648 1790 780 1824 arripere,
796 1797 827 1819 ut
843 1792 901 1827 ipse
916 1792 1027 1828 quidem

241 1839 277 1860 ex
300 1831 424 1861 Ecclesia
447 1835 613 1869 expellatur,
638 1836 684 1872 qui
704 1838 779 1865 solus
803 1846 874 1873 pene
902 1840 1026 1867 veritatis

243 1877 382 1913 igniculus
408 1883 495 1908 restat
517 1888 550 1908 ac
571 1881 664 1909 vitalis
683 1882 810 1916 facultas,
828 1883 924 1912 vicinis
936 1885 1026 1921 omni-

241 1923 294 1952 bus
316 1924 406 1960 captis
418 1932 450 1953 ac
465 1925 620 1962 subiugatis
633 1934 641 1960 ;
656 1928 758 1955 malum
769 1932 859 1956 autem
873 1929 901 1957 in
914 1930 1026 1959 civitate

241 1969 350 1998 radices
364 1973 436 2006 agat,
453 1976 535 2006 atque
550 1980 585 1999 ex
600 1972 653 2000 hac
672 1972 795 2001 Ecclesia
811 1982 866 2002 non
885 1982 965 2003 secus
985 1980 1027 2003 at-

241 2023 297 2050 que
317 2024 351 2044 ex
374 2023 472 2052 aggere
486 2018 604 2053 quodam
627 2023 655 2046 et
673 2020 880 2055 propugnaculo
891 2024 1025 2048 terrarum

240 2061 336 2089 orbem
345 2063 499 2097 populetur.
512 2062 626 2091 Praestat
636 2064 730 2100 itaque
743 2067 922 2093 oeconomiam
930 2074 1027 2102 quam-

241 2107 304 2134 dam
318 2107 352 2135 ad
367 2109 508 2136 veritatem
523 2110 673 2138 adhibitam
693 2111 788 2144 fuisse,
806 2112 884 2139 nobis
900 2112 1026 2140 videlicet

241 2153 373 2188 tempori,
400 2155 480 2189 quasi
505 2155 613 2182 nebulae
627 2155 747 2187 cuidam.
763 2157 889 2184 nonnihil
902 2158 1026 2185 cedenti-

240 2198 304 2232 bus,
320 2207 403 2234 quam
429 2203 459 2227 ut
475 2207 507 2227 ea
524 2200 559 2228 ob
577 2200 782 2236 praedicationis
800 2203 1023 2237 perspicuitatem

1080 1561 1226 1596 φιλοσοφῶ.
1254 1560 1307 1587 Τοῦ
1326 1561 1355 1587 δὲ
1378 1561 1477 1588 πλείων
1492 1562 1506 1587 ό
1523 1561 1602 1595 λόγος
1614 1559 1681 1596 (79),
1695 1559 1732 1591 ὡς
1746 1565 1865 1593 περιφα-

1079 1607 1207 1643 νεστέρου
1221 1607 1269 1633 καὶ
1283 1608 1347 1642 παρ’
1356 1606 1465 1639 ἑαυτοῦ,
1475 1607 1522 1633 καὶ
1533 1606 1609 1641 παρὰ
1622 1606 1670 1641 τῆς
1689 1603 1862 1639 Ἐκκλησίας.

1078 1652 1133 1680 Καὶ
1146 1653 1262 1688 δημοσίᾳ
1276 1654 1330 1680 πᾶν
1348 1652 1379 1679 τὸ
1391 1653 1546 1688 λεγόμενον,
1561 1651 1643 1683 πολύς
1659 1659 1689 1677 τε
1706 1650 1768 1686 περὶ
1782 1649 1864 1676 αὐτὸν

1076 1701 1091 1727 ὁ
1105 1701 1232 1736 πόλεμος,
1239 1700 1391 1736 ζητούντων
1401 1700 1529 1727 λαϐέσθαι
1541 1699 1593 1726 τῶν
1602 1697 1747 1733 αἱρετικῶν
1757 1696 1864 1731 γυμνῆς

1077 1746 1127 1781 τῆς
1148 1746 1241 1780 φωνῆς
1267 1746 1314 1773 καὶ
1334 1745 1417 1773 αὑτοῦ
1436 1745 1587 1776 Βασιλείου,
1607 1745 1640 1770 ἶν’
1658 1745 1672 1770 ὁ
1693 1744 1741 1778 μὲν
1757 1742 1863 1778 ἐξωσθῇ

1076 1792 1127 1827 τῆς
1143 1791 1315 1827 Ἑκκλησίας,
1332 1792 1346 1818 ό
1364 1791 1443 1827 μόνος
1464 1791 1556 1826 σχεδὸν
1584 1789 1795 1824 ὑπολειπόμενος
1813 1788 1864 1822 τῆς

1077 1837 1206 1871 ἀληθείας
1225 1837 1342 1872 σπινθὴρ
1352 1837 1398 1864 καὶ
1412 1838 1429 1872 η
1443 1836 1544 1871 ζωτικὴ
1561 1835 1687 1870 δύναμις,
1700 1834 1753 1861 τῶν
1770 1833 1864 1869 κύκλῳ

1077 1882 1187 1910 πάντων
1214 1883 1456 1918 κατειλημμένων·
1474 1881 1575 1917 ριζωθῇ
1591 1881 1620 1908 δὲ
1637 1880 1668 1906 τὸ
1685 1879 1768 1906 κακὸν
1783 1880 1812 1906 ὲν
1828 1880 1863 1914 τῇ

1078 1927 1165 1960 πόλει,
1183 1928 1229 1955 καὶ
1241 1928 1335 1963 ὥσπερ
1347 1927 1401 1954 ἀπό
1412 1936 1483 1958 τινος
1497 1926 1665 1962 ὁρμητηρίου
1676 1926 1725 1960 τῆς
1749 1923 1865 1958 Ἐκκλη-

1077 1975 1140 2007 die;
1159 1975 1276 2011 ταύτης,
1305 1976 1395 2002 πᾶσαν
1427 1974 1589 2011 καταδρὰμῃ
1618 1974 1668 2009 τὴν
1689 1972 1862 2008 οἰκουμένην.

1077 2020 1186 2047 Βέλτιον
1210 2018 1257 2047 οὖν
1288 2020 1499 2056 οίκονομηθῆναι
1521 2019 1572 2055 τὴν
1597 2018 1741 2055 ἀλήθειαν,
1765 2018 1863 2054 μικρὸν

1077 2067 1205 2100 εἰξάντων
1219 2066 1308 2102 ἡμῶν,
1326 2065 1419 2102 ὥσπερ
1437 2066 1513 2100 νέφει
1528 2065 1592 2096 τινί,
1607 2065 1647 2100 τῷ
1663 2063 1762 2100 καιρῷ,
1776 2064 1793 2099 ἢ
1813 2072 1863 2090 κα-

1076 2112 1223 2148 ταλυθῆναι
1247 2112 1287 2148 τῷ
1315 2111 1423 2147 φανερῷ
1442 2111 1488 2138 τοῦ
1512 2111 1698 2147 κηρύγματος.
1718 2109 1796 2145 Ἡμῖν
1814 2110 1863 2145 μὲν

1075 2158 1130 2194 γὰρ
1145 2158 1221 2185 οὐδὲν
1251 2158 1347 2193 βλάϐος
1369 2158 1416 2185 καὶ
1435 2159 1482 2184 ἀπ’
1496 2157 1583 2184 ἄλλων
1593 2156 1692 2188 λέξεων
1704 2155 1784 2183 τοῦτο
1798 2164 1863 2182 συν-

1078 2204 1213 2239 αγουσῶν,
1234 2204 1302 2231 Θεὸν
1329 2204 1360 2230 τὸ
1385 2203 1498 2239 Πνεῦμα
1524 2202 1668 2237 γινώσκειν
1691 2202 1733 2236 (οὐ
1757 2201 1811 2237 γὰρ
1832 2202 1863 2228 ὲν

240 2244 455 2282 opprimeretur.
470 2244 556 2274 Nobis
570 2246 643 2274 enim
656 2254 690 2275 ex
703 2254 736 2275 ea
750 2255 780 2276 re
794 2248 862 2276 nihil
874 2248 969 2276 damni
984 2248 1024 2276 fa-

1081 2251 1133 2287 ἤχῳ
1151 2250 1262 2286 μᾶλλον,
1282 2249 1419 2286 ἢδιανοίᾳ
1446 2248 1552 2276 κεῖσθαι
1575 2248 1625 2284 τὴν
1646 2247 1801 2284 ἁλήθειαν)·
1823 2248 1857 2283 τῇ

276 2365 333 2402 (75)
342 2366 418 2402 ,Κατ’
430 2366 589 2402 Εὐψυχιου
605 2366 658 2402 te}?
671 2366 829 2401 μάρτυρος.
842 2367 882 2395 Ita
895 2368 1023 2402 Montac.,

240 2405 269 2428 et
287 2401 328 2428 sic
337 2401 484 2439 legendum
498 2401 619 2439 videtur.»
635 2401 690 2429 Nec
698 2402 776 2439 enim
791 2403 874 2430 verba
886 2403 932 2430 τοῦ
952 2401 1024 2439 μάρὲ

240 2436 621 2477 ’ξυροςέίιιῃεξ-ρρίξξιιηινοοί
642 2437 762 2477 συνόᾷον,
781 2445 842 2472 quae
855 2436 967 2477 generis
982 2436 1024 2466 est

241 2470 515 2513 femininiL'At;Bill.,
532 2476 561 2498 ut
581 2479 690 2513 omnem
706 2470 797 2513 tollat
807 2470 1024 2513 ambiguitatem,

239 2506 385 2549 Υεξιέεετοδ
406 2506 544 2549 vita???”
571 2506 654 2549 uter)
681 2507 715 2534 ad
733 2506 917 2549 Ειξιξξγεξιίυῖαι
941 2512 969 2535 ει
988 2506 1022 2549 ei

240 2540 387 2575 synodum,
405 2540 549 2577 vertitque,
569 2540 611 2568 Ea:
625 2540 907 2577 Eupaychii‘M‘artyria
922 2544 1022 2578 synodo

241 2583 310 2612 nunc
323 2576 406 2612 neuio,
424 2584 532 2612 eamque
543 2576 610 2612 dicti
623 2578 673 2604 mei
684 2582 774 2604 testem
790 2577 881 2605 habeo.
896 2577 1024 2606 Fortasse

241 2610 289 2654 hic
298 2597 527 2654 est.Eupsvylch_i'us
539 2612 587 2654 ille
599 2597 777 2654 cééériéﬁgip
795 2597 881 2654 nobili
896 2597 1024 2654 ioEﬁZ-‘Z

242 2648 299 2678 tus,
311 2646 391 2680 cujus
402 2646 526 2674 meminit
539 2646 718 2678 Sozomenus.
730 2647 802 2675 Hiu.
817 2648 922 2682 tripart.
935 2649 983 2676 lib.
995 2657 1022 2681 v,

241 2686 304 2723 cap:
324 2681 444 2723 linqui,
459 2681 499 2723 ob
509 2689 634 2723 eversum
649 2681 776 2723 Fortunae
788 2683 929 2719 templum,
941 2683 1024 2719 impe-

240 2719 321 2743 rante
338 2715 448 2744 Iuliano
462 2716 644 2753 interemptus
654 2722 707 2745 est.
844 2715 854 2719 ’
979 2715 990 2719 ’

246 2783 255 2786 Α
277 2750 334 2786 (76)
349 2751 405 2779 Καὶ
426 2751 514 2786 urbe
524 2752 773 2786 ἀπεμνημόνευσε
796 2753 855 2780 τῶν
874 2751 962 2786 ἐμῶν,
981 2753 1004 2779 ὦ

277 2751 334 2786 (76)
349 2751 405 2779 Καὶ
426 2751 508 2785 τινὸς
524 2751 773 2787 ἀπεμνημόνευσε
796 2753 855 2780 τῶν
874 2751 962 2788 ἐμῶν,
981 2753 1022 2787 ὡς

240 2783 278 2812 ἐν
290 2786 421 2822 quodq),
436 2790 490 2822 etc.
504 2785 535 2815 In
551 2787 673 2822 utrisque
684 2788 825 2816 codicibus
839 2787 942 2815 Grecis
958 2795 1021 2815 eor-

240 2820 402 2858 amplissime
415 2821 524 2858 legitur,
539 2822 585 2848 καὶ
603 2820 675 2854 τινος
688 2823 736 2858 ὰπξ
746 2823 813 2858 ἐμοῦ
827 2823 908 2858 μονῆς
924 2832 954 2849 τε
964 2822 1019 2850 τῶν

241 2854 326 2891 ιμῶν.
350 2855 405 2892 Sed
427 2854 508 2887 facile
524 2860 568 2887 est
583 2864 704 2887 errorem
721 2854 938 2894 deprehendere;
956 2866 1018 2893 cor:

1075 2369 1165 2404 rigere
1181 2372 1272 2396 autem
1288 2369 1341 2396 hoc
1355 2376 1435 2404 opus,
1448 2369 1493 2396 hic
1506 2368 1584 2396 labor
1598 2372 1650 2396 est.
1667 2368 1723 2403 Ego
1736 2376 1802 2395 vero
1815 2376 1861 2395 ve-

1075 2405 1299 2444 ramhlectionem
1315 2404 1494 2444 hacudemum
1510 2404 1618 2444 ratione
1637 2403 1861 2444 commodissime

1075 2439 1287 2474 restituiiposse
1312 2439 1442 2470 arbitror,
1466 2439 1490 2466 si
1518 2447 1567 2474 pro
1586 2439 1628 2466 his
1640 2443 1756 2473 quatuor
1769 2439 1860 2466 verbis

1075 2474 1122 2501 ἀπ’
1138 2473 1205 2508 ἐμοῦ
1224 2474 1309 2509 μονῆς
1334 2483 1375 2506 τε,
1401 2473 1584 2501 substituatur
1609 2474 1719 2509 unicum
1745 2473 1860 2509 verbum

1076 2509 1317 2544 ἀπεμνημόνευσε,
1339 2513 1421 2544 atque
1439 2509 1520 2536 etiam
1538 2510 1576 2536 ita
1591 2508 1719 2537 transtuli
1736 2508 1859 2544 clarissi-

1076 2543 1174 2576 mo,'ut
1182 2543 1292 2579 Opinor,
1309 2543 1404 2576 sensu,
1420 2551 1472 2572 nec
1487 2552 1503 2572 a
1518 2544 1642 2580 Gregorii
1657 2547 1747 2571 mente
1759 2543 1851 2571 abhor-

1076 2583 1164 2607 rente.

1111 2613 1168 2649 (77)
1197 2614 1256 2648 Τὴν
1279 2614 1409 2648 διπλόην
1436 2615 1674 2649 περικαλυπτων.
1704 2613 1806 2640 varium
1827 2621 1859 2639 ac

1076 2649 1250 2683 multiplicem
1264 2649 1466 2684 Scriptururum
1484 2657 1587 2684 sensum
1605 2650 1733 2684 obtegens.

1112 2682 1168 2719 (78)
1183 2684 1266 2718 Μηδὲ
1280 2682 1458 2719 ὅτίλέτοιμι.
1472 2683 1596 2712 Combef.
1613 2683 1681 2719 μηδὲ
1693 2683 1767 2715 ὅστις
1778 2682 1858 2717 λέγο-

1076 2727 1138 2754 μαι,
1153 2720 1211 2754 quis
1225 2727 1299 2746 vocer
1314 2720 1511 2754 propemodum.

1111 2727 1138 2750 ιι,
1170 2728 1211 2746 ius
1225 2727 1299 2746 vocer
1314 2727 1511 2754 propemodum.

1111 2727 1169 2792 (79)
1182 2754 1297 2792 illsle
1306 2754 1436 2792 {My-oc:
1451 2753 1490 2781 Ita
1503 2753 1565 2792 cod.
1577 2757 1605 2781 et
1613 2752 1737 2792 gombef.
1748 2753 1778 2779 In

1075 2786 1167 2815 πλεῖον
1177 2790 1191 2815 ό
1204 2789 1294 2823 λόγος.
1308 2786 1383 2820 Mox,
1396 2786 1443 2820 ita)
1454 2790 1520 2824 παρ’
1532 2787 1640 2819 ἑαυτοῦ,
1655 2786 1713 2824 καί,
1727 2786 1857 2824 (δα-8111.

1072 2824 1164 2859 vertit,
1191 2821 1248 2850 tum
1276 2824 1307 2852 ob
1329 2823 1413 2858 ipsius
1437 2821 1570 2859 uirtutem,
1591 2828 1646 2851 tum
1672 2823 1704 2850 ob
1731 2821 1858 2851 Ecclesia

1070 2858 1243 2894 splendorem.
