1923 3053
82 117 134 145 ΗῚ

768 117 936 147 EPISTULA
956 116 1024 148 LIX.

1653 121 1706 148 “8

87 172 238 209 Ἐκκλησία
251 172 278 199 δὲ
289 172 410 208 μεγάλην
426 173 527 208 ζημίαν
543 172 599 210 (80)
613 173 643 201 τὸ
658 174 692 201 δι’
705 174 764 207 ἑνὸς
775 175 869 212 ἀνδρὸς

926 175 1029 207 cimus,
1057 173 1081 202 si
1101 181 1134 201 ex
1154 173 1214 201 aliis
1233 172 1342 209 quoque
1362 168 1542 208 dictionibus,
1561 175 1661 211 quibus
1682 177 1710 205 id

80 220 230 255 διωχθῆναι
244 219 293 255 τὴν
306 218 444 254 ἀλήθειαν.

919 225 997 248 certo
1012 220 1168 255 colligatur,
1185 219 1316 255 Spiritum
1331 225 1457 248 sanctum
1474 220 1559 249 Deum
1574 229 1709 257 agnosca-

81 275 145 294 mus
168 268 267 302 (neque
281 267 353 294 enim
386 267 414 292 in
427 266 572 293 verborum
587 273 654 294 sono
669 267 769 302 potius,
786 275 867 302 quam
885 268 911 294 in
923 271 1012 294 mente
1021 270 1049 294 et
1065 266 1197 295 sententia
1210 267 1309 294 veritas
1327 267 1380 295 sita
1394 268 1471 303 est);
1486 267 1607 297 Ecclesia
1618 274 1714 298 autem

81 322 165 350 grave
189 314 288 341 vulnus
305 318 449 348 acceptura
467 317 518 347 est,
539 314 561 341 si
581 315 616 341 ob
641 314 723 342 unius
747 315 864 342 hominis
887 314 1045 349 eiectionem
1059 314 1160 341 veritas
1173 313 1338 348 proﬂigetur.

120 359 177 385 υὺκ
191 358 314 390 ἐδέξαντο
324 358 373 394 τὴν
387 359 588 394 οίκονομίανὼς
598 359 680 386 ἕωλον
693 360 741 386 καὶ
760 360 871 392 παίζου-

83 414 134 432 σαν
147 405 202 440 (81)
227 405 324 436 αὐτοὺς
353 405 377 431 οί
404 405 546 440 παρόντες
571 405 639 432 ἀλλὰ
661 406 707 432 καὶ
734 406 871 434 κατεϐόων

81 451 173 487 ἡμῶν,
190 451 227 483 ὡς
243 451 291 486 τὴν
312 451 412 478 δειλίαν
437 451 547 486 μᾶλλον,
571 451 587 487 ἢ
609 452 655 478 τὸν
676 452 755 487 λόγον
769 453 873 480 οἰκονο-

84 496 217 532 μούντων.
244 496 314 523 Πολὺ
340 496 394 532 γὰρ
412 494 481 523 εἶναι
496 496 608 532 βέλτιον,
630 497 662 524 τὸ
680 498 813 534 ἡμέτερον
826 507 874 533 φυ-

81 543 191 571 λάττειν
211 543 255 570 διὰ
269 543 318 578 τῆς
332 543 473 580 ἀληθείας,
490 544 507 580 ἢ
522 543 600 571 τοῦτό
619 553 651 579 γε
669 545 806 581 ἀχρειοῦν,
826 546 874 572 καὶ

85 589 124 625 μὴ
141 588 361 624 προσλαμϐάνειν
381 589 411 615 τὺ
430 589 578 624 ἀλλότριον,
599 590 643 617 διὰ
661 591 711 625 τῆς
731 591 808 626 δῆθεν
835 592 874 618 ol-

83 635 224 670 κονομίας.
246 636 286 662 Τὰ
307 636 356 671 μὲν
374 633 420 662 οὖν
445 635 504 662 καθ’
530 635 654 668 ἕκαστον,
672 633 709 663 ὧν
731 645 761 662 τε
785 633 870 669 εἶπον,

83 677 122 706 ὧν
140 690 169 707 τε
192 682 306 717 ἥκουσα,
326 681 373 708 καὶ
388 681 426 713 ὡς
443 681 621 718 ἠγανάκτησα
636 682 704 718 πρὸς
718 683 780 714 τοὺς
799 683 873 710 ἀντι-

81 727 220 760 τείνοντας
248 727 319 764 πέρα
337 727 384 754 τοῦ
416 728 526 763 μετρίου
546 728 639 763 σχεδὸν
664 728 720 763 (82)
748 728 794 755 καὶ
819 729 869 764 τῆς

82 773 203 808 ἐμαυτοῦ
226 773 368 808 συνηθείας
381 793 387 802 .
411 773 515 808 μακρὸν
535 773 568 800 ἂν
587 774 629 808 εἴη
653 774 699 800 νῦν
723 773 778 809 (85)
799 774 870 800 exst-

81 818 220 854 ηγεῖσθαι,
235 819 282 845 καὶ
293 819 356 850 ἴσως
368 819 418 845 οὐκ
427 819 582 854 ἀναγκαῖον.
595 819 676 851 Τέλος
687 818 766 846 δὲτοῦ
777 819 867 853 λόγου,
887 834 906 862 Β

81 865 146 896 τοὺς
165 865 213 899 μὲν
229 865 314 896 οὕτως
329 864 549 900 ἀπεπεμψάμην.
567 865 603 891 Σὺ
619 865 647 891 δὲ
662 864 766 897 δίδαξον
785 865 868 900 ἡμᾶς,

81 907 106 936 ὦ
123 910 182 937 θεία
199 910 244 937 καὶ
264 911 324 946 ἱερὰ
344 910 460 946 κεφαλὴ,
479 910 560 946 μέχρι
575 910 647 942 τίνος
667 911 790 946 προῖτέον
804 911 869 946 ἡμῖν

82 957 133 991 τῆς
147 955 193 982 τοῦ
211 956 368 992 Πνεύματος
385 956 532 991 θεολογίας,
547 957 594 983 καὶ
605 956 660 982 τίσι
674 956 805 992 χρηστέον
817 965 871 990 φω-

81 1002 154 1032 ναῖς,
169 1001 216 1027 κα).
229 1001 309 1037 μέχρι
320 1001 391 1033 τίνος
405 1001 605 1037 οὶκονομητέον,
621 1001 654 1028 ἵν’
668 1001 773 1036 ἔχωμεν
784 1001 870 1029 ταῦτα

82 1046 152 1081 πρὸς
163 1048 225 1077 τοὺς
238 1046 437 1080 ἀντιλέγοντας.
456 1047 526 1081 Ἐγὼ
537 1046 590 1082 γὰρ
601 1047 626 1073 εί
636 1046 747 1083 δεοίμην
758 1047 805 1074 νῦν
813 1046 868 1082 (84)

81 1090 162 1117 τοῦτο
178 1091 332 1125 μανθάνειν,
349 1093 362 1118 ὁ
380 1092 487 1119 πάντων
507 1091 624 1127 μάλιστά
639 1092 669 1118 σέ
683 1100 712 1118 τε
727 1093 774 1119 καὶ
785 1092 819 1118 τὰ
835 1091 869 1118 σὰ

82 1136 242 1170 γινώσκων,
264 1138 311 1164 καὶ
335 1138 465 1169 πολλάκις
488 1138 551 1173 περὶ
566 1137 668 1164 τούτων
684 1137 869 1173 πληροφορίαν

82 1182 131 1208 καὶ
156 1182 279 1214 δεδωκὼς
305 1184 352 1210 κα).
378 1183 533 1218 δεξάμενος,
562 1184 670 1211 πάντων
696 1183 730 1210 ἂν
745 1183 869 1219 εῖην(85)

82 1227 272 1263 ἀμαθέστατος
287 1237 315 1254 τε
333 1229 380 1255 καὶ
395 1228 572 1261 ἀθλιώτατος.

959 360 1011 395 53
1030 359 1106 387 Hanc
1119 362 1298 387 oeconomiam
1313 359 1334 387 ii
1347 379 1355 392 ,
1372 361 1418 395 qui
1433 359 1558 394 aderant,
1574 364 1707 397 tanquam

923 414 1021 433 vanam
1042 410 1070 434 et
1095 405 1228 433 insulsam
1255 406 1386 441 ipsosque
1415 406 1620 441 ludiﬁcantem,
1646 415 1702 434 non

925 452 1004 480 modo
1026 459 1081 479 non
1096 451 1328 486 comprobarunt:
1351 451 1406 478 imo
1420 452 1501 479 etiam
1516 460 1567 480 nos
1581 453 1709 480 clamori-

925 498 977 525 bus
987 498 1203 530 insectabantur,
1219 501 1250 525 ut
1261 497 1376 532 ignaviae
1388 501 1489 525 nostrae
1505 498 1608 533 potius,
1625 505 1707 534 quam

923 543 1081 570 orthodoxae
1096 543 1229 570 doctrinae
1243 543 1429 571 censulentes.
1444 543 1537 579 Longe
1553 546 1625 573 enim
1640 553 1708 580 pra:-

922 590 1040 617 stantius
1051 597 1123 621 esse,
1145 593 1256 617 nostros
1273 597 1321 624 per
1344 590 1484 617 veritatem
1503 591 1575 618 tueri
1598 595 1626 619 et
1641 599 1710 619 con-

923 642 1044 667 servare,
1060 643 1140 670 quam
1163 643 1212 671 per
1230 635 1388 670 huiusmodi
1409 636 1514 664 scilicet
1527 637 1710 663 oeconomiam

922 688 970 708 eos
991 680 1156 708 labefactare
1173 701 1181 713 ,
1213 689 1263 708 nec
1287 681 1396 708 interim
1419 681 1524 709 alienos
1555 688 1707 709 assumere.

923 726 1069 754 Enimvero
1085 734 1162 762 quae,
1192 730 1220 754 et
1237 727 1309 759 dixi.
1325 732 1351 754 et
1364 726 1468 758 audivi,
1485 730 1513 754 et
1532 734 1614 762 quam
1631 727 1710 754 valde

923 779 954 799 ac
964 776 1062 807 praeter
1078 772 1188 799 modum
1206 771 1490 806 consuetudinemque
1505 779 1594 799 meam
1612 770 1710 799 adver-

922 826 970 846 sus
987 826 1050 850 eos,
1076 818 1122 853 qui
1141 822 1237 845 contra
1255 818 1431 850 nitebantur,
1452 817 1611 852 indignatus
1627 824 1706 849 sum,

923 864 1064 900 sigillatim
1079 871 1226 899 exponere,
1242 864 1378 899 prolixum
1392 871 1465 890 nunc
1474 862 1566 897 fuerit,
1579 862 1702 889 minime-

922 917 975 944 que
991 908 1109 937 fortasse
1128 909 1325 936 necessarium.
1343 906 1377 934 Ut
1393 911 1484 934 autem
1499 906 1579 934 ﬁnem
1595 904 1706 933 dicendi

922 954 1038 987 faciam,
1059 955 1100 982 sic
1119 961 1167 982 eos
1186 953 1340 981 amandavi.
1365 952 1405 979 Tu
1418 960 1492 985 vero,
1509 959 1525 979 ο
1540 952 1662 979 divinum
1679 955 1708 978 et

922 1003 1131 1027 sacrosanctum
1150 1002 1250 1034 caput,
1266 997 1334 1026 doce
1348 1005 1398 1024 nos
1413 1005 1557 1032 quousque
1569 996 1596 1023 in
1608 996 1705 1032 dispu-

922 1045 1025 1073 tatione
1037 1044 1071 1073 de
1085 1045 1203 1080 Spiritus
1216 1045 1304 1072 sancti
1321 1043 1463 1071 divinitate
1477 1042 1613 1078 progredi,
1625 1049 1706 1077 quas-

921 1098 975 1126 que
1001 1098 1084 1119 vooes
1113 1097 1263 1126 usurpare,
1292 1093 1320 1116 et
1339 1095 1482 1124 quousque
1496 1087 1650 1115 mconomia
1667 1087 1708 1114 uti

921 1137 1076 1170 conveniat,
1092 1140 1121 1164 ut
1137 1144 1169 1165 ea
1181 1136 1315 1164 adversus
1328 1142 1385 1165 eos.
1397 1135 1443 1170 qui
1460 1134 1665 1165 centradicunt.
1676 1133 1706 1160 in

922 1186 1049 1218 promptu
1069 1183 1231 1210 habeamus.
1249 1181 1316 1208 Nam
1338 1181 1362 1209 si
1385 1181 1437 1208 hoc
1454 1188 1528 1208 nunc
1542 1181 1601 1215 ipse
1616 1179 1666 1207 abs
1682 1184 1709 1206 le

922 1228 1015 1256 doceri
1033 1228 1219 1264 postularem,
1247 1234 1309 1254 cum
1329 1232 1357 1254 te
1381 1233 1480 1261 resque
1502 1230 1571 1254 tuas
1581 1226 1705 1253 omnium

83 1275 239 1302 mortalium
255 1276 372 1303 maxime
388 1280 546 1311 perspectas
563 1276 686 1308 habeam,
699 1282 731 1302 ac
742 1274 924 1302 certissimam
937 1274 972 1302 de
1002 1274 1045 1302 his
1057 1274 1140 1301 rebus
1175 1273 1254 1301 ﬁdem
1277 1272 1377 1300 saeuius
1409 1271 1543 1304 dederim,
1575 1271 1710 1299 vicissim-

82 1330 136 1357 que
150 1324 314 1359 acceperim,
331 1324 453 1350 omnium
471 1323 594 1359 proiecto
609 1323 807 1351 stolidissimus
818 1329 906 1350 essem
919 1329 950 1349 ac
967 1321 1150 1350 miserrimus.

320 1379 383 1408 Νθι.
400 1379 444 1414 τι)
459 1378 550 1414 ΑΥΤῼ
564 1378 630 1414 (86).

1214 1376 1282 1404 LIX.
1303 1375 1419 1403 EIDEM.

119 1435 186 1476 C_ur'n
203 1435 321 1471 Gregorii
338 1437 432 1464 litteris
450 1439 569 1476 Basilius
582 1441 621 1467 sic
635 1440 811 1476 respondisset
826 1444 854 1466 ut
870 1440 933 1474 ipsis
948 1437 1067 1476 nonnihil
1083 1437 1197 1476 agemus
1217 1437 1301 1476 fuisse
1321 1436 1463 1476 videretur.
1487 1436 1622 1476 rescripsit
1637 1435 1702 1463 Gre-

83 1473 185 1512 gorius,
198 1477 359 1512 mentemque
372 1481 448 1512 suam
463 1475 573 1512 candide
590 1471 720 1510 aperiens,
736 1483 846 1503 maerore
861 1471 986 1510 a'ﬂ'ectum
1009 1474 1140 1500 immerito
1165 1472 1298 1499 Basiliam
1320 1472 1498 1507 conqueritur,
1519 1471 1652 1507 eidemque
1674 1479 1702 1499 se

83 1507 166 1533 simul
177 1513 200 1534 et
217 1507 371 1541 adfuturum
386 1513 410 1535 et
420 1507 611 1537 dimicaturum.
623 1519 677 1538 una
687 1511 834 1545 pollicetur.

119 1564 204 1590 Τοῦτο
215 1562 259 1600 ἦν,
272 1566 340 1601 ὅπερ
353 1566 432 1598 ἄλλος
444 1566 493 1602 μὲν
506 1567 539 1594 ἄν
552 1575 594 1599 τις
608 1567 664 1602 (87)
680 1567 803 1593 ὑπείδετο
817 1566 869 1593 τῶν

956 1563 1014 1591 Hoc
1034 1564 1166 1591 nimirum
1182 1565 1257 1593 erat,
1279 1562 1351 1597 quod
1369 1562 1440 1590 alius
1456 1561 1594 1598 quispiam
1605 1561 1704 1596 majori

85 1611 285 1647 συνετωτέρων·
304 1612 360 1646 ἐγὼ
372 1613 400 1639 δὲ
416 1613 466 1640 οὐκ
480 1613 570 1640 ἔδεισα
588 1613 657 1648 πρὸς
675 1614 705 1640 σὲ
722 1613 844 1649 γράφων,
858 1614 886 1646 ὁγ

84 1654 145 1681 λίαν
172 1655 285 1691 ἀρχαῖος
312 1657 359 1683 καὶ
387 1657 511 1692 μάταιος.
541 1657 675 1693 Ἐλύπησέ
704 1666 734 1684 σε
761 1658 795 1684 τὰ
816 1657 870 1693 (88)

84 1701 248 1736 γράμματα,
257 1701 294 1733 ὡς
304 1702 332 1728 δὲ
346 1702 401 1736 ἐγώ
412 1711 496 1738 φημι,
506 1703 557 1730 οὐκ
568 1702 664 1739 ὀρθῶς,
680 1703 739 1730 οὐδὲ
749 1703 871 1736 δικαίως,

85 1746 153 1773 ἀλλὰ
172 1747 219 1773 καὶ
235 1746 295 1774 λίαν
312 1747 455 1783 περιττῶς.
476 1749 532 1775 Καὶ
545 1749 594 1785 τὴν
606 1749 695 1784 λύπην
709 1749 757 1784 οὐχ
770 1749 873 1784 ὡμολό-

85 1800 175 1827 γησας
192 1792 250 1827 μὲν,
269 1794 318 1820 οὐκ
333 1793 453 1830 ἔκρυψας
464 1794 519 1829 (89)
532 1794 571 1826 δὲ,
589 1795 613 1821 εί
628 1795 675 1821 καὶ
690 1795 779 1829 σοφῶς
794 1794 873 1822 τοῦτο

85 1839 228 1873 ἐποίησας.
252 1838 346 1875 ὥσπερ
367 1841 419 1866 τινὶ
443 1840 618 1876 προσωπείῳ,
638 1842 670 1876 τῇ
689 1841 758 1867 αἰδοῖ
771 1840 802 1867 τὸ
824 1841 874 1876 τῆς

85 1883 175 1918 λύπης
188 1883 334 1910 καλύπτων
347 1884 502 1919 πρόσωπον.
522 1885 591 1919 Ἐγὼ
602 1885 640 1917 δὲ,
657 1887 682 1912 ει
695 1886 744 1920 μὲν
757 1885 873 1921 δολερῶς

87 1926 134 1952 καὶ
152 1926 294 1961 κακοήθως
309 1926 387 1952 τοῦτο
400 1926 525 1962 ἐποίησα,
535 1928 583 1962 οὐχ
594 1927 646 1953 ὑπὸ
659 1928 708 1962 τῆς
720 1928 770 1963 σῆς
786 1927 873 1963 λύπης

88 1970 223 2006 μᾶλλονῆ
248 1971 298 2006 τῆς
315 1971 443 2007 ἀληθείας
466 1971 645 2008 βλαϐήσομαι·
670 1973 694 1999 εί
710 1972 803 2005 ἁπλῶς
826 1973 874 2000 καὶ

87 2015 158 2051 μετὰ
176 2015 226 2051 τῆς
247 2015 376 2051 συνήθους
397 2016 512 2048 εὐνοίας,
529 2016 578 2048 τὰς
594 2017 663 2052 ἐμὰς
675 2018 824 2053 ἁμαρτίας,
841 2018 872 2044 οὑ

86 2063 137 2097 τὴν
157 2061 206 2097 σὴν
229 2061 349 2089 διάθεσιν
370 2063 539 2099 αίτιάσομαι.
564 2063 636 2099 Πλήν
654 2071 685 2097 γε
701 2063 873 2099 ὅτι-διορθώ-

87 2107 187 2134 σασθαι
199 2107 285 2135 ταῦτα
303 2108 401 2143 μᾶλλον
416 2107 473 2144 εἶχε
494 2108 594 2142 καλῶς,
610 2109 626 2144 ἡ
643 2109 711 2144 πρὸς
725 2110 788 2142 τοὺς
802 2118 871 2144 συμ-

86 2154 267 2186 ϐουλεύοντας
280 2155 476 2191 δυσχεραίνειν.
492 2155 528 2182 Τὸ
543 2155 592 2190 μὲν
606 2153 652 2182 οὗν
669 2155 715 2182 σὺν
730 2155 777 2182 καὶ
793 2156 873 2188 αὐτὸς

86 2200 160 2235 δψει,
185 2201 232 2227 καὶ
252 2200 342 2232 ἄλλοις
366 2200 560 2236 συμϐουλεύειν
581 2200 616 2226 τὰ
635 2200 704 2227 αὐτὰ
714 2201 768 2236 (90)
783 2201 873 2233 ίκανὸς

922 1610 1024 1646 ingenii
1044 1609 1170 1637 acumine
1186 1608 1317 1643 praeditus
1337 1609 1471 1644 suspicari
1483 1608 1632 1644 potuisset;
1655 1615 1708 1642 ego

922 1664 988 1684 vero
1004 1663 1058 1691 qua
1080 1662 1142 1683 sum
1164 1654 1291 1682 vecordia
1307 1659 1335 1682 et
1351 1655 1525 1686 rusticitate.
1547 1661 1610 1681 cum
1627 1653 1661 1681 ad
1678 1657 1707 1681 te

921 1701 1069 1729 scriberem
1080 1721 1088 1734 ,
1106 1707 1161 1728 non
1178 1700 1303 1728 extimui.
1323 1699 1439 1728 Mmrore
1453 1704 1480 1727 te
1500 1698 1650 1726 “fecerunt
1662 1699 1708 1726 lit-

922 1752 987 1775 tera:
1007 1751 1127 1779 nostra,
1144 1753 1200 1773 non
1220 1749 1312 1779 recte,
1327 1753 1378 1774 nec
1391 1745 1506 1778 merito,
1522 1752 1582 1772 mea
1597 1745 1708 1780 quidem

922 1794 1076 1827 sententia,
1090 1792 1140 1821 sed
1156 1796 1184 1819 et
1197 1792 1277 1820 valde
1295 1791 1442 1827 superflue.
1460 1791 1622 1826 Quanquam
1637 1797 1708 1820 mte-

922 1846 1013 1867 rorem
1029 1839 1104 1866 hunc
1117 1842 1195 1865 tuum
1209 1837 1422 1873 haudquaquam
1435 1840 1528 1872 aperte
1549 1836 1708 1872 prodidisti.

923 1892 975 1912 nec
992 1892 1057 1913 vero
1074 1883 1240 1916 occultasti,
1255 1884 1380 1918 quamvis
1393 1883 1531 1918 sapienter
1549 1882 1576 1910 id
1596 1882 1706 1915 feceris,

923 1930 1005 1958 veluti
1023 1930 1141 1966 quadarn
1160 1929 1255 1961 larva.
1273 1929 1376 1964 pudore
1394 1929 1500 1956 scilicet
1518 1928 1644 1956 mceror-is
1663 1928 1707 1955 fa-

921 1977 991 2004 ciem
1008 1975 1149 2011 obtegens.
1169 1974 1200 2002 Si
1216 1974 1333 2003 subdolo
1344 1978 1371 2002 et
1386 1974 1519 2002 malevolo
1529 1974 1621 2001 animo
1635 1980 1650 2000 a
1661 1980 1706 2001 me

923 2021 975 2049 hoc
991 2019 1094 2048 factum
1116 2025 1174 2053 est,
1192 2027 1249 2048 non
1271 2027 1315 2046 me
1336 2019 1424 2054 magis
1445 2026 1546 2046 mwror
1567 2018 1618 2046 iste
1639 2021 1708 2046 tuus

921 2074 1003 2103 quam
1017 2066 1119 2095 veritas
1137 2066 1196 2101 ipsa
1211 2065 1290 2093 laedet
1307 2074 1314 2092 :
1333 2065 1357 2092 si
1371 2068 1462 2092 autem
1480 2064 1597 2100 simplici
1612 2065 1710 2091 animo»

922 2116 950 2140 et
968 2120 1018 2147 pro
1035 2119 1068 2140 ea
1079 2133 1087 2146 ,
1104 2120 1158 2147 qua
1173 2112 1267 2144 soleo,
1282 2110 1481 2143 benevolentia,
1494 2117 1549 2138 non
1569 2110 1652 2138 animi
1668 2110 1711 2137 tui

923 2158 1066 2191 allectum,
1091 2157 1139 2185 sed
1158 2160 1271 2193 peccata
1293 2163 1353 2184 mea
1372 2156 1519 2184 accusabo.
1542 2155 1706 2191 Quanquam

923 2204 1010 2233 satius
1033 2203 1138 2236 fuerat,
1158 2203 1202 2231 bis
1225 2201 1406 2230 incommodis
1427 2201 1549 2234 mederi,
1562 2209 1644 2237 quam
1661 2201 1707 2234 iis,

86 2245 134 2273 ὧν·
148 2246 199 2282 ἐμὲ
210 2246 238 2273 δὲ
253 2246 400 2283 προθύμως
417 2246 489 2282 ἔχεις
500 2246 566 2282 (91),
579 2245 626 2274 ἐὰν
638 2246 700 2282 διδῷ
713 2247 727 2273 ὁ
738 2246 814 2279 Θεὸς,
825 2247 869 2274 καὶ

926 2249 970 2285 qui
982 2248 1129 2277 consilium
1152 2246 1320 2278 alIerebant,
1336 2252 1510 2274 succensere.
1529 2244 1583 2273 Sed
1600 2248 1631 2272 tu
1641 2244 1708 2280 quid

123 2333 182 2369 (80)
198 2334 340 2369 Μεγάλην
353 2334 467 2370 ζημίαν.
492 2334 529 2362 Ita
638 2333 716 2370 ξοδδ.
734 2333 806 2362 Edit.
824 2344 873 2370 με·

107 2369 160 2411 άλη
179 2369 370 2411 ζημίαιμοκ,
394 2369 427 2397 δι’
443 2370 501 2402 ἐνὸς
521 2369 627 2405 ἀνδρός,
648 2369 720 2403 Bill.,
738 2370 770 2397 ob
793 2369 871 2398 unius

106 2405 202 2432 ominis
217 2405 381 2439 ejectionem.

124 2439 181 2474 (8i)
197 2440 251 2466 Καὶ
263 2439 436 2470 παίζουσαν.
457 2439 532 2467 Harl.
546 2439 594 2466 καὶ
610 2439 693 2467 πάλαι
710 2439 870 2473 παίζουσαν,

86 2480 113 2504 et
125 2474 286 2510 jampridem
301 2483 344 2502 eos
362 2475 553 2509 ludiﬁcantem.

123 2508 181 2546 (82)
201 2509 279 2543 Ιιέρα
294 2510 347 2536 τοῦ
365 2508 486 2546 μετρίου
503 2509 631 2546 σχεδόν,
653 2509 693 2536 lta
709 2508 770 2537 cod.
789 2508 870 2537 2022.

88 2545 118 2573 In
134 2546 201 2572 edit.
221 2545 331 2579 μέτρου,
347 2549 374 2572 et
387 2545 480 2579 σχεδόν
493 2545 579 2572 deest.

125 2579 182 2614 (85)
204 2580 254 2606 Ἂν
265 2579 311 2613 εἴη
327 2579 395 2606 νῦν.
412 2579 492 2607 Deest
503 2579 550 2607 νῦν
564 2580 591 2606 in
606 2579 667 2608 cod.
685 2579 764 2608 Pass.

126 2615 183 2647 (84)
200 2615 264 2642 Νῦν
284 2614 361 2642 deest
384 2615 411 2642 in
433 2616 528 2642 eodem
549 2615 610 2642 cod.
632 2615 701 2646 Mox,
718 2616 732 2642 ὁ
753 2614 870 2643 πάντων,

91 2650 129 2676 Ita
147 2651 209 2677 cod.
228 2650 256 2676 In
270 2650 335 2676 edit.
351 2650 366 2675 ὁ
379 2650 465 2677 deest.
484 2649 537 2677 Pro
547 2650 562 2676 ὁ
574 2650 682 2677 πάντων
698 2651 779 2678 habet
795 2649 871 2678 Harl.

91 2685 230 2716 ἁπάντων,
245 2688 273 2712 et
285 2684 363 2712 Pass.
375 2685 465 2712 ὄποτε.

71 2719 80 2758 ξ
128 2720 184 2758 (85⁸))
199 2719 473 2758 Πᾴντω-Υ-ῥζ-ειῃν..
485 2719 562 2748 Pass.
577 2720 686 2758 πάντως
703 2720 737 2747 ἂν
752 2720 820 2755 εἵην.

73 2754 79 2766 "
128 2754 184 2790 (86)
204 2755 279 2782 Alias
294 2754 400 2782 XXVII.
415 2754 523 2790 Scripta
533 2755 628 2782 eodem
646 2760 775 2790 tempore.

128 2789 183 2826 (87)
199 2791 309 2826 Ἄλλος
321 2789 432 2826 ,μνᾶν
445 2789 500 2822 τις.
521 2790 641 2826 Combef.
663 2789 741 2822 ἄλλος
756 2789 805 2826 μέν
817 2798 871 2823 τις,

91 2828 118 2852 et
134 2833 183 2861 pro
193 2825 327 2860 ὑπείδετο,
346 2825 446 2854 vellent
464 2825 587 2854 nonnulli
604 2825 706 2860 ὑπεῖδε,
719 2825 787 2861 quod
801 2825 870 2854 alius

924 2338 1056 2373 suspicari
1075 2337 1170 2372 potuit.

960 2367 1016 2409 (88)
1038 2367 1187 2409 Ὲλύθιησέ
1208 2370 1313 2409 σζειζά.
1336 2369 1468 2409 Deenge
1489 2369 1517 2409 in
1542 2369 1604 2409 cod.
1625 2367 1712 2409 Pass;

925 2404 997 2440 Mox,
1007 2404 1068 2435 ὀὐκ
1085 2404 1183 2443 ὀρθῶς,
1194 2406 1264 2443 (οὐδὲ
1276 2404 1473 2443 δικαίως.Δ
1485 2404 1563 2443 idque
1577 2404 1707 2431 immerito

925 2439 1025 2471 sanciet
1041 2439 1139 2478 inique,
1154 2442 1270 2476 qui‘non
1283 2440 1373 2478 reddit
1391 2439 1460 2467 ἀλλὰ
1473 2440 1525 2478 ’καὶ
1537 2439 1598 2465 λίαν
1615 2447 1708 2478 περιττ

924 2478 989 2510 τῶς.
1008 2473 1130 2505 Combel'.
1147 2473 1199 2503 non
1209 2481 1288 2507 recte.
1304 2483 1349 2502 nec
1359 2474 1436 2509 jtuta
1452 2474 1541 2509 aliqua
1558 2482 1650 2510 causa.
1661 2473 1707 2501 sed

924 2519 948 2554 et
966 2509 1042 2540 ualde
1060 2512 1202 2547 superﬂue,
1215 2516 1240 2538 et
1252 2510 1329 2546 quasi
1343 2511 1413 2536 ultro
1427 2517 1445 2536 α
1461 2513 1485 2536 te
1501 2509 1612 2544 qumita
1628 2517 1706 2536 occa-

924 2556 1017 2616 ³1(ἴξῖ)
1033 2583 1093 2610 οὐκ
1105 2581 1251 2616 ἔκρυψας,
1268 2578 1307 2616 l_t_a
1323 2578 1398 2616 Harl.
1412 2578 1513 2616 Deerat
1522 2578 1571 2606 οὐκ
1583 2578 1611 2616 in
1623 2579 1689 2616 edit.

971 2587 1005 2610 89
1033 2587 1093 2610 Οὐκ
1105 2587 1251 2616 εκρυψιις,
1269 2587 1307 2606 Ita
1323 2587 1398 2606 nari.
1413 2587 1510 2606 Deerat
1522 2587 1571 2606 ουκ
1583 2587 1611 2606 in
1623 2587 1689 2606 eant.

959 2587 1017 2653 (90)
1032 2618 1070 2653 Tia
1085 2616 1171 2644 αὐτά.
1184 2615 1253 2643 Cod.
1270 2614 1346 2642 Harl.
1365 2613 1493 2641 τοσαῦτα.
1505 2613 1534 2641 ln
1549 2615 1612 2642 cod.
1624 2613 1704 2642 Pass.

924 2651 1040 2680 τὰαύτὰ
1053 2651 1162 2679 desunt.
1590 2660 1593 2664 ν

964 2688 1019 2723 (9t)
1035 2687 1195 2723 Προθύμως
1211 2685 1311 2723 ἔχεις..
1323 2684 1442 2723 Montes.
1455 2689 1483 2723 _e_t
1498 2683 1708 2723 Morel._propo-

926 2719 994 2750 nunt
1009 2719 1154 2762 προθύμως
1167 2719 1248 2761 {Ea-ti,
1265 2720 1382 2748 habebis.
1400 2719 1473 2747 Nihil
1487 2719 1646 2746 mutandum
1654 2727 1706 2759 ,ρει-

926 2761 966 2782 tat
983 2757 1117 2782 Comhet..
1136 2756 1280 2782 redditque
1293 2765 1300 2782 :
1315 2755 1411 2782 habeas
1426 2762 1466 2781 me
1479 2759 1600 2782 prompto
1615 2761 1704 2781 ammo

925 2761 966 2785 tat
983 2756 1117 2788 Cor'nbetl,
1136 2756 1280 2791 redditque
1293 2765 1300 2783 :
1315 2756 1411 2782 habent
1426 2762 1466 2781 me
1479 2762 1572 2789 promp

926 2793 1094 2829 adfuturum.
1108 2790 1169 2819 Bill.
1183 2799 1238 2818 non
1256 2790 1334 2819 vertit
1349 2789 1507 2826 προθύμως.
