1923 3053
48 134 98 163 121

672 138 677 143 ”
722 136 888 165 EPISTOLA
909 137 978 164 LXI.

1618 136 1702 170 192,

48 195 110 222 λίαν
129 194 280 230 φιλοτίμως
301 203 331 221 τε
359 195 406 222 καὶ
432 194 588 232 προθύμως,
614 195 775 232 πληρώσατε
801 197 833 231 τῇ

894 204 915 223 ιο
939 195 1103 230 praebiturus
1118 199 1160 223 est
1170 217 1177 227 ,
1205 194 1301 230 quales
1312 201 1362 222 vos
1377 201 1442 229 erga
1455 200 1607 229 pauperes,
1624 201 1671 220 ne-

49 241 233 276 κατοιχομένῃ
251 241 300 276 τὴν
313 241 450 276 βούλησιν,
468 241 507 276 ’ἠν
524 241 650 277 παρεῖναί
667 250 696 267 τε
716 241 781 277 ὑμῖν
793 250 836 268 νο-

51 287 192 322 μίσαντες,
209 287 257 313 καὶ
269 288 333 322 ὀρᾷν
347 287 380 314 τὰ
396 287 537 322 γινόμενα,
560 287 604 314 διὰ
621 287 672 322 τῆς
693 287 838 318 ἐπιδόσεως

49 331 240 363 ἀναπαύσατε,
259 332 301 358 ἴνα
326 332 362 368 μὴ
385 332 419 359 τὰ
435 334 562 368 χρήματα
583 333 662 367 μόνον
678 332 757 368 ἔχητε
773 332 838 367 παρ’

50 378 147 413 αὐτῆς,
167 377 236 404 ἀλλὰ
252 379 299 405 καὶ
313 378 362 414 τὴν
376 379 556 414 στηρίζουσαν
566 379 657 410 οἴκους
672 378 774 404 τέκνων
788 386 839 413 μη-

50 422 115 459 τρὸς
139 423 264 457 εὐλογίαν
288 422 325 458 (5)
355 424 511 458 πορίσησθε·
528 424 607 449 τοῦτο
633 423 837 459 ἐνθυμηθέντες,

50 468 93 494 ὅτι
108 468 218 503 βελτίων
234 468 319 504 μικρὰ
337 469 415 504 μερὶς
429 469 466 503 (6)
484 469 553 503 μετὰ
565 469 748 504 δικαιοσύνης,
769 469 839 496 κατὰ

52 513 82 540 τδ
93 514 295 550 γεγραμμένον,
310 514 326 550 ἢ
344 514 497 550 πλατυτέρα
515 514 584 549 μετὰ
597 514 771 550 μικρολογίας
785 514 840 547 (ἵνα

55 559 92 595 μὴ
111 559 181 592 λέγω
199 568 225 586 τι
253 559 432 595 βλάσφημον),
457 560 504 587 καὶ
524 561 565 586 ὅτι
591 560 682 586 πολλοὶ
704 561 750 587 καὶ
771 560 840 587 ὅλων

54 606 135 632 οίκων
148 605 350 640 ὲκποιουμὲνων
372 606 410 640 (7)
425 607 463 638 εἰς
488 606 635 641 ἐκκλησίας
650 607 802 641 ¹ὴνέσχοντο,
815 608 839 634 οἱ

54 651 82 677 δὲ
99 652 145 678 καὶ
161 652 226 686 παρ’
244 652 347 678 ἑαυτῶν
363 653 452 678 πᾶσαν
470 653 625 688 προήκαντο
638 653 677 687 (8)
693 652 742 688 τὴν
761 661 838 688 περι-

54 698 159 729 ουσίαν,
174 698 221 724 καὶ
233 697 283 732 τὴν
303 697 447 733 καλλίστην
479 698 741 734 ἐπραγματεύσαντο
769 707 840 733 πρα-

55 743 198 778 γματείαν,
213 743 338 777 γενέσθαι
353 743 396 770 διὰ
407 744 454 770 τὸν
470 745 528 770 ἐκεῖ
535 744 647 770 πλοῦτον
662 744 838 779 πένητες.Μὴ

55 790 144 816 τοίνυν
175 789 305 825 σπείρητε
335 790 509 825 φειδομένως,
535 791 579 817 ἵνα
610 791 743 822 πλουσίως
768 791 840 826 θερί-

56 843 121 870 cur:
132 835 182 872 (9),
201 835 260 862 ἀλλ’
274 836 375 870 ἀγαθὸν
395 836 495 871 κλῆρον
516 837 563 864 καὶ
581 837 645 872 ὑμῖν
669 838 769 869 αὐτοῖς,
792 837 839 864 καὶ
857 865 863 871 _

888 249 1023 276 quaquam
1043 241 1241 268 illiberabiliter
1265 245 1292 267 et
1310 239 1437 271 sordide,
1457 239 1504 266 sed
1525 237 1671 266 admodum

888 287 994 314 liberali
1010 291 1036 314 et
1051 287 1134 314 alacri
1155 287 1246 313 animo
1264 286 1414 313 demortua:
1428 285 1595 312 voluntatem
1611 292 1672 319 per-

889 333 971 365 ﬁcite,
985 341 1068 368 quam
1087 338 1113 360 et
1128 333 1207 361 vobis
1229 332 1326 360 adesse
1339 352 1346 364 ,
1361 337 1388 360 et
1405 339 1448 364 ea,
1460 340 1521 366 quae
1540 327 1618 362 ﬁunt,
1634 331 1674 357 in-

888 379 958 407 tueri
981 379 1169 407 existimantes
1183 398 1191 410 ,
1215 386 1264 414 per
1293 377 1467 414 largitionem
1491 381 1610 405 vestram
1630 385 1674 404 re-

888 429 990 454 create.
1014 424 1054 452 lta
1071 425 1132 458 (iet,
1156 428 1186 452 ut
1203 425 1236 452 ab
1252 431 1284 452 ea
1297 445 1305 456 ,
1320 431 1374 451 non
1388 424 1468 451 modo
1484 423 1614 458 pecunias
1626 423 1674 449 ha-

889 470 987 503 beatis,
1016 471 1064 498 sed
1078 475 1228 497 maternam
1244 470 1326 497 etiam
1345 468 1566 496 benedictionem
1579 489 1586 501 ,
1606 469 1674 505 {ilio-

889 525 949 544 rum
970 517 1067 544 domos
1094 516 1301 548 fulcientem",
1324 514 1533 550 consequamini
1558 523 1565 541 :
1591 518 1674 548 atque

889 563 942 590 hoc
957 563 1097 590 vobiscum
1113 562 1230 597 cogitate
1241 582 1248 594 ,
1263 561 1403 588 meliorem
1423 568 1484 588 esse
1499 565 1602 595 partem
1617 561 1675 587 exi-

889 616 970 644 guam
990 607 1196 643 cum'justitia,
1226 610 1257 634 ut
1271 607 1410 643 Scriptura
1431 606 1568 641 loquitur.
1592 613 1674 641 quam

889 655 1013 682 latiorem
1032 658 1059 681 et
1086 653 1239 681 uberiorem
1267 660 1330 680 cum
1363 652 1473 680 sordida
1497 653 1630 687 parcitate
1641 652 1663 668 "

890 701 935 735 (ne
949 700 1014 735 quid
1035 699 1105 726 male
1119 699 1274 726 ominosum
1294 698 1395 732 dicam)
1407 698 1419 729 ,'
1430 697 1551 731 illudque
1568 701 1676 732 praeter—

889 753 938 778 ea,
965 745 1119 779 complures
1140 743 1298 774 exstitisse.
1314 743 1360 778 qui
1378 747 1449 770 totas
1469 743 1552 770 etiam
1578 742 1675 770 domos

890 791 917 818 in
945 790 1120 818 ecclesiarum
1140 794 1265 822 sumptus
1293 788 1406 815 alienari
1433 788 1507 823 passi
1524 787 1602 816 sint:
1621 795 1674 814 non

890 836 971 864 etiam
991 835 1127 866 defuisse,
1147 835 1193 870 qui
1217 841 1266 862 sua
1296 839 1392 869 sponte
1412 833 1556 861 facultates
1579 840 1675 861 omnes

54 882 112 912 τοῖς
131 882 270 916 φιλτάτοις
290 882 366 917 ὑμῶν
388 882 480 909 τοῦτον
501 883 660 918 χαρίσασθε,
677 883 760 919 μηδὲν
785 884 835 918 ὑφ-

894 889 949 910 ιιιιιε
965 881 1148 917 profuderint,
1167 888 1199 908 ac
1217 880 1429 915 pulcherrimum
1454 884 1587 915 questum
1602 879 1675 907 fece-

59 927 243 959 ελόντες-τῶν
257 929 470 964 γεγραμμένων,
484 929 550 956 ἀλλὰ
572 930 660 957 πάντα
675 929 734 965 μεθ’
745 930 839 965 ἡδονῆς

56 971 104 998 καὶ
117 971 294 1008 φαιδρότητος
308 973 443 1004 ἐπιδόντες
458 975 535 1009 ἡμῖν,
549 974 565 1009 ἢ
581 974 724 1006 ἀποδόντες
734 975 788 1010 (10)
802 976 839 1007 ὡς

55 1019 143 1044 οἰκεῖα
158 1017 194 1044 τὰ
207 1018 254 1044 τοῦ
270 1018 348 1051 Θεοῦ,
366 1018 403 1050 ὡς
417 1019 497 1046 τοῦτο
515 1020 593 1055 μόνον
609 1020 813 1056 κερδανοῦντες,
826 1022 840 1047 ὃ

55 1071 81 1089 τι
95 1062 128 1089 ἂν
141 1063 212 1098 ὑπὲρ
228 1063 282 1090 τῶν
302 1063 396 1098 ψυχῶν
411 1064 488 1100 ὑμῶν
500 1065 667 1101 ἀναλώσητε.
683 1066 716 1092 Τί
733 1066 787 1102 γὰρ
801 1066 842 1093 δεῖ

56 1110 234 1146 θησαυρίζειν
251 1111 364 1147 λῃσταῖς
376 1112 430 1145 (11)
451 1112 498 1138 καὶ
517 1113 656 1144 κλέπταις,
675 1113 722 1139 καὶ
737 1113 840 1149 καιρῶν

57 1156 231 1191 μεταϐολαῖς,
248 1156 341 1183 ἄλλοτε
360 1158 399 1189 είς
418 1157 514 1189 ἄλλους
529 1158 725 1192 μετατιθέντων
739 1151 785 1185 ἰαὶ
800 1159 841 1193 ῥι-

56 1201 189 1233 πιζόντων
207 1203 257 1238 τὴν
277 1202 393 1230 ἄστατον
413 1203 552 1239 εὐπορίαν,
577 1204 644 1230 ἀλλὰ
671 1204 708 1240 μὴ
731 1205 770 1236 είς
791 1205 841 1237 τὰς

55 1246 187 1280 ἀσφαλεῖς
208 1247 350 1282 ἀποθήκας
372 1248 560 1281 ἀποτίθεσθαι,
586 1249 634 1276 καὶ
656 1249 710 1276 τῶν
729 1249 840 1276 ἐπιϐου-

56 1291 186 1318 λευόντων
203 1293 388 1328 ἰσχυροτέρας
406 1293 442 1320 Τὸ
459 1294 507 1329 μὲν
521 1292 567 1321 οὖν
586 1294 692 1326 εὐτελὲς
709 1295 764 1330 (12)
777 1296 841 1332 περὶ

56 1337 123 1364 ἄλλα
142 1339 190 1364 καὶ
207 1338 297 1370 ἄλλοις
315 1339 419 1372 δείξατε
439 1340 497 1373 (καὶ
516 1338 571 1376 γὰρ
584 1339 697 1376 εὔχομαι
713 1341 842 1373 δυνατοὺς

57 1385 130 1420 ὑμᾶς
143 1382 214 1411 εἶναι
235 1385 303 1420 μετὰ
319 1386 524 1421 χρηστότητος),
543 1388 608 1422 ἡμῖν
625 1387 654 1414 δὲ
672 1387 840 1422 ἀγωνίσασθε

56 1431 102 1457 τὸν
115 1431 196 1457 καλὸν
213 1431 318 1465 ἀγῶνα,
337 1432 412 1463 ὅστις
430 1433 536 1467 νικήσει
553 1433 598 1459 τὸν
610 1433 689 1460 ἄλλον
701 1434 840 1470 εὐλασείᾳ,

57 1477 104 1503 καὶ
124 1479 184 1508 ταῖς
206 1477 394 1512 ὀφειλομέναις
413 1478 549 1512 εὐλογίαις
573 1480 606 1505 ἐκ
629 1479 696 1506 Θεοῦ
711 1481 767 1514 (15)
784 1482 841 1512 τοῖς

57 1522 220 1558 εὐγνώμοσι.
235 1523 350 1550 Πείσατε
362 1522 409 1550 οὖν
422 1525 495 1560 ἡμᾶς
509 1525 550 1551 ὅτι
567 1525 763 1560 χριστιανίζετε
776 1535 842 1562 γνη-
854 1552 876 1582 c

60 1569 123 1582 ρΣ..-
156 1569 255 1582 ..ΕΧΊ-..
277 1569 303 1582 καὶ
327 1569 378 1582 1.-λ
401 1570 488 1582 .._\:-
514 1570 655 1582 L_E_’_.._.._,
679 1573 706 1582 ι.
730 1573 761 1582 ’γ
829 1573 835 1582 ι

59 1569 133 1601 σίως,
155 1569 255 1604 μᾶλλον
275 1569 304 1596 δὲ
325 1569 380 1596 ἀπὸ
401 1570 488 1604 καλῆς
511 1570 658 1606 ἀρξάμενοι
675 1573 772 1607 ἀρχῆς,
793 1573 840 1600 καὶ

58 1614 143 1646 οὕτως
156 1614 285 1646 εὐσεϐοῦς
304 1616 350 1642 καὶ
365 1615 483 1648 δικαίας,
505 1616 629 1644 ἐντεῦθεν
647 1618 694 1644 καὶ
709 1618 773 1654 περὶ
787 1619 841 1645 τῶν

59 1659 145 1686 ἄλλων
160 1661 336 1696 ὁμονοήσατε·
359 1660 397 1693 ὡς
419 1661 453 1688 ἂν
477 1662 555 1696 ὑμεῖς
578 1671 608 1688 τε
635 1663 772 1699 ἀλλήλοις,
793 1665 841 1691 καὶ

58 1707 137 1741 ἡμεῖς
160 1707 224 1742 ὑμῖν
247 1707 495 1742 ἐπευφραινοίμεθα
507 1707 573 1742 (11),
597 1708 631 1735 τά
651 1717 681 1735 τε
705 1708 772 1735 ἄλλα
793 1709 841 1736 καὶ

58 1751 142 1783 δεξιὸν
163 1752 311 1787 ὑπόδειγμα
332 1752 486 1787 γενομένοις
501 1752 557 1787 (15)
581 1753 655 1790 πάσῃ
671 1755 704 1789 τῇ
728 1754 841 1790 Ἐκκλη-

58 1797 114 1832 σία.
126 1798 175 1832 τῆς
188 1798 251 1833 περὶ
264 1797 349 1824 ταῦτα
366 1797 586 1833 εὐγνωμοσύνης.

889 928 967 961 rint,
985 928 1037 955 hoc
1055 930 1097 955 est
1120 930 1231 962 propter
1254 926 1354 954 futura:
1378 927 1440 954 vitae
1467 934 1534 962 opes
1556 926 1675 961 inopiam

890 974 1005 1009 amplexi
1024 974 1089 1002 sint.
1119 973 1158 1002 Ne
1181 973 1264 1008 igitur
1280 980 1364 1008 parce
1385 973 1495 1005 seratis,
1513 976 1544 999 ut
1565 972 1677 1008 copiose

890 1019 1044 1052 metatis";
1075 1026 1170 1046 verum
1199 1019 1298 1046 bonam
1323 1027 1385 1046 cum
1415 1019 1492 1046 vobis
1511 1018 1593 1053 ipsis,
1618 1022 1677 1045 tum

890 1065 1060 1093 charissimis
1073 1065 1170 1093 vestris
1196 1065 1383 1092 haereditatem
1406 1065 1477 1092 hanc
1499 1064 1652 1100 elargimini
1668 1084 1676 1096 ,

890 1111 1012 1145 nihilque
1026 1119 1057 1138 ex
1083 1111 1117 1139 iis
1137 1111 1341 1143 subtrahentes,
1361 1118 1422 1146 qum
1434 1114 1600 1138 testamento
1616 1118 1678 1146 per-

891 1158 992 1192 scripta
1007 1162 1082 1189 sunt,
1098 1165 1192 1185 verum
1209 1157 1301 1185 omnia
1326 1157 1386 1185 laeto
1411 1163 1491 1192 atque
1523 1156 1603 1184 hilari
1618 1156 1678 1183 ani-

891 1210 935 1230 mo
957 1203 1035 1230 nobis
1051 1203 1204 1230 tribuentes
1220 1222 1227 1235 ,
1244 1203 1298 1230 imo
1309 1211 1373 1230 vero
1398 1203 1552 1236 reddentes,
1570 1206 1599 1230 ut
1617 1211 1678 1237 qua:

891 1248 1000 1283 proprie
1016 1247 1064 1275 Dei
1089 1249 1165 1280 sint,
1191 1256 1224 1276 ac
1249 1248 1324 1276 velut
1338 1248 1390 1276 hoc
1409 1248 1498 1275 solum
1522 1247 1654 1275 lucraturi
1668 1267 1677 1278 ,

891 1294 963 1329 quod
990 1301 1040 1328 pro
1055 1295 1209 1322 animarum
1226 1298 1380 1322 vestrarum
1401 1294 1490 1322 salute
1510 1293 1679 1328 impenderi-

891 1339 936 1367 tis.
953 1339 1023 1372 Quid
1035 1340 1107 1367 enim
1127 1339 1301 1376 praedonibus
1317 1344 1344 1367 et
1363 1339 1471 1366 furibus
1492 1339 1679 1367 thesaurizare

891 1394 960 1422 opus
976 1390 1018 1414 est
1028 1387 1069 1418 '°,
1093 1390 1303 1422 temporumque
1331 1386 1532 1413 mutationibus
1558 1386 1679 1414 incertas

891 1436 918 1460 et
933 1431 1043 1469 fragiles
1060 1440 1126 1468 opes
1142 1433 1176 1460 ad
1190 1433 1260 1460 alios
1274 1432 1398 1467 aliosque
1423 1431 1541 1460 subinde
1561 1431 1680 1459 transfe-

892 1478 1015 1506 rentibus
1036 1481 1118 1513 atque
1132 1477 1316 1514 agitantibus,
1338 1484 1371 1504 ac
1391 1485 1445 1504 non
1461 1477 1553 1512 potius
1570 1477 1598 1504 in
1621 1480 1679 1504 tuta

891 1523 1004 1556 horrea,
1024 1528 1052 1551 et
1068 1524 1205 1555 ﬁrmiora,
1222 1531 1305 1559 quam
1330 1527 1360 1551 ut
1384 1524 1445 1551 ullis
1468 1523 1577 1551 insidiis
1590 1523 1680 1558 appeti

893 1571 1017 1605 possint?
1030 1570 1068 1597 Ac
1083 1571 1280 1604 parcitnoniam
1297 1570 1407 1606 quidem
1425 1570 1499 1598 circa
1514 1569 1567 1597 alia
1582 1574 1608 1597 et
1618 1570 1679 1597 aliis

892 1617 1028 1644 ostendite
1052 1620 1128 1651 (opto
1147 1617 1219 1644 enim
1239 1624 1288 1644 vos
1314 1624 1377 1643 cum
1399 1616 1565 1651 benignitate
1584 1619 1680 1651 poten-

893 1664 934 1689 tes
946 1669 1029 1694 essei.
1041 1662 1111 1697 apud
1126 1669 1176 1690 nos
1187 1666 1276 1690 autem
1291 1662 1391 1690 bonum
1411 1666 1550 1690 certamen
1565 1665 1678 1694 certate,

893 1706 946 1734 hoc
960 1711 1012 1739 est,
1029 1712 1091 1734 uter
1102 1708 1217 1735 alterum
1232 1707 1285 1743 56
1299 1708 1401 1743 pietate
1415 1711 1541 1742 superet,
1554 1715 1586 1734 ac
1601 1707 1680 1735 bene«

893 1752 1059 1781 dictionibus
1075 1753 1126 1785 iis,
1143 1761 1203 1788 qua:
1217 1754 1311 1788 probis
1328 1754 1397 1780 viris
1417 1761 1449 1781 ex
1465 1753 1521 1780 Deo
1534 1753 1678 1780 debentur.
1714 1743 1719 1748 ’

893 1797 985 1826 Fidem
999 1799 1090 1834 itaque
1107 1800 1185 1828 nobis
1197 1799 1289 1831 facile,
1305 1807 1354 1827 vos
1368 1807 1431 1826 vere
1444 1803 1471 1826 et
1483 1799 1590 1826 sincere
1601 1798 1680 1825 Chri-

59 1844 175 1871 stianam
194 1843 273 1870 ﬁdem
298 1843 389 1870 colere
414 1849 447 1869 ac
474 1843 610 1877 proﬁteri;
627 1842 693 1878 quin
715 1843 806 1878 potius
825 1851 840 1870 a
861 1844 932 1873 bono
960 1845 1097 1880 principio
1122 1846 1231 1877 exorsi,
1247 1849 1355 1881 tamque
1372 1845 1416 1880 pio
1450 1849 1477 1873 et
1505 1845 1591 1880 justo,
1616 1845 1680 1871 hinc

59 1890 87 1917 in
106 1889 167 1917 aliis
181 1896 288 1924 quoque
304 1889 387 1916 rebus
402 1888 552 1916 concordes
569 1892 658 1916 estote
675 1898 681 1916 :
698 1892 726 1915 ut
743 1892 771 1916 et
787 1896 836 1916 vos
855 1889 906 1924 ipsi
923 1894 1030 1922 mutuo,
1041 1895 1068 1917 et
1097 1886 1149 1917 nos
1165 1891 1243 1918 vobis
1259 1883 1442 1921 oblectémur,
1464 1897 1527 1917 cum
1561 1889 1596 1917 ob
1615 1889 1678 1923 alia,

58 1942 117 1966 tum
141 1937 214 1973 quod
238 1936 373 1964 universae
388 1936 516 1964 Ecclesiae
542 1936 688 1972 probitatis
704 1937 731 1963 in
744 1936 901 1971 bujusmodi
915 1937 999 1965 rebus
1012 1942 1095 1973 atque
1108 1938 1237 1966 candoris
1247 1937 1402 1972 exemplum
1414 1936 1531 1964 fueritis.

94 2015 212 2043 "Eccli.
232 2023 275 2048 ιιι,
290 2014 333 2042 11.
371 2014 393 2030 ’⁸
410 2014 491 2043 Prov.
511 2014 606 2048 xvr,8.
645 2014 666 2030 "
682 2014 704 2041 ll
715 2014 780 2043 Cor.
807 2023 846 2048 IX,
868 2014 895 2042 6.
932 2016 955 2031 '°
974 2014 1071 2042 Matth.
1086 2023 1125 2048 vt,
1144 2014 1242 2048 19,20.

94 2093 133 2127 (5)
151 2091 351 2127 Στηρίζουσαν
371 2092 472 2125 οἴκους
494 2091 608 2118 τέκνων
625 2091 736 2126 μητρὸς
755 2092 842 2118 εὐλο-

58 2126 140 2169 ιγίςὶνοΣ
157 2126 259 2169 Alludit
274 2128 307 2154 ad
323 2128 389 2169 iliud
407 2127 494 2169 Eccli,
508 2135 548 2157 ιιι,
558 2127 612 2169 lit,
627 2126 779 2169 benedictio
794 2134 843 2159 pa-

60 2161 109 2190 tris
123 2163 310 2197 ﬁrmatdumos
327 2163 454 2197 ﬁliorum,
470 2167 494 2188 et
511 2161 659 2188 maledictio
675 2162 769 2188 matris
783 2169 843 2188 era-

59 2199 131 2225 dicat
144 2198 326 2230 fundamenta.
339 2197 388 2225 llic
399 2203 490 2225 autem
506 2197 604 2224 vitiose
620 2197 719 2232 legitur
735 2198 762 2224 in
775 2197 840 2224 edit.

60 2233 145 2296 ea?!
161 2241 217 2271 ριό,
225 2233 336 2268 μητρός-

97 2270 105 2302 (
128 2273 134 2298 ι
152 2269 283 2295 Βελτίων
295 2276 336 2302 μισ

931 2090 988 2126 (10)
1003 2091 1172 2124 Ἐπιδόντες
1184 2091 1256 2125 ἡμῖν
1267 2091 1285 2125 ἣ
1298 2091 1472 2124 ἀποδόντες.
1485 2089 1514 2117 In
1528 2091 1593 2117 edit.
1603 2089 1679 2117 deest

894 2127 970 2162 ἡμῖν.
984 2126 1106 2154 Combef.
1122 2127 1266 2157 ἀποδόντες
1283 2127 1349 2162 ἡμῖν
1363 2127 1410 2162 καὶ
1422 2126 1571 2158 ἐπιδόντες,
1585 2131 1679 2162 cuncta

895 2161 969 2189 nobis
985 2162 1122 2190 raddentes
1133 2170 1166 2189 ac
1177 2162 1344 2197 elargientes.
1360 2161 1432 2194 Mox,
1452 2161 1487 2188 τά
1502 2162 1573 2188 forte
1586 2161 1680 2188 delen-

895 2197 986 2267 duiili)
1007 2232 1038 2259 Tl
1056 2230 1175 2267 71107661
1194 2232 1381 2266 θησαυρίζειν
1401 2231 1540 2266 λῃσταῖς,
1553 2235 1611 2267 etc.
1627 2230 1680 2257 No—

398 2267 493 2302 μερίς.
515 2265 625 2301 Legitur
644 2266 671 2292 in
687 2265 770 2292 Prov.
786 2274 840 2297 xw,

152 2303 202 2328 lius
211 2308 250 2328 est
260 2311 353 2328 narum
367 2310 426 2328 cum
441 2302 544 2328 iustitia
558 2309 638 2328 ouum
652 2301 728 2327 multi
741 2301 840 2328 fructus

897 2255 953 2294 tuin
963 2255 1019 2294 ’ἑεὶ
1028 2255 1109 2294 ξιιίιῖ
1116 2255 1374 2328 ιὶἆέυέἓιῖιᾝέίῖιῖ.
1391 2255 1678 2298 v'.‘:‘19;"§b';1vo'm.

898 2303 1078 2328 thesaurizare
1092 2302 1165 2328 vobis
1180 2308 1188 2328 t
1208 2310 1316 2328 esauros
1332 2303 1359 2328 in
1375 2307 1455 2328 terra.
1468 2302 1513 2328 ubi
1528 2302 1597 2328 fures
1612 2302 1678 2328 eﬂ'o-

59 2305 77 2332 8
87 2301 202 2332 {Melius
211 2308 250 2330 est
259 2301 353 2337 parum
367 2310 426 2328 cum
436 2302 544 2336 justitia
558 2309 638 2336 quam
652 2301 728 2327 multi
740 2301 842 2335 [ructus

59 2348 120 2367 eum
142 2339 294 2376 in_iquitu1e_._
312 2337 390 2365 Hunc
414 2338 508 2376 locum_
527 2343 582 2364 sua:
605 2340 681 2376 aptat
703 2337 843 2376 sententia:

58 2371 218 2409 Gregorius.
247 2373 306 2400 Bill.
329 2377 418 2400 autem
446 2371 515 2407 μετὰ
540 2371 716 2406 μικρολογίας
734 2372 814 2398 vertit
834 2381 841 2399 :

58 2418 120 2437 cum
133 2409 266 2436 sordibus.

97 2443 136 2478 (7)
153 2444 248 2470 οικων
262 2441 491 2478 ἐκποιουμένῳν,
513 2440 559 2478 ltaA
572 2441 633 2478 cod.
650 2440 762 2478 Reg._ln
775 2441 841 2478 edit.

59 2475 278 2514 ἐμποιουμένων,
290 2475 426 2514 vertitque
440 2476 501 2514 Bill.
518 2485 524 2503 :
541 2475 593 2514 Qui
613 2480 681 2514 totas
695 2476 774 2514 etiam
793 2477 843 2514 ιίοτ

61 2510 117 2542 nios
132 2510 249 2541 ecclesiis
270 2513 358 2539 addici
381 2510 454 2546 passi
477 2513 540 2538 sint.
566 2510 678 2538 Rectius
697 2511 777 2542 torte,
797 2512 843 2545 qui

58 2551 142 2577 etiam
163 2553 233 2576 totus
255 2548 348 2575 domos
361 2547 437 2582 quasi
450 2546 531 2574 inseri
545 2551 571 2573 et
585 2546 748 2580 incorporari
761 2546 844 2573 eccle-

59 2586 108 2612 siis
122 2583 298 2611 sustinebant.

96 2620 134 2653 (8)
146 2617 381 2654 Hporﬁxrarrtha
394 2616 454 2644 cod.
468 2616 534 2651 Reg.
547 2615 575 2642 In
588 2615 654 2654 edit.
665 2615 844 2652 προσήγοντο.

52 2651 216 2683 obtulerint.
229 2653 300 2684 Mox,
313 2653 406 2679 οὐσίαν
420 2660 469 2686 pro
484 2651 651 2686 περιουσίαν.

97 2689 135 2724 (9)
154 2689 215 2716 ἰνα
235 2689 390 2724 πλονσέως
411 2685 557 2724 θερίσηινςξἶ
579 2685 841 2724 Mendosejnedit.

62 2720 206 2787 Gabinus.
217 2723 319 2750 Alludit
330 2720 478 2757 Gregorius
486 2722 520 2748 ad
531 2720 597 2748 illud
610 2721 733 2755 Apostol.
744 2720 765 2748 ll
776 2720 840 2760 βοτ-

62 2766 100 2787 η.
146 2769 152 2786 :
168 2759 221 2787 Qui
235 2765 312 2787 parte
329 2758 451 2787 seminat,
465 2764 543 2787 parte
555 2763 580 2782 et
595 2761 686 2786 metet:
703 2760 728 2784 et
740 2764 783 2787 qui
799 2764 840 2782 se-

61 2758 100 2790 u,
115 2758 132 2787 6
146 2758 221 2792 {Qui
235 2765 312 2792 parte
329 2758 451 2788 seminat,
465 2764 543 2790 parte
555 2763 580 2782 et
595 2761 686 2792 metet:
703 2760 728 2784 et
740 2758 784 2791 qui
799 2764 840 2782 se-

63 2796 145 2823 minat
158 2791 185 2822 in
197 2792 429 2826 benedictionibus,
441 2792 472 2820 de
483 2791 703 2820 benedictionibus
717 2796 742 2819 st
753 2796 838 2818 metet.

898 2303 1078 2330 tltesaurizare
1092 2302 1165 2329 vobis
1180 2308 1188 2328 t

895 2337 972 2363 dium
986 2342 1009 2364 et
1025 2337 1159 2372 furantur.
1180 2337 1368 2364 Tltesuurizute
1386 2342 1474 2363 autem
1488 2337 1558 2364 vobis
1574 2336 1680 2363 thesau-

896 2381 939 2400 ros
953 2373 978 2399 in
991 2373 1065 2403 collo,
1078 2373 1121 2399 ubi
1136 2373 1207 2407 fures
1223 2381 1273 2399 non
1288 2372 1424 2407 eﬂodiuttt,
1447 2381 1491 2399 nec
1507 2373 1642 2406 furantur.

931 2408 987 2442 (12)
1007 2407 1041 2434 Τὸ
1060 2407 1121 2442 μὲν
1137 2406 1269 2440 εὐτελές.
1288 2406 1375 2434 Vertit
1402 2407 1462 2434 Bill.
1486 2407 1677 2442 frugalitatem.

896 2441 954 2469 Duo
966 2443 1045 2470 codd.
1058 2441 1125 2477 Reg.
1141 2442 1172 2468 τὸ
1188 2443 1237 2477 μὲν
1250 2442 1363 2474 ἐντελὲς.
1382 2442 1481 2476 Sicque
1496 2441 1618 2469 Combel'.
1632 2441 1678 2477 ιμιί

895 2478 987 2510 vertit,
1004 2477 1084 2505 Circa
1101 2476 1155 2504 alia
1169 2476 1193 2503 et
1210 2477 1281 2508 aliis,
1298 2476 1367 2512 quod
1381 2477 1476 2511 rigoris
1493 2483 1531 2504 est
1548 2482 1571 2503 et
1585 2476 1679 2512 seueri-

897 2513 959 2539 tatis
977 2513 1122 2544 ostendile;
1146 2517 1175 2539 ut
1197 2516 1224 2539 et
1245 2510 1324 2546 epist.
1344 2510 1448 2541 Lxxvu,
1472 2510 1679 2546 φιλανθρώπους

896 2548 1012 2582 φανῆναι
1031 2547 1130 2583 μᾶλλον
1143 2547 1159 2582 ἦ
1175 2545 1301 2578 ἐντελεῖς,
1316 2547 1388 2581 quod
1406 2547 1466 2583 Bill.
1479 2545 1581 2580 reddit,
1599 2545 1679 2572 Beni-

896 2591 960 2618 gno:
971 2585 1058 2616 potius
1075 2590 1153 2616 quam
1168 2590 1269 2608 severos
1284 2590 1330 2608 nos
1345 2582 1519 2615 prmbeamus.

933 2617 1052 2654 “5)sz
1065 2617 1148 2649 Θεοῦ,
1160 2616 1269 2654 ex_Deo,
1287 2615 1336 2654 Dei
1348 2617 1452 2654 scilicet
1466 2616 1632 2652 indulgentia
1647 2625 1679 2644 ac

896 2651 1069 2684 liberalitate,
1087 2659 1142 2678 non
1157 2660 1173 2678 α
1190 2651 1244 2678 Deo
1260 2651 1338 2686 quasi
1354 2651 1487 2679 debitore.

944 2687 986 2719 M)
1004 2685 1296 2721 Ἐπευφραινοίμεθῴ
1308 2685 1374 2713 Cod.
1387 2685 1641 2721 ὲπευφραινώμεθα.

943 2723 987 2757 15)
1009 2720 1373 2758 Ὑπόδεὶτμα-Ίὲενομένοις.
1391 2720 1465 2750 Cod.
1476 2720 1544 2758 Reg.
1559 2725 1585 2750 et
1599 2721 1677 2748 Com-

893 2756 947 2786 bel‘.
964 2756 1115 2792 ὑπόδειγμα
1129 2756 1279 2784 νενόμενοι.

1208 2310 1316 2329 esauros
1332 2303 1359 2329 in
1375 2307 1455 2332 terra,
1468 2302 1513 2328 ubi
1527 2302 1597 2335 fures
1612 2302 1678 2335 effo-
