1923 3053
49 142 100 172 ιπ

717 143 884 172 EPISTOLA
906 143 998 172 LXIV.

1629 145 1678 172 1Ξῦ

47 199 181 236 πρώτοις,
208 199 374 237 ἐνθυμήθητι
397 199 453 235 (27)
476 200 517 227 ὅτι
549 201 595 227 καὶ
622 200 714 237 διέϐην
742 201 841 238 μέχρις

901 202 997 238 :ognati
1021 205 1197 237 acceperunt,
1223 205 1307 238 atque
1327 209 1378 238 ego
1401 209 1458 238 prae
1484 202 1602 237 caeteris,
1632 206 1680 238 qui

48 246 130 282 ὑμῶν
152 244 321 282 ἐξεπίτηδες,
337 248 370 282 τῇ
392 247 469 282 φήμῃ
484 247 694 283 τεταραγμένος,
720 248 766 274 καὶ
784 256 841 274 κοι-

49 292 173 327 νωνῆσαι
203 291 316 327 γνώμης
341 292 404 327 ὑμῖν
427 292 565 327 πρόθυμος
592 292 735 328 ἐγενόμην,
761 293 842 329 ἡνίκα

50 336 152 372 καιρὸς
164 334 199 371 ἦν
215 336 256 362 ἔτι
271 337 335 371 περὶ
359 336 460 362 τούτων
477 336 667 371 βουλεύεσθαι·
691 338 738 364 καὶ
754 338 842 364 πάντα

54 382 158 418 μᾶλλον
172 382 188 417 ἢ
211 382 312 417 ταύτην
328 381 384 416 (28)
405 383 472 417 ἡμῖν
496 382 705 417 ἐκοινωνήσατε,
720 382 775 409 εἴτε
791 382 843 409 ὑπὸ

52 430 106 463 τῆς
123 429 209 464 αὐτῆς
226 428 353 464 ἀπορίας,
376 427 425 455 εἴτ’
447 429 497 455 οὐκ
513 427 559 455 οἷδ’
579 429 593 455 ὅ
615 437 641 456 τι
657 429 841 465 βουληθέντες.

53 475 87 501 El
104 475 133 500 δὲ
149 475 205 506 τοῖς
221 474 396 505 τελευταίοις,
423 474 539 509 μάλιστα
553 474 602 509 μὲν
623 475 673 501 οὐκ
687 475 730 501 εἷα
743 475 774 501 τὸ
788 474 842 501 πά-

56 520 104 551 θος
120 520 201 547 πάλιν
216 520 280 555 ὑμῖν
295 520 425 554 ἐντυχεῖν,
446 520 493 546 καὶ
507 520 524 555 ή
539 519 577 555 τῷ
591 521 674 556 πατρὶ
691 529 844 556 χρεωστου-

57 565 128 599 μένη
143 565 209 599 τιμὴ
225 565 273 591 καὶ
288 565 358 596 ὁσία,
376 562 409 599 ἦς
423 564 498 591 οὐδὲν
525 565 661 601 ἐδυνάμην
680 565 842 601 ποιήσασθαι

56 609 263 645 προτιμότερον,
276 609 419 636 καὶταῦτα
433 609 562 643 ὑπογυίου
579 609 625 636 τοῦ
638 610 740 642 πάθους
755 610 842 643 ὄντος,

56 655 138 690 ἡνίκα
156 655 206 681 οὐκ
234 655 332 686 ἀσεϐὲς
354 655 434 690 μόνον
455 655 522 691 (29),
541 654 599 681 ἀλλ’
619 655 680 681 οὐδὲ
702 656 769 687 ὅλως
786 655 840 691 (50)

56 702 205 736 εὐπρεπὲς.
221 701 275 734 ἔξω
287 700 333 728 τοῦ
358 701 454 736 καιροῦ
477 701 639 736 φιλοσοφεῖν,
661 703 707 729 καὶ
731 703 800 738 ὑπὲρ
813 703 843 729 τὸ

57 746 244 781 ἀνθρώπινον·
272 746 366 773 ἔπειτα
392 747 439 772 καὶ
463 747 694 782 προκατειλῆφθαι
722 748 774 774 ὑπὸ
789 749 843 776 τῶν

56 792 227 827 πραγμάτων
243 792 417 827 ἐνομίσαμεν,
436 793 523 828 πέρας
535 792 563 819 δὲ
577 793 625 828 ήδη
643 793 697 829 (51)
712 793 766 820 τῶν
781 795 842 822 κατ’

56 839 140 865 αὑτὸν
151 839 277 873 ἑχόντων,
294 839 384 865 ὁποῖον
403 839 489 865 ἐδόκει
502 837 541 873 τῷ
556 839 648 873 ἄγοντι
660 839 693 866 τὰ
706 839 840 875 ἡμέτερα.

892 249 973 276 etiam
986 248 1049 274 vita?
1073 254 1137 282 spes
1160 247 1187 274 in
1208 255 1241 275 eo
1264 247 1424 280 deﬁxeram,
1447 255 1566 283 eumque
1588 248 1678 275 solum

892 293 1064 325 subsidium,
1095 293 1184 320 solum
1209 292 1399 320 consiliarium
1427 294 1557 328 probum,
1589 294 1678 321 solum

892 338 1002 374 pietatis
1018 338 1125 366 socium
1146 338 1214 365 mihi
1228 346 1289 366 esse
1302 337 1448 365 ducebam.
1472 339 1503 366 At
1527 347 1603 372 vero,
1617 340 1678 374 qui-

892 384 1010 411 husnam
1031 383 1113 411 rebus
1128 384 1155 410 in
1171 383 1242 410 hanc
1257 383 1445 418 conjecturam
1468 385 1633 413 adduceris?
1649 385 1678 412 Si

892 431 1001 466 primis,
1024 430 1052 457 in
1076 434 1194 458 trientem
1217 430 1266 458 tibi
1291 430 1392 463 veniat,
1412 439 1466 464 me,
1492 431 1543 459 hoc
1567 441 1675 461 rumore

893 477 1095 512 perturbatum,
1107 476 1199 504 dedita
1210 483 1291 511 opera
1305 477 1338 504 ad
1353 484 1401 504 vos
1417 485 1504 512 usque
1514 479 1676 512 perrexisse,

893 524 976 555 atque
996 524 1025 547 ut
1052 520 1079 546 in
1104 520 1214 547 consilii
1232 521 1430 555 sententia-que
1454 521 1611 549 societatem
1631 530 1678 550 vo-

892 566 999 593 biscum
1017 565 1137 592 venirem
1153 570 1280 600 prompto
1303 569 1330 592 et
1348 570 1444 600 parato
1463 566 1554 593 animo
1574 566 1669 600 fuisse,

893 619 955 639 cum
970 611 1004 638 de
1019 611 1061 638 his
1077 610 1159 638 rebus
1173 610 1344 638 deliberandi
1360 615 1468 647 tempus
1484 612 1573 640 adhuc
1593 616 1652 640 erat
1668 623 1674 640 :

893 663 996 691 vosque
1018 656 1051 683 de
1076 656 1205 683 omnibus
1220 656 1312 691 potius
1333 657 1395 684 aliis
1419 657 1511 690 rebus,
1538 665 1620 692 quam
1644 658 1679 686 de

894 701 955 735 hac,
966 701 1000 728 ad
1013 709 1055 729 me
1071 701 1209 733 retulisse,
1226 701 1284 729 sive
1296 701 1370 736 quod
1381 702 1474 729 eadem
1487 702 1570 729 animi
1584 703 1680 731 anxie-

893 751 949 774 tate
966 747 1129 782 consiliique
1143 747 1235 782 inopia
1257 747 1430 780 laboraretis,
1446 748 1504 776 sive
1518 749 1612 776 nescio
1624 757 1679 784 qua

893 792 946 819 alia
969 799 1052 820 causa
1075 793 1160 820 ducti.
1191 792 1219 820 Si
1248 793 1403 828 postremis,
1431 794 1549 821 maxime
1568 794 1679 829 quidem

893 837 966 865 haud
983 838 1091 866 sinebat
1112 839 1212 871 luctus,
1227 839 1255 866 in
1275 846 1329 874 quo
1348 846 1435 871 eram,
1453 843 1483 866 ut
1504 848 1553 867 vos
1569 847 1678 868 rursum

57 884 150 911 Ταῦτα
165 885 213 920 μὲν
228 884 284 919 (52)
298 885 329 920 δὴ
343 884 465 911 τοιαῦτα.
490 883 548 910 Νῦν
570 884 599 910 δὲ
621 884 667 910 καὶ
691 884 739 920 τὴν
755 885 843 921 λύπην

901 883 1079 916 :onvenirem,
1102 891 1134 911 ac
1149 885 1258 912 debitus
1275 885 1344 920 patri
1362 885 1459 915 honor.
1485 889 1512 912 et
1531 886 1678 920 exsequiae,

57 932 120 963 ἄνες
135 931 200 966 ἡμῖν
221 930 329 956 πάντων
350 928 431 956 οὖσαν
455 929 639 965 ἀλογωτάτην,
660 929 697 962 ὠς
725 931 841 965 ἐμαυτὸν

57 978 161 1004 πείθω·
182 977 230 1003 καὶ
244 975 270 1002 εἰ
288 975 315 1002 τί
332 984 372 1002 σοι
387 976 468 1002 πλέον
489 976 572 1008 δοκεῖ,
595 976 781 1012 παράστησον,
798 977 841 1004 ἴνα

59 1024 97 1059 μὴ
121 1023 166 1049 καὶ
189 1022 262 1057 ἡμᾶς
286 1023 314 1047 ὲν
329 1021 366 1056 τῷ
387 1021 463 1057 μέρει
487 1021 534 1048 καὶ
551 1021 662 1048 σεαυτὸν
677 1021 773 1057 λυπῇς,
797 1023 844 1049 καὶ

58 1070 175 1104 πρᾶγμα
190 1068 298 1104 πάσχῃς
312 1067 414 1102 σφόδρα
433 1067 482 1102 τῆς
506 1067 556 1102 σῆς
573 1068 711 1101 εὐγενείας
725 1067 842 1101 ἀνάξιον,

58 1114 117 1142 ἀντ’
139 1113 226 1140 ἄλλων
250 1113 323 1148 ἡμᾶς
344 1111 513 1147 αἰτιώμενος,
536 1112 598 1143 τοὺς
620 1111 696 1138 οὐδὲν
718 1111 843 1138 ἀδικοῦν-

59 1167 119 1192 τας,
133 1158 190 1185 ἀλλ’
204 1159 228 1184 εἰ
244 1157 284 1183 δεῖ
296 1157 319 1183 τ’
329 1156 427 1191 ἀληθὲς
446 1157 542 1188 εἰπεῖν,
553 1156 587 1183 τὰ
605 1156 650 1183 ἴσα
663 1157 845 1192 τυραννηθέν-

894 929 996 965 quibus
1011 930 1079 956 nihil
1095 931 1235 965 antiquius
1250 931 1350 958 habere
1366 931 1453 965 potui,
1470 932 1619 966 praesertim
1637 940 1680 959 re-

894 977 966 1004 centi
993 976 1082 1004 adhuc
1104 976 1272 1010 calamitate,
1296 985 1352 1012 quo
1375 981 1497 1012 tempore
1520 985 1574 1005 non
1599 978 1680 1006 modo

897 1022 1021 1057 impium,
1043 1022 1092 1050 sed
1110 1023 1222 1049 omnino
1241 1023 1322 1050 etiam
1340 1022 1498 1050 indecorum
1513 1028 1564 1056 est,
1581 1023 1682 1051 intem-

897 1068 1002 1103 pestive
1016 1068 1216 1104 philosophari,
1236 1076 1373 1103 supraque
1389 1069 1536 1096 humanam
1558 1069 1682 1097 imbecil-

896 1113 1013 1141 litatem.
1032 1114 1137 1141 Deinde
1161 1114 1242 1142 rebus
1264 1114 1332 1149 ipsis
1358 1122 1409 1142 nos
1431 1120 1583 1150 praeventas
1600 1119 1682 1150 atque

897 1163 1046 1194 occupatos
1066 1159 1332 1194 essejudicavimus,
1347 1161 1447 1195 quippe
1461 1168 1522 1187 cum
1538 1160 1624 1195 ipsius
1637 1167 1682 1188 res

59 1214 110 1236 τας
126 1204 179 1231 ὑπὸ
197 1203 251 1230 τῶν
266 1203 362 1230 κοινῶν
379 1203 474 1238 φίλων,
489 1203 536 1229 κα.)¹
554 1202 599 1234 οὓς
616 1203 711 1238 μόνους
735 1203 844 1238 εὐεργέ-

896 1210 958 1230 eum
971 1203 1028 1238 jam
1041 1203 1121 1231 tinem
1139 1204 1282 1236 haberent,
1298 1205 1406 1239 qualem
1428 1205 1452 1232 ei
1469 1205 1557 1232 visum
1573 1205 1680 1237 fuisset,

60 1256 111 1279 τας
124 1247 259 1282 ἐνόμιζες.

896 1249 942 1283 qui
960 1256 1005 1276 res
1019 1254 1128 1277 nostras
1147 1250 1313 1277 moderatur.
1329 1250 1369 1277 Ac
1379 1250 1413 1278 de
1425 1251 1468 1278 his
1483 1251 1550 1278 satis
1564 1258 1578 1277 a
1594 1251 1674 1278 nobis

62 1296 167 1323 dictum
198 1295 243 1322 sit.
271 1293 350 1321 Nunc
384 1297 474 1321 autem
504 1299 532 1321 et
552 1302 699 1322 mmrorem
725 1295 864 1331 animique
899 1296 1075 1325 olfensionem
1101 1297 1300 1331 iniquissimam
1324 1304 1447 1332 prorsus,
1476 1301 1505 1324 ut
1528 1298 1593 1324 mihi
1619 1305 1682 1332 pcr-

63 1341 175 1373 suadeo,
197 1344 278 1375 atque
304 1347 319 1367 a
337 1339 443 1367 ratione
467 1340 675 1372 alienissimam,
698 1342 776 1369 nobis
801 1342 908 1370 remitte
933 1347 984 1370 :et
1001 1343 1023 1370 si
1039 1343 1104 1377 quid
1139 1343 1187 1370 tibi
1211 1342 1328 1377 amplius
1344 1343 1460 1374 videtur,
1494 1342 1613 1373 declara.
1644 1350 1679 1369 ne

64 1393 94 1415 tu
124 1395 174 1415 nos
202 1394 310 1422 quoque
330 1387 451 1414 vicissim
477 1394 509 1414 ac
533 1389 651 1422 teipsum
676 1396 794 1416 man-ore
813 1389 925 1423 allicias,
960 1398 1071 1425 remque
1095 1390 1179 1418 facias
1212 1391 1354 1417 nobilitate
1383 1394 1428 1417 tua
1451 1398 1581 1425 perquam
1604 1390 1674 1417 indi-

65 1441 156 1469 gnam,
182 1433 298 1460 aliorum
313 1433 373 1459 loco
401 1439 452 1460 nos
475 1440 621 1466 accusans,
646 1442 661 1461 a
679 1435 780 1469 quibus
798 1435 837 1462 nil
852 1436 932 1464 laesus
951 1444 991 1467 es.
1011 1444 1116 1468 verum,
1142 1437 1165 1464 si
1184 1444 1248 1463 vere
1273 1435 1436 1470 loquendum
1461 1439 1525 1470 est,
1555 1435 1677 1463 eamdem

64 1479 119 1506 vim
132 1485 148 1505 a
167 1478 359 1506 communibus
372 1477 479 1511 amicis,
495 1486 622 1515 quosque
645 1484 674 1506 tu
690 1480 765 1508 solos
779 1481 813 1509 de
826 1485 852 1509 te
871 1481 940 1509 bene
957 1482 1068 1509 meritos
1083 1481 1270 1510 existimabas.
1288 1489 1441 1517 perpessos.

83 1556 140 1584 ΞΝ.
161 1556 303 1592 ΕΥΣΕΒῘῼ
320 1557 494 1592 ΕΠΙΣΚΟΠῼ
513 1557 743 1584 ΣΑΜΟΣΑΤΕΩΝ
762 1557 830 1593 (55).

903 1558 958 1593 58
970 1557 1062 1586 LXIV.
1083 1557 1232 1585 EUSEBIO
1250 1557 1489 1585 SAMOSATENSI
1509 1557 1683 1585 EPISCOPO.

101 1614 178 1641 Anno
196 1614 249 1641 574
271 1613 399 1641 Eusebius
415 1613 626 1645 Samosatensis,
646 1614 757 1641 summis
769 1614 801 1641 de
825 1613 946 1641 Ecclesia
968 1615 1068 1641 meritis
1087 1614 1194 1645 clarus,
1218 1614 1246 1640 in
1262 1613 1403 1641 Thraciam
1424 1623 1440 1640 a
1469 1613 1575 1640 Valente
1587 1613 1685 1648 relega-

66 1655 110 1676 tis
131 1654 188 1681 est;
208 1657 259 1684 quo
278 1657 336 1675 cum
360 1654 473 1684 pergeret
485 1649 667 1676 sanctissimus
684 1650 818 1683 confessor
829 1669 836 1682 ,
857 1657 902 1684 per
916 1649 1114 1684 Cappadociam
1128 1649 1245 1680 transiit,
1259 1649 1365 1684 ejusque
1381 1649 1520 1684 compleant
1536 1650 1634 1683 potitus
1646 1653 1686 1675 est

66 1684 185 1711 Basilius
202 1684 270 1719 (54).
285 1684 335 1710 Sed
353 1683 476 1719 Gregorio
491 1684 661 1719 Nazianzeno
676 1684 767 1711 eadem
784 1685 900 1718 felicitas
918 1683 968 1711 non
984 1685 1099 1719 obtigit;
1124 1684 1218 1719 quippe
1232 1686 1277 1718 qui
1296 1683 1335 1710 ita
1345 1684 1489 1718 wgrotabat
1502 1704 1509 1715 ,
1528 1689 1556 1719 ut
1574 1693 1609 1719 nc
1620 1684 1684 1717 qui-

67 1720 127 1746 dem
151 1727 182 1746 ex
198 1718 303 1746 aedibus
323 1720 479 1753 prospicere
500 1722 601 1753 posset.
626 1718 693 1745 Cum
713 1719 796 1754 igitur
811 1727 856 1753 per
874 1720 993 1746 morbum
1015 1718 1065 1753 ipsi
1080 1718 1134 1746 non'
1148 1719 1264 1745 licuisset
1286 1719 1372 1746 videre
1391 1724 1512 1745 sanctum
1531 1718 1684 1750 Eusebium,

65 1760 203 1789 postquam
226 1754 260 1780 ad
279 1754 364 1780 locant
385 1754 473 1780 exsilii
500 1754 633 1788 pervenit,
655 1754 703 1780 llas
720 1753 754 1780 ad
769 1762 829 1780 eum
847 1755 953 1789 scripsit
976 1755 1096 1786 litteras,
1120 1755 1214 1789 quibus
1238 1755 1396 1788 signiﬁcavit
1412 1753 1546 1785 dolorem,
1568 1762 1598 1780 at:
1608 1762 1686 1789 [oga-

67 1791 102 1815 vit
116 1788 134 1820 ,⁷
152 1794 197 1819 ιιι,
225 1788 292 1824 quod
318 1796 351 1815 ea;
373 1789 430 1823 ejus
451 1797 590 1823 congressu
611 1788 645 1815 ad
667 1789 764 1816 anima:
785 1790 898 1816 salutem
921 1791 1044 1824 consequi
1064 1788 1278 1824 "capotuerat,
1294 1790 1322 1816 id
1340 1789 1398 1824 sibi
1410 1789 1529 1823 precibus
1547 1790 1582 1815 ad
1601 1788 1686 1814 Deum

68 1825 204 1851 obtineret.
219 1823 309 1859 Neque
329 1824 397 1850 enim
413 1824 462 1850 viri
475 1828 511 1850 tot
522 1824 743 1857 persecutionibus
757 1832 804 1858 pro
819 1824 959 1859 Evangelia
971 1823 1076 1858 probati
1091 1825 1177 1851 minus
1195 1823 1318 1859 prodesse
1335 1824 1369 1850 ad
1385 1823 1469 1851 Deum
1493 1831 1593 1859 preces,
1607 1830 1687 1858 quam

69 1859 180 1892 alicujus
201 1867 233 1886 ea:
255 1859 353 1885 sanctis
377 1859 537 1894 martyribus
552 1859 747 1893 patrocinium,
762 1859 813 1886 sibi
830 1858 1004 1894 persuadebat
1019 1859 1175 1894 Tlteologus.
1196 1858 1261 1885 ch
1276 1864 1362 1886 autem
1379 1859 1490 1893 epistola
1506 1864 1563 1893 post
1579 1858 1685 1885 Pascha

69 1895 132 1920 antri
147 1895 199 1921 574
211 1894 307 1928 scripta
318 1898 367 1920 est.

104 1940 169 1967 Ὅτε
191 1940 291 1976 παρῄει
317 1948 363 1966 σου
388 1940 405 1975 ἡ
432 1939 570 1966 θεοσέϐεια
585 1939 628 1966 διὰ
650 1940 701 1975 τῆς
725 1941 847 1977 πατρίδος

939 1942 999 1975 Quo
1028 1946 1151 1976 tempore
1175 1941 1263 1976 pietas
1289 1945 1336 1969 tua
1361 1949 1410 1976 per
1431 1941 1546 1976 patriam
1566 1943 1687 1967 nostram

69 1987 156 2022 ἡμῶν,
171 1986 234 2012 οὕτε
249 1985 384 2021 δωματίου
408 1985 463 2020 (55)
479 1986 617 2021 προκύψαι
643 1984 699 2018 οἷός
720 1995 749 2013 τε
766 1987 851 2022 ήμην,

68 2035 98 2061 ὲν
115 2033 216 2070 ἐσχάτῃ
230 2032 368 2068 ἀρρωστίᾳ
393 2032 503 2066 διάγων.
531 2032 639 2059 Ἐλύπει
663 2033 692 2059 δέ
717 2041 750 2068 με
765 2034 795 2060 οὐ
809 2042 853 2060 το-

70 2079 165 2106 σοῦτον
183 2080 200 2113 ἡ
215 2078 292 2110 νόσος
315 2079 361 2104 τὸν
383 2077 519 2113 περὶτῶν
543 2079 665 2113 ἐσχάτων
691 2076 773 2113 φόϐον
797 2079 854 2106 ὲπ-

68 2126 173 2160 άγουσα
187 2124 255 2160 (56),
271 2124 327 2150 ἀλλ’
345 2124 385 2150 ὅτι
398 2124 448 2159 τῆς
463 2125 537 2159 ἱερᾶς
549 2133 596 2151 σου
612 2125 659 2151 καὶ
674 2125 778 2160 ἀγαθῆς
793 2134 854 2152 συν-

69 2171 165 2206 τυχίας
187 2170 405 2206 ἀπεστερούμην.
430 2170 570 2205 Τοσαύτην
591 2170 645 2206 ἔχω
664 2171 728 2206 περὶ
744 2171 774 2197 τδ
791 2171 854 2197 ἰδεῖν

71 2225 118 2244 σου
132 2217 163 2244 τὺ
177 2217 265 2252 τίμιον
273 2217 417 2253 πρόσωπον
428 2216 583 2252 ἐπιθυμίαν,
592 2217 658 2252 ὅσην
671 2217 744 2248 εἰκὸς
752 2214 786 2252 ἦν
796 2216 852 2251 (57)

68 2263 116 2290 τὸν
132 2262 266 2298 χρῄζοντα
289 2262 337 2298 μὲν
358 2262 504 2297 θεραπείας
523 2262 577 2289 τῶν
595 2262 717 2298 ψυχικῶν
731 2261 855 2298 τραυμά-

69 2318 134 2342 των,
151 2308 252 2343 ταύτην
266 2308 295 2335 δὲ
317 2309 392 2344 παρὰ
408 2308 457 2343 τῆς
474 2308 524 2343 σῆς
539 2307 704 2343 τελειότητος
725 2308 795 2340 ἕξειν
812 2307 855 2334 ὲλ-

70 2354 195 2387 πίζοντα.
217 2353 287 2380 Ἀλλ’
301 2354 326 2380 el
343 2353 390 2380 καὶ
406 2353 460 2380 τῶν
479 2353 621 2389 ἁμαρτιῶν
637 2353 692 2380 τῶν
714 2353 789 2388 ὲμῶν
805 2353 854 2387 γέ-

107 2422 165 2463 (27)
182 2421 392 2463 Ἔνθιψήθητι.
416 2421 457 2449 Ita
483 2421 558 2455 Pan,
572 2425 599 2450 et
620 2421 660 2449 sic
684 2421 773 2449 reddit
791 2421 854 2449 Bill.

70 2457 146 2486 Edit.
163 2457 340 2492 εὐθυμήθητι.

108 2493 165 2524 (28)
183 2490 307 2528 Ταύτὴνζ
324 2493 362 2519 ita
377 2492 439 2528 legit
450 2490 571 2528 Combef.
588 2490 659 2528 Edit.
677 2491 788 2527 ταύτης.

120 2527 166 2563 ‘29)
188 2528 249 2554 οὐκ
268 2527 375 2560 ἀσεϐὲς
383 2526 489 2562 μόνον.
506 2526 595 2563 Malim
610 2527 643 2563 οὐ
659 2527 737 2562 μόνον
750 2526 800 2554 οὐκ
814 2527 858 2563 εὐ-

74 2562 165 2593 σεόές,
183 2570 234 2588 non
249 2563 326 2589 modo
343 2570 394 2589 non
417 2563 500 2597 pium,
518 2562 562 2589 sed
579 2562 660 2589 etiam
683 2569 792 2596 prorsus
817 2562 859 2588 in-

73 2598 210 2625 decorum.

109 2633 166 2668 (50)
182 2631 372 2668 νῼὺδᾲὸλως.
393 2632 513 2668 Ιιιιᾷςοιι.
541 2630 598 2668 Reg

73 2667 142 2695 edit.
157 2666 224 2703 ὀὐδέ
236 2667 331 2703 ἄλλως,
349 2667 421 2703 quod
431 2666 509 2703 Bill.,7
520 2666 565 2693 sed
576 2666 675 2703 alioqui
689 2666 852 2703 indecorum.

112 2703 168 2738 (5t)
184 2701 279 2738 Πέρας
294 2701 366 2738 ἤᾷηῖ
383 2703 423 2729 Ita
443 2701 521 2729 codd.
537 2701 623 2728 nostri
642 2705 669 2728 ct
684 2701 806 2729 Combel‘.
827 2702 857 2728 In

74 2736 143 2766 edit.
156 2737 241 2772 πέρας
254 2736 282 2763 δὲ
297 2737 357 2772 ἤδη.
376 2771 384 2772 7
531 2771 538 2772 ί
640 2738 643 2746 ’

122 2772 168 2806 52)
189 2771 284 2798 Ταῦτα
295 2771 359 2806 μέν.
375 2771 413 2798 Ita
426 2771 517 2799 iidem.
531 2771 560 2799 In
570 2772 635 2799 edit.
648 2771 682 2798 τὰ
701 2771 759 2806 μέν.

123 2808 168 2838 55)
187 2807 262 2842 Alias
283 2806 397 2836 XXVIII.
421 2806 526 2842 Scripta
544 2815 615 2833 anno
638 2807 699 2833 574.
712 2807 856 2842 -ηΕῠσε-

77 2841 138 2875 σίφ.
156 2842 206 2870 Hic
221 2841 356 2870 Eusebius
370 2842 528 2870 orthodoxae
541 2842 602 2871 fidei
617 2849 700 2870 causa
713 2849 729 2869 τι
744 2841 856 2870 Valente

902 1987 1047 2019 transibat,
1070 1986 1139 2014 adeo
1162 1987 1239 2022 gravi
1256 1987 1352 2013 morbo
1367 1986 1535 2017 laborabam,
1563 1990 1592 2012 ut
1616 1993 1650 2012 nc
1672 1992 1688 2012 e

902 2031 1029 2059 cubiculo
1043 2031 1152 2066 quidem
1169 2031 1327 2066 prospicere
1345 2038 1466 2065 possem.
1480 2029 1522 2056 Me
1536 2037 1618 2064 porro
1633 2036 1688 2055 non

902 2081 958 2104 tam
984 2077 1108 2109 morbus,
1138 2077 1264 2111 quamvis
1291 2076 1393 2111 alioqui
1419 2075 1687 2111 periculosissimus,

902 2123 1089 2156 excruciabat,
1102 2130 1185 2158 quam
1203 2123 1277 2158 quod
1295 2122 1387 2150 fausto
1403 2127 1429 2149 et
1450 2126 1626 2149 sacrosancto
1641 2125 1689 2148 tuo

903 2174 1053 2202 congressu
1077 2167 1213 2202 privabar.
1244 2166 1333 2194 Tanta
1361 2168 1463 2202 quippe
1489 2166 1582 2193 vultus
1610 2165 1689 2193 istius

904 2212 1073 2240 honorabilis
1096 2212 1204 2240 videndi
1220 2212 1372 2247 cupiditate
1388 2216 1491 2242 teneor,
1507 2214 1612 2245 quanta
1626 2217 1688 2237 eum

904 2259 991 2286 teneri
1009 2267 1059 2294 par
1069 2262 1121 2292 est,
1135 2260 1183 2294 qui
1201 2258 1366 2294 spiritalium
1383 2258 1524 2286 vulnerum
1544 2256 1688 2284 curatione

905 2303 1018 2339 indiget,
1033 2312 1147 2339 eamque
1162 2312 1177 2331 a
1189 2304 1349 2339 praestantia
1367 2307 1414 2330 tua
1431 2311 1461 2331 se
1471 2305 1687 2330 consecuturum

906 2353 1008 2386 sperat.
1024 2349 1082 2377 Etsi
1099 2355 1189 2378 autem
1207 2350 1259 2377 hoc
1271 2350 1392 2385 peccatis
1411 2349 1482 2376 meis
1496 2347 1689 2376 ascribeudum

906 2420 1027 2456 Ecclesia
1042 2423 1151 2456 pulsus.
1161 2422 1189 2446 et
1203 2419 1230 2446 in
1243 2417 1568 2456 Thracigmdeportatus,
1582 2419 1691 2442 mortuo

906 2454 1018 2482 Valente
1032 2452 1066 2481 οἰ)
1076 2454 1173 2481 exsilio
1185 2461 1323 2490 reversus,
1337 2452 1456 2479 Dolicha:
1468 2452 1503 2478 ab
1514 2452 1692 2490 Aria_na__qua-

907 2491 968 2516 dam
984 2490 1154 2521 muliercula,
1171 2490 1268 2524 tegulae
1288 2489 1472 2524 icturnecatus
1484 2491 1535 2517 est,
1557 2485 1692 2524 vindicta-

927 2533 960 2552 ue
969 2525 1064 2552 amicis
1078 2519 1230 2555 interdixit,
1242 2523 1469 2558 quemadmodum
1476 2525 1597 2558 testatur
1607 2519 1693 2558 Theo-

927 2566 1019 2587 oretus
1035 2560 1081 2586 lib.
1094 2567 1121 2590 v,
1136 2566 1196 2593 cap.
1206 2558 1233 2591 4,
1244 2554 1271 2586 ét
1284 2557 1454 2592 Nicephorus
1466 2557 1512 2593 lib.
1529 2563 1578 2588 xu,
1591 2563 1650 2590 cap.
1663 2554 1692 2582 5.

944 2595 1001 2629 (54)
1017 2594 1153 2629 Ήιεοιιοῐ.
1171 2591 1246 2621 Hist.
1263 2594 1310 2629 lib.
1329 2591 1447 2629 iv,§ap.
1466 2591 1509 2629 [5.

633 2635 659 2658 et
684 2630 808 2659 Combef.
829 2630 847 2657 1ι

945 2624 1003 2662 (55)
1024 2628 1099 2655 οὔτε
1112 2628 1269 2663 δωματίου.
1281 2627 1366 2655 Codd.
1380 2624 1459 2662 Reg”
1475 2625 1552 2653 Pass.
1570 2628 1597 2653 et
1610 2624 1692 2652 Com-

908 2664 961 2693 bef.
979 2663 1040 2690 οΰτε
1060 2663 1108 2690 τοῦ
1122 2663 1268 2693 δωματίου.

944 2699 999 2735 (56)
1018 2698 1074 2726 Τὸν
1089 2694 1231 2735 περὶτῶν
1255 2696 1392 2735 ἐσχάτων
1407 2697 1501 2731 φόϐον
1527 2694 1691 2735 ἐπάγουσα,

908 2733 1028 2770 quamvis
1056 2734 1154 2770 alioqui
1172 2733 1244 2770 hora:
1269 2733 1417 2770 nouissima;
1433 2736 1531 2770 metum
1552 2733 1691 2770 incutiens.

944 2770 1000 2805 (37)
1018 2769 1106 2801 Εἰκὸς
1116 2763 1172 2803 ’ἦν.
1193 2768 1232 2796 lla
1245 2768 1325 2797 codd.
1341 2767 1419 2804 “0.3.,
1431 2766 1509 2795 Pass.
1522 2769 1550 2793 et
1568 2763 1691 2793 Combel‘.

909 2805 937 2833 In
950 2805 1015 2834 cdit.
1036 2805 1108 2836 εἰκὸς
1125 2805 1205 2839 ἔχειν.
