1923 3053
239 151 289 179 1⁵51

858 149 889 196 ᾗ.
909 150 1074 179 GBEGORII
1091 150 1263 180 THEOLOGI

1807 151 1855 180 152

239 211 356 239 l'acimus
373 220 380 238 :
397 214 470 238 tuam
486 211 670 246 integritatem
690 218 722 238 ac
741 210 936 246 perfectionem
952 213 1023 240 salu-

1080 221 1129 248 μεν
1146 213 1183 249 μὴ
1199 213 1313 248 κάμνειν
1328 221 1357 239 σε
1378 212 1550 248 μεμνημένον
1562 211 1651 248 ἡμῶν.
1668 210 1706 239 Οὐ
1720 209 1774 246 γὰρ
1788 210 1856 245 ὠφέ-

239 261 340 290 tamus,
368 260 451 292 teque
476 264 512 284 ne
535 258 623 285 nostri
644 257 836 285 recordatione
860 257 1027 294 defatigeris,

239 309 351 330 oramus
368 305 451 337 atque
471 303 661 331 obsecramus.
679 303 772 339 Neque
794 304 866 331 enim
890 308 943 331 tua:
958 304 1029 332 litte-

239 354 285 380 rae,
300 355 362 375 cum
385 349 420 376 iis
445 348 493 376 abs
508 354 534 376 te
554 349 699 383 donamur,
721 349 800 377 nobis
827 349 937 377 utilitati
961 350 1029 377 dun-

239 397 314 420 taxat
328 397 403 427 snnt,
418 395 465 422 sed
477 395 558 422 etiam
573 396 729 430 gloriationi
742 397 812 431 apud
830 396 931 425 multos
944 401 1027 432 atque

239 443 401 466 ornamento
419 448 426 466 :
441 447 538 475 nempe
549 440 622 475 quod
637 441 707 476 apud
720 441 810 468 virum
833 444 910 468 tanta
925 442 1026 469 virtute

239 484 394 518 prmditum,
417 489 576 521 tantamque
602 487 673 521 apud
696 485 782 514 Deum
804 487 1024 522 conjunctionem

238 537 270 557 ac
295 530 507 559 familiaritatem
530 533 684 566 habentem,
709 536 739 559 ut
763 533 832 560 alios
858 533 952 565 etiam,
971 537 1030 560 tum

237 579 351 615 jungere
364 579 461 614 possit,
479 580 571 615 aliquo
585 580 646 607 loco
659 588 691 608 ac
707 587 821 608 numero
839 580 937 609 simus.

490 668 595 697 LXVII.
615 667 769 697 JULIANO.

1076 259 1136 286 λεια
1152 260 1217 294 ἡμῖν
1233 259 1313 294 μόνον
1325 258 1378 285 τῶν
1392 259 1446 285 σῶν
1466 257 1659 291 καταξιοῦσθαι
1675 256 1855 293 γραμμάτων,

1075 304 1143 332 ἀλλὰ
1164 304 1212 331 καὶ
1226 304 1356 340 καύχημα
1378 304 1446 339 πρὸς
1461 304 1524 336 τοὺς
1544 303 1667 336 πολλοὺς,
1688 303 1736 329 καὶ
1754 301 1855 328 καλλώ-

1076 358 1175 385 πισμα,
1190 351 1231 376 ὅτι
1249 349 1327 384 λόγος
1340 350 1418 385 ἡμῶν
1432 350 1491 376 ἔστι
1506 349 1570 385 παρ’
1583 349 1660 384 ἀνδρὶ
1678 347 1796 382 τοσούτῳ
1809 347 1856 383 τὴν

1075 396 1186 432 ἀρετὴν,
1203 396 1249 423 καὶ
1261 395 1395 431 τοσαύτην
1416 395 1502 431 ἔχοντι
1518 395 1585 430 πρὸς
1605 394 1671 421 Θεὸν
1695 394 1855 429 οἰκειότητα,

1074 440 1145 467 ὥστε
1173 441 1219 467 καὶ
1242 441 1338 472 ἄλλους
1361 440 1478 468 οἰκειοῦν
1505 439 1634 467 δύνασθαι
1657 440 1704 467 καὶ
1722 439 1792 474 λόγῳ
1811 437 1856 464 καὶ

1074 486 1263 522 ὑποδείγματι.

1048 540 1186 566 sermone,
1208 537 1267 560 tum
1299 532 1434 567 exemplo,
1457 530 1513 559 Deo
1534 531 1683 560 conciliare
1708 535 1789 567 atque
1808 529 1854 557 ad-

1303 665 1362 694 sz'.
1382 664 1544 702 iorAIANo
1563 665 1631 702 (56).

275 759 332 792 Quo
355 762 468 792 tempore
496 756 697 784 Nazianzenam
714 756 861 792 Ecclesium
887 755 1091 792 administrabat
1107 753 1272 792 Theologus,
1301 753 1369 780 hanc
1384 753 1494 781 Iuliano
1521 755 1646 789 praefecto
1672 756 1779 790 scripsit
1801 756 1857 790 epiv

239 796 359 824 stolam;
388 801 439 819 non
467 793 570 827 quidem
597 798 657 818 ante
679 800 776 818 annum
799 791 868 822 574,

898 799 950 825 quo
967 790 1157 817 Nazianzenus
1184 791 1321 823 episcopus
1342 795 1460 816 mortuus
1480 794 1535 822 est,
1551 798 1630 825 eoque
1648 795 1752 818 mortuo
1768 797 1857 818 noster

239 829 382 863 Gregorius
401 825 541 862 regendam
563 828 648 863 ipsius
670 826 817 863 Ecclesium
848 833 916 863 (egre
934 826 1061 863 suscepit,
1090 833 1135 852 nec
1157 826 1250 863 serius
1274 832 1344 863 anu‘o
1363 825 1591 863 57_5,_siquidem
1618 825 1667 852 hoc
1691 834 1760 863 anno
1774 845 1781 858 ,
1804 825 1857 852 Ec-

238 858 325 890 clesite
346 858 471 898 regimine
492 858 593 896 abjeciu
603 882 611 893 ,
630 861 776 898 Seleuciam
790 869 817 898 se
830 858 936 896 recepit.
948 858 1103 893 lulianum,
1117 861 1162 895 qui
1174 858 1344 895 equuandis
1361 859 1467 886 tributis
1482 858 1530 887 Iioc
1547 868 1616 887 anno
1633 861 1773 895 prazfectus
1788 865 1856 893 erat,

239 904 313 934 rogat
332 903 358 924 ut
377 898 484 924 clericos
500 906 562 924 suos
578 898 677 924 eximat
690 905 706 923 a
722 897 839 924 tributis.

272 986 337 1014 Mihi
353 991 449 1025 tecum.
460 985 586 1013 amicitiae
599 984 708 1020 quidem
723 984 806 1011 multa
821 983 884 1019 jura
904 983 1023 1011 interce—
1037 987 1059 1015 Β

236 1031 315 1063 dunt,
331 1035 358 1059 et
379 1031 400 1058 si
416 1031 484 1058 nihil
508 1030 593 1062 aliud,
611 1030 709 1056 litterae
729 1033 813 1061 certe,
828 1029 929 1063 quibus
951 1028 1021 1063 apud

237 1077 338 1104 multos
355 1077 424 1104 nihil
444 1075 627 1104 venerabilius
649 1079 702 1107 est,
726 1082 777 1102 nec
801 1074 872 1108 quod
891 1074 1022 1109 majorem

236 1123 269 1150 ad
288 1122 493 1150 conciliandum
515 1129 636 1148 amorem
650 1121 703 1147 vim
723 1120 824 1147 habeat
839 1129 846 1148 :
863 1119 1022 1147 offensionis

237 1173 327 1195 autem
349 1173 374 1195 el
391 1167 541 1194 inimicitiae
564 1174 615 1193 nec
631 1173 715 1194 causa
730 1166 785 1193 ulla
804 1169 856 1197 est,
873 1170 954 1200 atque
967 1165 1022 1192 uti-

236 1221 299 1241 nam
319 1221 353 1241 ne
378 1215 414 1241 sit
442 1220 574 1247 unquam.
601 1211 668 1238 Nam
690 1219 733 1243 ea,
759 1211 795 1238 ob
806 1218 867 1246 quae
891 1211 1023 1238 adversus

236 1259 348 1287 fratrem
370 1259 531 1286 Nicobulum
556 1257 663 1285 infenso
687 1257 779 1284 animo
801 1264 842 1289 es,
860 1260 908 1283 aut
932 1256 967 1283 ab
990 1263 1023 1283 eo

236 1313 353 1332 mcerore
372 1304 485 1332 allectus
500 1312 540 1336 es,
567 1311 622 1331 non
644 1305 731 1340 magis
753 1304 786 1331 ad
811 1311 855 1331 me
875 1304 1022 1338 pertinent,

235 1358 317 1386 quam
332 1358 392 1384 quae
406 1350 477 1385 apud
489 1349 570 1377 ludos
581 1354 716 1384 geruntur
729 1359 735 1376 :
752 1349 805 1376 hoc
827 1357 882 1376 uno
899 1353 1021 1384 excepto,

235 1395 308 1430 quod
328 1395 394 1422 nihil
411 1402 517 1426 eorum,
535 1402 596 1430 quae
610 1395 795 1429 contigerunt,
812 1395 876 1421 mihi
889 1395 941 1430 ει
959 1402 1024 1429 pro-

235 1439 326 1466 batur.
343 1438 525 1471 Quamobrem
539 1439 597 1466 haac
609 1439 675 1466 mihi
690 1447 725 1466 ne
739 1439 867 1474 imputes,
890 1447 941 1467 nec
959 1447 1023 1475 pro-

234 1492 328 1520 pterea
343 1485 465 1512 deterius
476 1484 612 1519 quoddam
627 1485 659 1512 de
671 1485 758 1520 teipso
770 1485 916 1512 consilium
929 1486 1021 1514 ineas:

233 1539 330 1560 verum
345 1533 434 1567 reipsa
457 1531 653 1567 benignitatem
669 1539 740 1565 eam,
755 1540 837 1567 quam
854 1533 1021 1568 pauperibus

234 1578 374 1613 pollicitus
397 1586 436 1610 es,
459 1582 568 1613 praesta.
587 1577 659 1610 Quin
687 1578 768 1605 etiam
792 1578 906 1607 clericos
935 1587 1021 1611 meos,

235 1630 304 1656 quos
325 1629 341 1648 a
365 1626 391 1649 te
415 1621 536 1656 poposci,
562 1622 657 1649 tributi
678 1622 810 1657 pensione
833 1622 920 1650 libera
934 1631 941 1650 :
955 1622 1021 1650 illud

1113 983 1190 1019 Ἐμοὶ
1203 983 1272 1019 πρὸς
1288 983 1318 1010 σὲ
1331 982 1421 1016 φιλίας
1435 982 1485 1018 μὲν
1500 982 1585 1010 πολλὰ
1599 982 1702 1016 δίκαια,
1715 982 1763 1010 καὶ
1777 983 1802 1010 εί
1820 983 1856 1019 μή

1072 1038 1099 1056 τι
1112 1029 1185 1062 ἄλλο,
1200 1030 1224 1056 ot
1239 1030 1324 1064 λόγοι,
1339 1026 1376 1056 ὧν
1394 1029 1470 1056 οὐδὲν
1484 1030 1540 1061 τοῖς
1553 1029 1661 1061 πολλοῖς
1686 1029 1859 1065 αἱδεσιμὼτε-

1074 1084 1130 1111 ρον,
1147 1074 1208 1102 οὐδὲ
1223 1075 1401 1111 οἰκειότερον*
1418 1075 1566 1110 ἀπεχθείας
1589 1075 1618 1102 δὲ
1635 1075 1762 1107 ὑπόθεσις
1781 1076 1855 1102 οὐδε-

1075 1121 1134 1156 μία,
1158 1121 1220 1147 οὕτε
1243 1121 1311 1153 ἐστὶ,
1342 1121 1410 1156 μήτε
1432 1120 1538 1156 γένοιτο
1561 1119 1628 1157 (57).
1656 1121 1689 1148 "A
1710 1121 1765 1157 γὰρ
1790 1121 1858 1157 πρὸς

1073 1165 1118 1192 τὸν
1132 1165 1244 1200 ἀδελφὸν
1259 1165 1432 1198 Νικόϐουλον,
1460 1165 1477 1201 ἢ
1493 1165 1569 1201 παρὰ
1591 1165 1756 1193 Νικοϐούλου
1781 1166 1860 1192 λελύ-

1073 1219 1169 1246 πησαι,
1188 1211 1237 1238 οὐκ
1248 1211 1302 1247 ὲμὰ
1318 1211 1428 1246 μᾶλλον,
1441 1211 1458 1246 ἢ
1474 1211 1508 1237 τὰ
1521 1212 1550 1238 ἐν
1565 1211 1656 1243 Ἰνδοῖς
1666 1212 1840 1247 πραττόμενα
1850 1221 1857 1227 ·

1074 1255 1135 1282 ὅσον
1155 1256 1201 1282 ὲπ).
1216 1256 1247 1282 τὸ
1262 1256 1317 1291 (58)
1336 1256 1372 1292 μὴ
1396 1256 1610 1292 συναρέσκεσθαι
1631 1257 1725 1292 μηδενὶ
1740 1257 1795 1284 τῶν
1814 1266 1860 1292 γε-

1073 1303 1239 1338 γενημένων.
1257 1303 1303 1338 Μὴ
1319 1303 1407 1330 τοίνυν
1423 1303 1484 1338 ἐμοὶ
1500 1303 1585 1330 ταῦτα
1605 1303 1710 1338 λογίσῃ,
1729 1304 1796 1339 μηδὲ
1815 1304 1861 1331 διὰ

1072 1348 1153 1375 τοῦτο
1177 1348 1266 1385 χεῖρόν
1287 1357 1314 1375 τι
1339 1348 1469 1385 βουλεύσῃ
1493 1349 1558 1385 περὶ
1584 1349 1717 1376 σεαυτοῦθ
1743 1348 1802 1376 ἀλλ’
1825 1351 1860 1386 ἣν

1074 1394 1193 1429 ὑπέσχου
1208 1395 1263 1425 τοῖς
1289 1395 1406 1428 πτωχοῖς
1430 1394 1646 1430 φιλανθρωπίαν,
1673 1394 1774 1430 ταύτην
1798 1395 1861 1422 ἐπι-

1072 1438 1136 1474 τελῆ
1148 1439 1270 1474 ποίησον.
1285 1439 1341 1466 Καὶ
1357 1439 1407 1474 μέν
1421 1447 1462 1466 τοι
1480 1439 1601 1471 καὶτοὺς
1618 1439 1683 1474 περὶ
1703 1439 1752 1474 ἐμὲ
1765 1439 1862 1475 κληρι-

1073 1484 1153 1517 κοὺς,
1180 1484 1259 1515 ὅσους
1281 1484 1503 1520 παρῃτησάμην,
1527 1485 1578 1520 τῆς
1608 1485 1774 1520 ἀπογραφῆς
1802 1485 1860 1521 (59)

1073 1528 1264 1564 ἐλευθέρως-ον,
1288 1529 1377 1556 ἐκεῖνο
1398 1529 1570 1566 ἐνθυμηθεὶς,
1585 1530 1627 1556 ὅτι
1645 1529 1705 1556 λίαν
1724 1529 1778 1556 τῶν
1797 1529 1863 1556 ἀτό-

1074 1583 1133 1601 πων
1148 1575 1203 1610 (60)
1220 1575 1305 1607 ἐστὶν,
1325 1574 1420 1607 ἅλλους
1444 1571 1493 1611 μὲν
1506 1575 1554 1602 καὶ
1572 1575 1665 1602 οὐσίαν
1685 1575 1748 1611 ὅλην
1769 1574 1863 1602 καθιε-

1074 1621 1137 1657 ροῦν
1157 1621 1195 1656 τῷ
1215 1621 1286 1657 Θεῷ,
1312 1622 1342 1648 σὲ
1361 1622 1390 1648 δὲ
1414 1621 1481 1656 μηδὲ
1507 1623 1608 1658 προῖκα
1627 1621 1771 1656 βούλεσθαι
1787 1619 1860 1648 εἶναι

235 1672 327 1695 tecum
351 1671 492 1702 reputans,
510 1674 568 1694 rem
592 1675 653 1695 esse
677 1675 841 1702 magnopere
862 1667 1020 1700 absurdam,

1077 1667 1205 1702 χρηστόν·
1234 1668 1281 1694 καὶ
1297 1667 1392 1699 ἄλλαις
1409 1667 1463 1703 (61)
1486 1668 1534 1703 μὲν
1552 1667 1646 1694 πόλεσι
1672 1667 1775 1699 πάντας
1796 1667 1862 1699 τοὺς

235 1714 305 1741 alios
320 1720 384 1740 suas
396 1721 505 1748 quoque
517 1720 614 1740 omnes
625 1713 768 1740 facultates
781 1712 835 1740 Deo
847 1721 1020 1747 consecrare,

234 1762 262 1786 te
284 1762 375 1785 autem
396 1766 430 1785 ne
446 1757 532 1793 gratis
553 1758 664 1792 quidem
680 1758 828 1793 benignum
848 1766 910 1786 esse
926 1759 996 1787 velle
1012 1768 1020 1786 :

235 1809 317 1839 atque
331 1804 392 1831 aliis
409 1804 523 1831 urbibus
536 1810 631 1830 omnes
646 1810 704 1834 eos,
723 1803 770 1838 qui
791 1804 944 1830 sacrarium
964 1811 1022 1830 am-

234 1852 325 1884 biunt,
341 1851 448 1882 donari,
469 1851 549 1881 nobis
574 1855 663 1878 autem
684 1858 718 1877 ne
739 1847 787 1878 eos
811 1849 931 1884 quidem,
954 1857 1024 1884 quo-

235 1905 296 1924 rum
310 1896 510 1925 consuetudine
523 1896 637 1928 utimur.
654 1900 681 1924 et
694 1896 740 1931 qui
755 1895 836 1923 nobis
855 1895 1022 1927 ministrant,

235 1943 317 1978 idque
330 1951 346 1970 a
360 1943 448 1975 vobis,
462 1942 624 1977 quibuscum
639 1949 746 1970 summa
757 1941 838 1968 nobis
849 1945 891 1969 est
903 1941 1021 1968 familia-

235 1989 314 2022 ritas,
328 1993 355 2016 et
372 1988 472 2023 quibus
494 1987 612 2015 fortasse
628 1987 740 2024 minime
759 1986 886 2014 dedecori
906 1986 1019 2014 erimus.

235 2033 298 2060 Haec
313 2041 328 2060 a
345 2033 424 2061 nobis
443 2033 477 2060 ad
495 2037 521 2061 te
541 2033 626 2061 scribi
640 2040 688 2067 par
710 2032 773 2060 luit.
787 2031 844 2060 Nec
865 2032 936 2060 enim
956 2040 1022 2060 con-

235 2079 311 2114 gredi
331 2083 421 2107 tecum
436 2080 524 2111 licuit,
540 2083 685 2114 propterea
705 2078 779 2114 quod
795 2078 907 2106 morbus
924 2085 968 2105 me
985 2078 1020 2105 ad

1076 1713 1141 1748 περὶ
1153 1711 1185 1739 τὸ
1203 1712 1277 1748 βῆμα
1295 1713 1404 1748 δοθῆναι
1419 1713 1486 1749 (62),
1510 1714 1575 1749 ἡμῖν
1590 1713 1619 1740 δὲ
1636 1712 1705 1748 μηδὲ
1720 1713 1784 1745 τοὺς
1799 1721 1863 1739 συν-

1074 1758 1153 1791 όντας
1164 1760 1212 1786 καὶ
1225 1759 1425 1795 θεραπεύοντας
1439 1760 1506 1795 (65),
1527 1760 1573 1786 καὶ
1586 1759 1672 1786 ταῦτα
1695 1759 1759 1795 παρ’
1782 1759 1862 1795 ὑμῶν

1071 1803 1126 1830 τῶν
1141 1805 1324 1837 οἰκειοτάτων,
1339 1805 1386 1838 οὒς
1408 1806 1488 1841 τυχὸν
1509 1806 1559 1832 οὐκ
1584 1805 1764 1841 αἱσχυνοῦμεν
1787 1805 1861 1840 (64).

1072 1849 1166 1877 Ταῦτα
1180 1851 1358 1886 ὲπισταλῆναί
1373 1860 1413 1878 σοι
1431 1852 1496 1887 παρ’
1510 1851 1588 1886 ἡμῶν
1602 1851 1693 1882 καλῶς
1709 1848 1776 1885 εἶχε.
1792 1850 1862 1876 Συν-

1073 1897 1164 1932 τυχεῖν
1178 1896 1207 1923 δὲ
1228 1897 1278 1923 οὐκ
1300 1897 1450 1931 ἐξεγένετο,
1475 1897 1567 1932 ἐπειδή
1591 1905 1626 1932 με
1648 1897 1666 1932 ἡ
1682 1896 1759 1928 νόσος
1773 1895 1862 1931 ἐξώρ-

1075 1951 1145 1978 μησε
1168 1943 1236 1979 πρὸς
1260 1943 1294 1970 τὰ
1315 1943 1407 1971 Τύανα
1430 1943 1579 1981 θεραπείας
1604 1943 1777 1978 τευξόμενον,
1806 1942 1863 1973 ἕως

1073 1988 1179 2024 καιρός.
1196 1989 1252 2016 Καὶ
1269 1989 1446 2024 συγγίνωσκε.
1468 1989 1541 2016 Ἀντὶ
1557 1989 1587 2015 δὲ
1609 1988 1689 2023 ἡμῶν
1708 1987 1779 2022 ἔχεις
1793 1986 1863 2013 Θεὸν

1074 2034 1205 2069 παρόντα,
1229 2036 1276 2061 καὶ
1295 2035 1442 2070 βοηθοῦντα
1455 2036 1512 2066 τοῖς
1535 2034 1642 2069 πένησι,
1658 2034 1704 2060 τὸν
1728 2032 1795 2059 πολὺ
1809 2033 1863 2067 τῆς

1074 2080 1224 2114 παρουσίας
1238 2080 1316 2116 ήμῶν
1331 2080 1550 2116 αἱδεσιμώτερον.

235 2123 407 2160 Tyanensem
430 2125 525 2152 urbem
547 2123 684 2159 proﬁcisci
705 2123 806 2158 coegit,
825 2127 866 2156 ut,
906 2123 970 2150 dum
994 2131 1043 2158 per
1059 2127 1168 2160 tempus
1190 2125 1264 2157 licet,
1299 2134 1421 2154 curarer.
1443 2127 1525 2162 quue
1543 2127 1624 2155 velim
1647 2128 1786 2163 ignoscas.
1805 2125 1862 2153 Pro

195 2199 202 2203 _
236 2172 316 2199 nobis
339 2177 428 2199 autem
460 2172 544 2200 Deum
566 2175 729 2206 praesentem
763 2171 870 2204 habes,
895 2178 928 2198 ac
961 2171 1129 2206 pauperibus
1152 2180 1231 2208 opem
1249 2173 1391 2207 ferentem,
1414 2175 1462 2209 qui
1485 2176 1628 2211 praesentia
1656 2179 1751 2204 nostra
1772 2173 1862 2202 multo

236 2217 378 2254 augustior
394 2225 426 2245 ac
439 2217 622 2245 venerabilior
636 2222 688 2245 est.

273 2338 330 2373 (56)
348 2337 423 2366 Alias
433 2337 548 2365 CLXVI.
564 2337 671 2373 Scripta
688 2337 783 2373 eodem
798 2339 930 2373 tempore.

273 2371 331 2409 (57)
349 2373 430 2409 Μήτε
444 2373 568 2408 γένοιτο.
593 2371 635 2399 Ita
647 2372 708 2400 cod.
731 2371 798 2407 Reg.
816 2377 843 2400 et
856 2371 979 2400 Combel'.
992 2371 1022 2399 In

237 2408 303 2436 edit.
320 2408 386 2443 μηδὲ
400 2409 513 2442 γένοιτο.

274 2441 330 2477 (58)
346 2441 440 2470 ’Ὅσον
451 2443 499 2469 ἐπὶ
509 2443 552 2474 τό,
565 2447 618 2470 etc.
633 2441 767 2469 Combef.:
781 2450 814 2477 ea
826 2447 892 2468 certe
908 2441 1020 2477 ratione,

238 2478 306 2513 quod
321 2486 410 2505 eorum
423 2485 480 2513 qua:
499 2483 572 2512 gesta
584 2481 655 2508 sunt,
667 2477 742 2513 _nilu'l
756 2476 930 2512 probaverim.
948 2476 1020 2509 Mox,

237 2511 396 2551 ἀθά-ἴρηξ,
414 2511 480 2551 μηδὲ
497 2511 718 2551 ὸυναρέσξεσθαι.

275 2548 330 2582 (59)
350 2547 405 2582 Τῆς
414 2545 601 2582 ὶὶέιογραφῆς.
622 2547 659 2574 Ila
675 2547 737 2574 cod.
755 2545 822 2582 Reg.
840 2545 870 2573 ln
892 2545 959 2573 edit.
975 2545 1024 2580 τῆς

240 2591 385 2625 γρεεξηςμ
458 2617 470 2622 -
517 2617 523 2625 .
556 2619 562 2625 .
648 2615 668 2625 ..
778 2615 788 2625 .
901 2614 1004 2625 ..ψη

277 2615 333 2653 (ϋὈ)
348 2618 423 2645 Δίαν
436 2617 495 2644 τῶν
508 2617 636 2644 ἀτόπων.
648 2615 688 2644 Ita
703 2615 807 2653 codJn
822 2616 887 2644 edit.
901 2615 960 2642 λίαν
971 2615 1025 2641 τῶν

242 2651 374 2683 ἀπίστων,
392 2661 447 2679 rem
465 2660 617 2687 magnopere
634 2651 822 2679 incredibilem.

278 2688 331 2720 (Gl)
346 2687 401 2714 Kal
414 2685 531 2720 ἀλλαιξι.
553 2685 591 2715 Ita
605 2695 700 2715 omnes
718 2687 798 2715 codd.
813 2685 899 2715 nostri
913 2689 941 2713 et
951 2685 1027 2714 Com-

242 2723 295 2750 bel.
313 2722 384 2750 Edit.
400 2723 446 2749 καὶ
460 2722 565 2754 ἄλλους.

1036 2336 1060 2365 ι)

1109 2336 1254 2375 (62)_To*_b¢
1267 2337 1332 2370 περὶ
1352 2336 1386 2375 τι)
1407 2335 1493 2371 ,βῆμα
1510 2336 1643 2375 δοᾷῇναι.
1665 2337 1800 2371 Combel‘.,
1816 2340 1863 2375 qui

1075 2373 1195 2399 sacrario
1211 2372 1357 2406 funguntur
1369 2373 1497 2399 immunes
1514 2373 1598 2400 reddi.

1111 2406 1166 2442 (6'5)
1180 2407 1234 2434 Kal
1247 2408 1475 2442 θεραπεύοντας.
1488 2407 1642 2435 Tillemont.
1659 2408 1862 2442 interpretatio-

1111 2415 1166 2442 (οη
1180 2415 1234 2434 nat
1247 2415 1475 2440 υεραπευοντας.
1492 2415 1642 2435 uncmom.
1659 2415 1713 2435 inte
1748 2415 1862 2436 retatio-

1075 2442 1302 2504 nem.seq¢iimur.
1316 2441 1451 2472 Combel‘.,
1462 2443 1507 2476 qui
1521 2447 1611 2470 nostro
1624 2448 1684 2470 sunt
1699 2415 1801 2470 «mimi
1815 2443 1864 2470 ob-

1075 2485 1176 2504 seauto.
1214 2484 1248 2504 on
1267 2478 1334 2504 satis
1350 2481 1411 2504 ante
1427 2477 1500 2504 Bill..
1512 2485 1528 2503 α
1544 2479 1637 2504 auibus
1650 2479 1761 2504 colimur
1773 2483 1798 2504 et
1812 2479 1862 2504 ob-

1075 2477 1176 2512 sequio.
1190 2477 1248 2504 Non
1267 2478 1334 2504 satis
1350 2481 1411 2511 apte
1427 2477 1500 2510 Bill.,
1512 2485 1528 2503 α
1544 2479 1637 2512 quibus
1650 2479 1761 2505 colimur
1773 2483 1798 2504 et
1812 2479 1862 2504 ob-

1075 2520 1228 2542 servantur;
1247 2512 1286 2539 sic
1297 2512 1369 2539 enim
1382 2512 1528 2547 Gregorius
1541 2520 1556 2538 a
1570 2517 1628 2540 toto
1644 2513 1718 2540 clero
1731 2520 1790 2540 suo.
1805 2512 1863 2540 Sed

1073 2547 1119 2574 hic
1135 2547 1169 2574 de
1191 2547 1245 2574 illis
1269 2554 1359 2574 sermo
1383 2552 1426 2574 est
1447 2548 1494 2582 qui
1519 2548 1630 2574 domum
1655 2547 1864 2575 constituebant

1073 2582 1206 2616 episcopi,
1219 2589 1288 2617 quos
1300 2582 1412 2617 speciali
1423 2583 1530 2610 ratione
1541 2582 1677 2610 immunes
1688 2589 1749 2610 esse
1759 2582 1864 2610 debere

1073 2617 1255 2644 contendebat
1271 2616 1428 2652 Gregorius.

1111 2652 1166 2687 (64)
1186 2653 1247 2678 οὐκ
1264 2651 1479 2687 αἰσχυνοῦμεν.
1489 2651 1576 2681 Codd.
1593 2651 1682 2686 Pass.,
1695 2651 1816 2680 Montac.
1831 2656 1862 2680 et

1074 2684 1169 2716 Morel.
1184 2684 1355 2716 αἰσνὺνοιιαι.

1047 2806 1075 2818 Α·
