  <div class='ocr_page' id='page_1' title='image "/cluster/home/n/w/nwhite01/storage/ocr_20150623/37/njp.32101077772562/083.png"; bbox 0 0 1923 3053; ppageno 0'>
   <div class='ocr_carea' id='block_1_1' title="bbox 270 177 1886 208">
    <p class='ocr_par' dir='ltr' id='par_1_1' title="bbox 270 177 1886 208">
     <span class='ocr_line' id='line_1_1' title="bbox 270 177 1886 208; baseline 0 -1"><span class='ocrx_word' id='word_1_1' title='bbox 270 180 321 208; x_wconf 81' lang='lat' dir='ltr'><strong>H5</strong></span> <span class='ocrx_word' id='word_1_2' title='bbox 885 179 913 205; x_wconf 85' lang='lat' dir='ltr'><strong>S.</strong></span> <span class='ocrx_word' id='word_1_3' title='bbox 939 177 1102 206; x_wconf 84' lang='lat' dir='ltr'><strong>GREGORII</strong></span> <span class='ocrx_word' id='word_1_4' title='bbox 1121 177 1294 206; x_wconf 81' lang='lat' dir='ltr'><strong>THEOLOGI</strong></span> <span class='ocrx_word' id='word_1_5' title='bbox 1837 180 1886 208; x_wconf 64' lang='lat' dir='ltr'><strong>Mi</strong></span> 
     </span>
    </p>
   </div>
   <div class='ocr_carea' id='block_1_2' title="bbox 268 234 1063 276">
    <p class='ocr_par' dir='ltr' id='par_1_2' title="bbox 268 234 1054 270">
     <span class='ocr_line' id='line_1_2' title="bbox 268 234 1054 270; baseline -0.001 -6"><span class='ocrx_word' id='word_1_6' title='bbox 268 237 356 268; x_wconf 87' lang='lat' dir='ltr'><strong>tiisse,</strong></span> <span class='ocrx_word' id='word_1_7' title='bbox 370 234 560 270; x_wconf 75' lang='lat' dir='ltr'><strong>virginumque</strong></span> <span class='ocrx_word' id='word_1_8' title='bbox 574 234 705 269; x_wconf 92' lang='lat' dir='ltr'><strong>pudorem</strong></span> <span class='ocrx_word' id='word_1_9' title='bbox 715 235 742 262; x_wconf 90' lang='lat' dir='ltr'><strong>in</strong></span> <span class='ocrx_word' id='word_1_10' title='bbox 756 235 919 263; x_wconf 81' lang='lat' dir='ltr'><strong>oblivionem</strong></span> <span class='ocrx_word' id='word_1_11' title='bbox 934 235 1054 268; x_wconf 76' lang='lat' dir='ltr'><strong>venisse.</strong></span> 
     </span>
    </p>
   </div>
   <div class='ocr_carea' id='block_1_3' title="bbox 1123 234 1888 276">
    <p class='ocr_par' dir='ltr' id='par_1_3' title="bbox 1123 236 1888 274">
     <span class='ocr_line' id='line_1_3' title="bbox 1123 236 1888 274; baseline 0.001 -11"><span class='ocrx_word' id='word_1_12' title='bbox 1123 246 1160 263; x_wconf 90' lang='grc' dir='ltr'><strong>ων</strong></span> <span class='ocrx_word' id='word_1_13' title='bbox 1184 237 1219 274; x_wconf 19' lang='grc' dir='ltr'><strong>ὲκ,</strong></span> <span class='ocrx_word' id='word_1_14' title='bbox 1237 237 1286 272; x_wconf 85' lang='grc' dir='ltr'>τῆς</span> <span class='ocrx_word' id='word_1_15' title='bbox 1309 236 1478 272; x_wconf 83' lang='grc' dir='ltr'>τραχύτητος</span> <span class='ocrx_word' id='word_1_16' title='bbox 1497 237 1544 263; x_wconf 77' lang='grc' dir='ltr'><strong>καὶ</strong></span> <span class='ocrx_word' id='word_1_17' title='bbox 1563 236 1608 263; x_wconf 78' lang='grc' dir='ltr'><strong>τὸν</strong></span> <span class='ocrx_word' id='word_1_18' title='bbox 1630 236 1713 264; x_wconf 79' lang='grc' dir='ltr'>ἔλεον.</span> <span class='ocrx_word' id='word_1_19' title='bbox 1737 237 1804 263; x_wconf 84' lang='grc' dir='ltr'>Ἀλλ’</span> <span class='ocrx_word' id='word_1_20' title='bbox 1825 238 1888 270; x_wconf 75' lang='grc' dir='ltr'>ἴσως</span> 
     </span>
    </p>
   </div>
   <div class='ocr_carea' id='block_1_4' title="bbox 269 279 1063 319">
    <p class='ocr_par' dir='ltr' id='par_1_4' title="bbox 269 281 1054 316">
     <span class='ocr_line' id='line_1_4' title="bbox 269 281 1054 316; baseline -0.003 -6"><span class='ocrx_word' id='word_1_21' title='bbox 269 281 465 310; x_wconf 80' lang='lat' dir='ltr'><strong>monachorum</strong></span> <span class='ocrx_word' id='word_1_22' title='bbox 486 281 664 314; x_wconf 71' lang='lat' dir='ltr'><strong>modestiam,</strong></span> <span class='ocrx_word' id='word_1_23' title='bbox 681 289 830 316; x_wconf 85' lang='lat' dir='ltr'><strong>pauperum</strong></span> <span class='ocrx_word' id='word_1_24' title='bbox 852 282 1034 309; x_wconf 66' lang='lat' dir='ltr'><strong>calamitatem</strong></span> <span class='ocrx_word' id='word_1_25' title='bbox 1047 301 1054 314; x_wconf 88' lang='grc'><strong>,</strong></span> 
     </span>
    </p>
   </div>
   <div class='ocr_carea' id='block_1_5' title="bbox 1123 279 1889 319">
    <p class='ocr_par' dir='ltr' id='par_1_5' title="bbox 1123 279 1889 319">
     <span class='ocr_line' id='line_1_5' title="bbox 1123 279 1889 319; baseline 0.003 -11"><span class='ocrx_word' id='word_1_26' title='bbox 1123 283 1297 318; x_wconf 80' lang='grc' dir='ltr'>ιακροουμεῖν</span> <span class='ocrx_word' id='word_1_27' title='bbox 1318 282 1440 317; x_wconf 76' lang='grc' dir='ltr'>ἄμεινον,</span> <span class='ocrx_word' id='word_1_28' title='bbox 1461 283 1508 309; x_wconf 74' lang='grc' dir='ltr'>καὶ</span> <span class='ocrx_word' id='word_1_29' title='bbox 1525 283 1632 314; x_wconf 81' lang='grc' dir='ltr'><strong>πολλοῖς</strong></span> <span class='ocrx_word' id='word_1_30' title='bbox 1652 283 1681 316; x_wconf 80' lang='grc' dir='ltr'>ἐξ</span> <span class='ocrx_word' id='word_1_31' title='bbox 1697 279 1734 309; x_wconf 84' lang='grc' dir='ltr'>ὧν</span> <span class='ocrx_word' id='word_1_32' title='bbox 1751 284 1889 319; x_wconf 77' lang='grc' dir='ltr'><strong>πάσχομεν</strong></span> 
     </span>
    </p>
   </div>
   <div class='ocr_carea' id='block_1_6' title="bbox 268 327 1063 366">
    <p class='ocr_par' dir='ltr' id='par_1_6' title="bbox 268 328 1058 363">
     <span class='ocr_line' id='line_1_6' title="bbox 268 328 1058 363; baseline 0.001 -8"><span class='ocrx_word' id='word_1_33' title='bbox 268 336 338 363; x_wconf 89' lang='lat' dir='ltr'><strong>quos</strong></span> <span class='ocrx_word' id='word_1_34' title='bbox 369 328 522 356; x_wconf 90' lang='lat' dir='ltr'><strong>animorum</strong></span> <span class='ocrx_word' id='word_1_35' title='bbox 556 328 704 356; x_wconf 89' lang='lat' dir='ltr'><strong>austerilas</strong></span> <span class='ocrx_word' id='word_1_36' title='bbox 728 328 916 355; x_wconf 82' lang='lat' dir='ltr'><strong>misericordia</strong></span> <span class='ocrx_word' id='word_1_37' title='bbox 950 335 1058 363; x_wconf 88' lang='lat' dir='ltr'><strong>quoque</strong></span> 
     </span>
    </p>
   </div>
   <div class='ocr_carea' id='block_1_7' title="bbox 1123 327 1888 366">
    <p class='ocr_par' dir='ltr' id='par_1_7' title="bbox 1126 327 1888 366">
     <span class='ocr_line' id='line_1_7' title="bbox 1126 327 1888 366; baseline 0.003 -12"><span class='ocrx_word' id='word_1_38' title='bbox 1126 328 1208 355; x_wconf 83' lang='grc' dir='ltr'>ιδόναι</span> <span class='ocrx_word' id='word_1_39' title='bbox 1226 327 1415 363; x_wconf 72' lang='grc' dir='ltr'><strong>μακροθυμίας</strong></span> <span class='ocrx_word' id='word_1_40' title='bbox 1434 328 1596 363; x_wconf 77' lang='grc' dir='ltr'><strong>ὑπόδειγμα.</strong></span> <span class='ocrx_word' id='word_1_41' title='bbox 1612 329 1649 355; x_wconf 84' lang='grc' dir='ltr'><strong>Οὐ</strong></span> <span class='ocrx_word' id='word_1_42' title='bbox 1663 328 1717 364; x_wconf 80' lang='grc' dir='ltr'>γὰρ</span> <span class='ocrx_word' id='word_1_43' title='bbox 1733 328 1818 366; x_wconf 75' lang='grc' dir='ltr'>οὕτως</span> <span class='ocrx_word' id='word_1_44' title='bbox 1835 329 1888 365; x_wconf 68' lang='lat'>(26)</span> 
     </span>
    </p>
   </div>
   <div class='ocr_carea' id='block_1_8' title="bbox 270 373 1063 410">
    <p class='ocr_par' dir='ltr' id='par_1_8' title="bbox 270 373 1057 409">
     <span class='ocr_line' id='line_1_8' title="bbox 270 373 1057 409; baseline 0 -9"><span class='ocrx_word' id='word_1_45' title='bbox 270 374 432 409; x_wconf 89' lang='lat' dir='ltr'><strong>privaverat.</strong></span> <span class='ocrx_word' id='word_1_46' title='bbox 457 373 643 401; x_wconf 86' lang='lat' dir='ltr'><strong>Nihilominus</strong></span> <span class='ocrx_word' id='word_1_47' title='bbox 656 378 749 401; x_wconf 86' lang='lat' dir='ltr'><strong>tamen</strong></span> <span class='ocrx_word' id='word_1_48' title='bbox 766 373 879 401; x_wconf 93' lang='lat' dir='ltr'><strong>lenitate</strong></span> <span class='ocrx_word' id='word_1_49' title='bbox 897 377 980 408; x_wconf 90' lang='lat' dir='ltr'><strong>atque</strong></span> <span class='ocrx_word' id='word_1_50' title='bbox 1000 374 1057 400; x_wconf 84' lang='lat' dir='ltr'><strong>cle-</strong></span> 
     </span>
    </p>
   </div>
   <div class='ocr_carea' id='block_1_9' title="bbox 1123 373 1889 410">
    <p class='ocr_par' dir='ltr' id='par_1_9' title="bbox 1135 373 1889 410">
     <span class='ocr_line' id='line_1_9' title="bbox 1135 373 1889 410; baseline 0.003 -11"><span class='ocrx_word' id='word_1_51' title='bbox 1135 373 1212 407; x_wconf 84' lang='grc' dir='ltr'><strong>λόγος</strong></span> <span class='ocrx_word' id='word_1_52' title='bbox 1227 373 1315 399; x_wconf 79' lang='grc' dir='ltr'>πείθει</span> <span class='ocrx_word' id='word_1_53' title='bbox 1328 374 1392 406; x_wconf 75' lang='grc' dir='ltr'>τοὺς</span> <span class='ocrx_word' id='word_1_54' title='bbox 1409 374 1533 407; x_wconf 75' lang='grc' dir='ltr'>πολλοὺς,</span> <span class='ocrx_word' id='word_1_55' title='bbox 1561 375 1598 406; x_wconf 80' lang='grc' dir='ltr'><strong>ὡς</strong></span> <span class='ocrx_word' id='word_1_56' title='bbox 1613 376 1630 409; x_wconf 87' lang='grc' dir='ltr'>ἡ</span> <span class='ocrx_word' id='word_1_57' title='bbox 1654 374 1763 410; x_wconf 77' lang='grc' dir='ltr'>πρᾶξις,</span> <span class='ocrx_word' id='word_1_58' title='bbox 1787 376 1803 401; x_wconf 65' lang='grc' dir='ltr'><strong>ᾖ</strong></span> <span class='ocrx_word' id='word_1_59' title='bbox 1826 384 1889 401; x_wconf 88' lang='grc' dir='ltr'>σιω-</span> 
     </span>
    </p>
   </div>
   <div class='ocr_carea' id='block_1_10' title="bbox 269 417 1063 454">
    <p class='ocr_par' dir='ltr' id='par_1_10' title="bbox 269 417 1059 453">
     <span class='ocr_line' id='line_1_10' title="bbox 269 417 1059 453; baseline -0.003 -7"><span class='ocrx_word' id='word_1_60' title='bbox 269 419 370 446; x_wconf 86' lang='lat' dir='ltr'><strong>mentia</strong></span> <span class='ocrx_word' id='word_1_61' title='bbox 399 418 438 445; x_wconf 92' lang='lat' dir='ltr'><strong>uti</strong></span> <span class='ocrx_word' id='word_1_62' title='bbox 466 417 582 446; x_wconf 81' lang='lat' dir='ltr'><strong>fortasse</strong></span> <span class='ocrx_word' id='word_1_63' title='bbox 602 419 689 446; x_wconf 89' lang='lat' dir='ltr'><strong>satius</strong></span> <span class='ocrx_word' id='word_1_64' title='bbox 716 423 777 451; x_wconf 85' lang='lat' dir='ltr'><strong>est,</strong></span> <span class='ocrx_word' id='word_1_65' title='bbox 800 419 948 453; x_wconf 73' lang='lat' dir='ltr'><strong>multisque</strong></span> <span class='ocrx_word' id='word_1_66' title='bbox 966 426 1012 453; x_wconf 87' lang='lat' dir='ltr'><strong>per</strong></span> <span class='ocrx_word' id='word_1_67' title='bbox 1026 426 1059 445; x_wconf 86' lang='lat' dir='ltr'><strong>ea</strong></span> 
     </span>
    </p>
   </div>
   <div class='ocr_carea' id='block_1_11' title="bbox 1123 417 1373 454">
    <p class='ocr_par' dir='ltr' id='par_1_11' title="bbox 1123 418 1373 454">
     <span class='ocr_line' id='line_1_11' title="bbox 1123 418 1373 454; baseline 0 -10"><span class='ocrx_word' id='word_1_68' title='bbox 1123 418 1191 445; x_wconf 77' lang='grc' dir='ltr'>τῶσα</span> <span class='ocrx_word' id='word_1_69' title='bbox 1207 418 1373 454; x_wconf 80' lang='grc' dir='ltr'>παραίνεσις.</span> 
     </span>
    </p>
   </div>
   <div class='ocr_carea' id='block_1_12' title="bbox 269 465 1891 502">
    <p class='ocr_par' dir='ltr' id='par_1_12' title="bbox 269 465 1891 502">
     <span class='ocr_line' id='line_1_12' title="bbox 269 465 1891 502; baseline -0.001 -8"><span class='ocrx_word' id='word_1_70' title='bbox 269 475 329 502; x_wconf 71' lang='lat' dir='ltr'><strong>qum</strong></span> <span class='ocrx_word' id='word_1_71' title='bbox 356 467 540 502; x_wconf 82' lang='lat' dir='ltr'><strong>perpetimur,</strong></span> <span class='ocrx_word' id='word_1_72' title='bbox 561 466 681 494; x_wconf 88' lang='lat' dir='ltr'><strong>lenitatis</strong></span> <span class='ocrx_word' id='word_1_73' title='bbox 711 473 743 492; x_wconf 90' lang='lat' dir='ltr'><strong>ac</strong></span> <span class='ocrx_word' id='word_1_74' title='bbox 764 466 903 501; x_wconf 75' lang='lat' dir='ltr'><strong>patientia:</strong></span> <span class='ocrx_word' id='word_1_75' title='bbox 929 466 1125 493; x_wconf 85' lang='lat' dir='ltr'><strong>documentum</strong></span> <span class='ocrx_word' id='word_1_76' title='bbox 1148 466 1278 501; x_wconf 62' lang='lat' dir='ltr'><strong>praebere.</strong></span> <span class='ocrx_word' id='word_1_77' title='bbox 1306 465 1366 492; x_wconf 82' lang='lat' dir='ltr'><strong>Non</strong></span> <span class='ocrx_word' id='word_1_78' title='bbox 1394 466 1466 492; x_wconf 89' lang='lat' dir='ltr'><strong>enim</strong></span> <span class='ocrx_word' id='word_1_79' title='bbox 1489 465 1601 501; x_wconf 82' lang='lat' dir='ltr'><strong>perinde</strong></span> <span class='ocrx_word' id='word_1_80' title='bbox 1630 466 1719 494; x_wconf 86' lang='lat' dir='ltr'><strong>oratio</strong></span> <span class='ocrx_word' id='word_1_81' title='bbox 1749 467 1891 501; x_wconf 88' lang='lat' dir='ltr'><strong>plerosque</strong></span> 
     </span>
    </p>
   </div>
   <div class='ocr_carea' id='block_1_13' title="bbox 269 513 1228 549">
    <p class='ocr_par' dir='ltr' id='par_1_13' title="bbox 269 513 1228 549">
     <span class='ocr_line' id='line_1_13' title="bbox 269 513 1228 549; baseline -0.003 -6"><span class='ocrx_word' id='word_1_82' title='bbox 269 520 369 548; x_wconf 86' lang='lat' dir='ltr'><strong>movet,</strong></span> <span class='ocrx_word' id='word_1_83' title='bbox 388 520 470 549; x_wconf 87' lang='lat' dir='ltr'><strong>atque</strong></span> <span class='ocrx_word' id='word_1_84' title='bbox 486 514 567 546; x_wconf 85' lang='lat' dir='ltr'><strong>actio,</strong></span> <span class='ocrx_word' id='word_1_85' title='bbox 589 522 649 549; x_wconf 65' lang='lat' dir='ltr'><strong>quae</strong></span> <span class='ocrx_word' id='word_1_86' title='bbox 664 514 740 541; x_wconf 85' lang='lat' dir='ltr'><strong>taciti</strong></span> <span class='ocrx_word' id='word_1_87' title='bbox 753 513 897 548; x_wconf 84' lang='lat' dir='ltr'><strong>cujusdam</strong></span> <span class='ocrx_word' id='word_1_88' title='bbox 913 514 1057 541; x_wconf 79' lang='lat' dir='ltr'><strong>monitoris</strong></span> <span class='ocrx_word' id='word_1_89' title='bbox 1077 514 1165 540; x_wconf 83' lang='lat' dir='ltr'><strong>instar</strong></span> <span class='ocrx_word' id='word_1_90' title='bbox 1177 517 1228 540; x_wconf 88' lang='lat' dir='ltr'><strong>est.</strong></span> 
     </span>
    </p>
   </div>
   <div class='ocr_carea' id='block_1_14' title="bbox 305 561 1056 596">
    <p class='ocr_par' dir='ltr' id='par_1_14' title="bbox 305 561 1056 596">
     <span class='ocr_line' id='line_1_14' title="bbox 305 561 1056 596; baseline 0 -8"><span class='ocrx_word' id='word_1_91' title='bbox 305 561 431 596; x_wconf 82' lang='lat' dir='ltr'><strong>Magnum</strong></span> <span class='ocrx_word' id='word_1_92' title='bbox 446 569 507 589; x_wconf 85' lang='lat' dir='ltr'><strong>esse</strong></span> <span class='ocrx_word' id='word_1_93' title='bbox 515 568 671 595; x_wconf 85' lang='lat' dir='ltr'><strong>censemus,</strong></span> <span class='ocrx_word' id='word_1_94' title='bbox 690 561 724 588; x_wconf 91' lang='lat' dir='ltr'><strong>de</strong></span> <span class='ocrx_word' id='word_1_95' title='bbox 740 561 773 588; x_wconf 85' lang='lat' dir='ltr'><strong>iis</strong></span> <span class='ocrx_word' id='word_1_96' title='bbox 792 569 806 588; x_wconf 92' lang='lat' dir='ltr'><strong>a</strong></span> <span class='ocrx_word' id='word_1_97' title='bbox 821 561 921 596; x_wconf 87' lang='lat' dir='ltr'><strong>quibus</strong></span> <span class='ocrx_word' id='word_1_98' title='bbox 935 562 990 589; x_wconf 58' lang='lat' dir='ltr'><strong>laesi</strong></span> <span class='ocrx_word' id='word_1_99' title='bbox 1008 569 1056 588; x_wconf 89' lang='lat' dir='ltr'><strong>su-</strong></span> 
     </span>
    </p>
   </div>
   <div class='ocr_carea' id='block_1_15' title="bbox 269 607 1055 642">
    <p class='ocr_par' dir='ltr' id='par_1_15' title="bbox 269 607 1055 642">
     <span class='ocr_line' id='line_1_15' title="bbox 269 607 1055 642; baseline 0 -8"><span class='ocrx_word' id='word_1_100' title='bbox 269 615 350 639; x_wconf 89' lang='lat' dir='ltr'><strong>mus,</strong></span> <span class='ocrx_word' id='word_1_101' title='bbox 366 615 460 642; x_wconf 57' lang='lat' dir='ltr'><strong>poenas</strong></span> <span class='ocrx_word' id='word_1_102' title='bbox 486 608 637 642; x_wconf 89' lang='lat' dir='ltr'><strong>sumpsisse</strong></span> <span class='ocrx_word' id='word_1_103' title='bbox 664 615 670 633; x_wconf 90' lang='lat'><strong>:</strong></span> <span class='ocrx_word' id='word_1_104' title='bbox 697 615 842 641; x_wconf 81' lang='lat' dir='ltr'><strong>magnum,</strong></span> <span class='ocrx_word' id='word_1_105' title='bbox 865 608 919 642; x_wconf 80' lang='lat'><strong>67</strong></span> <span class='ocrx_word' id='word_1_106' title='bbox 945 607 1055 642; x_wconf 87' lang='lat' dir='ltr'><strong>inquam</strong></span> 
     </span>
    </p>
   </div>
   <div class='ocr_carea' id='block_1_16' title="bbox 269 652 1055 688">
    <p class='ocr_par' dir='ltr' id='par_1_16' title="bbox 269 652 1055 688">
     <span class='ocr_line' id='line_1_16' title="bbox 269 652 1055 688; baseline -0.001 -8"><span class='ocrx_word' id='word_1_107' title='bbox 269 655 342 688; x_wconf 90' lang='lat' dir='ltr'><strong>(nam</strong></span> <span class='ocrx_word' id='word_1_108' title='bbox 359 657 386 680; x_wconf 92' lang='lat' dir='ltr'><strong>et</strong></span> <span class='ocrx_word' id='word_1_109' title='bbox 401 653 453 680; x_wconf 90' lang='lat' dir='ltr'><strong>hoc</strong></span> <span class='ocrx_word' id='word_1_110' title='bbox 468 652 501 679; x_wconf 91' lang='lat' dir='ltr'><strong>ad</strong></span> <span class='ocrx_word' id='word_1_111' title='bbox 519 653 633 680; x_wconf 88' lang='lat' dir='ltr'><strong>aliorum</strong></span> <span class='ocrx_word' id='word_1_112' title='bbox 649 653 713 680; x_wconf 91' lang='lat' dir='ltr'><strong>vitia</strong></span> <span class='ocrx_word' id='word_1_113' title='bbox 731 654 892 688; x_wconf 81' lang='lat' dir='ltr'><strong>corrigenda</strong></span> <span class='ocrx_word' id='word_1_114' title='bbox 906 653 971 680; x_wconf 90' lang='lat' dir='ltr'><strong>utile</strong></span> <span class='ocrx_word' id='word_1_115' title='bbox 986 654 1055 688; x_wconf 88' lang='lat' dir='ltr'><strong>est),</strong></span> 
     </span>
    </p>
   </div>
   <div class='ocr_carea' id='block_1_17' title="bbox 269 697 1056 732">
    <p class='ocr_par' dir='ltr' id='par_1_17' title="bbox 269 697 1056 732">
     <span class='ocr_line' id='line_1_17' title="bbox 269 697 1056 732; baseline 0 -8"><span class='ocrx_word' id='word_1_116' title='bbox 269 702 296 724; x_wconf 90' lang='lat' dir='ltr'><strong>at</strong></span> <span class='ocrx_word' id='word_1_117' title='bbox 310 697 397 724; x_wconf 86' lang='lat' dir='ltr'><strong>multo</strong></span> <span class='ocrx_word' id='word_1_118' title='bbox 412 698 464 724; x_wconf 89' lang='lat' dir='ltr'><strong>hoc</strong></span> <span class='ocrx_word' id='word_1_119' title='bbox 478 698 567 732; x_wconf 87' lang='lat' dir='ltr'><strong>majus</strong></span> <span class='ocrx_word' id='word_1_120' title='bbox 582 705 613 724; x_wconf 86' lang='lat' dir='ltr'><strong>ac</strong></span> <span class='ocrx_word' id='word_1_121' title='bbox 627 698 746 725; x_wconf 89' lang='lat' dir='ltr'><strong>divinius</strong></span> <span class='ocrx_word' id='word_1_122' title='bbox 762 703 812 730; x_wconf 84' lang='lat' dir='ltr'><strong>est,</strong></span> <span class='ocrx_word' id='word_1_123' title='bbox 826 702 965 732; x_wconf 78' lang='lat' dir='ltr'><strong>acceptant</strong></span> <span class='ocrx_word' id='word_1_124' title='bbox 985 698 1056 732; x_wconf 86' lang='lat' dir='ltr'><strong>inju-</strong></span> 
     </span>
    </p>
   </div>
   <div class='ocr_carea' id='block_1_18' title="bbox 268 743 1054 778">
    <p class='ocr_par' dir='ltr' id='par_1_18' title="bbox 268 743 1054 778">
     <span class='ocr_line' id='line_1_18' title="bbox 268 743 1054 778; baseline 0.001 -8"><span class='ocrx_word' id='word_1_125' title='bbox 268 744 338 770; x_wconf 83' lang='lat' dir='ltr'><strong>riam</strong></span> <span class='ocrx_word' id='word_1_126' title='bbox 358 744 485 770; x_wconf 85' lang='lat' dir='ltr'><strong>tolerare.</strong></span> <span class='ocrx_word' id='word_1_127' title='bbox 508 744 576 770; x_wconf 87' lang='lat' dir='ltr'><strong>Illud</strong></span> <span class='ocrx_word' id='word_1_128' title='bbox 599 743 671 771; x_wconf 89' lang='lat' dir='ltr'><strong>enim</strong></span> <span class='ocrx_word' id='word_1_129' title='bbox 698 743 902 778; x_wconf 85' lang='lat' dir='ltr'><strong>improbitatem</strong></span> <span class='ocrx_word' id='word_1_130' title='bbox 927 749 1054 772; x_wconf 85' lang='lat' dir='ltr'><strong>coercet:</strong></span> 
     </span>
    </p>
   </div>
   <div class='ocr_carea' id='block_1_19' title="bbox 268 787 1055 822">
    <p class='ocr_par' dir='ltr' id='par_1_19' title="bbox 268 787 1055 822">
     <span class='ocr_line' id='line_1_19' title="bbox 268 787 1055 822; baseline 0 -8"><span class='ocrx_word' id='word_1_131' title='bbox 268 787 321 815; x_wconf 87' lang='lat' dir='ltr'><strong>hoc</strong></span> <span class='ocrx_word' id='word_1_132' title='bbox 339 791 430 814; x_wconf 87' lang='lat' dir='ltr'><strong>autem</strong></span> <span class='ocrx_word' id='word_1_133' title='bbox 450 787 484 814; x_wconf 90' lang='lat' dir='ltr'><strong>ad</strong></span> <span class='ocrx_word' id='word_1_134' title='bbox 506 788 670 822; x_wconf 84' lang='lat' dir='ltr'><strong>probitatem</strong></span> <span class='ocrx_word' id='word_1_135' title='bbox 695 787 829 821; x_wconf 87' lang='lat' dir='ltr'><strong>adducit;</strong></span> <span class='ocrx_word' id='word_1_136' title='bbox 857 787 928 822; x_wconf 90' lang='lat' dir='ltr'><strong>quod</strong></span> <span class='ocrx_word' id='word_1_137' title='bbox 945 787 1055 822; x_wconf 83' lang='lat' dir='ltr'><strong>quidem</strong></span> 
     </span>
    </p>
   </div>
   <div class='ocr_carea' id='block_1_20' title="bbox 268 833 1089 869">
    <p class='ocr_par' dir='ltr' id='par_1_20' title="bbox 268 833 1089 869">
     <span class='ocr_line' id='line_1_20' title="bbox 268 833 1089 869; baseline -0.002 -7"><span class='ocrx_word' id='word_1_138' title='bbox 268 835 349 869; x_wconf 75' lang='lat' dir='ltr'><strong>longe</strong></span> <span class='ocrx_word' id='word_1_139' title='bbox 364 834 539 869; x_wconf 72' lang='lat' dir='ltr'><strong>praestantius</strong></span> <span class='ocrx_word' id='word_1_140' title='bbox 558 838 586 861; x_wconf 85' lang='lat' dir='ltr'><strong>et</strong></span> <span class='ocrx_word' id='word_1_141' title='bbox 611 833 760 869; x_wconf 81' lang='lat' dir='ltr'><strong>perfectius</strong></span> <span class='ocrx_word' id='word_1_142' title='bbox 775 839 833 866; x_wconf 88' lang='lat' dir='ltr'><strong>est,</strong></span> <span class='ocrx_word' id='word_1_143' title='bbox 855 841 935 868; x_wconf 90' lang='lat' dir='ltr'><strong>quam</strong></span> <span class='ocrx_word' id='word_1_144' title='bbox 956 841 970 860; x_wconf 94' lang='lat' dir='ltr'><strong>a</strong></span> <span class='ocrx_word' id='word_1_145' title='bbox 992 833 1057 860; x_wconf 87' lang='lat' dir='ltr'><strong>vitio</strong></span> <span class='ocrx_word' id='word_1_146' title='bbox 1086 842 1089 843; x_wconf 64' lang='lat'><strong><em>&#39;</em></strong></span> 
     </span>
    </p>
   </div>
   <div class='ocr_carea' id='block_1_21' title="bbox 1146 558 1892 599">
    <p class='ocr_par' dir='ltr' id='par_1_21' title="bbox 1146 558 1892 599">
     <span class='ocr_line' id='line_1_21' title="bbox 1146 558 1892 599; baseline 0.003 -11"><span class='ocrx_word' id='word_1_147' title='bbox 1146 561 1226 595; x_wconf 83' lang='grc' dir='ltr'>Μέγα</span> <span class='ocrx_word' id='word_1_148' title='bbox 1245 560 1394 596; x_wconf 80' lang='grc' dir='ltr'>νομίζομεν</span> <span class='ocrx_word' id='word_1_149' title='bbox 1409 558 1478 588; x_wconf 74' lang='grc' dir='ltr'>εἶναι</span> <span class='ocrx_word' id='word_1_150' title='bbox 1498 561 1528 587; x_wconf 78' lang='grc' dir='ltr'>τὸ</span> <span class='ocrx_word' id='word_1_151' title='bbox 1541 561 1618 593; x_wconf 79' lang='grc' dir='ltr'>δίκας</span> <span class='ocrx_word' id='word_1_152' title='bbox 1637 562 1712 598; x_wconf 74' lang='grc' dir='ltr'>παρὰ</span> <span class='ocrx_word' id='word_1_153' title='bbox 1731 563 1784 590; x_wconf 83' lang='grc' dir='ltr'><strong>τῶν</strong></span> <span class='ocrx_word' id='word_1_154' title='bbox 1800 564 1892 599; x_wconf 77' lang='grc' dir='ltr'>ἠδικη-</span> 
     </span>
    </p>
   </div>
   <div class='ocr_carea' id='block_1_22' title="bbox 1110 607 1890 644">
    <p class='ocr_par' dir='ltr' id='par_1_22' title="bbox 1110 607 1890 644">
     <span class='ocr_line' id='line_1_22' title="bbox 1110 607 1890 644; baseline 0.003 -10"><span class='ocrx_word' id='word_1_155' title='bbox 1110 608 1196 634; x_wconf 81' lang='grc' dir='ltr'>κότων</span> <span class='ocrx_word' id='word_1_156' title='bbox 1216 607 1323 633; x_wconf 77' lang='grc' dir='ltr'>λαϐεῖν’</span> <span class='ocrx_word' id='word_1_157' title='bbox 1341 607 1412 642; x_wconf 81' lang='grc' dir='ltr'>μέγα</span> <span class='ocrx_word' id='word_1_158' title='bbox 1427 607 1498 642; x_wconf 71' lang='grc' dir='ltr'>φημὶ</span> <span class='ocrx_word' id='word_1_159' title='bbox 1515 607 1580 642; x_wconf 75' lang='grc' dir='ltr'>(καὶ</span> <span class='ocrx_word' id='word_1_160' title='bbox 1601 608 1654 644; x_wconf 73' lang='grc' dir='ltr'>γὰρ</span> <span class='ocrx_word' id='word_1_161' title='bbox 1674 609 1812 636; x_wconf 76' lang='grc' dir='ltr'>καὶτοῦτο</span> <span class='ocrx_word' id='word_1_162' title='bbox 1834 610 1890 644; x_wconf 67' lang='grc'>(27)</span> 
     </span>
    </p>
   </div>
   <div class='ocr_carea' id='block_1_23' title="bbox 1109 653 1892 691">
    <p class='ocr_par' dir='ltr' id='par_1_23' title="bbox 1109 653 1892 691">
     <span class='ocr_line' id='line_1_23' title="bbox 1109 653 1892 691; baseline 0.005 -13"><span class='ocrx_word' id='word_1_163' title='bbox 1109 653 1243 688; x_wconf 81' lang='grc' dir='ltr'>χρήσιμον</span> <span class='ocrx_word' id='word_1_164' title='bbox 1256 653 1296 684; x_wconf 83' lang='grc' dir='ltr'>είς</span> <span class='ocrx_word' id='word_1_165' title='bbox 1307 653 1355 689; x_wconf 85' lang='grc' dir='ltr'><strong>τὴν</strong></span> <span class='ocrx_word' id='word_1_166' title='bbox 1366 653 1420 679; x_wconf 84' lang='grc' dir='ltr'>τῶν</span> <span class='ocrx_word' id='word_1_167' title='bbox 1432 653 1518 680; x_wconf 82' lang='grc' dir='ltr'>ἄλλων</span> <span class='ocrx_word' id='word_1_168' title='bbox 1531 653 1688 690; x_wconf 76' lang='grc' dir='ltr'><strong>διόρθωσιν)</strong></span> <span class='ocrx_word' id='word_1_169' title='bbox 1699 675 1706 687; x_wconf 91' lang='grc'><strong>,</strong></span> <span class='ocrx_word' id='word_1_170' title='bbox 1725 655 1792 682; x_wconf 73' lang='grc' dir='ltr'>ἀλλὰ</span> <span class='ocrx_word' id='word_1_171' title='bbox 1804 656 1892 691; x_wconf 84' lang='grc' dir='ltr'>πολλῷ</span> 
     </span>
    </p>
   </div>
   <div class='ocr_carea' id='block_1_24' title="bbox 1109 698 1893 737">
    <p class='ocr_par' dir='ltr' id='par_1_24' title="bbox 1109 698 1893 737">
     <span class='ocr_line' id='line_1_24' title="bbox 1109 698 1893 737; baseline 0.005 -13"><span class='ocrx_word' id='word_1_172' title='bbox 1109 698 1203 725; x_wconf 71' lang='grc' dir='ltr'>τούτου</span> <span class='ocrx_word' id='word_1_173' title='bbox 1229 699 1296 734; x_wconf 75' lang='lat'>(27&#39;)</span> <span class='ocrx_word' id='word_1_174' title='bbox 1322 699 1412 734; x_wconf 75' lang='grc' dir='ltr'>μεῖζον</span> <span class='ocrx_word' id='word_1_175' title='bbox 1429 699 1476 726; x_wconf 76' lang='grc' dir='ltr'><strong>καὶ</strong></span> <span class='ocrx_word' id='word_1_176' title='bbox 1493 699 1670 735; x_wconf 81' lang='grc' dir='ltr'>θεῐκώτερον,</span> <span class='ocrx_word' id='word_1_177' title='bbox 1698 701 1728 727; x_wconf 83' lang='grc' dir='ltr'>τὸ</span> <span class='ocrx_word' id='word_1_178' title='bbox 1752 704 1893 737; x_wconf 83' lang='grc' dir='ltr'>καρτερεῖν</span> 
     </span>
    </p>
   </div>
   <div class='ocr_carea' id='block_1_25' title="bbox 1110 744 1893 782">
    <p class='ocr_par' dir='ltr' id='par_1_25' title="bbox 1110 744 1893 782">
     <span class='ocr_line' id='line_1_25' title="bbox 1110 744 1893 782; baseline 0.004 -12"><span class='ocrx_word' id='word_1_179' title='bbox 1110 744 1262 780; x_wconf 75' lang='grc' dir='ltr'><strong>πάσχοντας</strong></span> <span class='ocrx_word' id='word_1_180' title='bbox 1277 745 1344 780; x_wconf 68' lang='grc'>(28).</span> <span class='ocrx_word' id='word_1_181' title='bbox 1373 745 1477 772; x_wconf 81' lang='grc' dir='ltr'>Ἐκεῖνο</span> <span class='ocrx_word' id='word_1_182' title='bbox 1500 746 1550 780; x_wconf 82' lang='grc' dir='ltr'>μὲν</span> <span class='ocrx_word' id='word_1_183' title='bbox 1570 747 1623 781; x_wconf 77' lang='grc' dir='ltr'>γὰρ</span> <span class='ocrx_word' id='word_1_184' title='bbox 1641 747 1689 782; x_wconf 77' lang='grc' dir='ltr'><strong>τὴν</strong></span> <span class='ocrx_word' id='word_1_185' title='bbox 1712 747 1809 773; x_wconf 80' lang='grc' dir='ltr'>κακίαν</span> <span class='ocrx_word' id='word_1_186' title='bbox 1834 748 1893 774; x_wconf 78' lang='grc' dir='ltr'>ἐπι-</span> 
     </span>
    </p>
   </div>
   <div class='ocr_carea' id='block_1_26' title="bbox 1111 790 1892 828">
    <p class='ocr_par' dir='ltr' id='par_1_26' title="bbox 1111 790 1892 828">
     <span class='ocr_line' id='line_1_26' title="bbox 1111 790 1892 828; baseline 0.003 -11"><span class='ocrx_word' id='word_1_187' title='bbox 1111 792 1248 826; x_wconf 80' lang='grc' dir='ltr'>στομίζει,</span> <span class='ocrx_word' id='word_1_188' title='bbox 1261 791 1339 817; x_wconf 77' lang='grc' dir='ltr'>τοῦτο</span> <span class='ocrx_word' id='word_1_189' title='bbox 1356 791 1383 818; x_wconf 81' lang='grc' dir='ltr'>δὲ</span> <span class='ocrx_word' id='word_1_190' title='bbox 1406 793 1542 827; x_wconf 77' lang='grc' dir='ltr'>χρηστοὺς</span> <span class='ocrx_word' id='word_1_191' title='bbox 1558 790 1626 819; x_wconf 75' lang='grc' dir='ltr'>εἶναι</span> <span class='ocrx_word' id='word_1_192' title='bbox 1646 792 1732 819; x_wconf 79' lang='grc' dir='ltr'>πείθει</span> <span class='ocrx_word' id='word_1_193' title='bbox 1743 801 1749 806; x_wconf 85' lang='grc'><em>”</em></span> <span class='ocrx_word' id='word_1_194' title='bbox 1768 792 1781 819; x_wconf 82' lang='grc' dir='ltr'>ὃ</span> <span class='ocrx_word' id='word_1_195' title='bbox 1795 792 1840 819; x_wconf 80' lang='grc' dir='ltr'><strong>τοῦ</strong></span> <span class='ocrx_word' id='word_1_196' title='bbox 1856 793 1892 828; x_wconf 81' lang='grc' dir='ltr'><strong>μὴ</strong></span> 
     </span>
    </p>
   </div>
   <div class='ocr_carea' id='block_1_27' title="bbox 1110 835 1893 875">
    <p class='ocr_par' dir='ltr' id='par_1_27' title="bbox 1110 835 1893 875">
     <span class='ocr_line' id='line_1_27' title="bbox 1110 835 1893 875; baseline 0.004 -12"><span class='ocrx_word' id='word_1_197' title='bbox 1110 838 1212 868; x_wconf 79' lang='grc' dir='ltr'>κακοὺς</span> <span class='ocrx_word' id='word_1_198' title='bbox 1227 835 1306 869; x_wconf 76' lang='grc' dir='ltr'>εἶναι,</span> <span class='ocrx_word' id='word_1_199' title='bbox 1316 838 1383 864; x_wconf 68' lang='grc' dir='ltr'>πόλι)</span> <span class='ocrx_word' id='word_1_200' title='bbox 1398 839 1519 874; x_wconf 75' lang='grc' dir='ltr'>κρεῖττόν</span> <span class='ocrx_word' id='word_1_201' title='bbox 1532 840 1589 865; x_wconf 74' lang='grc' dir='ltr'>ἐστι</span> <span class='ocrx_word' id='word_1_202' title='bbox 1601 840 1647 865; x_wconf 76' lang='grc' dir='ltr'><strong>καὶ</strong></span> <span class='ocrx_word' id='word_1_203' title='bbox 1657 838 1818 875; x_wconf 83' lang='grc' dir='ltr'>τελεώτερον</span> <span class='ocrx_word' id='word_1_204' title='bbox 1827 839 1893 874; x_wconf 75' lang='lat'>(‘29).</span> 
     </span>
    </p>
   </div>
   <div class='ocr_carea' id='block_1_28' title="bbox 268 879 1063 920">
    <p class='ocr_par' dir='ltr' id='par_1_28' title="bbox 268 879 1057 915">
     <span class='ocr_line' id='line_1_28' title="bbox 268 879 1057 915; baseline -0.001 -8"><span class='ocrx_word' id='word_1_205' title='bbox 268 881 416 908; x_wconf 85' lang='lat' dir='ltr'><strong>abstinere.</strong></span> <span class='ocrx_word' id='word_1_206' title='bbox 444 879 583 915; x_wconf 78' lang='lat' dir='ltr'><strong>lugentem</strong></span> <span class='ocrx_word' id='word_1_207' title='bbox 616 880 696 908; x_wconf 90' lang='lat' dir='ltr'><strong>nobis</strong></span> <span class='ocrx_word' id='word_1_208' title='bbox 722 879 900 907; x_wconf 78' lang='lat' dir='ltr'><strong>humanitatis</strong></span> <span class='ocrx_word' id='word_1_209' title='bbox 923 883 1057 915; x_wconf 64' lang='lat' dir='ltr'><strong>quaestum</strong></span> 
     </span>
    </p>
   </div>
   <div class='ocr_carea' id='block_1_29' title="bbox 1123 879 1895 920">
    <p class='ocr_par' dir='ltr' id='par_1_29' title="bbox 1124 883 1895 920">
     <span class='ocr_line' id='line_1_29' title="bbox 1124 883 1895 920; baseline 0.003 -11"><span class='ocrx_word' id='word_1_210' title='bbox 1124 883 1237 918; x_wconf 76' lang='grc' dir='ltr'>Ῐεγάλην</span> <span class='ocrx_word' id='word_1_211' title='bbox 1264 885 1330 918; x_wconf 81' lang='grc' dir='ltr'>ἡμῖν</span> <span class='ocrx_word' id='word_1_212' title='bbox 1356 885 1510 919; x_wconf 82' lang='grc' dir='ltr'>νομίσωμεν</span> <span class='ocrx_word' id='word_1_213' title='bbox 1525 884 1685 920; x_wconf 77' lang='grc' dir='ltr'>προκεῖσθαι</span> <span class='ocrx_word' id='word_1_214' title='bbox 1706 885 1895 920; x_wconf 70' lang='grc' dir='ltr'>πραγματείαν</span> 
     </span>
    </p>
   </div>
   <div class='ocr_carea' id='block_1_30' title="bbox 269 927 1061 962">
    <p class='ocr_par' dir='ltr' id='par_1_30' title="bbox 269 927 1061 962">
     <span class='ocr_line' id='line_1_30' title="bbox 269 927 1061 962; baseline 0.001 -9"><span class='ocrx_word' id='word_1_215' title='bbox 269 927 439 962; x_wconf 88' lang='lat' dir='ltr'><strong>propositum</strong></span> <span class='ocrx_word' id='word_1_216' title='bbox 463 934 524 954; x_wconf 88' lang='lat' dir='ltr'><strong>esse</strong></span> <span class='ocrx_word' id='word_1_217' title='bbox 546 927 747 959; x_wconf 79' lang='lat' dir='ltr'><strong>existimemus,</strong></span> <span class='ocrx_word' id='word_1_218' title='bbox 767 931 794 954; x_wconf 94' lang='lat' dir='ltr'><strong>et</strong></span> <span class='ocrx_word' id='word_1_219' title='bbox 819 934 860 959; x_wconf 91' lang='lat' dir='ltr'><strong>ea,</strong></span> <span class='ocrx_word' id='word_1_220' title='bbox 878 934 940 962; x_wconf 69' lang='lat' dir='ltr'><strong>quae</strong></span> <span class='ocrx_word' id='word_1_221' title='bbox 955 927 983 953; x_wconf 91' lang='lat' dir='ltr'><strong>in</strong></span> <span class='ocrx_word' id='word_1_222' title='bbox 1008 933 1061 954; x_wconf 88' lang='lat' dir='ltr'><strong>nos</strong></span> 
     </span>
    </p>
   </div>
   <div class='ocr_carea' id='block_1_31' title="bbox 269 972 1062 1007">
    <p class='ocr_par' dir='ltr' id='par_1_31' title="bbox 269 972 1062 1007">
     <span class='ocr_line' id='line_1_31' title="bbox 269 972 1062 1007; baseline 0 -8"><span class='ocrx_word' id='word_1_223' title='bbox 269 972 389 1000; x_wconf 88' lang='lat' dir='ltr'><strong>admissa</strong></span> <span class='ocrx_word' id='word_1_224' title='bbox 414 976 478 1000; x_wconf 91' lang='lat' dir='ltr'><strong>sunt</strong></span> <span class='ocrx_word' id='word_1_225' title='bbox 493 993 500 1004; x_wconf 88' lang='lat'><strong>,</strong></span> <span class='ocrx_word' id='word_1_226' title='bbox 523 972 730 1004; x_wconf 88' lang='lat' dir='ltr'><strong>condonemus,</strong></span> <span class='ocrx_word' id='word_1_227' title='bbox 762 976 792 999; x_wconf 93' lang='lat' dir='ltr'><strong>ut</strong></span> <span class='ocrx_word' id='word_1_228' title='bbox 815 972 867 1007; x_wconf 92' lang='lat' dir='ltr'><strong>ipsi</strong></span> <span class='ocrx_word' id='word_1_229' title='bbox 882 979 989 1007; x_wconf 87' lang='lat' dir='ltr'><strong>quoque</strong></span> <span class='ocrx_word' id='word_1_230' title='bbox 1016 979 1062 999; x_wconf 90' lang='lat' dir='ltr'><strong>ve-</strong></span> 
     </span>
    </p>
   </div>
   <div class='ocr_carea' id='block_1_32' title="bbox 269 1018 1061 1054">
    <p class='ocr_par' dir='ltr' id='par_1_32' title="bbox 269 1018 1061 1054">
     <span class='ocr_line' id='line_1_32' title="bbox 269 1018 1061 1054; baseline 0.001 -10"><span class='ocrx_word' id='word_1_231' title='bbox 269 1019 342 1045; x_wconf 83' lang='lat' dir='ltr'><strong>niam</strong></span> <span class='ocrx_word' id='word_1_232' title='bbox 374 1026 585 1054; x_wconf 84' lang='lat' dir='ltr'><strong>consequamur,</strong></span> <span class='ocrx_word' id='word_1_233' title='bbox 614 1023 641 1045; x_wconf 91' lang='lat' dir='ltr'><strong>et</strong></span> <span class='ocrx_word' id='word_1_234' title='bbox 676 1018 872 1054; x_wconf 77' lang='lat' dir='ltr'><strong>benignitatem</strong></span> <span class='ocrx_word' id='word_1_235' title='bbox 901 1018 1061 1053; x_wconf 75' lang='lat' dir='ltr'><strong>benignitati</strong></span> 
     </span>
    </p>
   </div>
   <div class='ocr_carea' id='block_1_33' title="bbox 270 1062 457 1090">
    <p class='ocr_par' dir='ltr' id='par_1_33' title="bbox 270 1062 457 1090">
     <span class='ocr_line' id='line_1_33' title="bbox 270 1062 457 1090; baseline 0.005 -1"><span class='ocrx_word' id='word_1_236' title='bbox 270 1062 457 1090; x_wconf 82' lang='lat' dir='ltr'><strong>adhibeamus.</strong></span> 
     </span>
    </p>
   </div>
   <div class='ocr_carea' id='block_1_34' title="bbox 305 1108 1060 1145">
    <p class='ocr_par' dir='ltr' id='par_1_34' title="bbox 305 1108 1060 1145">
     <span class='ocr_line' id='line_1_34' title="bbox 305 1108 1060 1145; baseline 0.001 -10"><span class='ocrx_word' id='word_1_237' title='bbox 305 1109 439 1136; x_wconf 84' lang='lat' dir='ltr'><strong>Zelutoris</strong></span> <span class='ocrx_word' id='word_1_238' title='bbox 462 1114 672 1145; x_wconf 80' lang='lat' dir='ltr'><strong>cognomentum</strong></span> <span class='ocrx_word' id='word_1_239' title='bbox 690 1109 754 1136; x_wconf 87' lang='lat' dir='ltr'><strong>hinc</strong></span> <span class='ocrx_word' id='word_1_240' title='bbox 778 1108 897 1136; x_wconf 92' lang='lat' dir='ltr'><strong>obtinuit</strong></span> <span class='ocrx_word' id='word_1_241' title='bbox 923 1109 1060 1142; x_wconf 86' lang='lat' dir='ltr'><strong>Phinees,</strong></span> 
     </span>
    </p>
   </div>
   <div class='ocr_carea' id='block_1_35' title="bbox 269 1155 1063 1191">
    <p class='ocr_par' dir='ltr' id='par_1_35' title="bbox 269 1155 1063 1191">
     <span class='ocr_line' id='line_1_35' title="bbox 269 1155 1063 1191; baseline 0 -9"><span class='ocrx_word' id='word_1_242' title='bbox 269 1156 344 1191; x_wconf 87' lang='lat' dir='ltr'><strong>quod</strong></span> <span class='ocrx_word' id='word_1_243' title='bbox 359 1155 576 1188; x_wconf 81' lang='lat' dir='ltr'><strong>Madianitidem,</strong></span> <span class='ocrx_word' id='word_1_244' title='bbox 589 1163 643 1182; x_wconf 86' lang='lat' dir='ltr'><strong>una</strong></span> <span class='ocrx_word' id='word_1_245' title='bbox 661 1163 724 1182; x_wconf 90' lang='lat' dir='ltr'><strong>cum</strong></span> <span class='ocrx_word' id='word_1_246' title='bbox 741 1163 774 1182; x_wconf 91' lang='lat' dir='ltr'><strong>eo</strong></span> <span class='ocrx_word' id='word_1_247' title='bbox 797 1155 844 1191; x_wconf 91' lang='lat' dir='ltr'><strong>qui</strong></span> <span class='ocrx_word' id='word_1_248' title='bbox 865 1160 990 1190; x_wconf 90' lang='lat' dir='ltr'><strong>stuprum</strong></span> <span class='ocrx_word' id='word_1_249' title='bbox 1010 1155 1063 1190; x_wconf 83' lang='lat' dir='ltr'><strong>ipsi</strong></span> 
     </span>
    </p>
   </div>
   <div class='ocr_carea' id='block_1_36' title="bbox 271 1201 1063 1237">
    <p class='ocr_par' dir='ltr' id='par_1_36' title="bbox 271 1201 1063 1237">
     <span class='ocr_line' id='line_1_36' title="bbox 271 1201 1063 1237; baseline -0.001 -9"><span class='ocrx_word' id='word_1_250' title='bbox 271 1201 420 1234; x_wconf 82' lang='lat' dir='ltr'><strong>inferebat,</strong></span> <span class='ocrx_word' id='word_1_251' title='bbox 439 1202 557 1237; x_wconf 79' lang='lat' dir='ltr'><strong>pugione</strong></span> <span class='ocrx_word' id='word_1_252' title='bbox 575 1201 732 1234; x_wconf 80' lang='lat' dir='ltr'><strong>transfixit,</strong></span> <span class='ocrx_word' id='word_1_253' title='bbox 753 1205 836 1236; x_wconf 89' lang='lat' dir='ltr'><strong>atque</strong></span> <span class='ocrx_word' id='word_1_254' title='bbox 859 1209 891 1228; x_wconf 89' lang='lat' dir='ltr'><strong>ex</strong></span> <span class='ocrx_word' id='word_1_255' title='bbox 912 1201 1063 1228; x_wconf 81' lang='lat' dir='ltr'><strong>Israelitica</strong></span> 
     </span>
    </p>
   </div>
   <div class='ocr_carea' id='block_1_37' title="bbox 270 1246 1063 1281">
    <p class='ocr_par' dir='ltr' id='par_1_37' title="bbox 270 1246 1063 1281">
     <span class='ocr_line' id='line_1_37' title="bbox 270 1246 1063 1281; baseline -0.001 -8"><span class='ocrx_word' id='word_1_256' title='bbox 270 1247 381 1274; x_wconf 91' lang='lat' dir='ltr'><strong>natione</strong></span> <span class='ocrx_word' id='word_1_257' title='bbox 395 1246 525 1281; x_wconf 83' lang='lat' dir='ltr'><strong>probrum</strong></span> <span class='ocrx_word' id='word_1_258' title='bbox 538 1246 639 1274; x_wconf 81' lang='lat' dir='ltr'><strong>exemit</strong></span> <span class='ocrx_word' id='word_1_259' title='bbox 649 1247 685 1280; x_wconf 85' lang='lat'><strong>“;</strong></span> <span class='ocrx_word' id='word_1_260' title='bbox 706 1247 872 1281; x_wconf 87' lang='lat' dir='ltr'><strong>atmajorem</strong></span> <span class='ocrx_word' id='word_1_261' title='bbox 885 1247 936 1273; x_wconf 89' lang='lat' dir='ltr'><strong>hoc</strong></span> <span class='ocrx_word' id='word_1_262' title='bbox 953 1246 1063 1273; x_wconf 85' lang='lat' dir='ltr'><strong>nomine</strong></span> 
     </span>
    </p>
   </div>
   <div class='ocr_carea' id='block_1_38' title="bbox 270 1291 1063 1327">
    <p class='ocr_par' dir='ltr' id='par_1_38' title="bbox 270 1291 1063 1327">
     <span class='ocr_line' id='line_1_38' title="bbox 270 1291 1063 1327; baseline -0.001 -8"><span class='ocrx_word' id='word_1_263' title='bbox 270 1292 379 1320; x_wconf 89' lang='lat' dir='ltr'><strong>laudem</strong></span> <span class='ocrx_word' id='word_1_264' title='bbox 403 1292 482 1325; x_wconf 85' lang='lat' dir='ltr'><strong>tulit,</strong></span> <span class='ocrx_word' id='word_1_265' title='bbox 499 1292 572 1327; x_wconf 90' lang='lat' dir='ltr'><strong>quod</strong></span> <span class='ocrx_word' id='word_1_266' title='bbox 595 1299 644 1327; x_wconf 88' lang='lat' dir='ltr'><strong>pro</strong></span> <span class='ocrx_word' id='word_1_267' title='bbox 664 1292 766 1327; x_wconf 90' lang='lat' dir='ltr'><strong>populo</strong></span> <span class='ocrx_word' id='word_1_268' title='bbox 788 1291 816 1319; x_wconf 90' lang='lat' dir='ltr'><strong>in</strong></span> <span class='ocrx_word' id='word_1_269' title='bbox 833 1292 924 1321; x_wconf 83' lang='lat' dir='ltr'><strong>scelus</strong></span> <span class='ocrx_word' id='word_1_270' title='bbox 942 1292 1063 1326; x_wconf 87' lang='lat' dir='ltr'><strong>collapso</strong></span> 
     </span>
    </p>
   </div>
   <div class='ocr_carea' id='block_1_39' title="bbox 271 1337 1064 1373">
    <p class='ocr_par' dir='ltr' id='par_1_39' title="bbox 271 1337 1064 1373">
     <span class='ocr_line' id='line_1_39' title="bbox 271 1337 1064 1373; baseline -0.001 -8"><span class='ocrx_word' id='word_1_271' title='bbox 271 1345 367 1373; x_wconf 88' lang='lat' dir='ltr'><strong>preces</strong></span> <span class='ocrx_word' id='word_1_272' title='bbox 386 1337 464 1365; x_wconf 88' lang='lat' dir='ltr'><strong>fudit.</strong></span> <span class='ocrx_word' id='word_1_273' title='bbox 492 1337 602 1366; x_wconf 88' lang='lat' dir='ltr'><strong>Stemus</strong></span> <span class='ocrx_word' id='word_1_274' title='bbox 627 1338 709 1373; x_wconf 77' lang='lat' dir='ltr'><strong>igitur</strong></span> <span class='ocrx_word' id='word_1_275' title='bbox 723 1345 774 1365; x_wconf 91' lang='lat' dir='ltr'><strong>nos</strong></span> <span class='ocrx_word' id='word_1_276' title='bbox 790 1345 917 1372; x_wconf 88' lang='lat' dir='ltr'><strong>quoque,</strong></span> <span class='ocrx_word' id='word_1_277' title='bbox 944 1341 973 1364; x_wconf 94' lang='lat' dir='ltr'><strong>ut</strong></span> <span class='ocrx_word' id='word_1_278' title='bbox 989 1337 1064 1364; x_wconf 89' lang='lat' dir='ltr'><strong>Scri-</strong></span> 
     </span>
    </p>
   </div>
   <div class='ocr_carea' id='block_1_40' title="bbox 271 1383 1064 1419">
    <p class='ocr_par' dir='ltr' id='par_1_40' title="bbox 271 1383 1064 1419">
     <span class='ocr_line' id='line_1_40' title="bbox 271 1383 1064 1419; baseline -0.003 -8"><span class='ocrx_word' id='word_1_279' title='bbox 271 1388 358 1418; x_wconf 69' lang='lat' dir='ltr'><strong>ptura:</strong></span> <span class='ocrx_word' id='word_1_280' title='bbox 382 1383 471 1411; x_wconf 84' lang='lat' dir='ltr'><strong>verbis</strong></span> <span class='ocrx_word' id='word_1_281' title='bbox 485 1384 590 1414; x_wconf 79' lang='lat' dir='ltr'><strong>utar&quot;,</strong></span> <span class='ocrx_word' id='word_1_282' title='bbox 607 1391 639 1410; x_wconf 84' lang='lat' dir='ltr'><strong>ac</strong></span> <span class='ocrx_word' id='word_1_283' title='bbox 661 1383 801 1418; x_wconf 82' lang='lat' dir='ltr'><strong>placemus</strong></span> <span class='ocrx_word' id='word_1_284' title='bbox 811 1403 819 1416; x_wconf 91' lang='lat'><strong>,</strong></span> <span class='ocrx_word' id='word_1_285' title='bbox 834 1389 861 1411; x_wconf 87' lang='lat' dir='ltr'><strong>et</strong></span> <span class='ocrx_word' id='word_1_286' title='bbox 877 1387 967 1410; x_wconf 85' lang='lat' dir='ltr'><strong>cesset</strong></span> <span class='ocrx_word' id='word_1_287' title='bbox 981 1391 1064 1419; x_wconf 87' lang='lat' dir='ltr'><strong>quas-</strong></span> 
     </span>
    </p>
   </div>
   <div class='ocr_carea' id='block_1_41' title="bbox 271 1428 1062 1464">
    <p class='ocr_par' dir='ltr' id='par_1_41' title="bbox 271 1428 1062 1464">
     <span class='ocr_line' id='line_1_41' title="bbox 271 1428 1062 1464; baseline 0 -8"><span class='ocrx_word' id='word_1_288' title='bbox 271 1430 359 1462; x_wconf 86' lang='lat' dir='ltr'><strong>satio;</strong></span> <span class='ocrx_word' id='word_1_289' title='bbox 385 1430 519 1464; x_wconf 88' lang='lat' dir='ltr'><strong>nobisque</strong></span> <span class='ocrx_word' id='word_1_290' title='bbox 545 1429 619 1456; x_wconf 89' lang='lat' dir='ltr'><strong>istud</strong></span> <span class='ocrx_word' id='word_1_291' title='bbox 645 1428 679 1455; x_wconf 86' lang='lat' dir='ltr'><strong>ad</strong></span> <span class='ocrx_word' id='word_1_292' title='bbox 704 1429 842 1463; x_wconf 85' lang='lat' dir='ltr'><strong>justitiam</strong></span> <span class='ocrx_word' id='word_1_293' title='bbox 871 1433 1014 1464; x_wconf 86' lang='lat' dir='ltr'><strong>reputetur</strong></span> <span class='ocrx_word' id='word_1_294' title='bbox 1028 1429 1062 1456; x_wconf 82' lang='grc'><strong>’⁷.</strong></span> 
     </span>
    </p>
   </div>
   <div class='ocr_carea' id='block_1_42' title="bbox 272 1475 1063 1510">
    <p class='ocr_par' dir='ltr' id='par_1_42' title="bbox 272 1475 1063 1510">
     <span class='ocr_line' id='line_1_42' title="bbox 272 1475 1063 1510; baseline 0 -8"><span class='ocrx_word' id='word_1_295' title='bbox 272 1475 413 1504; x_wconf 85' lang='lat' dir='ltr'><strong>Laudibus</strong></span> <span class='ocrx_word' id='word_1_296' title='bbox 437 1476 502 1503; x_wconf 89' lang='lat' dir='ltr'><strong>item</strong></span> <span class='ocrx_word' id='word_1_297' title='bbox 528 1475 642 1502; x_wconf 70' lang='lat' dir='ltr'><strong>allectus</strong></span> <span class='ocrx_word' id='word_1_298' title='bbox 669 1480 712 1502; x_wconf 89' lang='lat' dir='ltr'><strong>est</strong></span> <span class='ocrx_word' id='word_1_299' title='bbox 735 1475 835 1507; x_wconf 83' lang='lat' dir='ltr'><strong>Moses,</strong></span> <span class='ocrx_word' id='word_1_300' title='bbox 853 1475 926 1510; x_wconf 91' lang='lat' dir='ltr'><strong>quod</strong></span> <span class='ocrx_word' id='word_1_301' title='bbox 941 1483 972 1502; x_wconf 79' lang='lat' dir='ltr'><strong>ex</strong></span> <span class='ocrx_word' id='word_1_302' title='bbox 990 1476 1063 1502; x_wconf 85' lang='lat' dir='ltr'><strong>illata</strong></span> 
     </span>
    </p>
   </div>
   <div class='ocr_carea' id='block_1_43' title="bbox 271 1520 1064 1556">
    <p class='ocr_par' dir='ltr' id='par_1_43' title="bbox 271 1520 1064 1556">
     <span class='ocr_line' id='line_1_43' title="bbox 271 1520 1064 1556; baseline 0 -9"><span class='ocrx_word' id='word_1_303' title='bbox 271 1521 401 1549; x_wconf 66' lang='lat' dir='ltr'><strong>Israelita:</strong></span> <span class='ocrx_word' id='word_1_304' title='bbox 418 1521 520 1555; x_wconf 88' lang='lat' dir='ltr'><strong>injuria</strong></span> <span class='ocrx_word' id='word_1_305' title='bbox 542 1521 638 1548; x_wconf 88' lang='lat' dir='ltr'><strong>dolore</strong></span> <span class='ocrx_word' id='word_1_306' title='bbox 651 1525 816 1553; x_wconf 89' lang='lat' dir='ltr'><strong>commotus,</strong></span> <span class='ocrx_word' id='word_1_307' title='bbox 835 1520 993 1556; x_wconf 67' lang='lat' dir='ltr'><strong>Aigyptium</strong></span> <span class='ocrx_word' id='word_1_308' title='bbox 1015 1529 1064 1548; x_wconf 81' lang='lat' dir='ltr'><strong>nc—</strong></span> 
     </span>
    </p>
   </div>
   <div class='ocr_carea' id='block_1_44' title="bbox 1113 927 1896 965">
    <p class='ocr_par' dir='ltr' id='par_1_44' title="bbox 1113 927 1896 965">
     <span class='ocr_line' id='line_1_44' title="bbox 1113 927 1896 965; baseline 0.004 -12"><span class='ocrx_word' id='word_1_309' title='bbox 1113 927 1325 964; x_wconf 84' lang='grc' dir='ltr'>φιλανθρωπίας,</span> <span class='ocrx_word' id='word_1_310' title='bbox 1343 929 1389 954; x_wconf 72' lang='grc' dir='ltr'><strong>καὶ</strong></span> <span class='ocrx_word' id='word_1_311' title='bbox 1406 930 1627 965; x_wconf 79' lang='grc' dir='ltr'><strong>συγχωρήσωμεν</strong></span> <span class='ocrx_word' id='word_1_312' title='bbox 1644 929 1678 956; x_wconf 70' lang='grc' dir='ltr'>τὰ</span> <span class='ocrx_word' id='word_1_313' title='bbox 1692 931 1732 961; x_wconf 81' lang='grc' dir='ltr'><strong>εἰς</strong></span> <span class='ocrx_word' id='word_1_314' title='bbox 1752 931 1836 965; x_wconf 77' lang='grc' dir='ltr'><strong>ἡμᾶς,</strong></span> <span class='ocrx_word' id='word_1_315' title='bbox 1851 931 1896 956; x_wconf 76' lang='grc' dir='ltr'>ἵνα</span> 
     </span>
    </p>
   </div>
   <div class='ocr_carea' id='block_1_45' title="bbox 1113 974 1896 1013">
    <p class='ocr_par' dir='ltr' id='par_1_45' title="bbox 1113 974 1896 1013">
     <span class='ocr_line' id='line_1_45' title="bbox 1113 974 1896 1013; baseline 0.005 -13"><span class='ocrx_word' id='word_1_316' title='bbox 1113 974 1159 1001; x_wconf 77' lang='grc' dir='ltr'><strong>καὶ</strong></span> <span class='ocrx_word' id='word_1_317' title='bbox 1178 975 1254 1001; x_wconf 74' lang='grc' dir='ltr'>αὐτοὶ</span> <span class='ocrx_word' id='word_1_318' title='bbox 1280 975 1404 1010; x_wconf 77' lang='grc' dir='ltr'><strong>τύχωμεν</strong></span> <span class='ocrx_word' id='word_1_319' title='bbox 1426 976 1475 1011; x_wconf 82' lang='grc' dir='ltr'><strong>τῆς</strong></span> <span class='ocrx_word' id='word_1_320' title='bbox 1499 977 1714 1012; x_wconf 77' lang='grc' dir='ltr'>συγχωρήσεως²</span> <span class='ocrx_word' id='word_1_321' title='bbox 1729 977 1775 1004; x_wconf 80' lang='grc' dir='ltr'><strong>καὶ</strong></span> <span class='ocrx_word' id='word_1_322' title='bbox 1788 986 1896 1013; x_wconf 75' lang='grc' dir='ltr'>προεισ-</span> 
     </span>
    </p>
   </div>
   <div class='ocr_carea' id='block_1_46' title="bbox 1113 1021 1769 1058">
    <p class='ocr_par' dir='ltr' id='par_1_46' title="bbox 1113 1021 1769 1058">
     <span class='ocr_line' id='line_1_46' title="bbox 1113 1021 1769 1058; baseline 0.003 -11"><span class='ocrx_word' id='word_1_323' title='bbox 1113 1021 1269 1054; x_wconf 81' lang='grc' dir='ltr'>ενέγκωμεν</span> <span class='ocrx_word' id='word_1_324' title='bbox 1288 1021 1460 1057; x_wconf 74' lang='grc' dir='ltr'><strong>χρηστότητα</strong></span> <span class='ocrx_word' id='word_1_325' title='bbox 1475 1023 1507 1057; x_wconf 82' lang='grc' dir='ltr'>τῇ</span> <span class='ocrx_word' id='word_1_326' title='bbox 1526 1021 1691 1057; x_wconf 83' lang='grc' dir='ltr'>χρηστότητι</span> <span class='ocrx_word' id='word_1_327' title='bbox 1702 1022 1769 1058; x_wconf 79' lang='grc'>(50).</span> 
     </span>
    </p>
   </div>
   <div class='ocr_carea' id='block_1_47' title="bbox 1149 1108 1897 1147">
    <p class='ocr_par' dir='ltr' id='par_1_47' title="bbox 1149 1108 1897 1147">
     <span class='ocr_line' id='line_1_47' title="bbox 1149 1108 1897 1147; baseline 0.004 -11"><span class='ocrx_word' id='word_1_328' title='bbox 1149 1108 1275 1145; x_wconf 81' lang='grc' dir='ltr'>Ζηλωτὴς</span> <span class='ocrx_word' id='word_1_329' title='bbox 1298 1109 1396 1144; x_wconf 69' lang='grc' dir='ltr'>ἥκουσε</span> <span class='ocrx_word' id='word_1_330' title='bbox 1416 1110 1523 1143; x_wconf 80' lang='grc' dir='ltr'>Φινεὲς,</span> <span class='ocrx_word' id='word_1_331' title='bbox 1543 1111 1583 1138; x_wconf 80' lang='grc' dir='ltr'><strong>ὅτι</strong></span> <span class='ocrx_word' id='word_1_332' title='bbox 1603 1111 1652 1147; x_wconf 87' lang='grc' dir='ltr'>τὴν</span> <span class='ocrx_word' id='word_1_333' title='bbox 1674 1112 1832 1138; x_wconf 84' lang='grc' dir='ltr'>Μαδιανῖτιν</span> <span class='ocrx_word' id='word_1_334' title='bbox 1858 1111 1897 1147; x_wconf 85' lang='grc' dir='ltr'>τῷ</span> 
     </span>
    </p>
   </div>
   <div class='ocr_carea' id='block_1_48' title="bbox 1113 1155 1898 1192">
    <p class='ocr_par' dir='ltr' id='par_1_48' title="bbox 1113 1155 1898 1192">
     <span class='ocr_line' id='line_1_48' title="bbox 1113 1155 1898 1192; baseline 0.005 -12"><span class='ocrx_word' id='word_1_335' title='bbox 1113 1155 1204 1190; x_wconf 84' lang='grc' dir='ltr'>πόρνῳ</span> <span class='ocrx_word' id='word_1_336' title='bbox 1232 1155 1451 1192; x_wconf 76' lang='grc' dir='ltr'>συνεξεκὲντησε,</span> <span class='ocrx_word' id='word_1_337' title='bbox 1475 1157 1522 1183; x_wconf 82' lang='grc' dir='ltr'><strong>καὶ</strong></span> <span class='ocrx_word' id='word_1_338' title='bbox 1537 1156 1637 1188; x_wconf 74' lang='grc' dir='ltr'>ἐξεῖλεν</span> <span class='ocrx_word' id='word_1_339' title='bbox 1659 1157 1758 1188; x_wconf 78' lang='grc' dir='ltr'>δνειδος</span> <span class='ocrx_word' id='word_1_340' title='bbox 1779 1158 1808 1191; x_wconf 78' lang='grc' dir='ltr'>ἐξ</span> <span class='ocrx_word' id='word_1_341' title='bbox 1831 1158 1898 1184; x_wconf 81' lang='grc' dir='ltr'><strong>υίῶν</strong></span> 
     </span>
    </p>
   </div>
   <div class='ocr_carea' id='block_1_49' title="bbox 1119 1199 1899 1238">
    <p class='ocr_par' dir='ltr' id='par_1_49' title="bbox 1119 1199 1899 1238">
     <span class='ocr_line' id='line_1_49' title="bbox 1119 1199 1899 1238; baseline 0.004 -13"><span class='ocrx_word' id='word_1_342' title='bbox 1119 1199 1243 1235; x_wconf 83' lang='grc' dir='ltr'>Ἰσραήλ·</span> <span class='ocrx_word' id='word_1_343' title='bbox 1265 1199 1322 1226; x_wconf 78' lang='grc' dir='ltr'>ἀλλ’</span> <span class='ocrx_word' id='word_1_344' title='bbox 1348 1200 1466 1236; x_wconf 78' lang='grc' dir='ltr'><strong>ἐπῃνέθη</strong></span> <span class='ocrx_word' id='word_1_345' title='bbox 1493 1201 1584 1233; x_wconf 82' lang='grc' dir='ltr'><strong>πλέον,</strong></span> <span class='ocrx_word' id='word_1_346' title='bbox 1600 1202 1640 1228; x_wconf 79' lang='grc' dir='ltr'>ὅτι</span> <span class='ocrx_word' id='word_1_347' title='bbox 1661 1201 1708 1228; x_wconf 84' lang='grc' dir='ltr'>τοῦ</span> <span class='ocrx_word' id='word_1_348' title='bbox 1728 1202 1792 1228; x_wconf 87' lang='grc' dir='ltr'><strong>λαοῦ</strong></span> <span class='ocrx_word' id='word_1_349' title='bbox 1815 1211 1899 1238; x_wconf 64' lang='grc' dir='ltr'>πρασ-</span> 
     </span>
    </p>
   </div>
   <div class='ocr_carea' id='block_1_50' title="bbox 1113 1244 1899 1284">
    <p class='ocr_par' dir='ltr' id='par_1_50' title="bbox 1113 1244 1899 1284">
     <span class='ocr_line' id='line_1_50' title="bbox 1113 1244 1899 1284; baseline 0.006 -14"><span class='ocrx_word' id='word_1_350' title='bbox 1113 1244 1214 1279; x_wconf 82' lang='grc' dir='ltr'>ηύξατο</span> <span class='ocrx_word' id='word_1_351' title='bbox 1231 1245 1285 1281; x_wconf 66' lang='grc'>(51)</span> <span class='ocrx_word' id='word_1_352' title='bbox 1301 1246 1474 1278; x_wconf 79' lang='grc' dir='ltr'>πταίσαντος.</span> <span class='ocrx_word' id='word_1_353' title='bbox 1487 1247 1597 1282; x_wconf 85' lang='grc' dir='ltr'>Στῶμεν</span> <span class='ocrx_word' id='word_1_354' title='bbox 1619 1245 1665 1274; x_wconf 71' lang='grc' dir='ltr'>οὖν</span> <span class='ocrx_word' id='word_1_355' title='bbox 1680 1248 1727 1274; x_wconf 76' lang='grc' dir='ltr'>καὶ</span> <span class='ocrx_word' id='word_1_356' title='bbox 1748 1249 1836 1284; x_wconf 75' lang='grc' dir='ltr'>ἡμεῖς,</span> <span class='ocrx_word' id='word_1_357' title='bbox 1853 1250 1899 1276; x_wconf 75' lang='grc' dir='ltr'><strong>καὶ</strong></span> 
     </span>
    </p>
   </div>
   <div class='ocr_carea' id='block_1_51' title="bbox 1114 1291 1900 1329">
    <p class='ocr_par' dir='ltr' id='par_1_51' title="bbox 1114 1291 1900 1329">
     <span class='ocr_line' id='line_1_51' title="bbox 1114 1291 1900 1329; baseline 0.008 -13"><span class='ocrx_word' id='word_1_358' title='bbox 1114 1291 1319 1326; x_wconf 76' lang='grc' dir='ltr'>ὲξιλασώμεθα,</span> <span class='ocrx_word' id='word_1_359' title='bbox 1336 1292 1383 1319; x_wconf 70' lang='grc' dir='ltr'><strong>καὶ</strong></span> <span class='ocrx_word' id='word_1_360' title='bbox 1406 1293 1554 1320; x_wconf 81' lang='grc' dir='ltr'>κοπασάτω</span> <span class='ocrx_word' id='word_1_361' title='bbox 1575 1294 1591 1328; x_wconf 88' lang='grc' dir='ltr'>ἡ</span> <span class='ocrx_word' id='word_1_362' title='bbox 1618 1293 1747 1329; x_wconf 76' lang='grc' dir='ltr'>Θραῦσις,</span> <span class='ocrx_word' id='word_1_363' title='bbox 1776 1295 1847 1321; x_wconf 74' lang='grc' dir='ltr'>κατὰ</span> <span class='ocrx_word' id='word_1_364' title='bbox 1870 1296 1900 1322; x_wconf 81' lang='grc' dir='ltr'>τὸ</span> 
     </span>
    </p>
   </div>
   <div class='ocr_carea' id='block_1_52' title="bbox 1114 1337 1900 1376">
    <p class='ocr_par' dir='ltr' id='par_1_52' title="bbox 1114 1337 1900 1376">
     <span class='ocr_line' id='line_1_52' title="bbox 1114 1337 1900 1376; baseline 0.005 -13"><span class='ocrx_word' id='word_1_365' title='bbox 1114 1337 1305 1373; x_wconf 80' lang='grc' dir='ltr'>γεγραμμένον</span> <span class='ocrx_word' id='word_1_366' title='bbox 1315 1346 1322 1352; x_wconf 73' lang='grc'><strong><em>⁸</em></strong></span> <span class='ocrx_word' id='word_1_367' title='bbox 1342 1339 1389 1364; x_wconf 70' lang='grc' dir='ltr'>καὶ</span> <span class='ocrx_word' id='word_1_368' title='bbox 1404 1338 1555 1375; x_wconf 74' lang='grc' dir='ltr'>λογισϐήτω</span> <span class='ocrx_word' id='word_1_369' title='bbox 1574 1339 1652 1366; x_wconf 77' lang='grc' dir='ltr'>τοῦτο</span> <span class='ocrx_word' id='word_1_370' title='bbox 1666 1340 1731 1376; x_wconf 86' lang='grc' dir='ltr'>ἡμῖν</span> <span class='ocrx_word' id='word_1_371' title='bbox 1746 1341 1785 1372; x_wconf 85' lang='grc' dir='ltr'>είς</span> <span class='ocrx_word' id='word_1_372' title='bbox 1798 1341 1900 1367; x_wconf 81' lang='grc' dir='ltr'>δικαιο-</span> 
     </span>
    </p>
   </div>
   <div class='ocr_carea' id='block_1_53' title="bbox 1115 1383 1901 1421">
    <p class='ocr_par' dir='ltr' id='par_1_53' title="bbox 1115 1383 1901 1421">
     <span class='ocr_line' id='line_1_53' title="bbox 1115 1383 1901 1421; baseline 0.006 -12"><span class='ocrx_word' id='word_1_373' title='bbox 1115 1383 1208 1418; x_wconf 82' lang='grc' dir='ltr'>σύνην.</span> <span class='ocrx_word' id='word_1_374' title='bbox 1236 1383 1369 1419; x_wconf 81' lang='grc' dir='ltr'>Ἐπῃνέθη</span> <span class='ocrx_word' id='word_1_375' title='bbox 1394 1385 1440 1411; x_wconf 70' lang='grc' dir='ltr'><strong>καὶ</strong></span> <span class='ocrx_word' id='word_1_376' title='bbox 1467 1385 1587 1418; x_wconf 73' lang='grc' dir='ltr'>Μωσῆς,</span> <span class='ocrx_word' id='word_1_377' title='bbox 1610 1386 1651 1412; x_wconf 78' lang='grc' dir='ltr'><strong>ὅτι</strong></span> <span class='ocrx_word' id='word_1_378' title='bbox 1678 1387 1723 1413; x_wconf 85' lang='grc' dir='ltr'><strong>τὸν</strong></span> <span class='ocrx_word' id='word_1_379' title='bbox 1751 1387 1901 1421; x_wconf 80' lang='grc' dir='ltr'>Αἰγύπτιον</span> 
     </span>
    </p>
   </div>
   <div class='ocr_carea' id='block_1_54' title="bbox 1115 1427 1902 1466">
    <p class='ocr_par' dir='ltr' id='par_1_54' title="bbox 1115 1427 1902 1466">
     <span class='ocr_line' id='line_1_54' title="bbox 1115 1427 1902 1466; baseline 0.006 -12"><span class='ocrx_word' id='word_1_380' title='bbox 1115 1428 1205 1455; x_wconf 82' lang='grc' dir='ltr'>ἀνεῖλε</span> <span class='ocrx_word' id='word_1_381' title='bbox 1221 1427 1288 1463; x_wconf 69' lang='grc'>(52),</span> <span class='ocrx_word' id='word_1_382' title='bbox 1306 1427 1344 1463; x_wconf 78' lang='grc' dir='ltr'>τῷ</span> <span class='ocrx_word' id='word_1_383' title='bbox 1361 1429 1515 1465; x_wconf 76' lang='grc' dir='ltr'>Ἶσραηλίτῃ</span> <span class='ocrx_word' id='word_1_384' title='bbox 1532 1430 1734 1466; x_wconf 70' lang='grc' dir='ltr'>περιαλγήσας·</span> <span class='ocrx_word' id='word_1_385' title='bbox 1749 1431 1805 1458; x_wconf 87' lang='grc' dir='ltr'>ἀλλ’</span> <span class='ocrx_word' id='word_1_386' title='bbox 1821 1432 1902 1459; x_wconf 76' lang='grc' dir='ltr'><strong>ἐθαυ-</strong></span> 
     </span>
    </p>
   </div>
   <div class='ocr_carea' id='block_1_55' title="bbox 1117 1472 1903 1512">
    <p class='ocr_par' dir='ltr' id='par_1_55' title="bbox 1117 1472 1903 1512">
     <span class='ocr_line' id='line_1_55' title="bbox 1117 1472 1903 1512; baseline 0.006 -13"><span class='ocrx_word' id='word_1_387' title='bbox 1117 1472 1207 1508; x_wconf 77' lang='grc' dir='ltr'>μάσθη</span> <span class='ocrx_word' id='word_1_388' title='bbox 1222 1473 1312 1505; x_wconf 86' lang='grc' dir='ltr'>πλέον,</span> <span class='ocrx_word' id='word_1_389' title='bbox 1324 1474 1365 1500; x_wconf 78' lang='grc' dir='ltr'><strong>ὅτι</strong></span> <span class='ocrx_word' id='word_1_390' title='bbox 1377 1474 1494 1509; x_wconf 79' lang='grc' dir='ltr'>Μαριὰμ</span> <span class='ocrx_word' id='word_1_391' title='bbox 1505 1474 1553 1510; x_wconf 83' lang='grc' dir='ltr'>τὴν</span> <span class='ocrx_word' id='word_1_392' title='bbox 1567 1475 1684 1511; x_wconf 82' lang='grc' dir='ltr'>ἀδελφὴν</span> <span class='ocrx_word' id='word_1_393' title='bbox 1698 1477 1742 1503; x_wconf 84' lang='grc' dir='ltr'>διὰ</span> <span class='ocrx_word' id='word_1_394' title='bbox 1759 1477 1788 1503; x_wconf 73' lang='grc' dir='ltr'>τὸ</span> <span class='ocrx_word' id='word_1_395' title='bbox 1801 1478 1903 1512; x_wconf 75' lang='grc' dir='ltr'>γογγύ-</span> 
     </span>
    </p>
   </div>
   <div class='ocr_carea' id='block_1_56' title="bbox 1115 1519 1902 1559">
    <p class='ocr_par' dir='ltr' id='par_1_56' title="bbox 1115 1519 1902 1559">
     <span class='ocr_line' id='line_1_56' title="bbox 1115 1519 1902 1559; baseline 0.006 -14"><span class='ocrx_word' id='word_1_396' title='bbox 1115 1528 1159 1546; x_wconf 88' lang='grc' dir='ltr'><strong>σαι</strong></span> <span class='ocrx_word' id='word_1_397' title='bbox 1177 1519 1380 1555; x_wconf 79' lang='grc' dir='ltr'>λεπρωθεῖσαν,</span> <span class='ocrx_word' id='word_1_398' title='bbox 1396 1520 1441 1546; x_wconf 79' lang='grc' dir='ltr'><strong>διὰ</strong></span> <span class='ocrx_word' id='word_1_399' title='bbox 1463 1520 1512 1556; x_wconf 82' lang='grc' dir='ltr'><strong>τῆς</strong></span> <span class='ocrx_word' id='word_1_400' title='bbox 1537 1521 1620 1556; x_wconf 77' lang='grc' dir='ltr'>εὐχῆς</span> <span class='ocrx_word' id='word_1_401' title='bbox 1640 1522 1696 1557; x_wconf 80' lang='grc'>(55)</span> <span class='ocrx_word' id='word_1_402' title='bbox 1725 1522 1902 1559; x_wconf 73' lang='grc' dir='ltr'>ἐθεράπευσε.</span> 
     </span>
    </p>
   </div>
   <div class='ocr_carea' id='block_1_57' title="bbox 271 1562 1063 1602">
    <p class='ocr_par' dir='ltr' id='par_1_57' title="bbox 271 1566 1062 1601">
     <span class='ocr_line' id='line_1_57' title="bbox 271 1566 1062 1601; baseline -0.001 -7"><span class='ocrx_word' id='word_1_403' title='bbox 271 1566 396 1594; x_wconf 73' lang='lat' dir='ltr'><strong>ciderit“</strong></span> <span class='ocrx_word' id='word_1_404' title='bbox 412 1575 419 1592; x_wconf 72' lang='grc' dir='ltr'>ε</span> <span class='ocrx_word' id='word_1_405' title='bbox 442 1575 537 1594; x_wconf 83' lang='lat' dir='ltr'><strong>verum</strong></span> <span class='ocrx_word' id='word_1_406' title='bbox 556 1566 687 1601; x_wconf 86' lang='lat' dir='ltr'><strong>majorem</strong></span> <span class='ocrx_word' id='word_1_407' title='bbox 713 1566 777 1593; x_wconf 88' lang='lat' dir='ltr'><strong>hinc</strong></span> <span class='ocrx_word' id='word_1_408' title='bbox 794 1567 836 1593; x_wconf 92' lang='lat' dir='ltr'><strong>sui</strong></span> <span class='ocrx_word' id='word_1_409' title='bbox 854 1566 1062 1594; x_wconf 84' lang='lat' dir='ltr'><strong>admirationem</strong></span> 
     </span>
    </p>
   </div>
   <div class='ocr_carea' id='block_1_58' title="bbox 1123 1562 1905 1602">
    <p class='ocr_par' dir='ltr' id='par_1_58' title="bbox 1123 1567 1905 1602">
     <span class='ocr_line' id='line_1_58' title="bbox 1123 1567 1905 1602; baseline 0.005 -9"><span class='ocrx_word' id='word_1_410' title='bbox 1123 1567 1214 1594; x_wconf 74' lang='grc' dir='ltr'>Σκόπει</span> <span class='ocrx_word' id='word_1_411' title='bbox 1236 1568 1282 1594; x_wconf 74' lang='grc' dir='ltr'><strong>καὶ</strong></span> <span class='ocrx_word' id='word_1_412' title='bbox 1304 1567 1337 1594; x_wconf 72' lang='grc' dir='ltr'>τὰ</span> <span class='ocrx_word' id='word_1_413' title='bbox 1356 1567 1429 1602; x_wconf 81' lang='grc' dir='ltr'><strong>ἑξῆς.</strong></span> <span class='ocrx_word' id='word_1_414' title='bbox 1452 1568 1638 1595; x_wconf 77' lang='grc' dir='ltr'>’Δπειλοῦνται</span> <span class='ocrx_word' id='word_1_415' title='bbox 1661 1569 1798 1596; x_wconf 74' lang='grc' dir='ltr'>Νινευῖῖαι</span> <span class='ocrx_word' id='word_1_416' title='bbox 1820 1579 1905 1597; x_wconf 83' lang='grc' dir='ltr'>κατα-</span> 
     </span>
    </p>
   </div>
   <div class='ocr_carea' id='block_1_59' title="bbox 272 1612 1062 1647">
    <p class='ocr_par' dir='ltr' id='par_1_59' title="bbox 272 1612 1062 1647">
     <span class='ocr_line' id='line_1_59' title="bbox 272 1612 1062 1647; baseline 0.001 -8"><span class='ocrx_word' id='word_1_417' title='bbox 272 1612 430 1645; x_wconf 84' lang='lat' dir='ltr'><strong>concitavit,</strong></span> <span class='ocrx_word' id='word_1_418' title='bbox 447 1612 520 1647; x_wconf 89' lang='lat' dir='ltr'><strong>quod</strong></span> <span class='ocrx_word' id='word_1_419' title='bbox 537 1612 649 1639; x_wconf 83' lang='lat' dir='ltr'><strong>Mariam</strong></span> <span class='ocrx_word' id='word_1_420' title='bbox 670 1620 794 1640; x_wconf 88' lang='lat' dir='ltr'><strong>sororem</strong></span> <span class='ocrx_word' id='word_1_421' title='bbox 817 1613 903 1647; x_wconf 81' lang='lat' dir='ltr'><strong>lepra,</strong></span> <span class='ocrx_word' id='word_1_422' title='bbox 919 1616 1062 1647; x_wconf 86' lang='lat' dir='ltr'><strong>propterea</strong></span> 
     </span>
    </p>
   </div>
   <div class='ocr_carea' id='block_1_60' title="bbox 273 1658 1062 1695">
    <p class='ocr_par' dir='ltr' id='par_1_60' title="bbox 273 1658 1062 1695">
     <span class='ocr_line' id='line_1_60' title="bbox 273 1658 1062 1695; baseline -0.001 -9"><span class='ocrx_word' id='word_1_423' title='bbox 273 1658 346 1695; x_wconf 88' lang='lat' dir='ltr'><strong>quod</strong></span> <span class='ocrx_word' id='word_1_424' title='bbox 366 1663 596 1692; x_wconf 85' lang='lat' dir='ltr'><strong>murmuraverat,</strong></span> <span class='ocrx_word' id='word_1_425' title='bbox 613 1659 799 1691; x_wconf 81' lang='lat' dir='ltr'><strong>laborantem,</strong></span> <span class='ocrx_word' id='word_1_426' title='bbox 813 1659 943 1694; x_wconf 83' lang='lat' dir='ltr'><strong>precibus</strong></span> <span class='ocrx_word' id='word_1_427' title='bbox 960 1659 1018 1686; x_wconf 91' lang='lat' dir='ltr'><strong>suis</strong></span> <span class='ocrx_word' id='word_1_428' title='bbox 1036 1659 1062 1685; x_wconf 92' lang='lat' dir='ltr'><strong>in</strong></span> 
     </span>
    </p>
   </div>
   <div class='ocr_carea' id='block_1_61' title="bbox 273 1702 1065 1739">
    <p class='ocr_par' dir='ltr' id='par_1_61' title="bbox 273 1702 1065 1739">
     <span class='ocr_line' id='line_1_61' title="bbox 273 1702 1065 1739; baseline -0.003 -5"><span class='ocrx_word' id='word_1_429' title='bbox 273 1707 418 1735; x_wconf 84' lang='lat' dir='ltr'><strong>sanitatem</strong></span> <span class='ocrx_word' id='word_1_430' title='bbox 434 1704 592 1732; x_wconf 86' lang='lat' dir='ltr'><strong>vindicavit.</strong></span> <span class='ocrx_word' id='word_1_431' title='bbox 621 1702 690 1736; x_wconf 86' lang='lat' dir='ltr'><strong>Quin</strong></span> <span class='ocrx_word' id='word_1_432' title='bbox 718 1710 749 1731; x_wconf 86' lang='lat' dir='ltr'><strong>ca</strong></span> <span class='ocrx_word' id='word_1_433' title='bbox 777 1705 860 1732; x_wconf 88' lang='lat' dir='ltr'><strong>etiam</strong></span> <span class='ocrx_word' id='word_1_434' title='bbox 872 1713 933 1739; x_wconf 58' lang='lat' dir='ltr'><strong>qua:</strong></span> <span class='ocrx_word' id='word_1_435' title='bbox 944 1713 1065 1739; x_wconf 86' lang='lat' dir='ltr'><strong>sequun-</strong></span> 
     </span>
    </p>
   </div>
   <div class='ocr_carea' id='block_1_62' title="bbox 1118 1612 1906 1651">
    <p class='ocr_par' dir='ltr' id='par_1_62' title="bbox 1118 1612 1906 1651">
     <span class='ocr_line' id='line_1_62' title="bbox 1118 1612 1906 1651; baseline 0.004 -13"><span class='ocrx_word' id='word_1_436' title='bbox 1118 1613 1252 1648; x_wconf 77' lang='grc' dir='ltr'>στροφὴν,</span> <span class='ocrx_word' id='word_1_437' title='bbox 1284 1612 1352 1639; x_wconf 82' lang='grc' dir='ltr'>ἀλλὰ</span> <span class='ocrx_word' id='word_1_438' title='bbox 1376 1612 1508 1648; x_wconf 83' lang='grc' dir='ltr'>δάκρυσιν</span> <span class='ocrx_word' id='word_1_439' title='bbox 1543 1613 1704 1646; x_wconf 77' lang='grc' dir='ltr'>ἐξωνοῦνται</span> <span class='ocrx_word' id='word_1_440' title='bbox 1731 1615 1779 1651; x_wconf 82' lang='grc' dir='ltr'>τὴν</span> <span class='ocrx_word' id='word_1_441' title='bbox 1813 1615 1906 1651; x_wconf 82' lang='grc' dir='ltr'>ἀμαρ-</span> 
     </span>
    </p>
   </div>
   <div class='ocr_carea' id='block_1_63' title="bbox 1116 1657 1904 1695">
    <p class='ocr_par' dir='ltr' id='par_1_63' title="bbox 1116 1657 1904 1695">
     <span class='ocr_line' id='line_1_63' title="bbox 1116 1657 1904 1695; baseline 0.004 -11"><span class='ocrx_word' id='word_1_442' title='bbox 1116 1657 1176 1684; x_wconf 88' lang='grc' dir='ltr'>τίαν</span> <span class='ocrx_word' id='word_1_443' title='bbox 1190 1658 1255 1692; x_wconf 73' lang='grc'>(54).</span> <span class='ocrx_word' id='word_1_444' title='bbox 1275 1658 1423 1693; x_wconf 79' lang='grc' dir='ltr'>Μανασσῆς</span> <span class='ocrx_word' id='word_1_445' title='bbox 1442 1658 1470 1684; x_wconf 81' lang='grc' dir='ltr'>ὲν</span> <span class='ocrx_word' id='word_1_446' title='bbox 1493 1658 1632 1693; x_wconf 69' lang='grc' dir='ltr'>βασιλεῦσι</span> <span class='ocrx_word' id='word_1_447' title='bbox 1658 1659 1904 1695; x_wconf 80' lang='grc' dir='ltr'>παρανομώτατος,</span> 
     </span>
    </p>
   </div>
   <div class='ocr_carea' id='block_1_64' title="bbox 1118 1704 1850 1741">
    <p class='ocr_par' dir='ltr' id='par_1_64' title="bbox 1118 1704 1850 1741">
     <span class='ocr_line' id='line_1_64' title="bbox 1118 1704 1850 1741; baseline 0.003 -10"><span class='ocrx_word' id='word_1_448' title='bbox 1118 1704 1174 1732; x_wconf 84' lang='grc' dir='ltr'>ἀλλ’</span> <span class='ocrx_word' id='word_1_449' title='bbox 1191 1706 1220 1731; x_wconf 88' lang='grc' dir='ltr'>ὲν</span> <span class='ocrx_word' id='word_1_450' title='bbox 1231 1705 1286 1736; x_wconf 84' lang='grc' dir='ltr'>τοῖς</span> <span class='ocrx_word' id='word_1_451' title='bbox 1305 1705 1413 1731; x_wconf 79' lang='grc' dir='ltr'>σωθεῖσι</span> <span class='ocrx_word' id='word_1_452' title='bbox 1430 1704 1474 1731; x_wconf 72' lang='grc' dir='ltr'>διὰ</span> <span class='ocrx_word' id='word_1_453' title='bbox 1491 1705 1589 1741; x_wconf 82' lang='grc' dir='ltr'>θρῆνον</span> <span class='ocrx_word' id='word_1_454' title='bbox 1606 1705 1850 1740; x_wconf 78' lang='grc' dir='ltr'>περιφανέστατος.</span> 
     </span>
    </p>
   </div>
   <div class='ocr_carea' id='block_1_65' title="bbox 272 1751 1908 1787">
    <p class='ocr_par' dir='ltr' id='par_1_65' title="bbox 272 1751 1908 1787">
     <span class='ocr_line' id='line_1_65' title="bbox 272 1751 1908 1787; baseline 0.001 -6"><span class='ocrx_word' id='word_1_455' title='bbox 272 1759 319 1782; x_wconf 91' lang='lat' dir='ltr'><strong>tur</strong></span> <span class='ocrx_word' id='word_1_456' title='bbox 338 1753 533 1780; x_wconf 85' lang='lat' dir='ltr'><strong>animadverte.</strong></span> <span class='ocrx_word' id='word_1_457' title='bbox 559 1751 686 1780; x_wconf 89' lang='lat' dir='ltr'><strong>Ninivitis</strong></span> <span class='ocrx_word' id='word_1_458' title='bbox 703 1753 838 1780; x_wconf 77' lang='lat' dir='ltr'><strong>excidium</strong></span> <span class='ocrx_word' id='word_1_459' title='bbox 861 1752 1060 1780; x_wconf 83' lang='lat' dir='ltr'><strong>denuntiatur:</strong></span> <span class='ocrx_word' id='word_1_460' title='bbox 1080 1752 1128 1779; x_wconf 89' lang='lat' dir='ltr'><strong>sed</strong></span> <span class='ocrx_word' id='word_1_461' title='bbox 1139 1757 1279 1787; x_wconf 86' lang='lat' dir='ltr'><strong>peccatum</strong></span> <span class='ocrx_word' id='word_1_462' title='bbox 1297 1752 1425 1787; x_wconf 83' lang='lat' dir='ltr'><strong>lacrymis</strong></span> <span class='ocrx_word' id='word_1_463' title='bbox 1443 1752 1618 1780; x_wconf 88' lang='lat' dir='ltr'><strong>redemerunt</strong></span> <span class='ocrx_word' id='word_1_464' title='bbox 1631 1753 1664 1778; x_wconf 82' lang='lat'><strong>&quot;.</strong></span> <span class='ocrx_word' id='word_1_465' title='bbox 1680 1751 1816 1781; x_wconf 84' lang='lat' dir='ltr'><strong>Manasses</strong></span> <span class='ocrx_word' id='word_1_466' title='bbox 1833 1754 1908 1782; x_wconf 69' lang='lat' dir='ltr'><strong>inter</strong></span> 
     </span>
    </p>
   </div>
   <div class='ocr_carea' id='block_1_66' title="bbox 273 1798 1716 1835">
    <p class='ocr_par' dir='ltr' id='par_1_66' title="bbox 273 1798 1716 1835">
     <span class='ocr_line' id='line_1_66' title="bbox 273 1798 1716 1835; baseline -0.001 -8"><span class='ocrx_word' id='word_1_467' title='bbox 273 1808 352 1835; x_wconf 76' lang='lat' dir='ltr'><strong>reges</strong></span> <span class='ocrx_word' id='word_1_468' title='bbox 378 1799 607 1827; x_wconf 82' lang='lat' dir='ltr'><strong>sceleratissimus</strong></span> <span class='ocrx_word' id='word_1_469' title='bbox 631 1808 638 1825; x_wconf 85' lang='lat'><strong>:</strong></span> <span class='ocrx_word' id='word_1_470' title='bbox 661 1802 688 1825; x_wconf 90' lang='lat' dir='ltr'><strong>at</strong></span> <span class='ocrx_word' id='word_1_471' title='bbox 705 1799 774 1826; x_wconf 86' lang='lat' dir='ltr'><strong>inter</strong></span> <span class='ocrx_word' id='word_1_472' title='bbox 796 1805 862 1830; x_wconf 84' lang='lat' dir='ltr'><strong>eos,</strong></span> <span class='ocrx_word' id='word_1_473' title='bbox 888 1798 935 1834; x_wconf 93' lang='lat' dir='ltr'><strong>qui</strong></span> <span class='ocrx_word' id='word_1_474' title='bbox 953 1799 1068 1825; x_wconf 90' lang='lat' dir='ltr'><strong>salutem</strong></span> <span class='ocrx_word' id='word_1_475' title='bbox 1088 1798 1228 1826; x_wconf 84' lang='lat' dir='ltr'><strong>consecuti</strong></span> <span class='ocrx_word' id='word_1_476' title='bbox 1244 1802 1319 1829; x_wconf 88' lang='lat' dir='ltr'><strong>sunt,</strong></span> <span class='ocrx_word' id='word_1_477' title='bbox 1333 1798 1367 1825; x_wconf 95' lang='lat' dir='ltr'><strong>ob</strong></span> <span class='ocrx_word' id='word_1_478' title='bbox 1384 1798 1488 1826; x_wconf 90' lang='lat' dir='ltr'><strong>luctum</strong></span> <span class='ocrx_word' id='word_1_479' title='bbox 1504 1799 1716 1826; x_wconf 76' lang='lat' dir='ltr'><strong>clarissimus”.</strong></span> 
     </span>
    </p>
   </div>
   <div class='ocr_carea' id='block_1_67' title="bbox 310 1843 1065 1879">
    <p class='ocr_par' dir='ltr' id='par_1_67' title="bbox 310 1843 1065 1879">
     <span class='ocr_line' id='line_1_67' title="bbox 310 1843 1065 1879; baseline -0.004 -7"><span class='ocrx_word' id='word_1_480' title='bbox 310 1844 380 1879; x_wconf 82' lang='lat' dir='ltr'><strong>Quid</strong></span> <span class='ocrx_word' id='word_1_481' title='bbox 395 1844 441 1871; x_wconf 84' lang='lat' dir='ltr'><strong>tibi</strong></span> <span class='ocrx_word' id='word_1_482' title='bbox 454 1844 564 1879; x_wconf 72' lang='lat' dir='ltr'><strong>faciam,</strong></span> <span class='ocrx_word' id='word_1_483' title='bbox 578 1843 746 1878; x_wconf 72' lang='lat' dir='ltr'><strong>Ephraim”,</strong></span> <span class='ocrx_word' id='word_1_484' title='bbox 762 1844 850 1878; x_wconf 88' lang='lat' dir='ltr'><strong>inquit</strong></span> <span class='ocrx_word' id='word_1_485' title='bbox 864 1843 954 1871; x_wconf 87' lang='lat' dir='ltr'><strong>Deus?</strong></span> <span class='ocrx_word' id='word_1_486' title='bbox 975 1843 1065 1876; x_wconf 84' lang='lat' dir='ltr'><strong>Quan-</strong></span> 
     </span>
    </p>
   </div>
   <div class='ocr_carea' id='block_1_68' title="bbox 274 1889 1066 1925">
    <p class='ocr_par' dir='ltr' id='par_1_68' title="bbox 274 1889 1066 1925">
     <span class='ocr_line' id='line_1_68' title="bbox 274 1889 1066 1925; baseline -0.004 -7"><span class='ocrx_word' id='word_1_487' title='bbox 274 1895 330 1918; x_wconf 87' lang='lat' dir='ltr'><strong>tam</strong></span> <span class='ocrx_word' id='word_1_488' title='bbox 352 1889 524 1917; x_wconf 87' lang='lat' dir='ltr'><strong>iracundiam</strong></span> <span class='ocrx_word' id='word_1_489' title='bbox 543 1898 598 1925; x_wconf 67' lang='grc' dir='ltr'>ιιι-ιιι</span> <span class='ocrx_word' id='word_1_490' title='bbox 613 1898 642 1918; x_wconf 90' lang='lat' dir='ltr'><strong>se</strong></span> <span class='ocrx_word' id='word_1_491' title='bbox 658 1890 710 1917; x_wconf 89' lang='lat' dir='ltr'><strong>fert</strong></span> <span class='ocrx_word' id='word_1_492' title='bbox 733 1890 777 1916; x_wconf 87' lang='lat' dir='ltr'><strong>hic</strong></span> <span class='ocrx_word' id='word_1_493' title='bbox 795 1890 905 1917; x_wconf 75' lang='lat' dir='ltr'><strong>sermo!</strong></span> <span class='ocrx_word' id='word_1_494' title='bbox 922 1894 948 1916; x_wconf 90' lang='lat' dir='ltr'><strong>et</strong></span> <span class='ocrx_word' id='word_1_495' title='bbox 975 1894 1066 1915; x_wconf 86' lang='lat' dir='ltr'><strong>tamen</strong></span> 
     </span>
    </p>
   </div>
   <div class='ocr_carea' id='block_1_69' title="bbox 275 1935 1067 1972">
    <p class='ocr_par' dir='ltr' id='par_1_69' title="bbox 275 1935 1067 1972">
     <span class='ocr_line' id='line_1_69' title="bbox 275 1935 1067 1972; baseline -0.005 -7"><span class='ocrx_word' id='word_1_496' title='bbox 275 1937 419 1965; x_wconf 87' lang='lat' dir='ltr'><strong>confestim</strong></span> <span class='ocrx_word' id='word_1_497' title='bbox 438 1937 619 1972; x_wconf 80' lang='lat' dir='ltr'><strong>propugnatio</strong></span> <span class='ocrx_word' id='word_1_498' title='bbox 639 1936 825 1971; x_wconf 74' lang='lat' dir='ltr'><strong>subjungitur.</strong></span> <span class='ocrx_word' id='word_1_499' title='bbox 855 1935 924 1968; x_wconf 85' lang='lat' dir='ltr'><strong>Quid</strong></span> <span class='ocrx_word' id='word_1_500' title='bbox 942 1935 1067 1969; x_wconf 79' lang='lat' dir='ltr'><strong>benigni-</strong></span> 
     </span>
    </p>
   </div>
   <div class='ocr_carea' id='block_1_70' title="bbox 276 1981 1068 2017">
    <p class='ocr_par' dir='ltr' id='par_1_70' title="bbox 276 1981 1068 2017">
     <span class='ocr_line' id='line_1_70' title="bbox 276 1981 1068 2017; baseline -0.004 -6"><span class='ocrx_word' id='word_1_501' title='bbox 276 1989 331 2011; x_wconf 84' lang='lat' dir='ltr'><strong>tate</strong></span> <span class='ocrx_word' id='word_1_502' title='bbox 351 1983 491 2010; x_wconf 84' lang='lat' dir='ltr'><strong>celerius?</strong></span> <span class='ocrx_word' id='word_1_503' title='bbox 520 1982 717 2009; x_wconf 87' lang='lat' dir='ltr'><strong>Sodomiticum</strong></span> <span class='ocrx_word' id='word_1_504' title='bbox 739 1983 848 2017; x_wconf 75' lang='lat' dir='ltr'><strong>ignem,</strong></span> <span class='ocrx_word' id='word_1_505' title='bbox 866 1981 998 2008; x_wconf 83' lang='lat' dir='ltr'><strong>adversus</strong></span> <span class='ocrx_word' id='word_1_506' title='bbox 1021 1989 1068 2008; x_wconf 88' lang='lat' dir='ltr'><strong>eos</strong></span> 
     </span>
    </p>
   </div>
   <div class='ocr_carea' id='block_1_71' title="bbox 275 2027 1064 2065">
    <p class='ocr_par' dir='ltr' id='par_1_71' title="bbox 275 2027 1064 2065">
     <span class='ocr_line' id='line_1_71' title="bbox 275 2027 1064 2065; baseline -0.006 -7"><span class='ocrx_word' id='word_1_507' title='bbox 275 2030 322 2065; x_wconf 87' lang='lat' dir='ltr'><strong>qui</strong></span> <span class='ocrx_word' id='word_1_508' title='bbox 344 2029 437 2058; x_wconf 85' lang='lat' dir='ltr'><strong>Jesum</strong></span> <span class='ocrx_word' id='word_1_509' title='bbox 460 2029 583 2064; x_wconf 79' lang='lat' dir='ltr'><strong>abigunt,</strong></span> <span class='ocrx_word' id='word_1_510' title='bbox 607 2028 735 2063; x_wconf 89' lang='lat' dir='ltr'><strong>discipuli</strong></span> <span class='ocrx_word' id='word_1_511' title='bbox 759 2028 949 2063; x_wconf 83' lang='lat' dir='ltr'><strong>postulant&quot;;</strong></span> <span class='ocrx_word' id='word_1_512' title='bbox 977 2032 1003 2054; x_wconf 87' lang='lat' dir='ltr'><strong>at</strong></span> <span class='ocrx_word' id='word_1_513' title='bbox 1019 2027 1064 2054; x_wconf 91' lang='lat' dir='ltr'><strong>ille</strong></span> 
     </span>
    </p>
   </div>
   <div class='ocr_carea' id='block_1_72' title="bbox 276 2073 1065 2108">
    <p class='ocr_par' dir='ltr' id='par_1_72' title="bbox 276 2073 1065 2108">
     <span class='ocr_line' id='line_1_72' title="bbox 276 2073 1065 2108; baseline -0.004 -5"><span class='ocrx_word' id='word_1_514' title='bbox 276 2076 407 2103; x_wconf 87' lang='lat' dir='ltr'><strong>ultionem</strong></span> <span class='ocrx_word' id='word_1_515' title='bbox 432 2079 553 2103; x_wconf 88' lang='lat' dir='ltr'><strong>recusat.</strong></span> <span class='ocrx_word' id='word_1_516' title='bbox 576 2074 692 2107; x_wconf 83' lang='lat' dir='ltr'><strong>Malohi,</strong></span> <span class='ocrx_word' id='word_1_517' title='bbox 718 2073 800 2100; x_wconf 90' lang='lat' dir='ltr'><strong>unius</strong></span> <span class='ocrx_word' id='word_1_518' title='bbox 823 2081 857 2100; x_wconf 81' lang='lat' dir='ltr'><strong>ex</strong></span> <span class='ocrx_word' id='word_1_519' title='bbox 878 2073 1065 2108; x_wconf 79' lang='lat' dir='ltr'><strong>petulantibus</strong></span> 
     </span>
    </p>
   </div>
   <div class='ocr_carea' id='block_1_73' title="bbox 277 2119 1066 2154">
    <p class='ocr_par' dir='ltr' id='par_1_73' title="bbox 277 2119 1066 2154">
     <span class='ocr_line' id='line_1_73' title="bbox 277 2119 1066 2154; baseline -0.004 -5"><span class='ocrx_word' id='word_1_520' title='bbox 277 2122 331 2149; x_wconf 88' lang='lat' dir='ltr'><strong>illis</strong></span> <span class='ocrx_word' id='word_1_521' title='bbox 352 2126 380 2149; x_wconf 88' lang='lat' dir='ltr'><strong>et</strong></span> <span class='ocrx_word' id='word_1_522' title='bbox 394 2121 599 2149; x_wconf 80' lang='lat' dir='ltr'><strong>contumeliosis</strong></span> <span class='ocrx_word' id='word_1_523' title='bbox 612 2141 619 2153; x_wconf 95' lang='lat'><strong>,</strong></span> <span class='ocrx_word' id='word_1_524' title='bbox 636 2128 730 2147; x_wconf 87' lang='lat' dir='ltr'><strong>aurem</strong></span> <span class='ocrx_word' id='word_1_525' title='bbox 743 2119 841 2147; x_wconf 83' lang='lat' dir='ltr'><strong>Petrus</strong></span> <span class='ocrx_word' id='word_1_526' title='bbox 865 2124 1005 2154; x_wconf 86' lang='lat' dir='ltr'><strong>amputat;</strong></span> <span class='ocrx_word' id='word_1_527' title='bbox 1021 2119 1066 2147; x_wconf 85' lang='lat' dir='ltr'><strong>Je-</strong></span> 
     </span>
    </p>
   </div>
   <div class='ocr_carea' id='block_1_74' title="bbox 277 2164 1066 2200">
    <p class='ocr_par' dir='ltr' id='par_1_74' title="bbox 277 2164 1066 2200">
     <span class='ocr_line' id='line_1_74' title="bbox 277 2164 1066 2200; baseline -0.004 -5"><span class='ocrx_word' id='word_1_528' title='bbox 277 2175 325 2195; x_wconf 84' lang='lat' dir='ltr'><strong>sus</strong></span> <span class='ocrx_word' id='word_1_529' title='bbox 339 2171 429 2194; x_wconf 89' lang='lat' dir='ltr'><strong>autem</strong></span> <span class='ocrx_word' id='word_1_530' title='bbox 445 2166 563 2195; x_wconf 72' lang='lat' dir='ltr'><strong>restituit</strong></span> <span class='ocrx_word' id='word_1_531' title='bbox 573 2165 604 2192; x_wconf 80' lang='grc'><strong>³³.</strong></span> <span class='ocrx_word' id='word_1_532' title='bbox 622 2165 692 2198; x_wconf 88' lang='lat' dir='ltr'><strong>Quid</strong></span> <span class='ocrx_word' id='word_1_533' title='bbox 705 2169 794 2192; x_wconf 90' lang='lat' dir='ltr'><strong>autem</strong></span> <span class='ocrx_word' id='word_1_534' title='bbox 811 2165 866 2197; x_wconf 89' lang='lat' dir='ltr'><strong>ille,</strong></span> <span class='ocrx_word' id='word_1_535' title='bbox 882 2164 938 2200; x_wconf 87' lang='lat' dir='ltr'><strong>qui.</strong></span> <span class='ocrx_word' id='word_1_536' title='bbox 951 2165 1066 2199; x_wconf 87' lang='lat' dir='ltr'><strong>septies-</strong></span> 
     </span>
    </p>
   </div>
   <div class='ocr_carea' id='block_1_75' title="bbox 278 2210 1068 2247">
    <p class='ocr_par' dir='ltr' id='par_1_75' title="bbox 278 2210 1068 2247">
     <span class='ocr_line' id='line_1_75' title="bbox 278 2210 1068 2247; baseline -0.003 -8"><span class='ocrx_word' id='word_1_537' title='bbox 278 2220 312 2240; x_wconf 90' lang='lat' dir='ltr'><strong>ne</strong></span> <span class='ocrx_word' id='word_1_538' title='bbox 343 2212 420 2239; x_wconf 87' lang='lat' dir='ltr'><strong>fratri</strong></span> <span class='ocrx_word' id='word_1_539' title='bbox 446 2212 524 2247; x_wconf 87' lang='lat' dir='ltr'><strong>lapso</strong></span> <span class='ocrx_word' id='word_1_540' title='bbox 548 2211 721 2246; x_wconf 81' lang='lat' dir='ltr'><strong>ignosceret,</strong></span> <span class='ocrx_word' id='word_1_541' title='bbox 744 2215 937 2246; x_wconf 85' lang='lat' dir='ltr'><strong>pereunctatus</strong></span> <span class='ocrx_word' id='word_1_542' title='bbox 958 2210 1068 2237; x_wconf 83' lang='lat' dir='ltr'><strong>fuerat?</strong></span> 
     </span>
    </p>
   </div>
   <div class='ocr_carea' id='block_1_76' title="bbox 313 2268 985 2304">
    <p class='ocr_par' dir='ltr' id='par_1_76' title="bbox 313 2268 985 2304">
     <span class='ocr_line' id='line_1_76' title="bbox 313 2268 985 2304; baseline -0.001 -8"><span class='ocrx_word' id='word_1_543' title='bbox 313 2270 336 2285; x_wconf 87' lang='lat'><strong><em>“</em></strong></span> <span class='ocrx_word' id='word_1_544' title='bbox 362 2269 443 2296; x_wconf 90' lang='lat' dir='ltr'><strong>Num.</strong></span> <span class='ocrx_word' id='word_1_545' title='bbox 472 2277 536 2300; x_wconf 87' lang='lat' dir='ltr'><strong>xxv,</strong></span> <span class='ocrx_word' id='word_1_546' title='bbox 555 2269 570 2295; x_wconf 90' lang='lat'><strong>7</strong></span> <span class='ocrx_word' id='word_1_547' title='bbox 586 2277 646 2304; x_wconf 85' lang='lat' dir='ltr'><strong>sqq.</strong></span> <span class='ocrx_word' id='word_1_548' title='bbox 686 2270 708 2284; x_wconf 79' lang='lat'>&quot;</span> <span class='ocrx_word' id='word_1_549' title='bbox 728 2268 802 2296; x_wconf 84' lang='lat' dir='ltr'><strong>Psal.</strong></span> <span class='ocrx_word' id='word_1_550' title='bbox 822 2277 866 2300; x_wconf 78' lang='lat' dir='ltr'><strong>ev.</strong></span> <span class='ocrx_word' id='word_1_551' title='bbox 893 2269 985 2297; x_wconf 74' lang='lat'><strong>50—51.</strong></span> 
     </span>
    </p>
   </div>
   <div class='ocr_carea' id='block_1_77' title="bbox 279 2396 345 2424">
    <p class='ocr_par' dir='ltr' id='par_1_77' title="bbox 279 2396 345 2424">
     <span class='ocr_line' id='line_1_77' title="bbox 279 2396 345 2424; baseline -0.015 0"><span class='ocrx_word' id='word_1_552' title='bbox 279 2396 345 2424; x_wconf 86' lang='lat' dir='ltr'><strong>edit.</strong></span> 
     </span>
    </p>
   </div>
   <div class='ocr_carea' id='block_1_78' title="bbox 317 2429 1066 2492">
    <p class='ocr_par' dir='ltr' id='par_1_78' title="bbox 317 2429 1066 2492">
     <span class='ocr_line' id='line_1_78' title="bbox 317 2429 1066 2492; baseline 0.003 -36"><span class='ocrx_word' id='word_1_553' title='bbox 317 2430 372 2492; x_wconf 60' lang='grc'>(27)</span> <span class='ocrx_word' id='word_1_554' title='bbox 390 2430 444 2458; x_wconf 83' lang='grc' dir='ltr'><strong>Καὶ</strong></span> <span class='ocrx_word' id='word_1_555' title='bbox 471 2431 525 2471; x_wconf 57' lang='grc' dir='ltr'><strong>γὰρ</strong></span> <span class='ocrx_word' id='word_1_556' title='bbox 539 2431 586 2457; x_wconf 78' lang='grc' dir='ltr'>καὶ</span> <span class='ocrx_word' id='word_1_557' title='bbox 603 2430 701 2457; x_wconf 81' lang='grc' dir='ltr'>τοῦτο.</span> <span class='ocrx_word' id='word_1_558' title='bbox 716 2430 755 2470; x_wconf 66' lang='lat' dir='ltr'><strong>[ta</strong></span> <span class='ocrx_word' id='word_1_559' title='bbox 774 2430 835 2458; x_wconf 90' lang='lat' dir='ltr'><strong>cod.</strong></span> <span class='ocrx_word' id='word_1_560' title='bbox 854 2429 932 2466; x_wconf 80' lang='lat' dir='ltr'><strong>Reg.,</strong></span> <span class='ocrx_word' id='word_1_561' title='bbox 951 2430 1066 2458; x_wconf 83' lang='lat' dir='ltr'><strong>Montac.</strong></span> 
     </span>
     <span class='ocr_line' id='line_1_79' title="bbox 331 2465 772 2492; baseline -0.002 0"><span class='ocrx_word' id='word_1_562' title='bbox 331 2465 411 2492; x_wconf 82' lang='lat' dir='ltr'><strong>lorel.</strong></span> <span class='ocrx_word' id='word_1_563' title='bbox 425 2465 453 2492; x_wconf 91' lang='lat' dir='ltr'><strong>In</strong></span> <span class='ocrx_word' id='word_1_564' title='bbox 470 2466 535 2492; x_wconf 80' lang='lat' dir='ltr'><strong>edit.</strong></span> <span class='ocrx_word' id='word_1_565' title='bbox 554 2466 600 2492; x_wconf 72' lang='grc' dir='ltr'>καὶ</span> <span class='ocrx_word' id='word_1_566' title='bbox 614 2465 668 2492; x_wconf 74' lang='grc' dir='ltr'><strong>γὰο</strong></span> <span class='ocrx_word' id='word_1_567' title='bbox 684 2474 772 2492; x_wconf 86' lang='grc' dir='ltr'>τουτο.</span> 
     </span>
    </p>
   </div>
   <div class='ocr_carea' id='block_1_79' title="bbox 281 2465 772 2501">
    <p class='ocr_par' dir='ltr' id='par_1_79' title="bbox 281 2465 772 2501">
     <span class='ocr_line' id='line_1_80' title="bbox 281 2465 772 2501; baseline -0.002 -9"><span class='ocrx_word' id='word_1_568' title='bbox 281 2471 304 2492; x_wconf 85' lang='lat' dir='ltr'><strong>et</strong></span> <span class='ocrx_word' id='word_1_569' title='bbox 317 2465 411 2493; x_wconf 86' lang='lat' dir='ltr'><strong>Morel.</strong></span> <span class='ocrx_word' id='word_1_570' title='bbox 425 2465 453 2492; x_wconf 91' lang='lat' dir='ltr'><strong>In</strong></span> <span class='ocrx_word' id='word_1_571' title='bbox 470 2466 535 2501; x_wconf 83' lang='lat' dir='ltr'><strong>edit.</strong></span> <span class='ocrx_word' id='word_1_572' title='bbox 554 2466 600 2492; x_wconf 72' lang='grc' dir='ltr'>καὶ</span> <span class='ocrx_word' id='word_1_573' title='bbox 614 2465 772 2501; x_wconf 20' lang='grc' dir='ltr'>γὰρῗτοϋτο.</span> 
     </span>
    </p>
   </div>
   <div class='ocr_carea' id='block_1_80' title="bbox 317 2499 1070 2536">
    <p class='ocr_par' dir='ltr' id='par_1_80' title="bbox 317 2499 1070 2536">
     <span class='ocr_line' id='line_1_81' title="bbox 317 2499 1070 2536; baseline 0.001 -9"><span class='ocrx_word' id='word_1_574' title='bbox 317 2500 384 2536; x_wconf 69' lang='lat'>(27‘)</span> <span class='ocrx_word' id='word_1_575' title='bbox 405 2500 511 2536; x_wconf 75' lang='grc' dir='ltr'><strong>Πολλῷ</strong></span> <span class='ocrx_word' id='word_1_576' title='bbox 527 2499 738 2528; x_wconf 73' lang='grc' dir='ltr'>τούτου.ὐιιιιε</span> <span class='ocrx_word' id='word_1_577' title='bbox 751 2500 814 2528; x_wconf 88' lang='lat' dir='ltr'><strong>cod.</strong></span> <span class='ocrx_word' id='word_1_578' title='bbox 833 2499 948 2528; x_wconf 83' lang='lat' dir='ltr'><strong>Monlac.</strong></span> <span class='ocrx_word' id='word_1_579' title='bbox 965 2504 991 2528; x_wconf 89' lang='lat' dir='ltr'><strong>et</strong></span> <span class='ocrx_word' id='word_1_580' title='bbox 1012 2500 1070 2528; x_wconf 87' lang='lat' dir='ltr'><strong>Mo-</strong></span> 
     </span>
    </p>
   </div>
   <div class='ocr_carea' id='block_1_81' title="bbox 281 2535 537 2570">
    <p class='ocr_par' dir='ltr' id='par_1_81' title="bbox 281 2535 537 2570">
     <span class='ocr_line' id='line_1_82' title="bbox 281 2535 537 2570; baseline -0.008 -7"><span class='ocrx_word' id='word_1_581' title='bbox 281 2537 332 2563; x_wconf 85' lang='lat' dir='ltr'><strong>rel.</strong></span> <span class='ocrx_word' id='word_1_582' title='bbox 349 2535 437 2570; x_wconf 88' lang='grc' dir='ltr'>πολλῷ</span> <span class='ocrx_word' id='word_1_583' title='bbox 450 2536 537 2562; x_wconf 85' lang='grc' dir='ltr'>τοῦτο.</span> 
     </span>
    </p>
   </div>
   <div class='ocr_carea' id='block_1_82' title="bbox 319 2570 1069 2605">
    <p class='ocr_par' dir='ltr' id='par_1_82' title="bbox 319 2570 1069 2605">
     <span class='ocr_line' id='line_1_83' title="bbox 319 2570 1069 2605; baseline 0 -8"><span class='ocrx_word' id='word_1_584' title='bbox 319 2570 374 2605; x_wconf 80' lang='lat'>(‘28)</span> <span class='ocrx_word' id='word_1_585' title='bbox 390 2570 545 2604; x_wconf 76' lang='grc' dir='ltr'>Καρτερεῐν</span> <span class='ocrx_word' id='word_1_586' title='bbox 560 2570 743 2604; x_wconf 82' lang='grc' dir='ltr'>πάσχοντας.</span> <span class='ocrx_word' id='word_1_587' title='bbox 760 2570 799 2597; x_wconf 87' lang='lat' dir='ltr'><strong>Ita</strong></span> <span class='ocrx_word' id='word_1_588' title='bbox 819 2574 874 2597; x_wconf 88' lang='lat' dir='ltr'><strong>tres</strong></span> <span class='ocrx_word' id='word_1_589' title='bbox 896 2570 976 2597; x_wconf 89' lang='lat' dir='ltr'><strong>codd.</strong></span> <span class='ocrx_word' id='word_1_590' title='bbox 992 2570 1069 2605; x_wconf 82' lang='lat' dir='ltr'><strong>Reg.,</strong></span> 
     </span>
    </p>
   </div>
   <div class='ocr_carea' id='block_1_83' title="bbox 282 2605 1006 2639">
    <p class='ocr_par' dir='ltr' id='par_1_83' title="bbox 282 2605 1006 2639">
     <span class='ocr_line' id='line_1_84' title="bbox 282 2605 1006 2639; baseline -0.001 -7"><span class='ocrx_word' id='word_1_591' title='bbox 282 2605 411 2634; x_wconf 66' lang='lat' dir='ltr'><strong>Memno...</strong></span> <span class='ocrx_word' id='word_1_592' title='bbox 430 2606 524 2632; x_wconf 84' lang='lat' dir='ltr'><strong>Morel.</strong></span> <span class='ocrx_word' id='word_1_593' title='bbox 543 2613 574 2632; x_wconf 89' lang='lat' dir='ltr'><strong>ac</strong></span> <span class='ocrx_word' id='word_1_594' title='bbox 590 2606 713 2632; x_wconf 83' lang='lat' dir='ltr'><strong>Combef.</strong></span> <span class='ocrx_word' id='word_1_595' title='bbox 731 2605 760 2632; x_wconf 86' lang='lat' dir='ltr'><strong>In</strong></span> <span class='ocrx_word' id='word_1_596' title='bbox 777 2606 844 2632; x_wconf 89' lang='lat' dir='ltr'><strong>edit.</strong></span> <span class='ocrx_word' id='word_1_597' title='bbox 860 2606 1006 2639; x_wconf 78' lang='grc' dir='ltr'>πάσχοντα.</span> 
     </span>
    </p>
   </div>
   <div class='ocr_carea' id='block_1_84' title="bbox 314 2640 1072 2701">
    <p class='ocr_par' dir='ltr' id='par_1_84' title="bbox 314 2640 1072 2701">
     <span class='ocr_line' id='line_1_85' title="bbox 314 2640 1072 2701; baseline 0 -35"><span class='ocrx_word' id='word_1_598' title='bbox 314 2641 443 2701; x_wconf 51' lang='lat' dir='ltr'><strong>~(296)1(ut</strong></span> <span class='ocrx_word' id='word_1_599' title='bbox 463 2641 649 2674; x_wconf 78' lang='grc' dir='ltr'>τελεώτερον.</span> <span class='ocrx_word' id='word_1_600' title='bbox 668 2640 736 2667; x_wconf 80' lang='lat' dir='ltr'><strong>Cod.</strong></span> <span class='ocrx_word' id='word_1_601' title='bbox 754 2641 818 2676; x_wconf 80' lang='lat' dir='ltr'><strong>Reg.</strong></span> <span class='ocrx_word' id='word_1_602' title='bbox 840 2644 866 2668; x_wconf 91' lang='lat' dir='ltr'><strong>et</strong></span> <span class='ocrx_word' id='word_1_603' title='bbox 886 2640 1006 2668; x_wconf 82' lang='lat' dir='ltr'><strong>Combel‘.</strong></span> <span class='ocrx_word' id='word_1_604' title='bbox 1024 2640 1072 2667; x_wconf 69' lang='grc' dir='ltr'>καὶ</span> 
     </span>
     <span class='ocr_line' id='line_1_86' title="bbox 315 2683 457 2701; baseline 0 0"><span class='ocrx_word' id='word_1_605' title='bbox 315 2683 354 2701; x_wconf 68' lang='lat' dir='ltr'><strong>Ait</strong></span> <span class='ocrx_word' id='word_1_606' title='bbox 371 2683 457 2701; x_wconf 66' lang='grc' dir='ltr'><strong>τερονΔ</strong></span> 
     </span>
    </p>
   </div>
   <div class='ocr_carea' id='block_1_85' title="bbox 283 2683 457 2703">
    <p class='ocr_par' dir='ltr' id='par_1_85' title="bbox 283 2683 457 2703">
     <span class='ocr_line' id='line_1_87' title="bbox 283 2683 457 2703; baseline 0.006 -1"><span class='ocrx_word' id='word_1_607' title='bbox 283 2683 398 2702; x_wconf 73' lang='grc' dir='ltr'>τελειοτε</span> <span class='ocrx_word' id='word_1_608' title='bbox 403 2684 457 2703; x_wconf 76' lang='grc' dir='ltr'>ρον.</span> 
     </span>
    </p>
   </div>
   <div class='ocr_carea' id='block_1_86' title="bbox 322 2684 1070 2745">
    <p class='ocr_par' dir='ltr' id='par_1_86' title="bbox 322 2684 1070 2745">
     <span class='ocr_line' id='line_1_88' title="bbox 322 2684 1070 2745; baseline -0.001 -8"><span class='ocrx_word' id='word_1_609' title='bbox 322 2684 588 2745; x_wconf 43' lang='grc' dir='ltr'><strong>(Ξλῒίεέἓὲἒστότητα</strong></span> <span class='ocrx_word' id='word_1_610' title='bbox 608 2709 644 2744; x_wconf 79' lang='grc' dir='ltr'><strong>τῇ</strong></span> <span class='ocrx_word' id='word_1_611' title='bbox 677 2710 867 2744; x_wconf 80' lang='grc' dir='ltr'>χρηστότητι.</span> <span class='ocrx_word' id='word_1_612' title='bbox 890 2709 926 2736; x_wconf 83' lang='lat' dir='ltr'><strong>lla</strong></span> <span class='ocrx_word' id='word_1_613' title='bbox 955 2710 1016 2738; x_wconf 71' lang='lat' dir='ltr'><strong>(od.</strong></span> <span class='ocrx_word' id='word_1_614' title='bbox 1044 2714 1070 2737; x_wconf 86' lang='lat' dir='ltr'><strong>et</strong></span> 
     </span>
    </p>
   </div>
   <div class='ocr_carea' id='block_1_87' title="bbox 284 2744 1073 2781">
    <p class='ocr_par' dir='ltr' id='par_1_87' title="bbox 284 2744 1073 2781">
     <span class='ocr_line' id='line_1_89' title="bbox 284 2744 1073 2781; baseline 0.003 -11"><span class='ocrx_word' id='word_1_615' title='bbox 284 2744 406 2781; x_wconf 63' lang='lat' dir='ltr'><strong>gombef.</strong></span> <span class='ocrx_word' id='word_1_616' title='bbox 429 2744 467 2781; x_wconf 20' lang='grc' dir='ltr'><strong>νΙιι</strong></span> <span class='ocrx_word' id='word_1_617' title='bbox 493 2745 756 2781; x_wconf 39' lang='grc' dir='ltr'>θάἰιηχρηστότητα</span> <span class='ocrx_word' id='word_1_618' title='bbox 782 2745 979 2781; x_wconf 80' lang='grc' dir='ltr'><strong>χρηστότητος,</strong></span> <span class='ocrx_word' id='word_1_619' title='bbox 1001 2745 1073 2779; x_wconf 89' lang='lat' dir='ltr'><strong>quod</strong></span> 
     </span>
    </p>
   </div>
   <div class='ocr_carea' id='block_1_88' title="bbox 285 2754 1073 2815">
    <p class='ocr_par' dir='ltr' id='par_1_88' title="bbox 285 2754 1073 2815">
     <span class='ocr_line' id='line_1_90' title="bbox 285 2754 1073 2806; baseline 0.003 -36"><span class='ocrx_word' id='word_1_620' title='bbox 285 2754 406 2772; x_wconf 65' lang='lat' dir='ltr'><strong>uomuet.</strong></span> <span class='ocrx_word' id='word_1_621' title='bbox 439 2754 467 2771; x_wconf 87' lang='grc' dir='ltr'>ιιι</span> <span class='ocrx_word' id='word_1_622' title='bbox 493 2754 558 2772; x_wconf 82' lang='lat' dir='ltr'><strong>eutt.</strong></span> <span class='ocrx_word' id='word_1_623' title='bbox 587 2754 756 2781; x_wconf 82' lang='grc' dir='ltr'>χρηστοτητα</span> <span class='ocrx_word' id='word_1_624' title='bbox 777 2754 979 2806; x_wconf 56' lang='grc' dir='ltr'>ἔρηστοτητος,</span> <span class='ocrx_word' id='word_1_625' title='bbox 1001 2754 1073 2779; x_wconf 85' lang='lat' dir='ltr'><strong>quoa</strong></span> 
     </span>
     <span class='ocr_line' id='line_1_91' title="bbox 285 2779 1073 2815; baseline 0.001 -9"><span class='ocrx_word' id='word_1_626' title='bbox 285 2779 346 2806; x_wconf 84' lang='lat' dir='ltr'><strong>Bill.</strong></span> <span class='ocrx_word' id='word_1_627' title='bbox 367 2780 448 2807; x_wconf 87' lang='lat' dir='ltr'><strong>vertit</strong></span> <span class='ocrx_word' id='word_1_628' title='bbox 464 2789 470 2806; x_wconf 89' lang='lat'>:</span> <span class='ocrx_word' id='word_1_629' title='bbox 489 2785 550 2806; x_wconf 81' lang='lat' dir='ltr'><strong>ante</strong></span> <span class='ocrx_word' id='word_1_630' title='bbox 565 2779 760 2815; x_wconf 80' lang='lat' dir='ltr'><strong>benignitatem,</strong></span> <span class='ocrx_word' id='word_1_631' title='bbox 792 2781 961 2815; x_wconf 77' lang='lat' dir='ltr'><strong>eniynitalem</strong></span> <span class='ocrx_word' id='word_1_632' title='bbox 984 2780 1073 2814; x_wconf 74' lang='lat' dir='ltr'><strong>confe-</strong></span> 
     </span>
    </p>
   </div>
   <div class='ocr_carea' id='block_1_89' title="bbox 285 2823 387 2841">
    <p class='ocr_par' dir='ltr' id='par_1_89' title="bbox 285 2823 387 2841">
     <span class='ocr_line' id='line_1_92' title="bbox 285 2823 387 2841; baseline 0.01 -1"><span class='ocrx_word' id='word_1_633' title='bbox 285 2823 387 2841; x_wconf 79' lang='lat' dir='ltr'><strong>ramus.</strong></span> 
     </span>
    </p>
   </div>
   <div class='ocr_carea' id='block_1_90' title="bbox 323 2849 1073 2891">
    <p class='ocr_par' dir='ltr' id='par_1_90' title="bbox 323 2849 1073 2891">
     <span class='ocr_line' id='line_1_93' title="bbox 323 2849 1073 2891; baseline 0.003 -15"><span class='ocrx_word' id='word_1_634' title='bbox 323 2850 378 2891; x_wconf 57' lang='grc' dir='ltr'>(ὗε)</span> <span class='ocrx_word' id='word_1_635' title='bbox 399 2849 605 2891; x_wconf 57' lang='grc' dir='ltr'><strong>Πρρσηύξατρ.</strong></span> <span class='ocrx_word' id='word_1_636' title='bbox 631 2849 668 2877; x_wconf 86' lang='lat' dir='ltr'><strong>Ita</strong></span> <span class='ocrx_word' id='word_1_637' title='bbox 682 2850 736 2878; x_wconf 92' lang='lat' dir='ltr'><strong>duo</strong></span> <span class='ocrx_word' id='word_1_638' title='bbox 759 2850 838 2878; x_wconf 87' lang='lat' dir='ltr'><strong>codd.</strong></span> <span class='ocrx_word' id='word_1_639' title='bbox 857 2849 923 2886; x_wconf 82' lang='lat' dir='ltr'><strong>Reg.</strong></span> <span class='ocrx_word' id='word_1_640' title='bbox 947 2854 974 2878; x_wconf 82' lang='lat' dir='ltr'><strong>et</strong></span> <span class='ocrx_word' id='word_1_641' title='bbox 991 2849 1073 2878; x_wconf 65' lang='lat' dir='ltr'><strong>C0m«</strong></span> 
     </span>
    </p>
   </div>
   <div class='ocr_carea' id='block_1_91' title="bbox 286 2884 646 2920">
    <p class='ocr_par' dir='ltr' id='par_1_91' title="bbox 286 2884 646 2920">
     <span class='ocr_line' id='line_1_94' title="bbox 286 2884 646 2920; baseline 0 -8"><span class='ocrx_word' id='word_1_642' title='bbox 286 2884 339 2913; x_wconf 72' lang='lat' dir='ltr'><strong>bcl‘.</strong></span> <span class='ocrx_word' id='word_1_643' title='bbox 356 2885 385 2912; x_wconf 90' lang='lat' dir='ltr'><strong>ln</strong></span> <span class='ocrx_word' id='word_1_644' title='bbox 400 2885 464 2912; x_wconf 87' lang='lat' dir='ltr'><strong>edit.</strong></span> <span class='ocrx_word' id='word_1_645' title='bbox 484 2884 646 2920; x_wconf 77' lang='grc' dir='ltr'>προηύξατο.</span> 
     </span>
    </p>
   </div>
   <div class='ocr_carea' id='block_1_92' title="bbox 376 2404 454 2427">
    <p class='ocr_par' dir='ltr' id='par_1_92' title="bbox 376 2404 454 2427">
     <span class='ocr_line' id='line_1_95' title="bbox 376 2404 454 2427; baseline -0.013 -5"><span class='ocrx_word' id='word_1_646' title='bbox 376 2404 454 2427; x_wconf 83' lang='grc' dir='ltr'>ντως.</span> 
     </span>
    </p>
   </div>
   <div class='ocr_carea' id='block_1_93' title="bbox 278 2269 1063 2340">
    <p class='ocr_par' dir='ltr' id='par_1_93' title="bbox 278 2269 1063 2340">
     <span class='ocr_line' id='line_1_96' title="bbox 313 2269 1053 2304; baseline -0.001 -8"><span class='ocrx_word' id='word_1_647' title='bbox 313 2270 336 2285; x_wconf 79' lang='grc'><strong>’⁸</strong></span> <span class='ocrx_word' id='word_1_648' title='bbox 362 2269 443 2296; x_wconf 88' lang='grc' dir='ltr'>Νιιιιι.</span> <span class='ocrx_word' id='word_1_649' title='bbox 472 2277 536 2300; x_wconf 87' lang='lat' dir='ltr'><strong>xxv,</strong></span> <span class='ocrx_word' id='word_1_650' title='bbox 555 2269 570 2295; x_wconf 90' lang='lat'><strong>7</strong></span> <span class='ocrx_word' id='word_1_651' title='bbox 586 2277 646 2304; x_wconf 87' lang='lat' dir='ltr'><strong>sqq.</strong></span> <span class='ocrx_word' id='word_1_652' title='bbox 686 2270 708 2284; x_wconf 79' lang='lat'>&quot;</span> <span class='ocrx_word' id='word_1_653' title='bbox 728 2269 802 2296; x_wconf 83' lang='lat' dir='ltr'><strong>Psal.</strong></span> <span class='ocrx_word' id='word_1_654' title='bbox 822 2277 866 2300; x_wconf 78' lang='lat' dir='ltr'><strong>ev.</strong></span> <span class='ocrx_word' id='word_1_655' title='bbox 893 2269 985 2297; x_wconf 74' lang='lat'><strong>50—51.</strong></span> <span class='ocrx_word' id='word_1_656' title='bbox 1032 2270 1053 2286; x_wconf 76' lang='grc'><strong>³⁷</strong></span> 
     </span>
     <span class='ocr_line' id='line_1_97' title="bbox 278 2304 1063 2340; baseline -0.001 -7"><span class='ocrx_word' id='word_1_657' title='bbox 278 2313 339 2340; x_wconf 82' lang='lat' dir='ltr'><strong>sqq.</strong></span> <span class='ocrx_word' id='word_1_658' title='bbox 372 2306 400 2322; x_wconf 71' lang='grc' dir='ltr'><strong>ἰν</strong></span> <span class='ocrx_word' id='word_1_659' title='bbox 416 2304 435 2331; x_wconf 94' lang='lat' dir='ltr'><strong>ll</strong></span> <span class='ocrx_word' id='word_1_660' title='bbox 452 2304 539 2331; x_wconf 85' lang='lat' dir='ltr'><strong>Paral.</strong></span> <span class='ocrx_word' id='word_1_661' title='bbox 561 2305 685 2334; x_wconf 61' lang='lat' dir='ltr'><strong>xxquJ</strong></span> <span class='ocrx_word' id='word_1_662' title='bbox 706 2312 767 2339; x_wconf 88' lang='lat' dir='ltr'><strong>sqq.</strong></span> <span class='ocrx_word' id='word_1_663' title='bbox 801 2304 822 2319; x_wconf 80' lang='grc'><strong>³¹</strong></span> <span class='ocrx_word' id='word_1_664' title='bbox 850 2305 912 2332; x_wconf 86' lang='lat' dir='ltr'><strong>Ose.</strong></span> <span class='ocrx_word' id='word_1_665' title='bbox 931 2313 968 2336; x_wconf 62' lang='grc' dir='ltr'><strong>γι,</strong></span> <span class='ocrx_word' id='word_1_666' title='bbox 989 2305 1016 2332; x_wconf 78' lang='grc'><strong>4.</strong></span> <span class='ocrx_word' id='word_1_667' title='bbox 1055 2305 1063 2320; x_wconf 84' lang='grc'>³</span> 
     </span>
    </p>
   </div>
   <div class='ocr_carea' id='block_1_94' title="bbox 1123 2269 1608 2340">
    <p class='ocr_par' dir='ltr' id='par_1_94' title="bbox 1123 2269 1608 2338">
     <span class='ocr_line' id='line_1_98' title="bbox 1123 2269 1608 2301; baseline 0.002 -5"><span class='ocrx_word' id='word_1_668' title='bbox 1123 2269 1159 2296; x_wconf 87' lang='lat' dir='ltr'><strong>)d.</strong></span> <span class='ocrx_word' id='word_1_669' title='bbox 1183 2277 1212 2300; x_wconf 85' lang='grc' dir='ltr'>ιι,</span> <span class='ocrx_word' id='word_1_670' title='bbox 1230 2269 1273 2295; x_wconf 72' lang='grc'><strong>12.</strong></span> <span class='ocrx_word' id='word_1_671' title='bbox 1320 2270 1342 2285; x_wconf 77' lang='grc'><strong>³⁸</strong></span> <span class='ocrx_word' id='word_1_672' title='bbox 1360 2269 1440 2296; x_wconf 85' lang='grc' dir='ltr'>Νιιιιι.</span> <span class='ocrx_word' id='word_1_673' title='bbox 1463 2277 1513 2301; x_wconf 80' lang='lat' dir='ltr'><strong>xu,</strong></span> <span class='ocrx_word' id='word_1_674' title='bbox 1541 2270 1574 2296; x_wconf 74' lang='grc'><strong>10</strong></span> <span class='ocrx_word' id='word_1_675' title='bbox 1600 2279 1608 2297; x_wconf 79' lang='grc' dir='ltr'><strong>ε</strong></span> 
     </span>
     <span class='ocr_line' id='line_1_99' title="bbox 1123 2304 1608 2338; baseline 0.002 -7"><span class='ocrx_word' id='word_1_676' title='bbox 1123 2313 1158 2332; x_wconf 84' lang='lat' dir='ltr'><strong>tc.</strong></span> <span class='ocrx_word' id='word_1_677' title='bbox 1174 2313 1212 2337; x_wconf 84' lang='lat' dir='ltr'><strong>ix,</strong></span> <span class='ocrx_word' id='word_1_678' title='bbox 1229 2305 1274 2331; x_wconf 65' lang='grc'><strong>54.</strong></span> <span class='ocrx_word' id='word_1_679' title='bbox 1312 2305 1334 2320; x_wconf 86' lang='grc'>³³</span> <span class='ocrx_word' id='word_1_680' title='bbox 1351 2304 1418 2331; x_wconf 89' lang='lat' dir='ltr'><strong>Luc.</strong></span> <span class='ocrx_word' id='word_1_681' title='bbox 1434 2312 1500 2338; x_wconf 76' lang='lat' dir='ltr'><strong>xxu,</strong></span> <span class='ocrx_word' id='word_1_682' title='bbox 1515 2305 1608 2332; x_wconf 80' lang='grc'><strong>50-51.</strong></span> 
     </span>
    </p>
   </div>
   <div class='ocr_carea' id='block_1_95' title="bbox 314 2359 1106 2422">
    <p class='ocr_par' dir='ltr' id='par_1_95' title="bbox 314 2359 1106 2422">
     <span class='ocr_line' id='line_1_100' title="bbox 314 2359 1106 2422; baseline 0 -35"><span class='ocrx_word' id='word_1_683' title='bbox 314 2359 505 2422; x_wconf 45' lang='grc' dir='ltr'><strong>(ῗδὲνξὶὺῗργὰρ</strong></span> <span class='ocrx_word' id='word_1_684' title='bbox 519 2360 621 2394; x_wconf 85' lang='grc' dir='ltr'>οὕτως.</span> <span class='ocrx_word' id='word_1_685' title='bbox 636 2361 676 2387; x_wconf 84' lang='lat' dir='ltr'><strong>Ita</strong></span> <span class='ocrx_word' id='word_1_686' title='bbox 690 2361 751 2388; x_wconf 88' lang='lat' dir='ltr'><strong>cod.</strong></span> <span class='ocrx_word' id='word_1_687' title='bbox 765 2360 831 2395; x_wconf 81' lang='lat' dir='ltr'><strong>Reg.</strong></span> <span class='ocrx_word' id='word_1_688' title='bbox 848 2368 880 2388; x_wconf 92' lang='lat' dir='ltr'><strong>ac</strong></span> <span class='ocrx_word' id='word_1_689' title='bbox 899 2360 1021 2388; x_wconf 83' lang='lat' dir='ltr'><strong>Comhef.</strong></span> <span class='ocrx_word' id='word_1_690' title='bbox 1038 2360 1067 2387; x_wconf 84' lang='lat' dir='ltr'><strong>in</strong></span> <span class='ocrx_word' id='word_1_691' title='bbox 1085 2363 1106 2390; x_wconf 89' lang='lat' dir='ltr'><strong>D</strong></span> 
     </span>
    </p>
   </div>
   <div class='ocr_carea' id='block_1_96' title="bbox 1155 1843 1905 1880">
    <p class='ocr_par' dir='ltr' id='par_1_96' title="bbox 1155 1843 1905 1880">
     <span class='ocr_line' id='line_1_101' title="bbox 1155 1843 1905 1880; baseline 0.004 -11"><span class='ocrx_word' id='word_1_692' title='bbox 1155 1844 1184 1869; x_wconf 83' lang='grc' dir='ltr'>Τί</span> <span class='ocrx_word' id='word_1_693' title='bbox 1200 1851 1236 1870; x_wconf 82' lang='grc' dir='ltr'><strong>σε</strong></span> <span class='ocrx_word' id='word_1_694' title='bbox 1253 1843 1353 1876; x_wconf 84' lang='grc' dir='ltr'>διαθῶ,</span> <span class='ocrx_word' id='word_1_695' title='bbox 1374 1844 1509 1878; x_wconf 58' lang='grc' dir='ltr'>Ἐρραῖμ,</span> <span class='ocrx_word' id='word_1_696' title='bbox 1532 1844 1608 1880; x_wconf 79' lang='grc' dir='ltr'>παρὰ</span> <span class='ocrx_word' id='word_1_697' title='bbox 1625 1843 1671 1870; x_wconf 82' lang='grc' dir='ltr'><strong>τοῦ</strong></span> <span class='ocrx_word' id='word_1_698' title='bbox 1693 1844 1760 1871; x_wconf 77' lang='grc' dir='ltr'>Θεοῦ</span> <span class='ocrx_word' id='word_1_699' title='bbox 1778 1845 1905 1879; x_wconf 84' lang='grc' dir='ltr'>λέγεται;</span> 
     </span>
    </p>
   </div>
   <div class='ocr_carea' id='block_1_97' title="bbox 1119 1889 1905 1926">
    <p class='ocr_par' dir='ltr' id='par_1_97' title="bbox 1119 1889 1905 1926">
     <span class='ocr_line' id='line_1_102' title="bbox 1119 1889 1905 1926; baseline 0.005 -11"><span class='ocrx_word' id='word_1_700' title='bbox 1119 1890 1203 1924; x_wconf 86' lang='grc' dir='ltr'>’Ὅσης</span> <span class='ocrx_word' id='word_1_701' title='bbox 1217 1889 1300 1925; x_wconf 82' lang='grc' dir='ltr'>ὀργῆς</span> <span class='ocrx_word' id='word_1_702' title='bbox 1317 1891 1330 1916; x_wconf 78' lang='grc' dir='ltr'><strong><em>ὁ</em></strong></span> <span class='ocrx_word' id='word_1_703' title='bbox 1348 1889 1443 1924; x_wconf 74' lang='grc' dir='ltr'>λόγοςί</span> <span class='ocrx_word' id='word_1_704' title='bbox 1462 1891 1508 1916; x_wconf 77' lang='grc' dir='ltr'>καὶ</span> <span class='ocrx_word' id='word_1_705' title='bbox 1531 1891 1739 1926; x_wconf 82' lang='grc' dir='ltr'>ὑπερασπισμὺς</span> <span class='ocrx_word' id='word_1_706' title='bbox 1758 1892 1905 1926; x_wconf 80' lang='grc' dir='ltr'>ἐπάγεται.</span> 
     </span>
    </p>
   </div>
   <div class='ocr_carea' id='block_1_98' title="bbox 1119 1935 1908 1973">
    <p class='ocr_par' dir='ltr' id='par_1_98' title="bbox 1119 1935 1908 1973">
     <span class='ocr_line' id='line_1_103' title="bbox 1119 1935 1908 1973; baseline 0.005 -12"><span class='ocrx_word' id='word_1_707' title='bbox 1119 1936 1151 1961; x_wconf 89' lang='grc' dir='ltr'>Τί</span> <span class='ocrx_word' id='word_1_708' title='bbox 1171 1937 1220 1971; x_wconf 78' lang='grc' dir='ltr'><strong>τῆς</strong></span> <span class='ocrx_word' id='word_1_709' title='bbox 1245 1935 1449 1971; x_wconf 69' lang='grc' dir='ltr'>φιλανθρωπίας</span> <span class='ocrx_word' id='word_1_710' title='bbox 1474 1936 1638 1972; x_wconf 80' lang='grc' dir='ltr'>ταχύτερον;</span> <span class='ocrx_word' id='word_1_711' title='bbox 1653 1937 1712 1972; x_wconf 82' lang='grc' dir='ltr'><strong>Πῦρ</strong></span> <span class='ocrx_word' id='word_1_712' title='bbox 1732 1937 1908 1973; x_wconf 77' lang='grc' dir='ltr'>Σοδομιτικὸν</span> 
     </span>
    </p>
   </div>
   <div class='ocr_carea' id='block_1_99' title="bbox 1120 1982 1908 2019">
    <p class='ocr_par' dir='ltr' id='par_1_99' title="bbox 1120 1982 1908 2019">
     <span class='ocr_line' id='line_1_104' title="bbox 1120 1982 1908 2019; baseline 0.005 -11"><span class='ocrx_word' id='word_1_713' title='bbox 1120 1982 1241 2008; x_wconf 77' lang='grc' dir='ltr'><strong>αἰτοῦσιν</strong></span> <span class='ocrx_word' id='word_1_714' title='bbox 1265 1983 1289 2008; x_wconf 87' lang='grc' dir='ltr'>οἱ</span> <span class='ocrx_word' id='word_1_715' title='bbox 1316 1983 1436 2017; x_wconf 74' lang='grc' dir='ltr'>μαθηταὶ</span> <span class='ocrx_word' id='word_1_716' title='bbox 1459 1983 1529 2009; x_wconf 80' lang='grc' dir='ltr'>κατὰ</span> <span class='ocrx_word' id='word_1_717' title='bbox 1553 1983 1606 2009; x_wconf 82' lang='grc' dir='ltr'><strong>τῶν</strong></span> <span class='ocrx_word' id='word_1_718' title='bbox 1627 1983 1747 2017; x_wconf 85' lang='grc' dir='ltr'>ἀγόντων</span> <span class='ocrx_word' id='word_1_719' title='bbox 1770 1984 1824 2019; x_wconf 73' lang='grc'>(55)</span> <span class='ocrx_word' id='word_1_720' title='bbox 1860 1986 1908 2012; x_wconf 81' lang='grc' dir='ltr'>τὸν</span> 
     </span>
    </p>
   </div>
   <div class='ocr_carea' id='block_1_100' title="bbox 1124 2027 1908 2065">
    <p class='ocr_par' dir='ltr' id='par_1_100' title="bbox 1124 2027 1908 2065">
     <span class='ocr_line' id='line_1_105' title="bbox 1124 2027 1908 2065; baseline 0.004 -12"><span class='ocrx_word' id='word_1_721' title='bbox 1124 2027 1237 2063; x_wconf 79' lang='grc' dir='ltr'>Ἰησοῦν,</span> <span class='ocrx_word' id='word_1_722' title='bbox 1256 2028 1270 2053; x_wconf 82' lang='grc' dir='ltr'>ὁ</span> <span class='ocrx_word' id='word_1_723' title='bbox 1287 2027 1315 2053; x_wconf 79' lang='grc' dir='ltr'>δὲ</span> <span class='ocrx_word' id='word_1_724' title='bbox 1328 2028 1438 2060; x_wconf 81' lang='grc' dir='ltr'>ἀπαξιοῖ</span> <span class='ocrx_word' id='word_1_725' title='bbox 1451 2027 1500 2064; x_wconf 84' lang='grc' dir='ltr'>τὴν</span> <span class='ocrx_word' id='word_1_726' title='bbox 1518 2028 1667 2063; x_wconf 70' lang='grc' dir='ltr'>ἐκδίκησιν.</span> <span class='ocrx_word' id='word_1_727' title='bbox 1681 2028 1780 2063; x_wconf 86' lang='grc' dir='ltr'>Τέμνει</span> <span class='ocrx_word' id='word_1_728' title='bbox 1793 2029 1908 2065; x_wconf 76' lang='grc' dir='ltr'>Μάλχου</span> 
     </span>
    </p>
   </div>
   <div class='ocr_carea' id='block_1_101' title="bbox 1118 2073 1907 2110">
    <p class='ocr_par' dir='ltr' id='par_1_101' title="bbox 1118 2073 1907 2110">
     <span class='ocr_line' id='line_1_106' title="bbox 1118 2073 1907 2110; baseline 0.003 -10"><span class='ocrx_word' id='word_1_729' title='bbox 1118 2073 1149 2100; x_wconf 83' lang='grc' dir='ltr'>τὸ</span> <span class='ocrx_word' id='word_1_730' title='bbox 1166 2073 1245 2099; x_wconf 82' lang='grc' dir='ltr'>ὠτίον</span> <span class='ocrx_word' id='word_1_731' title='bbox 1271 2073 1375 2108; x_wconf 82' lang='grc' dir='ltr'>Πέτρος</span> <span class='ocrx_word' id='word_1_732' title='bbox 1389 2093 1396 2105; x_wconf 89' lang='grc'><strong>,</strong></span> <span class='ocrx_word' id='word_1_733' title='bbox 1416 2074 1475 2104; x_wconf 79' lang='grc' dir='ltr'>ἑνὸς</span> <span class='ocrx_word' id='word_1_734' title='bbox 1491 2074 1544 2100; x_wconf 85' lang='grc' dir='ltr'>τῶν</span> <span class='ocrx_word' id='word_1_735' title='bbox 1574 2073 1725 2109; x_wconf 74' lang='grc' dir='ltr'>ὑϐριστῶν,</span> <span class='ocrx_word' id='word_1_736' title='bbox 1752 2075 1856 2110; x_wconf 81' lang='grc' dir='ltr'>Ἰησοῦς</span> <span class='ocrx_word' id='word_1_737' title='bbox 1879 2077 1907 2103; x_wconf 83' lang='grc' dir='ltr'><strong>δὲ</strong></span> 
     </span>
    </p>
   </div>
   <div class='ocr_carea' id='block_1_102' title="bbox 1119 2119 1905 2159">
    <p class='ocr_par' dir='ltr' id='par_1_102' title="bbox 1119 2119 1905 2159">
     <span class='ocr_line' id='line_1_107' title="bbox 1119 2119 1905 2159; baseline 0.006 -14"><span class='ocrx_word' id='word_1_738' title='bbox 1119 2119 1328 2154; x_wconf 81' lang='grc' dir='ltr'>ἀποκαθίστησι.</span> <span class='ocrx_word' id='word_1_739' title='bbox 1348 2119 1379 2145; x_wconf 90' lang='grc' dir='ltr'>Τί</span> <span class='ocrx_word' id='word_1_740' title='bbox 1405 2119 1433 2146; x_wconf 81' lang='grc' dir='ltr'><strong>δὲ</strong></span> <span class='ocrx_word' id='word_1_741' title='bbox 1453 2121 1467 2146; x_wconf 88' lang='grc' dir='ltr'>ὁ</span> <span class='ocrx_word' id='word_1_742' title='bbox 1495 2121 1652 2155; x_wconf 77' lang='grc' dir='ltr'>ἐρωτήσας,</span> <span class='ocrx_word' id='word_1_743' title='bbox 1678 2122 1702 2147; x_wconf 86' lang='grc' dir='ltr'><strong>εί</strong></span> <span class='ocrx_word' id='word_1_744' title='bbox 1726 2121 1841 2154; x_wconf 78' lang='grc' dir='ltr'>ἑπτάκις</span> <span class='ocrx_word' id='word_1_745' title='bbox 1867 2124 1905 2159; x_wconf 65' lang='grc' dir='ltr'><strong>τᾷ</strong></span> 
     </span>
    </p>
   </div>
   <div class='ocr_carea' id='block_1_103' title="bbox 1120 2164 1907 2204">
    <p class='ocr_par' dir='ltr' id='par_1_103' title="bbox 1120 2164 1907 2204">
     <span class='ocr_line' id='line_1_108' title="bbox 1120 2164 1907 2204; baseline 0.006 -14"><span class='ocrx_word' id='word_1_746' title='bbox 1120 2164 1227 2199; x_wconf 76' lang='grc' dir='ltr'>ἀδελφῷ</span> <span class='ocrx_word' id='word_1_747' title='bbox 1256 2165 1446 2200; x_wconf 77' lang='grc' dir='ltr'>συγχωρητέον</span> <span class='ocrx_word' id='word_1_748' title='bbox 1477 2165 1646 2197; x_wconf 67' lang='lat' dir='ltr'><strong>matiam-rt;</strong></span> <span class='ocrx_word' id='word_1_749' title='bbox 1673 2167 1702 2192; x_wconf 87' lang='grc' dir='ltr'>οὐ</span> <span class='ocrx_word' id='word_1_750' title='bbox 1729 2168 1907 2204; x_wconf 70' lang='grc' dir='ltr'>μικρολογία*</span> 
     </span>
    </p>
   </div>
   <div class='ocr_carea' id='block_1_104' title="bbox 1121 2210 1908 2250">
    <p class='ocr_par' dir='ltr' id='par_1_104' title="bbox 1121 2210 1908 2250">
     <span class='ocr_line' id='line_1_109' title="bbox 1121 2210 1908 2250; baseline 0.008 -14"><span class='ocrx_word' id='word_1_751' title='bbox 1121 2210 1373 2245; x_wconf 79' lang='grc' dir='ltr'>καταγινώσκεται;</span> <span class='ocrx_word' id='word_1_752' title='bbox 1391 2211 1430 2246; x_wconf 81' lang='grc' dir='ltr'><strong>τῷ</strong></span> <span class='ocrx_word' id='word_1_753' title='bbox 1457 2211 1511 2247; x_wconf 82' lang='grc' dir='ltr'>γὰρ</span> <span class='ocrx_word' id='word_1_754' title='bbox 1535 2212 1666 2246; x_wconf 62' lang='grc' dir='ltr'>ᾗπτάκις,</span> <span class='ocrx_word' id='word_1_755' title='bbox 1690 2213 1720 2239; x_wconf 81' lang='grc' dir='ltr'>τὸ</span> <span class='ocrx_word' id='word_1_756' title='bbox 1742 2213 1908 2250; x_wconf 76' lang='grc' dir='ltr'>ἑϐδομηκον-</span> 
     </span>
    </p>
   </div>
   <div class='ocr_carea' id='block_1_105' title="bbox 1320 2269 1908 2306">
    <p class='ocr_par' dir='ltr' id='par_1_105' title="bbox 1320 2269 1908 2306">
     <span class='ocr_line' id='line_1_110' title="bbox 1320 2269 1908 2306; baseline 0.01 -11"><span class='ocrx_word' id='word_1_757' title='bbox 1320 2269 1440 2306; x_wconf 54' lang='lat' dir='ltr'><strong>{“_Num.</strong></span> <span class='ocrx_word' id='word_1_758' title='bbox 1463 2277 1513 2301; x_wconf 78' lang='lat' dir='ltr'><strong>xu,</strong></span> <span class='ocrx_word' id='word_1_759' title='bbox 1541 2270 1574 2296; x_wconf 74' lang='grc'><strong>10</strong></span> <span class='ocrx_word' id='word_1_760' title='bbox 1590 2279 1660 2306; x_wconf 81' lang='lat' dir='ltr'><strong>sqq.</strong></span> <span class='ocrx_word' id='word_1_761' title='bbox 1710 2271 1807 2299; x_wconf 72' lang='lat' dir='ltr'><strong>&quot;Ion.</strong></span> <span class='ocrx_word' id='word_1_762' title='bbox 1830 2280 1876 2306; x_wconf 80' lang='lat' dir='ltr'><strong>in,</strong></span> <span class='ocrx_word' id='word_1_763' title='bbox 1897 2275 1908 2301; x_wconf 62' lang='grc' dir='ltr'><em>ὲ</em></span> 
     </span>
    </p>
   </div>
   <div class='ocr_carea' id='block_1_106' title="bbox 1157 2359 1908 2397">
    <p class='ocr_par' dir='ltr' id='par_1_106' title="bbox 1157 2359 1908 2397">
     <span class='ocr_line' id='line_1_111' title="bbox 1157 2359 1908 2397; baseline 0.007 -11"><span class='ocrx_word' id='word_1_764' title='bbox 1157 2360 1212 2395; x_wconf 70' lang='grc'>(52)</span> <span class='ocrx_word' id='word_1_765' title='bbox 1230 2359 1290 2397; x_wconf 62' lang='lat' dir='ltr'><strong>Tde</strong></span> <span class='ocrx_word' id='word_1_766' title='bbox 1307 2361 1468 2397; x_wconf 63' lang='grc' dir='ltr'><strong>ᾼὶγύςττιον</strong></span> <span class='ocrx_word' id='word_1_767' title='bbox 1483 2360 1593 2397; x_wconf 62' lang='lat' dir='ltr'><strong>(treus.</strong></span> <span class='ocrx_word' id='word_1_768' title='bbox 1616 2361 1675 2389; x_wconf 83' lang='lat' dir='ltr'><strong>Bill.</strong></span> <span class='ocrx_word' id='word_1_769' title='bbox 1692 2361 1848 2397; x_wconf 54' lang='lat' dir='ltr'><strong>[Egyptium</strong></span> <span class='ocrx_word' id='word_1_770' title='bbox 1863 2366 1908 2392; x_wconf 87' lang='lat' dir='ltr'><strong>ob-</strong></span> 
     </span>
    </p>
   </div>
   <div class='ocr_carea' id='block_1_107' title="bbox 1121 2394 1908 2432">
    <p class='ocr_par' dir='ltr' id='par_1_107' title="bbox 1121 2394 1908 2432">
     <span class='ocr_line' id='line_1_112' title="bbox 1121 2394 1908 2432; baseline 0.008 -12"><span class='ocrx_word' id='word_1_771' title='bbox 1121 2394 1262 2432; x_wconf 66' lang='lat' dir='ltr'><strong>truncavit.</strong></span> <span class='ocrx_word' id='word_1_772' title='bbox 1275 2394 1327 2432; x_wconf 81' lang='lat' dir='ltr'><strong>Sed</strong></span> <span class='ocrx_word' id='word_1_773' title='bbox 1341 2395 1412 2432; x_wconf 70' lang='lat' dir='ltr'><strong>unde</strong></span> <span class='ocrx_word' id='word_1_774' title='bbox 1425 2396 1475 2422; x_wconf 86' lang='lat' dir='ltr'><strong>hoc</strong></span> <span class='ocrx_word' id='word_1_775' title='bbox 1491 2396 1528 2422; x_wconf 91' lang='lat' dir='ltr'><strong>illi</strong></span> <span class='ocrx_word' id='word_1_776' title='bbox 1543 2394 1851 2432; x_wconf 56' lang='lat' dir='ltr'><strong>cadngenusTlieinde,</strong></span> <span class='ocrx_word' id='word_1_777' title='bbox 1863 2401 1908 2427; x_wconf 63' lang='grc' dir='ltr'><strong>διὰ</strong></span> 
     </span>
    </p>
   </div>
   <div class='ocr_carea' id='block_1_108' title="bbox 1116 2429 1908 2491">
    <p class='ocr_par' dir='ltr' id='par_1_108' title="bbox 1116 2429 1908 2491">
     <span class='ocr_line' id='line_1_113' title="bbox 1116 2429 1908 2491; baseline 0.01 -36"><span class='ocrx_word' id='word_1_778' title='bbox 1116 2430 1303 2491; x_wconf 63' lang='grc' dir='ltr'>Ξὺὰγοέγύσαι.</span> <span class='ocrx_word' id='word_1_779' title='bbox 1320 2429 1359 2457; x_wconf 88' lang='lat' dir='ltr'><strong>lta</strong></span> <span class='ocrx_word' id='word_1_780' title='bbox 1375 2429 1453 2457; x_wconf 80' lang='lat' dir='ltr'><strong>Pass.</strong></span> <span class='ocrx_word' id='word_1_781' title='bbox 1466 2434 1492 2457; x_wconf 89' lang='lat' dir='ltr'><strong>et</strong></span> <span class='ocrx_word' id='word_1_782' title='bbox 1503 2434 1559 2459; x_wconf 86' lang='lat' dir='ltr'><strong>tres</strong></span> <span class='ocrx_word' id='word_1_783' title='bbox 1575 2429 1658 2467; x_wconf 62' lang='lat' dir='ltr'><strong>negg.</strong></span> <span class='ocrx_word' id='word_1_784' title='bbox 1674 2432 1702 2459; x_wconf 92' lang='lat' dir='ltr'><strong>ln</strong></span> <span class='ocrx_word' id='word_1_785' title='bbox 1713 2433 1793 2461; x_wconf 88' lang='lat' dir='ltr'><strong>editis</strong></span> <span class='ocrx_word' id='word_1_786' title='bbox 1806 2434 1908 2463; x_wconf 67' lang='lat' dir='ltr'><strong>desunt</strong></span> 
     </span>
     <span class='ocr_line' id='line_1_114' title="bbox 1133 2474 1215 2491; baseline 0 0"><span class='ocrx_word' id='word_1_787' title='bbox 1133 2475 1141 2491; x_wconf 86' lang='grc' dir='ltr'>ι</span> <span class='ocrx_word' id='word_1_788' title='bbox 1174 2474 1187 2491; x_wconf 88' lang='grc' dir='ltr'><strong>τ</strong></span> <span class='ocrx_word' id='word_1_789' title='bbox 1208 2486 1215 2491; x_wconf 90' lang='grc'><strong>.</strong></span> 
     </span>
    </p>
   </div>
   <div class='ocr_carea' id='block_1_109' title="bbox 1133 2474 1215 2492">
    <p class='ocr_par' dir='ltr' id='par_1_109' title="bbox 1133 2474 1215 2492">
     <span class='ocr_line' id='line_1_115' title="bbox 1133 2474 1215 2492; baseline 0.012 -1"><span class='ocrx_word' id='word_1_790' title='bbox 1133 2474 1160 2491; x_wconf 87' lang='grc' dir='ltr'><strong>ια</strong></span> <span class='ocrx_word' id='word_1_791' title='bbox 1174 2474 1215 2492; x_wconf 89' lang='grc' dir='ltr'>το.</span> 
     </span>
    </p>
   </div>
   <div class='ocr_carea' id='block_1_110' title="bbox 1153 2499 1908 2537">
    <p class='ocr_par' dir='ltr' id='par_1_110' title="bbox 1153 2499 1908 2537">
     <span class='ocr_line' id='line_1_116' title="bbox 1153 2499 1908 2537; baseline 0.008 -10"><span class='ocrx_word' id='word_1_792' title='bbox 1153 2500 1208 2535; x_wconf 72' lang='grc'>(55)</span> <span class='ocrx_word' id='word_1_793' title='bbox 1228 2499 1486 2537; x_wconf 24' lang='grc' dir='ltr'><strong>Διὰλζῆςλεῠχῇς·Ζ</strong></span> <span class='ocrx_word' id='word_1_794' title='bbox 1510 2500 1549 2537; x_wconf 82' lang='lat' dir='ltr'><strong>ita</strong></span> <span class='ocrx_word' id='word_1_795' title='bbox 1565 2501 1626 2529; x_wconf 91' lang='lat' dir='ltr'><strong>cod.</strong></span> <span class='ocrx_word' id='word_1_796' title='bbox 1651 2501 1716 2537; x_wconf 81' lang='lat' dir='ltr'><strong>Reg.</strong></span> <span class='ocrx_word' id='word_1_797' title='bbox 1739 2507 1765 2530; x_wconf 89' lang='lat' dir='ltr'><strong>et</strong></span> <span class='ocrx_word' id='word_1_798' title='bbox 1781 2503 1908 2533; x_wconf 80' lang='lat' dir='ltr'><strong>Combel.</strong></span> 
     </span>
    </p>
   </div>
   <div class='ocr_carea' id='block_1_111' title="bbox 1121 2534 1821 2573">
    <p class='ocr_par' dir='ltr' id='par_1_111' title="bbox 1121 2534 1821 2573">
     <span class='ocr_line' id='line_1_117' title="bbox 1121 2534 1821 2573; baseline 0.004 -12"><span class='ocrx_word' id='word_1_799' title='bbox 1121 2535 1270 2573; x_wconf 61' lang='lat' dir='ltr'><strong>Altereod.</strong></span> <span class='ocrx_word' id='word_1_800' title='bbox 1286 2535 1331 2573; x_wconf 62' lang='grc' dir='ltr'>δια</span> <span class='ocrx_word' id='word_1_801' title='bbox 1349 2535 1402 2561; x_wconf 86' lang='grc' dir='ltr'>τῶν</span> <span class='ocrx_word' id='word_1_802' title='bbox 1417 2534 1517 2573; x_wconf 70' lang='grc' dir='ltr'>εὺχῷν.</span> <span class='ocrx_word' id='word_1_803' title='bbox 1533 2535 1561 2563; x_wconf 87' lang='lat' dir='ltr'><strong>ln</strong></span> <span class='ocrx_word' id='word_1_804' title='bbox 1574 2537 1638 2563; x_wconf 91' lang='lat' dir='ltr'><strong>edit.</strong></span> <span class='ocrx_word' id='word_1_805' title='bbox 1651 2534 1821 2573; x_wconf 50' lang='grc' dir='ltr'>ταῖξεύχαῖς.</span> 
     </span>
    </p>
   </div>
   <div class='ocr_carea' id='block_1_112' title="bbox 1158 2569 1908 2607">
    <p class='ocr_par' dir='ltr' id='par_1_112' title="bbox 1158 2569 1908 2607">
     <span class='ocr_line' id='line_1_118' title="bbox 1158 2569 1908 2607; baseline 0.008 -11"><span class='ocrx_word' id='word_1_806' title='bbox 1158 2569 1213 2606; x_wconf 76' lang='grc'>(54)</span> <span class='ocrx_word' id='word_1_807' title='bbox 1237 2570 1297 2607; x_wconf 77' lang='grc' dir='ltr'><strong>Τὴν</strong></span> <span class='ocrx_word' id='word_1_808' title='bbox 1314 2570 1474 2607; x_wconf 54' lang='grc' dir='ltr'>ἁμαρτίαν,</span> <span class='ocrx_word' id='word_1_809' title='bbox 1484 2571 1522 2598; x_wconf 90' lang='lat' dir='ltr'><strong>lta</strong></span> <span class='ocrx_word' id='word_1_810' title='bbox 1536 2575 1592 2599; x_wconf 86' lang='lat' dir='ltr'><strong>tres</strong></span> <span class='ocrx_word' id='word_1_811' title='bbox 1610 2572 1689 2607; x_wconf 77' lang='lat' dir='ltr'><strong>codd.</strong></span> <span class='ocrx_word' id='word_1_812' title='bbox 1704 2569 1768 2607; x_wconf 57' lang='lat' dir='ltr'><strong>Reg:</strong></span> <span class='ocrx_word' id='word_1_813' title='bbox 1784 2577 1811 2600; x_wconf 80' lang='lat' dir='ltr'><strong>et</strong></span> <span class='ocrx_word' id='word_1_814' title='bbox 1826 2574 1908 2602; x_wconf 90' lang='lat' dir='ltr'><strong>Com-</strong></span> 
     </span>
    </p>
   </div>
   <div class='ocr_carea' id='block_1_113' title="bbox 1122 2605 1908 2641">
    <p class='ocr_par' dir='ltr' id='par_1_113' title="bbox 1122 2605 1908 2641">
     <span class='ocr_line' id='line_1_119' title="bbox 1122 2605 1908 2641; baseline 0.008 -10"><span class='ocrx_word' id='word_1_815' title='bbox 1122 2605 1176 2641; x_wconf 81' lang='lat' dir='ltr'><strong>bef.</strong></span> <span class='ocrx_word' id='word_1_816' title='bbox 1191 2606 1219 2632; x_wconf 89' lang='lat' dir='ltr'><strong>In</strong></span> <span class='ocrx_word' id='word_1_817' title='bbox 1232 2605 1296 2632; x_wconf 90' lang='lat' dir='ltr'><strong>edit.</strong></span> <span class='ocrx_word' id='word_1_818' title='bbox 1308 2606 1358 2641; x_wconf 83' lang='grc' dir='ltr'><strong>τὴν</strong></span> <span class='ocrx_word' id='word_1_819' title='bbox 1373 2606 1519 2641; x_wconf 86' lang='grc' dir='ltr'>σωτηρίαν,</span> <span class='ocrx_word' id='word_1_820' title='bbox 1537 2607 1608 2641; x_wconf 91' lang='lat' dir='ltr'><strong>quod</strong></span> <span class='ocrx_word' id='word_1_821' title='bbox 1623 2606 1682 2634; x_wconf 89' lang='lat' dir='ltr'><strong>Bill.</strong></span> <span class='ocrx_word' id='word_1_822' title='bbox 1697 2605 1795 2636; x_wconf 75' lang='lat' dir='ltr'><strong>vertit:</strong></span> <span class='ocrx_word' id='word_1_823' title='bbox 1812 2608 1908 2637; x_wconf 63' lang='lat' dir='ltr'><strong>Verum</strong></span> 
     </span>
    </p>
   </div>
   <div class='ocr_carea' id='block_1_114' title="bbox 1123 2640 1570 2675">
    <p class='ocr_par' dir='ltr' id='par_1_114' title="bbox 1123 2640 1570 2675">
     <span class='ocr_line' id='line_1_120' title="bbox 1123 2640 1570 2675; baseline 0.004 -9"><span class='ocrx_word' id='word_1_824' title='bbox 1123 2640 1236 2667; x_wconf 78' lang='lat' dir='ltr'><strong>salutent</strong></span> <span class='ocrx_word' id='word_1_825' title='bbox 1253 2641 1378 2675; x_wconf 80' lang='lat' dir='ltr'><strong>lacrymis</strong></span> <span class='ocrx_word' id='word_1_826' title='bbox 1395 2640 1570 2668; x_wconf 67' lang='lat' dir='ltr'><strong>redemerunt.</strong></span> 
     </span>
    </p>
   </div>
   <div class='ocr_carea' id='block_1_115' title="bbox 1161 2674 1908 2713">
    <p class='ocr_par' dir='ltr' id='par_1_115' title="bbox 1161 2674 1908 2713">
     <span class='ocr_line' id='line_1_121' title="bbox 1161 2674 1908 2713; baseline 0.008 -12"><span class='ocrx_word' id='word_1_827' title='bbox 1161 2676 1223 2713; x_wconf 66' lang='lat'>(55)</span> <span class='ocrx_word' id='word_1_828' title='bbox 1237 2674 1319 2713; x_wconf 69' lang='lat' dir='ltr'><strong>Kurd</strong></span> <span class='ocrx_word' id='word_1_829' title='bbox 1327 2674 1388 2713; x_wconf 54' lang='grc' dir='ltr'><strong>τῶν</strong></span> <span class='ocrx_word' id='word_1_830' title='bbox 1411 2676 1553 2713; x_wconf 55' lang='grc' dir='ltr'><strong>ἀγόντων.</strong></span> <span class='ocrx_word' id='word_1_831' title='bbox 1571 2677 1702 2705; x_wconf 74' lang='lat' dir='ltr'><strong>Aduersus</strong></span> <span class='ocrx_word' id='word_1_832' title='bbox 1718 2686 1762 2705; x_wconf 74' lang='lat' dir='ltr'><strong>eos</strong></span> <span class='ocrx_word' id='word_1_833' title='bbox 1783 2679 1829 2713; x_wconf 81' lang='lat' dir='ltr'><strong>qui</strong></span> <span class='ocrx_word' id='word_1_834' title='bbox 1847 2688 1865 2706; x_wconf 87' lang='lat' dir='ltr'><strong>a</strong></span> <span class='ocrx_word' id='word_1_835' title='bbox 1889 2689 1908 2708; x_wconf 72' lang='grc' dir='ltr'>ιι</span> 
     </span>
    </p>
   </div>
   <div class='ocr_carea' id='block_1_116' title="bbox 1124 2710 1908 2748">
    <p class='ocr_par' dir='ltr' id='par_1_116' title="bbox 1124 2710 1908 2748">
     <span class='ocr_line' id='line_1_122' title="bbox 1124 2710 1908 2748; baseline 0.006 -12"><span class='ocrx_word' id='word_1_836' title='bbox 1124 2710 1302 2748; x_wconf 66' lang='lat' dir='ltr'><strong>prqpellebant</strong></span> <span class='ocrx_word' id='word_1_837' title='bbox 1319 2710 1421 2748; x_wconf 70' lang='lat' dir='ltr'><strong>Iesum,</strong></span> <span class='ocrx_word' id='word_1_838' title='bbox 1441 2711 1492 2748; x_wconf 83' lang='lat' dir='ltr'><strong>qui</strong></span> <span class='ocrx_word' id='word_1_839' title='bbox 1502 2712 1687 2748; x_wconf 77' lang='lat' dir='ltr'><strong>ei_negabant</strong></span> <span class='ocrx_word' id='word_1_840' title='bbox 1710 2710 1858 2748; x_wconf 79' lang='lat' dir='ltr'><strong>hospitium</strong></span> <span class='ocrx_word' id='word_1_841' title='bbox 1889 2720 1908 2742; x_wconf 71' lang='lat' dir='ltr'><strong>H</strong></span> 
     </span>
    </p>
   </div>
   <div class='ocr_carea' id='block_1_117' title="bbox 1125 2746 1908 2781">
    <p class='ocr_par' dir='ltr' id='par_1_117' title="bbox 1125 2746 1908 2781">
     <span class='ocr_line' id='line_1_123' title="bbox 1125 2746 1908 2781; baseline 0.005 -9"><span class='ocrx_word' id='word_1_842' title='bbox 1125 2746 1310 2781; x_wconf 83' lang='lat' dir='ltr'><strong>refectionem,</strong></span> <span class='ocrx_word' id='word_1_843' title='bbox 1326 2750 1354 2772; x_wconf 92' lang='lat' dir='ltr'><strong>ut</strong></span> <span class='ocrx_word' id='word_1_844' title='bbox 1371 2746 1468 2781; x_wconf 81' lang='lat' dir='ltr'><strong>legitur</strong></span> <span class='ocrx_word' id='word_1_845' title='bbox 1487 2746 1513 2772; x_wconf 93' lang='lat' dir='ltr'><strong>in</strong></span> <span class='ocrx_word' id='word_1_846' title='bbox 1533 2746 1821 2781; x_wconf 40' lang='lat' dir='ltr'><strong>E\&#39;augelio.Com‘bef.</strong></span> <span class='ocrx_word' id='word_1_847' title='bbox 1838 2753 1908 2776; x_wconf 74' lang='grc' dir='ltr'>κατι</span> 
     </span>
    </p>
   </div>
   <div class='ocr_carea' id='block_1_118' title="bbox 1123 2780 1908 2820">
    <p class='ocr_par' dir='ltr' id='par_1_118' title="bbox 1123 2780 1908 2820">
     <span class='ocr_line' id='line_1_124' title="bbox 1123 2780 1908 2820; baseline 0.008 -14"><span class='ocrx_word' id='word_1_848' title='bbox 1123 2780 1178 2806; x_wconf 84' lang='grc' dir='ltr'>τῶν</span> <span class='ocrx_word' id='word_1_849' title='bbox 1196 2781 1373 2820; x_wconf 51' lang='grc' dir='ltr'>-ᾲπαγόντων,</span> <span class='ocrx_word' id='word_1_850' title='bbox 1404 2780 1459 2808; x_wconf 85' lang='lat' dir='ltr'><strong>Nec</strong></span> <span class='ocrx_word' id='word_1_851' title='bbox 1481 2782 1564 2820; x_wconf 79' lang='lat' dir='ltr'><strong>enim,</strong></span> <span class='ocrx_word' id='word_1_852' title='bbox 1588 2780 1696 2820; x_wconf 52' lang='lat' dir='ltr'><strong>inquitL</strong></span> <span class='ocrx_word' id='word_1_853' title='bbox 1702 2784 1815 2820; x_wconf 77' lang='lat' dir='ltr'><strong>simplex</strong></span> <span class='ocrx_word' id='word_1_854' title='bbox 1825 2784 1908 2820; x_wconf 67' lang='lat' dir='ltr'><strong>_d~{6v</strong></span> 
     </span>
    </p>
   </div>
   <div class='ocr_carea' id='block_1_119' title="bbox 1124 2815 1908 2852">
    <p class='ocr_par' dir='ltr' id='par_1_119' title="bbox 1124 2815 1908 2852">
     <span class='ocr_line' id='line_1_125' title="bbox 1124 2815 1908 2852; baseline 0.008 -11"><span class='ocrx_word' id='word_1_855' title='bbox 1124 2824 1177 2852; x_wconf 78' lang='grc' dir='ltr'><strong>των</strong></span> <span class='ocrx_word' id='word_1_856' title='bbox 1195 2815 1238 2841; x_wconf 88' lang='lat' dir='ltr'><strong>hic</strong></span> <span class='ocrx_word' id='word_1_857' title='bbox 1251 2816 1448 2852; x_wconf 27' lang='lat' dir='ltr'><strong>congruitaaut</strong></span> <span class='ocrx_word' id='word_1_858' title='bbox 1471 2816 1546 2852; x_wconf 77' lang='lat' dir='ltr'><strong>quod</strong></span> <span class='ocrx_word' id='word_1_859' title='bbox 1570 2818 1660 2845; x_wconf 89' lang='lat' dir='ltr'><strong>reddit</strong></span> <span class='ocrx_word' id='word_1_860' title='bbox 1680 2817 1739 2844; x_wconf 88' lang='lat' dir='ltr'><strong>Bill.</strong></span> <span class='ocrx_word' id='word_1_861' title='bbox 1755 2815 1908 2852; x_wconf 60' lang='lat' dir='ltr'><strong>qui&#39;JeSun</strong></span> 
     </span>
    </p>
   </div>
   <div class='ocr_carea' id='block_1_120' title="bbox 1125 2849 1908 2888">
    <p class='ocr_par' dir='ltr' id='par_1_120' title="bbox 1125 2849 1908 2888">
     <span class='ocr_line' id='line_1_126' title="bbox 1125 2849 1908 2888; baseline 0.01 -13"><span class='ocrx_word' id='word_1_862' title='bbox 1125 2849 1332 2888; x_wconf 62' lang='lat' dir='ltr'><strong>adducunt._Uhi</strong></span> <span class='ocrx_word' id='word_1_863' title='bbox 1356 2851 1428 2888; x_wconf 77' lang='lat' dir='ltr'><strong>enim</strong></span> <span class='ocrx_word' id='word_1_864' title='bbox 1455 2849 1603 2888; x_wconf 74' lang='lat' dir='ltr'><strong>sicignem</strong></span> <span class='ocrx_word' id='word_1_865' title='bbox 1628 2849 1768 2888; x_wconf 86' lang='lat' dir='ltr'><strong>ituprecati</strong></span> <span class='ocrx_word' id='word_1_866' title='bbox 1792 2854 1908 2883; x_wconf 84' lang='lat' dir='ltr'><strong>fuissenl</strong></span> 
     </span>
    </p>
   </div>
   <div class='ocr_carea' id='block_1_121' title="bbox 1124 2885 1584 2920">
    <p class='ocr_par' dir='ltr' id='par_1_121' title="bbox 1124 2885 1584 2920">
     <span class='ocr_line' id='line_1_127' title="bbox 1124 2885 1584 2920; baseline 0.004 -8"><span class='ocrx_word' id='word_1_867' title='bbox 1124 2885 1251 2920; x_wconf 90' lang='lat' dir='ltr'><strong>discipuli</strong></span> <span class='ocrx_word' id='word_1_868' title='bbox 1267 2885 1361 2914; x_wconf 80' lang='lat' dir='ltr'><strong>Jesum</strong></span> <span class='ocrx_word' id='word_1_869' title='bbox 1373 2885 1584 2914; x_wconf 71' lang='lat' dir='ltr'><strong>adducenlibus?</strong></span> 
     </span>
    </p>
   </div>
  </div>
