1923 3053
25 148 76 177 145

692 149 860 178 EPISTULA
878 149 1006 178 LXXVII.

1600 148 1650 176 ΗΒ

23 208 101 240 τάκις
115 207 186 234 ἑπτὰ
213 207 397 242 προστίθεται.
419 207 451 233 Τί
472 207 501 234 δὲ
526 208 540 233 ὁ
560 207 762 243 χρεωφειλέτης
781 208 810 235 ὲν

867 215 953 235 annon
982 212 1013 235 ut
1037 214 1195 244 praeparcus
1220 214 1253 234 ac
1268 206 1351 234 nimis
1366 207 1510 234 restrictus
1523 207 1651 234 notatur!

23 255 79 285 τοῖς
104 253 290 288 Εὐαγγελίοις,
313 253 328 279 ὁ
349 252 386 288 μὴ
403 254 583 287 συγχωρήσας
601 251 619 279 ἃ
641 253 811 289 συγκεχώρη-

22 308 82 331 ται;
99 299 130 325 οὐ
147 299 309 334 πικρότερον
322 298 365 325 διὰ
381 298 460 325 τοῦτο
477 299 686 333 είσπράττεταις

865 253 1022 289 septenario
1035 254 1108 281 enim
1120 254 1275 289 septuagies
1288 253 1388 288 septies
1400 253 1568 288 adjicitur“.
1580 253 1651 286 Quid

864 300 972 328 debitor
990 301 1052 334 ille,
1073 300 1107 328 de
1120 308 1175 335 quo
1194 300 1221 327 in
1242 299 1396 335 Evangeliis
1420 300 1522 327 mentio
1545 300 1589 332 lit,
1603 300 1651 335 qui

23 345 115 372 eadem
127 364 134 377 ,
149 352 211 380 qua:
225 344 276 372 sibi
293 345 408 372 remissa
424 344 542 379 fuerant,
560 344 671 373 minime
688 345 795 373 remisit
803 345 848 372 "?
866 353 958 374 annon
980 354 1014 374 eo
1037 347 1150 374 nomine
1174 347 1301 374 acerbius
1328 345 1363 373 ab
1385 353 1418 374 eo
1430 346 1550 374 debitum
1573 353 1651 381 repe-

23 391 104 417 titur?

59 445 91 472 Τί
116 446 144 473 δὲ
169 447 185 482 ἡ
209 445 330 479 τύπωσις
355 447 405 482 τῆς
431 447 514 483 εὐχῆς
535 448 610 483 (56);
638 448 689 475 οὐκ
713 448 809 482 ἀφέσει

25 491 148 526 βούλεται
184 491 235 526 τὴν
268 491 365 526 ἄφεσιν
398 493 657 528 πραγματεύεσθαι;
686 492 810 520 Τοσαῦτα

23 538 129 574 ἔχοντες
144 539 347 575 ὑποδείγματα,
365 539 551 575 μιμησώμεθα
570 539 638 566 Θεοῦ
661 539 812 575 φιλανθρω-

24 584 97 615 πίαν,
113 585 159 611 καὶ
178 585 215 620 μὴ
240 585 414 620 βουληθῶμεν
432 585 478 620 ἀφ’
499 586 577 621 ἡμῶν
592 586 688 621 μαθεῖν
709 586 809 619 αὐτῶν,

24 631 84 657 ὅσον
113 630 169 666 (57)
197 631 282 658 κακὸν
312 631 448 667 ἁμαρτίας
469 632 612 664 ἀντίδοσις.
642 633 723 668 Ὁρᾷς
748 633 811 659 ἁκο-

24 675 131 704 λουθίαν
154 676 348 712 χρηστότητος.
367 677 517 713 Νομοθετεῖ
536 678 658 714 πρῶτον,
677 676 737 704 εἶτα
757 678 810 705 δια-

25 722 162 749 κελεύεται
177 723 244 758 (58),
261 724 441 758 ὑπισχνεῖται,
457 724 573 756 ἀπειλεῖ,
590 723 725 755 ὀνειδίζει,
757 724 809 750 ὲπ-

24 769 201 802 σνατείνεται,
217 769 335 804 κατέχει·
346 769 452 796 ἀπειλεῖ
471 770 552 796 πάλιν
564 778 570 785 ·
588 771 651 796 ὅταν
665 769 807 805 ἐκϐιασθῇ.

24 814 129 850 πληγὴν
140 815 237 849 ἐπάγει
250 815 315 850 (59),
334 815 380 841 καὶ
395 815 497 851 ταύτην
511 815 580 842 κατὰ
594 815 701 851 μικρὸν,
717 814 808 850 χώραν

24 861 177 895 ὑπανοίγων
201 862 261 892 ταῖς
284 860 452 896 διορθώσεσι.
469 861 516 896 Μὴ
538 861 627 887 τοίνυν
653 860 721 896 μηδὲ
744 860 813 896 πλή-
828 877 849 904 Β

24 907 111 942 ξωμεν
126 907 232 943 ἀθρόως
243 906 298 942 (40)
311 907 357 941 (οὐ
373 906 427 942 γὰρ
442 906 589 942 ἀσφαλὲς),
604 906 672 933 ἀλλὰ
684 906 723 942 τῷ
736 906 810 941 φόϐῳ

24 953 255 988 σωφρονίσαντες,
279 955 312 990 τῇ
345 954 534 990 φιλανθρωπίᾳ
564 954 737 989 νικήσωμεν,
764 953 812 980 καὶ

23 998 149 1034 λάϐωμεν
173 999 322 1035 ὑποχρέους
346 1000 401 1035 (41)
431 999 575 1031 εὐλαϐείας
608 999 647 1032 τῷ
681 999 811 1026 συνειδότι

23 1045 118 1076 πλέον,
147 1045 164 1080 ἢ
192 1047 226 1080 τῇ
252 1046 320 1082 ὀργῇ
345 1045 549 1080 βασανίσαντες.
578 1045 624 1080 Μὴ
651 1045 811 1080 ξηράνωμεν

23 1090 108 1126 συκῆν
124 1090 164 1117 ἔτι
179 1093 364 1127 καρποφορεῖν
381 1091 545 1127 δυναμένην,
564 1091 602 1126 μὴ
619 1091 657 1122 ὼς
673 1091 811 1126 ἀχρήστου

23 1136 212 1171 καταΥνῶμεν,
232 1137 279 1163 καὶ
297 1137 489 1172 κατειργούσης
507 1136 552 1164 τὸν
568 1136 659 1167 τόπον,
679 1137 712 1171 ἣν
730 1137 812 1172 θερα-

23 1181 118 1208 πεύσει
139 1182 219 1217 τυχὸν
233 1182 353 1218 τεχνίτου
369 1182 492 1218 γεωργοῦ
513 1182 666 1218 προστασία
680 1182 728 1209 καὶ
750 1183 811 1209 ἐπι-

24 1228 117 1263 μέλεια
139 1228 214 1263 Μηδὲ
229 1229 355 1255 τοσοῦτον
371 1228 450 1264 ἔργον
471 1229 518 1255 καὶ
544 1228 704 1264 περιϐόητον
716 1228 748 1254 δι’
764 1229 813 1255 ἐπ-

22 1275 118 1309 ήρειαν
131 1274 187 1310 (42)
207 1274 272 1306 ἴσως
293 1274 340 1301 τοῦ
358 1274 476 1310 πονηροῦ
493 1274 541 1301 καὶ
557 1273 668 1309 φθόνον,
681 1273 767 1305 οὕτως
783 1275 812 1300 ὲν

23 1320 120 1356 βραχεῖ
130 1320 337 1356 καταλύσωμεν,
353 1319 420 1347 ἀλλὰ
435 1320 611 1356 βουληθῶμεν
625 1319 812 1356 φιλάνθρωποι

22 1365 139 1400 φανῆναι
167 1365 267 1401 μᾶλλον
292 1365 308 1401 ἢ
335 1365 452 1397 ἐντελεῖς
474 1365 549 1400 (45),
574 1365 621 1392 καὶ
647 1365 812 1400 φιλόπτωχοι

23 1410 115 1442 πλέον,
129 1411 146 1446 ἢ
163 1411 340 1446 φιλοδίκαιοι·
363 1411 431 1447 μηδὲ
444 1411 498 1438 τῶν
519 1412 724 1439 ὑπεκκαιόντων
738 1413 813 1447 ἡμᾶς

23 1457 61 1488 εἰς
72 1456 154 1483 τοῦτο
175 1456 266 1489 πλέον,
286 1457 303 1492 ἢ
320 1456 374 1484 τῶν
389 1457 557 1492 κατεχόντων
574 1456 751 1493 ἁνεχώμεθα·
766 1458 813 1484 καὶ

23 1501 52 1527 τὸ
66 1501 191 1536 αἰσχρὸν,
202 1502 225 1528 εἰ
243 1502 279 1538 μή
296 1511 322 1529 τι
337 1502 411 1535 ἄλλο,
427 1502 634 1538 ἐνθυμηθέντες,
650 1503 674 1529 εξ
688 1502 813 1539 δόξαιμεν

23 1547 91 1582 πρὸς
112 1548 237 1582 πτωχοὺς
248 1547 442 1582 ἀγωνίζεσθαι,
456 1548 481 1574 οἳ
503 1548 585 1574 τοῦτο
605 1549 676 1583 μέγα
702 1548 813 1574 πλεονε‹
827 1559 849 1589 C

24 1593 127 1625 κτοῦσι,
140 1593 180 1626 τὸ,
194 1593 245 1620 κᾶν
256 1593 380 1626 ἀδικῶσι,
396 1593 528 1620 ἐλεεῖσθαι
542 1594 586 1620 διὰ
596 1594 645 1630 τὴν
659 1594 810 1629 συμφοράν.

24 1638 79 1665 Νῦν
92 1638 150 1666 οἴου
165 1639 268 1671 πάντας
290 1639 338 1675 μέν
360 1648 401 1666 σοι
429 1639 612 1675 προσπίπτειν
636 1639 762 1674 πτωχούς
781 1647 811 1665 τε

24 1685 70 1710 καὶ
85 1685 306 1720 πτωχοτρόφους,
327 1684 433 1716 πάντας
446 1685 474 1711 δὲ
499 1684 632 1720 μοναστὰς
651 1684 698 1711 καὶ
715 1683 813 1719 παρθέ-

23 1738 85 1762 νους
105 1730 175 1766 ὑπὲρ
197 1730 286 1757 αὐτῶν
304 1729 482 1762 ἱκετεύοντας.
501 1730 551 1761 Δὸς
570 1731 627 1761 τοῖς
645 1730 728 1756 πᾶσιν
752 1729 812 1757 ἀντὶ

23 1776 126 1803 τούτων
140 1777 191 1812 τὴν
205 1777 283 1812 χάριν
301 1776 411 1812 (ἐπειδὴ
424 1777 472 1803 καὶ
488 1775 686 1812 συνετρίϐησαν
701 1775 812 1808 ἱκανῶς,

22 1821 59 1853 ὡς
73 1822 154 1858 δῆλον
173 1822 203 1856 ἐξ
220 1819 257 1849 ὧν
274 1823 352 1858 ἡμῶν
371 1822 547 1858 ἐδεήθησαν),
567 1822 615 1849 καὶ
632 1822 686 1857 πρὸ
704 1822 813 1849 πάντων

22 1869 89 1903 ἡμῖν
113 1869 170 1900 τοῖς
196 1868 265 1905 ὑπὲρ
297 1869 387 1896 αὐτῶν
412 1868 619 1904 πρεσϐεύουσιν.
643 1867 697 1899 Οὓς
723 1868 750 1894 εῐ
772 1876 813 1894 σοι

21 1913 110 1941 δεινὸν
133 1912 205 1941 εἶναι
226 1915 350 1950 φαίνεται
371 1915 401 1942 τὸ
427 1915 491 1950 παρ’
507 1914 597 1941 αὐτῶν
618 1913 812 1950 ἀτιμασθῆναι,

21 1959 115 1995 πολλῷ
126 1961 245 1995 φανείτω
258 1960 406 1996 δεινότερον
419 1961 449 1987 τό
465 1969 505 1987 σοι
517 1959 715 1997 παραινοῦντας
729 1959 814 1986 ταῦτα

23 2006 61 2042 μὴ
79 2006 260 2041 ἀκουσθῆναι.
276 2006 321 2042 Τῷ
340 2007 369 2034 δὲ
393 2007 468 2041 καλῷ
483 2006 582 2042 Παύλῳ
599 2005 653 2042 (46)
670 2006 813 2041 συγχωρή-

21 2059 97 2077 σειεν
112 2052 126 2077 ὁ
141 2051 218 2083 Θεὸς,
231 2051 248 2078 ἃ
268 2053 308 2084 είς
322 2053 396 2088 ἡμᾶς
413 2051 565 2087 ἐξύϐρισεν.

897 444 1020 479 Denique
1035 451 1127 471 annon
1146 444 1193 471 illa
1222 445 1389 480 precationis
1416 445 1502 473 forma
1518 446 1570 474 huc
1589 455 1651 483 spe-

859 494 927 522 ctat,
941 493 971 517 ut
986 489 1095 517 veniam
1105 490 1183 518 nobis
1195 491 1274 517 venia
1288 492 1501 525 comparemus?
1515 493 1571 528 68
1582 493 1652 522 Cum

864 536 950 571 igitur
963 540 1002 562 tot
1014 536 1139 571 exempla
1162 535 1240 564 nobis
1261 541 1360 571 praesto
1376 536 1441 570 sint,
1464 537 1510 565 Dei
1526 539 1651 574 benigni-

861 586 944 609 tatem
963 590 994 609 ac
1012 582 1169 609 facilitatem
1195 583 1346 614 imitemur,
1369 591 1419 610 nec
1438 588 1570 618 quantum
1587 578 1650 612 mali

862 629 891 656 in
917 629 1024 664 peccati
1041 629 1146 656 ultione
1170 629 1289 664 positum
1311 629 1357 663 sit,
1377 638 1410 657 ex
1423 631 1502 658 nobis
1519 631 1585 666 ipsis
1609 632 1650 659 di-

864 682 942 702 scere
962 674 989 701 in
1015 674 1135 701 animum
1157 675 1330 702 inducamus.
1355 675 1532 712 Benignitatis
1552 678 1649 705 seriem

864 721 950 748 vides.
971 719 1093 747 Primum
1115 721 1200 756 legem
1217 722 1312 754 sancit,
1328 721 1426 750 deinde
1439 723 1526 757 jubet,
1542 724 1652 758 pollice-

864 769 909 793 tur
921 785 929 798 ,
951 766 1090 798 minatur,
1110 766 1249 801 increpat,
1263 774 1360 801 pamas
1377 767 1504 801 intendit,
1526 770 1649 804 cohibet;

862 813 984 840 minatur
1002 820 1130 846 rursum;
1157 821 1219 840 cum
1237 813 1351 841 adactus
1374 814 1466 847 fuerit,
1481 816 1587 851 plagam
1609 816 1652 844 in-

863 857 934 891 fert,
961 859 1043 894 idque
1069 859 1217 894 paulatim,
1243 860 1316 887 viam
1346 861 1451 889 scilicet
1465 862 1651 890 emendationi

862 904 999 939 aperiens.
1015 903 1199 937 Quamobrem
1222 913 1274 933 nos
1295 914 1404 941 quoque
1417 914 1527 942 operam
1543 907 1650 941 demus,

861 957 896 977 ne
913 955 1022 985 repente
1044 950 1175 979 feriamus
1207 951 1306 986 (ne|ue
1331 953 1403 979 enim
1421 952 1448 979 id
1466 957 1555 980 tutum
1572 957 1626 990 est)
1641 975 1650 987 ,

861 1004 956 1024 verum
979 1001 1009 1024 ut
1029 1005 1077 1024 eos
1097 1004 1111 1023 a
1128 997 1228 1032 quibus
1249 998 1305 1025 laesi
1319 1006 1428 1032 sumus,
1445 1003 1519 1026 metu
1533 1001 1652 1036 castiga-

862 1046 915 1075 tos,
933 1043 1101 1078 benignitate
1117 1050 1290 1078 superemus,
1314 1049 1396 1079 atque
1413 1043 1446 1071 ad
1458 1045 1651 1072 verecundiam

862 1092 888 1115 et
901 1088 1081 1115 reverentiam
1097 1089 1295 1124 astringanius,
1313 1090 1357 1124 qui
1375 1090 1546 1118 conscientia
1559 1091 1652 1126 potius

862 1142 943 1169 quam
969 1135 1110 1162 iracundia
1133 1139 1321 1170 torqueantur.
1341 1135 1381 1163 Ne
1408 1136 1570 1170 ficulneam,
1591 1145 1652 1172 quae

864 1179 969 1207 fructus
980 1180 1068 1207 adhuc
1084 1179 1157 1208 ferre
1172 1186 1264 1216 queat,
1283 1181 1408 1209 siccitate
1425 1182 1586 1214 alIiciamus.
1604 1191 1650 1214 ne,

863 1231 893 1253 ut
915 1226 1038 1254 inutilem
1058 1231 1085 1254 et
1100 1227 1233 1254 inutiliter
1249 1227 1338 1254 locum
1359 1233 1551 1264 occupantem,
1571 1229 1650 1257 dam-

864 1279 972 1305 nemus,
1003 1272 1049 1299 cui
1081 1273 1211 1300 industrii
1231 1273 1360 1308 agricolae
1372 1282 1438 1301 cura
1453 1275 1496 1309 iet
1510 1275 1651 1310 diligentia

864 1317 982 1345 fortasse
1009 1318 1164 1346 medebitur
1176 1319 1210 1346 '°.
1234 1318 1290 1346 Nec
1312 1323 1417 1346 tantum
1437 1324 1520 1356 atque
1544 1321 1652 1349 celebre

864 1371 933 1399 opus
950 1364 986 1392 ob
1001 1363 1103 1392 diaboli
1128 1364 1246 1393 fortasse
1263 1365 1466 1400 improbitatem
1487 1371 1569 1403 atque
1582 1367 1652 1396 invi~

864 1409 936 1437 diam
949 1414 1005 1437 tam
1023 1410 1078 1438 cito
1098 1410 1249 1439 deleamus.
1273 1410 1343 1444 Quin
1369 1413 1461 1447 potius
1477 1413 1599 1440 animum
1614 1414 1652 1440 ita

864 1463 1054 1491 comparemus
1067 1476 1075 1489 ,
1107 1460 1136 1484 ut
1164 1457 1298 1492 benignos
1321 1458 1412 1492 potius
1431 1466 1512 1493 quam
1532 1467 1652 1492 severos,

864 1505 892 1528 et
919 1509 1070 1536 pauperum
1100 1503 1191 1537 potius
1219 1511 1301 1538 quam
1330 1504 1418 1531 exacti
1440 1504 1511 1538 juris
1529 1509 1653 1532 amantes

865 1554 916 1574 nos
936 1547 1122 1582 praebeamus;
1148 1556 1199 1576 nec
1217 1556 1311 1576 eorum
1334 1550 1426 1584 potius
1441 1551 1488 1585 qui
1511 1558 1562 1578 nos
1576 1550 1610 1578 ad
1627 1550 1653 1577 id

866 1592 1054 1625 inﬂammant,
1079 1601 1161 1629 quam
1182 1594 1229 1630 qui
1257 1596 1388 1628 retinent,
1402 1596 1535 1623 rationem
1550 1596 1647 1624 hahea-

865 1646 938 1666 mus.
970 1639 1000 1666 ln
1022 1647 1077 1674 quo
1098 1639 1164 1667 illud
1186 1648 1306 1676 quoque,
1328 1641 1352 1669 si
1372 1641 1440 1668 nihil
1463 1642 1547 1674 aliud,
1572 1641 1653 1670 uobis

865 1685 1094 1713 considerandum
1109 1691 1161 1719 est,
1175 1686 1306 1714 nimirum
1321 1691 1400 1722 turpe
1414 1695 1446 1714 ac
1466 1687 1569 1715 fmdum
1580 1695 1652 1720 esse,

866 1731 888 1758 si
904 1737 967 1758 cum
989 1731 1157 1766 pauperibus
1182 1736 1344 1760 concertare
1355 1733 1517 1767 videamur;
1535 1733 1580 1768 qui
1601 1733 1654 1762 hoc

865 1776 993 1810 nomine,
1014 1781 1040 1804 et
1059 1777 1170 1812 quidem
1192 1786 1309 1814 magno,
1333 1779 1476 1815 superiore
1496 1780 1654 1808 conditione

866 1826 941 1854 sunt,
959 1823 1044 1858 quod,
1062 1823 1172 1852 etiamsi
1192 1824 1295 1860 alioqui
1321 1825 1449 1861 injuriam
1471 1825 1600 1858 inferant,
1617 1826 1654 1854 ob

866 1867 1050 1896 calamitatem
1068 1872 1160 1896 tamen
1179 1869 1338 1898 hominibus
1354 1870 1573 1899 misericordiam
1594 1879 1640 1899 mo

866 1916 940 1941 vent.
960 1913 1015 1941 Fac
1029 1922 1102 1942 nunc
1121 1918 1201 1950 putes
1222 1923 1317 1944 omnes
1333 1923 1478 1952 pauperes,
1493 1925 1526 1944 ac
1551 1925 1654 1952 paupe-

866 1967 926 1987 rum
947 1960 1107 1988 alendorum
1123 1961 1263 1990 studiosos
1284 1962 1318 1989 ad
1340 1970 1428 1998 genua
1443 1967 1490 1990 tua
1503 1964 1652 1998 prosterni,

867 2013 963 2033 omnes
980 2006 1044 2033 item
1061 2008 1212 2035 monachos
1227 2012 1254 2035 et
1267 2008 1388 2044 virgines
1401 2016 1452 2043 pro
1466 2008 1534 2043 ipsis
1549 2009 1654 2044 suppli-

866 2057 970 2080 cantes.
997 2051 1046 2080 His
1061 2053 1205 2086 omnibus,
1224 2053 1339 2081 istorum
1364 2054 1440 2087 loco,
1461 2055 1513 2082 hoc
1529 2054 1654 2087 beneficii

19 2097 55 2124 da
85 2086 425 2134 (quandoquidemvctiam
451 2086 519 2126 satis
549 2098 640 2125 amicti
665 2101 748 2133 atque
760 2097 855 2125 obtriti
881 2101 959 2130 sunt,
978 2101 1009 2125 ut
1030 2106 1063 2126 ex
1091 2106 1124 2126 eo
1142 2099 1244 2134 liquet,
1273 2099 1348 2135 quod
1380 2086 1652 2135 nosrobsecraruni),

19 2153 52 2172 ac
66 2147 222 2181 praesertim
235 2147 325 2180 nobis,
342 2155 436 2174 eorum
449 2147 572 2178 nomine,
586 2146 811 2181 deprecantibus.
831 2145 908 2178 Quod
921 2146 943 2173 si
961 2146 1010 2173 tibi
1021 2154 1104 2182 grave
1119 2152 1202 2182 atque
1237 2147 1378 2182 indignum
1396 2147 1520 2179 videtur,
1551 2155 1601 2174 nos
1619 2147 1653 2175 ab

18 2193 90 2228 ipsis
114 2195 287 2230 contemptui
317 2195 425 2223 habitos
452 2195 553 2227 fuisse,
573 2194 659 2221 multo
688 2194 769 2221 velim
786 2193 834 2221 tibi
854 2193 964 2228 gravius
981 2194 1127 2226 videatur,
1151 2202 1202 2222 nos
1219 2195 1275 2222 haec
1297 2195 1347 2221 tibi
1365 2195 1511 2222 suadentes
1541 2194 1653 2221 minime

16 2241 160 2269 exaudiri.
172 2241 292 2269 Pulchro
308 2247 398 2270 autem
410 2242 496 2270 Paulo
506 2243 610 2270 utinam
622 2241 694 2269 Deus
704 2249 736 2269 ea
752 2249 812 2277 qua:
829 2241 857 2269 in
873 2249 924 2269 nos
940 2242 1139 2270 contumeliose
1150 2243 1326 2278 perpetravit,
1343 2242 1489 2270 condonet.

51 2331 77 2347 "
94 2330 194 2358 Matth.
212 2338 289 2364 xvm,
304 2331 348 2359 ‘2l.
387 2332 409 2348 ³⁵
427 2332 521 2361 Matth.
538 2333 574 2361 28
587 2342 649 2369 sqq.
687 2334 710 2349 '“
726 2334 792 2362 Luc.
817 2343 877 2367 xm,
896 2335 983 2370 7sqq.

54 2436 116 2472 (56)
157 2436 291 2468 Τύπωσις

13 2479 121 2500 neume
141 2470 299 2498 Dominicaa.

53 2481 79 2498 Ill
141 2479 299 2498 uomumcaa.

51 2479 121 2542 (ὃς
137 2506 250 2542 Μαθεῖν
264 2506 316 2541 ἀφ’
329 2514 412 2542 ημων
426 2507 534 2540 αὐτῶν,
551 2507 634 2534 ὅσον.
651 2506 718 2535 Cod.
731 2516 813 2536 unus.

13 2543 120 2578 μαθεῖν
139 2541 309 2578 αυτοῖιςγὰςίΐ
328 2541 417 2578 ἡμῶν,
433 2543 517 2578 ϐσονη
530 2542 647 2570 Montac.
671 2547 698 2570 et
719 2543 811 2570 Morel.

13 2576 120 2620 μαθεῖν
135 2576 236 2607 αὐτοὺς
248 2577 319 2604 ὅσον.
330 2576 452 2605 Combef.
470 2577 564 2613 μαθεῖν
579 2578 653 2613 ἡμᾶς
668 2578 714 2612 ἀφ’
724 2577 813 2614 ἡμῶν,

11 2621 88 2639 οσον.

61 2647 113 2678 38)
127 2645 203 2673 Εἶτα
218 2647 429 2675 διακελεύεται.
440 2648 572 2681 Bill.,non
584 2652 668 2680 recte,
681 2648 812 2676 hortatur.

61 2650 113 2678 38)
127 2650 203 2673 Ειτα
218 2650 429 2675 διακελεύεται.
440 2650 572 2681 Bill.,non
584 2652 668 2680 recte,
681 2650 812 2676 hortatur.

50 2650 113 2718 (39)
145 2682 275 2719 ᾉπειλεῖ
294 2683 403 2719 πάλιν·
429 2683 503 2719 ὅταν
520 2683 675 2719 ἐκϐιασθῇ.
690 2683 813 2719 πληγὴν

11 2716 136 2753 ἐπάτει.
156 2716 360 2753 διονιοεοιιάιιιιι
381 2725 443 2745 cum
460 2718 582 2746 Combef.

51 2751 112 2788 (£0)
133 2751 301 2787 Πλήξωμεν
314 2753 435 2787 ἀθρόως.
450 2752 572 2780 Combef.
589 2753 669 2781 vertit
688 2762 694 2780 :
711 2752 751 2780 Ne
767 2754 813 2781 im-

11 2795 74 2822 petu
88 2788 236 2822 feriamus.

49 2822 111 2887 (4t)
133 2822 278 2866 Λᾴϐωρεν
290 2823 466 2858 ὐποῃνέους.
480 2822 519 2850 ita
532 2823 593 2852 cod.
609 2823 674 2860 Reg.
693 2828 719 2852 et
737 2823 814 2852 Com-

14 2858 47 2887 be
62 2877 70 2886 .
87 2859 121 2886 In
136 2858 203 2886 edn.
224 2857 374 2887 υπόγρεως.

62 2877 70 2886 ο
87 2866 121 2886 In
136 2866 203 2886 ea".
224 2866 374 2893 υποχρεως.

157 2436 291 2476 Τύαωᾳις
317 2436 373 2471 τῆς
403 2437 507 2471 εὐχῆς.
538 2437 673 2465 Orationis
704 2437 812 2473 regula,
832 2440 853 2467 ι)

901 2438 956 2473 (42)
971 2438 1025 2466 Kal
1037 2439 1212 2473 περιϐόητον
1227 2436 1430 2473 δι’γὲπήρειαν.
1448 2435 1484 2463 Ita
1501 2435 1566 2473 cod.
1584 2434 1650 2473 Reg.

866 2478 894 2500 οι
905 2469 1052 2506 Combef.;
1071 2469 1188 2500 Montac.
1207 2477 1234 2499 et
1252 2469 1346 2499 Morel.
1357 2472 1448 2499 delent
1461 2469 1516 2497 καί.
1539 2470 1566 2497 lu
1585 2471 1650 2498 edit.

867 2509 912 2535 καὶ
921 2508 1084 2546 περιϐόητον
1103 2509 1187 2540 οὕτως
1198 2507 1396 2546 διξεπήρειαν..
1460 2542 1468 2546 _
1487 2540 1497 2546 .
1548 2540 1563 2546 _
1601 2541 1606 2546 _
1647 2542 1652 2546 _

904 2540 1176 2582 (ᾆὸγφιλάνρρωποι
1199 2540 1319 2582 pri/tito}-
1343 2540 1652 2582 ψὲντεᾼεῖΞ-..ῌεηὶθιιῇ

866 2575 954 2612 potius
971 2587 1049 2613 quam
1062 2575 1184 2613 judices;
1200 2575 1316 2613 ἐντελεῖς
1333 2576 1415 2607 enim,
1434 2576 1477 2613 ait
1495 2575 1614 2607 Suitlas,
1626 2577 1650 2602 οι

868 2611 1006 2657 ἄρχοντες,
1029 2611 1205 2657 ᾗξρξαντενς,
1228 2611 1343 2657 ju‘d’ice‘s,
1370 2611 1651 2657 magistratusn:xncc

868 2623 1006 2676 αΓχοντες,
1029 2623 1045 2649 η
1066 2623 1205 2657 αρςαντες,
1228 2623 1343 2646 Juurces,
1370 2623 1539 2652 muglstr‘utus
1565 2623 1573 2637 ζ
1602 2623 1651 2638 IICU

867 2656 882 2675 a
895 2648 951 2681 iud,
968 2649 1056 2683 inquit
1070 2648 1204 2683 bombo},
1220 2646 1419 2683 ,φιλάνθρωποι
1432 2645 1557 2683 μᾶλλονῇ
1580 2647 1652 2672 ὲντε-

867 2680 1035 2718 λεῖςίίιιιιιὶιι
1061 2683 1133 2718 quod
1163 2681 1268 2718 Probus
1295 2680 1459 2709 Ambrosio:
1493 2680 1574 2713 Vade,
1593 2689 1649 2716 age,

867 2727 918 2746 non
934 2717 1129 2754 ut'judex,’scd
1149 2723 1175 2744 ιιι
1189 2717 1334 2754 episcopus,

915 2754 960 2791 44)
973 2750 1074 2791 Κειλρ
1083 2754 1200 2791 ﬂatile).
1209 2752 1255 2791 ita
1268 2752 1352 2791 codd._
1366 2751 1522 2791 treshltegg.
1537 2750 1652 2791 et-Com-

867 2785 921 2816 bef.
943 2785 970 2816 l'n
983 2789 1027 2816 ed.
1044 2785 1190 2816 Πλούτωνι.
1205 2787 1278 2823 Quis
1295 2788 1331 2816 sit
1347 2787 1398 2815 iste
1413 2785 1524 2818 Paulus,
1540 2786 1651 2813 minimc

867 2832 1001 2852 ιιυνιιιιιιε.
