1923 3053
61 155 112 184 H9

270 213 338 241 'oo'.
359 213 543 250 XIMIIAIKIA
564 214 630 250 (56).

758 153 929 182 EPISTOLA
949 153 1066 182 LXXI-ll.

1642 155 1692 183 150

1134 212 1250 241 LXXIX.
1271 212 1464 242 SlMPLICl/E.

96 291 226 324 Quantam
241 291 418 326 Cappadocia
430 291 560 323 Ecclesia,
574 293 694 325 episcopo
708 291 847 322 destituta.
859 291 992 318 communi
1006 299 1135 318 consensu
1147 291 1224 325 elegit
1243 299 1346 318 servum
1358 290 1512 324 Simplicice,
1527 291 1617 326 divitis
1632 299 1692 317 ma-

61 331 144 362 trona:
160 332 184 353 et
206 327 233 353 in
247 335 374 362 pauperes
392 328 535 361 muniﬁcie,
553 327 597 354 sed
615 327 746 354 htcreticis
762 327 954 360 suspicionibus
973 327 1131 361 ﬂagrantis;
1153 334 1263 360 eumque
1281 326 1331 362 loci
1355 326 1449 362 incon
1463 325 1652 362 adrBasilium
1667 330 1691 352 et

61 361 216 396 Gregorium
233 362 378 395 adducunt,
389 367 512 397 rogantes
530 366 557 388 ut
573 362 649 389 illum
662 362 713 389 sibi
727 363 878 396 episcopum
893 362 1003 394 darent;
1019 367 1168 388 annuerant
1180 362 1293 395 episcopi
1308 361 1414 397 fervidis
1429 361 1559 395 precibus,
1573 369 1692 388 servum-

59 405 109 431 que
120 397 229 424 invitum
243 405 273 423 ac
288 397 461 424 reluctantem
479 398 648 429 ordinarunt,
663 406 715 424 non
731 402 882 431 exspectato
897 397 1010 424 dominae
1025 405 1163 423 consensu.
1180 396 1256 429 Quod
1273 396 1318 422 ubi
1333 396 1380 422 illa
1396 397 1510 427 rescivit,
1528 397 1618 429 plenas
1641 396 1692 423 mi-

61 440 155 459 narum
168 438 193 459 et
207 432 385 460 conviciorum
397 438 476 468 atque
487 434 569 460 etiam
580 433 800 460 documentorum
816 433 919 459 litteras
931 432 1025 468 dedit;
1037 440 1104 458 ausa
1117 433 1209 466 quippe
1230 436 1269 458 est
1281 431 1419 468 impudens
1431 432 1529 468 mulier
1547 431 1690 468 liasilium,

62 472 89 493 ut
106 468 192 495 minus
219 468 344 502 peritum,
366 465 478 499 docere;
499 471 561 503 quin
587 469 666 494 etiam
683 468 825 495 sceleratos
849 467 966 503 homines
992 465 1126 503 adversus
1142 465 1208 503 eum
1229 466 1380 493 concitavit.
1400 465 1541 503 Rescripsit
1560 465 1689 499 Basilius,

61 503 148 537 sicque
163 502 298 530 iracunda:
314 503 432 530 mulieris
447 502 601 538 compressit
615 504 796 534 insolentiam,
813 507 842 529 ut
856 502 974 538 quandiu
987 502 1033 528 ille
1048 502 1123 534 vixit,
1138 502 1242 538 mutire
1253 510 1319 538 ou_sa
1335 509 1386 538 non
1400 502 1452 538 _sit.
1471 503 1504 528 At
1524 510 1553 528 eo
1576 506 1690 538 mortuo,

62 539 96 563 ad
106 536 241 573 ingenium
254 538 343 574 rediit,
357 543 380 564 et
397 539 431 565 ad
448 536 601 574 Gregorium
614 547 645 565 ea
661 538 692 565 de
708 547 736 565 re
757 536 872 572 scripsit,
893 537 1084 574 pet'lionoriﬁce
1098 536 1202 574 quidem
1224 536 1256 574 de
1275 536 1519 574 liasilioloquens,
1538 536 1581 563 sed
1606 541 1691 574 tamen

61 570 221 600 vehementer
233 573 402 605 contendens,
422 579 450 600 ut
466 570 533 601 servi
549 575 684 601 ordinatio
697 570 898 608 antiquaretur,
911 570 1064 600 minabatur
1075 570 1218 599 secularia
1233 571 1351 606 judicia.
1367 570 1418 598 His
1436 571 1533 599 litteris
1556 571 1690 606 respondit

63 608 202 644 Gregorius
216 610 300 636 multo
312 609 398 636 leuius
410 618 490 645 quam
503 611 647 643 scripserat
660 609 792 636 Basilius.

103 668 239 698 Ἐπαινείς
252 667 298 694 τὸν
313 668 389 702 ᾶγιον
404 669 451 694 καὶ
464 668 553 694 κοινὸν
567 668 647 703 ἡμῶν
660 667 716 702 (57)
735 667 852 703 πατέρα,

940 667 1019 700 Quod
1043 671 1171 694 sanctum
1189 666 1267 694 illum
1288 671 1316 695 et
1332 673 1507 694 communem
1524 670 1628 701 patrem
1641 673 1692 693 no-

61 713 90 739 τὸ
115 713 166 747 τῆς
193 713 311 744 πίστεως
339 712 466 748 ἔρεισμα,
490 713 537 746 nov
568 713 617 748 τῆς
645 712 775 748 ἀληθείας
803 721 854 739 κα-

61 759 124 785 νόνα
135 759 204 794 (58),
221 760 268 785 καὶ
287 759 450 795 χαρακτῆρα
466 759 516 794 τῆς
529 759 680 791 εὐσεϐείας,
697 759 746 794 τὴν
761 759 851 794 πλήρη

61 806 219 840 φρονήσεως
234 805 339 837 πολιὰν,
353 806 399 832 τὸν
419 805 492 841 ζωῆς
506 805 680 841 ἀνθρωπίνης
695 805 741 832 καὶ
752 806 853 841 ἀρετῆς

63 850 149 885 μέτρα
162 851 324 885 νικήσαντα,
343 851 388 877 τὸν
405 851 500 878 πιστὸν
524 851 686 887 θεράποντα,
704 851 750 878 καὶ
768 851 852 886 μέγαν

60 896 204 932 ἀρχιερέα,
220 897 266 923 τὸν
290 896 359 924 Θεοῦ
383 898 430 924 καὶ
446 896 598 932 ἀνθρώπων
614 897 727 933 μεσίτην
743 897 809 932 (59),
822 897 853 924 τὸ

60 942 107 968 τοῦ
123 942 283 977 Πνεύματος
295 942 466 977 καταγώγιον
475 951 481 958 '
495 942 576 969 τοῦτο
592 943 640 978 μὲν
653 942 741 978 ὀρθῶς
754 943 851 974 ποιεῖς,

61 987 122 1013 ἐπεὶ
144 987 192 1013 καὶ
211 988 265 1019 πᾶς
280 987 359 1019 λόγος
374 987 493 1014 ἐλάττων
506 988 565 1014 ἐστὶ
581 989 630 1022 τῆς
652 988 732 1021 ἁγίας
747 987 852 1022 ἐκείνης

62 1035 109 1060 καὶ
125 1034 266 1069 μακαρίας
286 1033 387 1069 ψυχῆς,
399 1034 422 1060 εὶ
440 1034 475 1069 μή
490 1042 522 1068 με
540 1034 632 1069 ἀπατᾷ
651 1034 681 1060 τὸ
699 1033 817 1069 φίλτρον,
837 1033 851 1068 ἢ

62 1080 108 1106 καὶ
123 1080 154 1106 τὸ
174 1079 260 1111 πάθος
276 1079 314 1114 τῷ
340 1079 416 1114 πόθῳ
437 1079 601 1115 κιρνάμενον
616 1079 682 1114 (60).
708 1079 810 1106 Ἐκεῖνο
824 1078 852 1104 δέ

63 1134 109 1151 σου
125 1126 173 1151 καὶ
188 1125 248 1151 λίαν
262 1124 434 1160 τεθαύμακα,
448 1125 506 1156 πῶς
520 1125 641 1156 ἐπαινεῖς
655 1125 704 1160 μὲν
714 1124 751 1156 ὡς
764 1125 852 1159 ἅγιον,

62 1171 110 1196 καὶ
131 1170 212 1206 μέχρι
230 1169 325 1197 τούτου
342 1170 377 1197 τὰ
401 1170 494 1197 εἰκότα
512 1171 603 1206 τιμᾷς,
620 1171 651 1197 τὸ
667 1171 695 1198 δὲ
714 1170 794 1206 ἔργον
806 1171 854 1197 αὐ-

61 1216 109 1242 τοῦ
127 1216 271 1243 καταλύειν
287 1218 446 1252 ἐπιχειρεῖς,
466 1216 560 1252 ὥσπερ
584 1217 637 1244 τῶν
651 1218 771 1252 ἀναγίων
784 1217 852 1253 (61),

63 1262 110 1288 καὶ
128 1262 245 1297 μάλιστα
264 1262 369 1297 ὕϐρεως
388 1261 473 1289 ὅντων
497 1262 590 1295 ἀξίων,
605 1263 659 1290 τῶν
673 1264 734 1299 εἰκῆ
752 1264 853 1299 ζησάν-

61 1317 116 1334 των
135 1309 190 1343 (6‘2)
206 1310 253 1336 καὶ
276 1312 478 1346 μεταστάντων.
500 1314 531 1340 El
552 1315 602 1349 μὲν
621 1313 676 1349 γὰρ
694 1314 731 1345 ὡς
755 1314 854 1350 ἀνδρα-

904 718 993 741 strum
1010 713 1139 740 laudibus
1151 713 1238 745 vehis,
1255 713 1333 746 illud,
1345 714 1468 748 inquam,
1480 712 1541 740 lidei
1553 713 1690 745 columen,

903 760 978 787 illam
993 759 1120 788 veritatis
1138 767 1278 791 normam,
1295 763 1322 787 ct
1337 759 1479 794 religionis
1491 758 1619 791 formam,
1634 759 1692 794 ple-

902 813 966 833 nam
994 805 1141 840 prudentia
1167 805 1307 838 canitiem,
1335 805 1413 832 illum
1432 805 1495 832 vitm
1520 805 1646 832 humanae
1664 808 1692 832 et

902 851 1015 879 virtutis
1030 851 1141 879 modum
1160 853 1384 888 supergressum,
1410 851 1488 878 illum
1503 851 1608 878 ﬁdelem
1634 857 1692 878 ser—

905 904 980 929 vum,
997 900 1024 924 et
1039 904 1168 932 magnum
1185 896 1353 931 pontificem,
1367 896 1414 923 Dei
1431 900 1459 924 et
1474 896 1616 923 hominum
1633 903 1691 923 me-

903 942 1047 975 diatorem,
1062 942 1238 977 Spir-ilusque
1253 942 1341 969 sancti
1354 942 1522 969 domicilium
1541 951 1548 969 :
1566 942 1618 969 hoc
1630 941 1692 976 qui-

903 987 964 1015 dem
987 992 1063 1015 recte
1089 987 1168 1020 facis,
1193 988 1418 1023 quandoquidem
1443 995 1493 1015 nec
1518 988 1572 1014 ulla
1602 988 1691 1014 oratio

904 1038 1006 1062 sancta:
1022 1035 1097 1062 illius
1107 1038 1134 1062 et
1155 1035 1240 1062 beata:
1253 1035 1351 1062 animae
1368 1034 1496 1062 laudibus
1512 1041 1561 1069 par
1574 1033 1690 1061 inveniri

903 1083 1006 1114 potest,
1028 1079 1081 1107 nisi
1097 1080 1164 1107 mihi
1186 1087 1265 1107 amor
1280 1080 1406 1116 imponit,
1425 1083 1472 1107 aut
1494 1080 1575 1106 etiam
1589 1086 1691 1106 mmror

903 1133 967 1152 cum
988 1125 1126 1153 desiderio
1144 1126 1302 1160 permistus.
1327 1126 1395 1153 Illud
1418 1133 1485 1153 vero
1506 1126 1535 1153 in
1553 1130 1579 1153 te
1590 1130 1617 1153 et
1629 1125 1692 1160 qui-

903 1169 964 1197 dem
975 1170 1150 1198 vebementer
1165 1171 1261 1203 miror,
1278 1171 1352 1206 quod
1365 1179 1428 1199 cum
1445 1179 1507 1199 eum
1523 1175 1550 1199 et
1565 1175 1691 1199 sanctum

903 1216 992 1242 virum
1009 1216 1116 1249 laudes,
1132 1221 1214 1252 atque
1238 1217 1384 1250 hactenus,
1407 1222 1437 1244 ut
1453 1225 1561 1253 aequum
1576 1222 1628 1249 est,
1643 1218 1693 1245 lio-

904 1269 970 1290 nore
985 1263 1097 1296 allicias,
1119 1263 1207 1298 ipsius
1228 1268 1320 1292 tamen
1336 1272 1406 1301 opus
1427 1268 1552 1292 evertere
1569 1265 1691 1296 conaris,

905 1316 961 1336 non
979 1317 1059 1337 secus
1082 1318 1113 1337 ac
1144 1310 1322 1345 profanorum
1340 1311 1493 1342 hominum,
1510 1310 1692 1337 contumelia-

62 1354 144 1380 πόδου
162 1359 295 1392 μεταποιῇ
321 1358 386 1385 ἰδίου
407 1359 454 1386 τοῦ
478 1359 743 1395 ωμποιμὲνος(65).
761 1349 810 1387 καί
823 1360 853 1386 τὺ

910 1362 958 1390 que
980 1356 1098 1383 maxime
1121 1355 1280 1391 dignorum,
1309 1357 1411 1392 quique
1437 1363 1508 1384 vane
1536 1359 1694 1390 temereque

64 1400 163 1435 μικρὸν
177 1401 256 1428 τοῦτο
268 1403 363 1439 κέρδος
375 1404 493 1438 διώκεις,
506 1406 556 1432 οὐκ
565 1406 620 1440 ἔχω
632 1406 688 1438 πῶς
703 1406 853 1442 ἐπαινήσω,

63 1447 107 1473 ἴνα
127 1448 246 1484 μετρίως
266 1450 334 1476 εἴπω
351 1450 419 1487 (64),
443 1452 491 1478 καὶ
517 1452 618 1488 σφόδρα
637 1452 717 1478 τοῦτο
733 1452 782 1486 τῆς
804 1452 855 1487 σῆς

65 1494 267 1530 μεγαλοψυχίας
281 1497 400 1530 ἀνάξιον.
422 1498 484 1530 Πῶς
499 1498 552 1533 γὰρ
567 1499 617 1525 οὐκ
632 1499 740 1529 ἄτοπον,
762 1498 855 1534 χρυσῷ

65 1541 116 1575 μὲν
132 1541 179 1567 καὶ
194 1541 307 1578 ἀργύρῳ
324 1544 407 1579 τιμᾷν
425 1543 456 1570 τὺ
472 1543 559 1575 θεῖον,
580 1544 626 1571 καὶ
642 1545 697 1576 τοῖς
720 1545 856 1579 περιττοῖς

64 1587 116 1621 τῆς
135 1588 269 1623 κτήσεως,
289 1588 353 1615 ἔνθα
377 1590 424 1616 καὶ
444 1590 535 1616 πλεῖον
552 1590 599 1616 τοῦ
625 1591 694 1625 πρὸς
716 1590 856 1617 εὐσέϐειαν

66 1631 131 1662 ι’σως
146 1631 176 1658 τὸ
196 1633 256 1658 κατ’
272 1633 411 1666 ἐπίδειξιν,
429 1635 497 1670 ἱερεῖ
518 1635 547 1661 δὲ
562 1635 631 1666 ὅλως
649 1633 790 1670 βούλεσθαι
806 1634 856 1671 ζη-

67 1677 145 1712 μιοῦν
169 1678 343 1714 Ἐκκλησίαν,
369 1680 418 1706 καὶ
439 1680 579 1716 ἀποσυλᾷν
599 1680 653 1707 τῶν
674 1681 856 1717 ἀναθημάτων

64 1724 94 1750 τὸ
111 1724 278 1759 ἁγιώτατονς

102 1855 135 1880 Εἰ
152 1854 180 1880 δὲ
196 1855 236 1882 ὅτι
253 1856 313 1882 κατ’
330 1855 453 1888 ἐξουσίαν
470 1857 550 1884 τοῦτο
572 1859 773 1894 πεποιήκαμεν,
798 1858 856 1885 ἀλλ’

66 1902 126 1936 οὐχὶ
139 1901 188 1938 τὴν
208 1902 258 1937 σὴν
270 1903 409 1937 εὐγένειαν
426 1903 633 1939 ὑπεμνήσαμεν,
651 1904 712 1930 οὐδὲ
731 1906 765 1940 τῇ
781 1904 858 1940 φιλο-

65 1949 147 1984 τιμίᾳ
176 1949 271 1985 καιρὸν
297 1948 438 1984 ἐδώκαμεν
454 1949 521 1984 (65),
544 1950 740 1985 δυσχεραίνεις,
768 1950 858 1984 λέγοις

69 1997 118 2032 μὲν
130 1996 163 2023 ἄν
174 2005 200 2022 τι
212 1996 327 2028 δίκαιον,
340 1996 388 2022 καὶ
399 1995 429 2022 τὺ
442 1996 527 2027 πάθος
540 1995 710 2031 ἀνθρώπινον
722 1996 787 2031 (66)·
803 1997 857 2023 [σοι

66 2043 106 2076 δὲ,
133 2041 255 2078 μείζονος
278 2042 424 2074 ἐπιδόσεως
449 2042 519 2069 εἶναὶ
544 2051 585 2069 σοι
612 2042 670 2074 νῦν,
696 2042 711 2078 ἢ
737 2041 775 2078 τῷ
796 2042 857 2069 τότε

105 2110 162 2144 (56)
182 2110 255 2139 Alias
268 2110 413 2137 XXXVIII.
431 2110 538 2146 Scripta
557 2118 628 2138 anno
651 2111 713 2142 579,
735 2116 797 2139 ante
814 2112 856 2139 vel

69 2151 132 2181 post
150 2147 329 2181 superiorem.
343 2162 378 2166 --
390 2147 559 2181 Σιμπλικίᾳ.
575 2146 615 2172 Ad
630 2147 752 2173 eamdem
768 2150 857 2174 exstat

67 2189 179 2216 quoque
195 2181 288 2208 Basilii
304 2182 430 2216 epistola,
448 2190 543 2216 nempe
559 2189 620 2214 cxv,
641 2183 668 2208 in
683 2190 737 2217 qua
752 2182 778 2209 ei
793 2182 857 2208 libe-

68 2217 206 2244 ralitatem
226 2217 335 2251 quidem
357 2217 478 2244 tribucre
501 2217 618 2248 videtur,
639 2217 687 2244 sed
709 2225 768 2244 eam
790 2217 857 2243 nihil

68 2252 202 2287 prodesse
225 2253 272 2283 ait,
296 2251 341 2278 ubi
366 2252 409 2285 ius
431 2252 619 2283 conculcatur,
641 2257 724 2286 atque
746 2252 856 2287 optimis

68 2288 137 2314 viris
151 2294 198 2321 per
214 2288 363 2314 sceleratos
378 2291 404 2314 et
420 2287 542 2323 perditos
562 2287 687 2314 homines
705 2287 857 2321 periculum

67 2326 191 2350 creatur.

106 2358 163 2392 (57)
183 2357 237 2383 Kal
261 2357 364 2384 κοινὸν
387 2357 481 2391 ἡμῶν.
505 2358 544 2385 Ita
569 2357 629 2385 cod.
652 2356 717 2392 Reg.
740 2364 772 2384 ac
790 2356 857 2385 edit.

68 2393 214 2425 nonnulli;
227 2393 254 2418 in
271 2392 434 2427 quibusdam
448 2396 538 2421 autem
553 2393 600 2420 καὶ
611 2393 657 2419 τὸν
670 2392 768 2420 κοινόν.

108 2428 166 2463 (58)
187 2427 245 2461 Τῆς
270 2428 412 2461 ἀληθείας
441 2429 563 2456 κανόνα.
591 2428 658 2462 Reg.
685 2433 712 2455 et
739 2428 856 2455 lllontac.

68 2463 121 2497 τῆς
143 2463 304 2503 Ἐκκλησίας
319 2463 428 2506 κάνόίνα,
444 2462 570 2506 Εεςιεδὶιε
580 2463 710 2506 regulam.
726 2463 798 2506 Mox,
811 2464 859 2489 καὶ

90 2498 235 2534 αρακτῆρα
251 2498 300 2532 τῆς
315 2498 465 2539 εὐσεϐείας.
487 2498 526 2540 It_a
549 2499 611 2526 cod.
635 2498 713 2533 Reg.,
727 2498 857 2540 ﬁliculam,

87 2533 167 2560 Iorcl.
184 2533 353 2569 acVCombcl.
369 2532 398 2560 In
408 2534 472 2561 C(III.
484 2543 534 2569 της
551 2534 721 2569 Ἐκκλησίας.
736 2533 769 2560 ιι
779 2534 859 2568 paulo

69 2574 150 2604 post,
159 2569 206 2603 τῆς
218 2568 299 2602 ζωῆς.
316 2567 394 2604 Unus
409 2569 470 2596 cod.
486 2567 566 2596 habet
580 2569 627 2596 καὶ
642 2567 724 2604 ζωῆς.

109 2603 166 2639 (59)
184 2604 238 2639 Τὸν
254 2603 328 2630 θεοῦ
340 2603 389 2630 καὶ
403 2604 565 2639 ἀζθρώπων
575 2605 713 2639 μεσίτην.
735 2603 773 2631 Ita
796 2603 858 2631 cod.

71 2645 99 2666 et
115 2637 167 2675 iis].
185 2638 369 2675 SicrApostol.
387 2637 485 2675 I_Tini_,
510 2648 539 2672 ιι,
562 2637 602 2667 εἷς
622 2637 728 2675 signa).
744 2640 859 2675 μεσίτης

72 2674 142 2709 Θεοῦ
156 2674 209 2700 ’καὶ
227 2669 387 2709 ἀνθρώπων.
405 2673 436 2700 In
449 2669 513 2702 edit.
527 2669 573 2702 τὸν
593 2674 640 2701 τοῦ
652 2669 729 2701 ⁷Θεοῦ
744 2669 797 2702 ’καὶ
814 2669 859 2701 ἀνί

72 2708 185 2745 Θρώπου
205 2708 327 2745 μεσίτηνί

110 2745 166 2779 (60)
181 2744 278 2780 Πείθος
290 2743 329 2777 τῷ
346 2745 425 2780 πόθῳ
438 2745 625 2780 κιρνάμενον.
645 2744 681 2772 Ita
695 2743 755 2772 cod.
772 2743 853 2780 Reg,

73 2787 181 2815 necnon
206 2779 338 2811 lllontac.,
353 2779 447 2807 Morel.
467 2787 499 2807 ac
510 2779 648 2812 Combel'.,
673 2780 767 2814 sicque
791 2779 855 2815 legit

74 2814 261 2851 Billslnnedit.
277 2815 361 2851 πάθος
376 2814 415 2849 τῷ
431 2815 589 2851 umquam
601 2815 772 2850 κιρνάμενον,
783 2814 856 2850 quad

74 2850 163 2878 reddit
176 2841 298 2877 Combef.
310 2841 387 2877 dolor
395 2841 427 2876 ea:
438 2841 566 2877 desiderio
576 2841 855 2878 rationi‘comrniitus.

109 2885 166 2921 (6|)
180 2885 293 2919 ’Ὠσπερ
309 2884 369 2913 τῶν
384 2885 524 2920 ἀναγὶων.
545 2885 667 2914 Combef.
683 2895 689 2913 :
704 2893 794 2914 eorum
813 2885 858 2921 qui

905 1401 1036 1434 vixerint,
1050 1405 1133 1436 atque
1145 1409 1160 1429 e
1171 1401 1226 1428 vita
1237 1401 1425 1430 discesserint.
1438 1401 1507 1428 Nam
1523 1400 1547 1429 si
1560 1401 1692 1436 collegam

905 1452 1042 1479 nostrum,
1064 1447 1142 1483 quasi
1158 1447 1332 1483 mancipium
1354 1451 1431 1474 tuum
1457 1447 1592 1479 vindicas,
1611 1450 1694 1481 atque

905 1495 1034 1531 exiguum
1051 1495 1105 1523 hoc
1118 1495 1225 1522 lucrum
1244 1495 1402 1530 aucuparis,
1417 1495 1575 1529 nescioqua
1588 1494 1694 1520 ratione

906 1541 1092 1576 probaverim,
1120 1544 1150 1568 ut
1172 1541 1284 1576 parcius
1311 1544 1338 1567 et
1355 1541 1525 1568 moderatius
1542 1540 1650 1575 loquar,
1667 1543 1695 1567 et

905 1587 957 1615 hoc
973 1593 1018 1615 tua
1032 1587 1116 1615 animi
1128 1587 1315 1623 magnitudine
1328 1594 1461 1622 perquam
1477 1586 1622 1622 indignum
1638 1591 1692 1614 est.

905 1634 1004 1661 Annon
1022 1633 1095 1661 enim
1125 1632 1251 1667 iniquum
1277 1637 1304 1661 et
1331 1632 1481 1660 absurdum
1512 1632 1606 1665 fuerit,
1631 1640 1694 1659 cum

907 1687 975 1707 auro
993 1683 1021 1707 et
1034 1683 1148 1715 argento
1168 1679 1369 1715 superﬂuisque
1390 1679 1488 1714 opibus
1504 1678 1591 1706 Deum
1608 1679 1696 1706 hono-

908 1734 964 1758 ros,
981 1726 1028 1753 ubi
1043 1727 1105 1761 plus
1121 1725 1243 1754 fortasse
1263 1725 1462 1753 ostentationis
1475 1729 1517 1753 est
1528 1732 1611 1760 quam
1637 1725 1696 1760 pie-

907 1772 982 1804 tatis,
999 1772 1142 1799 sacerdote
1163 1771 1275 1798 omnino
1294 1771 1444 1799 Ecclesiam
1470 1771 1602 1799 mulctare
1615 1770 1694 1803 velle,

908 1817 1172 1852 sanctissimumque
1188 1818 1333 1845 donarium
1348 1817 1520 1852 depraedari?

943 1865 994 1893 Sin
1015 1868 1117 1896 autem,
1145 1863 1209 1898 quia
1231 1863 1259 1890 id
1280 1863 1365 1890 libere
1380 1870 1412 1890 ac
1425 1870 1476 1898 pro
1495 1866 1632 1898 potestate
1642 1863 1694 1898 71

908 1911 1035 1943 fecimus,
1052 1917 1103 1937 nec
1126 1909 1160 1937 de
1177 1916 1209 1936 ea
1223 1917 1253 1937 re
1275 1910 1352 1944 prius
1367 1914 1393 1937 te
1406 1910 1551 1938 certiorem
1567 1910 1695 1943 fecimus,

909 1964 960 1985 nec
976 1955 1136 1984 liberalitati
1151 1959 1205 1982 tute
1226 1955 1477 1990 muniﬁcentiieque
1492 1959 1601 1991 tempus
1618 1956 1697 1984 dedi-

909 2010 982 2035 mus,
995 2002 1099 2029 idcirco
1117 2008 1276 2034 succenses,
1292 2001 1360 2036 justi
1373 2001 1484 2036 quidem
1498 2001 1603 2037 aliquid
1619 2002 1697 2030 dixe-

908 2049 958 2081 ris,
982 2048 1176 2082 humanusque
1203 2051 1246 2074 est
1271 2047 1316 2074 hic
1352 2046 1478 2075 allectus.
1505 2047 1573 2075 Illud
1603 2052 1696 2076 autem

909 2115 984 2142 nulla
999 2114 1140 2141 sanctitate
1157 2113 1289 2150 fulserint.
1383 2117 1508 2148 prtestat,
1523 2114 1621 2150 inquit.
1641 2116 1697 2143 τῶν

908 2150 1043 2184 ἁνάγνων,
1067 2149 1146 2184 quasi
1170 2149 1340 2183 impurorum
1361 2149 1521 2183 hominum;
1537 2149 1568 2178 et
1579 2151 1616 2178 ita
1632 2151 1695 2178 cod.

908 2183 987 2220 “63.,
1001 2183 1116 2211 Montac.
1132 2187 1159 2211 et
1175 2183 1270 2211 Morel.
1283 2184 1354 2217 Mox,
1368 2183 1483 2220 ΰόρεως.
1498 2183 1537 2212 lla
1549 2186 1610 2213 cod.
1627 2185 1695 2221 Reg.

909 2220 936 2246 In
952 2220 1017 2246 edit.
1032 2219 1148 2246 ὕϐρεων.

921 2229 936 2247 ιι
952 2219 1017 2248 edit.
1032 2219 1148 2254 ὕϐρεων.

944 2255 1001 2291 (62)
1024 2253 1087 2291 me
1104 2253 1177 2291 elici
1195 2253 1360 2291 ζησάντωῃ.
1391 2254 1527 2291 Combei.,
1553 2256 1599 2291 qui
1621 2256 1697 2284 nulla

910 2289 985 2325 fruge
1005 2289 1127 2327 uiderint.
1153 2289 1276 2327 Montac.
1287 2294 1318 2327 et?
1329 2289 1423 2327 lllorel.
1438 2289 1580 2326 legendum
1597 2300 1698 2327 propo-

909 2324 978 2387 ιιιιᾶιι
991 2325 1044 2352 τῶν
1058 2324 1140 2356 οὓτω,
1157 2324 1219 2360 εικῆ
1237 2325 1284 2351 καὶ
1303 2324 1454 2361 ζησάντων.
1467 2324 1511 2354 lla
1526 2331 1553 2354 et
1567 2324 1696 2355 nonnulli

909 2368 940 2387 co
963 2368 1028 2387 tces.

963 2368 1028 2387 ICCS.

908 2368 1182 2431 ίἰοῗθὲιῗὸ’λξιῐεταποιῇ
1201 2394 1286 2431 Αιδιου
1313 2395 1367 2422 τοῦ
1394 2395 1607 2430 συμποιμένος.
1627 2396 1695 2424 Cod.

909 2429 977 2466 Reg.
992 2429 1038 2457 τοῦ
1053 2429 1309 2467 συμποιμαὶνοντος,
1324 2438 1424 2458 mecum
1436 2429 1520 2458 simul
1538 2439 1627 2467 greges
1648 2440 1697 2467 pa-

909 2470 1034 2496 scentem.
1047 2466 1074 2492 id
1086 2470 1128 2492 est
1141 2466 1346 2500 coepiscopum.

946 2501 1001 2536 (64)
1017 2502 1077 2527 Dim
1092 2500 1151 2535 ἔχω
1162 2500 1224 2533 πῶς
1237 2501 1401 2535 ἑαιιινήσω.
1415 2501 1464 2528 ἵνα
1475 2502 1600 2536 μετρίως
1612 2502 1695 2529 εἴπω.

909 2536 973 2563 Ilaec
984 2537 1148 2565 deerant_in
1173 2536 1255 2569 edit.;
1277 2536 1325 2563 sed
1349 2536 1478 2563 exhibent
1498 2537 1578 2564 codd.
1596 2538 1694 2565 nostri.

908 2571 963 2599 Pro
979 2571 1107 2607 μετρίως.
1121 2571 1212 2605 legunt
1225 2571 1275 2607 καὶ
1286 2571 1389 2606 σφόδρα
1402 2571 1532 2603 Montac.,
1549 2572 1655 2604 Morel.,
1671 2577 1698 2600 et

909 2580 963 2599 ιντο
1000 2580 1107 2607 ετριως.
1121 2580 1212 2605 tegunt
1229 2580 1275 2597 και
1286 2580 1389 2606 σφοορα
1402 2580 1532 2603 montac.,
1549 2580 1655 2604 nlorel.,
1671 2580 1696 2600 et

909 2580 1033 2634 Comiter.
1046 2606 1092 2641 qui
1105 2607 1184 2632 vertit
1199 2615 1205 2632 :
1220 2605 1317 2632 Nescio
1330 2615 1380 2640 qua
1403 2608 1506 2634 ratione
1520 2607 1696 2639 laudaverim,

911 2647 939 2668 ut
958 2646 982 2668 et
1000 2646 1046 2668 tua
1063 2641 1145 2668 animi
1164 2641 1346 2676 magnitudine
1361 2649 1486 2677 perquam
1502 2642 1640 2677 indignant
1655 2643 1698 2669 di-

911 2685 981 2704 cam.

949 2711 1005 2744 (65)
1023 2710 1206 2748 Ἐδῴκαμενη
1220 2709 1259 2738 Ita
1282 2711 1342 2748 coll.
1362 2711 1428 2748 Reg.
1443 2712 1515 2748 Edit.
1529 2712 1697 2748 δεδώκαμεν.

913 2746 985 2790 mox,
1011 2753 1061 2781 pro
1079 2745 1275 2781 δυσχεραίνεις,
1301 2745 1419 2774 Μοιιιειρῖ
1443 2752 1472 2775 et
1492 2747 1586 2776 Morel.
1604 2745 1700 2783 δυσχε-

911 2790 1063 2825 ραὶἶίὶικτὲε
1114 2815 1139 2825 ,η
1199 2816 1206 2825 .
1234 2818 1246 2825 η
1276 2817 1282 2825 ρ
1308 2823 1311 2825 λ
1406 2817 1452 2825 η..

911 2816 916 2818 ’
946 2816 1003 2878 866)
1026 2816 1061 2843 Τὸ
1079 2816 1174 2849 πάθος
1190 2816 1387 2851 ἀνθρώπινον.
1405 2817 1478 2845 Edit.
1502 2817 1606 2846 addunt
1629 2817 1699 2853 πλὴν

911 2852 943 2879 ἀν
964 2859 1092 2887 ρωπινον,
1106 2852 1238 2879 humanus
1255 2857 1358 2884 tamen;
1371 2853 1419 2880 sed
1431 2854 1488 2880 lucc
1503 2853 1586 2880 verba
1598 2853 1699 2881 desunt

913 2887 940 2915 in
955 2886 1016 2916 eod.
1034 2886 1112 2923 Reg.,
1132 2895 1218 2923 eaque
1233 2888 1359 2923 ablegant
1374 2887 1492 2916 Montac.
1511 2892 1538 2917 et
1551 2888 1644 2916 Morel.
