1923 3053
91 149 144 179 155

779 153 948 182 EPISTOLA
968 154 1073 181 LXXX.

1662 156 1713 184 I54

88 209 228 236 ταστάσει.
242 209 327 236 Τοῦτο
346 210 401 246 γάρ
414 219 472 243 πως
488 211 535 238 καὶ
553 212 679 246 ἐγκαλεῖν
694 211 876 248 εὐπρεπέστε-

929 218 989 238 nem
1009 210 1149 238 invadere.
1175 209 1243 238 Nam
1261 210 1313 238 hoc
1327 218 1436 246 quoque
1457 210 1588 246 obiicere,
1605 212 1710 246 specio-

90 263 147 290 ρον.
169 255 199 281 Ὀ
217 255 245 281 δέ
262 263 307 290 μοι
322 256 389 291 πρὸς
403 256 483 283 τοῦτο
495 257 585 291 λόγος,
603 257 704 289 ἁπλοῦς
717 258 763 284 καὶ
775 258 874 293 ῥᾴδιος.

96 301 192 336 Ἡμεῖς
205 300 259 327 οὐδ’
273 300 353 327 ἄλλον
365 301 427 328 τινὰ
445 302 499 328 τῶν
521 303 549 329 ὲν
564 302 663 334 αἰτίαις
685 302 801 338 ἀφίεμεν
830 303 877 329 ἀν-

88 346 241 378 εξέταστον,
267 347 320 373 οὐδ’
339 346 371 374 ἂν
384 348 455 374 πάνυ
477 347 532 375 τῶν
556 348 639 382 φίλων
659 346 687 385 ᾖ,
709 348 824 375 καὶτῶν
846 345 876 375 εὖ

87 393 240 426 γεγονότων
265 392 352 427 (οὐδὲν
376 394 430 430 γὰρ
453 394 500 420 τοῦ
527 394 605 427 Θεοῦ,
630 395 676 421 καὶ
694 395 739 421 τοῦ
766 394 877 426 κανόνος

89 437 321 474 αὶδεσιμώτερον),
345 439 405 466 οὐδὲ
432 439 525 466 τοῦτον
550 440 603 476 (80)
629 441 780 476 ἀφήσομεν.
807 440 875 467 Ἀλλ’

89 485 172 516 εἴτις
193 484 250 519 ἔχοι
264 493 291 511 τι
312 488 486 522 κατηγορεῖν,
502 488 528 513 εί
547 487 596 522 μὲν
619 486 717 522 βούλει,
736 488 876 523 παρούσης

91 539 138 557 σου
155 531 202 557 καὶ
217 531 429 567 συνδικαζούσης
440 540 446 546 ·
463 534 487 559 ει
504 532 532 559 δὲ
553 533 602 568 μὴ,
623 534 669 560 καὶ
684 533 818 569 ἀπούσης,
832 533 877 568 ἐφ’.

89 575 169 611 ἡμῶν
193 575 358 608 ἑξετασθεὶς,
381 577 405 603 εί
426 577 475 612 μὲν
492 577 581 609 sese;
604 578 767 613 εὑρίσκοιτο,
792 577 875 616 κᾶνῇ

88 620 191 653 δοῦλος,
207 621 397 656 ἀποφευγέτω.
417 621 524 658 Ἐπειδὴ
540 623 587 649 xal.
604 622 705 650 δούλων
719 623 766 650 καὶ
781 623 876 650 δεσπο-

88 666 144 693 τῶν
154 668 169 693 ὀ
183 667 264 698 αὐτὸς
287 668 377 702 πατὴρ
393 667 439 693 καὶ
452 667 527 700 Θεὸς,
551 668 598 694 καὶ
612 668 642 694 οὐ
664 669 724 700 ταῖς
738 668 827 700 ἀξίαις
845 668 876 695 τὸ

89 713 192 739 δίκαιον
207 712 363 748 διορίζεται.
384 713 415 739 Et
436 712 466 739 δὲ
489 713 634 746 ἁλίσκοιτο,
649 714 800 749 τηνικαῦτα
824 715 876 741 ὑπὸ

89 758 139 792 τῆς
157 758 224 790 ιδίας
239 758 376 793 ἁμαρτίας
392 759 632 794 κατακριθήσεται.
651 760 705 786 Καὶ
719 759 805 791 οὕτως
815 760 875 786 οὕτε

89 804 104 830 ὁ
118 803 207 830 κανὼν
221 804 424 839 ὑϐρισθήσεται,
438 803 500 830 οὕτε
520 805 534 830 ὁ
554 804 678 831 ἀπελθὼν
693 806 876 841 ἀτιμασθήσε-

89 858 134 876 ται
151 849 192 884 (τὸ
205 849 258 885 γὰρ
272 849 331 876 καθ’
347 850 419 885 ἡμᾶς
439 849 504 881 ῐσως
530 850 577 877 καὶ
598 851 761 886 παροπτέον,
777 851 815 882 ὡς
828 852 875 878 οὑ-

89 883 163 928 δενὸς
185 883 277 929 ἀξίους
294 895 350 932 [81]
366 883 388 932 ),
405 896 452 923 καὶ
478 896 545 932 αὑτὴ
561 883 646 933 φεύξει(
672 898 793 934 πονηρὰν
809 898 875 926 ὑπό-
891 883 912 909 Β

90 951 174 973 νοιαν,
196 942 233 974 ὼς
250 942 293 969 διὰ
315 942 346 969 τὸ
369 942 516 977 ἀλλοτρίως
538 943 609 978 ἔχειν
635 943 704 979 πρὸς
719 945 802 979 ἡμᾶς,
829 945 877 972 καὶ

90 987 139 1023 τὴν
153 988 217 1022 ὑγιῆ
232 987 332 1019 πίστιν,
348 987 434 1014 ταῦτα
453 988 619 1023 τεχνάζουσα
634 990 807 1023 σοφιστικῶς,
819 990 876 1017 ἀλλ’

91 1033 141 1060 οὐκ
160 1033 293 1067 εὐγενῶς·
308 1034 354 1060 καὶ
367 1034 412 1060 ὑπ’
432 1033 512 1060 ἄλλου
533 1034 582 1070 μὲν
598 1035 745 1070 κινουμένη
758 1035 823 1071 (82),
837 1036 878 1067 εἰς

89 1079 155 1106 ἄλλο
169 1079 198 1106 δὲ
220 1080 445 1115 ἀποσκήπτουσα.
464 1081 497 1107 Ὃ
519 1080 694 1116 συμϐουλεύω
716 1090 757 1108 σοι
774 1082 811 1117 μὴ
826 1091 878 1109 πα-

91 1125 158 1158 θεῖν,
174 1125 211 1158 ὠς
226 1125 288 1153 οὔτε
300 1127 383 1159 ὅσιον,
401 1125 462 1153 οὔτε
480 1127 633 1162 εὐπρεπές·
650 1126 718 1162 μηδὲ
732 1128 795 1159 τοὺς
809 1128 877 1163 ἡμε-

89 1172 187 1207 τέρους
199 1172 299 1207 νόμους
327 1172 510 1206 ἀτιμάσασαν,
532 1172 579 1199 ἐπὶ
593 1172 657 1204 τοὺς
670 1171 769 1204 ἔξωθεν
791 1181 877 1200 κατα-

91 1217 212 1252 φεύγειν,
229 1217 297 1254 μηδὲ
317 1217 551 1253 προσφιλονεικεῖν
564 1218 640 1253 ἡμῖν,
655 1217 722 1244 ἀλλὰ
743 1218 877 1252 συγγινώ-

91 1272 178 1296 σκειν,
198 1265 225 1290 εἴ
236 1272 263 1290 τι
281 1264 463 1299 ἁπλούστερον
475 1264 665 1300 πεποιήκαμεν
682 1263 725 1291 διὰ
739 1263 788 1300 τὴν
802 1263 878 1291 ἐλευ-

90 1309 185 1344 θερίαν
199 1310 248 1345 τῆς
261 1310 383 1346 χάριτος,
404 1310 451 1337 καὶ
466 1309 592 1342 δέξασθαι
612 1310 754 1346 νικηθῆναι
778 1311 878 1346 μᾶλλον

91 1355 192 1387 καλῶς.
206 1355 223 1390 ἢ
246 1355 357 1391 νικῆσαι
383 1355 486 1389 κακῶς,
510 1355 550 1391 τῷ
565 1355 706 1391 ἀντιϐῆναι
730 1356 770 1392 τῷ
790 1356 877 1384 Πνεῦ-

92 1409 159 1436 ματι
177 1401 244 1437 (85).

267 1543 307 1569 Π¹.
327 1542 470 1578 ΕΥΔΟΞΙῼ
489 1542 616 1570 ΡΗΤΟΡΙ
635 1543 701 1580 (84).

927 257 986 283 sius
999 257 1117 292 quodam
1132 257 1212 284 modo
1225 256 1318 284 fuerit.
1332 256 1395 284 Mihi
1410 265 1475 284 vero
1488 257 1520 283 ad
1536 257 1588 284 hoc
1596 258 1712 292 simplex

927 305 952 328 et
969 300 1059 328 facilis
1074 306 1116 329 est
1137 302 1234 329 oratio.
1254 301 1321 332 Nos,
1338 310 1388 330 nec
1404 302 1487 329 alium
1504 303 1661 338 quemdam,
1679 311 1713 330 ex

926 347 962 374 iis
976 347 1022 381 qui
1043 347 1169 374 criminis
1187 347 1306 382 alicujus
1325 347 1364 375 rei
1380 352 1457 378 sunt.
1470 348 1611 383 incognita
1627 356 1712 376 causa

926 394 1103 425 dimittimus,
1121 400 1157 420 ne
1176 393 1200 421 si
1223 393 1380 420 arctissima
1396 393 1504 428 quidem
1523 394 1644 420 amicitia
1660 401 1712 420 no-

927 439 970 467 bis
991 439 1158 474 conjunctus
1175 439 1221 471 sit,
1245 439 1444 473 nobilitateque
1470 439 1585 474 insignis
1606 440 1713 474 (neque

927 485 999 513 enim
1016 484 1071 512 Deo
1091 489 1118 512 et
1133 485 1323 513 ecclesiastica
1347 485 1406 520 lege
1429 485 1579 520 quidquam
1601 493 1714 513 venera-

926 531 1009 559 bilius
1030 531 1088 566 est)
1103 551 1110 563 ,
1127 539 1179 559 nec
1200 531 1274 558 hunc
1290 531 1470 558 dimittemus.
1493 531 1594 558 Verum
1612 532 1636 559 si
1649 532 1713 567 quis

926 575 1027 610 aliquid
1052 575 1135 602 habet
1149 576 1223 611 quod
1246 583 1309 602 eum
1334 579 1454 607 accuset,
1472 579 1497 602 te
1512 582 1654 610 praesente,
1675 576 1713 603 si-

928 621 1200 656 ntulquejudicante,
1213 621 1236 648 si
1247 621 1284 647 ita
1298 621 1421 653 libuerit;
1431 620 1473 647 sin
1485 621 1586 653 minus,
1600 621 1713 648 absente

927 676 1047 703 quoque,
1062 668 1142 696 nobis
1162 667 1303 702 judicibus
1318 667 1487 702 exploratus,
1506 669 1529 695 si
1545 668 1654 703 quidem
1673 669 1714 696 in-

927 721 1030 741 nocens
1050 714 1179 741 inventus
1196 714 1288 747 fuerit,
1314 714 1425 740 etiamsi
1442 721 1541 741 servus
1559 714 1605 745 sit.
1622 714 1714 742 absol-

927 763 1015 786 vatur.
1032 758 1099 786 Nam
1115 764 1142 787 et
1154 766 1295 787 servorum
1308 763 1334 786 et
1349 759 1480 786 berorum
1493 759 1565 787 idem
1581 763 1622 788 est
1638 763 1714 795 pater

926 813 958 834 ac
981 806 1064 840 Deus,
1081 814 1132 834 nec
1155 806 1336 842 dignitatibus
1350 805 1396 840 jus
1417 806 1547 833 delinitur
1568 814 1575 833 :
1602 806 1624 833 si
1648 813 1714 833 vero

926 852 1071 880 convictus
1086 853 1180 884 fuerit,
1195 861 1210 879 a
1223 852 1336 888 proprio
1345 857 1458 887 peccato
1472 851 1712 879 condemnabitur.

927 899 965 925 ita
984 898 1039 932 fiet,
1056 903 1086 926 ut
1100 907 1151 926 nec
1168 899 1212 926 lex
1227 899 1355 930 violetur,
1372 905 1423 925 nec
1444 897 1577 925 defuncto
1594 898 1713 933 ignomi-

927 943 972 970 nia
987 942 1120 970 inferatur
1140 943 1213 978 (nam
1229 943 1262 970 de
1280 950 1323 970 me
1339 942 1454 970 fortasse
1470 942 1541 969 nihil
1561 941 1713 969 curandum

926 993 978 1021 est,
995 993 1089 1024 utpote
1104 989 1208 1016 nullius
1224 988 1304 1022 pretii
1319 987 1452 1022 homine),
1473 991 1500 1014 ct
1514 991 1544 1015 tu
1559 988 1713 1022 improbam

927 1034 1111 1069 suspicionem
1129 1033 1229 1068 fugias,
1246 1033 1325 1068 quasi
1339 1033 1374 1060 ob
1391 1032 1418 1059 id
1438 1033 1511 1068 quod
1528 1041 1543 1060 a
1556 1033 1635 1061 nobis
1647 1033 1713 1061 lide-

927 1086 980 1113 que
1009 1086 1077 1106 sana
1101 1079 1262 1111 abhorreas,
1290 1078 1359 1110 haec,
1383 1082 1493 1105 versute
1517 1078 1608 1113 potius
1631 1086 1714 1113 quam

927 1131 1067 1160 generose,
1080 1124 1263 1156 machineris;
1283 1127 1365 1159 atque
1381 1123 1434 1150 alio
1456 1127 1582 1151 movente
1598 1124 1626 1151 in
1638 1124 1714 1152 aliud

928 1172 1060 1207 impetum
1076 1171 1252 1205 detorqueas.
1265 1169 1345 1203 Quod
1359 1169 1480 1204 quidem,
1498 1169 1521 1197 si
1534 1177 1576 1197 me
1595 1170 1714 1198 monito-

927 1227 984 1247 rem
1002 1218 1134 1252 audieris,
1150 1226 1206 1245 non
1230 1218 1315 1245 facies
1327 1237 1334 1249 .
1356 1218 1420 1252 quia
1444 1225 1494 1245 nec
1515 1222 1651 1250 sanctum,
1664 1225 1715 1246 nec

927 1265 1074 1293 honestum
1088 1269 1131 1292 est
1147 1273 1154 1291 :
1169 1272 1270 1299 neque,
1286 1264 1452 1299 contemptis
1475 1265 1578 1291 nostris
1596 1264 1713 1299 legibus,

928 1310 962 1338 ad
980 1314 1110 1338 externas
1136 1309 1292 1345 confugies,
1316 1316 1349 1336 ac
1373 1308 1518 1336 nobiscum
1545 1309 1714 1343 pertinacius

928 1355 1079 1383 contendes
1095 1362 1215 1383 :rverum
1233 1355 1371 1389 ignosces,
1390 1353 1413 1381 si
1433 1353 1499 1388 quid
1519 1357 1631 1388 propter
1650 1361 1715 1389 gra-

928 1401 972 1428 tiae
989 1401 1146 1428 libertatem
1160 1399 1314 1434 simplicius
1331 1398 1458 1428 fecimus.
1474 1398 1619 1433 potiusque
1632 1398 1716 1425 habe-

928 1445 971 1473 bis
990 1446 1105 1473 honeste
1132 1445 1203 1472 vinci
1229 1451 1312 1480 quam
1337 1443 1407 1470 male
1432 1442 1562 1475 vincere,
1585 1443 1715 1470 nimirum

929 1489 1044 1525 Spiritui
1064 1489 1238 1517 obsistendo.

1091 1546 1197 1573 LXXX.
1219 1544 1370 1573 EUDOXlO
1389 1543 1552 1573 RHETORI.

94 1597 158 1625 Post
174 1597 394 1637 Basiuimoltem
408 1602 607 1637 scripta‘mnes‘se
617 1599 685 1637 lianc
699 1598 838 1637 epistolam
852 1604 967 1637 constat
979 1608 998 1637 ,j
1012 1608 1094 1637 eaque
1109 1608 1160 1626 non
1185 1599 1262 1637 longo
1281 1604 1347 1637 posl_
1363 1606 1476 1636 tempore
1501 1602 1601 1630 videtur
1617 1602 1718 1637 scripta

325 1632 454 1665 Eudoxio,
467 1632 512 1667 qui
527 1631 643 1660 Eudoxii
658 1634 779 1667 alterius,
795 1634 957 1662 celeberrimi
975 1631 1098 1666 rhetoris,
1111 1639 1170 1662 erat
1185 1631 1268 1669 ﬁlius,
1281 1631 1307 1660 et
1323 1631 1484 1672 rhetor'ipae.

134 1691 254 1726 Ἐρωτᾷς
267 1690 325 1722 πῶς
344 1690 380 1716 τὰ
393 1690 525 1726 ἡμέτερα.
541 1691 596 1717 Καὶ
612 1690 672 1717 λίαν
688 1691 794 1727 πικρῶς
813 1693 877 1728 (83).

966 1693 1073 1728 Quaeris
1093 1701 1148 1730 quo
1173 1697 1246 1722 statu
1280 1702 1326 1722 res
1348 1699 1450 1723 nostra:
1472 1696 1537 1724 sint.
1562 1696 1716 1724 Admodum

93 1736 232 1763 Βασίλειον
248 1737 298 1762 οὐκ
311 1736 376 1771 ἔχω,
392 1736 541 1771 Καισάριον
555 1736 602 1763 οὑκ
621 1736 684 1772 ἔχω,
699 1737 745 1764 τὸν
758 1746 880 1774 πνευμα-

92 1781 168 1808 τικὴν
189 1781 302 1816 ἀδελφὺν
323 1782 371 1808 καὶ
394 1782 440 1808 τὸν
465 1781 621 1816 σωματικόν
647 1782 714 1817 (86).
734 1783 766 1809 '0
784 1784 881 1818 πατήρ

92 1836 150 1862 μου
165 1826 214 1853 καὶ
228 1827 247 1860 ὴ
262 1826 360 1862 μητήρ
375 1836 435 1862 μου
463 1827 660 1862 ἐγκατέλιπέν
682 1837 730 1863 με,
747 1829 816 1865 μετὰ
832 1830 878 1857 τοῦ

38 1899 41 1901 λ
94 1873 176 1900 Δαὸὶδ
199 1873 353 1908 φθέγγομαι
376 1874 442 1908 (87).
461 1874 502 1900 Τὰ
527 1873 574 1900 τοῦ
599 1874 725 1909 σώματος
755 1876 881 1911 πονηρῶς

94 1920 162 1956 ἔχει,
179 1920 209 1946 τὺ
223 1920 309 1955 γῆρας
323 1920 393 1955 ὑπὲρ
408 1919 540 1954 κεφαλῆς,
556 1920 704 1955 φροντίδων
723 1921 879 1956 ἐπιπλοκαὶ,

94 1966 264 2002 πραγμάτων
278 1966 434 2001 ἐπιδρομαὶ,
448 1965 481 1992 τὰ
495 1965 549 1991 τῶν
564 1965 648 1999 φίλων
659 1967 771 1998 ἄπιστα,
783 1967 818 1994 τὰ
831 1968 880 2003 τῆς

101 2010 262 2045 Ἐκκλησίας
286 2011 450 2045 ἀποίμαντα.
465 2010 561 2045 Ἐρῤει
584 2010 619 2036 τὰ
632 2010 713 2043 καλὰ,
735 2011 825 2047 γυμνὰ
847 2011 881 2038 τὰ

94 2055 178 2087 κακὰ,
193 2057 208 2082 ὁ
223 2056 305 2087 πλοῦς
321 2057 350 2082 ὲν
371 2055 448 2083 νυκτὶ
465 2055 531 2091 (88),
552 2056 654 2092 πυρσὸς
673 2056 800 2091 οὐδαμοῦ,
813 2058 880 2093 Χρι-

95 2102 158 2133 στὸς
171 2101 303 2128 καθεύδει.
320 2101 353 2128 Τί
374 2101 426 2137 χρὴ
451 2101 565 2134 παθεῖν;
580 2102 628 2137 μία
647 2111 692 2137 μοι
713 2103 767 2130 τῶν
787 2103 880 2131 κακῶν

93 2147 181 2179 λύσις,
199 2149 213 2174 ὁ
237 2148 362 2179 θάνατος.
378 2148 434 2174 Καὶ
449 2147 484 2174 τὰ
500 2147 604 2174 ἐκεῖθέν
633 2157 679 2176 μοι
694 2148 808 2184 φοϐερὰ,
822 2150 878 2182 τοῖς

93 2192 218 2219 ἐντεῦθεν
229 2193 448 2228 τεκμαιρομένῳ.

131 2249 153 2264 ³⁷
168 2248 242 2276 Psal.
259 2257 334 2281 xxvt,
353 2249 397 2275 10.

929 1741 1039 1767 acerbo.
1057 1739 1188 1767 Basilium
1200 1747 1254 1766 non
1270 1739 1367 1772 habeo,
1383 1740 1532 1768 Caesarium
1544 1749 1600 1768 non
1618 1741 1715 1774 habeo,

929 1785 980 1812 hoc
995 1789 1047 1817 est,
1070 1785 1223 1820 spiritalem
1249 1785 1361 1813 fratrem
1384 1791 1411 1814 et
1440 1793 1613 1821 corporeum.
1635 1787 1718 1814 Pater

929 1840 1000 1859 meus
1019 1838 1043 1858 et
1059 1831 1111 1866 73
1129 1836 1213 1858 mater
1224 1840 1282 1859 mea
1295 1832 1490 1867 dereliquerunt
1503 1841 1543 1859 me
1560 1833 1593 1866 ³⁷,
1610 1837 1639 1860 ut
1654 1841 1716 1860 cum

929 1876 1033 1905 Davide
1047 1877 1154 1911 loquar.
1177 1877 1285 1912 Corpus
1303 1885 1406 1912 aegrum
1422 1881 1475 1909 est,
1495 1882 1621 1906 senectus
1635 1882 1718 1913 caput

929 1923 1040 1958 premit,
1058 1930 1131 1950 cura:
1145 1923 1206 1950 alia:
1218 1924 1279 1951 aliis
1294 1923 1464 1954 intexuutur,
1480 1923 1622 1951 incursant
1638 1931 1718 1960 nego-

930 1969 978 2001 tia,
995 1968 1070 1995 infidi
1087 1968 1180 2001 amici,
1197 1968 1328 1996 Ecclesiae
1343 1976 1387 1997 res
1402 1973 1513 2004 pastore
1532 1974 1559 1996 et
1579 1969 1717 2003 guberna-

929 2017 990 2041 tore
1012 2018 1116 2041 carent.
1139 2013 1259 2041 Pereunt
1279 2015 1350 2041 bona
1367 2023 1374 2041 :
1402 2013 1474 2041 nuda
1491 2017 1517 2041 et
1544 2018 1637 2048 aperta
1653 2017 1720 2042 sunt

929 2060 1000 2086 mala
1016 2069 1022 2087 :
1040 2060 1178 2095 navigatio
1194 2061 1221 2087 in
1238 2063 1317 2087 nocte
1328 2081 1335 2093 ,
1353 2059 1397 2086 fax
1420 2067 1556 2094 nusquam
1570 2069 1577 2093 ;
1590 2060 1718 2088 Christus

929 2106 1040 2133 dormit.
1056 2105 1126 2139 Quid
1142 2106 1237 2133 faciam
1247 2106 1260 2132 ’ἔ
1274 2105 1335 2133 Una
1350 2105 1417 2132 mihi
1430 2106 1564 2133 maiorum
1577 2106 1713 2141 depulsio,

931 2159 1017 2180 mors.
1030 2152 1070 2179 Ae
1084 2159 1129 2180 res
1143 2152 1226 2179 etiam
1239 2152 1356 2180 alterius
1370 2153 1434 2179 vitae
1447 2152 1515 2179 mihi
1531 2152 1721 2180 formidolosa

931 2200 1007 2230 sunt,
1024 2205 1058 2225 cx
1075 2197 1157 2232 hujus
1172 2198 1234 2224 vita:
1246 2197 1330 2224 rebus
1345 2196 1532 2232 conjecturam
1547 2197 1669 2226 ducenti.

1397 2254 1407 2291 (ί

130 2317 186 2354 (80)
203 2318 279 2359 ρὺδὲ
293 2318 435 2359 τοῦτον...
449 2317 523 2352 ἔχοι.
538 2318 578 2345 lta
597 2317 658 2345 cod.
679 2317 746 2353 Reg.
760 2316 790 2344 In
809 2317 875 2344 edit.

930 2318 969 2359 illi
997 2319 1195 2359 adhmreamus,
1213 2319 1284 2359 inter
1314 2317 1432 2359 plurima
1463 2325 1548 2359 uuam
1569 2317 1595 2344 in
1617 2315 1718 2359 primis

92 2354 156 2381 οὗτε
172 2354 299 2381 τοῦτον...
315 2354 380 2388 ἔχει.

130 2389 186 2423 (81)
210 2386 473 2421 οὐδενὸςῖἀξίους.
495 2387 534 2415 Ita
556 2387 617 2414 cod.
643 2387 722 2422 Reg.,
748 2386 879 2419 Montac.,

93 2424 191 2451 Morel.
208 2429 233 2450 et
248 2423 371 2450 Combef.
392 2425 420 2450 In
439 2423 507 2451 edit.
520 2422 626 2454 οὐδενος
643 2422 727 2454 ἄξιον.

130 2458 185 2494 (82)
209 2458 266 2494 Ὺςιζ
289 2458 386 2485 ἄλλου
397 2457 647 2494 μὲν-(κινουμένη.
671 2455 783 2494 itacod.
799 2455 878 2494 Εἴθε..

95 2491 226 2524 Mantum,
242 2492 336 2520 Morel.
353 2497 380 2520 et
397 2491 520 2520 Combcf.
538 2491 567 2519 In
583 2492 648 2519 edit.
668 2491 714 2518 ὑπ’
733 2492 814 2518 ἄλλου
831 2491 880 2525 μὲν

94 2529 254 2565 κρινομένη,
270 2527 341 2563 quod
354 2528 413 2555 Bill.
433 2537 439 2555 :
455 2532 532 2562 atque
543 2528 575 2554 ab
589 2527 642 2568 alio
654 2531 789 2554 accusata.
807 2525 879 2557 Mox,

93 2563 108 2590 ὃ
124 2563 309 2590 συμϐουλεύω.
329 2562 395 2590 Cod.
411 2562 426 2589 ὃ
445 2563 649 2590 συμϐουλευσω.

302 2583 309 2590 ι
329 2570 395 2590 ιιοα.
411 2570 426 2589 ο
445 2570 649 2590 συμοουλευσω.

124 2572 156 2590 συ
181 2571 309 2590 οουλευω.
329 2571 395 2590 hoc.
411 2571 426 2589 ο
445 2571 649 2597 συμοουλευσω.

131 2572 188 2633 (8g)
203 2598 244 2630 Τῷ
260 2597 417 2633 ἀντιϐῆναι
431 2597 472 2630 τῷ
490 2597 650 2633 Πνεύματι.
672 2596 702 2623 In
728 2595 793 2623 edit.
819 2596 881 2631 qui-

95 2632 210 2661 buSdam
235 2634 333 2669 legitur
355 2632 394 2669 τῷ
410 2633 599 2669 ,ἀντιῦαίνοντι
624 2632 774 2667 Πνεύματι,
802 2639 881 2667 quam

95 2668 226 2696 obnitente
239 2668 340 2703 Spiritu
360 2668 428 2695 male
447 2668 556 2694 vincere.

131 2704 187 2738 (84)
204 2700 277 2730 Alias
299 2702 420 2730 XXXIX.
442 2703 521 2738 Anno
540 2702 592 2729 575
613 2701 724 2738 scripta.
739 2700 878 2738 -ἾΕρδος

95 2735 150 2771 fta)
160 2735 274 2773 ῥήτορι.
291 2738 360 2765 Cod.
377 2738 453 2765 Pass.
475 2737 621 2772 Φιλαγρίῳ.
643 2735 688 2763 Sic
706 2739 735 2773 et
751 2735 875 2773 Combcf.

95 2774 136 2800 Ad
151 2770 242 2811 quem,
261 2773 360 2811 inquit,
379 2778 406 2811 et
422 2781 475 2811 xxx_
493 2770 638 2811 huic‘pene
659 2771 783 2811 genuina.
809 2770 877 2811 V'era

96 2806 183 2853 ειμθιλε
196 2809 250 2835 ἠπ
264 2806 368 2853 παιά-
386 2807 448 2853 ¹ξεις
466 2806 877 2853 3"icii1’1‘°_»::9s‘.a‘35.eritsi

96 2841 314 2879 obtemperemus
327 2841 509 2871 Combélisius
523 2849 577 2870 non
596 2841 741 2877 persuadet
753 2848 760 2873 ;
774 2841 828 2868 imo
844 2848 878 2868 ne

932 2355 1034 2387 obstat,
1052 2354 1137 2389 quod,
1154 2354 1217 2381 licet
1241 2351 1358 2381 diversis
1374 2353 1552 2389 temporibus,
1567 2351 1720 2389 verisimile-

934 2397 988 2416 non
1014 2387 1235 2424 sit'Gregorium
1260 2389 1355 2416 eadem
1383 2389 1479 2415 iterum
1497 2387 1633 2422 Philagrio
1649 2388 1717 2414 scri-

953 2432 1032 2452 SISSG.

934 2433 1188 2494 ιὶείὲἓίῗΙΙῐοιιηιίιιν·
1211 2457 1333 2494 ξτικρῶνς.
1356 2457 1510 2494 Legendum
1526 2457 1627 2494 vellent
1645 2463 1714 2494 non-

929 2495 996 2522 nulli
1013 2492 1060 2520 να).
1080 2493 1151 2525 λίαν,
1176 2493 1218 2521 vel
1236 2493 1329 2524 κακῶς
1349 2493 1395 2528 καὶ
1414 2492 1474 2519 λίαν
1489 2492 1607 2528 πικρῶς,
1627 2493 1723 2526 utique

929 2529 1082 2561 admodum,
1099 2528 1141 2555 vel
1159 2528 1229 2555 malo
1241 2533 1265 2555 et
1279 2526 1422 2554 admodum
1436 2527 1540 2554 acerbo.

965 2564 1019 2598 (86)
1041 2563 1095 2590 Τὸν
1107 2564 1285 2597 σωματικόν.
1306 2562 1371 2598 Cod.
1401 2561 1491 2594 Pass.,
1513 2562 1642 2594 Montac.,
1659 2561 1720 2589 Mo-

929 2600 980 2627 rel.
993 2603 1020 2625 et
1034 2598 1157 2625 Combef.
1176 2599 1221 2624 τὺν
1236 2597 1376 2632 σαρκικόν,
1391 2600 1415 2623 el
1425 2597 1575 2632 carnalem.

967 2633 1022 2668 (87)
1034 2632 1207 2668 Φθέγ-γομαι.
1224 2631 1292 2660 Cod.
1319 2631 1410 2663 Pass.,
1423 2631 1540 2660 Montac.
1553 2636 1579 2659 et
1590 2631 1716 2659 Combef.

953 2670 1094 2696 θέγεοιιαι.

933 2669 1094 2704 φθέγξομαι.

964 2704 1019 2739 (88)
1038 2702 1139 2734 Πλοῦς
1151 2701 1186 2728 ἐν
1203 2702 1299 2739 νψιτίΣ
1316 2701 1354 2728 Ita
1371 2702 1432 2729 cod.
1452 2702 1570 2739 Pass._et
1586 2700 1711 2739 Cgmbff.

928 2736 1047 2766 ln‘cdit.
1065 2739 1093 2764 ὲν
1110 2738 1143 2772 τῇ
1166 2737 1253 2764 νυκτί.
1275 2736 1347 2768 Mox.
1377 2738 1479 2772 πυροὺς
1509 2737 1637 2772 οὐδαμοῦ.
1664 2736 1716 2763 Per

928 2776 983 2801 lucc
996 2773 1071 2800 verba
1083 2772 1188 2802 alludit.
1205 2772 1243 2799 ait
1261 2772 1367 2803 Billius,
1385 2772 1419 2798 ad
1436 2773 1506 2807 faces
1532 2772 1595 2799 illas
1610 2780 1667 2807 qua’
1680 2779 1715 2798 ex

929 2809 1084 2836 sublimibus
1096 2807 1205 2842 speculis
1217 2807 1299 2835 lucem
1311 2807 1492 2843 navigantibus
1508 2807 1659 2835 ostendunt.
