1923 3053
258 181 310 208 H5
873 179 901 205 S.
927 177 1090 206 GREGOBII
1109 177 1283 206 THEOLOCI
1825 180 1872 207 Mi

257 237 344 269 tiisse,
358 235 548 271 virginumque
563 234 730 270 pudoremin
745 235 907 263 oblivionem
922 236 1043 268 venisse,

1112 245 1148 263 ων
1173 237 1208 275 ὲκγ
1226 237 1275 272 τῆς
1297 235 1466 271 τραχύτητος
1486 236 1533 263 καὶ
1551 236 1596 263 τὸν
1618 236 1701 263 ἔλεον.
1725 237 1793 263 Ἀλλ’
1814 237 1874 269 iam;

257 282 454 311 monachorum
475 282 653 314 modestiam,
670 289 819 317 pauperum
840 282 1022 309 calamitatem
1035 302 1043 315 ,

1111 283 1285 318 ιακροθυμεῖν
1307 282 1428 317 ἄμεινον,
1449 283 1496 308 καὶ
1513 282 1620 313 πολλοῖς
1640 282 1670 315 ἐξ
1686 279 1723 309 ὧν
1739 283 1875 319 πάσχομεν

257 337 327 364 quos
357 329 510 356 animorum
544 328 692 356 austeritas
717 328 904 356 misericordia
939 335 1046 363 quoque

1114 328 1196 354 ιδόναι
1215 326 1404 363 μακροθυμίας
1423 328 1585 363 ὑπόδειγμα,
1601 328 1638 354 Οὐ
1651 328 1706 363 γὰρ
1722 328 1807 366 οὕτως
1824 329 1875 364 (26)

259 375 421 410 privaverat.
446 373 632 401 Nihilominus
645 379 738 401 tamen
755 374 867 401 lenitate
886 378 968 409 atque
989 374 1045 401 cle-

1111 373 1201 407 ηλὸγος
1215 373 1303 399 πείθει
1317 374 1381 405 τοὺς
1397 373 1522 406 πολλοὺς,
1550 374 1618 409 ὼςὴ
1643 374 1752 409 πρᾶξις,
1776 376 1792 400 ἢ
1815 383 1877 401 σιω-

258 420 358 447 ntentia
387 419 426 446 uti
454 418 571 446 fortasse
590 419 677 446 satius
705 423 765 451 est,
789 419 936 454 multisque
954 427 1001 454 per
1014 425 1047 446 ea

1111 418 1180 445 εῶσα
1195 418 1362 453 παραίνεσις.

258 475 317 502 qua:
345 468 528 502 perpetimur,
549 466 670 494 lenitatis
699 473 732 493 ac
753 466 892 501 patientia:
918 466 1113 494 documentum
1136 465 1267 500 praebere.
1295 464 1355 492 Non
1382 465 1454 492 enim
1477 465 1590 500 perinde
1619 465 1707 493 oratio
1739 466 1878 501 plerosque

257 520 358 549 movet,
377 521 459 550 atque
475 515 556 546 actio,
577 522 638 549 quae
653 514 729 541 taciti
741 513 886 548 cujusdam
902 513 1046 541 monitoris
1065 514 1153 540 instar
1166 517 1217 540 est.

293 562 419 597 Magnum
435 569 496 589 esse
504 569 659 595 censemus,
678 562 712 588 de
728 561 762 588 iis
780 569 795 589 a
810 561 909 596 quibus
924 562 979 589 tesi
997 569 1044 588 su-

257 616 338 640 nnts,
354 615 449 642 poenas
475 608 626 642 sumpsisse
652 615 659 633 :
686 615 830 641 magnum,
853 608 907 642 67
935 607 1043 642 inquam

258 655 331 688 (nam
348 657 375 680 et
390 653 442 680 hoc
456 653 490 680 ad
507 653 622 680 aliorum
637 653 702 680 vitia
720 654 880 688 corrigenda
895 653 960 680 utile
974 653 1043 688 est),

257 702 285 725 at
299 698 385 725 multo
401 698 452 724 hoc
467 698 555 732 majus
570 705 602 724 ac
615 698 734 725 divinius
751 704 801 730 est,
815 701 954 732 acceptam
973 698 1045 732 inju-

257 744 326 770 riam
346 744 474 771 tolerare.
497 743 565 770 illud
588 743 660 770 enim
687 743 891 779 improbitatem
916 749 1043 771 coercet:

257 787 310 815 hoc
328 791 419 815 autem
439 788 472 814 ad
496 788 659 823 probitatem
684 787 818 821 adducit;
846 787 917 822 quod
935 787 1043 822 quidem

1134 561 1215 595 Μέγα
1234 560 1382 596 νομίζομεν
1397 558 1467 587 εἶναι
1487 561 1517 587 τὺ
1530 561 1607 593 δίκας
1627 562 1701 597 παρὰ
1720 563 1773 589 τῶν
1789 563 1880 599 ὴδικη-
1914 569 1915 577 ‘

1099 607 1184 634 κότων
1205 607 1312 633 λαϐεῖν·
1330 607 1400 642 μέγα
1416 607 1487 642 φημὶ
1504 607 1569 642 (καὶ
1590 608 1643 643 γὰρ
1663 609 1710 634 καὶ
1723 609 1801 635 τοῦτο
1823 609 1877 643 (‘27)

1098 653 1231 688 χρήσιμον
1245 653 1285 684 είς
1296 653 1344 688 τὴν
1355 652 1408 679 τῶν
1421 653 1507 680 ἄλλων
1520 653 1677 690 διόρθωσιν)
1688 675 1695 687 ,
1715 655 1781 681 ἀλλὰ
1794 655 1880 690 πολλῷ

1097 698 1192 724 τούτου
1218 699 1285 734 (27')
1311 699 1401 734 μεῖζον
1417 699 1464 725 καὶ
1481 698 1641 735 θεϊκώτερον
1652 708 1672 732 ,“
1687 700 1718 726 τὸ
1741 703 1881 736 καρτερεῖν

1099 744 1251 780 πάσχοντας
1266 745 1333 780 (28).
1362 745 1465 772 Ἐκεῖνο
1489 745 1539 780 μὲν
1559 746 1612 781 γὰρ
1629 747 1678 781 τὴν
1701 747 1798 772 κακίαν
1823 747 1881 773 ἐπι-

1100 792 1236 826 στομίζει,
1250 791 1328 817 τοῦτο
1345 791 1372 817 δὲ
1395 792 1531 827 χρηστοὺς
1546 790 1615 818 εἶναι
1634 792 1737 818 πείθει·
1757 791 1770 818 ὃ
1784 791 1829 818 τοῦ
1845 792 1880 827 μὴ

257 835 338 869 longe
353 834 528 870 praestantius
547 838 575 861 et
600 833 749 869 perfectius
764 839 822 866 est,
844 841 924 868 quam
945 841 960 860 a
981 833 1046 860 vitio

1111 839 1200 868 ιακοὺς
1216 835 1295 870 εἶναι,
1305 838 1371 864 πόλυ
1387 838 1508 874 κρεῖττόν
1520 839 1578 864 ἐστι
1589 839 1636 865 καὶ
1646 838 1806 874 τελεώτερον
1816 838 1881 874 (99).

258 881 404 909 abstinere.
433 879 573 916 Ingentem
605 880 685 908 nobis
711 879 889 907 humanitatis
911 884 1046 914 quaestum

1111 883 1226 918 557(50th
1253 884 1319 918 ἡμῖν
1345 884 1499 919 νομίσωμεν
1514 884 1674 919 προκεῖσθαι
1694 884 1883 920 πραγματείαν

258 927 428 962 propositum
452 934 513 954 esse
535 927 737 959 existimemus,
756 931 784 954 et
808 934 849 959 ea,
868 934 928 961 qua:
944 927 972 953 in
997 934 1050 954 nos

258 973 378 1000 admissa
403 976 488 1004 sunt,
512 972 719 1004 condonemus,
751 976 780 999 ut
804 972 856 1007 ipsi
871 979 979 1008 quoque
1004 979 1051 999 ve-

258 1019 331 1046 niam
363 1026 574 1054 consequamur,
603 1023 630 1046 et
665 1019 861 1054 benignitatem
890 1018 1051 1053 benignitati

259 1063 446 1090 adhibeamus.

294 1110 428 1137 ZelatOris
451 1114 661 1145 cognomentum
679 1109 744 1136 hinc
766 1109 887 1136 obtinuit
911 1109 1049 1142 Phinees,

259 1156 332 1192 quod
347 1156 565 1189 Madianitidem,
578 1163 632 1183 una
650 1163 713 1183 cum
731 1163 763 1183 eo
787 1156 834 1191 qui
854 1160 980 1190 stuprum
999 1155 1052 1190 ipsi

260 1202 409 1235 inferebat,
429 1202 547 1237 pugione
564 1201 721 1234 transfixit,
742 1205 826 1235 atque
848 1209 880 1228 ex
902 1201 1052 1228 Israelitica

259 1247 370 1274 natione
384 1247 514 1282 probrum
528 1247 628 1274 exemit
638 1247 674 1280 ";
695 1247 861 1282 atmajorem
874 1246 926 1273 hoc
942 1246 1053 1273 nomine

259 1292 368 1320 laudent
392 1292 471 1325 tulit,
488 1292 561 1328 quod
584 1300 634 1328 pro
653 1292 754 1328 populo
777 1292 805 1318 in
822 1292 913 1320 scelus
931 1292 1052 1326 collapso

259 1346 356 1373 preces
375 1337 453 1365 fudit.
481 1337 591 1366 Stemus
616 1338 698 1374 igitur
713 1345 763 1365 nos
779 1345 906 1373 quoque,
933 1341 962 1364 ut
978 1337 1053 1364 Scri-

260 1389 347 1419 ptura:
371 1384 460 1411 verbis
475 1388 537 1411 utar
546 1384 579 1415 “,
597 1391 628 1410 ac
651 1384 790 1418 placemus
800 1403 808 1416 ,
824 1389 851 1411 et
867 1387 956 1410 cesset
970 1390 1053 1418 quas-

261 1430 349 1463 satio;
375 1430 509 1464 nobisque
534 1429 608 1456 istud
635 1428 668 1456 ad
693 1429 831 1463 justitiam
860 1433 1002 1464 reputetur
1017 1429 1051 1456 ".

261 1475 402 1504 Laudibus
427 1477 491 1503 item
517 1475 631 1502 affectus
659 1480 701 1502 est
723 1475 824 1508 Moses,
842 1475 915 1510 quod
931 1483 962 1502 ex
979 1476 1052 1502 illata

260 1521 390 1549 Israelita.
407 1522 509 1555 injuria
531 1521 627 1548 dolore
640 1525 805 1553 commotus,
824 1521 982 1556 [Egyptium
1005 1529 1053 1548 oc-

1102 927 1314 963 φιλανθρωπίας,
1332 929 1378 954 καὶ
1395 929 1615 964 συγχωρήσωμεν
1632 929 1666 956 τὰ
1681 930 1721 961 εἰς
1741 931 1825 965 ἡμᾶς,
1840 930 1884 956 ἶνα

1102 975 1149 1001 καὶ
1168 975 1243 1001 αὐτοὶ
1268 975 1394 1010 τύχωμεν
1415 976 1464 1010 τῆς
1488 977 1703 1012 συγχωρήσεως·
1717 976 1764 1003 καὶ
1777 985 1885 1012 προεισ-

1102 1021 1258 1054 ενέγκωμεν
1278 1021 1449 1057 χρηστότητα
1464 1022 1496 1056 τῇ
1515 1021 1680 1056 χρηστότητι
1691 1022 1758 1057 (⁵50).

1138 1108 1265 1144 Ζηλωτὴς
1287 1109 1385 1144 ἤκουσε
1405 1110 1513 1143 Φινεὲς,
1532 1110 1572 1137 ὃτι
1592 1110 1642 1146 τὴν
1664 1111 1821 1138 Μαδιανίτιν
1847 1111 1886 1146 τῷ

1103 1154 1193 1190 πόρνῳ
1220 1155 1440 1191 συνεξεκέντησε,
1464 1156 1511 1182 καὶ
1527 1155 1626 1188 ἐξεῖλεν
1648 1156 1748 1188 ὄνειδος
1767 1157 1797 1190 ἐξ
1821 1157 1887 1184 υἱῶν

1109 1199 1232 1234 Ἰσραήλο
1255 1199 1311 1226 ἀλλ’
1337 1200 1456 1235 ἐπῃνέθη
1482 1200 1574 1233 πλέον,
1589 1201 1630 1227 ὅτι
1651 1200 1697 1227 τοῦ
1717 1201 1782 1228 λαοῦ
1804 1210 1888 1237 προσ-

1102 1244 1203 1279 ηύξατο
1220 1245 1274 1280 (51)
1290 1246 1463 1277 πταίσαντος.
1476 1246 1587 1282 Στῶμεν
1608 1245 1654 1273 οὖν
1669 1247 1716 1273 κα).
1737 1249 1825 1283 ἡμεῖς,
1841 1249 1888 1275 καὶ

1103 1290 1308 1326 ὲξιλασώμεθα,
1325 1292 1372 1318 κα)¹
1395 1293 1543 1319 κοπασάτω
1564 1293 1580 1328 ἡ
1608 1293 1736 1328 οραῦσις,
1765 1294 1835 1320 κατά
1858 1295 1889 1321 τὸ

1103 1337 1310 1373 γεγραμμένον·
1331 1338 1378 1364 καὶ
1393 1337 1544 1374 λογισθήτω
1563 1339 1641 1365 τοῦτο
1655 1340 1721 1375 ἡμῖν
1735 1340 1775 1371 είς
1787 1340 1890 1367 δικαιο-

1105 1382 1197 1418 σύνην.
1226 1382 1358 1419 Ἐπῃνέθη
1383 1384 1429 1410 καὶ
1456 1384 1576 1418 Μωσῆς,
1599 1385 1640 1412 ὅτι
1668 1386 1713 1412 τὸν
1741 1386 1890 1420 Αἰγύπτιον

1104 1427 1194 1454 ἀνεῖλε
1210 1427 1277 1462 (52),
1295 1427 1333 1462 τῷ
1351 1428 1504 1464 Ἰσραηλίτῃ
1522 1430 1707 1466 περιαλγήσας
1718 1439 1724 1445 ·
1739 1431 1795 1457 ἀλλ’
1810 1431 1891 1458 ἐθαυ-

1105 1472 1196 1507 μάσθη
1212 1472 1302 1505 πλέον,
1313 1473 1354 1499 ὄτι
1367 1473 1483 1508 Μαριὰμ
1494 1474 1542 1509 τὴν
1557 1475 1673 1511 ἀδελφὴν
1687 1476 1731 1503 διὰ
1748 1476 1777 1502 τὸ
1791 1477 1892 1511 γογγύ-

1104 1528 1149 1545 σαι
1166 1519 1370 1555 λεπρωθεῖσαν,
1386 1519 1430 1546 διὰ
1452 1519 1501 1555 τῆς
1526 1521 1609 1556 εὐχῆς
1629 1522 1686 1556 (55)
1715 1522 1890 1558 ἐθεράπευσε.

261 1567 386 1594 ciderit“
402 1575 408 1592 :
432 1575 526 1594 verum
545 1567 676 1601 majorem
702 1566 766 1594 hinc
783 1567 825 1594 sui
843 1566 1051 1593 admirationem

1111 1567 1204 1593 Σκόπει
1225 1567 1272 1593 καὶ
1293 1567 1326 1593 τὰ
1345 1566 1418 1602 ἑξῆς.
1441 1567 1628 1594 Ἀπειλοῦνται
1651 1569 1788 1595 Νινευτται
1809 1578 1893 1596 κατα-

261 1613 419 1645 concitavit,
437 1612 509 1648 quod
526 1612 639 1639 Mariam
660 1620 783 1640 sororem
806 1613 892 1647 lepra,
908 1616 1051 1647 propterea

262 1658 336 1695 quod
356 1663 585 1692 murmuraverat,
602 1659 788 1691 laborantem,
802 1658 932 1694 precibus
949 1658 1008 1686 suis
1025 1658 1051 1685 in

262 1707 408 1735 sanitatem
424 1704 582 1732 vindicavit.
611 1702 680 1736 Quin
707 1710 739 1731 ea
766 1705 849 1732 etiam
862 1712 922 1739 qua:
933 1712 1055 1739 sequun-

1107 1612 1242 1648 στροφὴν,
1274 1612 1341 1638 ἀλλὰ
1365 1612 1497 1647 δάκρυσιν
1532 1612 1693 1645 ἐξωνοῦνται
1721 1614 1769 1650 τὴν
1802 1614 1894 1650 ἁμαρ-

1105 1656 1166 1683 τίαν
1179 1657 1244 1692 (54).
1264 1657 1412 1693 Μανασσῆς
1431 1657 1460 1684 ὲν
1482 1657 1622 1692 βασιλεῦσι
1648 1658 1892 1694 παρανομώτατος,

1107 1703 1164 1731 ἀλλ’
1181 1705 1210 1730 ἐν
1221 1704 1276 1735 τοῖς
1295 1704 1403 1730 σωθεῐσι
1420 1704 1464 1730 διὰ
1481 1704 1578 1740 θρῆνον
1595 1704 1838 1739 περιφανέστατος.

262 1759 308 1782 tur
328 1753 523 1781 animadverte.
548 1752 676 1781 Ninivitis
693 1753 828 1780 excidium
850 1752 1050 1780 denuntiatur:
1070 1751 1117 1779 sed
1128 1756 1269 1786 peccatum
1287 1751 1415 1786 lacrymis
1433 1751 1608 1778 redemerunt
1621 1751 1653 1778 ".
1669 1750 1806 1780 Manasses
1822 1753 1895 1781 inter

263 1808 342 1836 reges
368 1799 597 1827 sceleratissimus
620 1808 627 1826 :

299 1845 369 1879 Quid
386 1845 431 1871 tibi
444 1845 553 1879 faciam,
567 1843 736 1878 Ephraim“,
751 1844 840 1878 inquit
854 1843 943 1870 Deus?
965 1842 1055 1875 Quan-

264 1895 319 1919 tam
341 1890 513 1918 iracundiam
532 1899 587 1925 prte
603 1898 632 1918 se
648 1890 700 1918 fert
723 1890 767 1916 hic
785 1889 895 1916 sermo!
911 1894 937 1915 et
964 1893 1055 1915 tamen

264 1937 409 1966 confestim
428 1937 609 1972 propugnatio
629 1936 815 1971 subjungitur.
845 1934 913 1967 Quid
932 1935 1057 1969 benigni-

266 1989 321 2012 tate
340 1983 481 2012 celerius?
510 1982 707 2010 Sodomiticum
729 1983 817 2017 ignem
830 2001 837 2013 ,
855 1981 988 2008 adversus
1010 1989 1058 2008 eos

265 2031 312 2066 qui
334 2030 427 2058 Iesum
450 2030 573 2065 abigunt,
597 2028 725 2064 discipuli
749 2027 939 2062 postulant“;
966 2031 993 2053 at
1009 2027 1054 2053 ille

266 2077 397 2104 ultionem
422 2079 543 2103 recusat.
567 2074 681 2106 Malchi,
708 2073 789 2100 unius
813 2081 845 2099 ex
868 2072 1054 2107 petulantibus

267 2123 322 2150 illis
343 2127 370 2150 et
384 2121 589 2149 contumeliosis
602 2141 609 2153 ,
627 2128 719 2147 aurem
733 2119 830 2147 Petrus
854 2123 995 2153 amputat;
1011 2118 1056 2146 Je-

267 2175 315 2196 sus
330 2171 419 2194 autem
435 2167 553 2195 restituit
563 2166 594 2192 ".
611 2165 682 2198 Quid
694 2169 783 2192 autem
801 2164 856 2196 ille,
872 2164 928 2199 qui.
941 2164 1056 2198 septies-

268 2221 302 2241 ne
333 2213 411 2240 fratri
436 2212 514 2247 lapso
538 2211 711 2247 ignosceret,
733 2214 927 2246 percunctatus
948 2209 1058 2237 fuerat?

303 2271 327 2286 "
352 2269 433 2297 Num.
463 2277 526 2301 xxv.
545 2269 560 2295 7
576 2277 636 2303 sqq.
675 2269 698 2284 "
718 2268 792 2296 Psal.
811 2277 856 2299 ev.
883 2269 976 2296 50-51.

1021 2269 1043 2285 “
1065 2268 1149 2295 Exod.
1172 2277 1202 2300 lt,
1220 2268 1263 2295 12.

651 1802 678 1825 at
694 1799 764 1826 inter
786 1806 851 1830 eos,
878 1798 924 1833 qui
942 1798 1057 1825 salutem
1078 1797 1218 1825 consecuti
1234 1801 1309 1829 sunt,
1322 1797 1357 1824 ob
1374 1798 1477 1824 luctum
1493 1798 1664 1825 clarissimus
1673 1798 1705 1825 ³⁸³.

1144 1843 1174 1868 Τί
1190 1851 1226 1870 σε
1243 1842 1342 1874 διαθῶ,
1364 1842 1498 1877 Ἐρραῒμ,
1521 1842 1597 1878 παρὰ
1615 1842 1661 1868 τοῦ
1683 1843 1749 1870 Θεοῦ
1767 1843 1893 1878 λέγεταις

1108 1890 1193 1923 Ὅσης
1207 1889 1290 1924 ὀργῆς
1307 1890 1320 1915 ὁ
1337 1889 1432 1923 λόγοςῐ
1451 1889 1497 1915 καὶ
1520 1889 1728 1925 ὺπερασπισμὺς
1747 1891 1893 1925 ἐπάγεται.

1109 1935 1141 1961 Τί
1161 1936 1210 1970 τῆς
1234 1935 1439 1970 φιλανθρωπίας
1463 1935 1628 1971 ταχύτερον;
1643 1936 1702 1972 Πῦρ
1722 1936 1896 1972 Σοδομιτικὸν

1110 1981 1231 2008 αἰτοῦσιν
1255 1982 1279 2008 οἱ
1306 1982 1426 2016 μαθηταὶ
1449 1982 1519 2008 κατὰ
1542 1982 1596 2008 τῶν
1617 1983 1737 2016 ἀγόντων
1759 1983 1815 2019 (55)
1850 1985 1896 2011 τὸν

1114 2026 1226 2062 Ἰησοῦν,
1246 2028 1260 2052 ὁ
1277 2026 1304 2053 δὲ
1318 2027 1429 2059 ἀπαξιοῖ
1441 2026 1490 2062 τὴν
1508 2027 1656 2062 ἐκδίκησιν.
1672 2028 1770 2063 Τέμνει
1783 2029 1897 2064 Μάλχου

1108 2072 1138 2099 τὺ
1156 2072 1235 2099 ὠτίον
1261 2072 1385 2108 Πέτρος,
1407 2073 1465 2104 ἑνὸς
1481 2073 1534 2099 τῶν
1564 2073 1715 2109 ὑϐριστῶν,
1743 2074 1846 2109 Ἰησοῦς
1867 2075 1896 2101 δὲ

1109 2118 1318 2153 ἀποκαθίστησι.
1337 2118 1369 2144 Τί
1394 2118 1423 2144 δὲ
1443 2120 1457 2145 ὁ
1485 2120 1642 2155 ἐρωτήσας,
1668 2121 1691 2146 εί
1715 2121 1831 2153 ἑπτάκις
1856 2123 1915 2158 τῷ(

1109 2163 1217 2198 ἀδελφῷ
1246 2164 1436 2199 συγχωρητέον
1467 2164 1636 2196 πταίσαντι;
1663 2166 1692 2192 οὐ
1720 2167 1915 2204 μικρολογίαν¹

1111 2209 1363 2244 καταγινώσκεται;
1382 2210 1420 2245 τῷ
1447 2210 1501 2246 γὰρ
1525 2211 1656 2245 ἑπτάκις,
1681 2213 1710 2238 τὸ
1732 2213 1896 2249 ἑϐδομηκον-

1310 2268 1430 2305 ’f‘l‘ium.
1453 2277 1503 2301 Ml,
1532 2269 1565 2295 10
1590 2278 1649 2305 sqq.
1701 2269 1798 2298 "Jon.
1820 2279 1864 2303 tn,
1884 2272 1897 2299 ι

269 2314 329 2341 sqq.
362 2307 390 2323 ιν
406 2304 426 2332 ll
442 2304 529 2332 Paral.
551 2304 675 2334 xxxuui
696 2312 757 2339 sqq.
790 2304 812 2319 ³¹
840 2304 902 2332 Ose.
921 2312 958 2336 vi,
978 2304 1006 2331 4.
1045 2304 1051 2318 ³

1111 2312 1148 2331 te.
1164 2312 1201 2337 Ix,
1219 2304 1263 2331 54.
1302 2303 1324 2319 ³³
1341 2303 1408 2330 Luc.
1424 2311 1490 2337 xm,
1506 2304 1599 2332 δοηει.

305 2360 360 2396 (26)
382 2362 424 2387 Οὐ
442 2359 495 2395 γὰρ
509 2360 612 2394 οὕτως.
626 2360 665 2386 Ita
680 2361 741 2387 cod.
754 2360 821 2395 Reg.
838 2368 869 2387 ac
889 2359 1012 2388 Comhef.
1028 2359 1051 2386 lr

1147 2359 1202 2395 (32)
1220 2359 1280 2396 Τὸη
1297 2360 1459 2396 Αἰγύπτιον
1473 2360 1583 2387 ἀνεῖλε.
1606 2360 1666 2388 Bill.
1683 2360 1838 2396 Egyptium
1852 2364 1896 2390 ob-

270 2396 335 2424 edit.
351 2396 444 2426 ὅντως.

307 2430 363 2492 (27)
381 2430 434 2458 Καὶ
461 2430 515 2470 γὰρ
529 2431 576 2456 καὶ
594 2429 691 2456 τοῦτο.
705 2429 745 2469 ita
763 2430 824 2457 cod.
843 2429 922 2466 ch.,
941 2430 1057 2457 Montac.

321 2465 402 2492 lorel.
415 2465 443 2492 lu
460 2466 526 2492 edit.
544 2465 591 2491 καὶ
604 2465 658 2492 γὰρ
674 2473 762 2492 τουτο.

271 2471 295 2493 et
308 2465 402 2493 Morel.
415 2465 443 2492 lu
460 2466 526 2501 edit.
544 2465 591 2491 καὶ
604 2465 762 2501 γὰρ-τοῦτο.

307 2500 375 2535 (27⁸)
396 2500 502 2532 Πολ.λῷ
518 2499 728 2527 τούτου.ὐηυε
741 2500 803 2527 cod.
822 2499 938 2527 Montac.
954 2504 981 2527 et
1003 2499 1060 2527 Mo-

272 2537 322 2563 rel.
339 2535 428 2570 πολλῷ
440 2535 528 2561 τοῦτο.

310 2570 364 2605 (28)
381 2569 535 2604 καρτερεῖν
550 2569 733 2604 πάσχοντας.
750 2569 788 2596 lta
808 2574 863 2597 tres
886 2569 966 2596 codd.
982 2569 1059 2605 Reg,

273 2605 402 2633 Montac..
421 2605 514 2632 Morel.
533 2612 564 2632 ac
580 2605 703 2632 Cmnbef.
721 2604 750 2631 In
766 2605 834 2632 edit.
850 2606 996 2640 πάσχοντα.

305 2640 365 2701 (ἳςέ)
380 2640 434 2666 Kal
453 2640 639 2674 τελεώτερον.
657 2639 725 2667 Cod.
743 2640 808 2676 Reg.
830 2644 856 2667 et
875 2640 996 2668 Combel‘.
1014 2640 1062 2666 καὶ

321 2683 344 2701 ει
362 2683 447 2701 τερον.

273 2683 389 2702 τεΑειοτε
393 2683 447 2703 ρον.

312 2683 578 2745 (ἓλῖίῖεὲἒστότητα
598 2709 635 2744 τῇ
667 2710 857 2744 χρηστότητι.
879 2709 916 2736 Ita
945 2709 1006 2738 (οὐ.
1034 2714 1060 2737 et

275 2744 396 2772 Comhel'.
429 2744 457 2772 In
484 2745 746 2780 θαίῐηχρηστότητα
772 2745 969 2780 χρηστότητος,
991 2745 1063 2779 quod

275 2780 336 2807 Bill.
358 2780 438 2807 vertit
454 2790 460 2807 :
480 2785 540 2807 ante
555 2779 751 2815 benignitatem,
767 2779 951 2814 benignitatem
974 2780 1064 2814 confe-

275 2823 377 2842 ramus.

313 2851 368 2892 (δε)
389 2850 595 2892 Πρρσηύξαῖρ.
621 2849 658 2877 Ita
672 2850 726 2878 duo
750 2849 828 2878 codd.
847 2849 913 2886 Reg.
937 2854 964 2878 et
982 2849 1063 2878 Com.

276 2884 330 2914 bel'.
347 2885 376 2913 ln
390 2886 454 2913 edit.
474 2884 636 2921 προηύξατο.

1111 2396 1252 2431 truncavit.
1265 2394 1317 2431 Sed
1331 2395 1403 2431 unde
1415 2395 1466 2422 hoc
1482 2395 1519 2422 illi
1533 2394 1841 2431 cagdisgennsﬂieinde,
1852 2399 1897 2425 διὰ

1106 2429 1293 2467 τὺὲγογγύσαι.
1310 2429 1349 2457 lta
1365 2429 1443 2457 Pass.
1457 2435 1483 2457 et
1493 2434 1549 2459 tres
1565 2429 1648 2467 Regg.
1664 2431 1692 2458 In
1703 2432 1784 2460 editis
1797 2433 1898 2461 desum

1219 2501 1269 2526 Διὰ
1294 2499 1477 2536 τῆςπεὺχῆςτ
1501 2500 1540 2536 lla
1555 2501 1616 2528 cod.
1642 2501 1707 2536 Reg.
1729 2506 1756 2529 et
1771 2503 1896 2531 Combef.

1110 2535 1260 2572 Altercod.
1277 2535 1320 2572 διᾲ
1339 2535 1392 2561 τῶν
1407 2534 1507 2572 εὑχῷν.
1523 2535 1551 2562 1η
1564 2536 1628 2563 edit.
1642 2534 1812 2572 ταίςεὺχαίς.

1148 2570 1203 2605 (Si)
1228 2569 1287 2606 Τὴν·
1305 2571 1459 2604 ἁμαρτίαν.
1475 2570 1512 2597 Ita
1527 2575 1583 2598 tres
1600 2571 1680 2606 codd.
1694 2569 1759 2606 Reg:
1775 2577 1801 2599 et
1816 2573 1899 2600 Com-

1112 2605 1166 2632 her.
1181 2606 1210 2631 ln
1222 2605 1286 2631 edit.
1298 2606 1347 2640 τὴν
1363 2606 1510 2640 σωτηρίαν,
1527 2606 1599 2640 quod
1613 2605 1673 2633 Bill.
1688 2605 1784 2634 vertit:
1803 2607 1898 2635 Verum

1113 2640 1226 2667 salutem
1243 2640 1369 2675 lacrymis
1385 2641 1560 2667 redemerunt.

1151 2675 1213 2711 (55)
1227 2675 1307 2711 Κατὰ
1317 2674 1378 2711 τῶν
1401 2676 1543 2709 ἀγόντων.
1561 2676 1692 2704 Adversus
1708 2685 1752 2703 eos
1774 2678 1819 2711 qui
1837 2686 1853 2704 α
1875 2686 1899 2705 se

1114 2710 1291 2747 prqpellebant
1309 2709 1411 2747 Jcsttm,
1431 2711 1677 2747 quirei_negabant
1700 2709 1848 2747 hospitium
1874 2717 1899 2739 et

1115 2746 1301 2776 refectionem,
1316 2749 1345 2772 ut
1361 2745 1458 2780 legitur
1478 2746 1504 2772 in
1524 2745 1811 2780 Evangelio.Comeef.
1828 2749 1898 2773 κατὶ
1914 2748 1915 2759 ‘

1114 2779 1169 2806 τῶν
1187 2766 1363 2816 γὰπαγόντων.
1386 2766 1449 2807 li‘iec
1471 2782 1554 2816 enim,
1690 2766 1900 2816 ἐξόζ-

1114 2823 1167 2852 των
1185 2815 1229 2841 hic
1242 2815 1438 2852 congruitkaut
1461 2815 1536 2852 quod
1561 2816 1650 2844 reddit
1670 2815 1729 2842 Bill.
1745 2815 1899 2852 qui'Jesum

1115 2849 1322 2886 adductmt._Ubi
1346 2850 1418 2886 enim
1445 2851 1485 2878 sic
1504 2850 1592 2885 ignem
1618 2849 1758 2886 imprecati
1782 2852 1900 2880 fuissent

1114 2885 1242 2920 discipuli
1258 2884 1351 2913 Jesum
1363 2885 1574 2914 adducentibus?
