1923 3053
39 151 90 180 145

707 151 876 180 EPISTOLA
893 151 1020 180 LXXVII.

1615 149 1666 178 146

37 211 117 243 τάκις
131 210 201 237 ἑπτὰ
228 209 412 246 προστίθεται.
435 210 467 236 Τί
488 209 517 236 δὲ
542 211 556 236 ὁ
576 210 777 245 χρεωφειλέτης
797 211 826 237 ὲν

882 217 969 238 annon
998 214 1028 238 ut
1052 216 1210 246 praeparcus
1235 215 1268 236 ac
1283 208 1366 236 nimis
1382 208 1526 236 restrictus
1539 209 1666 236 notatur?

37 258 94 288 τοῖς
119 256 306 290 Εὺαγγελίοις,
329 256 343 282 ό
365 255 401 290 μὴ
419 256 598 290 συγχωρήσας
617 254 635 281 ἃ
657 255 827 291 συγκεχώρη-

37 310 98 334 ται;
115 303 146 329 οὐ
164 302 324 337 πικρότερον
338 301 381 328 διὰ
397 301 476 327 τοῦτο
493 301 701 336 εὶσπράττεταις

881 256 1038 292 septenario
1051 256 1123 283 enim
1135 255 1291 290 septuagics
1304 255 1404 290 septies
1416 254 1583 290 adjicitur“.
1596 254 1666 287 Quid

880 302 988 330 debitor
1005 303 1068 336 ille,
1089 302 1190 337 dequo
1209 302 1237 328 in
1257 301 1412 336 Evangeliis
1436 302 1537 328 mentio
1560 301 1605 333 ﬁt,
1619 302 1666 336 qui

38 348 151 380 eadem,
165 355 226 383 qure
241 347 293 375 sibi
309 347 423 375 remissa
441 347 558 381 fuerant,
575 347 687 375 minime
704 347 810 375 remisit
818 347 863 375 "?
882 356 974 377 annon
996 356 1029 376 eo
1053 349 1165 376 nomine
1189 348 1316 376 acerbius
1344 347 1380 375 ab
1400 355 1434 376 eo
1446 347 1566 375 debitum
1589 355 1667 383 repe-

37 394 120 420 titur?

74 449 107 475 Τί
132 448 161 476 δὲ
185 450 201 484 ὴ
225 448 346 482 τύπωσις
371 450 421 485 τῆς
447 450 530 486 εὐχῆς
551 450 626 486 (56);
654 450 705 477 οὐκ
728 450 825 484 ἀφέσει

39 494 164 529 βούλεται
200 494 250 529 τὴν
284 494 381 529 ἄφεσιν
414 496 673 532 πραγματεύεσθαι;
701 495 825 522 Τοσαῦτα

38 541 145 576 ἔχοντες
160 542 363 578 ὑποδείγματα,
382 542 567 578 μιμησώμεθα
586 542 654 569 Θεοῦ
678 542 827 577 φιλανθρω-

38 588 113 618 πίαν,
129 588 176 614 καὶ
195 587 231 623 μὴ
256 587 430 623 βουληθῶμεν
448 588 494 622 ἀφ’
515 589 593 624 ἡμῶν
608 589 704 624 μαθεῖν
725 588 824 621 αὐτῶν,

38 634 100 660 ὅσον
130 633 185 669 (57)
213 634 298 660 κακὸν
329 634 464 669 ἁμαρτίας
485 635 628 666 ἀντίδοσις.
658 636 739 670 Ὁρᾷς
764 635 827 661 ἀκο-

39 678 147 707 λουθίαν
170 679 365 715 χρηστότητος.
383 680 533 715 Νομοθετεῑ
552 680 675 716 πρῶτον,
693 679 753 707 εἷτα
773 680 826 707 δια-

38 725 179 752 κελεύεται
193 726 260 761 (58),
277 726 457 761 ὑπισχνεῖται,
473 727 589 758 ἀπειλεῖ,
606 726 742 758 ὀνειδίζει,
774 727 825 752 ἐπ-

38 771 217 804 ανατείνεται,
234 772 352 807 κατέχει-
362 772 469 799 ἀπειλεῖ
487 773 568 799 πάλιν
580 781 586 787 ·
604 773 667 799 ὅταν
681 772 824 807 ἐκϐιασθῇ,

38 817 146 853 πληγὴν
157 818 254 852 ἐπάγει
267 818 332 852 ιῦθ),
350 818 396 844 καὶ
412 817 514 853 ταύτην
527 818 597 844 κατὰ
610 818 717 853 μικρὸν,
733 817 824 853 χώραν

39 864 194 898 ὑπανοίγων
217 864 277 895 ταῖς
301 863 468 899 διορθώσεσι.
486 863 532 899 Μὴ
554 863 643 890 τοίνυν
669 862 737 898 μηδὲ
761 862 829 898 πλή-
844 879 865 906 Β

38 909 128 945 ξωμεν
143 910 248 946 ἀθρόως
260 909 314 944 (ιο)
327 909 373 944 (οὐ
390 909 444 945 γὰρ
458 909 606 944 ἀσφαλὲς),
621 908 689 935 ἀλλὰ
700 908 739 944 τῷ
752 908 826 943 φόϐῳ

38 956 271 991 σωφρονίσαντες,
296 958 328 992 τῇ
362 956 550 992 φιλανθρωπίᾳ
580 957 754 992 νικήσωμεν,
780 956 828 982 καὶ

37 1001 166 1037 λάϐωμεν
190 1002 338 1038 ὑποχρέους
362 1002 417 1038 (41)
448 1002 591 1034 εὐλαϐείας
624 1001 663 1035 τῷ
698 1001 827 1028 συνειδότι

38 1048 136 1079 πλέον,
164 1048 181 1083 ἢ
209 1050 242 1084 τῇ
268 1048 337 1084 ὀργῇ
362 1048 565 1083 βασανίσαντες.
595 1048 640 1082 Μὴ
668 1047 828 1083 ξηράνωμεν

39 1094 126 1129 συκῆν
141 1093 181 1120 ἐτι
196 1096 381 1130 καρποφορεῖν
398 1093 561 1130 δυναμένην,
581 1093 618 1129 μὴ
635 1093 673 1124 ὡς
689 1094 827 1128 ἀχρήστου

38 1139 228 1174 καταγνῶμεν,
249 1139 296 1166 καὶ
314 1139 505 1175 καταργούσης
523 1139 569 1166 τὸν
584 1139 675 1170 τόπον,
696 1139 729 1174 ἢν
747 1139 828 1174 θερα-

39 1184 136 1211 πεύσει
156 1185 235 1219 τυχόν
249 1185 370 1220 τεχνίτου
385 1185 509 1221 γεωργοῦ
529 1184 682 1221 προστασία
697 1185 744 1211 καὶ
767 1185 828 1211 ἑπι-

40 1231 135 1266 μέλεια
156 1231 231 1266 Μηδὲ
245 1231 371 1258 τοσοῦτον
388 1231 467 1267 ἔργον
488 1231 534 1257 καὶ
561 1230 720 1266 περιϐόητον
732 1230 765 1257 δι’
781 1231 830 1257 ὲπ-

38 1278 135 1312 ήρειαν
149 1277 204 1312 (4⁸2)
224 1277 288 1309 ἴσως
309 1277 356 1304 τοῦ
375 1277 492 1313 πονηροῦ
510 1277 557 1303 καὶ
574 1276 685 1311 φθόνον,
697 1276 784 1308 οὕτως
800 1277 828 1303 ὲν

39 1323 138 1359 βραχεῖ
147 1322 354 1359 καταλύσωμεν,
370 1322 437 1350 ἀλλὰ
452 1322 627 1358 βουληθῶμεν
643 1322 829 1358 φιλάνθρωποι

38 1368 157 1403 φανῆναι
184 1368 284 1404 μᾶλλον
308 1368 325 1404 ἢ
352 1368 469 1400 ἐντελεῖς
491 1368 565 1403 (45),
591 1368 638 1394 καὶ
664 1368 829 1403 φιλόπτωχοι

39 1413 132 1445 πλέον,
146 1414 163 1449 ἦ
179 1414 340 1449 φιλοδίκαιοι
350 1423 357 1430 ·
380 1414 447 1450 μηδὲ
460 1414 514 1441 τῶν
536 1415 741 1442 ὑπεκκαιόντων
755 1415 830 1450 ἡμᾶς

40 1460 79 1491 εἰς
91 1459 171 1486 τοῦτο
192 1459 283 1492 πλέον,
303 1460 320 1494 ἦ
337 1459 391 1486 τῶν
406 1459 574 1495 κατεχόντων
591 1459 767 1495 ἀνεχώμεθα-
783 1460 829 1486 καὶ

39 1505 69 1530 τὺ
84 1504 208 1540 αἰσχρὸν,
218 1505 242 1531 εί
260 1505 296 1541 μή
313 1514 339 1531 τι
354 1505 428 1537 ἄλλο,
444 1504 651 1540 ἐνθυμηθέντες,
667 1506 691 1531 εί
705 1505 830 1540 δόξαιμεν

41 1550 108 1585 πρὸς
129 1550 254 1585 πτωχοὺς
265 1549 459 1584 ἀγωνίζεσθαι,
473 1550 498 1576 οἳ
521 1550 602 1577 τοῦτο
622 1551 693 1585 μέγα
719 1550 830 1576 πλεονε-
844 1561 866 1591 C

40 1595 145 1628 κτοῦσι,
157 1596 197 1629 τὸ,
211 1596 262 1623 κᾶν
273 1595 397 1628 ἀδικῶσι,
413 1596 545 1622 ἐλεεῖσθαι
559 1596 603 1623 διὰ
613 1595 662 1631 τὴν
675 1596 827 1631 συμφοράν.

41 1641 98 1668 Νῦν
110 1642 168 1669 οῖον
182 1642 284 1674 πάντας
307 1642 355 1677 μέν
377 1650 419 1668 σοι
446 1642 629 1678 προσπίπτειν
653 1641 778 1677 πτωχούς
799 1650 828 1668 τε

41 1688 88 1714 καὶ
103 1688 323 1723 πτωχοτρόφους,
345 1687 450 1719 πάντας
462 1687 490 1714 δὲ
516 1686 650 1723 μοναστὰς
669 1686 716 1713 καὶ
732 1685 830 1721 παρθέ-

41 1741 103 1764 νους
121 1733 192 1769 ὑπὲρ
214 1733 303 1760 αὐτῶν
321 1732 499 1764 ἱκετεύοντας.
519 1732 568 1764 Δὸς
587 1734 644 1764 τοῖς
663 1733 745 1759 πᾶσιν
769 1732 830 1759 ἀντὶ

41 1779 144 1806 τούτοιν
158 1780 208 1815 τὴν
222 1780 300 1815 χάριν
319 1779 328 1815 (
334 1779 428 1814 ἐπειδὴ
441 1780 489 1806 καὶ
505 1778 703 1814 συνετρίϐησαν
718 1777 828 1810 ἱκανῶς,

40 1825 78 1857 ὠς
92 1825 171 1861 δῆλον
191 1826 220 1859 ἐξ
237 1822 274 1852 ὧν
291 1825 369 1861 ἡμῶν
389 1825 564 1861 ἐδεήθησαν),
584 1825 632 1852 καὶ
650 1825 703 1860 πρὸ
722 1825 830 1852 πάντων

39 1872 108 1907 ἡμῖν
131 1872 188 1903 τοῖς
212 1871 282 1908 ὑπὲρ
314 1871 404 1899 αὐτῶν
429 1871 636 1907 πρεσϐεύουσιν.
661 1870 714 1902 Οὓς
741 1870 766 1896 εῑ
789 1878 830 1896 σοι

12 1927 15 1932 λ
39 1917 128 1944 δεινὸν
151 1915 222 1945 εἶναι
243 1917 367 1953 φαίνεται
388 1918 419 1944 τὸ
444 1917 508 1953 παρ’
524 1917 614 1943 αὐτῶν
636 1916 829 1952 ἀτιμασθῆναι,

40 1962 133 1998 πολλῷ
145 1963 262 1997 φανείτω
275 1963 424 1999 δεινότερον
436 1963 466 1990 τό
482 1972 522 1990 σοι
534 1962 732 1999 παραινοῦντας
746 1961 832 1988 ταῦτα

42 2009 81 2045 μὴ
99 2009 277 2044 ἀκουσθῆναιε
293 2009 338 2045 Τῷ
358 2010 386 2036 δὲ
410 2009 485 2044 καλῷ
501 2009 599 2044 Παύλῳ
616 2008 670 2044 (44)
687 2008 830 2043 συγχωρή-

40 2062 117 2080 σειεν
131 2055 145 2080 ὁ
159 2054 235 2086 Θεὸς,
248 2054 266 2081 ἃ
285 2055 325 2086 εἰς
339 2056 414 2091 ἡμᾶς
431 2054 582 2090 ἐξύϐρισεν.

913 446 1036 481 Denique
1051 454 1143 474 annon
1162 446 1209 473 illa
1237 446 1404 482 precationis
1432 447 1518 474 forma
1534 448 1586 475 huc
1605 456 1666 484 spe-

875 496 942 524 ctat,
956 495 986 519 ut
1001 491 1111 519 veniam
1121 492 1199 520 nobis
1211 492 1290 520 venia
1304 494 1516 527 comparemus?
1531 494 1587 529 68
1598 494 1667 524 Cum

879 539 966 573 igitur
978 541 1017 564 tot
1029 538 1155 572 exempla
1177 537 1256 566 nobis
1276 542 1376 573 praesto
1391 538 1456 572 sint,
1480 538 1526 566 Dei
1541 540 1667 574 benigni-

877 589 959 611 tatem
978 592 1010 611 ac
1028 583 1184 611 facilitatem
1211 585 1362 617 imitemur,
1385 592 1436 611 nec
1453 589 1586 620 quantum
1602 579 1666 613 mali

878 631 907 658 in
933 631 1040 666 peccati
1057 631 1162 658 ultione
1186 631 1305 666 positum
1327 631 1373 665 sit,
1393 639 1426 658 ex
1438 632 1518 660 nobis
1535 632 1600 667 ipsis
1625 634 1666 660 di-

880 684 958 705 scere
978 677 1005 703 in
1031 676 1151 703 animum
1172 677 1346 704 inducamus.
1371 677 1548 714 Benignitatis
1568 679 1665 706 seriem

880 723 966 750 vides.
987 721 1108 749 Primum
1131 723 1216 758 legem
1232 723 1329 756 sancit,
1344 723 1442 751 deinde
1455 724 1542 759 jubet,
1558 725 1668 760 pollice-

879 772 925 796 tur
937 787 945 800 ,
967 768 1106 801 minatur,
1126 768 1265 803 increpat,
1279 776 1376 803 poenas
1392 769 1520 802 intendit,
1542 771 1665 805 cohibet;

878 815 1000 842 minatur
1018 822 1146 848 rursum;
1173 823 1235 842 cum
1253 815 1367 843 adactus
1389 815 1481 849 fuerit,
1497 818 1603 852 plagam
1625 818 1668 845 in-

879 860 950 893 fert,
977 861 1059 896 idque
1084 862 1233 896 paulatim,
1259 862 1331 888 viam
1363 862 1467 890 scilicet
1482 864 1666 892 emendationi

879 906 1015 941 aperiens.
1031 906 1215 939 Quamobrem
1239 915 1290 935 nos
1311 915 1420 943 quoque
1433 916 1543 943 operam
1559 909 1666 943 demus,

877 960 912 979 ne
929 956 1039 988 repente
1060 952 1191 981 feriamus
1223 953 1322 988 {neme
1347 954 1419 981 enim
1437 954 1464 981 id
1483 959 1571 982 tutum
1589 958 1642 991 est)
1657 976 1666 989 ,

878 1007 972 1026 verum
996 1003 1025 1026 ut
1045 1006 1094 1026 eos
1113 1007 1128 1025 a
1144 999 1245 1034 quibus
1265 999 1321 1027 laesi
1336 1007 1443 1033 sumus,
1461 1004 1534 1028 metu
1549 1002 1668 1037 castiga-

878 1048 931 1076 tos,
949 1044 1117 1080 benignitale
1133 1051 1306 1079 superemus,
1330 1051 1413 1080 atque
1429 1045 1463 1072 ad
1474 1046 1668 1074 verecundiam

878 1094 905 1117 et
917 1090 1097 1118 reverentiam
1113 1090 1311 1126 astringamus,
1329 1091 1374 1126 qui
1392 1092 1562 1120 conscientia
1575 1093 1668 1128 potius

878 1144 959 1171 quam
986 1137 1127 1164 iracundia
1149 1141 1338 1172 torqueantur.
1358 1137 1397 1166 Ne
1425 1138 1587 1172 ficulneam,
1607 1146 1668 1174 quae

880 1182 985 1210 fructus
996 1182 1084 1209 adhuc
1101 1182 1173 1210 ferre
1189 1188 1281 1217 queat,
1299 1183 1425 1211 siccitate
1441 1183 1603 1216 afﬁciamus,
1621 1193 1666 1216 ne,

879 1233 910 1256 ut
931 1229 1054 1256 inutilem
1075 1232 1102 1256 et
1117 1229 1250 1256 inutiliter
1266 1229 1354 1256 locum
1376 1234 1568 1265 occupantem,
1587 1231 1666 1259 dam-

880 1282 989 1308 nemus,
1019 1274 1066 1302 cui
1098 1275 1228 1302 industrii
1248 1275 1376 1310 agricolae
1389 1283 1455 1303 cura
1469 1280 1512 1311 iet
1527 1277 1667 1312 diligentia

881 1319 998 1348 fortasse
1025 1320 1180 1348 medebitur
1193 1320 1226 1348 ".
1251 1320 1306 1348 Nec
1328 1325 1433 1348 tantum
1453 1326 1536 1357 atque
1561 1322 1668 1350 celebre

880 1373 950 1401 opus
967 1366 1003 1394 ob
1018 1366 1119 1394 diaboli
1145 1366 1263 1395 fortasse
1280 1367 1482 1402 improbitatem
1503 1372 1585 1404 atque
1598 1369 1668 1397 invi-

880 1412 953 1439 diam
966 1416 1021 1440 tam
1040 1412 1095 1440 cito
1115 1412 1266 1440 deleamus.
1289 1413 1360 1446 Quin
1385 1415 1477 1449 potius
1494 1415 1615 1442 animum
1631 1415 1668 1442 ila

881 1465 1071 1493 comparemus
1084 1478 1092 1490 ,
1124 1462 1153 1486 ut
1180 1459 1315 1494 benignos
1337 1459 1429 1494 potius
1448 1467 1529 1495 quam
1548 1468 1668 1494 severos,

881 1507 909 1530 et
936 1511 1087 1539 pauperum
1117 1505 1208 1539 potius
1236 1513 1318 1540 quam
1347 1505 1435 1533 exacti
1457 1506 1528 1540 juris
1546 1511 1669 1534 amantes

883 1556 933 1576 nos
953 1550 1139 1584 praebeamus;
1165 1557 1216 1578 nec
1234 1558 1328 1578 eorum
1351 1552 1443 1586 potius
1458 1552 1505 1586 qui
1528 1560 1579 1579 nos
1592 1552 1626 1579 ad
1643 1552 1670 1579 id

883 1595 1071 1628 inﬂammant,
1096 1603 1178 1631 quam
1200 1596 1246 1631 qui
1273 1597 1405 1630 retinent,
1419 1597 1551 1625 rationem
1567 1598 1664 1626 habea~

882 1649 956 1668 mus.
987 1641 1016 1668 in
1039 1649 1094 1676 quo
1115 1641 1181 1668 illud
1203 1649 1323 1677 quoque,
1345 1642 1368 1671 si
1389 1643 1456 1670 nihil
1480 1643 1564 1676 aliud,
1588 1643 1670 1671 nobis

882 1687 1111 1715 considerandum
1126 1692 1178 1721 est,
1192 1688 1322 1716 nimirum
1338 1693 1417 1724 turpe
1431 1696 1463 1716 ac
1483 1688 1585 1716 fmdum
1597 1696 1668 1721 esse,

883 1732 905 1760 si
922 1739 984 1760 cum
1006 1733 1174 1768 pauperibus
1199 1738 1360 1762 concertare
1371 1734 1534 1769 videamur;
1552 1735 1597 1770 qui
1618 1735 1671 1763 hoc

882 1778 1010 1812 nomine,
1031 1783 1057 1806 et
1076 1779 1187 1814 quidem
1209 1788 1327 1815 magno,
1349 1781 1492 1816 superiore
1513 1782 1671 1810 conditione

883 1828 958 1856 sunt,
976 1825 1061 1860 quod,
1079 1825 1188 1853 etiamsi
1210 1826 1312 1861 alioqui
1337 1827 1466 1862 injuriam
1488 1827 1618 1859 inferant.
1634 1827 1671 1854 ob

883 1869 1068 1898 calamitatem
1085 1874 1177 1898 tamen
1196 1871 1356 1900 hominibus
1371 1872 1590 1900 misericordiam
1611 1880 1657 1900 mo

883 1918 957 1943 vent.
978 1914 1032 1943 Fac
1046 1924 1120 1943 nunc
1138 1920 1218 1951 putes
1239 1925 1334 1945 omnes
1349 1925 1495 1953 pauperes,
1510 1925 1542 1945 ac
1568 1926 1672 1954 paupe—

884 1969 944 1989 rum
964 1961 1124 1989 alendorum
1140 1963 1280 1992 studiosos
1301 1963 1335 1990 ad
1356 1972 1445 1999 genua
1461 1968 1507 1991 tua
1520 1965 1669 1999 prosterni,

884 2015 980 2035 omnes
997 2008 1062 2035 item
1079 2010 1229 2037 monachos
1244 2014 1271 2036 et
1284 2010 1405 2045 virgines
1419 2017 1469 2044 pro
1483 2010 1550 2044 ipsis
1566 2009 1671 2044 suppli—

884 2059 987 2081 cantes.
1015 2053 1063 2081 His
1079 2054 1222 2088 omnibus,
1241 2055 1357 2082 istorum
1381 2055 1457 2089 loco,
1477 2056 1530 2083 hoc
1546 2055 1671 2089 beneficii

38 2100 75 2128 da
106 2101 337 2136 (quandoquidem
350 2087 443 2129 "ctiam
468 2087 537 2129 satis
567 2100 658 2128 amicti
682 2104 765 2135 atque
777 2099 873 2127 obtriti
899 2103 977 2132 sunt,
996 2103 1027 2127 ut
1048 2108 1081 2128 ex
1109 2108 1142 2128 eo
1160 2101 1260 2136 liquet,
1291 2101 1365 2136 quod
1397 2087 1454 2128 nos
1466 2087 1669 2136 obsecraruni),

38 2156 73 2176 ac
87 2150 240 2184 praesertim
252 2149 342 2183 nobis,
359 2158 454 2178 eorum
467 2150 589 2182 nomine,
603 2148 828 2184 deprecantibus.
848 2147 926 2181 Quod
939 2148 960 2175 si
979 2148 1027 2175 tibi
1039 2156 1122 2184 grave
1136 2153 1219 2184 atque
1254 2149 1394 2184 indignum
1413 2149 1520 2176 videtur
1530 2169 1537 2180 ,
1568 2156 1618 2175 nos
1636 2148 1670 2176 ab

38 2197 112 2232 ipsis
135 2198 304 2233 contemptui
334 2198 443 2226 habitos
470 2197 571 2230 fuisse,
591 2197 677 2224 multo
705 2197 786 2224 velim
803 2196 852 2223 tibi
871 2196 982 2231 gravius
998 2195 1145 2228 videatur,
1168 2204 1219 2224 nos
1236 2196 1293 2224 haec
1314 2196 1364 2224 tibi
1383 2196 1528 2223 suadentes
1558 2195 1670 2223 minime

37 2243 178 2271 exaudiri.
190 2243 310 2272 Pulchro
325 2249 416 2273 autem
427 2245 513 2273 Paulo
523 2245 628 2273 utinam
639 2243 711 2272 Deus
721 2252 753 2271 ea
769 2252 829 2279 quae
846 2244 874 2271 in
890 2251 941 2271 nos
958 2243 1156 2271 contumeliose
1167 2245 1343 2279 perpetravit,
1360 2244 1505 2272 condonet.

75 2334 102 2350 "
117 2332 212 2360 Matth.
229 2341 306 2367 xvm,
322 2333 366 2362 21.
405 2335 427 2351 ³⁵
445 2335 538 2363 Matth.
556 2335 591 2364 28
605 2344 666 2372 sqq.
704 2337 727 2352 “
744 2337 810 2365 Luc.
835 2345 894 2369 χιιι,
914 2338 929 2364 7
941 2345 1001 2373 sqq.

78 2438 138 2475 (56)
163 2439 309 2479 “Torquate
335 2439 391 2474 τῆς
420 2440 524 2474 εὐχῆς.
556 2439 691 2468 Orationis
722 2439 828 2475 regula,

919 2440 973 2479 es)
989 2440 1043 2479 (me
1055 2441 1230 2479 περιϐόητον
1245 2437 1502 2479 campanam
1602 2436 1668 2479 “9.3-

37 2481 144 2550 ηεῗῗᾘῖ
347 2518 430 2550 mapa-
444 2509 652 2550 qiardeb'tror.
669 2509 830 2550 C0d._l_mus.

38 2544 143 2581 μαθεζν
159 2544 256 2581 aii-coit;
268 2545 328 2581 asp”
346 2545 435 2580 ἡμῶν,
451 2545 535 2581 ὅσονη
548 2545 665 2581 Montac.
689 2550 716 2572 et
736 2545 828 2581 Morel.

61 2579 144 2607 αθεῖν
156 2579 254 2610 αὐτοὺς
266 2579 337 2607 ὅσον.
348 2579 470 2608 Combef.
487 2580 582 2616 μαθεῖν
597 2580 670 2615 ἡμᾶς
686 2580 732 2614 ἀφ’
742 2580 830 2616 ἡμῶν,

53 2622 116 2642 σον.

88 2649 137 2680 58)
150 2647 221 2676 Εἶτα
237 2649 447 2678 διακελεύεται.
457 2650 590 2684 Bill.,n0n
601 2654 686 2682 recte,
699 2650 829 2678 hortatur.

88 2652 137 2680 58)
150 2652 221 2676 Εἶτα
237 2652 447 2678 διακελεύεται.
458 2652 590 2684 Bill.,n0n
601 2654 686 2682 recte,
699 2652 829 2678 hortatur.

76 2652 138 2721 $59)
166 2684 292 2721 ᾉπειλεῐ
312 2686 421 2713 πάλιν·
448 2685 520 2721 ὅταν
538 2685 693 2721 ἐκϐιασθῇ.
708 2686 831 2721 πληγὴν

36 2718 158 2756 ἐπάγει.
176 2718 379 2756 Sierlegendum
399 2728 461 2748 cum
477 2720 600 2756 Combef.

78 2755 136 2789 (40)
155 2754 319 2791 Πλήξωλιεν
332 2756 453 2791 ἀθρόως.
468 2755 590 2783 Combef.
606 2756 687 2784 vertit
706 2765 712 2782 :
729 2754 770 2782 Ne
785 2756 831 2783 im-

37 2797 102 2825 petu
115 2790 254 2825 feriamus.

77 2825 136 2888 γει)
155 2824 296 2869 Αᾴϐωρεν
308 2826 484 2861 ὑποχρέους.
498 2825 537 2854 ita
550 2826 610 2855 cod.
628 2825 692 2863 Reg.
710 2831 737 2855 et
755 2826 831 2855 Com-

39 2861 74 2889 be
90 2879 98 2888 .
114 2861 144 2888 In
158 2860 223 2888 edn.
244 2860 392 2889 υπόγρεως.

90 2879 98 2888 ι
114 2869 144 2888 Ill
158 2869 223 2888 eun.
244 2869 392 2896 υποχρεως.

884 2480 911 2503 et
923 2471 1070 2508 'Co'mbef.;
1089 2471 1205 2502 Montac.
1225 2479 1252 2500 et
1269 2471 1363 2500 Morel.
1375 2473 1465 2500 delent
1478 2471 1534 2499 καί.
1557 2471 1584 2499 ln
1602 2472 1668 2499 edit.

884 2512 930 2537 καὶ
942 2510 1102 2547 περιϐόητον
1120 2510 1205 2541 οὕτως
1216 2509 1414 2547 διξεπήρειαν..
1478 2544 1486 2547 _
1505 2542 1514 2547 _
1565 2542 1581 2547 ﬂ
1618 2542 1624 2547 .
1665 2543 1670 2547 η

922 2542 1194 2584 (ᾀὸγφιλᾶνθρωποι
1217 2542 1337 2584 μᾶλλον
1360 2543 1379 2577 ἢ
1387 2577 1393 2584 .
1401 2542 1541 2584 ἐντεῇεζς.
1553 2542 1669 2584 'lienign'i

884 2577 971 2615 potius
988 2589 1066 2616 quam
1079 2577 1202 2616 judices;
1218 2577 1334 2616 ἐντελεῖς
1350 2577 1433 2609 enim,
1451 2577 1495 2616 ‘ait
1512 2577 1622 2609 Suidas,
1644 2579 1668 2604 οἱ

885 2612 1024 2651 ἄρχοντές,
1046 2612 1223 2651 ἢαρξαντεῗς,
1246 2612 1361 2651 judices,
1387 2613 1605 2651 magistratusnn
1619 2620 1669 2639 nec

885 2647 969 2684 aliud,
985 2647 1074 2686 inquit
1088 2647 1222 2686 Combc_f.,
1237 2647 1437 2686 ,φιλάνθρωποι
1450 2648 1547 2686 μᾶλλον
1598 2648 1671 2673 ἐντε-

884 2682 1052 2720 λεῖς,οιιοἰιι
1078 2685 1151 2720 quod
1181 2683 1285 2720 Probus
1313 2682 1477 2710 Ambrosio:
1511 2682 1592 2714 Vade,
1611 2690 1668 2717 age,

885 2719 1094 2763 ηοιιμξῐίμάιῖπέ
1103 2719 1147 2763 ac“
1156 2725 1193 2763 ,πει
1207 2719 1353 2763 animus

921 2756 977 2818 μό)
991 2752 1086 2788 ’Καλῷ
1101 2756 1218 2786 Παύλῳ.
1231 2753 1273 2794 Ita.
1286 2753 1370 2794 codd.‘
1384 2757 1440 2780 tres
1456 2753 1539 2787 Regg.
1554 2752 1669 2792 et.Com-

884 2791 918 2818 be
933 2811 945 2831 ,ι
960 2792 988 2818 In
1001 2791 1044 2818 ed.
1062 2790 1208 2818 Πλούτωνι.
1223 2789 1296 2824 Quis
1313 2790 1349 2817 sit
1364 2793 1416 2817 iste
1431 2787 1542 2820 Paulus,
1558 2794 1669 2814 minimc

884 2834 1019 2855 DOVllllilS.
