1923 3053
70 154 113 182 119

260 211 328 240 'oe'.
348 212 533 248 ΣΙΜΠΛΙΚΙᾼ
554 212 619 249 (56).

747 152 918 181 EPISTOLA
938 152 1042 180 LXXIX
1049 173 1055 180 .

1631 153 1682 182 150

1124 211 1239 239 LXXIX.
1261 211 1454 240 SIMPLICIIE.

98 289 215 322 Quadam
231 290 407 324 Cappadoritz
419 290 550 322 Ecclesia,
564 292 684 324 episcopo
697 289 836 321 destituta.
848 291 981 317 communi
995 298 1125 317 consensu
1136 290 1213 324 elegit
1232 297 1335 316 servum
1347 289 1501 323 Simplicia’,
1517 289 1607 316 divitis
1622 297 1682 316 ma-

68 329 138 360 trona.-
152 331 174 352 et
196 326 222 352 in
237 333 363 360 pauperes
381 327 525 360 muni/iere,
542 326 587 352 sed
605 325 736 352 ltwreticis
751 325 943 359 suspicionibus
962 325 1120 360 ﬂagrantis;
1142 333 1252 359 eumque
1271 325 1321 351 loci
1345 325 1439 352 incola:
1453 325 1487 351 ad
1509 324 1641 351 Basiliam
1657 329 1681 352 et

67 359 206 395 Gregorium
222 361 367 393 adducunt,
378 366 502 396 rogantes
519 365 547 387 ut
563 361 639 387 illum
651 361 702 388 sibi
717 361 867 395 episcopum
882 361 992 393 darent;
1002 359 1157 387 annuerant
1169 359 1404 396 episcopirferuidis
1419 359 1548 394 precibus,
1563 367 1681 386 servum-

65 404 108 430 que
117 396 219 422 invitum
232 404 263 422 ac
277 395 451 423 reluctantem
468 397 638 427 ordinarunt,
652 404 704 423 non
720 400 871 430 exspectato
886 396 1000 423 domina:
1014 403 1152 422 consensu.
1169 395 1245 428 Quod
1262 395 1307 421 ubi
1323 395 1370 420 illa
1386 395 1500 426 rescivit,
1518 396 1608 428 plenas
1630 395 1682 421 mi-

65 439 148 467 narum
159 437 182 458 et
196 431 374 458 conviciorum
387 437 465 467 atque
477 433 558 459 etiam
569 431 789 458 documentorum
806 432 908 467 litteras
920 431 1015 467 dedit;
1026 439 1093 457 ausa
1106 431 1198 465 quippe
1219 434 1258 457 est
1270 430 1409 467 impudens
1421 430 1519 467 mulier
1537 430 1679 467 Basiliam,

66 470 90 491 ut
104 466 181 493 ηιίιιιιε
209 467 333 502 peritum,
355 464 467 498 docere;
489 469 551 502 quin
576 468 656 493 etiam
673 467 814 494 sceleratos
838 466 956 502 homines
981 464 1115 502 adversus
1132 474 1197 502 eum
1218 465 1370 491 concitavit.
1390 464 1531 502 Rescripsit
1550 464 1679 498 Basilius,

64 502 141 536 sicque
154 501 287 529 iracunda:
303 502 422 529 mulieris
437 502 590 536 compressit
605 503 786 533 insolentiam,
803 506 831 528 ut
846 501 964 536 quandiu
976 501 1022 527 ille
1038 501 1113 533 vixit,
1132 501 1230 536 mutire
1242 508 1308 536 ausa
1325 508 1375 536 non
1397 501 1442 527 sit.
1460 502 1493 527 At
1514 509 1543 527 eo
1565 505 1679 536 mortuo,

65 537 95 562 ad
106 537 230 572 ingenium
243 537 332 568 rediit,
346 542 369 563 et
386 537 420 564 ad
437 535 591 572 Gregorium
604 546 635 564 ea
650 537 682 563 de
697 545 725 564 re
746 535 862 571 scripsit,
882 536 1073 571 perhonoriﬁce
1087 535 1191 572 quidem
1214 535 1245 572 de
1265 535 1508 572 Rasiliojoquens,
1527 535 1571 562 sed
1595 539 1680 572 tamen

64 569 210 599 vehementer
222 572 391 604 contendens,
411 577 439 599 ut
455 569 523 600 servi
539 573 673 599 ordinatio
686 569 887 606 antiquaretur,"
900 569 1054 599 minabatur
1064 569 1208 598 swcularia
1223 570 1340 605 judicia.
1357 569 1408 597 His
1425 571 1522 598 litteris
1545 571 1680 604 respondit

65 607 191 643 Gregorius
206 608 289 634 multa
301 608 387 635 [cuius
400 617 480 643 quant
493 609 637 642 scripserat
650 607 782 635 Basilius.

101 667 228 697 Ἐπαινεῖς
241 666 287 692 τὸν
302 667 378 700 ἆγιον
393 668 440 693 καὶ
454 667 542 693 κοινὸν
557 667 636 702 ἡμῶν
650 666 706 701 (57)
725 666 841 701 πατέρα,

929 665 1009 699 Quod
1033 669 1161 694 sanctum
1179 665 1257 693 illum
1278 669 1305 694 et
1321 672 1496 694 communem
1513 669 1617 700 patrem
1631 671 1681 692 no-

63 712 89 738 τὺ
111 711 156 746 τῆς
182 711 300 743 πίστεως
328 711 455 747 ἔρεισμα,
480 712 526 744 τρν
557 712 606 746 τῆς
635 711 764 746 ἀληθείας
792 719 843 738 κα-

62 757 193 792 νόνα(58),
210 759 257 784 καὶ
276 757 439 793 χαρακτῆρα
455 758 505 793 τῆς
519 757 670 789 εὐσεϐείας,
686 758 736 793 τὴν
750 757 840 793 πλήρη

62 804 208 838 φρονήσεως
223 804 328 835 πολιὰν,
342 805 388 831 τὸν
408 803 481 840 ζωῆς
496 804 669 840 ἀνθρωπίνης
684 804 731 831 καὶ
741 804 842 840 ἀρετῆς

62 848 143 884 μέτρα
154 849 314 883 νικήσαντα,
332 850 377 876 τὸν
395 850 490 876 πιστὸν
513 850 676 886 θεράποντα,
693 851 740 877 καὶ
757 850 842 884 μέγαν

60 895 193 930 ἀρχιερέα,
210 895 255 921 τὸν
279 895 348 922 Θεοῦ
372 897 419 922 καὶ
435 895 587 931 ἀνθρώπων
603 895 716 931 μεσίτην
732 896 799 931 (59),
811 896 842 922 τὸ

59 940 104 966 τοῦ
119 940 183 967 Πνεύ
188 949 272 976 ματος
284 941 470 976 καταγώγιον·
484 940 565 968 τοῦτο
581 942 629 976 μὲν
642 941 731 976 ὀρθῶς
744 942 840 972 ποιεῖς,

59 986 117 1012 ἐπεὶ
138 986 181 1012 καὶ
200 987 255 1017 πᾶς
269 986 347 1018 λόγος
364 986 482 1013 ἐλάττων
495 987 554 1012 ἐστὶ
570 987 620 1021 τῆς
641 986 721 1019 ἁγίας
736 986 842 1020 ἐκείνης

59 1033 104 1058 καὶ
119 1033 255 1068 μακαρίας
275 1032 375 1067 ψυχῆς,
388 1034 411 1059 εί
429 1033 464 1068 μή
479 1040 512 1067 με
530 1032 622 1068 ἀπατᾷ
640 1032 670 1058 τὸ
688 1032 807 1068 φίλτρον,
826 1031 840 1067 ἢ

59 1078 146 1105 καὶτὸ
165 1078 249 1110 πάθος
265 1078 303 1113 τῷ
329 1078 405 1113 πόθῳ
425 1077 590 1113 κιρνάμενον
605 1077 673 1113 (60).
697 1077 800 1104 Ἐκεῖνο
814 1077 842 1103 δέ

59 1132 104 1150 σου
119 1124 162 1150 καὶ
178 1124 238 1150 λίαν
251 1123 423 1158 τεθαύμακα,
437 1123 496 1155 πῶς
509 1124 630 1155 ἐπαινεῖς
644 1123 693 1158 μὲν
702 1123 740 1155 ὡς
754 1123 841 1157 ἅγιον,

58 1169 103 1195 καὶ
123 1169 201 1204 μέχρι
219 1168 314 1195 τούτου
332 1169 366 1195 τὰ
389 1169 483 1195 εἰκότα
500 1170 593 1204 τιμᾷς,
609 1169 639 1196 τὸ
656 1169 685 1196 δὲ
703 1169 783 1205 ἔργον
795 1170 843 1196 αὺ-

56 1215 101 1241 τοῦ
119 1215 260 1241 καταλύειν
276 1216 435 1251 ἐπιχειρεῖς,
455 1215 549 1252 ὥσπερ
573 1216 627 1243 τῶν
640 1216 760 1250 ἀναγίων
773 1216 841 1252 (61),

56 1260 103 1286 καί
120 1260 234 1295 μάλιστα
253 1260 358 1295 ὕϐρεως
377 1260 462 1287 ὅντων
486 1260 579 1294 ἀξίων,
594 1262 648 1289 τῶν
662 1263 723 1298 εἰκῆ
741 1263 842 1298 ζησάν-

54 1315 107 1332 των
125 1307 179 1342 (62)
195 1309 242 1335 καὶ
265 1311 467 1345 μεταστάντων.
489 1313 521 1339 Εἰ
542 1313 590 1347 μὲν
610 1312 665 1348 γὰρ
683 1313 721 1344 ὡς
744 1313 843 1348 ἀνδρα-

894 716 982 740 strum
999 713 1129 739 laudibus
1140 712 1228 744 vehis,
1245 712 1322 745 illud,
1335 713 1458 747 inquam,
1469 711 1530 739 ﬁdei
1542 711 1679 744 columen,

892 759 967 785 illam
983 758 1109 786 veritatis
1127 765 1267 790 normam,
1284 762 1311 785 ct
1327 758 1468 793 religionis
1481 757 1608 791 formam,
1624 757 1681 792 ple-

892 811 956 831 nam
982 804 1130 839 prudentia
1156 804 1296 837 canitiem,
1325 804 1402 831 illum
1421 804 1485 831 vita:
1509 804 1635 830 humanm
1653 807 1681 831 et

891 850 1005 878 virtutis
1019 850 1130 878 modum
1149 851 1374 887 supergressum,
1400 850 1477 877 illum
1493 850 1598 877 ﬁdelem
1622 856 1681 877 ser-

894 903 969 928 vum,
986 899 1013 923 et
1029 903 1157 931 magnum
1175 895 1342 930 pontiﬁcem,
1356 895 1403 923 Dei
1421 899 1448 922 et
1463 895 1605 922 hominum
1622 902 1680 921 me-

892 940 1036 974 diatorem,
1051 941 1227 976 Spiritusque
1242 941 1330 969 sancti
1343 941 1512 968 domicilium
1530 950 1537 968 :
1556 941 1607 968 hoc
1619 941 1681 975 qui-

892 985 953 1014 dem
977 990 1053 1014 recte
1078 986 1158 1018 facis,
1182 987 1407 1022 quandoquidem
1432 995 1483 1014 nec
1507 987 1561 1014 ulla
1591 987 1680 1014 oratio

893 1037 995 1060 sancta:
1011 1034 1086 1061 illius
1096 1037 1124 1061 et
1143 1034 1230 1061 beatae
1241 1034 1341 1061 animus
1357 1033 1486 1061 laudibus
1501 1041 1551 1068 par
1563 1032 1680 1060 inveniri

892 1082 996 1113 potest,
1016 1078 1070 1105 nisi
1086 1079 1153 1105 mihi
1175 1086 1254 1106 amor
1269 1079 1396 1114 imponit,
1414 1082 1462 1106 aut
1483 1079 1564 1106 etiam
1578 1085 1680 1105 mteror

893 1131 956 1151 cum
978 1123 1116 1152 desiderio
1133 1125 1291 1160 permistus.
1316 1124 1384 1152 Illud
1407 1133 1474 1153 vero
1495 1125 1524 1152 in
1542 1129 1568 1152 te
1580 1129 1606 1152 et
1618 1124 1681 1159 qui-

893 1168 954 1196 dem
965 1169 1139 1196 vebementer
1155 1169 1251 1202 miror,
1268 1170 1341 1205 quod
1355 1178 1417 1198 cum
1435 1178 1496 1198 eum
1512 1175 1539 1198 et
1554 1174 1680 1198 sanctum

892 1214 982 1241 virum
999 1215 1106 1249 laudes,
1121 1220 1203 1250 atque
1227 1216 1374 1248 hactenus,
1397 1221 1427 1243 ut
1443 1225 1550 1252 acquum
1565 1221 1617 1248 est,
1631 1217 1682 1244 ho-

893 1268 960 1288 nore
974 1262 1087 1295 adicias,
1108 1262 1196 1297 ipsius
1216 1266 1309 1291 tamen
1325 1271 1395 1300 opus
1417 1267 1541 1292 evertere
1558 1263 1680 1295 conaris.

895 1315 950 1335 non
969 1316 1049 1336 secus
1071 1317 1103 1336 ac
1133 1308 1311 1343 profanorum
1330 1309 1482 1341 hominum,
1500 1309 1681 1336 contumelia-

55 1352 134 1379 πύδου
152 1357 284 1391 μεταποιῇ
310 1356 375 1383 ἰδίου
396 1358 442 1384 τοῦ
467 1358 731 1394 συμποιμένος(65),
750 1359 797 1386 καὶ
813 1359 843 1385 τὺ

899 1361 948 1389 que
969 1355 1087 1382 maxime
1111 1354 1269 1390 dignorum,
1298 1355 1401 1390 quique
1427 1362 1498 1382 vane
1525 1358 1682 1389 temereque

56 1399 152 1434 μικρὸν
166 1400 245 1427 τοῦτο
257 1402 352 1438 κέρδος
364 1403 482 1437 διώκεις,
495 1405 545 1431 οὐκ
554 1404 608 1439 ἔχω
621 1404 677 1437 πῶς
691 1405 842 1441 ἐπαινήσω,

56 1445 98 1472 ἵνα
117 1447 235 1482 μετρίως
255 1449 323 1475 εἴπω
340 1449 408 1486 (64),
432 1450 479 1477 καὶ
506 1451 607 1487 σφόδρα
626 1451 706 1477 τοῦτο
722 1451 771 1485 τῆς
794 1451 844 1486 σῆς

56 1493 256 1529 μεγαλοψυχίας
270 1495 390 1529 ἀνάξιον.
411 1496 473 1528 Πῶς
488 1496 541 1532 γὰρ
556 1498 606 1524 οὐκ
621 1498 729 1528 ἄτοπον,
751 1497 844 1533 χρυσῷ

56 1539 106 1574 μὲν
122 1539 168 1566 καὶ
184 1540 296 1576 ἀργύρῳ
313 1542 396 1578 τιμᾷν
414 1542 445 1568 τὸ
461 1542 548 1574 Θεῖον,
569 1543 615 1570 καὶ
630 1544 687 1574 τοῖς
709 1544 844 1578 περιττοῖς

54 1585 105 1620 τῆς
125 1587 258 1621 κτήσεως,
278 1587 342 1614 ἔνθα
367 1589 412 1614 καὶ
433 1589 523 1615 πλεῖον
541 1588 588 1615 τοῦ
614 1589 683 1624 πρὸς
705 1589 845 1616 εὐσέϐειαν

55 1630 120 1661 ἴσως
135 1630 165 1657 τὸ
185 1632 245 1657 κατ’
261 1632 400 1664 ἐπίδειξιν.
417 1634 486 1668 ἱερεῖ
507 1633 536 1660 δὲ
551 1634 620 1665 ὅλως
638 1633 779 1668 βούλεσθαι
795 1633 845 1669 ζη-

56 1675 135 1711 μιοῦν
158 1677 332 1712 Ἐκκλησίαν,
358 1678 406 1705 καὶ
429 1679 567 1715 ὰποσυλᾷν
587 1679 642 1706 τῶν
662 1679 845 1716 ἀναθημάτων

52 1723 83 1749 τὸ
100 1722 251 1757 ἁγιώτατον
259 1732 266 1757 ;

89 1853 122 1879 Εἰ
141 1853 169 1879 δὲ
184 1853 225 1880 ὅτι
243 1855 302 1881 κατ’
318 1854 442 1887 ἐξουσίαν
458 1855 539 1882 τοῦτο
561 1857 763 1892 πεποιήκαμεν,
788 1856 845 1884 ἀλλ’

51 1900 113 1935 οὐχὶ
126 1900 176 1936 τὴν
197 1901 247 1936 σὴν
259 1901 398 1935 εὐγένειαν
414 1902 622 1938 ύπεμνήσαμεν,
640 1903 701 1930 οὐδὲ
720 1904 753 1938 τῇ
770 1903 847 1938 φιλο-

50 1947 135 1982 τιμίᾳ
164 1947 260 1983 καιρὸν
286 1947 426 1983 ἐδώκαμεν
443 1948 509 1983 (65),
533 1948 729 1984 δυσχεραίνεις,
757 1949 846 1982 λέγοις

52 1995 104 2030 μὲν
116 1994 150 2021 ἄν
162 2003 189 2020 τι
201 1995 315 2026 δίκαιον,
328 1995 376 2021 καὶ
388 1994 418 2020 τὸ
431 1994 516 2026 πάθος
529 1994 699 2030 ἀνθρώπινον
711 1995 776 2030 (66)·
792 1995 846 2022 ἴσθι

48 2042 90 2075 δὲ,
118 2039 244 2076 μείζονος
267 2041 413 2073 ἐπιδόσεως
436 2041 507 2068 εἶναί
533 2049 574 2067 σοι
601 2041 659 2072 νῦν,
684 2041 700 2076 ἢ
726 2040 764 2076 τῷ
785 2041 846 2067 τότε

89 2109 150 2143 (56)
170 2109 243 2137 Alias
257 2109 401 2136 XXXVIII.
419 2109 527 2144 Scripta
545 2117 617 2136 anno
639 2109 702 2141 579,
724 2114 786 2137 ante
803 2110 845 2137 vel

50 2149 117 2179 post
136 2145 318 2179 superiorem.
332 2160 367 2164 ——
377 2146 548 2179 Σιμπλικίᾳ.
564 2145 604 2171 Ad
619 2145 741 2172 eamdem
756 2149 846 2172 exstat

47 2188 167 2214 quoque
184 2179 277 2215 Basilii
293 2180 419 2214 epistola,
437 2189 533 2214 nempe
547 2187 609 2212 cxv,
630 2181 656 2207 in
672 2188 726 2215 qua
741 2181 767 2207 ei
783 2181 846 2207 libe-

47 2215 194 2242 ralitatem
215 2214 323 2250 quidem
345 2216 466 2246 tribucre
489 2216 607 2247 videtur,
628 2214 757 2242 sedeam
780 2215 846 2242 nihil

48 2250 190 2285 prodesse
213 2252 260 2281 ait,
284 2250 329 2276 ubi
355 2251 397 2284 ius
419 2251 608 2281 conculcatur,
630 2256 713 2284 atque
734 2251 846 2285 optimis

46 2286 121 2312 viris
136 2293 187 2320 per
203 2286 351 2313 sceleratos
366 2289 393 2312 et
409 2285 532 2321 perditos
551 2285 676 2313 homines
695 2286 845 2320 periculum

46 2324 150 2347 crealu
156 2328 179 2346 I‘.

87 2355 150 2390 (57)
171 2355 226 2382 Καὶ
250 2355 353 2382 κοινὸν
375 2355 469 2390 ἡμῶν.
493 2356 533 2383 Ita
557 2356 618 2384 cod.
640 2355 707 2390 Reg.
729 2362 761 2383 ac
779 2355 845 2383 edit.

45 2391 202 2423 ncnnulli;
216 2391 242 2417 in
260 2391 422 2425 quibusdam
437 2395 527 2419 autem
542 2391 646 2418 καὶτὸν
659 2391 757 2418 κοινόν.

88 2426 152 2460 (58)
175 2425 233 2459 Τῆς
258 2426 401 2459 ἀληθείας
429 2428 553 2454 κανόνα.
580 2426 647 2460 Reg.
674 2432 701 2453 et
728 2426 845 2454 Montac.

45 2461 103 2496 τῆς
127 2461 293 2497 Ἐκκλησίας
308 2461 417 2497 κανόνα,
432 2461 558 2497 Ecclesia:
568 2461 698 2497 regulam.
715 2461 787 2497 Mox,
800 2462 848 2488 καὶ

66 2496 289 2532 αρακτῆραῗτῆς
303 2496 453 2532 ευσεϐείας.
476 2496 515 2524 Ita
538 2496 603 2525 cod;
624 2497 702 2532 Reg.,
717 2496 846 2529 Montac.,

45 2506 223 2556 χαρακτηρα
239 2506 289 2531 της
303 2506 453 2528 ευσεοειας.
476 2506 515 2524 Ita
538 2506 599 2525 σου.
624 2506 702 2532 1\eg.,
717 2506 846 2529 montac.,

44 2551 53 2558 .
63 2531 154 2558 Iorel.
164 2530 342 2568 accombel.
359 2530 386 2558 In
397 2532 461 2568 edit.
473 2533 523 2568 τῆς
540 2532 710 2567 Ἐκκλησίας.
725 2532 757 2559 Et
767 2533 847 2567 paulo

42 2572 133 2602 post,
144 2567 195 2601 τῆς
207 2566 288 2601 ζωῆς.
305 2565 382 2602 Unus
398 2567 458 2594 cod.
474 2565 555 2595 habet
569 2568 616 2594 καὶ
631 2565 713 2602 ζωῆς.

87 2601 153 2636 (59)
172 2602 227 2627 Τὸν
243 2601 316 2628 Θεοῦ
329 2601 377 2628 καὶ
391 2602 554 2636 ἀνθρώπων
564 2601 701 2636 μεσίτην.
724 2602 762 2630 Ita
784 2602 846 2630 cod.

44 2643 75 2665 et
97 2635 153 2673 iid'.
172 2635 358 2673 SicrApostol.
376 2635 474 2673 I_Tim_.
499 2646 529 2670 ll,
551 2635 590 2666 ὅς
611 2635 717 2671 signal.
733 2638 847 2673 μεσίτης

44 2672 124 2699 Θεοῦ
140 2673 198 2698 ’καὶ
216 2667 376 2707 ἀνθρώπων.
394 2671 424 2699 In
438 2667 502 2700 edit.
517 2667 563 2700 ’ἑὸν
582 2672 629 2699 τοῦ
641 2667 718 2700 -Θεοῦ
733 2667 786 2700 ’καὶ
803 2667 848 2700 ἀνί

44 2706 173 2744 θρώπου
193 2706 316 2744 μεσίτηνί

85 2743 152 2777 (60)
168 2742 267 2778 Ilciﬂoc
278 2742 318 2775 τῷ
334 2743 414 2776 πόθῳ
427 2744 614 2778 κιρνάμενον.
634 2743 670 2771 Ita
684 2742 744 2770 cod.
762 2742 841 2778 Reg.,

43 2785 168 2814 necnon
195 2777 326 2814 Montac,
342 2778 487 2814 Illorel.rac
499 2777 636 2810 Combel‘.,
662 2779 756 2812 sicque
780 2777 844 2814 legit

44 2813 114 2839 Bill.
135 2812 250 2849 Ingedit.
266 2813 350 2849 πάθος
365 2813 404 2848 τῷ
419 2813 491 2848 λόγῳ
506 2814 578 2849 πόθῳ
590 2814 760 2849 κιρνάμενον,
772 2812 845 2848 quod

43 2849 147 2876 reddit.
162 2847 287 2875 Combel‘.
299 2847 376 2875 dolor
385 2855 416 2874 ex
426 2847 556 2875 desiderio
565 2847 844 2876 'rati'oni'commistus.

84 2883 151 2919 (61)
167 2883 281 2917 ’Ὠσπερ
299 2882 357 2911 τῶν
373 2883 513 2918 ἀναγίων.
533 2883 655 2912 Combei.
672 2893 678 2912 :
693 2892 783 2912 eorum
801 2883 847 2920 qui

894 1400 1025 1433 vixerint,
1040 1404 1122 1435 atque
1134 1408 1149 1428 e
1160 1401 1215 1428 vita
1227 1400 1415 1429 discesserint.
1428 1399 1496 1427 Nam
1513 1399 1536 1428 si
1549 1400 1682 1434 collegam

894 1451 1032 1478 nostrum,
1054 1446 1131 1481 quasi
1148 1447 1321 1482 mancipium
1343 1450 1420 1473 tuum
1447 1445 1581 1478 vindicas,
1600 1449 1683 1480 atque

894 1495 1023 1530 exiguum
1040 1494 1094 1521 hoc
1106 1494 1214 1521 lucrum
1233 1493 1392 1529 aucuparis,
1407 1493 1501 1520 nescio
1510 1501 1563 1528 qua
1576 1492 1683 1519 ratione

895 1540 1082 1575 probaverim,
1109 1543 1139 1567 ut
1161 1540 1272 1575 parcius
1300 1543 1327 1566 ct
1344 1539 1514 1566 moderatius
1531 1539 1640 1574 loquar,
1656 1542 1683 1566 et

895 1586 947 1614 hoc
962 1592 1007 1614 tua
1021 1586 1105 1613 animi
1117 1585 1305 1621 magnitudine
1318 1593 1450 1620 perquam
1466 1585 1611 1620 indignum
1627 1589 1681 1612 est.

894 1633 993 1659 Annon
1012 1632 1084 1660 enim
1114 1632 1240 1666 iniquum
1266 1635 1294 1659 et
1320 1631 1470 1659 absurdum
1501 1631 1595 1664 fuerit,
1620 1638 1683 1658 cum

896 1686 964 1706 auro
982 1681 1010 1706 et
1023 1682 1137 1714 argento
1157 1677 1358 1714 superﬁuisque
1378 1677 1477 1712 opibus
1493 1677 1579 1705 Deum
1597 1677 1685 1704 Itono-

897 1733 953 1757 rcs.
970 1725 1016 1752 ubi
1032 1725 1094 1759 plus
1110 1724 1232 1752 fortasse
1252 1724 1451 1752 ostentationis
1464 1727 1506 1751 est
1517 1731 1599 1759 quam
1627 1724 1686 1758 pic-

896 1771 971 1803 tatis,
988 1770 1131 1798 sacerdote
1152 1770 1264 1797 omnino
1283 1769 1433 1798 Ecclesiam
1459 1769 1590 1797 mulctare
1604 1769 1683 1802 velle,

897 1816 1161 1851 sanctissimumque
1177 1816 1322 1844 donarium
1337 1815 1508 1851 depraedari?

933 1864 982 1891 Sin
1004 1867 1106 1894 autem,
1133 1862 1199 1897 quia
1220 1861 1248 1889 id
1269 1862 1354 1890 libere
1369 1869 1402 1889 ac
1414 1869 1465 1897 pro
1484 1865 1621 1897 potestate
1632 1862 1683 1897 71

897 1910 1024 1942 fecimus,
1041 1916 1092 1936 nec
1115 1908 1149 1935 de
1166 1915 1199 1935 ea
1212 1915 1242 1935 re
1263 1909 1342 1943 prius
1356 1913 1382 1936 te
1395 1909 1540 1936 certiorem
1556 1909 1684 1942 fecimus,

898 1963 949 1984 nec
965 1954 1124 1982 liberalitati
1139 1958 1194 1981 tute
1215 1953 1466 1989 muniﬁcentiteque
1482 1958 1590 1989 tempus
1606 1955 1686 1983 dedi-

898 2009 971 2034 mus,
983 2000 1088 2028 idcirco
1106 2006 1265 2033 succenses,
1281 2000 1349 2034 justi
1362 2000 1474 2035 quidem
1487 2001 1592 2036 aliquid
1607 2001 1686 2029 dixe-

898 2048 947 2079 ris,
971 2047 1165 2080 bumanusque
1192 2050 1235 2073 est
1260 2045 1305 2073 hic
1340 2045 1467 2073 atl‘ectus.
1493 2046 1562 2074 Illud
1592 2051 1684 2075 autem

897 2113 973 2141 nulla
988 2113 1133 2149 sanctitate
1146 2112 1278 2149 fulserint.
1372 2117 1497 2147 praestat,
1512 2113 1610 2149 inquit,
1630 2114 1685 2141 τῶν

897 2149 1032 2183 ἀνάγνων,
1056 2147 1135 2182 quasi
1159 2148 1329 2183 impurorum
1350 2147 1510 2183 hominum;
1526 2147 1605 2176 et‘ita
1620 2150 1684 2177 cod.

897 2182 976 2219 Reg},
990 2183 1106 2210 Montac.
1121 2186 1148 2210 et
1164 2182 1258 2210 Morel.
1272 2182 1343 2215 llon,
1357 2182 1472 2218 ὒὸρεως.
1487 2182 1526 2211 Ita
1538 2185 1599 2212 cod.
1616 2184 1684 2221 Reg.

897 2219 925 2244 In
941 2219 1006 2244 edit.
1021 2217 1138 2244 ὗϐοεων.

897 2219 925 2246 In
941 2217 1006 2246 edit.
1021 2217 1138 2246 ὕϐρεων.

941 2227 1006 2246 euut.
1021 2227 1138 2253 υορεων.

933 2253 990 2289 (62)
1012 2253 1076 2290 Τῶνί
1093 2252 1166 2290 εἰκῇ.
1184 2252 1349 2290 (nudi-rant.
1380 2253 1515 2290 Combei'.,
1542 2255 1587 2290 qui
1610 2255 1685 2283 nulla

899 2287 974 2323 fruge
994 2288 1117 2326 uixerint.
1143 2287 1307 2326 Montac._et_
1317 2288 1412 2326 Morel.
1426 2287 1569 2326 legendum
1586 2298 1687 2326 propo-

897 2322 967 2386 itttait
979 2323 1032 2350 τῶν
1048 2322 1129 2355 οὕτω,
1147 2323 1208 2358 εἰκῆ
1226 2323 1272 2350 καὶ
1291 2322 1443 2360 ζησάντων.
1454 2322 1499 2352 Ἱιι]
1515 2329 1542 2352 et
1556 2322 1684 2353 nonnulli

898 2367 929 2386 co
951 2366 1016 2386 tces.

898 2366 1016 2387 coatces.

935 2394 989 2429 (65)
1017 2392 1172 2427 Μεταποιῇ
1191 2393 1275 2429 ,ἰδίου
1301 2393 1356 2420 τοῦ
1383 2394 1596 2429 συμποιμένος.
1616 2394 1683 2422 Cod.

898 2428 966 2464 Reg.
981 2428 1027 2455 τοῦ
1037 2428 1298 2466 νσυμποιμαίνοντος,
1313 2437 1414 2456 mecum
1428 2430 1508 2456 simul
1527 2438 1615 2465 greges
1637 2439 1686 2466 pa-

898 2468 1023 2503 scentem,
1036 2465 1063 2503 id
1075 2469 1117 2503 εει
1130 2464 1335 2503 (εοεερίειξοριιιηΓ

935 2499 990 2535 (64)
1006 2500 1067 2526 Οὐκ
1081 2499 1140 2534 ἔχω
1151 2499 1213 2535 πῶς
1226 2499 1390 2535 ἐπαιγξήσω,
1403 2500 1453 2526 ἵνα
1464 2501 1588 2534 μετρίως
1601 2501 1684 2528 εἴπω.

898 2534 962 2562 11ωο
973 2535 1137 2564 deerant,in
1161 2534 1244 2566 edit.;
1266 2534 1314 2561 sed
1338 2535 1467 2562 exhibent
1487 2536 1567 2563 codd.
1585 2537 1683 2564 nostri.

897 2570 952 2598 Pro
968 2569 1096 2605 μετρίως,
1110 2570 1201 2603 legunt
1214 2570 1264 2605 καὶ
1275 2569 1377 2605 σφόδρα
1390 2569 1521 2602 Montac.,
1538 2570 1644 2604 Morel.,
1660 2576 1687 2598 et

898 2603 1025 2632 Combeii
1035 2605 1081 2639 qui
1094 2606 1173 2631 vertit
1188 2613 1193 2630 ε
1209 2603 1306 2631 Nescio
1318 2603 1369 2639 qua
1392 2606 1494 2632 ratione
1509 2605 1685 2637 laudaverim,

899 2645 927 2667 ut
947 2644 971 2667 et
989 2644 1034 2666 tua
1051 2639 1134 2666 animi
1153 2640 1335 2674 magnitudine
1350 2648 1475 2675 perquam
1491 2641 1628 2676 indignant
1644 2641 1686 2667 di-

900 2684 970 2703 cam.

864 2715 886 2742 Ι)
902 2745 924 2747 Η
938 2710 994 2744 (65)
1011 2709 1195 2747 Ἐδῴκαμεν..
1209 2708 1248 2736 Ita
1270 2709 1331 2747 eod.
1352 2710 1418 2746 Reg.
1432 2711 1504 2747 Edit.
1517 2711 1686 2747 δεδώκαμεν,

902 2745 973 2806 qu,
1000 2752 1049 2780 pro
1067 2744 1263 2780 δυσχεραίνεις,
1290 2744 1408 2773 Μοηιιὶοῖ
1432 2751 1460 2774 et
1480 2746 1574 2774 Morel.
1593 2744 1688 2782 δυσχε-

900 2789 932 2816 ρα
945 2789 984 2816 νει
1000 2789 1051 2816 τις).
1103 2814 1108 2816 ν
1189 2815 1193 2816 ν

901 2815 905 2816 ⁷
935 2815 991 2876 (66)
1014 2815 1050 2842 Τὸ
1068 2815 1163 2848 πάθος
1179 2815 1376 2850 ἀνθρώπινον.
1393 2816 1466 2844 Edit.
1491 2817 1596 2844 addunt
1617 2816 1688 2852 πλὴν

900 2851 932 2877 ἀν
953 2858 1081 2886 ρωπινον,
1095 2851 1226 2878 humanus
1243 2855 1347 2883 tamen;
1359 2852 1407 2879 sed
1420 2853 1477 2879 haec
1491 2853 1574 2879 verba
1587 2852 1688 2880 desunt

902 2885 929 2914 in
944 2885 1005 2915 cod.
1022 2885 1101 2923 Reg.,
1121 2894 1207 2922 eaque
1222 2887 1348 2922 ablegant
1363 2887 1480 2915 Montac.
1499 2892 1526 2916 et
1539 2887 1632 2915 Morel.
