1923 3053
213 143 262 171 liii

827 145 856 172 S.
882 145 1045 173 GREGORII
1065 146 1244 176 TllEOLOGl

1792 147 1843 175 l52

214 202 295 233 scito,
318 205 396 229 tanto
422 201 555 236 majorem
583 210 668 234 nunc,
684 211 768 238 quant
792 204 840 230 illo
866 209 1000 240 tempore,

1067 208 1146 244 ιαιρῷ
1160 207 1227 240 (67),
1251 208 1306 243 ὅσῳ
1328 207 1374 234 τοῦ
1395 207 1487 242 ἀὐτὴν
1513 206 1649 233 ἐπιδοῦναι
1675 206 1706 233 τὸ
1730 206 1843 233 λαϐοῦσι

215 250 387 284 largitionem
412 253 486 276 tuam
511 249 580 282 fore,
595 254 698 285 quanto
719 252 941 286 magniﬁcentius
957 257 1000 280 est

215 295 416 330 accipientibus
444 296 628 328 concessisse,
645 296 737 331 ’quam
760 298 783 325 si
804 298 863 333 ipsa
884 299 1000 333 elargita

215 341 327 369 fuisses.
346 341 437 376 Atque
454 341 501 368 illo
516 342 598 369 modo
615 341 661 370 Dei
678 346 783 369 tantum
803 344 890 378 gratia
913 344 940 371 id
958 343 999 371 fa-

215 394 277 415 cere
293 387 396 415 videris
414 395 420 413 :
437 388 488 414 hoc
509 391 612 418 autem,
633 388 668 416 de
692 389 772 416 nobis
799 397 908 424 quoque
927 390 1001 418 illius

215 433 380 466 cultoribus,
403 433 551 468 dignisque
574 434 687 466 habitis,
716 435 764 469 qui
788 443 887 462 nomen
913 436 1001 470 ipsius

215 483 368 514 portemus.
395 480 526 514 prteclare
550 480 710 508 mereheris.
734 481 774 508 Ac
793 481 919 515 proinde,
950 489 1002 509 nec

215 525 265 558 illi,
276 532 327 552 nec
347 525 429 552 nobis
451 533 593 553 succense.
609 525 657 553 llle
676 527 749 554 enim
765 527 819 554 vim
833 534 933 562 passus
948 532 1000 559 est,

215 578 270 598 non
288 570 419 605 iniuriam
444 571 538 599 intulit
555 581 562 599 :
586 580 638 600 nos
663 577 754 600 autem
771 573 836 607 quid
852 573 963 604 mirum.
978 573 1002 600 si

216 615 387 650 benignitate
401 620 447 643 tua
458 616 533 648 freti,
549 617 744 652 communique
755 618 881 645 omnium
901 618 1002 646 suﬂ‘ra-

215 661 260 695 gio
273 660 428 693 credentes,
442 669 475 689 eo
487 663 625 697 progressi
640 663 755 690 sumus?
769 663 842 698 quod
857 663 880 691 si
892 663 1003 698 quidem

216 707 342 734 nonnulli
357 707 391 734 ad
407 708 523 743 gratiam
545 712 592 735 aut
609 709 745 737 malitiose
758 714 786 737 et
802 709 919 738 subdole
931 711 1004 738 tule-

216 757 292 785 runt,
309 753 359 788 ipsi
374 753 503 787 viderint,
519 754 631 790 Deoqne
653 755 787 783 rationem
804 755 932 784 reddant.
948 755 1004 784 Nec

215 799 289 825 enim
306 802 432 826 nostrum
452 805 495 827 est
509 799 562 826 hoc
578 801 661 832 scire,
682 809 732 828 nec
747 801 775 828 in
786 802 910 829 omnium
927 809 1005 830 men-

216 849 259 871 tes
275 845 435 879 pervadere.
460 845 516 874 Nos
541 855 617 878 vero,
643 855 698 882 quo
727 848 838 875 tandem
867 848 950 875 modo
976 848 1003 875 id

1055 252 1233 287 συγχωρῆσαι
1249 252 1306 288 (68)
1323 252 1535 288 φιλοτιμότερον.
1559 251 1701 283 Κάκείνως
1724 252 1784 286 μὲν,
1802 251 1843 286 τῷ

1054 298 1115 332 Θεῷ
1141 299 1220 333 μόνον
1240 298 1295 334 (69)
1319 299 1422 330 ἐδόκεις
1450 298 1626 334 χαρίζεσθαι·
1649 297 1721 324 οὕτω
1739 297 1767 323 δὲ
1794 298 1843 324 καὶ

1053 345 1122 379 ἡμῖν
1137 345 1191 375 τοῖς
1206 344 1309 370 ἐκείνου
1333 344 1524 379 θεραπευταῖς,
1539 343 1585 370 καὶ
1605 344 1635 370 τὸ
1657 343 1743 378 ὄνομα
1758 342 1843 370 αὐτοῦ

1055 387 1204 423 βαστάζειν
1222 389 1394 424 ἠξιωμένοις.
1412 389 1455 424 Μὴ
1474 390 1563 416 τοίνυν
1586 390 1654 424 μήτε
1679 389 1775 424 ἐκείνῳ
1793 398 1845 424 χα-

1054 435 1178 466 λέπαινε,
1197 436 1263 471 μήτε
1287 437 1363 472 ἡμῖν.
1387 437 1416 463 Ὀ
1432 436 1481 471 μὲν
1500 437 1553 472 γὰρ
1570 436 1775 472 τετυράννηται,
1792 437 1845 463 οὐκ

1055 481 1204 516 ἠδίκηκεν·
1234 483 1313 517 ἡμεῖς
1333 481 1388 517 (70)
1414 482 1443 508 δὲ
1465 482 1491 508 τί
1508 482 1673 517 θαυμαστὸν,
1700 483 1724 509 εἰ
1747 483 1780 517 τῇ
1808 484 1843 518 σῇ

1057 527 1221 563 χρηστότητι
1244 527 1417 564 Θαρροῦντες,
1437 529 1483 555 ἐπὶ
1505 528 1584 555 τοῦτο
1607 528 1844 564 προεληλύθαμεν,

1058 574 1104 600 καὶ
1119 574 1177 609 ἅμα
1195 575 1228 609 τῇ
1244 576 1319 609 κοινῇ
1337 574 1383 601 τοῦ
1398 574 1497 606 παντὸς
1515 575 1616 610 χωρίου
1632 575 1714 610 ψήφῳ
1732 574 1788 609 (71)
1803 583 1847 600 πι-

1057 619 1233 653 στεύσαντες;
1251 621 1285 656 ἢν
1300 621 1323 647 εἰ
1340 622 1388 656 μὲν
1403 620 1471 656 πρὸς
1493 621 1573 657 χάριν
1592 621 1754 656 ἐποιήσαντό
1772 629 1846 652 τινες

1055 665 1074 700 ἢ
1090 664 1260 700 κακούργως,
1281 666 1358 692 αὐτοὶ
1375 665 1408 692 ἂν
1432 666 1536 698 εἰδοῖεν,
1555 666 1602 692 καὶ
1625 665 1663 701 τῷ
1681 665 1741 700 Θεῷ
1767 665 1846 698 λόγον

1056 711 1194 746 ὑπέχοιεν.
1211 711 1248 737 Οὐ
1264 711 1318 747 γὰρ
1340 711 1473 747 ἡμέτερον
1489 711 1568 738 τοῦτο
1585 711 1695 742 εἰδέναι,
1712 711 1772 737 οὐδὲ
1786 712 1846 742 ταῖς

1057 757 1168 784 πάντων
1195 757 1358 792 ὲμόατεὺειν
1382 757 1505 793 γνώμαις
1520 758 1586 793 (72).
1609 758 1697 792 Ἡμᾶς
1717 757 1756 789 δὲ,
1786 756 1846 788 πῶς

1058 802 1237 839 παρώσασθαι
1252 803 1342 839 ῥᾴδιον
1355 801 1399 839 ἧν,
1412 804 1428 839 ἢ
1446 803 1504 836 πῶς
1519 803 1635 830 τοσαῦτα
1654 803 1758 838 δάκρυα
1772 811 1844 838 παρ-

1059 849 1123 875 ιδεῖν
1141 849 1208 884 (75),
1225 849 1242 884 ἢ
1262 849 1425 885 τοῦχωρίου
1448 848 1497 885 τὴν
1517 849 1634 885 ἐρημίαν
1656 849 1702 875 ἐπὶ
1719 848 1846 875 τοσοῦτον

216 889 364 923 repudiare
382 897 415 917 ac
436 890 552 925 rejicere
570 891 651 919 facile
664 892 863 927 potuissemus.
879 896 1001 920 tantam-

1067 893 1100 920 ναὶ
1114 893 1314 929 ἁθεραπεύτου,
1331 894 1378 920 καὶ
1397 894 1576 928 ἀποιμάντου,
1593 893 1640 920 καὶ
1661 894 1710 929 τὴν
1723 901 1846 928 πνευμα-

216 941 271 968 que
284 934 338 961 vim
357 935 540 970 lacrymarum
559 937 713 971 aspernari,
725 944 776 964 nec
789 937 843 964 loci
855 938 1004 965 solitudine

1057 939 1136 975 τικὴν
1151 939 1312 966 ἐπιστασίαν
1328 939 1384 975 (74)
1404 940 1454 966 οὐκ
1467 939 1591 975 ἔχοντος

217 980 334 1015 moveri,
349 986 428 1009 tanto
449 987 571 1018 tempore
588 984 687 1011 inculti
701 989 730 1011 et
762 989 875 1020 pastore
904 986 1042 1019 destituti,
1063 995 1094 1015 ac
1122 988 1274 1023 spiritalem
1298 995 1392 1015 curam
1413 991 1440 1015 et
1469 987 1735 1015 administrationem
1754 985 1846 1020 requi-

218 1027 323 1055 tentis?

253 1073 323 1101 Illud
333 1081 400 1102 vero
413 1074 465 1102 tibi
480 1075 523 1102 vel
540 1074 567 1101 in
578 1075 677 1110 primis
693 1075 866 1111 exploratum
879 1081 932 1110 est,
947 1086 1007 1112 eos,

218 1120 267 1155 qui
280 1124 338 1147 tum
357 1121 593 1154 assentiebantur,
617 1125 646 1148 at
666 1129 739 1149 nunc
760 1122 931 1156 inficianlur,
951 1132 1009 1152 rem

219 1175 270 1195 nec
292 1168 364 1202 piam
381 1175 431 1195 nec
453 1167 577 1195 honestis
591 1172 618 1195 et
633 1168 759 1203 ingenuis
782 1169 941 1197 hominibus
966 1170 1008 1197 di‘

219 1221 300 1248 gnam
324 1213 425 1241 facere.
442 1214 481 1241 Ac
496 1214 583 1241 mttlto
599 1214 697 1241 melior
709 1222 805 1242 eorum
829 1215 901 1243 ratio
917 1216 1008 1243 futura

219 1264 302 1292 esset,
317 1260 340 1287 si
364 1264 420 1287 tum
436 1260 621 1292 obstitissent,
641 1268 723 1296 quam
737 1268 800 1288 cum
815 1262 868 1289 hoc
884 1265 1009 1297 tempore

220 1305 376 1339 adulantur,
393 1305 651 1342 factutnquelsuum
667 1310 806 1338 evertunt.
826 1307 1009 1343 hominesque

221 1351 318 1387 magis,
335 1359 416 1387 quam
442 1351 527 1380 Deum
554 1356 689 1380 metuunt.
705 1352 807 1380 Tecum
831 1354 891 1388 ipsa
906 1354 1011 1381 constio

220 1397 299 1430 tuito,
319 1397 380 1429 hos,
395 1406 449 1433 qua
465 1403 531 1426 sunt
546 1399 631 1425 animi
658 1398 802 1431 facilitate,
819 1399 942 1427 dicturos
957 1401 1008 1427 ite—

219 1448 281 1468 rum
298 1449 328 1468 se
354 1442 391 1468 tui
409 1445 482 1469 metu
507 1443 674 1470 sententiam
698 1447 830 1476 mutasse,
855 1448 883 1471 et
897 1444 1007 1479 quidem

221 1488 310 1515 multo
334 1488 426 1516 verius
452 1499 459 1516 :
483 1490 613 1524 quoniam
641 1497 750 1524 semper
768 1498 816 1518 eos
843 1490 1008 1526 delinquere

1099 1078 1202 1104 Ἐκεῖνο
1215 1076 1245 1103 δέ
1266 1085 1308 1104 σοι
1323 1076 1370 1103 καὶ
1387 1076 1440 1112 πρὸ
1457 1076 1567 1103 πάντων
1582 1075 1672 1111 δῆλον,
1689 1075 1730 1102 ὅτι
1746 1076 1772 1102 οἱ
1787 1076 1847 1103 τότε

1058 1123 1109 1159 μὲν
1128 1123 1325 1158 συντιθέμενοι,
1343 1121 1390 1148 νῦν
1412 1122 1441 1148 δὲ
1459 1121 1631 1157 ἀρνούμενοι,
1647 1122 1764 1157 πρᾶγμα.
1788 1131 1849 1148 ποι-

1056 1170 1133 1196 οῦσιν
1149 1169 1211 1196 οὗτε
1229 1169 1351 1201 εὐσεϐὲς,
1367 1168 1428 1195 οὕτε
1444 1167 1598 1203 ἐλεύθερον.
1616 1168 1671 1194 Καὶ
1686 1167 1776 1203 πολλῷ
1788 1167 1849 1203 βελ-

1056 1216 1131 1248 τίους
1143 1215 1176 1242 ἂν
1196 1213 1277 1251 ἦσαν,
1290 1214 1350 1241 τότε
1367 1214 1564 1248 ἀντιλέγοντες,
1581 1214 1597 1249 ἢ
1621 1213 1669 1239 νῦν
1684 1213 1848 1240 κολακεύον-

1056 1270 1113 1292 τες.
1126 1261 1174 1288 καὶ
1185 1260 1220 1287 τὰ
1232 1260 1336 1288 ἑαυτῶν
1350 1259 1532 1291 καταλύοντες
1544 1259 1610 1294 (75),
1625 1259 1671 1285 καὶ
1688 1257 1849 1294 ἀνθρώπους

1059 1304 1160 1340 μᾶλλον
1172 1304 1189 1340 ἦ
1204 1304 1269 1330 Θεὸν
1282 1303 1364 1339 φοὸού
1369 1312 1454 1339 μενοι.
1469 1303 1523 1335 οὒς
1539 1303 1619 1330 πάλιν
1630 1304 1703 1339 ἐρεῖν
1717 1304 1773 1329 οἵου
1789 1303 1848 1339 (76)

1059 1351 1104 1378 διὰ
1121 1351 1170 1386 τὴν
1191 1351 1326 1382 εὐκολίαν,
1343 1351 1383 1377 ὃτι
1395 1350 1470 1386 φόϐῳ
1482 1351 1521 1385 τῷ
1537 1351 1606 1386 πρὸς
1619 1350 1649 1377 σὲ
1667 1350 1848 1385 μετέστησαν,

1060 1397 1107 1423 κα)Ι
1121 1396 1212 1431 πολλῷ
1229 1405 1260 1429 γε
1278 1396 1476 1433 ἀληθέστερον·
1501 1396 1595 1432 ἐπειδὴ
1615 1396 1655 1423 δεῖ
1669 1396 1776 1423 πταίειν
1792 1396 1849 1432 (77)

1062 1443 1111 1478 μὲν
1126 1443 1225 1474 αὐτοὺς
1239 1442 1292 1473 ἀεὶ,
1308 1442 1443 1477 Θηρᾶσθαι
1462 1442 1490 1469 δὲ
1504 1442 1610 1477 ψευδεῖς
1625 1442 1672 1469 καὶ
1687 1442 1850 1477 σεσοφισμέ-

1060 1497 1108 1520 νας
1122 1487 1280 1522 ἀπολογίας.
1296 1487 1328 1513 Εἰ
1342 1487 1371 1514 δέ
1388 1495 1429 1513 σοι
1447 1486 1534 1513 ταῦτα
1550 1487 1598 1522 μὲν
1617 1486 1705 1522 ὀρθῶς
1719 1487 1792 1513 δοκεῖ
1807 1485 1851 1512 λέ-

220 1537 338 1568 οροτιει,
347 1532 486 1569 falsasque
497 1539 524 1562 et
537 1535 675 1570 captiosas
685 1536 876 1564 excusationes
886 1541 1007 1571 captare.

1067 1533 1167 1569 (saliat,
1179 1533 1336 1568 οἰκονομίας
1345 1533 1372 1559 δὲ
1387 1533 1528 1559 ἀπαιτεῖτε
1541 1533 1619 1566 λόγον
1635 1532 1691 1567 (78)
1717 1531 1789 1567 (ἐπεὶ
1803 1531 1849 1558 καὶ

221 1577 299 1610 Quod
314 1579 335 1605 si
360 1579 416 1606 lttec
430 1580 540 1614 quidem
557 1588 571 1606 a
587 1581 668 1608 nobis
682 1584 756 1608 recte
778 1581 834 1609 dici
851 1582 899 1610 tibi
915 1581 1008 1609 viden-

1067 1579 1139 1605 τοῦτο
1152 1578 1254 1611 ἀκούω,
1266 1579 1297 1605 οὺ
1309 1578 1363 1614 γὰρ
1378 1579 1406 1605 ὲν
1421 1579 1476 1609 τοῖς
1488 1578 1649 1614 γράμμασιν
1665 1576 1849 1612 ἐνεκάλεσας),

221 1629 278 1658 tur,
305 1634 399 1653 verum
424 1627 625 1654 administrata:
648 1627 688 1654 rei
714 1627 859 1656 familiaris
874 1628 1010 1655 rationem

222 1672 346 1707 reposcis
363 1673 485 1714 (namrgid
511 1680 620 1708 quoque
641 1673 675 1701 ad
689 1681 733 1701 me
749 1673 870 1700 delatum
887 1679 940 1705 est,
954 1681 1010 1701 non

223 1719 295 1746 enim
314 1719 342 1746 in
359 1719 459 1748 litteris
483 1719 539 1746 tuis
554 1719 704 1754 obiecisti),
723 1720 775 1754 72
799 1719 873 1754 justo
895 1727 962 1747 sane
983 1723 1011 1747 et

1059 1624 1172 1657 δικαίως
1187 1625 1281 1652 τοῦτον
1303 1624 1473 1651 ὰπαιτείσθω
1493 1624 1541 1650 καὶ
1565 1623 1779 1659 φιλανθρώπως·
1803 1622 1851 1649 καὶ

1062 1672 1137 1699 οὐδὲν
1151 1671 1314 1707 μεμψόμεθα
1326 1679 1332 1686 '
1346 1671 1405 1698 οὐδὲ
1420 1670 1474 1706 γὰρ
1485 1671 1550 1706 ἡμῖν
1565 1670 1676 1706 ἀρέσκει
1687 1668 1850 1705 ζημιοῦσθαι

1063 1718 1200 1746 δεσποτῶν
1216 1717 1374 1744 ἐπιείκειαν.

225 1765 345 1792 humane
366 1771 398 1792 ea
422 1769 604 1800 reposcatur;
621 1773 671 1793 nec
691 1765 841 1800 quidquam
855 1773 888 1793 eo
903 1766 1015 1794 nomine
1034 1772 1182 1802 queremur
1201 1774 1207 1792 :
1222 1771 1310 1799 neque
1326 1763 1399 1791 enim
1417 1763 1496 1791 nobis
1514 1763 1603 1798 placet
1637 1762 1777 1790 lenitatem
1810 1760 1850 1787 fa—

225 1812 413 1847 cilitatemque
425 1811 545 1840 dominis
561 1812 649 1840 fraudi
663 1820 734 1841 csse.

260 1858 330 1892 Quid
340 1858 398 1894 jam
410 1859 556 1893 superest?
567 1859 656 1887 virum
673 1859 802 1891 fortasse,
822 1863 851 1887 ut
867 1860 1011 1895 indignum

227 1905 360 1940 arripere,
379 1904 414 1932 ob
433 1911 549 1939 eamque
575 1912 688 1932 causata
704 1905 732 1932 in
748 1905 836 1939 ipsius
857 1904 1012 1932 ordinatio-

263 1982 319 2018 (67)
334 1983 369 2010 Ἡ
379 1982 418 2015 τῷ
431 1983 497 2010 τότε
511 1982 610 2017 καιρῷ.
633 1982 712 2010 Deest
725 1982 764 2017 τῷ
781 1982 807 2009 in
821 1981 901 2015 cod.;
919 1981 1013 2009 Morel.

227 2022 254 2046 et
270 2017 394 2045 Cotnbef.
408 2019 499 2051 legunt
513 2017 530 2053 ἧ
546 2018 591 2044 τὸν
605 2018 665 2053 τότε
683 2018 788 2053 καιρόν.

262 2053 319 2087 (68)
337 2053 372 2080 Τὸ
389 2052 735 2088 λαϐοῦσισυγιχωρῆσαι.
761 2052 798 2079 Ita
813 2052 894 2079 codd.
914 2052 1011 2084 nostri,

228 2088 346 2115 Montac.
367 2093 394 2115 et
415 2088 509 2115 Morel.
536 2089 565 2115 ln
581 2089 647 2115 edit.
664 2089 694 2114 τὸ
713 2088 805 2114 λαϐεῖν
823 2088 1012 2122 συγχωρῆσαι,

228 2123 300 2158 quod
319 2123 379 2150 Bill.
395 2123 502 2151 reddit:
518 2128 671 2157 potestatem
689 2122 834 2156 accipiendi
849 2122 950 2158 fecisse.

264 2157 320 2191 (69)
338 2158 380 2191 Τῷ
405 2158 465 2190 Θεῷ
486 2159 591 2193 μόνον.
609 2158 646 2185 lla
662 2158 858 2193 coddanostri,
881 2157 1012 2189 Montac.,

229 2193 322 2220 Morel.
342 2201 374 2219 ac
388 2193 511 2220 Comhel‘.
527 2194 555 2220 In
571 2193 635 2220 edit.
651 2193 690 2228 τῷ
701 2192 761 2227 Θεῷ
776 2193 857 2227 μόνῳ.

265 2229 321 2263 (70)
343 2229 403 2255 Οὐκ
419 2228 574 2262 ἠδίκηκεν·
589 2228 686 2262 ἡμεῖς,
704 2232 757 2254 etc.
777 2229 814 2263 lta
837 2227 915 2254 codd.
942 2234 1014 2263 non-

230 2264 308 2291 nulli.
323 2264 390 2292 Alt..
406 2263 536 2293 Montac.,
553 2262 646 2290 Morel.
662 2271 694 2290 ac
713 2262 836 2289 Cotnbef.
857 2262 907 2288 οὐκ
919 2262 1017 2297 ἠδίκη-

230 2307 286 2326 σεν.
308 2299 336 2326 In
353 2298 418 2325 edit.
430 2299 480 2324 οὐκ
493 2298 607 2333 ἠδίκηκέ
622 2306 658 2324 τι.

277 2334 321 2367 71)
339 2333 381 2367 Τῇ
395 2333 481 2366 κοινῇ
495 2333 548 2360 τοῦ
564 2332 675 2366 παντὸς
691 2333 799 2367 χωρίου
815 2332 916 2366 ψήφῳ.
934 2332 1017 2359 Com-

265 2336 321 2395 (71)
339 2336 380 2367 Τῇ
395 2336 480 2366 κοινῇ
495 2336 548 2360 τοῦ
564 2336 675 2366 παντὸς
691 2336 799 2367 χωρίου
815 2336 916 2366 ψήφῳ.
934 2336 1017 2359 Uom-

231 2370 264 2397 he
279 2390 285 2396 .
300 2370 333 2404 τῇ
355 2369 431 2404 κοινῆ
451 2367 497 2394 τοῦ
520 2368 716 2403 πρεσϐυτερίου
738 2368 840 2404 ψήφῳ,
854 2367 934 2404 totius
954 2367 1018 2393 cieri

231 2402 364 2431 communi
385 2402 514 2438 suﬁ‘ragio
534 2402 565 2429 ac
586 2402 699 2429 calculo.
727 2404 812 2429 Vertit
835 2403 908 2428 hunc
929 2402 1017 2428 locum

232 2440 294 2467 Bill.
310 2447 316 2466 τ
335 2438 365 2466 Si
380 2438 540 2473 benignitate
557 2442 603 2464 tua
617 2438 676 2472 freti
691 2445 721 2464 eo
738 2438 882 2472 progressi,
897 2444 1016 2473 commit-1

232 2483 326 2509 aesque
342 2471 458 2500 omnium
481 2471 630 2501 incolarum
653 2481 726 2500 voces
739 2471 769 2499 'et
789 2471 921 2507 stt/l'ragia
936 2471 1019 2498 seculi

233 2518 333 2536 sumus.

269 2545 325 2579 (72)
341 2543 464 2579 Πάντων
477 2543 649 2579 ἐμϐατεύειν
664 2543 802 2578 γνώμαις.
819 2543 936 2569 omnium
951 2549 1019 2568 mert-

237 2584 273 2606 tes
297 2579 423 2606 scrutari.
447 2578 571 2606 Combef.
587 2587 594 2606 :
613 2578 646 2605 In
660 2579 778 2605 omnium
803 2579 905 2604 animos
927 2584 1019 2611 perva-

234 2615 305 2642 dare.

270 2649 327 2684 (75)
351 2648 497 2684 (lapidein
513 2648 552 2675 Ita
564 2648 644 2676 codd.
662 2649 758 2684 nostri,
775 2647 911 2684 Mointac.,_
922 2645 1017 2684 Morel.

235 2693 268 2711 ac
283 2682 405 2712 COmbef.
424 2684 452 2710 In
465 2683 530 2711 edit.
545 2683 684 2719 περιιδεῖν.
697 2683 769 2715 Mox,
783 2683 828 2709 τοῦ
844 2682 943 2719 χωρίου
956 2682 1021 2719 spn-

238 2720 311 2755 μίαν.
328 2719 462 2747 Contbel'..
483 2727 528 2755 nec
551 2716 641 2755 oppidi
658 2718 696 2746 vel
715 2716 1017 2755 municipii‘solitudme.

238 2730 243 2736 ’
260 2730 311 2747 ιαν.
328 2730 462 2747 liUlllUClo.
483 2730 528 2745 nec
551 2730 639 2753 ιψριιιι
658 2730 695 2746 vet
715 2730 848 2751 τιιιιηιυψιι
865 2730 1017 2743 δυιιιιιιιιιιι.

237 2730 321 2782 βοιιΙο
336 2759 407 2789 post,
423 2754 547 2780 τοσοῦτον
559 2754 615 2781 καί.
628 2754 708 2781 Deest
721 2753 766 2779 καί
783 2753 810 2779 in
824 2752 902 2779 codd.
918 2751 1021 2779 nostris

236 2796 263 2817 et
279 2790 401 2817 Contbef.

230 2827 233 2830 '
272 2826 328 2859 (τι)
347 2826 404 2856 Τὴν
429 2824 634 2858 πνευματικὴν
658 2823 848 2859 ἐπιστασίαν.
873 2823 910 2859 ita
939 2821 1018 2859 codd.

239 2856 336 2890 nostri.
349 2860 481 2891 Mantum,
499 2856 593 2888 Morel.
612 2867 642 2886 ac
661 2858 784 2886 Combcf.
803 2858 830 2885 ln
848 2857 913 2886 edit.
927 2856 975 2891 τὴν
991 2857 1019 2883 ἐν

1098 1856 1130 1883 Τί
1150 1855 1242 1882 λοιπὸν
1259 1854 1316 1887 Evt;
1338 1854 1376 1886 ὡς
1399 1852 1509 1885 ἀναξίου
1525 1852 1581 1887 (79)
1605 1852 1652 1879 τοῦ
1671 1851 1851 1887 ἀνδρὸᾷῒεῗσως

1063 1901 1309 1937 ἐπιλαμὸάνεσοαι,
1333 1900 1381 1926 καὶ
1399 1899 1444 1926 διὰ
1456 1898 1535 1925 τοῦτο
1557 1899 1736 1933 ἐπισκήπτειν
1751 1899 1784 1933 τῇ
1799 1907 1850 1925 κα-

1064 1983 1204 2017 Πνεὺματι
1215 1982 1386 2012 ἐπιστασίαν,
1399 1981 1441 2006 cui
1455 1978 1555 2010 deerat,
1567 1978 1612 2013 qui
1629 1978 1655 2004 in
1669 1976 1771 2012 Spiritu
1783 1987 1852 2012 prte-

1065 2024 1142 2044 esset.

1102 2052 1158 2086 (75)
1181 2051 1235 2078 Καὶ
1251 2051 1287 2077 τὰ
1301 2049 1417 2086 Muttine
1432 2049 1642 2086 xaraﬂiiorrq:
1665 2048 1727 2086 llmc
1749 2049 1850 2086 desunt

1067 2087 1095 2114 in
1112 2083 1173 2114 cod.
1194 2092 1220 2113 et
1241 2086 1359 2113 Montac.
1374 2084 1446 2115 Mox,
1471 2084 1570 2119 μᾶλλον
1591 2084 1607 2119 ἢ
1623 2083 1698 2111 Θεόν.
1715 2084 1754 2110 lla
1768 2084 1850 2111 codd.

1067 2123 1165 2150 nostri.
1182 2122 1209 2148 ln
1224 2121 1289 2148 edit.
1307 2120 1351 2146 τὸν
1363 2119 1438 2146 Θεὸν.

1103 2157 1160 2193 (76)
1179 2156 1238 2189 Οὓς
1256 2155 1353 2193 neutr
1367 2154 1456 2193 _épeir
1473 2153 1557 2193 ,οἵου
1574 2152 1624 2179 Bill
1650 2164 1656 2180 :
1671 2156 1742 2193 Qut-os
1756 2153 1850 2193 etiam,

1066 2188 1117 2229 qua
1134 2188 1196 2229 sunt
1216 2191 1298 2217 animi
1324 2190 1438 2229 lenitate,
1461 2188 1577 2229 dictaros
1605 2188 1756 2229 pttla'._i’t'o
1778 2189 1851 2229 ἐρεῖν

1069 2224 1159 2264 legunt
1174 2226 1290 2264 Montac.
1307 2229 1334 2252 et
1346 2224 1438 2252 Morel.
1451 2225 1539 2258 εὑρεῖν
1547 2232 1557 2264 ί
1571 2224 1616 2264 εει-ρ
1631 2224 1694 2258 qttid
1706 2224 1757 2250 hoc
1769 2224 1852 2264 verbo

1068 2258 1221 2299 signiﬁcare
1236 2260 1331 2299 _ve|int,
1353 2267 1407 2299 non
1422 2263 1572 2299 exponunt.
1594 2258 1673 2286 Forte
1688 2267 1752 2294 quos
1770 2259 1850 2285 etiam

1067 2295 1162 2326 itevrum
1177 2297 1334 2330 conﬁrluros
1351 2295 1482 2330 existima.

1104 2334 1159 2369 (77)
1175 2327 1231 2369 Δεῖ
1244 2331 1370 2357 πταίειν.
1381 2364 1386 2369 _
1398 2330 1425 2356 In
1444 2328 1509 2356 edit.
1532 2328 1632 2369 παίειν.
1647 2328 1774 2369 ῼοιτθχὶι
1787 2327 1849 2369 llill.

1068 2370 1094 2396 in
1107 2363 1244 2395 ‘ve’rsione
1267 2373 1301 2392 ex
1326 2364 1571 2399 cotujecturaunos
1600 2364 1668 2399 freti
1689 2363 1851 2390 auctoritate

1069 2404 1129 2431 cod.
1145 2403 1212 2437 Reg.
1228 2407 1334 2437 necnon
1348 2397 1591 2437 Montac.1_Morel.
1607 2407 1638 2437 ac
1655 2398 1778 2437 Comhel.

1104 2439 1160 2474 (78)
1175 2433 1332 2474 Ἇπαιτεῑτε
1344 2435 1445 2474 λόγοξξ
1462 2434 1508 2474 Sic
1526 2433 1668 2474 legendum
1685 2434 1764 2474 nobis
1777 2433 1852 2474 vidc-

1069 2469 1113 2501 tur
1136 2469 1197 2500 eum
1223 2471 1341 2498 Montac.
1368 2474 1395 2496 et
1420 2469 1513 2495 Morel.
1541 2469 1569 2495 ln
1594 2470 1660 2496 edit.
1685 2469 1848 2495 ἀπαιτεῖται.

1068 2507 1190 2535 Combef.
1205 2504 1388 2532 ἀπαιτεῖσθαι.
1414 2503 1485 2536 Mox,
1501 2504 1562 2530 ἐπεὶ
1578 2504 1634 2531 καί.
1653 2504 1691 2530 ita
1705 2504 1778 2536 cod.,
1795 2502 1853 2530 Mo-

1069 2545 1117 2571 rel.
1133 2551 1165 2569 ac
1180 2540 1302 2568 Combef.
1318 2540 1345 2567 In
1359 2540 1426 2567 edit.
1440 2539 1532 2574 ἐπειδὴ
1547 2539 1603 2565 καί.

1105 2578 1160 2614 (79)
1181 2577 1211 2603 Τι
1223 2575 1389 2614 ,βρίζων-ἐτι
1401 2575 1466 2614 ;-ὠς
1480 2572 1617 2614 ἀνάξίοε.
1634 2573 1749 2614 Montac:
1761 2573 1788 2600 τί
1801 2572 1853 2614 λοι-

1070 2608 1119 2641 πόν
1134 2608 1206 2644 ἔστη
1222 2611 1260 2642 ὡς
1275 2609 1392 2642 ἀνάξιος.
1410 2609 1510 2643 Inepte,
1534 2609 1570 2635 ait
1585 2609 1691 2640 Morel.,
1705 2608 1784 2640 refert
1798 2608 1851 2635 Ita—

1070 2649 1205 2676 :ileenscm
1229 2647 1363 2673 lectionem
1383 2645 1566 2672 Monlacutins
1582 2644 1780 2679 quasi-legatur
1795 2644 1853 2670 illic

1069 2684 1107 2716 ὡς
1120 2683 1152 2710 ἂν
1163 2683 1248 2715 ἀξίου,
1260 2686 1283 2708 et
1295 2681 1410 2715 ineptam
1423 2678 1693 2716 alterantsuhjicitea:
1704 2678 1852 2716 Bodleiano

1070 2713 1127 2746 cod.
1146 2713 1264 2749 ἀνάξιος.
1282 2713 1369 2743 Vertit
1385 2715 1509 2743 Combef.
1526 2715 1563 2745 ὡς
1577 2713 1685 2747 ἀναξίου
1703 2713 1853 2749 ἐπιλαμϐα-

1070 2755 1174 2782 νεσυαι,
1192 2747 1219 2780 ιιι
1234 2747 1370 2785 indignum
1387 2751 1454 2785 forte
1468 2750 1553 2776 virum
1562 2749 1705 2785 friiitittari
1718 2749 1754 2785 ve}
1770 2747 1852 2785 viridi-

1071 2798 1139 2816 care.
1154 2787 1207 2816 Pro
1218 2783 1462 2822 ἐπιλαμϐάνεσθαι,
1480 2786 1541 2813 cod.
1561 2784 1626 2820 Reg.
1649 2784 1729 2811 habet
1743 2783 1850 2818 λαμϐά-

1070 2824 1172 2851 νεοθαι.
