1923 3053
91 151 141 180 155

775 155 944 184 EPISTOLA
964 155 1070 182 LXXX.

1658 158 1709 186 ιδι

90 211 224 238 ταστάσει.
238 210 324 238 Τοῦτο
342 211 397 247 γάρ
411 221 468 244 πως
485 213 531 240 καὶ
549 213 675 247 ἐγκαλεῖν
691 213 873 249 εὐπρεπέστε-

926 220 986 240 nem
1005 212 1145 239 invadere.
1171 211 1239 239 Nam
1257 212 1309 240 hoc
1323 219 1432 247 quoque
1453 211 1584 248 obiicere,
1602 214 1706 248 specio-

90 265 143 292 ρον.
165 257 195 283 '0
213 257 241 283 δέ
259 265 303 291 μοι
318 258 385 293 πρὸς
399 258 479 285 τοῦτο
491 259 581 293 λόγος,
599 259 700 290 ἁπλοῦς
713 259 759 285 καὶ
772 259 870 294 ῥᾴδιος.

96 303 188 337 Ἡμεῖς
202 302 256 329 οὐδ’
270 302 349 329 ἄλλον
362 303 424 329 τινὰ
441 304 496 330 τῶν
516 305 545 330 ὲν
561 303 659 336 αἰτίαις
682 303 797 339 ἀφίεμεν
827 304 873 330 ἀν-

89 348 238 380 εξέταστον,
263 348 316 374 οὐδ’
335 348 368 375 ἂν
381 349 451 375 πάνυ
473 349 528 376 τῶν
552 350 635 384 φίλων
655 348 683 387 ᾖ,
705 350 752 377 καὶ
767 350 821 376 τῶν
842 347 872 376 εὖ

88 394 236 428 γεγονότων
262 394 348 429 (οὐδὲν
373 395 427 431 γὰρ
449 396 496 422 τοῦ
523 396 601 428 Θεοῦ,
626 396 736 423 καὶτοῦ
763 396 873 427 κανόνος

89 439 317 476 αἰδεσιμὼτερον),
341 441 402 467 οὐδὲ
429 441 522 468 τοῦτον
546 442 600 477 (80)
625 443 776 478 ἀφήσομεν.
803 442 872 468 Ἀλλ’

89 487 168 518 εἴτις
189 486 246 522 ἔχοι
261 495 288 513 τι
309 490 482 524 κατηγορεῖν,
499 489 524 515 εί
543 489 593 524 μὲν
615 488 713 524 βούλει,
732 489 872 524 παρούσης

91 541 135 559 σου
151 533 199 559 καὶ
213 532 425 568 συνδικαζούσης
437 541 443 547 ·
459 535 484 560 ει
501 534 529 560 δὲ
549 535 598 570 μὴ,
619 535 666 561 καὶ
680 534 814 570 ἀπούσης,
829 535 875 569 ἐφ’.

89 577 165 613 ἡμῶν
189 577 354 610 ὲξετασθεὶς,
377 579 401 604 εξ
423 579 471 614 μὲν
488 579 577 611 ἁθῶος
600 580 764 616 εὑρίσκοιτο,
788 578 871 617 χᾶ.νῇ

88 622 187 655 δοῦλος,
203 623 393 658 ἀποφευγέτω.
413 623 521 659 Ἐπειδὴ
537 624 584 651 καὶ
601 624 702 651 δούλων
715 624 762 651 καὶ
777 624 873 652 δεσπο-

88 668 140 694 τῶν
151 669 165 695 ὁ
180 668 261 700 αὐτὸς
283 669 374 704 πατὴρ
390 668 436 695 καὶ
449 669 524 701 Θεὸς,
548 670 595 696 καὶ
608 670 638 696 οὐ
661 670 721 701 ταῖς
735 669 823 702 ἀξίαις
842 669 873 696 τὺ

89 714 188 741 δίκαιον
203 713 360 750 διορίζεται.
380 715 411 741 Εἰ
433 714 461 741 δὲ
485 715 631 747 ἁλίσκοιτο,
645 716 796 751 τηνικαῦτα
820 716 872 743 ὑπὸ

88 759 135 794 τῆς
153 760 221 791 ιδίας
235 759 372 795 ἁμαρτίας
388 760 629 796 κατακριθήσεται.
647 761 701 788 Καὶ
715 761 801 793 οὕτως
811 761 871 788 οὔτε

88 806 102 831 ὁ
115 805 204 832 κανὼν
217 805 421 841 ὑϐρισθήσεται,
435 805 496 832 οὔτε
517 807 531 832 ὁ
551 805 675 832 ἀπελθὼν
689 807 873 842 ἀτιμασθήσε-

87 860 131 878 ται
148 851 188 886 (τὸ
200 851 255 886 γὰρ
269 851 327 878 καθ’
344 851 416 886 ἡμᾶς
436 851 500 883 ἴσως
527 852 573 878 καὶ
595 852 758 887 παροπτέον,
774 852 811 884 ὡς
825 854 871 879 οὐ-

87 884 159 929 δενὸς
181 884 273 931 ἀξίους
291 884 384 933 [81]),
402 898 448 924 καὶ
474 898 542 934 αὐτὴ
558 884 643 934 φεὺξη
668 899 789 935 πονηρὰν
805 900 872 927 ὑπό·
888 884 908 911 Β

89 953 171 975 νοιαν,
192 944 229 975 ὡς
246 944 290 971 διὰ
312 944 343 971 τὸ
365 944 513 979 ἀλλοτρίως
534 944 606 979 ἔχειν
632 944 700 980 πρὸς
715 946 799 981 ἡμᾶς,
825 946 873 974 καὶ

88 989 136 1025 τὴν
150 989 213 1023 ὑγιῆ
228 989 330 1022 πίστιν,
345 988 431 1016 ταῦτα
450 989 616 1024 τεχνάζουσα
631 991 803 1025 σοφιστικῶς,
816 991 873 1018 ἀλλ’

89 1035 137 1062 οὐκ
156 1035 289 1069 εὐγενῶς·
305 1036 350 1062 καὶ
364 1035 409 1062 ὑπ’
428 1035 509 1062 ἄλλου
530 1036 579 1072 μὲν
595 1036 742 1072 κινουμένη
754 1037 820 1072 (82),
834 1038 875 1069 εις

87 1081 151 1108 ἄλλο
166 1081 195 1108 δὲ
216 1082 442 1117 ἀποσκήπτουσα.
461 1083 494 1108 Ὃ
515 1082 690 1117 συμϐουλεύω
713 1091 753 1109 σοι
771 1083 808 1118 μὴ
823 1092 875 1110 πα-

89 1128 154 1160 θεῖν,
170 1127 208 1159 ὡς
223 1127 284 1155 οὔτε
297 1129 379 1160 ὅσιον,
397 1127 459 1154 οὔτε
476 1128 630 1164 εὐπρεπέςι
647 1128 715 1163 μηδὲ
729 1129 792 1160 τοὺς
806 1130 874 1164 ἡμε-

88 1173 183 1209 τέρους
196 1174 296 1209 νόμους
323 1174 507 1208 ἁτιμάσασαν,
528 1174 575 1200 ἐπὶ
590 1174 654 1206 τοὺς
666 1173 766 1206 ἔξωθεν
787 1183 873 1201 κατα-

89 1219 209 1254 φεύγειν,
225 1219 294 1256 μηδὲ
314 1219 547 1255 προσφιλονεικείν
560 1219 637 1255 ἡμῖν,
651 1219 719 1246 ἀλλὰ
740 1220 874 1254 συγγινώ-

89 1274 175 1297 σκειν,
195 1266 259 1292 εἴτι
277 1265 460 1301 ἁπλούστερον
472 1266 662 1301 πεποιήκαμεν
679 1265 722 1293 διὰ
736 1265 785 1301 τὴν
799 1265 875 1292 ὲλευ-

88 1311 182 1347 θερίαν
195 1311 245 1347 τῆς
258 1312 379 1347 χάριτος,
401 1312 447 1339 καὶ
462 1311 589 1344 δέξασθαι
609 1311 751 1348 νικηθῆναι
775 1312 875 1348 μᾶλλον

89 1357 219 1392 καλῶς.ἢ
243 1357 354 1393 νικῆσαι
379 1357 483 1390 κακῶς,
507 1357 546 1393 τῷ
562 1357 703 1393 ἀντιϐῆναι
727 1357 766 1393 τῷ
787 1358 874 1385 Πνεύ-

90 1411 156 1438 ματι
174 1403 240 1439 (85).

264 1544 304 1570 ιιι.
324 1543 467 1579 ΕΥΔΟΞΙῼ
486 1544 612 1571 paron
632 1544 698 1580 (st).

923 258 983 285 sius
996 259 1114 293 quodam
1128 257 1209 285 modo
1221 257 1314 286 fuerit.
1327 257 1391 285 Mihi
1407 265 1471 286 vero
1483 258 1516 285 ad
1532 259 1584 286 hoc
1592 259 1708 294 simplex

923 307 949 330 et
966 302 1056 329 facilis
1071 307 1113 330 est
1133 303 1230 330 oratio.
1250 302 1317 334 Nos,
1335 311 1385 331 nec
1400 304 1484 330 alium
1499 305 1657 339 quemdam,
1675 312 1709 331 ex

923 348 958 376 iis
972 348 1019 383 qui
1039 348 1165 376 criminis
1184 349 1302 383 alicujus
1321 349 1360 376 rei
1377 354 1453 380 sunt.
1466 350 1607 384 incognita
1623 357 1708 378 causa

923 395 1099 426 dimittimus,
1118 402 1153 422 ne
1173 395 1196 422 si
1219 395 1376 422 arctissima
1392 394 1501 429 quidem
1520 395 1640 422 amicitia
1657 401 1709 421 no-

923 441 966 468 bis
988 440 1155 475 conjunctus
1172 441 1217 472 sit,
1242 441 1440 475 nobilitateque
1466 440 1581 476 insignis
1602 441 1709 476 (neque

923 486 996 514 enim
1014 486 1068 514 Deo
1088 490 1115 514 et
1129 487 1319 514 ecclesiastica
1343 486 1402 521 lege
1426 486 1575 521 quidquam
1596 495 1710 514 venera-

922 533 1006 560 bilius
1026 533 1106 567 est),
1124 540 1176 560 nee
1197 533 1271 560 hunc
1286 532 1467 559 dimittemus.
1489 532 1591 559 Verum
1609 533 1632 560 si
1646 533 1709 568 quis

923 577 1024 612 aliquid
1049 577 1131 604 habet
1146 577 1220 611 quod
1243 584 1306 604 eum
1330 580 1451 608 accuset,
1468 581 1493 603 te
1508 583 1650 611 praesente,
1671 577 1710 604 si-

924 622 1197 657 mulquejudicante.
1210 622 1233 649 si
1243 623 1280 648 ita
1295 622 1417 655 libuerit;
1427 622 1469 648 sin
1481 622 1583 654 minus,
1597 622 1710 650 absente

924 677 1043 704 quoque,
1059 670 1139 698 nobis
1159 668 1299 704 judicilius
1314 669 1484 704 exploratus,
1503 670 1526 696 si
1541 669 1650 704 quidem
1669 670 1710 696 in-

923 723 1027 743 nocens
1047 716 1176 742 inventus
1192 715 1284 748 fuerit,
1310 715 1421 742 etiamsi
1438 723 1537 742 servus
1555 715 1602 746 sit,
1619 715 1711 742 absol—

923 764 1012 788 vatur.
1029 760 1096 788 Nam
1111 766 1138 788 et
1151 768 1292 788 servorum
1304 764 1330 788 et
1346 760 1476 787 berorum
1489 760 1562 788 idem
1577 764 1619 788 est
1634 765 1711 796 pater

923 815 955 835 ac
977 807 1061 841 Deus,
1078 816 1129 835 nec
1152 807 1333 843 dignitatibus
1347 807 1392 842 jus
1413 807 1543 834 deﬁnitur
1565 815 1572 835 :
1598 807 1621 834 si
1644 814 1711 834 vero

923 854 1068 881 convictus
1083 854 1176 885 fuerit,
1192 862 1207 881 a
1220 853 1332 889 proprio
1342 858 1454 888 peccato
1469 853 1708 880 condemnabitnr.

923 901 962 926 lta
981 900 1036 933 fiet,
1053 904 1147 928 utnec
1164 900 1210 927 lex
1224 900 1352 931 violetur,
1369 907 1420 926 nec
1441 898 1573 926 defuncto
1591 899 1710 934 ignomi-

923 945 969 971 nia
984 943 1117 972 inferatur
1136 945 1210 979 (nam
1226 944 1259 971 de
1277 951 1320 971 me
1334 943 1451 971 fortasse
1466 943 1537 970 nihil
1557 943 1709 971 curandum

923 995 975 1022 est,
992 995 1085 1026 utpote
1102 990 1204 1018 nullius
1221 989 1300 1023 pretii
1316 989 1449 1023 homine),
1470 993 1497 1015 et
1511 992 1540 1016 tu
1556 989 1709 1024 improbam

924 1035 1108 1070 suspicionem
1126 1034 1225 1070 fugias,
1243 1034 1322 1070 quasi
1335 1034 1371 1061 ob
1388 1034 1414 1060 id
1435 1033 1507 1069 quod
1525 1042 1540 1061 a
1552 1034 1632 1062 nobis
1643 1034 1710 1062 [lde-

923 1088 977 1115 que
1006 1088 1074 1108 sana
1098 1080 1259 1113 abhorreas,
1287 1079 1356 1111 haec,
1380 1084 1489 1106 versute
1514 1079 1604 1114 potius
1628 1087 1710 1114 quam

923 1133 1064 1162 generose,
1076 1126 1260 1157 machineris;
1280 1128 1361 1160 atque
1377 1124 1430 1151 alio
1453 1128 1578 1152 m0vente
1594 1125 1622 1152 in
1634 1125 1711 1152 aliud

924 1173 1056 1209 impetum
1072 1172 1248 1207 detorqueas.
1261 1170 1341 1204 Quod
1355 1170 1477 1206 quidem,
1494 1170 1517 1198 si
1530 1178 1573 1198 me
1592 1171 1710 1198 monito-

924 1229 981 1249 rem
998 1220 1130 1254 audicris,
1146 1227 1202 1247 non
1227 1219 1312 1246 facies
1324 1238 1331 1250 ,
1352 1219 1415 1254 quia
1440 1226 1490 1246 nec
1511 1223 1648 1251 sanctum,
1660 1226 1711 1247 nee

924 1267 1071 1295 honestum
1084 1270 1127 1294 est
1143 1274 1150 1292 :
1166 1273 1266 1300 neque,
1282 1264 1448 1300 contemptis
1471 1265 1574 1292 nostris
1593 1265 1710 1300 legibus,

925 1312 959 1340 ad
976 1315 1106 1340 extentas
1133 1311 1288 1347 confugies,
1313 1318 1345 1338 ac
1370 1309 1515 1337 nobiscum
1541 1310 1711 1344 pertinacius

925 1356 1076 1385 contendes
1091 1364 1211 1384 :‘verum
1230 1356 1367 1391 ignosces.
1386 1355 1409 1382 si
1429 1354 1495 1389 quid
1516 1358 1628 1389 propter
1646 1362 1711 1390 gra-

925 1403 969 1430 tia:
986 1402 1142 1430 libertatem
1157 1401 1309 1436 simplicius
1326 1399 1454 1430 fecimus.
1470 1399 1616 1434 potiusque
1629 1399 1712 1426 habe-

925 1447 968 1474 bis
987 1447 1102 1474 honeste
1128 1447 1200 1474 vinci
1226 1453 1308 1481 quam
1333 1444 1403 1472 male
1429 1443 1558 1477 vincere,
1581 1444 1711 1471 nimirum

926 1491 1041 1526 Spiritui
1061 1490 1234 1519 obsistendo.

1088 1547 1193 1574 LXXX.
1215 1545 1366 1574 EUDOXlO
1385 1545 1549 1574 RHETORI.

91 1599 155 1627 Post
170 1599 390 1638 Basilllmogem
405 1603 604 1638 scriptapLesse
613 1600 682 1638 Itane
696 1599 835 1638 epistolam
849 1606 964 1638 _conslat
976 1609 994 1638 ;ν
1009 1609 1091 1636 eaque
1106 1609 1157 1627 non
1182 1601 1259 1638 longo
1277 1605 1343 1638 post
1359 1607 1472 1637 tempore
1497 1603 1598 1631 videtur
1614 1603 1714 1638 scripta

322 1633 450 1667 Eudoxio,
464 1634 510 1669 qui
524 1633 640 1661 Eudoxii
655 1635 775 1668 alterius,
791 1635 954 1664 celeberrimi
971 1633 1094 1668 rhetoris,
1107 1640 1166 1663 erat
1181 1633 1265 1670 ﬁlius,
1279 1639 1304 1662 et
1319 1633 1481 1673 rhetor'ipre.

131 1692 251 1728 Ἐρωτᾷς
263 1692 322 1724 πῶς
341 1692 376 1718 τὰ
389 1691 522 1727 ἡμέτερα.
538 1692 592 1718 Καὶ
610 1691 670 1719 λίαν
685 1692 791 1729 πικρῶς
809 1694 874 1729 (85).

963 1695 1069 1729 Quaeris
1089 1703 1144 1730 quo
1169 1699 1243 1723 statu
1277 1703 1322 1723 res
1345 1700 1446 1724 nostra!
1469 1697 1534 1725 sint.
1559 1697 1713 1726 Admodum

89 1738 229 1765 Βασίλειον
244 1738 294 1764 οὐκ
308 1737 372 1773 ἔχω,
389 1738 538 1772 Καισάριον
551 1737 599 1764 οὐκ
618 1738 681 1773 ἔχω,
696 1738 742 1766 τὸν
755 1748 877 1775 πνευμα-

89 1783 165 1810 τικὸν
186 1783 299 1817 ἀδελφὺν
320 1784 368 1810 καὶ
391 1783 436 1809 τὸν
462 1783 618 1818 σωματικόν
644 1783 711 1818 (86).
731 1785 763 1811 '0
780 1785 877 1819 πατήρ

89 1837 146 1863 μου
162 1828 211 1854 καὶ
225 1828 244 1861 ἡ
259 1828 357 1864 μητήρ
372 1837 432 1863 μου
459 1828 657 1864 ἐγκατέλιπέν
679 1838 727 1864 με,
744 1831 813 1866 μετὰ
828 1831 876 1858 τοῦ

33 1900 35 1903 .
89 1875 173 1902 Δαϐιδ
195 1875 350 1910 φθέγγομαι
373 1875 439 1910 (87).
457 1875 499 1902 Τὰ
524 1875 571 1902 τοῦ
596 1875 722 1911 σώματος
752 1878 878 1912 πονηρῶς

90 1922 159 1957 ἔχει,
176 1922 206 1948 τὺ
220 1922 305 1957 γῆρας
319 1921 390 1956 ὑπὲρ
405 1921 537 1956 κεφαλῆς,
553 1922 700 1957 φροντίδων
720 1923 876 1957 ἐπιπλοκαὶ,

90 1968 261 2004 πραγμάτων
275 1967 431 2003 ἐπιδρομαὶ,
445 1967 478 1993 τὰ
492 1967 546 1993 τῶν
561 1967 645 2001 φίλων
656 1968 767 2001 ἄπιστα,
781 1968 814 1995 τὰ
828 1969 877 2004 τῆς

97 2012 259 2047 Ἑκκλησίας
283 2012 447 2047 ἀποίμαντα.
463 2013 558 2047 Ἐῤῥει
580 2012 615 2038 τὰ
629 2012 710 2044 καλὰ,
732 2012 822 2048 γυμνὰ
844 2013 878 2040 τὰ

91 2057 175 2090 κακὰ,
191 2058 205 2084 ὁ
219 2058 302 2089 πλοῦς
318 2058 346 2084 ὲν
368 2057 446 2085 νυκτὶ
463 2057 528 2092 (88),
549 2057 651 2093 πυρσὸς
670 2057 798 2093 οὐδαμοῦ,
811 2059 877 2095 Χρι-

91 2103 155 2135 στὸς
168 2103 300 2130 καθεύδει.
318 2103 350 2130 Τί
371 2103 422 2139 χρὴ
448 2103 562 2136 παθεῖνς
577 2103 625 2139 μία
645 2113 690 2139 μοι
710 2104 763 2132 τῶν
784 2105 877 2132 κακῶν

90 2149 178 2181 λύσις,
196 2151 209 2176 ό
235 2149 359 2181 θάνατος.
375 2149 431 2176 Καὶ
446 2149 481 2176 τὰ
497 2149 601 2176 ἐκεῖθέν
630 2158 675 2178 μοι
691 2149 804 2186 φοϐερὰ,
819 2152 875 2183 τοῖς

89 2194 215 2221 ἐντεῦθεν
226 2195 444 2230 τεκμαιρομένῳ.

128 2250 150 2266 ³⁷
165 2250 239 2277 Psal.
257 2259 332 2282 XXVI,
351 2250 394 2277 10.

926 1741 1036 1768 acerbo.
1054 1740 1184 1768 Basilium
1196 1748 1250 1768 non
1266 1740 1363 1774 habeo,
1380 1741 1529 1769 Caesarium
1541 1750 1597 1769 non
1615 1743 1712 1775 habeo,

926 1786 978 1813 hoc
992 1790 1043 1818 est,
1067 1786 1219 1820 spiritalem
1246 1786 1358 1815 fratrem
1380 1792 1407 1815 et
1437 1795 1610 1822 corporeum.
1632 1787 1714 1816 Pater

926 1841 997 1860 meus
1016 1839 1039 1859 et
1056 1833 1108 1867 73
1126 1837 1210 1859 mater
1221 1841 1278 1860 mea
1292 1833 1486 1868 dercliquerunt
1499 1842 1539 1860 me
1557 1834 1590 1867 ³⁷,
1607 1838 1635 1860 ut
1651 1842 1713 1862 cum

926 1877 1029 1906 Davide
1045 1878 1151 1912 loquar.
1174 1878 1281 1913 Corpus
1299 1886 1402 1914 aegrum
1418 1883 1472 1910 est.
1491 1883 1618 1907 senectus
1633 1883 1715 1914 caput

926 1924 1037 1959 premit,
1054 1931 1128 1951 cura:
1141 1924 1203 1951 alia:
1214 1924 1276 1952 aliis
1289 1924 1461 1955 intexuntur,
1477 1925 1619 1952 incursant
1634 1932 1714 1960 nego-

927 1970 975 2002 tia,
991 1969 1067 1996 inﬁdi
1084 1969 1176 2002 amici,
1194 1969 1325 1997 Ecclesia:
1339 1977 1384 1998 res
1399 1974 1510 2005 pastore
1528 1975 1556 1997 et
1576 1971 1714 2004 guberna.

926 2019 986 2042 tore
1009 2019 1112 2042 carent.
1136 2014 1255 2042 Pereunt
1276 2016 1347 2042 bona
1364 2024 1370 2042 :
1398 2014 1470 2042 nuda
1488 2018 1514 2042 et
1541 2019 1634 2050 aperta
1650 2019 1716 2043 sunt

926 2061 997 2087 mala
1012 2070 1018 2088 :
1037 2061 1175 2096 navigatio
1190 2062 1218 2088 in
1234 2064 1332 2094 nocte,
1349 2060 1393 2087 fax
1417 2068 1553 2095 nusquam
1567 2070 1574 2094 ;
1587 2062 1715 2089 Christus

926 2107 1037 2134 dormit.
1052 2107 1123 2140 Quid
1139 2107 1256 2134 faciam?
1271 2106 1331 2134 Una
1347 2107 1413 2134 mihi
1427 2107 1561 2134 malorum
1574 2107 1710 2142 depulsio,

927 2161 1014 2181 mors.
1027 2153 1066 2181 Ac
1081 2161 1125 2181 res
1140 2154 1223 2180 etiam
1236 2154 1353 2181 alterius
1367 2154 1431 2180 vitm
1444 2154 1511 2180 mihi
1528 2153 1718 2181 formidolose

928 2201 1004 2230 sunt,
1020 2206 1054 2226 ex
1071 2198 1154 2233 hujus
1169 2199 1230 2225 vita:
1243 2198 1326 2226 rebus
1342 2197 1528 2233 conjecturam
1543 2198 1666 2227 ducenti.

1399 2256 1403 2272 l

127 2319 183 2356 (80)
200 2319 276 2360 goes
291 2319 432 2360 zqﬁtor...
446 2319 520 2354 ἔχοι.
535 2319 574 2346 lta
594 2318 655 2347 cod.
676 2319 743 2355 Reg.
757 2318 786 2346 ln
805 2317 872 2346 edit.

926 2319 966 2360 illi
993 2321 1192 2360 adhmreamus,
1210 2320 1282 2360 inter
1311 2319 1428 2360 plurima
1459 2327 1545 2360 unum
1566 2318 1592 2345 in
1614 2317 1714 2360 primis

88 2355 153 2383 οὔτε
169 2355 271 2382 τοῦτον.
279 2375 297 2382 ..
312 2355 377 2389 ἔχει.

127 2391 183 2424 (81)
207 2387 342 2422 οὐδενὸξ
356 2390 471 2422 ἀξίους.
492 2389 531 2416 Ita
553 2389 614 2416 cod.
639 2389 719 2423 Reg.,
744 2387 876 2421 lllontac.,

89 2425 188 2452 Morel.
205 2431 231 2452 et
245 2424 368 2452 Combef.
389 2426 417 2451 In
437 2425 504 2452 edit.
518 2424 623 2455 οὐδενὸς
640 2424 724 2456 ἄξιον.

127 2460 182 2495 (82)
206 2459 263 2495 Ὑαξ
286 2460 383 2486 ἄλλου
394 2458 644 2495 peracto-ovum.
667 2457 780 2495 lta_cgd_.
796 2457 874 2495 Κείς..

90 2493 224 2526 unum,
239 2494 333 2522 Morel.
351 2499 377 2521 et
395 2493 517 2522 Combef.
535 2494 563 2520 ln
580 2493 645 2521 edit.
665 2493 710 2520 ὑπ’
730 2493 811 2520 ἄλλου
828 2493 877 2527 μὲν

89 2530 251 2566 κρινομένη,
267 2528 339 2564 qttod
351 2529 411 2556 Bill.
430 2539 436 2556 :
452 2533 529 2563 atque
541 2529 572 2555 ab
586 2528 639 2570 alio
651 2533 787 2555 accusata.
804 2527 876 2559 Mox,

89 2565 104 2591 ὅ
120 2565 306 2591 συιιῦουλεύω.
326 2564 392 2591 Cod.
409 2564 423 2591 ὖ
443 2564 646 2591 συμϐουλευσω.

87 2564 153 2592 δ’συ
178 2564 306 2591 ὅουλεύω.
326 2564 392 2592 Cod.
409 2564 423 2591 ὃ
443 2564 646 2599 συμϐουλεύσω.

128 2574 184 2635 (8g)
199 2599 242 2632 Τῷ
257 2599 414 2635 ἀντιϐῆναι
429 2599 469 2632 τῷ
485 2598 647 2635 Πνεύματέ
669 2598 700 2635 In
725 2597 790 2625 edit.
816 2597 878 2632 qui-

89 2633 207 2662 buétlam
233 2635 331 2670 legitur
352 2633 392 2670 τῷ
416 2634 596 2661 ἀντιϐαίνοντι
622 2633 771 2668 Πνεύματι,
799 2641 877 2668 quam

89 2670 223 2698 obnitente
236 2669 338 2704 Spiritu
357 2670 425 2696 male
445 2670 553 2696 vincere.

128 2705 184 2740 (84)
201 2702 275 2732 Alias
296 2704 418 2740 XXXIX.
439 2705 518 2740 Anno
537 2703 589 2740 375
610 2703 721 2740 scripta.
736 2702 874 2740 7151260;

88 2736 147 2777 Εἰῲ
157 2736 272 2777 ῥήτορι.
289 2739 357 2777 Cod.
375 2740 450 2767 Pass.
472 2739 618 2777 Φιλαγρίῳ,
640 2736 685 2765 Sic
703 2741 732 2777 et_
748 2736 872 2777 Cotnbcf.

88 2771 135 2802 λιι
148 2771 239 2810 quem,
259 2775 357 2808 inquit,
376 2780 401 2810 et
418 2782 471 2801 xxx
490 2771 635 2808 huic'péne
656 2773 780 2810 genuina.
807 2771 874 2810 vera

89 2807 180 2844 itaque
193 2810 248 2836 hazc
263 2807 366 2847 escort.
383 2809 445 2847 ling
463 2807 616 2847 inscriptio;
635 2807 682 2836 sed
701 2814 751 2847 nos
763 2815 812 2847 cur
823 2807 874 2841 ipsi

89 2843 312 2881 obtemperemus
325 2843 506 2873 Combélisius
519 2851 574 2872 non
593 2843 738 2878 persuadet
750 2850 757 2875 ;
770 2843 826 2869 imo
841 2849 875 2870 ne

928 2356 1030 2389 obstat,
1049 2355 1134 2390 quod,
1151 2356 1214 2382 licet
1238 2353 1355 2382 diversis
1370 2355 1549 2390 temporibus,
1564 2353 1712 2390 verisimile

930 2399 985 2418 non
1011 2389 1232 2425 sit’Gregorium
1257 2390 1352 2417 eadem
1379 2390 1476 2416 iterum
1494 2389 1630 2423 Philagrio
1646 2389 1714 2415 scri-

949 2434 1029 2453 SISSE.

930 2435 1088 2495 psigssfi'xaz
1113 2460 1185 2486 λίαν
1208 2458 1330 2495 πικρῶς.
1353 2458 1507 2495 Legendnm
1522 2458 1624 2495 vellent
1641 2464 1712 2495 non—

926 2496 993 2524 nulli
1009 2493 1057 2522 ’ναὶ
1077 2495 1148 2527 λίαν,
1173 2495 1215 2522 vel
1233 2494 1325 2525 κακῶς
1346 2494 1392 2529 καὶ
1411 2494 1471 2520 λίαν
1486 2493 1603 2529 πικρῶς,
1624 2493 1721 2528 κιίᾳιιει

926 2531 1079 2562 admodum,
1096 2530 1138 2556 vel
1156 2530 1226 2556 malo
1238 2535 1262 2556 et
1276 2528 1418 2555 admodum
1432 2528 1537 2555 acerbo.

961 2565 1016 2600 (86)
1037 2565 1282 2600 Τὸνσῳματικόν.
1303 2564 1368 2600 Cod.
1398 2562 1487 2595 Pass.,
1510 2564 1639 2600 lllontac.,
1656 2562 1718 2590 Μο-

926 2598 976 2628 ταῐ.
990 2598 1017 2627 et
1031 2598 1154 2627 Combef.
1173 2600 1218 2626 τὸν
1233 2598 1373 2634 caput-56v,
1388 2601 1412 2624 et
1421 2599 1572 2634 carnalem.

964 2635 1019 2670 (87)
1031 2634 1204 2669 Φθέγγομαι.
1221 2632 1289 2661 Cod.
1316 2633 1406 2664 Pass.,
1420 2633 1537 2661 Montac.
1549 2637 1576 2660 et
1587 2632 1714 2660 Combef.

951 2671 1091 2697 θέγξοιιαι.

930 2670 1091 2706 φθέγξομαι.

961 2706 1016 2741 (88)
1035 2704 1138 2741 Πλοῦς
1148 2703 1183 2730 ἐν
1200 2703 1296 2741 νυκῑῄ
1313 2703 1351 2730 lta
1368 2703 1429 2730 cod.
1449 2703 1567 2741 Pass._et
1583 2702 1709 2741 combef.

925 2737 1043 2768 ln'edit.
1062 2740 1090 2766 ὲν
1107 2740 1141 2774 τῇ
1163 2738 1250 2765 νυκτί.
1260 2737 1344 2774 ῨΜοκ.
1373 2740 1477 2774 πυρσὸς
1506 2738 1634 2774 οὐδαμοῦ.
1661 2737 1713 2764 Per

925 2778 980 2803 Ιιτιιι·
992 2774 1068 2802 verba
1080 2774 1185 2804 alludit,
1202 2774 1241 2801 sit
1259 2773 1364 2804 Billius,
1382 2773 1419 2800 ad
1434 2774 1503 2808 faces
1528 2773 1591 2800 illas
1606 2781 1663 2809 τρια·
1677 2780 1711 2800 σε

926 2810 1081 2838 sublimibus
1093 2809 1202 2844 speculis
1214 2809 1296 2836 lucem
1308 2809 1489 2844 navigantibus
1505 2809 1656 2837 ostendunt.
