1923 3053
113 135 165 163 157

772 137 940 165 EPISTOLA
960 137 1100 165 LXXXVI.
1681 142 1731 171 l58

113 195 144 221 τὸ
156 195 203 221 καὶ
217 203 347 230 γνωρισαι
359 204 384 235 in
409 198 551 233 επιστολῆς
563 198 638 234 ἡμῖν,
652 197 692 223 ὃτι
709 197 786 223 τοῦτο
798 199 892 228 ποιεῖς.

961 198 1093 229 ’rmterea,
1117 197 1189 231 quod
1217 202 1242 225 te
1268 198 1318 225 hoc
1333 198 1434 231 facere,
1457 199 1536 226 nobis
1560 207 1608 235 per
1627 201 1732 229 litteras

114 240 152 265 Τὸ
176 240 224 275 μὲν
245 239 299 275 γὰρ
323 240 361 276 τῷ
388 241 484 276 δικαίῳ
505 243 615 278 χαρίζῃ,
637 243 667 269 τὸ
686 243 713 269 δὲ
730 244 805 278 ἡμῖν.
828 243 897 269 Ἀλλ’

113 285 188 316 ὃπως
220 285 256 320 μὴ
286 286 447 323 ἀποκάμνῃς
470 289 537 322 ἡμῖν
560 289 607 314 καὶ
639 289 707 323 πρὸς
731 288 760 314 τὺ
778 288 841 322 ἐξῆς
867 286 896 314 εὖ

115 330 216 356 ποιῶν·
233 331 276 357 ἀεὶ
289 332 318 358 δέ
344 341 371 358 τι
383 333 488 367 φαίνοιο
502 335 534 368 τῇ
552 334 652 368 σπουδῇ
672 333 837 369 προστιθεὶς,
854 334 897 360 ἵνα

116 383 145 401 σε
158 376 206 402 καὶ
222 377 301 404 πλέον
313 377 350 413 (2)
372 378 565 413 θαυμάζωμεν.
586 379 614 406 ’0
631 379 658 405 δὲ
678 379 734 410 υἱὸς
748 380 897 414 Εὑφήμιος,

114 423 191 450 οὔπω
210 425 258 459 μὲν
270 425 412 460 πάρεστιν,
436 425 575 457 ὲλπίζεται
597 426 635 458 δὲ,
652 427 698 453 καὶ
717 425 794 459 οἶμαι
808 435 848 453 σοι
862 427 898 462 μὴ

114 469 213 496 πολλοῦ
231 471 311 497 πόνου
325 471 441 507 δεήσειν,
459 473 483 498 ει
499 471 687 506 παραγένοιτο.

357 612 418 638 ΠΔι.
441 612 486 647 το
502 612 593 648 arm
611 611 660 647 (δ).

947 242 1095 276 signiﬁces,
1120 241 1212 268 laudo.
1238 241 1308 269 Illud
1330 243 1402 269 enim
1419 243 1531 278 justitia:
1548 245 1655 276 tribuis,
1681 245 1733 272 hoc

947 287 1036 314 nobis.
1052 286 1153 314 Verum
1169 288 1224 314 noli
1240 288 1273 315 de
1287 289 1367 316 nobis
1380 289 1449 316 bene
1464 290 1592 317 merendo
1605 291 1732 325 deinceps

945 333 1108 368 del‘atigari;
1124 333 1172 360 sed
1198 337 1244 360 tuo
1260 341 1323 368 erga
1339 342 1389 361 nos
1412 335 1504 362 studio
1520 337 1660 363 cumulum
1680 337 1731 363 ali-

945 385 1026 413 quem
1049 378 1169 405 subinde
1185 377 1280 408 addas,
1298 386 1352 412 quo
1370 378 1501 412 majorem
1518 380 1557 406 tui
1573 381 1728 408 admiratio-

945 431 1007 450 nem
1024 423 1223 458 concipiamus.
1247 423 1332 450 Filius
1359 428 1450 450 autem
1476 425 1644 460 Eupliemius
1663 434 1732 454 non-

946 469 1010 496 dum
1028 469 1115 502 adest,
1131 468 1178 496 sed
1196 476 1259 504 spes
1275 463 1316 496 est
1332 477 1396 496 eum
1411 469 1486 496 brevi
1502 470 1649 498 aliuturum
1661 480 1668 504 ;
1681 480 1733 500 nec

946 521 1054 548 magno,
1075 518 1104 541 ut
1121 514 1229 549 opinor,
1253 514 1303 541 tibi
1321 514 1413 542 labore
1425 522 1494 550 opus
1517 516 1579 549 erit,
1599 516 1623 544 si
1639 524 1733 545 acces-

947 559 1023 586 serit.

1204 616 1346 645 LXXXIV.
1365 617 1480 647 EIDEM.

380 670 449 696 Petit
467 670 499 697 ab
517 671 611 706 Alypio
627 675 655 697 ut
672 669 830 705 Fortunato,
843 672 869 699 in
884 673 979 708 qaibus
994 674 1047 708 ipse
1064 674 1218 710 indiguerit,
1235 675 1385 702 consultum
1401 677 1469 702 velit.

151 726 360 761 Φουρτουνάτος,
386 727 400 753 ὁ
429 727 478 762 τὴν
499 727 642 763 ἐπιστολὴν
663 727 822 764 ἐγχειρίζων
846 738 897 761 σοι,

115 771 193 805 (pilo;
206 772 252 798 καὶ
264 772 362 803 οἰκεῖός
378 773 451 798 ἐστιν
465 772 501 808 (4)
513 773 645 809 ἡμέτερος
655 781 661 787 ·
680 774 743 800 εἰδὲ
758 775 799 801 δεῖ
816 783 899 810 προσ-

989 730 1166 764 Fortunatus,
1183 732 1228 767 qui
1242 732 1313 759 hanc
1329 732 1378 759 tibi
1394 732 1536 767 epistolam
1552 732 1650 765 reddit,
1667 732 1734 759 ami-

952 783 1001 804 cus
1025 781 1052 804 et
1076 777 1218 805 familiaris
1233 781 1326 805 noster
1346 781 1410 805 est:
1426 785 1467 810 ac,
1496 778 1518 806 si
1543 778 1644 812 aliquid
1666 785 1735 813 prae-

115 818 203 853 οήκης
224 818 306 850 τινὸς,
333 819 380 845 καὶ
395 819 516 851 διάκονος
546 819 600 846 τῶν
626 820 827 855 ἐπαινουμένων
848 821 896 856 (5).

962 829 1023 849 erea
1047 822 1201 850 addendum
1221 826 1273 855 est,
1289 823 1391 857 probus
1418 827 1445 850 et
1465 823 1544 850 laude
1561 824 1660 858 dignus
1677 824 1735 850 dia—

116 863 210 890 Ταῦτα
226 864 279 890 ἔδει
301 873 330 890 σε
348 865 443 900 μαθεῖν
464 866 528 901 παρ’
544 865 634 900 ἡμῶν.
647 866 735 893 Tam
749 867 778 893 δὲ
796 865 844 894 οἷδ’
858 868 899 894 ὅτι

116 909 194 943 παρὰ
223 910 334 936 σεαυτοῦ
361 911 533 946 προσθήσεις,
561 911 591 937 τὸ
619 912 726 943 οἰκείως
755 914 820 948 ὁρᾷν
851 913 897 940 τὸν

116 954 200 990 ἄνδρα
224 956 271 981 καὶ
300 955 494 991 κηδεμονικῶς,
516 957 546 982 ὲν
564 953 604 987 οἷς
626 956 658 983 ἂν
678 957 771 992 δέηται
784 959 833 994 τῆς
850 959 899 993 σῆς

116 1000 269 1032 εὐλαϐείας.
288 1001 331 1033 Ὠς
349 1002 363 1028 ὅ
375 1011 400 1028 τι
413 1001 445 1028 ἃν
468 1002 561 1029 τοῦτον
576 1000 605 1029 εὖ
618 1004 743 1039 ποιήσῃς,
756 1005 900 1041 εὐεργετή-

117 1055 172 1073 σων
188 1045 214 1073 εἷ
229 1048 302 1082 ἡμᾶς
320 1047 369 1083 (6).

363 1149 425 1176 ne.
442 1149 486 1184 Τῼ
500 1149 591 1184 arm
606 1149 655 1180 t7).

950 875 1046 894 conus.
1065 867 1128 895 Hmc
1146 872 1172 895 te
1186 876 1201 894 a
1217 869 1296 896 nobis
1314 869 1423 896 discere
1441 869 1594 904 oportebat.
1612 869 1671 895 Alia
1687 877 1735 895 au-

949 915 1014 944 tem,
1030 912 1096 947 quin
1115 921 1129 939 a
1147 913 1234 947 teipso
1258 914 1385 948 adjicias.
1406 921 1461 941 non
1484 914 1593 946 dubito;
1609 915 1661 941 hoc
1681 919 1734 947 est,

950 963 979 985 ut
995 966 1056 985 eum
1079 959 1211 986 benevolo
1227 960 1318 986 animo
1341 959 1507 994 conspicias,
1527 960 1619 994 eique,
1633 960 1735 995 quibus

949 1005 977 1031 in
999 1005 1083 1031 rebus
1098 1005 1198 1039 pietate
1222 1009 1267 1031 tua
1292 1009 1319 1032 el.
1335 1013 1385 1040 ope
1403 1005 1560 1040 indiguerit,
1581 1006 1734 1033 consultum

951 1050 1028 1077 velis.
1046 1050 1124 1077 Certe
1140 1050 1272 1085 quidquid
1296 1051 1324 1078 in
1346 1058 1407 1078 eum
1427 1051 1552 1078 beneﬁcii
1575 1051 1734 1084 contuleris,

952 1102 985 1122 eo
996 1102 1047 1122 nos
1061 1095 1208 1123 allecturus
1223 1104 1264 1123 es.

1209 1151 1340 1179 LXXXV.
1360 1151 1476 1180 EIDEM.

222 1202 307 1238 Rogat
323 1208 351 1230 ut
366 1203 512 1231 Lucianum
525 1205 605 1231 hilari
617 1205 692 1232 oculo
703 1204 828 1239 aspiciat,
844 1205 943 1241 ipsique
953 1214 1044 1233 curam
1060 1206 1152 1233 domus
1169 1213 1339 1242 cognatorum
1358 1216 1465 1234 suorum
1482 1207 1631 1235 demandet.

155 1261 300 1288 υΞκειωσαι
319 1262 353 1289 τὰ
376 1263 509 1298 ἡμέτερα,
528 1263 621 1298 ὥσπερ
637 1260 682 1290 οὖν
696 1263 742 1290 καὶ
759 1263 902 1299 προλαϐὼν

117 1306 261 1338 οἰκειώσω,
273 1309 320 1334 καὶ
331 1308 364 1334 δι’
381 1308 469 1344 ἔργων
487 1309 566 1335 τοῦτο
587 1309 749 1344 δεδήλωκας.
768 1308 903 1345 Οἰκειὼσῃ

117 1351 157 1382 δὲ,
186 1353 231 1378 τὸν
258 1353 397 1388 ἀγαπητὸν
429 1353 558 1388 ἀδελφὺν,
586 1355 632 1380 καὶ
665 1354 903 1390 συμπρεσὸύτερον

119 1397 198 1432 ήμῶν
210 1399 367 1433 Λουκιανὺν,
379 1399 414 1426 τά
431 1408 461 1425 τε
480 1400 547 1427 ἄλλα
561 1400 645 1435 ἡδέως
663 1401 728 1436 ὁρᾷν
743 1400 836 1434 ἀξιῶν,
855 1401 902 1427 καὶ

119 1443 343 1478 προτρεψάμενος
369 1444 498 1479 κήδεσθαι
518 1445 568 1479 τῆς
587 1445 680 1472 αὐτόοι
694 1445 748 1473 τῶν
764 1445 902 1480 συγγενῶν

119 1488 199 1523 ἡμῶν
211 1489 299 1520 οἰκίας
308 1498 314 1504 ·
328 1490 420 1525 ἐπειδὴ
433 1491 480 1517 σὺν
490 1491 550 1526 Θεῷ
561 1491 607 1517 καὶ
614 1491 647 1517 τὰ
657 1492 806 1527 πράγματα
817 1492 903 1528 πέρας

986 1264 1040 1291 Res
1050 1269 1158 1291 nostras
1171 1264 1345 1298 amplectere,
1362 1269 1478 1299 tuasque
1491 1264 1630 1295 existima,
1642 1271 1738 1299 quem-

952 1309 1098 1336 admodum
1115 1313 1142 1336 et
1158 1309 1235 1344 prius
1250 1309 1391 1343 amplexus
1408 1317 1449 1341 es,
1467 1309 1549 1343 idque
1563 1317 1593 1336 re
1605 1309 1663 1344 ipsa
1677 1317 1738 1343 per-

952 1355 1077 1389 spicuum
1105 1354 1207 1382 fecisti.
1230 1354 1412 1389 Amplecteris
1436 1358 1538 1386 autem,
1563 1354 1585 1381 si
1609 1354 1737 1382 dilectum

954 1400 1065 1427 fratrem
1091 1404 1118 1426 et
1140 1400 1392 1434 compresbyterum
1425 1403 1548 1427 nostrum
1575 1400 1738 1432 Lucianum,

955 1453 1015 1472 cum
1031 1444 1137 1471 caeteris
1154 1445 1182 1471 in
1198 1445 1280 1472 rebus
1299 1444 1359 1471 laeto
1378 1448 1460 1478 atque
1474 1444 1552 1471 hilari
1568 1445 1648 1471 oculo
1665 1445 1740 1479 aspi-

955 1490 1022 1523 cias,
1042 1495 1097 1517 tum
1120 1497 1184 1516 eum
1201 1497 1312 1517 moneas
1331 1495 1357 1516 et
1373 1489 1503 1521 horteris,
1524 1494 1552 1516 ut
1568 1489 1666 1516 domus
1690 1497 1738 1516 co-

120 1533 199 1560 ξλαόε
216 1534 311 1567 δεξιὸν,
331 1536 456 1572 κρίσειτε
465 1537 587 1573 ἡμετέρᾳ
602 1537 639 1572 (8)
658 1538 704 1564 καὶ
715 1537 902 1574 φιλανθρωπίᾳ

961 1540 1098 1570 gnatorum
1114 1541 1282 1566 nostrorum,
1305 1542 1367 1570 qua:
1383 1535 1438 1562 illic
1455 1540 1506 1568 est,
1526 1542 1619 1562 curam
1641 1539 1738 1568 gerat:

121 1578 168 1606 τοῦ
180 1580 351 1615 Κρείττονος.

368 1737 438 1772 Πςν.
455 1738 498 1774 To
511 1738 602 1774 ΑΥΤῼ
612 1739 660 1774 (9).

956 1580 1176 1616 quandoquidem
1192 1581 1280 1608 divini
1300 1581 1421 1608 numinis
1438 1580 1531 1608 favore
1554 1581 1663 1615 negotia
1676 1589 1739 1616 pro-

957 1634 1066 1661 sperum
1090 1627 1169 1654 linem
1192 1626 1364 1660 habuerunt;
1385 1626 1458 1661 quod
1477 1631 1533 1653 tum
1556 1627 1591 1653 ob
1614 1631 1738 1654 nostrum

954 1671 1099 1707 judicium,
1119 1676 1174 1699 tum
1190 1672 1224 1699 ob
1237 1671 1283 1699 Dei
1300 1672 1493 1707 benignitatem
1510 1672 1634 1708 contigit.

1169 1739 1221 1773 75
1244 1738 1386 1766 LXXXVI.
1413 1738 1527 1766 EIDEM.

408 1796 530 1831 Alypium
546 1805 644 1823 necnon
653 1801 677 1823 et
692 1805 808 1824 sororem
824 1797 858 1823 ad
872 1801 958 1824 vatum
970 1801 994 1824 et
1008 1797 1182 1830 precationem
1200 1798 1295 1824 invitat
1309 1797 1460 1832 Gregorius.

159 1849 210 1878 Οἷα
237 1854 377 1887 τυραννεῖς
405 1855 478 1889 ἡμᾶς
500 1855 531 1881 ἐκ
547 1855 908 1891 φιλίαςῐΔιακινεῖταιήμῖν

120 1890 155 1924 ¹τὸ
179 1898 268 1933 δόγμα
294 1900 324 1924 τὸ
347 1900 410 1935 περὶ
434 1901 483 1933 τὰς
506 1901 601 1936 εὐχάς·
618 1901 665 1927 καὶ
684 1901 745 1932 τοὺς
768 1890 909 1936 χλαινοξρό-

127 1952 189 1979 ρους
219 1945 274 1980 (10)
302 1946 473 1981 ἐγκρίνομεν.
503 1946 586 1973 Οὔπω
607 1947 655 1982 μὲν
672 1938 798 1973 τοσοῦτον
819 1955 908 1982 παρα-

125 1991 270 2026 νομοῦντες
285 1991 352 2026 (Η),
367 1992 428 2019 ὅσον
442 1993 556 2019 οἱδεινο)¹
574 1993 608 2020 τὰ
624 1993 742 2028 ἐρωτικὰ
766 1993 830 2029 παρ’
847 1993 910 2020 Ἐλ-

125 2034 215 2070 λησιν.
239 2037 276 2061 Οὐ
298 2036 352 2070 γὰρ
373 2035 467 2063 θύουσι
491 2037 580 2072 μόνον,
606 2037 644 2069 ὡς
666 2037 735 2072 Θεῷ,
758 2036 796 2072 τῷ
816 2036 907 2069 πάθει,

126 2080 195 2106 ἀλλὰ
220 2081 267 2107 καὶ
290 2083 345 2113 τοῖς
357 2082 447 2117 ὅρκοις
464 2082 519 2117 (12)
536 2082 701 2118 συγγνώμην
711 2082 832 2117 νέμουσι,
852 2084 908 2113 τοῖς

127 2127 160 2153 δι’
173 2127 270 2162 ἔρωτα.
297 2128 329 2154 Εἰ
348 2128 376 2154 δέ
390 2137 416 2154 τι
432 2128 478 2154 καὶ
496 2128 550 2163 (15)
571 2127 792 2163 παρανομοιῖμεν,
809 2128 849 2154 ὅτι
866 2127 909 2153 διὰ

994 1854 1070 1882 lleul
1096 1862 1177 1890 quam
1203 1855 1282 1882 nobis
1304 1863 1337 1882 ex
1360 1855 1481 1882 amicitia
1505 1854 1558 1882 vim
1582 1853 1683 1881 infers!
1705 1853 1740 1879 [Μ’

958 1901 1030 1928 votis
1048 1908 1079 1927 ac
1096 1901 1224 1935 precibus
1241 1901 1322 1928 nobis
1346 1901 1442 1935 dogma
1464 1905 1587 1927 movetur
1601 1909 1607 1926 :
1622 1904 1648 1927 et
1665 1900 1728 1935 palu

957 1945 1036 1974 datos
1054 1946 1235 1974 admittimus.
1253 1946 1311 1979 Qua
1334 1951 1425 1973 tamen
1443 1947 1469 1973 in
1489 1954 1518 1973 re
1536 1953 1590 1973 non
1606 1951 1659 1972 tam
1681 1953 1734 1980 gra-

958 1992 1028 2019 viter
1048 1999 1212 2027 peccamus,
1239 2000 1321 2027 quam
1349 1993 1395 2027 qui
1417 1992 1488 2028 apud
1517 1992 1630 2026 gentiles
1650 1999 1741 2019 rerum

959 2037 1154 2064 amatoriarum
1176 2039 1254 2073 periti
1271 2041 1345 2065 sunt.
1360 2037 1429 2064 Nam
1452 2038 1491 2064 illi
1504 2045 1558 2064 non
1582 2037 1662 2064 modo
1679 2037 1741 2064 hui:

961 2082 1082 2115 aﬂ'ectui,
1100 2087 1230 2118 tanquam
1244 2083 1309 2115 Deo,
1328 2090 1404 2110 sacra
1421 2082 1537 2115 faciunt,
1553 2090 1647 2110 verum
1661 2083 1742 2109 etiam

961 2129 1089 2163 perjuriis
1110 2129 1145 2156 ob
1169 2136 1290 2156 amorem
1316 2129 1456 2164 conceptis
1476 2129 1583 2156 veniam
1609 2128 1742 2156 tribuunt.

128 2172 218 2207 φίλιαν
244 2173 396 2209 πάσχομεν,
423 2173 502 2200 τοῦτο
526 2174 576 2208 οὐχ
600 2173 811 2208 ἁμαρτάνοντες.
840 2170 905 2199 ⁷Ηκε

963 2174 1041 2207 Quod
1064 2175 1088 2202 si
1110 2175 1175 2210 quid
1199 2175 1279 2202 etiam
1301 2174 1495 2210 delinquimus,
1517 2180 1608 2201 tamen
1630 2173 1694 2208 quia
1709 2173 1742 2200 ob

129 2297 137 2302 _
166 2262 204 2296 (Ξ)
217 2262 278 2289 Ἵνα
292 2270 328 2289 σε
343 2263 391 2289 καὶ
402 2263 505 2290 πλέον.
521 2262 588 2291 Cod.
600 2262 666 2298 Reg.
683 2263 725 2289 ἴνα
742 2271 771 2289 σε
785 2262 832 2289 καὶ
846 2262 912 2298 μᾶλ-

131 2305 175 2323 Λον
180 2318 185 2323 .

178 2332 205 2370 ξ)
221 2332 373 2370 ᾼξίδξῼῐλ).
393 2331 499 2370 Scripta
513 2332 606 2370 eodem
623 2336 753 2370 tempore.

178 2366 205 2399 4)
222 2366 334 2399 Οὶκεῖός
346 2368 431 2393 ἐστιν
456 2366 483 2393 In
500 2367 564 2394 edit.
580 2367 656 2393 deest
671 2368 755 2393 ἐστιν.

167 2401 205 2436 (5)
223 2401 362 2434 Διάκονος
372 2401 430 2436 τῶν
442 2402 673 2436 ἐπαινουμένων.
684 2401 787 2428 Probus
801 2406 825 2428 et
836 2400 913 2428 laude

131 2436 227 2470 dignus
248 2436 383 2463 diaronus.
405 2435 450 2463 Sic
478 2437 558 2463 etiam
581 2437 712 2463 intellexit
738 2437 911 2468 Tillemont.;

131 2474 250 2497 attamen
266 2478 355 2497 nonne
369 2473 459 2506 potius
476 2481 482 2498 :
496 2471 591 2498 Rerum
606 2471 643 2498 vel
653 2479 822 2506 personarum
837 2471 913 2498 laude

131 2506 271 2540 dignarum
285 2507 404 2533 minister
413 2507 426 2532 Ρ

169 2540 206 2575 (6)
218 2541 429 2574 Εὐεργετήσων
445 2541 473 2567 εἴ
482 2541 569 2576 ἡμᾶς.
583 2541 621 2568 lla
635 2541 695 2568 cod.
708 2544 735 2568 ct
745 2541 866 2568 Combel.
884 2541 913 2567 ln

133 2575 199 2602 edit.
229 2576 417 2610 εὐεργετήσεις
431 2575 513 2610 ἡμᾶς)
525 2577 597 2610 quod
608 2575 669 2602 Bill.
681 2583 710 2602 eo
723 2584 769 2603 nos
785 2576 913 2610 olfeceris.

169 2610 208 2644 (7)
228 2610 302 2637 Alias
315 2610 391 2637 CLII.
407 2610 512 2644 Scripta
528 2612 622 2638 eodem
635 2615 766 2645 tempore.

171 2645 208 2681 (8)
223 2645 327 2681 Kplqsz
343 2654 373 2671 τε
389 2646 526 2679 ἡμετέρᾳ.
544 2645 696 2681 Legendum
713 2646 838 2680 proponit
852 2645 913 2673 Bill.

135 2680 224 2715 κρίσει
235 2688 268 2715 ντε
282 2680 413 2715 ὑμετέρᾳ,
425 2686 478 2706 tum
493 2683 524 2707 ob
533 2680 646 2707 vestrum
660 2681 801 2715 judicium.

183 2714 210 2747 9)
226 2708 306 2750 Alias.
316 2708 372 2741 Cl...
385 2708 491 2749 Scripta
507 2716 600 2742 eodem
615 2708 745 2750 tempore.

184 2749 227 2784 10)
245 2749 317 2782 Τοὺς
330 2751 558 2784 χλιιινοφόρους.
572 2749 683 2782 Χλαῖνα,
702 2758 806 2778 summa
832 2750 916 2777 vestis

136 2789 178 2820 est
193 2792 253 2818 qum
276 2792 324 2818 pro
343 2789 465 2820 tempore
481 2786 597 2812 sumitur
611 2785 644 2811 ad
665 2790 769 2815 ventos.
786 2785 915 2820 pluviam.

139 2818 259 2854 lrigusve
272 2819 471 2854 depellendum.
489 2820 557 2848 Hinc
571 2828 637 2848 sane
654 2818 842 2855 χλαινοφὸρους
857 2820 916 2847 red-

962 2263 1001 2291 dit
1020 2262 1155 2294 Combel.,
1171 2263 1216 2298 qui
1231 2262 1326 2290 lienam
1347 2266 1455 2299 gestent.
1479 2261 1554 2299 Quod
1569 2260 1686 2299 frigoris,
1703 2260 1745 2299 in-

962 2299 1030 2333 quit,
1056 2296 1238 2332 ventorumque
1266 2296 1441 2333 ἀμυντήριος,
1468 2296 1641 2333 superinjecta
1666 2296 1742 2321 vestis

962 2331 1087 2363 irassior.
1108 2331 1206 2359 allusio
1222 2333 1255 2359 ait
1271 2331 1303 2358 ad
1318 2331 1436 2361 hiemem.
1460 2339 1504 2364 per
1517 2331 1591 2365 cujus
1605 2334 1743 2365 tempesta:

964 2373 1024 2399 tem,
1040 2368 1078 2394 rel
1090 2376 1121 2394 ea
1143 2376 1195 2394 non
1214 2368 1280 2394 satis
1299 2367 1401 2398 sedata,
1417 2363 1526 2401 Alypius
1544 2363 1558 2392 ἐι
1574 2363 1697 2399 Gregorio
1709 2363 1743 2389 ad

963 2403 1058 2437 festum
1072 2408 1180 2436 votaque
1191 2403 1325 2433 invitetur,
1343 2402 1396 2437 sive
1404 2402 1459 2435 ipse
1469 2402 1554 2434 potius
1567 2401 1638 2437 ultro
1653 2407 1746 2437 accur-

964 2434 1016 2464 rat.
1040 2434 1189 2473 Estrctiam
1207 2434 1455 2473 xkaivarquoddam
1471 2443 1555 2470 genus
1571 2435 1655 2462 vestis
1674 2434 1744 2473 mili-

964 2473 1042 2504 taris,
1060 2472 1102 2499 vel
1118 2472 1294 2505 magistratus
1306 2471 1422 2505 insigne,
1439 2478 1493 2504 quo
1508 2477 1589 2496 sensu
1606 2471 1746 2503 accepisse

963 2507 1071 2534 videtur
1086 2507 1148 2533 Bill.
1164 2504 1280 2538 Quinam
1304 2506 1338 2533 sit
1358 2504 1492 2540 genuinus
1513 2504 1634 2538 epistolae
1648 2511 1746 2540 sensus

964 2549 1019 2569 non
1039 2541 1105 2569 satis
1123 2541 1216 2575 liquet,
1230 2548 1346 2574 eamque
1359 2540 1460 2566 claram
1478 2539 1569 2566 minus
1587 2546 1619 2565 ac
1630 2539 1746 2565 nitidam

964 2585 1020 2604 non
1037 2576 1172 2602 immerito
1186 2575 1309 2602 dixerim.

1002 2611 1059 2646 (ll)
1086 2609 1340 2646 Παρανομοῦντες.
1369 2609 1485 2637 Montac.
1515 2607 1745 2644 παρανομοῦνται,

967 2646 1028 2674 Non
1047 2650 1100 2672 tam
1116 2645 1229 2679 graviter
1244 2649 1360 2678 peccant.

1002 2680 1056 2714 (l2)
1075 2677 1138 2712 Τοῖς
1159 2677 1266 2713 ὅρκοις,
1282 2680 1415 2714 perjuriis.
1435 2689 1444 2704 ε
1462 2678 1592 2712 Nimium,
1613 2678 1650 2705 ait
1665 2677 1747 2705 Com-

966 2716 1021 2743 δεῖ.
1038 2715 1131 2742 Melius
1142 2714 1310 2748 juramentis.
1333 2724 1342 2740 υ

1003 2750 1059 2786 (l5)
1077 2751 1111 2777 El
1125 2746 1158 2776 δέ
1172 2749 1281 2786 φιλίαι.
1299 2748 1336 2776 lta
1354 2750 1426 2777 cod.’
1443 2750 1508 2786 Reg.
1524 2756 1556 2776 ac
1576 2747 1698 2786 qombel‘.
1717 2746 1746 2773 ln

966 2786 1032 2813 edit.
1048 2783 1123 2812 deest
1134 2784 1190 2810 καί.
1206 2783 1277 2821 Illos,
1290 2792 1339 2819 pro
1354 2783 1573 2821 παρανομὸὗμεν,
1589 2783 1706 2811 lliontac.
1720 2785 1750 2809 et.

968 2821 1060 2848 Morel.
1079 2819 1290 2855 παρανομοῦσιν.
