1923 3053
81 163 137 191 165

788 163 839 191 EPI
846 164 957 192 STOLA
977 164 1058 193 XCII.

1662 165 1714 192 166

81 231 180 257 σομεν.
200 222 277 248 Ἔστι
296 222 324 248 δὲ
349 222 394 248 καὶ
417 222 496 248 τοῦτο
512 222 566 257 (47)
585 222 712 254 ἐπιεικῶς
733 224 869 258 συμφορᾶς

930 230 1039 254 vexare,
1057 229 1100 254 ac,
1130 222 1230 257 quibus
1258 226 1384 259 possunt,
1411 222 1592 250 incommodis
1608 222 1715 251 allicere

81 268 243 299 ἐλάττωσις.

924 276 979 296 non
1004 268 1144 295 desinunt.
1168 269 1203 294 At
1223 273 1251 296 tu
1270 277 1284 296 a
1306 269 1360 296 Deo
1384 270 1510 304 precibus
1536 272 1612 304 pete.
1633 273 1661 295 ut
1684 277 1714 296 se

80 315 232 349 propitium
247 314 325 341 nobis
349 319 376 341 et
395 314 533 349 placidum
549 314 683 349 praebeat.
710 314 750 341 Ita
766 313 883 341 duorum
914 315 1029 341 alterum
1071 315 1221 349 continget,
1249 322 1346 349 nempe
1368 319 1398 342 ut
1423 315 1464 342 vel
1481 314 1530 341 has
1552 315 1715 344 acerbitates

79 362 197 389 utimino
220 361 372 397 fugiamus,
388 362 430 389 vel
445 365 519 389 certe
531 362 704 396 perferamus
721 371 727 388 :
743 368 804 396 qua:
826 369 871 388 res
892 362 972 396 plane
987 366 1070 388 etiam
1087 369 1216 388 aerumna:
1234 361 1390 389 imminutio
1401 365 1453 389 est.

80 441 142 473 ιιΑι.
168 439 354 501 ΝΕΚΤΛΡΙίῖἼ
372 439 631 474 ΑΡΧΙΕΠΙΣΚΟΠῼ
657 440 872 466 ΚΩΝΣΤΑΝΤΙ-

357 473 538 501 ΟΥΠοΛΕΩΣ
555 475 622 501 (48).

357 473 538 501 ΟΥΠοΛΕΩΣ
555 473 622 509 (48)ζ

927 438 995 466 XCI.
1022 438 1197 466 NECTARIO
1231 438 1503 466 ARCHIEPISCOPO
1536 438 1712 467 CONSTAN-

1224 473 1415 501 TlNOPOLlS.

116 552 238 579 Alteram
253 552 320 579 hanc
332 551 366 578 ad
384 551 536 578 Nectarium
549 552 689 586 epistolam
700 552 831 585 hucusque
845 551 1010 587 distulimus,
1023 551 1093 586 quod
1109 551 1142 577 ad
1154 559 1212 578 eum
1227 551 1326 579 scribat
1342 561 1369 579 se
1379 551 1484 583 morbo,
1499 560 1548 586 quo
1559 552 1585 579 in
1597 552 1706 587 superia-

79 587 156 614 ribus
180 587 276 614 litteris
300 596 327 614 se
351 588 441 614 vexari
457 587 636 622 signiﬁcabat,
660 591 792 622 utcunque
807 592 965 614 recreatum.
988 586 1029 612 Ea:
1051 587 1093 614 his
1118 592 1205 613 autem
1229 588 1325 614 litteris
1347 587 1493 622 intelligas,
1518 587 1608 620 lector,
1629 586 1712 622 quam

81 623 170 649 amico
190 623 218 649 in
241 631 415 649 successorem
441 621 517 649 suum
529 621 623 649 animo
649 622 729 656 fuerit
751 621 905 657 Gregorius,
927 622 971 656 qui
990 621 1023 648 ad
1042 629 1101 648 eum
1126 622 1197 648 ultro
1219 622 1320 654 scribit,
1344 623 1418 656 eique
1436 621 1510 648 alios
1530 622 1712 653 commendat;

80 658 151 691 quod
169 658 296 693 profecto,
309 663 337 684 ut
351 657 447 684 Billius
463 657 594 689 observat,
612 657 716 692 ingenui
728 662 752 684 et
768 657 876 684 candidi
891 657 1004 683 hominis
1021 661 1070 690 est,
1092 665 1137 683 nec
1152 657 1209 684 ulla
1231 657 1415 684 malevolentia
1436 657 1585 691 invidiaque
1602 657 1711 692 suffusi.

117 736 155 762 Τὸ
175 736 222 772 μὲν
247 735 307 763 καθ’
334 737 408 771 ἡμας
432 735 499 771 ἔχει,
516 736 553 766 ὡς
567 735 641 771 ἔχει’
666 735 729 762 ἄνευ
755 736 872 772 πολέμου

82 782 129 808 καὶ
153 782 324 817 πραγμάτων
351 781 514 817 καθήμεθα,
535 783 639 818 σιωπῆς
663 782 804 809 ἀκίνδυνον
825 782 872 816 γέ-

83 835 133 861 ρας
151 825 207 862 (ιθ)
232 826 291 852 ἀντὶ
315 826 422 853 πάντων
441 828 613 862 τιμήσαντες.
633 827 687 853 Καί
708 836 734 853 τι
753 827 801 853 καὶ
817 826 873 863 (50)

81 872 213 907 ὠνάμεθα
229 873 279 908 τῆς
298 872 422 908 ἡσυχίας,
437 872 504 907 ἐλέῳ
520 871 588 899 Θεοῦ
611 873 709 904 ἱκανῶς
720 873 770 908 τῆς
782 874 872 909 ἀρρω-

83 917 160 948 στίας
177 917 376 950 ἀνενεγκόντες.
392 917 427 943 Σὺ
439 917 466 943 δὲ
477 916 640 944 κατευοδοῦ
656 917 706 943 καὶ
711 917 872 950 ﬂow/Jews,

81 964 120 995 ὡς
133 964 147 989 ὁ
164 963 234 995 θεῖος
252 963 332 989 Δαϐίδ
356 972 439 999 φησι·
461 963 508 990 καί
523 972 563 990 σοι
581 963 717 990 συνδιέποι
734 963 783 998 τὴν
799 964 875 998 ἱερω-

83 1010 167 1045 σύνην
180 1011 193 1037 ό
209 1010 327 1045 τιμήσας
346 1010 421 1042 Θεὸς,
439 1010 529 1045 πάσης
556 1009 686 1046 ἐπηρείας
704 1009 873 1045 ὑψηλοτέραν

80 1055 183 1090 ταύτην
206 1054 395 1090 χαριζόμενος.
409 1055 468 1081 Ἵνα
491 1055 519 1081 δὲ
546 1055 591 1081 τοῦ
619 1054 729 1091 θαρρεῖν
748 1054 873 1090 ἀλλήλοις

80 1100 217 1133 ἀπὸδειξιν
234 1100 332 1135 δῶμεν,
354 1101 399 1127 καὶ
417 1102 453 1136 μή
476 1109 503 1127 τι
527 1101 677 1136 πάσχωμεν
703 1100 872 1136 ἀνθρώπινον

80 1147 140 1182 Θεῷ
156 1147 363 1182 παριστάμενοι,
390 1147 445 1181 ἐγὼ
471 1147 520 1183 μὲν
541 1147 626 1174 ταῦτα
647 1147 790 1183 πρεσϐεύω
805 1148 873 1183 πρὸς

81 1192 120 1224 σὲ,
135 1193 167 1218 σὺ
183 1193 212 1219 δέ
229 1202 272 1227 μοι
286 1192 433 1228 προθύμως
451 1193 602 1220 ἐπίνευσον.
619 1194 672 1220 Τοῦ
686 1195 872 1229 γνησιωτάτου

80 1238 160 1273 ἡμῶν
176 1239 349 1274 Παγκρατίου
374 1240 521 1275 κηδόμεθα,
544 1239 648 1267 πολλῶν
669 1240 762 1267 ἕνεκεν
787 1241 873 1275 ἀναγ-

79 1286 166 1317 καίως
184 1285 262 1312 τοῦτο
279 1286 426 1317 ποιοῦντες.
441 1285 541 1313 Τοῦτον
555 1287 601 1313 καὶ
613 1287 773 1322 προσίεσθαι
792 1287 872 1322 Θέληο

80 1340 126 1358 σον
140 1331 273 1367 εὐμενῶς,
289 1332 336 1359 καὶ
351 1332 482 1367 συστῆσαι
497 1332 551 1359 τῶν
568 1333 652 1367 φίλων
666 1334 721 1364 τοῖς
736 1333 874 1359 σπουδαιο-

80 1376 170 1412 τέροις
188 1376 254 1412 (51),
268 1376 338 1404 ὥστε
361 1377 408 1403 τοῦ
427 1377 528 1404 σκοποῦ
547 1379 648 1413 τυχεῖν.
669 1378 697 1404 '0
714 1378 742 1404 δὲ
761 1378 871 1410 σκοπὸς,

81 1422 211 1457 στρατείᾳ
239 1423 292 1449 τινὶ
324 1423 373 1458 τὴν
410 1423 628 1459 ἀπραγμοσύνην
663 1423 771 1450 λαϐεῖν·
810 1425 872 1451 ἐπεὶ

81 1467 150 1502 μηδὲ
165 1467 221 1503 (52)
235 1465 276 1499 εἷς
303 1468 358 1503 βίος
381 1469 584 1504 ἀνεπηρέαστος
611 1471 667 1501 τοῖς
691 1471 832 1505 πονηροῖς,
858 1470 872 1497 ὂ

81 1513 129 1539 καὶ
144 1513 224 1546 αὐτὸς
238 1514 392 1548 γινώσκεις.

960 734 1014 763 Res
1027 739 1128 763 nostrm
1149 743 1178 763 se
1202 735 1313 767 habent,
1333 740 1363 762 ut
1379 735 1480 763 habent
1499 745 1505 763 :
1524 736 1583 764 sine
1600 736 1672 764 bello
1685 739 1713 772 et

925 781 1042 816 negotiis
1059 781 1197 814 sedemus,
1219 781 1320 808 silentii
1345 781 1486 816 pt'azmium
1505 781 1540 808 ab
1554 782 1626 808 omni
1642 782 1712 816 peri-

923 827 985 855 culo
996 835 1112 854 vacuum
1126 827 1254 854 omnibus
1266 827 1348 854 rebus
1364 830 1572 862 anteponentes.
1586 826 1657 859 Quin
1678 835 1711 854 ex

925 874 976 900 hac
995 873 1075 900 etiam
1103 873 1195 908 quiete
1209 873 1333 900 nonnihil
1356 872 1464 900 fructus
1479 873 1612 908 cepimus,
1632 873 1712 900 nimi-

924 927 984 947 rum
1016 927 1049 947 ex
1078 919 1174 946 morbo
1197 918 1244 946 Dei
1275 918 1467 946 misericordia
1501 924 1640 954 utcunque
1667 926 1713 946 re-

924 966 1020 993 creati.
1043 965 1084 992 Tu
1105 973 1170 993 vero
1196 972 1319 999 prospere
1345 964 1434 992 incede
1456 969 1481 991 et
1511 973 1590 1000 regna
1619 965 1653 997 ³⁸,
1681 968 1712 991 ut

924 1009 1034 1037 Davidis
1048 1010 1140 1037 verbis
1160 1013 1243 1036 utar:
1262 1017 1293 1035 ac
1319 1009 1389 1037 Deus
1414 1010 1597 1037 sacerdotium
1624 1009 1710 1042 istud,

924 1063 978 1092 quo
992 1059 1019 1083 te
1032 1056 1150 1088 ornavit,
1169 1059 1260 1083 tecum
1284 1055 1433 1091 gubernet,
1457 1055 1511 1090 79
1535 1060 1616 1091 atque
1637 1056 1712 1083 omni

924 1102 1061 1129 calumnia
1082 1105 1109 1128 ct
1128 1101 1274 1128 vexatione
1289 1102 1434 1129 sublimius
1457 1103 1586 1137 prebeat.
1608 1101 1643 1129 Ut
1661 1109 1711 1129 au-

924 1151 977 1174 tem
993 1152 1094 1174 mutua:
1110 1147 1240 1182 utrinque
1263 1147 1368 1174 ﬁducia:
1391 1152 1582 1183 argumentum
1601 1148 1710 1179 demus,

923 1201 985 1226 nec,
1008 1201 1070 1220 cum
1094 1193 1150 1221 Deo
1178 1197 1311 1226 astemus,
1333 1193 1454 1221 humano
1473 1194 1589 1229 quodam
1612 1193 1711 1221 aliectu

923 1241 1065 1274 ducamur,
1094 1241 1164 1267 hanc
1186 1241 1296 1275 quidem
1324 1241 1543 1276 deprecationem
1564 1241 1597 1269 ad
1615 1245 1642 1268 te
1671 1241 1711 1268 af—

924 1287 993 1320 fero,
1018 1292 1047 1314 tu
1072 1295 1136 1314 vero
1161 1290 1287 1322 prompte
1308 1292 1335 1314 et
1358 1287 1474 1314 libenter
1496 1295 1596 1314 annue.
1620 1287 1711 1314 Multa:

923 1341 974 1361 nos
1001 1341 1092 1361 causze
1114 1333 1272 1361 necessario
1300 1333 1442 1368 impellunt
1465 1337 1495 1360 ut
1521 1333 1709 1361 sincerissimo

923 1384 1017 1408 nostro
1039 1380 1094 1407 ﬁlio
1118 1379 1262 1407 Pancratio
1282 1379 1438 1406 consultum
1464 1379 1590 1407 velimus.
1606 1378 1710 1412 Quam-

923 1426 1017 1453 obrem
1032 1433 1048 1452 a
1071 1430 1096 1453 te
1116 1429 1188 1460 peto,
1204 1428 1234 1452 ut
1248 1429 1274 1452 et
1290 1425 1407 1460 benigno
1423 1433 1484 1452 eum
1503 1425 1594 1452 animo
1609 1425 1710 1452 admit—

924 1477 977 1504 tas,
1007 1476 1034 1500 et
1056 1471 1159 1506 optimo
1175 1471 1275 1505 cuique
1296 1470 1448 1498 amicorum
1473 1471 1659 1504 commendes,
1681 1475 1710 1498 ut

923 1524 1036 1550 scopum
1054 1524 1128 1549 eum,
1145 1523 1224 1551 quem
1247 1516 1298 1543 sibi
1315 1517 1454 1550 proponit,
1473 1520 1647 1551 assequatur.
1662 1515 1710 1543 Est

81 1563 173 1586 autem
190 1559 235 1586 hic
250 1566 361 1594 scopus,
390 1563 421 1586 ut
436 1567 484 1594 per
509 1560 646 1595 quoddam
674 1561 780 1589 militia:
802 1571 888 1598 genus
916 1564 1120 1591 immunitatem
1148 1569 1164 1589 a
1188 1562 1307 1598 negotiis
1331 1562 1459 1596 accipiat,
1488 1562 1708 1597 quandoquidem

80 1613 114 1632 ne
145 1613 230 1641 genus
255 1604 364 1642 quidem
389 1605 452 1633 vitae
480 1606 567 1633 ullum
596 1610 638 1634 est
663 1607 696 1635 ab
723 1609 909 1644 improborum
951 1609 1052 1645 injuria
1086 1607 1225 1640 liberum,
1255 1606 1484 1642 quemadmodum
1506 1607 1564 1643 ipse
1598 1614 1709 1642 quoque

80 1653 164 1680 nosti.

310 1709 367 1743 ιβ’.
388 1710 546 1746 ΦῐΛΑΓΡιῼ
570 1711 635 1746 (55).

1166 1709 1248 1738 XCII.
1270 1709 1464 1739 PHILAGRIO.

115 1769 156 1795 Ad
169 1776 268 1807 annum
350 1769 478 1807 pertinent
495 1770 692 1807 aliwepislola’.
707 1780 773 1807 quas
786 1773 879 1799 amicis
901 1773 956 1800 suis
973 1771 1079 1805 scripsit
1101 1770 1242 1807 Gregorius
1256 1789 1263 1801 ,
1290 1778 1349 1796 cum
1371 1773 1430 1807 post
1454 1767 1604 1807 abdicatam
1621 1769 1707 1807 sedem

81 1803 411 1837 Canstantinopalitanam,
430 1803 566 1832 Nazianzi
578 1803 734 1834 versaretur.
753 1807 819 1834 Cum
835 1813 922 1835 autem
935 1807 989 1834 illa:
1003 1803 1098 1834 littera:
1114 1803 1182 1832 nihil
1196 1805 1318 1836 habeant,
1340 1804 1409 1831 unde
1428 1812 1518 1830 earum
1533 1804 1651 1831 ordinem
1665 1806 1707 1832 in-

81 1844 119 1865 ter
134 1847 189 1866 sese
203 1839 334 1873 possimus
352 1844 477 1872 statuere,
493 1848 538 1867 eas
553 1841 787 1870 indiscriminatim
798 1843 837 1870 sic
847 1843 1047 1875 collocabimus,
1063 1841 1159 1875 prioris
1174 1845 1277 1867 tantum
1294 1840 1395 1867 ordinis
1410 1839 1501 1866 habita
1517 1840 1630 1868 ratione.

114 1897 178 1929 Πῶς
191 1896 246 1932 ἔχει
260 1905 300 1923 σοι
311 1897 346 1923 τὰ
357 1896 403 1923 τοῦ
416 1896 540 1932 σώματος
552 1906 559 1930 ;
585 1898 602 1933 ἢ
622 1898 744 1934 δηλονότι
769 1899 869 1934 βραχὺς

958 1898 1101 1932 Quomodo
1126 1905 1154 1924 se
1174 1896 1255 1923 habet
1282 1895 1405 1930 corporis
1428 1896 1468 1922 tui
1492 1896 1644 1923 valetudo?
1664 1897 1705 1924 An

79 1945 92 1970 ὁ
106 1943 194 1977 λόγος,
211 1943 284 1974 ὅπως
300 1942 332 1969 ἂν
346 1942 401 1978 ἔχοι
416 1943 470 1977 (54)
483 1951 490 1975 ;
506 1944 570 1979 περ).
590 1943 618 1970 δὲ
639 1944 690 1979 τῆς
709 1945 797 1980 ψυχῆς
819 1945 869 1971 οὐκ

79 1990 216 2025 ἐρήσομαι
228 1988 295 2020 πῶς.
308 1987 374 2015 Οἶδα.
389 1989 443 2024 γὰρ
462 1989 503 2016 ὅτι
520 1990 566 2016 καὶ
582 1989 641 2016 λίαν
654 1990 760 2022 καλῶς’
776 1991 869 2026 ἐπειδὴ

80 2033 212 2068 γενναίως
238 2033 429 2068 ἐμφιλοσοφεῖς
462 2035 518 2066 τοῖς
549 2034 662 2062 πάθεσιν
694 2035 740 2062 τοῦ
775 2036 869 2071 σώμα-

79 2088 125 2110 τος
137 2078 204 2113 (55),
220 2077 313 2113 ὥσπερ
331 2078 445 2113 βάσανον
460 2079 569 2114 ἀρετῆς,
586 2079 643 2106 ἀλλ’
658 2080 706 2114 οὐχ
721 2079 786 2115 ὕλης
800 2081 871 2107 ἀνω-

82 2124 180 2159 μαλίαν
194 2124 249 2159 (56)
265 2124 294 2150 τὸ
313 2124 428 2159 πρᾶγμα
451 2123 606 2159 δεξάμενος,
629 2126 671 2152 ἵνα
725 2134 765 2152 σοι
776 2126 806 2152 τὸ
819 2135 869 2152 κα-

80 2170 209 2196 τηπαοεῖν
223 2170 277 2206 (57)
293 2170 341 2206 τῆς
354 2170 408 2196 τῶν
422 2169 508 2197 ἄλλων
525 2171 628 2205 ὑγιείας
652 2171 866 2208 μακαριώτερον.

80 2215 164 2247 Δίδως
186 2215 233 2242 καὶ
251 2215 352 2251 ταύτην
371 2215 427 2252 (58)
448 2216 542 2252 ἱκανὴν
563 2217 613 2252 τῆς
628 2217 785 2252 φιλοσοφεας
802 2218 868 2244 ἀπό-

115 2292 139 2308 ³³
153 2292 226 2320 Psal.
243 2300 317 2326 xuv,
334 2292 361 2320 5.

116 2369 174 2432 alii)
193 2371 279 2396 Ἐστι
293 2369 328 2396 δὲ
337 2370 386 2413 ita}
407 2370 505 2397 τοῦτο.
523 2370 563 2411 Ita
582 2370 642 2397 cod.
667 2369 734 2411 ῐζεβ.
756 2368 789 2409 Et
808 2369 866 2409 hoc,

116 2415 121 2432 ι
135 2409 198 2432 lcet.
211 2405 242 2431 τὸ
256 2412 410 2432 καοτεοειν.
427 2405 496 2432 haud
510 2412 606 2432 exiaua
623 2405 687 2432 mali
703 2409 865 2431 imminutio.

82 2405 198 2436 scilicet,
211 2405 242 2431 τὸ
256 2407 410 2440 καρτερεῖν,
427 2405 496 2432 haud
510 2405 606 2440 exigua
623 2405 688 2432 mali
703 2405 865 2431 imminutio.

82 2442 134 2468 Pro
156 2439 299 2471 ἐπιεικῶς,
309 2439 436 2475 WHontac.
463 2444 489 2468 et
508 2439 601 2468 Morel.
621 2441 712 2475 legunt
736 2440 865 2471 ἐπιεικές.

117 2476 175 2511 (48)
193 2475 268 2502 Alias
277 2474 349 2511 μη.
367 2474 475 2511 Scripta
490 2475 563 2502 circa
581 2474 657 2511 idern
669 2479 786 2511 tempus.

117 2509 173 2546 (49)
190 2509 308 2546 Σιωπῇς
325 2510 489 2546 ἀκίνδυνον
512 2510 608 2545 γέρας.
627 2509 695 2537 Vide
721 2509 864 2537 Erasmum

82 2547 109 2574 in
121 2543 220 2580 ‘adagio
234 2553 241 2570 :
259 2543 364 2572 Silentii
380 2550 464 2572 tutum
477 2543 625 2578 pra'mium.

118 2579 246 2615 (ὃθγΚαί
257 2588 283 2615 τι
295 2580 353 2615 καί.
373 2580 497 2607 (Ζοιιὼθί.
514 2581 560 2606 καί
574 2588 614 2606 τοι
632 2580 679 2606 καί
699 2588 736 2613 τι,
759 2580 822 2614 quiti
842 2584 866 2606 et

82 2615 183 2651 aliquid
198 2623 211 2642 ε
224 2614 412 2651 solitudinem:
427 2615 520 2651 quiete.

117 2649 173 2686 ('51)
199 2649 453 2684 Σπουδαιοτὲροις.
481 2649 548 2677 Cod.
578 2655 604 2677 et
632 2649 755 2677 Combel'.
786 2658 868 2676 σπου-

79 2687 174 2714 δαίοις.

199 2722 273 2748 Ἐπεὶ
286 2720 380 2756 μηδέςῄ
388 2719 467 2756 Pass.
483 2719 574 2756 ἐπειδὴ
596 2719 672 2754 μηδέ.

117 2754 172 2786 (53)
189 2757 264 2783 Alias
278 2754 344 2782 XLI.
364 2754 471 2789 Scripta
490 2755 584 2782 eodem
600 2759 732 2789 tempore.

117 2791 285 2827 (δὴ-Ὅπως
299 2791 336 2827 iii:
352 2790 430 2827 exet:
443 2789 479 2827 Ita
501 2789 561 2827 cod.
583 2789 662 2827 lleg.,
681 2789 771 2822 Pass.,
789 2789 863 2817 Mon-

83 2824 148 2857 κιο..
166 2825 258 2853 Morel.
273 2834 306 2852 ac
316 2824 438 2852 Conibei‘.
454 2824 481 2860 In
499 2825 564 2860 edit.
583 2824 641 2860 ἔχῃ.

117 2861 172 2895 (55)
195 2859 424 2895 Ἐμερτιλοσορεῖς
438 2859 499 2892 τοῖς
516 2859 643 2886 πάθεσιν
653 2860 705 2888 τοῦ
717 2859 861 2894 σώματος.

921 1944 1028 1972 scilicet
1044 1950 1140 1978 parum
1162 1942 1209 1969 tibi
1235 1949 1307 1968 cura:
1318 1945 1369 1972 est,
1391 1941 1527 1975 quomodo
1541 1949 1570 1968 se
1585 1942 1708 1969 habeat?

919 1991 958 2017 De
982 1990 1071 2017 anima
1095 1993 1186 2016 autem
1211 1987 1284 2014 haud
1311 1987 1511 2022 percunctabor
1535 1987 1634 2021 ecquid
1657 1996 1705 2015 va-

922 2036 975 2064 leat
994 2045 1001 2063 :
1019 2035 1077 2062 scio
1096 2035 1167 2062 enim
1191 2033 1340 2062 bellissime
1360 2034 1461 2064 valere,
1484 2033 1706 2068 quandoquidem

921 2081 949 2108 in
963 2081 1088 2116 corporis
1116 2080 1220 2108 morbis
1247 2084 1358 2107 strenue
1385 2079 1596 2114 philosopharis,
1625 2080 1704 2114 quasi

922 2134 977 2154 non
995 2126 1116 2153 materia:
1132 2129 1159 2153 et
1179 2126 1325 2152 humorum
1341 2124 1540 2159 intemperiem,
1555 2124 1604 2151 sed
1617 2125 1705 2152 virtu-

921 2171 957 2198 tis
972 2171 1187 2206 explorationem
1212 2177 1271 2197 eam
1294 2176 1350 2196 rem
1375 2169 1539 2204 acceperis;
1565 2173 1595 2196 ut
1609 2169 1650 2196 sic
1664 2169 1705 2196 in-

921 2217 1050 2246 valetudo
1066 2221 1114 2244 tua
1132 2216 1247 2244 aliorum
1267 2215 1384 2243 sanitate
1395 2219 1422 2242 et
1435 2214 1623 2242 incolumitate
1639 2214 1701 2242 bea~

919 2369 947 2405 in
957 2369 1244 2405 edit.legiturtantum
1256 2369 1363 2405 toigjroﬁ
1373 2369 1598 2404 σώματοςΝεηίι
1614 2374 1703 2398 tamen

919 2404 980 2430 Bill.
994 2414 999 2430 :
1014 2405 1040 2431 in
1057 2404 1173 2438 corporis
1189 2405 1288 2431 morbo.
1299 2404 1426 2431 Nonnulli
1443 2405 1521 2432 codd.
1537 2413 1590 2431 non
1605 2405 1704 2432 habent

918 2439 964 2465 τοῦ
981 2439 1115 2474 σώματος.
1136 2439 1254 2466 Montac.
1276 2444 1302 2466 et
1319 2439 1413 2466 Morel.
1428 2440 1608 2474 ἐφιλοσόφεις.

882 2476 905 2504 ο
954 2474 1010 2508 (56)
1028 2476 1089 2508 Οὐχ
1107 2474 1185 2507 ὕλης
1203 2474 1386 2507 ἀνωμαλίαν,
1412 2475 1589 2507 intemperiem
1612 2479 1638 2502 et
1664 2475 1703 2502 in-

918 2509 1094 2544 wqualitatem
1104 2509 1253 2540 humerum,
1265 2509 1389 2544 corporis
1403 2517 1509 2543 nempe,
1522 2510 1702 2541 aitCmnbei'.;

918 2545 958 2571 sic
972 2545 1043 2571 enim
1056 2544 1106 2571 hoc
1117 2552 1197 2579 sensu
1213 2545 1314 2578 passim
1326 2544 1472 2579 Gregorius
1484 2553 1515 2570 ea
1529 2552 1593 2571 voce
1605 2545 1700 2572 utitur.

918 2579 971 2605 Pro
988 2579 1036 2614 οὺχ
1052 2579 1127 2613 ὕλης,
1144 2578 1261 2605 Montac.
1280 2583 1307 2606 et
1322 2578 1415 2606 Morel.
1428 2580 1458 2605 οὐ
1469 2579 1564 2614 τύχης,
1580 2588 1631 2606 non
1645 2580 1702 2613 Ior-

921 2619 991 2640 tumv
1006 2614 1224 2648 inmqualitatem.
1692 2615 1693 2618 ‘

956 2649 1010 2683 (57)
1024 2650 1074 2675 Σοι
1096 2648 1128 2674 τι)
1156 2648 1345 2675 κακοπαθεῖν.
1371 2648 1443 2679 BNL,
1471 2649 1611 2676 calamitas
1640 2654 1701 2680 tua;

921 2684 1018 2711 melius
1032 2683 1185 2717 infirmitas,
1207 2683 1368 2716 invaletudo,
1394 2691 1476 2719 quam
1495 2684 1610 2711 aliorum
1628 2684 1696 2711 sani-

918 2721 967 2745 tati
982 2719 1104 2746 onuonit.

1142 2753 1192 2780 καὶ
1211 2754 1334 2787 ταύτην,
1364 2757 1416 2780 etc.
1446 2753 1532 2780 Vertit
1557 2753 1635 2781 Bill.:
1664 2753 1702 2780 Tu

916 2797 975 2816 vero
998 2789 1045 2815 hoc
1068 2797 1169 2823 quoque
1187 2789 1358 2823 pltilosophiw
1384 2794 1564 2823 argumentum
1590 2789 1645 2821 ede,
1674 2793 1701 2815 ut

916 2825 990 2851 nobis
1003 2823 1106 2851 easdem
1120 2832 1159 2850 res
1179 2832 1209 2850 ac
1224 2824 1255 2851 de
1269 2824 1362 2852 iisdem
1374 2824 1523 2858 praecipias.
1539 2823 1660 2852 Montac.
1673 2827 1700 2852 ct

917 2859 1007 2887 Morel.
1022 2860 1050 2887 τὸ
1063 2860 1096 2886 τὰ
1112 2859 1231 2886 τοιαῦτα.
