1923 3053
232 153 285 181 167
865 156 894 183 S.
915 155 1079 182 GRLGUIIII
1098 155 1270 183 'I‘HEOLOGI
1804 158 1857 186 I68

233 210 286 238 tior
299 211 346 238 sit.
358 210 397 238 Tu
415 219 481 239 vero
496 211 549 239 hoc
565 220 675 248 quoque
692 212 820 240 idoneum
836 212 1015 248 philosophia:

1084 212 1163 245 ειξιν,
1190 212 1221 239 τὺ
1246 210 1359 238 τοιαῦτα
1382 211 1430 238 καὶ
1443 212 1506 247 περὶ
1534 212 1662 239 τοιούτων
1699 213 1858 240 επιτάσσειν

233 260 422 290 argumentum
438 257 509 289 edis,
528 265 590 285 cum
611 258 691 285 nobis
706 258 775 285 tales
789 265 842 288 res.
856 265 888 285 ac
903 258 936 285 de
955 258 1015 285 tali-

1084 261 1136 294 qttv
1147 267 1154 274 ·
1173 258 1191 285 ἃ
1205 258 1256 284 κᾶν
1270 257 1358 289 ἄλλοις
1372 257 1517 293 θαρρῶμεν
1540 259 1668 294 γράφειν,
1685 258 1753 286 ἀλλὰ
1773 259 1802 286 τό
1823 268 1859 294 γε

233 301 285 328 bus
299 302 424 337 praecipis
448 311 456 329 :
479 311 548 338 quas
567 304 677 331 tametsi
695 303 757 331 aliis
779 304 901 331 scribere
916 303 1017 330 audea-

1084 304 1124 330 υπὸ
1147 304 1188 330 σοὶ
1212 305 1291 339 κριτῇ
1317 304 1481 331 κινδυνεύειν
1502 303 1551 330 οὐκ
1572 304 1702 338 ἀσφαλές.
1722 305 1858 341 Πειρασό-

234 355 307 379 nius,
325 352 416 376 tamen
438 353 464 376 te
487 349 580 384 judice
598 357 710 377 causam
727 350 818 376 dicere
838 357 870 376 ac
883 350 1017 384 judicium

1084 349 1142 376 ιεθα
1157 350 1179 376 δ’
1194 350 1267 384 ὅμως
1280 349 1334 385 (59)
1348 350 1386 385 μὴ
1398 350 1549 384 ἀντιλέγειν
1561 350 1705 378 κελεύοντι.

233 392 336 425 subire,
361 393 484 427 periculo
508 402 562 420 non
587 400 674 421 vacat.
699 394 833 422 Caeterum
857 395 1019 421 conabimur

234 438 384 473 tuisjussis
400 439 512 466 minime
528 439 726 467 contradicere.

356 506 448 533 XCIII.
471 506 665 535 SOPIIRONlO
688 508 893 536 PREFECTO.

1225 513 1282 546 ψ.
1298 513 1462 549 merome
1480 514 1619 550 rman
1636 514 1701 550 (60).

234 563 428 598 Complectcndi
443 564 621 600 Sop/irom'um
636 567 765 595 desiderio
775 573 878 596 tenetur
895 568 1055 631 Origoriuls:
1073 575 1150 610 rogat
1162 571 1256 598 saltem
1270 577 1298 598 ut
1320 572 1371 599 tibi
1386 581 1431 607 per
1449 574 1575 608 epistolas
1590 574 1781 602 εοηονεδδίοηὶε
1797 583 1858 601 um-

944 613 1002 631 rom
1029 611 1158 631 armatur.

944 613 1002 631 rom
1019 611 1158 640 largiatur.

268 658 356 687 Habet
370 660 498 695 quiddam
514 661 567 688 lacti
583 666 609 688 et
625 662 761 690 commodi
774 668 867 690 noster
882 671 1018 694 secessus.

1105 665 1181 700 Ἔχει
1195 674 1221 691 τι
1243 665 1327 698 δεξιὸν
1339 666 1406 701 ἡμῖν
1423 667 1439 701 ἠ
1453 666 1636 702 ἀναχώρησις,
1659 666 1689 693 τὸ
1710 666 1858 702 ἄπραγμον

233 704 362 732 nimirum
382 707 467 733 otium
491 711 518 734 et
535 708 656 742 quietem
674 717 681 740 ;
703 708 749 735 sed
773 709 799 735 id
823 717 876 736 non
897 714 951 736 tam
975 710 1020 737 lac-

1084 711 1114 737 καὶ
1137 711 1263 746 ἡσύχιον·
1286 711 1343 738 ἀλλ’
1370 711 1446 738 οΰπω
1471 712 1606 744 τοσοῦτον,
1622 713 1684 739 ὅσον
1707 712 1810 746 σκαιὸν,
1827 714 1858 740 τδ

235 755 291 777 tum
309 758 341 778 ac
355 753 528 780 commodum
546 758 598 784 est,
613 761 696 788 quam
715 754 932 785 incommodum,
947 755 1020 789 quod

1084 757 1116 791 ἧς
1133 757 1268 793 ὑμετέρας
1289 757 1415 793 χωρίζειν
1440 757 1530 792 φιλίας
1553 759 1600 784 καὶ
1637 758 1791 790 συνουσίας,
1811 767 1858 786 το-

233 805 249 823 a
274 801 364 824 vestra
391 799 512 826 amicitia
539 803 566 826 ot
590 799 785 830 familiaritate,
807 807 835 827 re
864 800 933 826 tanti
962 807 1020 826 mo-

1085 802 1161 829 ούτου
1179 803 1351 838 πράγματος.
1368 803 1459 830 Ἀλλοι
1475 803 1525 838 τῆς
1540 804 1589 839 σῆς
1606 803 1771 840 τελειότητος
1787 805 1858 832 ἁπο-

234 842 329 874 menti,
357 850 400 869 tne
424 843 561 879 sejungat.
590 843 643 870 Alii
672 844 813 879 praestanti
845 848 890 870 tua
918 845 1020 872 virtute

1084 848 1196 875 adouatv
1207 857 1214 864 ο
1240 850 1306 884 ἡμῖν
1327 849 1356 875 δὲ
1378 849 1448 884 μέγα
1466 849 1520 884 (61)
1540 850 1591 876 κᾶν
1605 851 1629 876 εἰ
1644 850 1723 877 τοῦτο
1737 850 1858 886 ἔχοιμεν,

235 887 385 920 fruuntur;
411 888 490 916 nobis
511 893 601 916 autem
626 889 677 916 hoc
703 897 831 924 magnum
852 893 878 916 et
901 890 1020 924 amplum

1084 894 1150 921 ῖχιὰν
1165 880 1272 929 ὁμιλίαις
1289 894 1338 930 τὴν
1357 880 1388 920 ὲν
1409 880 1537 929 τοῖς’(6Ξ)
1560 895 1728 932 πράγμασιν.
1741 880 1814 932 {Apud
1827 880 1858 923 σε

235 934 328 965 fuerit,
345 934 368 961 si
384 935 519 962 sermonis
543 939 571 962 et
594 935 800 969 congressionis
818 935 943 962 umbram
966 934 1020 969 80

1084 940 1193 975 νψόμεθα
1206 941 1303 974 πάλιν;
1326 939 1381 977 ἄρα
1405 937 1625 977 περιπτυξόμὲθα
1644 941 1740 976 τδ(65)
1757 942 1858 978 ἡμέτε-

234 979 424 1012 habuerimus,
441 988 502 1015 qua:
528 980 555 1007 in
575 981 700 1016 epistolis
719 981 886 1008 continetur.
902 981 942 1007 An
958 988 1020 1008 vero

1084 994 1120 1012 ;ον
1134 986 1324 1022 σεμνολόγημα
1337 995 1344 1019 ;
1368 986 1416 1014 καὶ
1431 986 1510 1014 τοῦτο
1530 987 1670 1022 δοθήσεται
1685 987 1740 1023 (64)
1759 987 1798 1023 τῷ
1808 988 1857 1024 τῆς

234 1025 262 1050 te
287 1031 397 1050 rursum
423 1024 594 1053 videbimus?
618 1032 652 1052 an
672 1033 781 1052 rursum
808 1026 1020 1060 complectemur

1084 1031 1146 1066 ζωῆς
1160 1032 1238 1067 ⁴ἡμῶν
1251 1032 1387 1068 land/dvo);
1410 1033 1440 1059 Εἰ
1463 1032 1512 1068 μὲν
1532 1033 1632 1069 δοθείη,
1655 1034 1729 1061 πᾶσα
1748 1033 1786 1070 τῷ
1799 1034 1858 1069 Θεῷ

233 1068 318 1097 dccus
339 1074 463 1097 nostrum
484 1074 511 1098 et
529 1075 720 1098 ornamentum
744 1080 752 1098 :
777 1071 859 1106 idque
882 1071 943 1098 vitae
972 1079 1023 1098 no-

234 1119 299 1142 stra:
322 1115 446 1150 reliquiis
473 1115 604 1143 dabitur?
630 1115 659 1143 Si
681 1115 791 1151 quidem
815 1117 904 1149 detur,
931 1117 1020 1144 omnis

233 1159 289 1187 Deo
315 1161 404 1196 gratia
433 1161 567 1188 habeatur
595 1169 602 1188 :
629 1162 673 1189 sin
698 1163 800 1193 minus,
820 1162 877 1196 jam
900 1162 1019 1189 maxima

233 1207 322 1233 nostri
347 1211 424 1242 parte
441 1209 540 1235 mortui
559 1216 667 1236 sumus.
692 1207 733 1235 Tu
752 1216 816 1235 vero
837 1207 962 1244 Gregorii
981 1208 1019 1236 tui

233 1253 391 1286 recordare,
407 1261 439 1280 ac
454 1262 498 1282 res
513 1258 624 1282 nostras
640 1261 835 1282 commemora.

474 1323 567 1351 XCIV.
588 1322 777 1351 AMAZONIO.

1073 1077 1170 1112 χάρις’
1187 1078 1212 1104 εἰ
1227 1078 1256 1104 δὲ
1275 1078 1323 1114 μὴ,
1341 1079 1510 1114 τεθνήκαμεν
1530 1080 1580 1115 ἤδη
1605 1079 1644 1115 τῷ
1664 1080 1781 1115 πλείστῳ
1802 1079 1858 1115 (65)

1075 1123 1162 1158 μέρει.
1179 1123 1215 1150 Σὺ
1229 1122 1256 1149 δὲ
1272 1123 1394 1159 μέμνησο
1404 1123 1451 1150 τοῦ
1466 1123 1512 1151 σοῦ
1525 1124 1684 1161 Γρηγορεου,
1699 1125 1746 1152 καὶ
1763 1124 1857 1161 διηγοῦ

1073 1167 1106 1195 τὰ
1119 1168 1241 1205 ἡμέτερα
1256 1168 1322 1202 (66).

1293 1323 1348 1355 ex.
1368 1322 1544 1358 ΑΜΑΖυΝιᾳ
1563 1323 1628 1358 (67).

233 1389 268 1418 Se
280 1390 307 1417 t'n
320 1390 435 1418 adversis
448 1391 532 1426 quiete
546 1389 739 1425 philosophari,
751 1390 778 1417 in
789 1389 967 1424 disjunclione
978 1389 1123 1416 minearum
1142 1397 1200 1416 esse
1217 1389 1306 1416 animo
1325 1397 1450 1424 perquam
1465 1388 1565 1423 abjecto
1583 1389 1677 1423 [aletur
1704 1389 1855 1426 Cugoriau.

270 1447 300 1474 Si
313 1447 377 1483 quis
397 1449 585 1475 communium
604 1448 767 1480 amicorum,
785 1456 856 1484 quos
870 1448 1021 1483 permultos

233 1501 294 1520 esse
321 1493 446 1525 confido,
471 1501 504 1521 ex
533 1497 561 1521 te
590 1498 789 1528 percunctetur

235 1538 406 1574 Gregorius?
418 1543 444 1567 et
455 1539 520 1574 quid
541 1547 632 1566 rerum
649 1539 723 1574 agit?
738 1539 832 1567 Dicere
845 1548 880 1567 nc
898 1539 1020 1572 dubites,

234 1592 297 1612 eum
318 1584 409 1620 quiete
425 1592 457 1612 ac
473 1585 619 1619 tranquille
633 1585 831 1620 philosophari,
856 1594 911 1613 non
935 1587 1021 1621 magis

233 1637 301 1663 eos,
322 1638 337 1657 a
363 1631 463 1665 quibus
491 1631 591 1666 injuria
616 1631 667 1666 ipsi
693 1631 767 1658 illata
789 1635 841 1664 est,
867 1636 1020 1664 curantem,

234 1685 317 1712 quam
331 1685 389 1709 eos,
409 1677 443 1705 de
458 1677 571 1712 quibus,
593 1678 619 1704 in
636 1679 761 1705 lucemne
774 1684 799 1706 et
817 1678 899 1705 vitam
916 1678 1023 1713 prodie-

234 1723 300 1755 rint,
324 1724 447 1758 ignotum
471 1727 553 1758 atque
575 1724 722 1751 obscurum
744 1729 786 1751 est
806 1734 812 1752 :
838 1724 905 1752 adeo
921 1724 1023 1752 invicto

233 1771 276 1796 est
291 1768 374 1795 animi
390 1769 504 1796 robore!
522 1769 599 1802 Quod
615 1770 638 1797 si
658 1773 686 1796 te
710 1777 808 1797 rursus
830 1769 900 1796 idem
918 1774 995 1804 roget
1014 1779 1021 1797 :

234 1813 378 1847 Quomodo
399 1814 451 1842 fert
471 1815 622 1843 amicorum
643 1816 877 1850 disjunctionem?
891 1815 950 1843 Non
963 1816 1020 1851 jam

234 1860 350 1897 ﬁdenter
364 1861 531 1896 respondeas
548 1870 610 1889 eum
635 1861 834 1896 philosophari,
850 1869 944 1888 verum
960 1862 1020 1888 ani-

234 1914 278 1933 mo
293 1914 354 1934 esse
377 1914 508 1942 perquam
528 1907 622 1934 humili
642 1912 669 1934 et
691 1907 808 1942 abiecto.
830 1907 883 1934 Alii
898 1907 970 1934 enim
992 1907 1019 1934 in

234 1953 296 1980 aliis
311 1952 396 1980 rebus
419 1953 558 1981 molliores
576 1957 650 1985 sunt,
672 1961 721 1980 nos
746 1957 836 1979 autem
853 1953 879 1980 in
898 1952 1019 1979 amicitia

233 2002 261 2026 ct
290 1999 397 2026 amicis.
429 1998 531 2026 Horum
565 1999 592 2026 in
620 2006 736 2026 numero
765 1999 882 2026 eximius
910 2006 1024 2033 quoque.

235 2044 400 2072 Amazonius
414 2050 466 2072 est.
480 2043 521 2071 Tu
540 2052 605 2071 vero
626 2044 676 2070 hac
695 2052 749 2070 una
771 2052 801 2072 re
820 2043 936 2071 fortasse
952 2051 1016 2071 mu:-

1111 1448 1161 1474 'Av
1172 1456 1214 1479 τις
1230 1447 1324 1482 ἔρηταί
1338 1446 1393 1482 (68)
1411 1456 1440 1473 σε
1452 1447 1507 1473 τῶν
1526 1447 1623 1474 κοινῶν
1636 1448 1719 1483 φίλων
1734 1449 1858 1484 (πολλοὺς

827 1503 833 1521 :
867 1493 919 1521 Ubi
947 1501 1020 1521 nunc

1086 1493 1098 1520 ὲ
1125 1491 1195 1521 εἶναι
1224 1493 1350 1529 πείθομαι
1372 1493 1505 1528 τούτους)’
1529 1493 1584 1521 Ποῦ
1606 1493 1634 1520 δὲ
1651 1494 1698 1521 νῦν
1721 1495 1735 1520 ό
1755 1495 1859 1530 Γρηγο-

1073 1548 1129 1575 ριος
1157 1539 1233 1575 (69);
1260 1540 1375 1575 πράττει
1399 1539 1426 1566 δὲ
1454 1539 1497 1572 τι;
1522 1539 1630 1575 οαρρὦν
1655 1539 1715 1566 εἰπὲ
1733 1540 1800 1576 (70),
1816 1541 1858 1567 ὅτι

1071 1586 1114 1621 ἐφ’
1144 1586 1258 1621 ἡσυχίας
1288 1586 1444 1620 φιλοσοφεῖ,
1473 1585 1591 1612 τοσαῦτα
1616 1585 1671 1613 τῶν
1694 1586 1859 1614 ἀδικούντων

1073 1631 1232 1666 φροντίζων,
1247 1632 1296 1658 ὅσα
1309 1631 1361 1658 τῶν
1377 1631 1436 1658 οὐδὲ
1451 1631 1474 1658 εἰ
1490 1632 1617 1666 γεγόνασι
1630 1633 1838 1668 γινωσκομένων
1849 1642 1856 1648 ·

1071 1678 1157 1709 οὕτως
1181 1678 1255 1704 ἐστὶν
1278 1678 1419 1712 ἀήττητος.
1446 1678 1494 1704 Ἀν
1518 1678 1547 1704 δέ
1572 1686 1600 1704 σε
1632 1678 1712 1705 πάλιν
1736 1681 1750 1706 ὁ
1777 1679 1859 1712 αὐτὸς

1071 1723 1247 1758 ὲπανέρηται·
1265 1722 1327 1754 Πῶς
1343 1722 1433 1758 δὲτὴν
1447 1722 1580 1756 διάζευξιν
1595 1723 1671 1758 φέρει
1686 1723 1740 1750 τῶν
1757 1723 1857 1758 φίλωνς

1072 1768 1170 1804 μηκέτι
1185 1769 1292 1804 caepa»;
1307 1768 1394 1800 εἴποις
1416 1769 1455 1795 ὅτι
1478 1768 1626 1802 φιλοσοφεῖ,
1643 1769 1711 1796 ἀλλὰ
1730 1770 1778 1796 καὶ
1797 1770 1858 1796 λίαν

1071 1814 1190 1848 ἀγεννῶς
1213 1813 1277 1848 ἔχει.
1299 1813 1395 1840 Ἀλλου
1423 1813 1472 1848 μὲν
1494 1813 1548 1849 γὰρ
1573 1814 1652 1846 ἄλλος
1667 1815 1755 1850 ἥττων
1771 1815 1856 1846 ἐστὶν,

1070 1861 1148 1895 ἡμεῖς
1165 1859 1193 1886 δὲ
1210 1859 1301 1893 φιλίας
1321 1860 1366 1886 καὶ
1381 1859 1474 1894 φίλων.
1493 1859 1601 1886 Τούτων
1626 1857 1667 1891 εἷς
1691 1860 1748 1886 ἐστι
1772 1860 1819 1886 καὶ
1843 1862 1856 1887 ἑ

1070 1906 1219 1942 θαυμάσιος
1240 1906 1396 1942 Ἀμαζόνιος
1413 1906 1480 1941 (7i).
1497 1907 1573 1941 Τάχα
1591 1906 1622 1933 ἂν
1637 1907 1677 1933 ἐνὶ
1691 1907 1763 1943 μόνῳ
1781 1907 1858 1943 Θερα-

1069 1952 1183 1984 πεύσαις
1197 1953 1280 1988 ἡμᾶς,
1296 1952 1343 1979 καὶ
1354 1953 1446 1988 ορᾴους
1468 1952 1514 1978 ἐπὶ
1538 1953 1578 1978 σοὶ
1596 1954 1730 1987 ποιήσαις,
1749 1954 1772 1980 εἱ
1787 1962 1857 1989 μνη-

1073 1999 1195 2034 μονεύοις
1210 1999 1265 2034 (72)
1282 1999 1371 2034 ἡμῶν,
1392 1999 1439 2025 καὶ
1461 1999 1501 2025 ὅτι
1524 1999 1603 2026 τοῦτο
1626 2001 1721 2032 ποιεῖς,
1754 1999 1858 2032 πείθοις

1070 2046 1127 2077 τοῖς
1139 2045 1309 2080 γράμμασιν.

235 2089 292 2117 rori
306 2095 399 2117 nostro
413 2091 514 2117 mederi
525 2098 619 2125 queas.
633 2098 664 2116 ac
680 2090 846 2117 desiderium
862 2091 901 2117 tui
916 2090 1012 2123 lenire,
1033 2091 1056 2118 si
1068 2092 1155 2119 nostri
1171 2099 1277 2118 memor
1292 2090 1388 2123 fueris,
1415 2094 1496 2126 atque
1521 2091 1602 2126 hujus
1626 2091 1664 2118 rei
1682 2090 1761 2119 ﬁdem
1789 2091 1856 2118 mihi

235 2143 284 2171 per
299 2135 404 2163 litteras
422 2135 518 2163 facias.

493 2203 574 2232 XCV.
597 2203 756 2233 LEONTlO.

1306 2203 1363 2237 ιε’.
1383 2202 1533 2239 ΛΕΟΝΤΙῼ
1553 2204 1619 2238 (75).

446 2260 522 2294 Quod
538 2261 595 2296 igne
611 2260 772 2288 Sodomitico
784 2265 807 2287 et
822 2261 964 2296 episcopali
979 2261 1151 2290 dissolutione
1161 2260 1240 2296 fuerit
1253 2260 1390 2291 liberatus,
1401 2260 1453 2287 sibi
1468 2260 1629 2295 gratulatur.

269 2317 293 2346 0
311 2318 431 2345 faustum
447 2324 479 2344 ac
496 2318 670 2344 commodqu
689 2317 826 2349 morbum,
843 2317 1019 2354 hostiumque

1107 2317 1139 2343 Ὢ
1161 2316 1210 2352 τῆς
1234 2316 1322 2350 δεξιᾶς
1338 2316 1425 2349 νόσου,
1448 2317 1494 2343 καὶ
1519 2317 1568 2352 τῆς
1589 2317 1643 2344 τῶν
1667 2318 1770 2353 ἐχθρῶν
1785 2319 1854 2355 ἐπη-

271 2385 328 2423 (59)
345 2385 549 2423 Helpaqdysﬂa
560 2385 588 2423 δῖ
602 2386 689 2420 ὅμως.
701 2386 768 2413 Cod.
783 2385 806 2423 δ’
820 2384 966 2423 οὗνηΜοκ.
983 2387 1021 2423 μὴ

271 2396 317 2417 (ὒν
345 2396 576 2419 ιιεψασομεσαο
602 2396 689 2420 ομως.
701 2396 768 2413 υοιι.
783 2396 797 2412 ο
820 2396 876 2413 ουν.
894 2396 966 2418 ΒΙΟΧ.
1003 2396 1021 2423 η

236 2396 398 2455 ἀντιλέγειν,
422 2421 527 2447 minime
549 2421 676 2447 reluctari
688 2429 697 2453 ;
721 2426 748 2448 et
774 2421 813 2448 sic
833 2421 953 2449 scribere
973 2396 1021 2449 tie-

238 2457 353 2490 buisset,
373 2456 412 2482 ait
430 2455 566 2489 Combel‘.,
590 2464 645 2483 non
672 2457 815 2490 coarctari,
834 2461 863 2483 ut
877 2457 974 2492 legitur
993 2457 1020 2484 in

237 2492 303 2519 edit.

274 2526 330 2562 (60)
345 2525 421 2562 Alias
437 2523 504 2562 LIX.
525 2524 631 2562 Scripta
650 2524 870 2562 eodemﬁcirciter
885 2529 1018 2562 tempore.

274 2559 331 2596 (61)
351 2561 433 2595 Ἡμῖν
447 2560 480 2587 δὲ
493 2559 638 2596 magna
659 2561 719 2588 cod.
743 2560 810 2596 Reg.
828 2561 856 2588 In
870 2559 1018 2596 εάίιξὴμίν

237 2595 265 2623 δὲ
278 2595 357 2622 τοῦτο
373 2596 442 2630 μέγα

473 2631 546 2663 τοῖς.
575 2630 643 2657 Cod.
666 2634 693 2657 et
707 2630 828 2657 Combel'.
842 2630 892 2665 τῆς
907 2631 935 2656 ὲν
951 2632 1018 2662 τοῖς.
1069 2617 1110 2665 ἡ

274 2631 321 2664 (6‘2
350 2631 410 2665 Τὴν
425 2632 459 2658 ὲν
473 2631 546 2663 τοῖς.
575 2631 643 2657 Cod.
666 2634 693 2657 et
707 2631 828 2657 Combel'.
842 2631 892 2665 τῆς
907 2631 935 2656 ὲν
951 2632 1018 2662 τοῖς.

273 2631 330 2701 (65)
346 2664 417 2700 Ἆρα
435 2665 672 2701 περιπτυξόμεθα
694 2666 737 2692 τό.
758 2664 795 2701 Ita
816 2665 895 2692 codd.
909 2665 975 2700 Reg.
993 2669 1020 2693 et

238 2699 361 2736 Pass.'ln
376 2699 440 2728 edit.
458 2700 513 2736 ἆρά
529 2709 557 2727 σε
569 2700 790 2736 περιπτυξόμεθα
799 2701 839 2728 τό.

275 2735 329 2770 (64)
345 2736 434 2763 Τοῦτο
448 2734 617 2768 δοθήσεται.
637 2734 836 2770 νοοριιιῗτοῦτο,
853 2742 914 2770 qua:
927 2734 1019 2762 deerat

237 2770 266 2798 in
279 2770 351 2806 Bill..
364 2771 571 2806 suppeditarunt
582 2770 636 2797 duo
647 2770 726 2806 codd.
738 2769 860 2806 Rreggict
872 2769 948 2806 Pass.

275 2805 331 2840 (65)
350 2804 424 2839 Ἦδή
441 2806 480 2838 τῷ
498 2806 642 2838 πλείστῳ.
658 2805 697 2832 lla
714 2805 793 2832 codd.
813 2805 932 2840 IIegg.et
940 2804 1017 2833 Pass.

237 2840 266 2868 In
281 2840 345 2868 edit.
366 2840 415 2875 ἤδη
429 2841 513 2869 deest.

1108 2383 1164 2420 (66)
1177 2384 1236 2420 Kal
1259 2383 1363 2418 διηγοῦ
1384 2384 1420 2410 τὰ
1436 2383 1572 2419 ἡμέτερα.
1592 2383 1665 2417 Βί11.,
1681 2385 1799 2420 Gregorii
1815 2389 1855 2414 tui

1072 2419 1226 2447 memoriam
1243 2419 1308 2448 cote.
1325 2427 1355 2445 ac
1367 2427 1406 2445 res
1420 2425 1525 2446 nostras
1538 2427 1630 2446 narra.

1109 2454 1164 2490 (67)
1180 2453 1255 2481 Alias
1270 2453 1409 2480 LXXXIII.
1426 2453 1533 2489 Scripta
1550 2455 1645 2483 eodem
1663 2455 1772 2483 circiter
1786 2460 1850 2484 tem.

1090 2498 1146 2517 ore.

1071 2497 1164 2561 ῗοὶἓὲ)
1177 2525 1234 2561 _'A_r'
1258 2532 1302 2561 τις
1327 2523 1439 2561 ἔρηται.
1461 2523 1500 2551 lta
1514 2524 1576 2552 cod.
1594 2523 1673 2561 Reg.,
1692 2524 1809 2553 Montac.
1827 2531 1855 2554 et

1069 2558 1192 2587 Coinbef.
1209 2559 1238 2586 In
1253 2559 1318 2586 edit.
1333 2558 1450 2594 εἴρηται.

1107 2594 1163 2638 (69)
1184 2595 1210 2620 '0
1224 2593 1395 2628 Γρηγόριος.
1414 2594 1488 2622 Unus
1504 2594 1566 2622 cod.
1585 2594 1663 2622 habet
1676 2596 1690 2622 ὁ
1704 2595 1854 2631 Γρηγόριος

1113 2639 1146 2656 ιν.

1107 2665 1164 2701 (70)
1183 2663 1303 2701 Θαρῤῷν
1315 2663 1389 2701 εζπέ.
1406 2663 1472 2691 Cod.
1491 2664 1555 2700 Reg.
1569 2669 1595 2692 et
1608 2664 1730 2692 Combcl'.
1745 2665 1854 2701 θαρρῶν

1071 2700 1186 2742 φράσον,
1206 2702 1246 2734 ἐφ’
1262 2699 1387 2760 ἓσνχίας.

1107 2735 1163 2760 (ΑΙ)
1175 2734 1268 2760 Ἀιιαῖ
1280 2742 1353 2760 νιος.
1368 2735 1387 2760 Τ

1107 2735 1163 2768 (Ἠ)
1175 2732 1353 2769 Ἀμαζόνιος.
1368 2733 1456 2770 Τάχα.
1470 2732 1536 2762 Cod.
1545 2734 1722 2770 ν’Δμαζόνιος,
1733 2735 1763 2766 ὃς
1772 2735 1852 2770 τάχα.

1109 2770 1165 2804 (72)
1182 2769 1435 2804 Εὶμνημονεύοις.
1449 2770 1487 2796 lla
1501 2769 1562 2797 cod.
1574 2775 1601 2797 et
1611 2770 1733 2798 Combef.
1745 2771 1775 2798 In
1788 2769 1853 2798 edit.

1072 2805 1097 2831 εἰ
1118 2805 1299 2840 μνημονεύῃς.

1118 2814 1299 2866 ςνημοῖευῒλςῖ
1416 2839 1422 2845 .
1613 2840 1619 2846 .
1655 2840 1661 2846 .

1108 2842 1118 2876 (
1138 2841 1165 2876 5)
1185 2841 1260 2869 Alias
1278 2839 1343 2869 LIII.
1364 2838 1470 2873 Scripta
1487 2839 1582 2868 eodem
1597 2845 1707 2869 crrciter
1722 2845 1853 2876 tempore.
