1931 3056
171 149 221 178 I75

809 147 839 176 S.
857 148 1020 177 GREGORII
1039 148 1209 179 THEOLOGI

1746 149 1795 177 176

170 207 408 271 ἓιὲῗὲἔιιῃιίξέοῗὲιῖῗ
416 212 541 270 Γέιὲηῗέαι,
563 208 632 244 quod
660 216 719 235 cum
731 207 942 242 Apollinaristis,
963 216 1028 243 quos
1042 209 1172 244 exagitat,
1194 207 1399 235 controversiam
1413 215 1465 236 non
1477 208 1579 240 habuit,
1596 207 1649 235 nisi
1659 211 1796 242 postquam

192 244 400 278 onstantinopoli
416 243 506 270 rediit.

206 278 311 313 Scripta
327 276 416 313 itaque
431 279 517 313 prima
534 278 656 312 epistola,
671 285 731 304 cum
745 277 946 312 Apollinaristtc
958 298 964 307 ,
985 286 1050 312 quos
1069 277 1193 304 l'm'antcs
1206 282 1400 313 raptanlesquc
1415 277 1603 305 Nazianzenas
1620 284 1678 304 oves
1699 276 1797 313 Grego-

170 314 224 340 rius

288 312 430 340 aziansum
455 322 572 340 reversus
593 313 725 339 inveniens
738 332 745 344 .
773 321 803 339 ea
821 320 865 346 spe
887 313 1048 346 pertulerat.
1067 318 1095 339 ut
1117 313 1227 340 lenitate
1241 321 1291 339 sua
1308 312 1459 340 mansuetos
1475 314 1594 340 redderet
1619 321 1650 339 ac
1664 312 1796 346 placidos.

170 348 348 383 paulatimque
376 349 519 377 emolliret.
549 349 608 375 hinc
631 350 730 381 pejores
759 348 859 381 e/fecti.
886 356 937 374 non
958 348 1035 374 modo
1055 349 1271 382 simplicioribus
1299 349 1400 376 animis
1423 357 1533 383 pravam
1551 355 1627 375 suam
1644 348 1796 383 doctrinam

170 384 325 415 infundere.
343 384 387 410 sed
403 383 559 419 Gregorium
581 384 660 410 etiam
676 388 800 417 tanquam
819 383 898 419 iidem
921 391 1014 409 svcum
1031 385 1192 419 sentientem
1211 385 1270 410 ausi
1283 389 1344 410 sunt
1357 384 1523 411 insimulare.
1537 383 1604 419 Tum
1623 391 1682 419 vero
1698 382 1798 419 Grego-

170 420 224 445 rius
237 440 244 450 ,
270 427 302 445 ne
319 419 419 445 ntalum
446 417 526 445 latius
549 423 735 453 grassaretur,
761 418 874 444 scribere
894 423 1000 445 coactus
1021 423 1070 445 est.
1093 417 1131 444 Ne
1144 426 1217 444 nunc
1237 419 1319 453 quide
1332 429 1345 444 ιι
1358 439 1364 450 ,
1382 420 1484 453 inquit,
1506 418 1602 446 credas
1619 418 1684 444 mihi
1703 418 1795 453 velim.

170 454 380 488 scripsissemus
390 474 398 484 .
414 454 466 481 nisi
483 452 632 480 Ecclesium
646 453 760 480 lacerari
778 457 860 487 atque
876 453 1002 488 discindi
1012 454 1176 480 videremus.
1193 453 1238 480 Sic
1249 452 1348 481 't-eteres
1363 452 1482 481 nonnisi
1499 454 1653 480 necessitate
1668 452 1797 487 compulsi

170 461 380 488 scripSIssemus
390 474 398 484 .
414 462 466 481 ms:
483 461 632 480 LCCICSIum
646 461 760 480 lacerari
778 461 860 487 atque
876 461 982 479 uiscum
1012 461 1176 480 \‘ltlel'chIS.
1193 461 1238 480 mc
1253 461 1348 481 celeres
1363 463 1414 480 non
1429 462 1481 481 nm
1499 461 1653 480 necessitate
1668 461 1797 487 campum

169 489 302 516 calamum
317 489 490 524 stringebant.
514 488 605 523 Neque
621 489 690 515 alius
705 487 876 522 epistolarum
889 488 923 514 ad
938 461 1092 549 Elge/nium
1105 496 1208 521 scapus,
1226 495 1271 515 aut
1289 490 1344 516 alia
1368 490 1484 519 occasio.
1502 489 1554 515 nisi
1569 489 1639 523 quod
1654 487 1798 514 secundum

169 525 197 549 in
214 525 327 549 aratiam
344 523 541 549 Catholicorum
557 524 639 549 matris
655 523 792 549 scripsisse
818 523 952 549 rideatur.
1006 531 1021 549 ιι
1044 524 1076 549 de
1100 524 1150 549 ﬁde
1168 523 1292 549 Tlteolaai
1309 524 1428 549 nonnihil
1445 525 1486 549 illi
1500 524 1668 549 dubitarent.
1691 524 1797 549 seu.’ut

1006 531 1021 549 u
1044 524 1076 551 de
1099 524 1150 558 ﬁde
1168 523 1292 559 Tlteolagi
1309 524 1428 551 nonnihil
1445 525 1486 551 illi
1500 524 1668 553 dubitarent.
1691 524 1797 553 seu.’ut

169 525 197 550 in
213 525 327 559 gratiam
344 523 541 551 Catholicorunt
557 524 639 558 magis
655 523 796 559 scripsisse
818 523 952 559 rideatur,

168 559 255 593 placet
273 559 350 590 Elite.
368 559 394 586 id
413 564 513 586 tantum
534 563 659 594 peterent.
678 562 707 584 ut
723 558 843 594 regulam
861 558 920 584 ﬁdei
938 558 1083 591 quauulam
1109 564 1133 585 el
1154 558 1286 586 canoncm
1305 560 1435 594 haberent
1447 580 1454 591 ,
1472 561 1505 586 ad
1524 567 1584 594 qua:
1599 566 1698 593 pravas
1711 559 1799 585 hatre-

170 591 288 629 ticorum
301 594 435 621 doctrinas
450 591 593 629 exigerent.
612 593 697 620 Porro
715 591 869 625 Cledonius,
880 593 925 629 adi
939 601 1015 627 quem
1029 600 1140 629 utraque
1158 595 1257 629 scripta
1271 599 1310 621 est
1323 615 1330 625 .
1347 595 1369 622 is
1382 591 1441 627 ipse
1459 600 1498 622 est
1513 614 1520 624 .
1534 591 1563 620 ut
1579 591 1681 621 vitietur
1692 613 1699 625 ,
1723 601 1798 628 quem

171 628 352 664 Nazianzentc
377 628 514 656 dimceseos
537 629 689 664 solitarium
709 629 852 662 principem
875 628 996 664 Ilellenio
1020 629 1206 656 commendans
1233 630 1308 656 miris
1329 629 1475 664 Theologus
1489 630 1564 664 επεν-ι
1582 629 1729 660 laudibus;
1752 629 1796 663 qui

171 663 291 699 Gregorii
312 664 481 691 Testamento
493 664 629 699 presbyter
645 663 729 690 Iconii
743 664 908 697 subscripsit.
927 662 996 697 Ipsis
1008 669 1110 691 constat
1129 665 1223 690 litteris
1234 685 1241 695 .
1258 664 1413 692 Cledonium
1426 662 1437 697 ζ
1459 665 1493 691 ad
1504 662 1584 699 quem
1603 665 1709 698 scripttc
1723 662 1796 695 sunt,

170 701 349 734 presbyterum
363 700 456 733 fuisse,
471 707 580 733 eumque
598 701 698 733 pietate
713 707 744 724 ac
761 699 812 733 fide
830 699 976 734 insignem;
992 700 1066 732 cujus
1087 704 1143 726 erat
1156 700 1182 726 in
1199 699 1319 726 Ecclesia
1333 701 1432 727 docere
1451 705 1475 726 et
1488 707 1647 734 coarguere.
1669 707 1797 734 pravum-

169 742 223 770 que
249 733 346 770 dogma
373 743 406 761 ne
433 740 554 769 serperet
577 735 725 770 advigilare
740 753 749 770 .
769 738 822 770 etc.
838 748 874 752 —
893 733 1101 770 rllwretjcorum
1129 735 1242 761 novandi
1258 735 1339 762 libido
1354 755 1362 765 ,
1385 735 1541 769 fraudesque
1557 733 1592 760 ’ut
1626 734 1798 768 simpliciores

169 768 319 803 decipiant:
331 770 401 796 circa
415 770 571 805 Trinitatem
583 776 605 796 et
620 769 684 795 Filii
702 768 750 795 Dei
765 769 973 795 incarnationem
989 768 1170 805 Christianum
1181 769 1278 804 dogma
1287 768 1555 805 :Apollinaristarum
1572 770 1687 796 maxime
1697 777 1798 805 errores

169 810 194 841 et
208 805 332 841 ﬁgmenta
346 805 491 841 insectatur
506 803 646 840 Gregorius
660 808 683 830 et
695 808 777 830 tentat
793 804 973 838 comprimere,
987 806 1101 840 petitque
1111 814 1127 832 a
1142 803 1267 832 Cledanio
1281 811 1310 832 ut
1325 803 1383 841 qua:
1396 806 1446 840 ipsi
1460 804 1563 837 scribit,
1577 805 1633 832 haec
1648 804 1719 839 apud
1730 803 1799 831 mul-

171 840 310 866 titudinem
324 840 385 866 velit
399 841 532 867 attestari.

170 898 214 927 Cl.
226 898 274 927 AD
287 896 513 927 CLEDONIUM
533 896 800 926 PRESBYTERUM
812 895 961 925 CONTRA

415 931 707 962 APOLLINARIUM

451 987 621 1016 EPISTULA
639 988 661 1016 Ι.

1050 898 1112 926 PA’.
1134 899 1234 926 ΠΡΟΣ
1261 899 1473 926 ΚΛΗΔΟΝΙΟΝ
1495 897 1767 924 ΠΡΕΣΒΥΤΕΡΟΝ

1214 935 1308 961 ΚΑΤΑ
1325 934 1604 961 ΑΠΟΛΛΙΝΑΡΙΟΥ

1256 990 1429 1017 ΕΠΙΣΤΟΛΗ
1445 991 1474 1017 Αι
1492 989 1559 1025 (l7).

206 1047 343 1083 Perquam
358 1046 519 1074 honorando
532 1054 564 1075 ac
583 1047 637 1074 Deo
657 1046 823 1074 charissimo
841 1045 919 1073 fratri
931 1049 958 1073 et

1054 1048 1099 1084 Τῷ
1126 1049 1284 1084 τιμιωτάτῳ
1312 1049 1359 1076 καὶ
1390 1048 1589 1083 Θεοφιλεστάτῳ
1614 1047 1721 1082 ἀδελφῷ
1743 1046 1800 1081 (l8)

171 1093 395 1128 compresbytero
409 1091 552 1123 Cledonio.
568 1091 717 1128 Gregorius
730 1092 758 1119 in
769 1091 881 1120 Christo
895 1099 960 1127 gau-

171 1141 246 1169 dere.

208 1185 287 1213 Scire
301 1185 440 1220 cupimus,
457 1192 582 1220 quaenam
601 1184 659 1212 hanc
669 1187 746 1212 tanta
764 1184 800 1212 sit
815 1184 888 1212 circa
911 1185 964 1212 Ec-

171 1232 284 1260 clesium
297 1231 418 1259 novandi
433 1231 529 1264 libido,
545 1234 574 1257 ut
588 1231 676 1258 cuivis
691 1231 792 1258 volenti
805 1230 850 1263 ³’·,
868 1235 961 1266 atque,

172 1282 204 1307 ut
219 1277 370 1313 Scriptura
386 1277 521 1305 vocabulo
542 1280 614 1310 utar,
635 1276 692 1313 84
715 1276 961 1312 ρτωιειιει-θάὶοιιιὶ,

172 1324 246 1352 ovile
261 1323 393 1359 praeclare
403 1323 517 1350 ductum
534 1328 562 1350 et
577 1323 732 1351 institutum
745 1323 914 1358 discerpere,
931 1329 964 1349 ac

172 1377 222 1406 per
236 1369 352 1397 furtivos
375 1369 505 1404 impetus,
532 1369 574 1396 vel
600 1369 693 1404 potius
722 1369 905 1404 praedatorias
934 1371 963 1395 et

173 1416 310 1444 absurdas
325 1415 468 1443 doctrinas
493 1414 612 1450 diripere
637 1416 728 1442 liceat.
759 1415 826 1442 Nam
848 1415 871 1442 si
897 1414 962 1449 quid

172 1462 315 1494 haberent,
330 1462 404 1497 quod
415 1461 444 1488 in
459 1461 540 1488 nobis
556 1461 630 1488 circa
645 1461 723 1488 [idem
747 1461 903 1495 improbare
931 1468 963 1488 ac

174 1508 357 1536 condemnare
369 1510 491 1542 possent.
512 1506 557 1542 qui
573 1514 646 1534 nunc
666 1506 798 1542 impetum
826 1506 962 1539 fecerunt,

175 1561 208 1582 ne
223 1553 264 1581 sic
275 1552 386 1588 quidem
400 1556 504 1584 tamen.
520 1553 601 1580 nobis
621 1560 676 1579 non
692 1552 851 1584 admonitis,
864 1552 964 1587 hujus-

175 1597 250 1624 Iuodi
279 1597 390 1625 facinus
413 1596 525 1632 aggredi
554 1604 604 1632 par
617 1601 686 1624 erat.
713 1596 793 1624 Prius
811 1598 896 1629 enim,
921 1597 964 1624 vel

175 1642 351 1677 persuadere,
365 1641 407 1670 vel
421 1641 580 1678 persuaderi
593 1642 662 1669 velle
674 1642 819 1677 oportebat
834 1642 868 1677 (si
884 1641 964 1669 modo

176 1696 226 1716 nos
240 1695 350 1723 quoque
366 1687 460 1722 aliquo
476 1691 505 1715 et
519 1694 635 1714 numero
649 1694 757 1719 sumus,
773 1691 803 1714 ut
816 1687 863 1722 qui
878 1686 964 1714 Deum

177 1739 342 1765 metuamus.
359 1738 387 1761 et
402 1741 452 1768 pro
473 1733 534 1761 lidei
550 1733 709 1760 defensione
727 1741 840 1769 magnos
852 1733 961 1761 labores

177 1781 356 1811 subierimus.
379 1779 469 1815 deque
500 1779 623 1807 Ecclesia
651 1779 720 1806 bene
740 1780 830 1806 meriti
853 1780 962 1814 simus),

178 1835 209 1854 sc
223 1831 293 1858 tum,
311 1827 336 1854 si
351 1830 409 1853 tum
425 1827 519 1856 etiam,
541 1833 585 1853 res
610 1833 695 1853 novas
713 1826 820 1858 moliri;
848 1826 896 1854 sed
922 1829 965 1853 ta-

178 1880 238 1900 men
257 1872 308 1898 hac
323 1871 429 1899 ratione
450 1870 637 1906 petulantibus
655 1875 682 1897 et
695 1871 903 1898 contumeliosis
915 1871 964 1897 ho-

179 1918 298 1946 .ninibus
311 1918 403 1953 aliqua
416 1917 543 1945 fortassis
554 1917 697 1944 excusatio
710 1920 877 1952 suppeteret.
887 1917 965 1944 Post-

180 1971 260 1999 quam
280 1967 371 1992 autem
394 1963 462 1991 ﬁdes
487 1966 593 1995 nostra,
617 1966 645 1989 et
664 1962 774 1997 scriptis
794 1962 963 1997 consignata.

1013 1093 1060 1120 καὶ
1074 1094 1307 1130 ωμπρεσσυτέρῳ
1331 1094 1470 1129 Κληδονίῳ
1491 1093 1640 1130 Γρηγόριος
1658 1094 1687 1119 ὲν
1705 1092 1802 1128 Κυρίῳ

1013 1139 1129 1174 χαίρειν.

1048 1185 1204 1221 Βουλόμεθα
1221 1185 1277 1221 (I9)
1309 1185 1426 1220 μαθεῖν,
1444 1185 1485 1217 τίς
1511 1185 1528 1220 ἡ
1551 1183 1712 1219 καινοτομία
1737 1183 1802 1219 περὶ

1012 1232 1062 1268 τὴν
1089 1232 1252 1267 Ἐκκλησίαν
1265 1252 1273 1264 ,
1294 1232 1327 1258 ἵν’
1342 1231 1389 1268 ἐξῇ
1414 1232 1494 1259 παντὶ
1511 1230 1664 1266 βουλομένῳ
1682 1230 1730 1257 καὶ
1749 1238 1802 1256 τα-

1015 1276 1226 1312 ραπορευομὲνῳ
1238 1296 1246 1309 ,
1266 1277 1338 1304 κατὰ
1352 1277 1381 1304 τὸ
1393 1276 1586 1313 γεγραμμένον
1597 1296 1604 1307 ,
1616 1276 1732 1310 διασπᾷν
1751 1275 1802 1310 τὴν

1014 1324 1132 1358 ποίμνην
1159 1323 1249 1354 καλῶς
1277 1323 1417 1358 ὴγμένην,
1438 1324 1484 1350 καὶ
1514 1321 1682 1356 συλαγωγείν
1705 1321 1801 1347 κλοπι-

1015 1370 1104 1404 μαίοις
1119 1368 1236 1403 ἐφόδοις,
1253 1369 1352 1404 μᾶλλον
1363 1369 1392 1395 δὲ
1406 1369 1562 1404 ληστρικοίς
1576 1368 1622 1394 καὶ
1637 1367 1802 1404 παραλόγοις

1013 1415 1182 1450 διδάγμασιν.
1213 1415 1245 1441 Et
1278 1414 1327 1449 μὲν
1353 1414 1408 1450 γὰρ
1428 1412 1499 1449 εἶχόν
1531 1423 1556 1440 τι
1586 1413 1801 1447 καταγινώσκειν

1014 1460 1092 1496 ἡμῶν
1111 1461 1174 1496 περ).
1186 1460 1235 1496 τὴν
1257 1461 1348 1488 πίστιν
1369 1460 1394 1486 al
1418 1459 1466 1487 νῦν
1483 1460 1641 1491 ἐπελθόντες
1655 1459 1726 1494 (20),
1746 1458 1801 1485 οὐδ’

1013 1506 1085 1533 οὕτω
1101 1507 1149 1542 μὲν
1172 1507 1256 1543 χωρὶς
1278 1507 1457 1542 ὑπομνήσεως
1471 1507 1549 1542 ἡμῶν
1570 1506 1622 1532 ἔδει
1641 1505 1675 1532 τὰ
1690 1504 1802 1532 τοιαῦτα

1014 1552 1125 1588 τολμᾷν.
1141 1552 1235 1579 Πεῖσαι
1248 1553 1302 1588 γὰρ
1318 1552 1401 1588 ἐχρῆν
1415 1552 1431 1588 ῆ
1445 1552 1591 1587 πεισθῆναι
1607 1551 1718 1587 θελῆσαι
1737 1550 1803 1586 πρό-

1013 1606 1092 1634 τερον
1106 1598 1195 1634 (εἴπερ
1212 1607 1254 1630 τις
1278 1598 1326 1625 καὶ
1347 1598 1425 1634 ἡμῶν
1441 1597 1519 1631 λόγος
1530 1619 1537 1630 ,
1557 1597 1596 1629 ὡς
1609 1597 1655 1624 τὸν
1672 1597 1802 1634 Θεὸηφο-

1015 1643 1154 1679 ὃουμὲνων
1169 1645 1217 1671 καὶ
1231 1644 1419 1670 κοπιασάντων
1436 1644 1506 1680 ὑπὲρ
1519 1643 1567 1670 τοῦ
1583 1643 1662 1678 λόγου
1672 1663 1679 1674 ,
1695 1643 1742 1670 κα).
1754 1642 1804 1678 τὴν

1022 1689 1185 1725 Ἐκκλησίαν
1205 1689 1432 1725 ὠφελησάντων),
1453 1691 1501 1717 καὶ
1521 1689 1581 1716 τότε
1596 1710 1602 1722 ,
1630 1689 1709 1725 εἴπερ
1737 1689 1802 1724 ἄρα,

1016 1737 1201 1771 καινοτομεῖν,
1224 1736 1294 1768 πλὴν
1319 1736 1366 1762 καὶ
1392 1736 1525 1770 ἀπολογία
1548 1744 1589 1767 τις
1613 1732 1646 1770 ἦν
1667 1735 1731 1766 ἴσως
1748 1735 1804 1766 τοῖς

1019 1782 1169 1817 ὑϐρισταῖς.
1192 1782 1300 1817 Ἐπειδὴ
1320 1781 1347 1808 δὲ
1372 1782 1419 1808 καὶ
1435 1782 1581 1817 ἐγγράφως
1598 1781 1645 1808 καὶ
1661 1780 1802 1816 ἀγράφως.

1017 1827 1065 1852 καὶ
1079 1826 1194 1853 ἐνταῦοα
1209 1828 1256 1853 καὶ
1270 1827 1447 1863 πορρωτέρω,
1461 1827 1508 1854 καὶ
1524 1826 1593 1862 μετὰ
1609 1826 1739 1854 κινδύνων
1748 1825 1804 1861 (21)

1018 1871 1065 1898 καὶ
1089 1871 1253 1904 ἀκινδύνως,
1279 1873 1296 1908 ή
1320 1873 1410 1904 πίστις
1435 1872 1513 1908 ἡμῶν
1529 1873 1718 1908 κεκήρυκται,
1746 1871 1805 1903 πῶς

1017 1917 1041 1943 οἱ
1073 1917 1121 1952 μὲν
1150 1917 1304 1952 ἐγχειροῦσι
1332 1919 1388 1949 τοῖς
1417 1918 1568 1950 τοιούτοις,
1595 1918 1620 1944 ot
1648 1917 1677 1943 δὲ
1703 1917 1806 1960 ἡσυχά-

1019 1961 1094 1994 ζουσι
1111 1962 1187 1997 (22);

181 2015 205 2039 ει
217 2012 307 2039 verbis
324 2018 465 2047 expressa.
479 2014 506 2038 et
523 2010 567 2037 hic
583 2013 610 2037 et
626 2009 746 2044 longius,
761 2014 789 2036 et
812 2010 840 2036 in
854 2010 985 2045 periculis
999 2013 1026 2037 et
1044 2009 1072 2036 in
1100 2009 1299 2045 tranquillitate
1328 2009 1475 2045 praedicata
1505 2013 1558 2042 est,
1586 2016 1704 2045 quonam
1726 2012 1806 2044 pacto

182 2057 218 2085 .lli
237 2057 348 2092 quidem
363 2064 409 2085 res
422 2055 582 2091 hujusmodi
594 2059 712 2087 tentant,
733 2055 761 2082 bi
782 2059 874 2082 autem
887 2056 1007 2090 quietem
1022 2055 1128 2090 agunt?

227 2099 284 2132 Nec
309 2112 376 2132 vero
407 2103 497 2131 adhuc
530 2103 597 2131 illud
624 2102 767 2137 indignum
797 2102 965 2130 censendum

183 2156 222 2178 εει
236 2150 379 2185 (quamvis
405 2150 502 2184 utique
531 2155 612 2184 grave
633 2152 717 2183 atque
741 2147 884 2184 indignum
905 2147 964 2182 sit),

183 2196 252 2231 quod
285 2195 412 2222 homines
446 2194 492 2222 isti
519 2201 630 2229 pravam
671 2201 749 2221 suam
795 2195 964 2222 sententiam

183 2241 396 2277 simplicioribus
408 2240 508 2267 animis
520 2247 568 2274 per
583 2239 752 2267 versutiores
769 2243 796 2266 et
814 2240 965 2275 improbio-

184 2294 226 2314 res
242 2285 402 2318 infundunt,
423 2283 471 2312 sed
486 2283 560 2319 quod
581 2283 615 2311 de
637 2283 716 2311 nobis
733 2283 802 2310 falso
822 2284 967 2310 commini-

186 2336 308 2363 scuntur,
325 2337 455 2366 tanquam
468 2330 541 2358 idem
556 2337 589 2357 ac
605 2330 643 2357 illi
656 2330 809 2358 sentiamus
827 2334 855 2357 et
876 2331 968 2365 sapia-

186 2384 254 2408 .nus.
267 2383 359 2404 escam
373 2375 501 2403 videlicet
524 2373 607 2401 hamo
626 2373 841 2404 circumdantes,
867 2373 969 2408 impro-

1053 2103 1108 2130 Καὶ
1127 2103 1186 2139 οὐχ)
1211 2103 1290 2130 τοῦτό
1309 2112 1352 2130 πω
1374 2103 1473 2137 δεινὸν,
1488 2104 1588 2140 καίπερ
1609 2103 1639 2130 ὃν
1653 2104 1738 2131 δεινὸν
1750 2124 1757 2136 ,
1780 2104 1806 2130 εἱ

1018 2147 1068 2183 τὴν
1093 2147 1197 2174 ἑαυτῶν
1222 2148 1382 2181 κακοδοξίαν
1409 2149 1464 2183 (23)
1490 2148 1629 2185 ἄνθρωποι
1657 2150 1716 2179 ταῖς
1742 2149 1806 2176 ἀκε-

1020 2192 1173 2228 ραιοτέραις
1187 2194 1286 2228 ψυχαῖς
1308 2194 1352 2221 διὰ
1372 2194 1426 2221 τῶν
1447 2195 1673 2230 κακουργοτέρων
1687 2195 1807 2221 ἐναποτί-

1020 2237 1110 2264 θενται
1126 2238 1196 2273 (24),
1221 2239 1277 2265 ἀλλ’
1295 2239 1335 2266 ὅτι
1353 2239 1400 2265 καὶ
1422 2239 1500 2274 ἡμῶν
1526 2239 1753 2274 καταψεύδονται,
1769 2239 1807 2271 ὼς

1020 2283 1154 2319 ὁμοδόξων
1166 2285 1212 2311 καὶ
1230 2286 1388 2321 όμοφρόνων
1399 2306 1405 2317 ,
1431 2285 1471 2321 τῷ
1488 2285 1580 2321 χαλκῷ
1602 2286 1633 2312 τὸ
1648 2285 1744 2321 δέλεαρ
1759 2294 1807 2311 πε-

1023 2330 1210 2364 ριϐάλλοντες.
1231 2333 1279 2358 καὶ
1295 2331 1340 2358 διὰ
1365 2331 1413 2358 τοῦ
1435 2332 1629 2368 προσχήματος
1653 2331 1748 2358 τούτου
1777 2331 1807 2358 τὸ

1021 2374 1124 2401 ἑαυτῶν
1137 2375 1242 2411 θέλημα
1258 2376 1350 2408 κακῶς
1369 2376 1570 2412 ἐκπληροῦντες
1579 2396 1587 2408 ,
1602 2376 1649 2403 καὶ
1661 2377 1711 2411 τὴν
1724 2375 1807 2402 ἁπλό-

186 2429 269 2456 neque
282 2429 329 2456 per
340 2420 414 2447 hunc
425 2420 566 2447 obtentum
577 2418 754 2454 cupiditatem
770 2425 847 2445 suam
860 2418 964 2453 explen-

1023 2428 1090 2455 τητα
1111 2420 1188 2456 ἡμῶν
1199 2441 1206 2454 ,
1231 2421 1261 2455 ἐξ
1277 2419 1310 2458 ἧς
1328 2421 1478 2457 ἁδελφικῶς
1495 2423 1592 2454 αὐτοὺς
1607 2421 1748 2458 ἑωρῶμεν,
1761 2421 1807 2448 καὶ

217 2482 251 2498 ³⁹⁹
270 2480 344 2508 Psal.
362 2488 455 2514 Lulx,
471 2480 513 2506 l5.

219 2536 274 2570 (t7)
296 2536 371 2563 Alias
393 2540 462 2563 orat.
487 2535 517 2562 L.
541 2534 646 2569 Scripta
665 2542 737 2561 anno
757 2534 969 2570 382.—7‘E:u-

186 2571 280 2605 στολὴ
297 2574 334 2599 α’.
347 2571 425 2599 Coll).
440 2572 456 2598 5
470 2571 541 2597 κατᾶ
554 2570 759 2605 Ἀπολλιναρίου
774 2570 852 2604 λόγος
867 2569 899 2605 β’.
912 2570 970 2597 Μο-

187 2607 236 2633 rel.
253 2606 332 2633 λόγος
351 2606 387 2633 α’.

187 2614 236 2634 ret.
253 2614 332 2640 Λογος
351 2615 368 2632 α
380 2626 387 2633 .

221 2643 275 2676 (18)
290 2638 522 2676 ’Θεοφιλεστάτῳ
541 2639 669 2674 ἀδελφῷ.
688 2640 718 2667 In
739 2639 801 2667 cod.
820 2639 884 2674 Reg.
900 2638 922 2665 Β
942 2642 970 2666 et

188 2675 270 2704 Orat.
278 2677 295 2703 2
312 2677 388 2703 deest
403 2675 521 2710 ἀδελφῷ.

220 2711 276 2747 (l9)
294 2711 481 2747 Βουλόμεθατ
492 2709 616 2747 Combe].
635 2710 775 2747 βούλομαι.

222 2744 277 2779 (ΞΟ)
291 2746 354 2772 [νῦν
372 2744 560 2778 ἐπελθόντες.
574 2744 703 2777 Μοηὶξιεη
724 2744 819 2772 Morel.
841 2752 873 2771 ac
888 2744 970 2771 Com-

185 2781 240 2810 bef.
257 2780 467 2810 ἐπεισελθόντες.

223 2816 277 2851 (21)
291 2815 370 2842 Μετὰ
393 2815 551 2851 mulius-tor,
575 2819 629 2842 etc.
646 2814 723 2842 Colb.
742 2814 770 2846 3,
789 2814 858 2849 μετὰ
879 2813 970 2841 κινδύ-

185 2849 243 2881 νου,
261 2849 308 2877 καὶ
324 2851 387 2877 ἄνευ
401 2849 532 2877 κινδύνου.

1059 2534 1115 2568 (22)
1134 2536 1165 2561 Ol
1176 2534 1211 2562 δὲ
1224 2534 1420 2568 ἡσυχάζουσι.
1435 2534 1559 2562 Combel'.
1575 2534 1611 2562 Hi
1622 2539 1711 2562 autem
1718 2533 1806 2561 silent.

1059 2570 1115 2603 (23)
1131 2569 1326 2602 Κακοδοξίαν.
1344 2569 1381 2596 lla
1403 2570 1479 2597 (λιιι).
1500 2569 1526 2601 5,
1551 2574 1578 2596 et
1601 2571 1628 2597 in
1644 2570 1826 2605 quibusdam.

1023 2605 1088 2646 edit:
1106 2605 1211 2632 Habent
1230 2605 1354 2632 nonnulli
1370 2605 1532 2637 κενοδοξίαν,
1548 2613 1642 2632 vanam
1657 2613 1733 2632 suam
1747 2612 1793 2631 seu

1024 2646 1143 2667 tentiam.

1059 2675 1114 2711 (Ἡ)
1128 2675 1378 2711 Ἐνιιποτίθεντοιιἶ
1390 2674 1518 2706 Monum,
1534 2674 1626 2701 Morel.
1643 2683 1674 2701 ac
1684 2673 1808 2711 Combel'.

1023 2710 1116 2745 legunt
1131 2710 1335 2737 ὲναποτίθενται
1349 2710 1445 2744 λόγων,
1466 2718 1512 2744 per
1522 2711 1676 2737 rersutiores
1690 2710 1811 2745 [alluring

1026 2744 1118 2780 resque
1142 2753 1272 2772 sermones
1297 2745 1449 2779 inlundunt.
1474 2745 1534 2772 Mox
1559 2746 1639 2772 vertit
1656 2745 1715 2772 Βιιι.
1732 2755 1738 2772 :
1757 2744 1809 2772 Sed

1023 2781 1092 2815 quod
1106 2789 1152 2807 nos
1166 2781 1247 2807 etiam
1259 2781 1428 2814 insimulant,
1443 2785 1568 2815 tanquam
1583 2781 1654 2808 idem
1668 2781 1808 2808 sentientes

1023 2821 1047 2843 et
1058 2815 1148 2843 eodem
1165 2815 1242 2842 modo
1257 2815 1375 2850 a/fectos.
