1931 3056
143 171 196 199 177

861 170 1029 199 EPISTOLA
1048 171 1092 199 Cl.

1725 169 1778 198 ΠΒ

142 231 193 258 οὐκ
210 229 375 265 ἀλλοτρίως,
393 229 492 261 κακίας
504 228 609 264 ἑφόδιον
626 229 823 265 ποιησάμενοι·
840 230 871 256 οὔ
889 231 933 265 μό-

991 233 1040 263 tes,
1058 237 1090 256 ac
1103 229 1304 265 simplicitatem
1322 235 1458 261 nostram,
1472 235 1526 264 qua
1553 227 1646 261 ﬁebat,
1667 233 1696 256 ut
1724 229 1779 256 tra-

145 286 189 303 vov
209 276 255 308 δὲ,
281 276 339 302 ἀλλ’
360 276 400 302 ὅτι
418 276 465 303 καὶ
485 276 538 302 ὑπὸ
553 276 603 312 τῆς
620 276 733 311 δυτικῆς
753 276 863 303 συνόδου
879 275 936 311 (25)

145 321 266 356 δεδέχθαι
282 321 363 355 φασὶν
376 340 384 353 ,
402 321 440 353 ὼς
467 321 648 357 πυνθάνομαι,
670 322 715 356 ὑφ’
735 319 768 358 ἧς
789 321 819 348 τὸ
837 321 937 357 πρότε-

145 376 190 403 ρον
202 366 271 403 ἦσαν
287 368 514 404 κατακριθέντες,
529 368 567 400 ὡς
583 369 666 396 πᾶσιν
686 368 807 404 εὔδηλον.
830 369 861 395 ΕΞ
886 369 937 404 μὲν

143 412 189 440 οὖν
208 413 356 449 ἐδέχθησαν
386 413 402 449 ἢ
428 413 476 440 νῦν
496 413 511 449 ἢ
537 414 669 449 πρότερον
684 416 707 441 οἱ
725 415 759 441 τὰ
779 415 936 442 Ἀπολλινα-

146 461 203 496 ρίου
234 459 396 495 φρονοῦντες
415 480 423 493 ,
455 460 534 486 τοῦτο
562 460 728 492 δειξάτωσαν
746 482 753 494 ,
782 462 829 488 καὶ
855 462 936 497 ἡμεῖς

145 505 303 542 στέρξομεν.
320 505 404 541 Δῆλον
423 505 478 541 γὰρ
493 506 549 541 (‘26)
560 527 567 539 ,
587 507 628 533 ’ὁτι
646 506 685 542 τῷ
700 507 773 543 ὀρθῷ
785 507 856 543 λόγῳ
872 516 935 533 συν-

144 552 266 588 θέμενον
285 552 345 578 οὐδὲ
368 552 422 587 γὰρ
446 552 582 587 ἐνδέχεται
597 552 652 589 (27)
670 553 773 586 ἄλλως,
791 555 815 580 εἰ
838 553 934 580 τούτου

142 598 317 634 τετυχήκασι.
343 598 465 631 Δείξουσι
481 598 510 625 δὲ
527 599 646 631 πάντως,
670 599 686 635 ἢ
706 599 750 626 διὰ
769 599 853 635 τόμου
872 608 936 627 συν-

142 642 252 675 οδικοῦ,
278 643 295 678 ἢ
326 642 361 669 δι’
391 642 540 669 ἐπιστολῶν
565 642 751 669 κοινωνικῶν·
775 640 852 674 οὗτος
879 642 935 678 γὰρ

142 689 196 716 τῶν
218 688 334 715 συνόδων
350 689 364 715 ὁ
380 688 470 723 νόμος.
494 688 525 714 El
553 687 582 714 δὲ
603 687 682 722 λόγος
705 687 784 714 τοῦτό
807 688 865 714 ἐστι
888 688 935 714 καὶ

142 734 337 769 ἀναπλασμδς,
355 733 523 769 εὐπρεπείας
537 732 631 760 ἕνεκεν
651 733 743 765 αὐτοῖς
765 733 812 759 καὶ
825 731 935 759 πιθανό-

141 789 223 816 τητος
241 782 291 816 τῆς
313 779 382 815 πρδς
395 779 459 811 τοὺς
475 778 589 811 πολλοὺς
602 779 753 815 εὑρημένος
767 778 811 806 διὰ
830 778 860 805 τὸ
880 778 934 805 τῶν

141 825 296 862 προσώπων
313 825 485 859 ἀξιόπιστον,
504 824 611 857 δίδαξον
626 824 726 856 αὐτοὺς
745 824 869 860 ἠρεμεῖν,
886 824 935 851 καὶ

141 872 272 908 διέλεγχε.
293 872 331 907 Τῇ
350 871 404 908 γὰρ
424 873 456 907 σῇ
476 871 600 907 πολιτείᾳ
627 871 675 898 καὶ
691 870 832 907 ὸρθοδοξίᾳ
854 869 934 897 τοῦτο

141 919 258 954 πρέπειν
276 918 516 954 ὑπολαμῦάνομεν.

989 281 1067 303 terno
1083 274 1192 308 aﬂ‘ectu,
1207 283 1262 302 non
1276 278 1366 303 autem
1383 275 1473 302 alieno
1489 275 1583 302 animo
1602 282 1651 302 eos
1672 275 1777 310 aspice-

988 328 1102 354 remus,
1127 320 1156 348 in
1188 320 1333 355 pravitatis
1360 320 1536 348 occasionem
1564 325 1592 348 et
1620 320 1778 349 subsidium

987 366 1162 401 arripientes.
1179 365 1220 392 Ad
1233 372 1315 399 quam
1335 364 1527 399 indignitatem
1545 364 1613 391 illud
1629 364 1712 392 etiam
1729 371 1777 391 ac-

987 411 1070 443 cedit,
1080 410 1153 446 quod
1162 411 1195 437 ab
1204 410 1368 438 occidentali
1378 409 1483 445 synodo
1494 417 1565 442 sese,
1576 413 1606 436 ut
1616 409 1709 441 audio,
1720 417 1780 437 sus-

986 460 1083 490 ceptos
1095 463 1157 483 esse
1171 455 1261 487 aiunt,
1277 462 1293 481 a
1307 462 1362 489 qua
1376 454 1453 489 prius
1468 454 1577 481 fuerant
1590 453 1777 486 condemnati,

987 505 1016 529 ut
1031 501 1120 530 cuivis
1132 505 1173 530 est
1182 501 1366 537 exploratum.
1377 500 1415 528 Ac
1422 500 1545 536 quidem,
1553 500 1577 528 si
1588 500 1631 529 vel
1642 500 1779 534 nunc,vel

986 551 1050 575 ante
1062 547 1183 583 suscepti
1195 550 1270 579 sunt,
1280 547 1327 582 qui
1339 546 1500 582 Apoilinarii
1513 547 1613 582 placita
1625 550 1776 579 sectantur,

986 592 1040 620 hoc
1054 593 1214 625 ostendant,
1233 596 1260 620 et
1286 600 1337 620 nos
1357 592 1575 627 acquiescemus.
1598 591 1778 628 Perspicuum

985 642 1027 668 est
1041 638 1114 666 enim
1130 646 1190 671 eos,
1206 643 1237 666 ut
1253 643 1334 666 rectm
1348 638 1483 666 doctrinae
1501 638 1696 671 assentientes,
1713 647 1778 667 sus«

985 689 1080 720 ceptos
1100 685 1187 713 fuisse
1208 694 1215 714 :
1236 693 1288 713 nec
1301 685 1374 713 enim
1391 685 1470 713 aliter
1487 693 1518 713 se
1537 693 1581 713 res
1601 685 1703 714 habere
1728 694 1778 721 po-

985 736 1054 766 test,
1071 732 1095 760 si
1113 732 1165 759 hoc
1180 732 1321 760 consecuti
1345 736 1420 760 sunt.
1437 731 1556 760 Omnino
1576 737 1667 760 autem
1685 737 1778 760 osten-

984 779 1060 811 dent,
1078 778 1121 806 vel
1134 786 1183 814 per
1196 778 1355 814 synodalem
1369 778 1492 806 libellum
1514 779 1556 806 vel
1572 786 1620 814 per
1646 779 1777 814 epistolas

985 825 1189 853 communionis
1215 824 1346 854 indices:
1368 833 1432 852 natn
1459 825 1504 852 hic
1530 825 1697 860 synodorum
1717 833 1778 853 mos

985 877 1037 900 est.
1052 871 1082 899 Si
1097 876 1186 900 autem
1211 872 1264 899 hoc
1282 880 1375 900 merus
1391 876 1433 900 est
1447 879 1538 900 sermo
1554 880 1586 898 ac
1606 871 1775 906 ﬁgmentum,

948 916 969 943 B
984 917 1102 953 speciosi
1124 916 1267 952 cujusdam
1289 916 1397 944 decoris
1412 925 1506 949 causa,
1527 921 1554 944 et
1573 921 1601 943 ut
1617 917 1697 944 [idem
1723 918 1777 945 sibi

141 967 177 994 ob
205 974 386 1002 personarum
412 966 603 993 auctoritatem
640 965 712 1001 apud
753 965 958 992 multitudinem
985 964 1143 994 concilient.
1172 964 1206 992 ab
1233 964 1300 1000 ipsis
1329 965 1530 999 excogitatum,
1552 963 1608 999 85
1636 960 1778 1000 quiescere

141 1021 215 1048 Ipsos
226 1013 304 1045 doce,
317 1020 350 1040 ac
361 1020 489 1048 coargue.
505 1011 571 1040 Tute
585 1012 685 1047 quippe
696 1013 758 1040 vita:
773 1012 872 1039 rationi
888 1020 920 1039 ac
937 1015 1018 1040 recta:
1032 1011 1093 1039 lldei
1112 1011 1164 1039 hoc
1178 1012 1326 1039 convenire
1340 1012 1540 1039 existimamus.

176 1061 222 1095 Μὴ
238 1060 419 1087 ἁπατάτωσαν
434 1061 458 1087 of.
471 1060 621 1096 ἅνθρωποι,
637 1060 704 1096 μηδὲ
720 1059 933 1092 ἀπατάσοωσαν,

141 1106 283 1142 ἄνθρωπον
308 1107 388 1133 ἄνουν
413 1106 554 1142 δεχόμενοι
575 1105 620 1132 τὺν
637 1105 776 1142 Κυριακὸν
803 1106 874 1141 (28),
897 1105 935 1137 ὡς

141 1153 220 1180 αὐτοὶ
234 1152 354 1186 λέγουσι,
372 1153 472 1187 μᾶλλον
483 1153 511 1179 δὲ
525 1153 570 1180 τὸν
584 1152 686 1189 Κύριον
701 1152 781 1188 ἡμῶν
794 1152 841 1178 καὶ
857 1151 934 1179 Θεόν.

140 1197 209 1224 Οὐδὲ
230 1197 285 1233 γὰρ
308 1198 354 1224 τὸν
374 1198 516 1233 ἄνθρωπον
546 1197 700 1233 χωρίζομεν
722 1198 772 1232 τῆς
796 1197 934 1233 θεότητος,

141 1241 199 1268 ἀλλ’
210 1241 258 1268 ’ἐνα
272 1242 320 1269 καὶ
336 1242 382 1269 τὸν
401 1242 481 1268 αὐτον
499 1241 709 1277 δογματίζομεν,
731 1242 863 1278 πρότερον
886 1241 935 1277 μὲν

141 1288 192 1314 οὐκ
204 1288 356 1324 ἄνθρωπον,
371 1288 439 1315 ἀλλὰ
454 1288 520 1314 Θεὸν
532 1289 579 1314 καὶ
596 1288 659 1315 Υἱὸν
674 1288 754 1323 μόνον
770 1288 824 1323 (‘29)
840 1296 936 1322 προαι-

141 1333 231 1366 ώνιον,
251 1335 337 1370 ἀμιγῆ
364 1334 499 1370 σώματος,
520 1335 567 1361 καὶ
587 1334 641 1361 τῶν
664 1335 714 1361 ὅσα
737 1333 872 1369 σώματος,
889 1334 935 1360 ἐπὶ

140 1379 213 1406 τέλει
226 1380 254 1406 δὲ
270 1381 317 1407 καὶ
336 1380 494 1416 ἄνθρωπον,
513 1380 720 1417 προσληφθέντα
734 1380 803 1417 ὑπὲρ
817 1380 866 1415 τῆς
881 1389 934 1407 σω-

141 1426 239 1462 τηρίας
253 1426 301 1462 τῆς
315 1427 462 1462 ἡμετέρας,
473 1426 594 1461 παθητὸν
609 1426 700 1462 σαρκὶ,
713 1426 803 1462 ἀπαθῆ
816 1426 933 1462 θεότητι,

142 1471 329 1506 ’περιγραπτὺν
355 1470 470 1506 σώματι,
491 1472 696 1507 ἀπερίγραπτον
717 1471 866 1506 πνεύματι,
888 1471 934 1498 τὸν

141 1517 224 1543 αὐτὸν
244 1518 363 1552 ἐπίγειον
383 1518 429 1544 καὶ
447 1517 583 1553 οὐράνιον,
601 1517 740 1553 ὁρώμενον
759 1517 806 1544 καὶ
826 1517 936 1553 νοούμε-

1020 1058 1060 1086 Ne
1078 1058 1204 1086 homines
1220 1058 1265 1086 isti
1280 1058 1349 1086 alios
1361 1058 1509 1094 decipiant,
1526 1058 1704 1094 vicissimque
1718 1058 1772 1094 ipsi

984 1104 1168 1140 decipiantur,
1189 1104 1332 1132 hominem
1344 1104 1530 1138 Dominicum,
1546 1108 1575 1132 ut
1590 1104 1641 1140 ipsi
1659 1105 1778 1140 loquun-

985 1155 1039 1184 tur,
1053 1152 1095 1179 vel
1108 1151 1200 1186 potius
1214 1150 1362 1179 Dominum
1376 1155 1502 1179 nostrum
1519 1155 1548 1179 et
1562 1150 1659 1184 Deum,
1676 1151 1778 1179 mentis

985 1200 1125 1232 expertem
1149 1204 1211 1225 esse
1226 1200 1392 1224 asserentes.
1408 1195 1502 1232 Neque
1515 1197 1588 1225 enim
1602 1197 1741 1225 hominem
1761 1206 1777 1225 a

986 1243 1130 1270 divinitate
1147 1250 1326 1278 separamus,
1345 1242 1391 1270 sed
1413 1250 1497 1270 unum
1514 1247 1541 1271 et
1555 1243 1681 1271 eumdem
1694 1244 1778 1279 proli-

987 1293 1087 1321 temur,
1101 1289 1178 1324 prius
1204 1289 1315 1324 quidem
1340 1297 1396 1316 non
1412 1288 1561 1322 hominem,
1583 1289 1630 1317 scd
1649 1289 1734 1317 Deum
1751 1294 1778 1317 et

986 1334 1088 1362 Filium
1113 1335 1237 1368 unicum,
1254 1342 1286 1362 ac
1311 1333 1419 1362 saeculis
1440 1334 1568 1362 omnibus
1582 1333 1777 1382 antiquiorem,

987 1388 1002 1407 a
1017 1388 1135 1416 corpore
1155 1381 1294 1416 rebusque
1310 1380 1439 1408 omnibus
1457 1380 1599 1415 corporeis
1623 1380 1722 1415 purum
1750 1383 1778 1407 et

987 1433 1141 1460 secretum;
1165 1427 1192 1454 in
1218 1426 1271 1454 ﬁne
1285 1430 1375 1454 autem
1402 1426 1484 1454 etiam
1501 1425 1649 1457 hominem,
1665 1430 1779 1461 propter

988 1473 1103 1502 salutem
1130 1476 1253 1500 nostram
1282 1477 1474 1508 assumptum,
1501 1479 1583 1500 carne
1606 1471 1776 1506 passibilem,

989 1518 1132 1546 divinitate
1159 1518 1367 1552 impassibilem,
1383 1524 1499 1553 corpore
1521 1516 1777 1550 circumscriptum,

140 1572 197 1594 νον,
223 1563 347 1599 χωρητὸν
365 1564 413 1590 καὶ
435 1562 592 1599 ὰχώρητον,
612 1564 645 1590 ἵν’
665 1563 719 1598 ὅλῳ
741 1563 878 1599 ἀνθρώπῳ
897 1563 933 1599 τῷ

991 1564 1087 1600 spiritu
1117 1563 1408 1598 incircumscriptum,
1437 1567 1576 1591 terrenum
1601 1562 1728 1590 eumdem
1750 1565 1779 1589 et

140 1610 217 1646 αὐτῷ
245 1611 292 1637 καὶ
317 1609 378 1645 Θεῷ
400 1610 460 1642 ὅλος
487 1609 630 1646 ἄνθρωπος
657 1609 816 1646 ἀναπλασθῇ
845 1609 934 1636 πεσὼν

141 1657 195 1683 ὑπὸ
209 1657 258 1692 τὴν
273 1656 420 1694 ἁμαρτίαν.

181 1791 214 1818 Εἴ
228 1788 272 1822 τις
293 1790 323 1817 οὐ
334 1789 466 1816 Θεοτόκον
488 1789 539 1824 τὴν
556 1789 638 1823 ἁγίαν
661 1788 771 1824 Μαρίαν
791 1789 846 1825 (50)
870 1790 935 1816 ὑπο-

140 1837 286 1873 λαμϐάνει.
306 1837 391 1873 χωρὶς
407 1836 465 1863 ἐστὶ
487 1835 543 1869 (5|)
560 1836 609 1871 τῆς
633 1835 769 1871 θεότητος.
793 1836 826 1862 Εἴ
839 1844 880 1867 τις
895 1835 934 1868 ὡς

140 1884 185 1910 διὰ
202 1882 321 1918 σωλῆνος
336 1883 385 1917 τῆς
403 1881 542 1917 Παρθένου
558 1881 672 1916 δραμεῖν
686 1881 754 1916 (52),
767 1880 834 1908 ἀλλὰ
850 1881 887 1916 μὴ
906 1882 934 1909 ὲν

140 1931 209 1965 αὐτῇ
233 1928 433 1956 διαπεπλάσθαι
458 1928 531 1962 λέγοι
557 1927 656 1958 θεῖκῶς
680 1927 737 1962 ἃμα
758 1927 805 1954 καὶ
828 1927 934 1963 ἀνθρω-

104 1969 110 1976 ’
141 1976 242 2008 πικῶς·
260 1975 359 2007 θεῖκῶς
381 1975 439 2010 μὲν,
458 1973 500 2000 ὅτι
526 1973 610 2009 χωρὶς
628 1972 734 2007 ἀνδρός·
754 1972 935 2008 ἀνθρωπικῶς

140 2022 179 2054 δὲ,
200 2023 242 2049 ὄτι
264 2022 338 2057 νόμῳ
363 2021 487 2055 κυήσεως
510 2011 577 2054 (35),
600 2018 702 2053 ὁμοίως
719 2018 808 2051 ἄθεος.
838 2019 872 2046 Εἴ
891 2029 935 2052 τις

140 2068 339 2095 διαπεπλάσθαι
357 2068 403 2094 τὸν
421 2066 578 2102 ἄνθρωπον,
596 2064 646 2093 εἷθ’
666 2065 859 2092 ὑποδεδυκέναι
877 2066 933 2102 (54)

176 2129 233 2163 (25)
256 2127 330 2154 Ὑπὸ
339 2111 395 2160 εῆς
406 2126 532 2163 δυςικῆς
547 2126 697 2163 συνόδου..
708 2125 841 2154 Damasus
854 2127 932 2155 urbis

141 2161 234 2191 nam
245 2164 391 2198 episcopus
402 2167 429 2189 et
441 2161 538 2189 Petrus
550 2161 763 2192 Alexandrinus.
776 2170 838 2189 eum
849 2162 931 2197 Apol-

141 2199 232 2226 Iinarii
253 2199 378 2226 haeresim
402 2197 483 2224 latius
501 2204 611 2232 serpere
627 2197 814 2232 agnovissent.
831 2202 929 2226 coacto

139 2234 235 2262 Romae
246 2234 375 2265 concilio,
393 2232 510 2259 alienam
524 2231 583 2259 eam
603 2239 666 2259 esse
685 2232 719 2259 ab
735 2231 856 2261 Ecclesia
867 2234 930 2261 uni-

988 1610 1141 1641 cozlestem,
1157 1609 1293 1637 visibilem
1314 1613 1341 1636 et
1358 1609 1567 1644 intelligibilem,
1595 1608 1778 1644 comprehcn-

986 1654 1095 1682 sibilem
1120 1657 1147 1682 et
1176 1655 1483 1690 incompreliensibilem
1499 1663 1507 1688 ;
1526 1658 1555 1682 ut
1573 1662 1621 1689 per
1640 1655 1777 1686 eumdem,

985 1704 1074 1727 totum
1100 1699 1239 1727 hominem
1267 1700 1349 1727 simul
1377 1707 1409 1727 ac
1427 1699 1524 1734 Deum,
1550 1703 1625 1727 totus
1642 1699 1725 1727 homo
1749 1700 1780 1728 in

984 1749 1126 1782 peccatum
1142 1746 1237 1782 lapsus
1252 1746 1413 1780 reﬁngatur.
1453 1738 1456 1742 ”

1022 1792 1051 1820 Si
1073 1793 1137 1828 quis
1161 1796 1286 1820 sanctam
1305 1792 1420 1820 Mariam
1444 1791 1589 1828 Deiparam
1606 1801 1662 1821 non
1678 1792 1777 1825 credit,

985 1842 1063 1866 extra
1079 1838 1250 1866 divinitatem
1266 1842 1319 1866 est.
1341 1837 1369 1865 Si
1384 1837 1447 1873 quis
1465 1838 1608 1866 Christum
1623 1845 1672 1873 per
1685 1837 1779 1874 Virgi-

985 1891 1047 1911 nem
1062 1887 1194 1918 tanquam
1216 1891 1265 1919 pcr
1284 1883 1408 1910 canalem
1427 1883 1549 1915 ﬂuxisse,
1567 1891 1622 1911 non
1643 1888 1734 1911 autern
1751 1884 1778 1910 in

985 1937 1018 1957 ea
1037 1930 1131 1958 divino
1151 1930 1234 1957 simul
1264 1934 1290 1957 et
1309 1930 1431 1957 humano
1454 1929 1536 1957 modo
1554 1929 1701 1957 formatum
1716 1937 1779 1958 esse

986 1975 1096 2008 dixerit,
1113 1975 1219 2008 divino,
1245 1976 1310 2011 quia
1336 1976 1441 2011 absque
1458 1976 1512 2003 viri
1528 1983 1627 2011 opera;
1646 1976 1777 2006 humano.

987 2022 1053 2057 quia
1069 2022 1182 2049 humani
1204 2026 1356 2057 conceptus
1370 2022 1439 2058 lege,
1461 2029 1538 2057 aeque
1560 2022 1658 2050 atheus
1675 2026 1729 2050 est.
1749 2022 1779 2050 Si

987 2068 1050 2103 quis
1072 2067 1221 2095 formatum
1245 2068 1386 2096 hominem
1405 2067 1503 2100 fuisse,
1524 2067 1666 2103 Deumque
1683 2071 1781 2103 postea

983 2127 1018 2156 Et
1033 2128 1080 2155 hoc
1103 2129 1207 2164 quidem
1220 2132 1249 2156 ut
1265 2128 1390 2160 dicerem,
1417 2127 1486 2163 apud
1506 2127 1634 2162 quosdam
1654 2127 1703 2164 legi
1723 2132 1779 2155 tra-

983 2163 1267 2192 ctatorechatholicos
1289 2164 1438 2191 diuinorum
1460 2163 1634 2198 elei/nimum.
1655 2163 1706 2191 Sed
1721 2164 1780 2191 ubi-

983 2207 1084 2234 cunque
1097 2200 1146 2226 hoc
1167 2199 1234 2232 dixi,
1256 2199 1356 2227 dixisse
1377 2207 1417 2226 me
1436 2199 1542 2226 nollent.
1571 2199 1669 2226 Postea
1686 2201 1779 2234 quippe

983 2235 1037 2262 vidi
1051 2243 1104 2262 non
1114 2242 1171 2271 esse
1188 2234 1338 2268 dicendum,
1357 2234 1478 2271 quamvis
1489 2234 1617 2262 nonnulla
1635 2236 1717 2269 possit
1733 2243 1780 2262 ra-

140 2270 239 2297 rersali
255 2272 422 2299 statuerunt,
435 2272 464 2294 ut
477 2267 573 2304 scribit.
586 2267 733 2304 Nicephor.
748 2267 803 2304 lib.
815 2275 853 2298 xl.
866 2276 927 2304 cap.
946 2267 968 2294 D
984 2271 1054 2297 tione
1067 2270 1182 2302 defendi.

141 2306 185 2336 1‘2.
202 2305 247 2332 ubi
263 2305 346 2331 multa
363 2303 397 2330 de
417 2302 588 2337 Apollinario
605 2306 632 2329 et
647 2303 720 2330 illius
742 2310 756 2330 a
771 2303 823 2331 ﬁde
837 2302 932 2331 ortho-

140 2341 212 2367 doxa
238 2339 401 2367 defectione.
427 2338 581 2365 Romanum
601 2338 667 2364 illud
689 2338 838 2365 concilium
858 2339 934 2366 oeci-

140 2376 278 2403 dt-ntalem
301 2373 437 2411 synodum
465 2373 511 2400 hic
537 2373 646 2400 videtur
672 2373 835 2408 intelligere.
868 2373 933 2402 Haec

140 2411 202 2438 Bill.

177 2447 235 2480 (‘26)
254 2444 353 2478 Δῆλον
363 2444 434 2483 Αγᾴρ.
450 2447 502 2471 etc.
520 2442 749 2483 (E0nthef.nl.‘iquet
764 2444 834 2470 enim
847 2452 878 2471 ea
893 2453 933 2471 ra-

141 2478 212 2509 tione
227 2486 340 2516 receptos
355 2478 447 2515 fuisse,
467 2479 536 2514 quod
552 2483 629 2505 recta:
639 2478 701 2512 ﬁdei
717 2487 853 2506 assensum
864 2487 934 2514 pra:-

140 2518 254 2544 bueriut.

177 2553 233 2586 (9.7)
253 2551 330 2580 Οὐδὲ
349 2551 403 2587 τὰρ
420 2549 584 2585 ἐνδέχεται.
599 2548 676 2576 Colb.
693 2549 719 2582 5,
736 2549 797 2576 οὐδὲ
813 2548 867 2585 γὰρ
889 2550 933 2577 ὲν-

139 2588 256 2617 εδει-[τετυ.

177 2619 232 2657 (28)
260 2624 467 2656 Ἄνθρωπον...
478 2621 637 2657 Κυριακόν.
657 2619 797 2657 ﬂaminem
811 2618 931 2648 Domini-

139 2668 209 2686 cum.
233 2659 308 2685 llanc
327 2665 420 2685 vocem
439 2657 508 2683 bene
531 2656 659 2690 reprobat
686 2656 834 2690 Gregorius
863 2663 869 2680 :
901 2664 933 2683 ea

139 2699 232 2722 tamen
245 2695 285 2721 usi
302 2697 367 2721 sunt
383 2691 507 2719 nonnulli
519 2691 646 2723 Patrum;
661 2695 688 2718 at
714 2700 768 2718 non
785 2691 932 2723 immerito,

140 2731 223 2757 altius
240 2730 361 2756 animum
383 2727 587 2754 attendentibus
617 2727 685 2761 ipsis
711 2731 805 2761 postea
836 2726 929 2761 displi-

139 2765 208 2792 cuit.
231 2764 277 2792 Sic
293 2764 449 2799 Augustino
465 2762 512 2797 qui
531 2762 565 2789 de
580 2761 755 2799 illarﬂetraet.
773 2762 856 2799 lib._|,
870 2769 931 2799 cap.

139 2800 185 2830 i9.
194 2801 232 2827 ait
245 2810 250 2827 :
263 2799 324 2826 Non
339 2796 412 2826 ἱτίάεο
424 2803 514 2824 utrum
527 2802 594 2824 recte
608 2797 796 2824 dicatur/tonio
815 2796 934 2823 Domini-

139 2843 198 2870 eus,
208 2836 251 2870 qui
261 2840 300 2862 est
315 2834 445 2870 mediator
457 2833 541 2870 Deiet
553 2833 698 2870 hominum,
715 2833 791 2870 Itonia
812 2831 932 2859 Christus

139 2868 229 2903 Iesus,
250 2878 310 2897 cum
326 2870 362 2897 sit
383 2869 472 2903 utique
496 2868 635 2895 Dominus.
666 2868 818 2895 Dominicus
845 2872 932 2903 autem

142 2902 227 2934 homo
242 2907 300 2942 quis
321 2905 349 2932 in
365 2902 434 2940 ejus?
449 2909 542 2932 3011330
560 2903 664 2939 familia
682 2911 733 2931 non
749 2907 834 2937 potest
862 2902 933 2931 dici!

1020 2305 1076 2342 (29)
1092 2306 1146 2333 Kal
1170 2305 1240 2342 Υὶῷν
1256 2306 1363 2342 μόνον.
1380 2305 1426 2342 _lta
1440 2305 1501 2342 cod.
1521 2304 1638 2342 βεδεηΒ,
1655 2305 1735 2342 Orat:
1748 2306 1776 2342 2,

984 2340 1108 2372 Colb.‘5,
1123 2341 1149 2373 6,
1162 2342 1188 2373 9,
1208 2340 1302 2368 Morel.
1319 2348 1352 2367 ac
1374 2340 1497 2367 Combef.
1522 2340 1552 2366 ln
1563 2340 1634 2368 redit.
1651 2341 1697 2367 καὶ
1714 2341 1778 2367 Υἱὺν

986 2377 1128 2411 μονογενῆ,
1139 2381 1165 2403 et
1180 2375 1282 2403 Filium
1302 2376 1475 2411 unigenitum.

1021 2409 1077 2447 (50)
1097 2409 1157 2445 Τὴν
1173 2412 1262 2447 ἁγίαν
1277 2409 1404 2447 Μαρίαν,
1422 2411 1460 2437 Ita
1479 2411 1608 2443 Montae.,
1635 2409 1730 2438 Morel.
1750 2415 1777 2438 et

984 2446 1109 2474 Combef.
1124 2448 1152 2474 lu
1169 2446 1236 2474 edit.
1252 2446 1332 2480 ἁγίαν
1346 2446 1433 2474 deest.

1022 2482 1077 2517 (51)
1093 2481 1185 2516 Χωρὶς
1199 2482 1274 2509 ἐστι.
1292 2481 1360 2509 Cod.
1375 2481 1441 2515 Reg.
1460 2481 1490 2513 Β,
1519 2480 1595 2508 Orat.
1611 2480 1640 2513 Ξ,
1654 2480 1731 2509 Colb.
1749 2482 1777 2514 5,

984 2517 1069 2553 χωρὶς
1085 2517 1171 2544 ἔσται.
1189 2517 1265 2553 Colb.
1278 2517 1304 2547 9,
1324 2517 1408 2553 xmpig
1422 2517 1501 2543 ἔστω.

1021 2551 1076 2587 (⁷52)
1094 2552 1227 2586 Δραμεῖν.
1240 2551 1371 2584 Montac.,
1382 2552 1475 2579 Morel.
1491 2560 1522 2579 ac
1534 2552 1656 2581 Combef.
1670 2551 1778 2587 διαδρα-

985 2589 1057 2623 μεῖν,
1069 2587 1223 2623 νιναηδὶἰδιε,
1236 2587 1396 2623 excurrisse.

1032 2622 1077 2657 55)
1090 2624 1177 2656 Νόμῳ
1192 2622 1339 2655 κυήσεως.
1355 2622 1519 2657 Bill.,jumta
1534 2622 1654 2657 pariendi
1669 2631 1778 2650 consur~

986 2657 1124 2690 tudinem;
1142 2661 1169 2683 at
1193 2658 1291 2684 melius
1307 2657 1440 2689 Combel'.,
1463 2659 1544 2692 juxta
1565 2658 1676 2685 humani
1690 2667 1777 2684 σθησι-

984 2693 1152 2729 ριαδνιεθρηι,
1165 2692 1238 2726 quati
1252 2696 1329 2729 utero
1338 2697 1471 2727 gestatus,
1481 2698 1507 2721 ct
1519 2695 1551 2721 ad
1564 2694 1667 2729 justam
1677 2694 1779 2720 molem

985 2736 1033 2764 per
1049 2727 1215 2764 incrementa
1231 2727 1392 2764 perductus.

1021 2763 1076 2799 (54)
1090 2761 1150 2790 Εἶθ’
1164 2762 1392 2799 ὐποδεδψιέναι,
1406 2762 1540 2799 Deumque
1553 2769 1643 2798 postea
1653 2762 1776 2796 subiisse,

985 2797 1132 2834 quasi'jam
1149 2798 1292 2825 exsistenti
1309 2797 1414 2825 homini
1441 2798 1528 2826 duitas
1545 2797 1703 2829 accesserit.
1721 2806 1776 2834 non

986 2833 1013 2861 in
1028 2834 1087 2869 ipso
1110 2834 1165 2861 Deo
1182 2833 1373 2861 exsistentiam
1387 2841 1419 2862 ac
1446 2833 1657 2863 subsistentiam
1687 2833 1778 2868 primo

985 2873 1046 2897 ortu
1063 2869 1219 2897 humanitas
1234 2873 1314 2896 nacta
1327 2869 1373 2897 sit.
