1931 3056
183 148 234 175 170

813 149 845 177 S.
865 149 1029 178 GREGORH
1047 149 1220 178 TliEOLOGl

1758 152 1810 181 l86

182 207 301 234 subiisse
316 205 400 239 dicat,
415 207 584 235 damnationi
604 208 740 243 obnoxius
755 213 808 238 est.
824 209 881 238 Hoc
896 211 968 238 enim

1023 210 1093 244 λέγοι
1123 211 1201 242 Θεὸν,
1234 210 1407 246 κατάκριτος.
1437 211 1476 238 Οὐ
1504 210 1558 246 γὰρ
1586 211 1712 245 γέννησις
1740 211 1810 238 Θεοῦ

182 259 237 279 non
253 252 301 280 Dei
315 253 455 287 generatio
475 253 567 287 fuerit,
582 254 629 282 sed
646 255 829 290 generationis
848 256 921 291 fuga.
938 256 967 283 Si

182 297 245 332 quis
259 297 329 325 duos
347 297 427 331 ﬁlios,
443 299 558 326 alterum
576 307 610 326 ex
626 299 682 327 Deo
702 305 728 327 et
743 300 833 333 Patre,
851 302 967 328 alterum

181 349 214 370 ex
229 347 326 374 matre,
342 350 397 369 non
414 347 505 370 autem
521 351 605 370 unum
618 348 700 379 atque
714 345 839 372 eumdem
852 345 966 374 induxe-

182 388 230 420 rit,
248 388 272 415 is
287 388 321 415 ab
335 396 366 416 ea
388 397 498 423 quaque
516 389 632 416 ﬁliorum
648 390 796 425 adoptione
808 391 830 406 ⁸ο
847 391 966 425 excidat,

181 442 243 469 quae
256 439 331 461 recte
351 435 526 462 credentibus
543 436 678 470 promissa
687 441 737 463 est.
755 437 883 469 Quamvis
893 438 966 464 enim

182 479 244 507 dum
258 484 363 507 naturae
383 481 437 507 sint
457 480 528 508 Deus
549 484 576 508 et
590 481 682 512 homo,
699 482 798 517 quippe
811 483 857 518 qui
876 483 966 509 anima

183 526 218 553 sit
232 529 259 552 et
274 533 384 560 corpus,
403 533 458 553 non
475 531 566 553 tamen
584 526 639 553 duo
657 526 703 553 ﬁlii
721 531 748 554 et
763 527 799 554 dii
815 537 821 555 :
836 530 968 563 quemad-

181 571 293 598 modum
317 580 351 599 ne
368 572 412 598 hic
430 572 538 607 quidem
555 573 608 600 duo
625 573 762 605 homines,
775 574 882 602 tametsi
896 573 968 601 Pau-

181 618 226 646 lus
241 619 274 645 ad
290 618 362 645 hunc
377 617 488 645 modum
507 618 641 646 internam
655 623 682 646 et
692 623 833 646 externam
848 620 966 648 hominis

181 667 288 698 partem
305 664 481 699 appellaverit
494 665 527 692 δ’.
542 665 640 699 Atque,
659 669 688 691 ut
708 665 803 700 paucis
818 673 874 692 rem
889 673 966 693 com-

183 710 297 744 plectar,
315 710 389 737 aliud
403 710 512 745 quidem
535 714 616 746 atque
630 711 703 738 aliud
717 714 784 738 sunt
803 718 846 745 ea,
862 719 895 738 ex
907 711 966 747 qui-

182 757 235 785 bus
251 758 386 789 Salvator,
402 758 458 793 86
474 758 587 793 (quippe
605 765 667 785 cum
683 765 737 785 non
755 758 825 786 idem
840 759 876 786 sit
894 759 967 794 quod

182 804 260 831 cerni
275 811 329 831 non
346 808 447 839 potest,
468 811 528 831 cum
545 811 578 831 eo
593 803 665 839 quod
682 803 711 830 in
728 808 868 839 aspectum
882 801 965 838 cadit;

182 853 211 878 et
227 850 300 885 quod
322 850 454 885 temporis
479 857 576 884 expers
596 854 654 882 est,
676 857 737 877 cum
759 857 790 877 eo
807 850 880 885 quod
902 854 967 877 tem-

182 895 243 932 pori
258 895 368 931 subest)
387 904 393 920 :
425 903 480 923 non
492 900 582 923 tamen
596 896 666 923 alius
683 900 763 931 atque
775 896 845 924 alius
858 904 864 922 :
883 896 964 924 absit.

183 942 271 969 Ambo
285 941 357 969 enim
373 941 430 969 haec
440 942 610 970 connexione
622 950 706 969 unum
719 947 794 975 sunt,
811 943 866 971 Deo
882 944 964 970 nimi-

182 995 243 1014 rum
260 987 468 1018 humanitatem,
479 990 561 1022 atque
573 987 682 1015 homine
694 987 861 1016 divinitatem
877 989 966 1016 susci-

183 1033 286 1068 piente,
314 1036 360 1060 aut
384 1040 547 1067 quocunque
569 1033 677 1060 tandem
695 1034 804 1061 nomine
827 1034 964 1068 quispiam

1017 256 1095 283 τοῦτό
1114 257 1203 288 ἐστιν,
1225 256 1293 283 ἀλλὰ
1314 256 1386 292 φυγὴ
1408 256 1571 292 γεννήσεως.
1592 257 1625 282 Εἴ
1643 265 1684 288 τις
1703 257 1810 290 εἰσάγει

1017 303 1063 330 δύο
1081 303 1172 334 Υἰοὺς,
1185 303 1233 330 ἕνα
1248 303 1297 338 μὲν
1310 303 1355 329 τὸν
1371 304 1403 329 ἐκ
1416 302 1483 329 Θεοῦ
1496 303 1542 329 καὶ
1553 303 1670 337 Πατρὸς,
1683 302 1809 338 δεύτερον

1017 348 1045 374 δὲ
1061 348 1105 374 τὸν
1124 349 1156 375 ὲκ
1175 349 1224 383 τῆς
1245 348 1357 384 μητρὸς,
1376 348 1432 374 ἀλλ’
1449 348 1510 383 οὐχὶ
1525 348 1572 374 ἕνα
1590 348 1696 374 καὶτὸν
1715 348 1807 380 αὑτὸν,

1017 392 1064 419 καὶ
1088 392 1136 427 τῆς
1160 393 1294 423 υἱοθεσίας
1317 393 1429 419 ἐκπέσοι
1448 393 1498 427 τῆς
1517 392 1725 428 ἐπηγγελμένης
1749 394 1807 424 τοῖς

1017 439 1103 474 ὀρθῶς
1131 438 1296 465 πιστεύουσι.
1324 438 1421 470 Φύσεις
1444 439 1492 473 μὲν
1519 438 1572 474 γὰρ
1598 438 1644 464 δύο
1668 439 1733 469 Θεὺ;
1759 438 1806 464 καὶ

1017 484 1169 520 ἄνθρωπος.
1186 484 1246 510 ἐπεὶ
1263 484 1309 510 καὶ
1324 484 1396 519 ψυχὴ
1418 484 1464 510 καὶ
1480 483 1559 519 σῶμα
1579 484 1644 519 (55)·
1661 484 1712 510 υἱοὶ
1733 484 1760 510 δὲ
1774 484 1806 510 οὐ

1016 529 1072 561 δύο,
1092 530 1151 556 οὐδὲ
1168 530 1238 557 Θεοί.
1260 530 1325 556 Οὐδὲ
1344 530 1397 565 γὰρ
1416 529 1531 556 ἐνταῦθα
1549 530 1595 555 δύο
1614 529 1806 564 ἅ.νΟρωποι,-εῐ

1016 577 1064 603 καὶ
1077 575 1162 608 οὕτως
1177 577 1192 602 ὁ
1209 576 1313 607 Παῦλος
1333 576 1363 602 τὸ
1377 576 1450 608 me;
1471 576 1516 602 τοῦ
1540 575 1692 611 ἀνθρώπου,
1711 577 1758 602 καὶ
1776 575 1807 602 τὸ

1016 622 1093 654 ἐκτὸς
1118 623 1330 658 προσηγόρευσε.
1357 622 1412 648 Καὶ
1437 623 1462 648 εἰ
1484 622 1524 648 δεῖ
1546 622 1686 657 συντόμως
1705 622 1802 653 εἰπεῖν,

1017 667 1079 695 ἄλλο
1092 668 1141 702 μὲν
1154 668 1200 694 καὶ
1215 668 1278 695 ἄλλο
1288 668 1321 694 τὰ
1335 667 1363 701 ἐξ
1375 664 1412 694 ὧν
1424 669 1438 694 ὁ
1451 668 1545 702 Σωτὴρ
1557 667 1647 702 (εἴπερ
1659 666 1697 702 μὴ
1709 667 1804 694 ταυτὸν

1016 713 1046 740 τὸ
1059 713 1173 749 ἀόρατον
1188 713 1226 749 τῷ
1239 713 1342 750 ὁρατῷ,
1366 714 1413 740 καὶ
1431 714 1460 740 τὸ
1478 714 1590 749 ἄχρονον
1611 713 1649 748 τῷ
1669 713 1722 740 ὑπό
1741 713 1805 748 χρό-

1016 761 1087 793 νον),
1110 760 1159 786 οὐκ
1177 760 1256 792 ἄλλος
1274 760 1302 786 δὲ
1326 760 1373 786 καὶ
1390 759 1478 791 ἄλλος·
1503 759 1540 795 μὴ
1557 759 1669 792 γένοιτο.
1692 759 1733 785 Τὰ
1750 759 1805 793 γὰρ

1016 807 1158 842 ἀμφότερα
1172 805 1201 833 ἓν
1220 807 1252 842 τῇ
1275 806 1423 841 συγκράσει
1438 806 1504 840 (56},
1522 805 1589 832 Θεοῦ
1607 805 1656 840 μὲν
1671 805 1805 840 Evr/Spw-

1018 853 1163 887 στήσαντος,
1189 851 1332 886 ἀνθρώπου
1354 852 1382 878 δὲ
1404 852 1558 883 θεωοέντος,
1579 851 1594 886 ἥ
1621 852 1694 882 ὅπως
1713 851 1746 878 ἄν
1761 859 1804 882 τις

1017 897 1169 932 ὀνομάσειε.
1191 897 1270 930 Λέγω
1289 897 1317 924 δὲ
1340 897 1403 925 ἄλλο
1420 899 1467 924 καὶ
1481 897 1544 923 ἄλλο
1563 897 1630 929 (3'1),
1652 896 1770 932 ἔμπαλιν
1787 896 1803 931 ἢ

1018 943 1064 969 ἐπὶ
1089 943 1138 978 τῆς
1162 942 1276 978 Τριάδος
1302 943 1369 978 ἔχει.
1397 943 1470 969 Ἑκεῖ
1497 944 1547 978 μὲν
1571 944 1624 978 γὰρ
1653 943 1731 974 ἄλλος
1759 942 1805 969 καὶ

1019 988 1112 1021 ἄλλος,
1126 989 1169 1015 ἴνα
1185 989 1222 1024 μὴ
1238 988 1288 1020 τὰς
1308 989 1470 1020 ὑποστάσεις
1486 988 1653 1023 συγχέωμεν·
1672 989 1722 1014 οὐκ
1743 987 1806 1014 ἄλλο

1017 1034 1046 1062 δὲ
1061 1035 1108 1062 καὶ
1122 1035 1196 1066 ἄλλο,
1214 1035 1242 1061 ἓν
1253 1035 1306 1070 γὰρ
1321 1035 1353 1061 τὰ
1369 1035 1432 1071 τρία
1447 1035 1492 1062 καὶ
1507 1035 1604 1061 ταυτὸν
1617 1035 1649 1069 τῇ
1664 1034 1779 1068 θεότητι.

183 1078 224 1105 uti
253 1077 339 1105 malit.
355 1077 440 1105 Porro
457 1078 530 1105 aliud
547 1081 573 1105 et
588 1078 661 1106 aliud
677 1079 748 1110 dico,
765 1083 862 1106 contra
879 1087 960 1115 quam
981 1080 1007 1107 in
1022 1080 1155 1108 Triuitate
1169 1089 1212 1108 res
1231 1081 1320 1108 habet.
1338 1080 1393 1108 lllic
1409 1081 1481 1108 enim
1512 1081 1583 1107 alius
1611 1085 1692 1114 atque
1724 1079 1806 1110 alius,

182 1132 218 1151 ne
235 1131 367 1159 personas
379 1123 580 1152 confundamus
595 1133 601 1150 2
614 1132 668 1151 non
682 1129 774 1152 autem
791 1125 865 1152 aliud
899 1131 981 1161 atque
999 1126 1084 1158 aliud,

183 1170 254 1197 idem
272 1174 345 1197 sunt.

220 1217 248 1244 Si
263 1218 323 1252 quis
337 1217 506 1246 divinitatem
523 1219 550 1246 in
565 1226 609 1252 eo,
625 1219 699 1246 velut
713 1219 740 1246 in
756 1220 900 1256 propheta,
920 1228 969 1255 per

184 1263 300 1299 gratiam
327 1267 466 1299 operatam
490 1263 586 1297 fuisse,
612 1272 668 1292 non
696 1269 786 1292 autem
817 1265 967 1293 secundum

183 1310 330 1338 essentiam
345 1310 495 1345 copulatam
513 1310 597 1338 fuisse
615 1315 696 1347 atque
713 1311 834 1346 copulari
859 1311 967 1344 dixerit,

184 1356 401 1391 agtrsestantiori
434 1356 527 1383 al‘ﬁatu
547 1364 652 1386 vacuus
674 1358 720 1390 sit,
750 1357 805 1385 imo
828 1357 968 1385 contrario

184 1401 339 1436 impleatur.
353 1400 381 1428 Si
393 1401 454 1436 quis
467 1401 627 1428 cruciﬁxum
639 1409 694 1428 non
705 1401 810 1433 adorat,
823 1402 968 1429 anathema

185 1446 232 1477 sit,
254 1451 336 1481 atque
362 1446 390 1473 in
412 1454 506 1474 eorum
524 1446 570 1482 qui
588 1446 673 1474 Deum
697 1446 896 1474 interemerunt
918 1455 969 1473 nu-

184 1500 287 1519 merum
303 1492 467 1520 ascribatur.
482 1492 510 1518 Si
523 1492 584 1526 quis
597 1499 658 1519 eum
679 1500 712 1519 ex
725 1493 854 1527 operibus
883 1492 970 1528 perfe-

185 1543 259 1566 ctum
269 1538 363 1570 fuisse,
374 1542 421 1565 aut
432 1541 493 1572 post
503 1538 680 1572 baptismum,
688 1539 730 1565 vel
741 1539 970 1566 resurrectionem

186 1592 201 1612 a
214 1584 342 1616 mortuis,
364 1585 392 1612 in
418 1583 503 1610 ﬁliuni
520 1584 678 1618 adoptatum
702 1583 821 1617 dixerit,
839 1584 972 1619 quemad-

220 1664 245 1680 “‘
272 1663 372 1699 Ephes.
398 1671 417 1694 ι,
435 1663 462 1689 5.

1124 1127 1252 1162 quoniam
1279 1127 1330 1154 tria
1357 1126 1447 1161 quoad
1473 1126 1644 1154 divinitatem
1669 1134 1752 1153 unum
1777 1130 1805 1153 et

1052 1220 1086 1247 Εἴ
1097 1228 1148 1251 τις,
1164 1218 1201 1250 ὡς
1215 1219 1245 1245 ὲν
1261 1218 1386 1253 προφήτῃ
1397 1238 1404 1247 .
1419 1217 1493 1252 λέγοι
1509 1216 1579 1244 κατὰ
1594 1216 1673 1253 χάριν
1689 1218 1806 1254 ἐνηργη-

1017 1265 1108 1296 κέναι,
1130 1264 1198 1292 ἀλλὰ
1229 1263 1265 1299 μὴ
1282 1264 1341 1290 κατ’
1363 1263 1455 1290 οὐσίαν
1476 1263 1610 1298 συνῆφθαι
1629 1272 1658 1289 τε
1675 1264 1722 1290 καὶ
1743 1273 1806 1291 συν-

1017 1311 1157 1343 άπτεσθαι,
1174 1310 1216 1345 εἴη
1231 1309 1306 1341 κενὸς
1319 1310 1367 1344 τῆς
1381 1309 1533 1345 κρείττονος
1544 1309 1690 1344 ἐνεργείας,
1707 1310 1805 1345 μᾶλλον

1015 1356 1043 1383 δὲ
1067 1357 1173 1391 πλήρης
1197 1356 1245 1390 τῆς
1267 1355 1400 1386 ἐναντίας.
1425 1356 1458 1381 Εἴ
1473 1363 1513 1387 τις
1533 1355 1571 1390 μὴ
1595 1357 1740 1390 προσκυνεῖ
1759 1355 1806 1382 τὸν

1018 1401 1232 1437 ἐσταυρωμένον,
1259 1401 1383 1436 ἀνάθεμα
1406 1400 1487 1431 ἔστω,
1517 1401 1564 1427 καὶ
1588 1400 1709 1435 τετάχθω
1736 1401 1805 1436 μετὰ

1018 1447 1072 1474 τῶν
1089 1447 1236 1474 θεοκτόνων
1254 1446 1319 1482 (58).
1335 1446 1368 1473 Εἴ
1380 1455 1421 1478 τις
1438 1447 1467 1478 ἐξ
1482 1447 1569 1481 ἔργων
1585 1447 1804 1481 τετελειωμένον,

1020 1493 1036 1528 ἦ
1053 1492 1122 1528 μετὰ
1140 1493 1170 1519 τὸ
1182 1492 1332 1528 βάπτισμα,
1346 1492 1362 1527 ἦ
1380 1493 1447 1527 μετὰ
1462 1493 1510 1527 τὴν
1527 1493 1558 1519 ὲκ
1572 1492 1676 1528 νεκρῶν
1689 1492 1805 1519 ἀνάστα-

1021 1548 1063 1566 σιν
1078 1539 1213 1570 υἱοθεσίας
1228 1538 1359 1573 ἠξιῶσθαι
1373 1538 1456 1572 λέγοι,
1476 1538 1600 1574 καθάπερ
1614 1538 1659 1570 οὓς
1676 1539 1805 1574 Ἕλληνες

1018 1584 1248 1620 παρεγγράπτους
1265 1585 1419 1620 εἰσάγουσιν
1441 1585 1508 1621 (59),
1527 1584 1651 1621 ἀνάθεμα
1670 1585 1750 1613 ἔστω.
1768 1585 1804 1612 Τὸ

508 1662 529 1678 δ’
546 1663 557 1689 ι
572 1661 636 1689 Cor.
660 1670 711 1693 xv,
731 1662 783 1695 45',
802 1662 824 1688 ll
836 1662 898 1689 Cor.
918 1670 954 1695 Iv,
970 1662 1018 1696 l6;
1035 1661 1134 1697 Ephes.
1150 1670 1198 1694 ιιι,
1220 1661 1262 1690 Ιϐ.

223 1740 277 1779 (35)
299 1739 375 1766 Ἐπεὶ
388 1739 435 1766 καὶ
451 1739 536 1779 ψυχῇ
553 1739 602 1766 καὶ
615 1738 711 1779 animai,
725 1739 769 1773 qui
779 1738 881 1773 quidem
892 1738 968 1779 horno

1023 1739 1080 1773 quia
1099 1745 1123 1766 et
1138 1739 1295 1779 hoc-pariter
1308 1739 1693 1779 simplezﬁpm-ilerquebonum
1701 1745 1750 1772 est,
1763 1741 1805 1779 in—

186 1781 210 1804 et
223 1777 357 1803 animaest
368 1780 502 1809 etcorpus.
517 1774 553 1801 Ea
564 1779 603 1801 est
613 1775 684 1801 enim
697 1775 813 1801 humana
828 1778 923 1809 natura
934 1774 970 1809 de

187 1819 242 1846 qua
259 1811 390 1846 Gregorio
413 1808 598 1846 controversia
610 1817 670 1835 eum
686 1808 971 1846 >Apollinaristis._i\'ec

189 1843 258 1874 bene
274 1843 333 1872 Bili.
348 1855 354 1872 :
368 1844 592 1877 Quemadmodum
604 1849 628 1871 et
647 1844 736 1870 anima
746 1848 770 1870 et
785 1851 887 1877 corpus.
902 1843 970 1870 Num

188 1883 249 1909 dua:
263 1881 386 1907 naturae?
411 1885 438 1907 at
453 1888 550 1907 sensus
575 1880 619 1906 hic
643 1879 739 1906 falsum
765 1884 853 1905 sonat.
874 1879 971 1906 Anima

189 1924 308 1951 namque
323 1922 348 1943 et
362 1923 462 1949 corpus
482 1919 572 1951 partes
595 1918 659 1941 sunt
684 1914 764 1941 unius
776 1915 913 1951 ﬂuuiana:
928 1921 973 1940 na-

189 1949 273 1979 tum:
282 1956 308 1978 et
320 1951 363 1977 his
377 1951 513 1979 Christus.
529 1950 645 1976 humana
657 1955 751 1975 natura
776 1949 856 1976 homo
869 1953 921 1980 est,
942 1953 972 1975 ut

188 1991 217 2014 et.
246 1986 389 2013 divinitate
406 1984 487 2014 Deus.
516 1983 643 2011 Nouimus
673 1990 697 2010 ct
721 1989 852 2014 tenemus,
884 1984 972 2018 inquit

190 2023 219 2049 S.
233 2021 338 2056 August
354 2041 363 2053 ,
376 2029 458 2056 scrin.
495 2020 555 2051 174,
583 2019 753 2056 mediator-em
777 2019 824 2045 Dei
848 2024 872 2046 et
888 2019 972 2056 homi-

190 2065 263 2090 num,
278 2054 415 2082 hominem
432 2055 565 2082 Christum
580 2054 679 2084 Iesum.
701 2055 729 2080 in
750 2054 971 2090 quantumﬂhoma

189 2089 260 2124 erat,
278 2091 334 2125 ejus
349 2099 405 2117 esse
423 2096 525 2117 natura?
548 2091 622 2123 rujus
637 2095 659 2116 ct
677 2097 723 2116 nos
734 2097 858 2116 sumus...
876 2089 907 2115 Et
922 2090 972 2116 sic-

192 2133 220 2154 ut
250 2132 277 2153 tu
289 2124 359 2153 unus
374 2126 462 2155 homo,
481 2125 569 2152 anima
579 2133 606 2152 es
622 2130 646 2151 ct
661 2133 734 2156 caro,
749 2125 786 2151 sic
806 2129 830 2151 et
852 2124 896 2151 ille
906 2132 972 2151 unus

191 2162 323 2190 Christus.
349 2161 417 2187 Deus
430 2166 454 2187 et
469 2161 555 2186 homo.

228 2197 283 2232 (56)
303 2198 357 2223 Ἓν
372 2195 408 2229 τῇ
424 2195 600 2232 συγχρήσει.
614 2194 735 2221 (Iombef.
757 2202 769 2232 :_
780 2194 863 2221 Ambo
877 2195 974 2222 coadu-

192 2229 298 2259 naiione
320 2239 401 2257 unum
425 2235 494 2257 sunt.
514 2231 592 2256 Addit
608 2234 696 2256 autem
713 2238 719 2255 :
740 2229 887 2264 σύγκρασιν
904 2238 973 2256 con—-

193 2267 406 2301 temperatione":
419 2265 483 2292 dicit
495 2264 600 2292 Cicero.
617 2264 682 2301 Qua:
691 2272 743 2301 vos
762 2269 820 2301 post
837 2265 972 2301 Eutychen

192 2299 352 2336 exponenda
369 2305 397 2327 ut
418 2300 611 2336 commercium
634 2299 699 2336 illud
719 2299 868 2336 divinitatis
883 2306 908 2326 et
921 2299 973 2326 hu-

191 2334 332 2365 manitatis
350 2336 376 2362 in
396 2343 450 2362 uno
460 2335 570 2362 Christo
584 2334 728 2367 signiticet,
741 2334 844 2368 integra
859 2340 974 2368 utraque

193 2372 373 2399 substantia:
404 2371 449 2396 illa
476 2370 667 2396 coadunatioue
692 2368 763 2395 Deus
781 2369 861 2396 homo
887 2369 973 2397 factus

193 2411 245 2436 est.
263 2412 289 2433 et
309 2406 390 2433 immo
403 2405 501 2431 deitatc
517 2405 636 2431 imbutus
653 2412 739 2438 coque
755 2403 836 2431 Deus.

230 2442 286 2474 (57)
300 2441 381 2476 Λέγω
401 2440 528 2476 dedito
554 2439 601 2476 aut
616 2438 702 2476 ἄλλοι
727 2439 804 2466 Alius
831 2443 873 2465 est
886 2438 976 2470 Pater,

194 2477 232 2503 ait
250 2477 322 2508 Bill.,
339 2473 410 2502 alius
426 2475 520 2506 Filius,
543 2475 613 2500 alius
630 2473 748 2508 Spiritus
771 2478 882 2500 sanctus
903 2483 908 2500 :
923 2479 978 2502 tres

195 2511 267 2538 enim
289 2512 425 2539 distincize
443 2518 565 2544 personze
580 2514 658 2541 sunt;
681 2512 708 2534 at
732 2516 785 2535 non
812 2509 884 2535 aliud
903 2513 977 2536 sunt.

195 2545 254 2574 Una
279 2547 351 2573 enim
374 2545 526 2572 substantia
541 2548 593 2571 est.
624 2544 651 2570 ln
683 2544 791 2570 Christo
813 2549 901 2570 autem
927 2545 979 2570 alia

195 2585 238 2609 est
255 2581 356 2612 divina,
378 2581 429 2607 alia
450 2581 565 2606 humana
586 2582 682 2605 natura
697 2586 703 2604 :
726 2586 778 2605 non
795 2583 883 2605 tamen
899 2579 978 2610 alius,

196 2621 279 2651 atque
302 2617 372 2643 alius
403 2615 539 2651 Christus.
560 2614 605 2651 Sic
633 2614 801 2651 Augustinus
824 2613 870 2640 lib.
895 2613 980 2651 ere

196 2649 301 2679 cii-itala
328 2650 393 2683 Dei,
425 2658 486 2684 cap.
513 2649 561 2680 10,
587 2649 700 2676 istorum
728 2649 980 2684 duorunLvocabu-

197 2687 285 2714 lorum
307 2682 389 2712 ἀπυδ
405 2689 430 2711 et
453 2682 525 2711 aliud
552 2685 631 2718 longe
657 2684 683 2710 in
708 2684 812 2710 ratione
837 2682 978 2718 Trinitatis

198 2723 334 2748 diversam
356 2728 417 2747 esse
443 2717 668 2752 signiﬁcationem
696 2719 832 2745 admonet.
852 2717 977 2752 Spiritus,

199 2756 299 2791 inquit,
316 2755 407 2791 Patris
415 2759 439 2791 et
455 2754 521 2781 Filii
539 2754 651 2791 Spiritus
669 2754 896 2791 sanatuspropria
916 2761 979 2787 qua-

200 2787 261 2817 άιιῖιι
279 2791 381 2817 ratione
396 2789 472 2823 hujus
490 2789 603 2815 nominis
618 2789 643 2815 in
657 2789 740 2814 sacris
754 2787 860 2823 Ltugris
876 2796 977 2814 nuncu-

199 2831 289 2859 patur.
308 2825 382 2851 Alius
397 2822 435 2851 est
455 2829 541 2859 autem
556 2832 634 2858 quant
651 2823 731 2850 Pater
750 2828 774 2859 et
793 2822 882 2859 rFi/iua
897 2823 979 2859 :quia

202 2857 246 2889 nec
257 2860 339 2888 Pater
355 2863 393 2888 est
412 2867 456 2886 nec
480 2857 582 2892 Filius;
598 2858 642 2886 δρα
657 2859 726 2886 alius
740 2858 807 2891 dixi,
823 2865 873 2885 non
894 2857 977 2891 aliud,

1022 1774 1209 1801 commutabile
1222 1779 1247 1801 et
1264 1779 1400 1802 aeternum.
1418 1774 1463 1802 Sic
1477 1775 1652 1802 etiamllilar.
1667 1776 1713 1803 lib.
1731 1783 1750 1802 ιι
1766 1776 1806 1803 De

1024 1809 1154 1836 Trinitate
1171 1818 1180 1836 :
1196 1809 1284 1840 Alius,
1300 1810 1397 1844 inquit,
1413 1810 1444 1836 ab
1458 1811 1522 1841 alio,
1545 1811 1608 1844 quia
1625 1810 1705 1837 Pater
1719 1816 1742 1837 et
1756 1811 1805 1838 Fi-

1023 1844 1074 1870 lius
1089 1853 1098 1870 :
1113 1852 1164 1870 non
1179 1849 1276 1871 natura
1298 1845 1445 1871 divinitatis
1461 1845 1515 1872 alia
1531 1850 1554 1872 et
1573 1845 1638 1877 alia,
1654 1847 1715 1880 quia
1727 1846 1804 1873 ambo

1022 1887 1111 1906 unum.

1059 1913 1114 1949 (58)
1128 1915 1207 1942 Μετὰ
1231 1912 1289 1940 τῶν
1313 1915 1484 1941 θεοκτόνων.
1510 1914 1639 1947 Montae.,
1658 1914 1750 1943 Morel.
1777 1919 1805 1943 et

1022 1949 1358 1984 ϐοιιιϋωζχριστοκτόνων,
1373 1957 1452 1984 quam
1472 1950 1612 1976 lectionem
1632 1956 1742 1978 secutus
1763 1956 1806 1978 est

1023 1984 1093 2015 Bill.,
1104 1984 1150 2018 qui
1163 1989 1265 2011 vertere
1278 1992 1330 2010 non
1345 1992 1427 2012 ausus
1434 1988 1485 2015 est,
1504 1984 1585 2011 Deum
1597 1985 1804 2013 interemerunt:

1023 2019 1189 2051 θεοκτόνων,
1206 2019 1277 2054 quod
1297 2023 1387 2046 tamen
1405 2020 1568 2046 catholicum
1585 2020 1707 2047 omnino.
1724 2020 1806 2047 Proﬁ-

1023 2058 1112 2080 temur
1126 2055 1197 2080 enim
1222 2061 1302 2080 unam
1326 2054 1352 2080 in
1375 2055 1484 2081 Christo
1500 2062 1531 2081 ex
1555 2055 1662 2082 duabus
1690 2057 1804 2086 naturis,

1023 2089 1113 2116 divina
1128 2094 1153 2116 et
1161 2089 1289 2125 humana.
1302 2097 1457 2125 personam,
1468 2093 1495 2116 et
1504 2097 1564 2116 cum
1583 2089 1715 2125 l‘lphesina
1728 2098 1808 2125 syno-

1024 2125 1068 2154 do,
1084 2128 1154 2156 part.
1171 2132 1189 2154 ι,
1207 2131 1231 2150 c.
1252 2124 1297 2154 26,
1312 2132 1339 2150 η.
1353 2125 1369 2150 τι
1386 2133 1392 2150 :
1407 2123 1496 2156 Ipsum
1514 2125 1674 2158 unigenitum
1699 2123 1806 2151 Dei‘Fi-

1024 2158 1087 2185 lium
1107 2166 1139 2184 ea:
1160 2159 1240 2185 Patre
1259 2164 1360 2189 natum,
1378 2160 1482 2185 etiamsi
1511 2159 1652 2186 secumlnm
1671 2161 1807 2194 propriam

1024 2194 1326 2226 naturamimpassibilis
1342 2195 1386 2222 sit,
1400 2195 1482 2220 noslri
1499 2199 1584 2220 tamen
1604 2203 1685 2221 causa
1697 2200 1807 2222 mortem

1024 2229 1050 2254 in
1071 2236 1148 2254 carne
1163 2229 1304 2255 secundum
1319 2228 1469 2262 Scripturas
1487 2237 1592 2262 passum
1610 2238 1675 2261 esse,
1691 2231 1808 2263 proprie-

1023 2271 1071 2297 que
1095 2264 1183 2290 carnis
1208 2263 1370 2297 aﬂlicliancs,
1397 2272 1462 2298 quas
1485 2264 1608 2290 nimirum
1636 2265 1662 2290 in
1680 2266 1807 2298 cruci/iro

1024 2306 1129 2331 corpore
1147 2299 1269 2332 pertulit,
1283 2299 1351 2325 citra
1372 2299 1446 2325 illam
1469 2299 1510 2325 sui
1527 2299 1674 2332 passionem
1694 2300 1743 2326 sibi
1759 2300 1808 2326 ad-

1024 2334 1138 2359 scivisse.
1162 2333 1216 2360 Nec
1239 2334 1310 2359 aliud
1334 2341 1383 2360 nos
1413 2335 1491 2359 docet
1512 2334 1657 2367 Apostolus
1683 2335 1742 2361 Act.
1760 2343 1806 2366 xx,

1025 2367 1166 2402 Ephesimc
1192 2368 1319 2395 Ecclesim
1338 2369 1509 2403 presbyteros
1528 2370 1670 2403 alloquens
1692 2377 1697 2392 ε
1717 2373 1808 2396 Atten-

992 2407 1014 2434 D
1028 2403 1081 2430 dite
1095 2403 1164 2430 vobis
1175 2408 1198 2429 et
1214 2403 1332 2429 universo
1353 2404 1424 2438 gregi
1439 2404 1466 2429 in
1481 2411 1530 2438 quo
1551 2412 1593 2430 vos
1615 2404 1730 2438 Spiritus
1746 2413 1808 2431 san-

1028 2443 1084 2464 ctus
1108 2439 1194 2472 posuit
1223 2439 1356 2474 episcopos
1382 2446 1468 2472 regere
1494 2438 1635 2465 Ecclesiant
1653 2439 1700 2465 Dei
1727 2448 1806 2474 quam

1029 2473 1307 2508 acquisivitﬂsanguine
1323 2481 1380 2500 suo.
1407 2474 1538 2500 l’rol'usus
1555 2474 1635 2508 igitur
1652 2474 1679 2500 in
1702 2475 1807 2501 redem-

1030 2510 1149 2543 ptionem
1164 2507 1290 2534 Ecclesiae
1309 2508 1429 2542 sanguis,
1448 2509 1558 2542 sanguis
1578 2513 1620 2535 est
1641 2509 1725 2543 ipsius
1746 2510 1804 2542 Dei,

1030 2544 1075 2577 qui
1099 2543 1216 2576 seipSum
1234 2543 1354 2574 tradidit,
1372 2548 1400 2569 ut
1419 2545 1551 2577 sanguine
1568 2551 1618 2570 suo
1642 2546 1805 2578 acquireret,

1031 2578 1185 2613 mandaret.
1199 2577 1394 2613 psanctillcaret,
1412 2578 1591 2612 cxhibcretque
1604 2579 1658 2611 ipse
1682 2577 1733 2605 sibi
1751 2580 1809 2613 glo-

1030 2613 1129 2648 riosam
1142 2611 1286 2638 Ecclesium
1297 2620 1348 2638 non
1360 2613 1493 2639 habentem
1506 2611 1636 2639 "tabulam
1652 2619 1697 2640 aut
1706 2611 1808 2648 rugam,

1032 2647 1077 2675 sed
1093 2652 1120 2673 ut
1136 2648 1168 2673 sit
1184 2652 1276 2673 sancta
1290 2652 1313 2673 et
1328 2648 1499 2674 immaculata
1519 2648 1625 2682 (Ep/tes.
1644 2657 1670 2681 ν,
1682 2649 1737 2679 ‘27).

1067 2682 1122 2719 ('59)
1141 2682 1386 2719 [Iapermdrrtovq
1411 2683 1596 2719 εἰσάγουσιν.
1615 2683 1720 2719 Momus
1740 2685 1811 2719 apud

1030 2716 1181 2752 Lucianum
1212 2717 1238 2742 in
1262 2718 1369 2750 dialogo
1382 2718 1424 2744 cui
1443 2716 1537 2744 titulus
1552 2722 1594 2745 est
1613 2727 1619 2744 :
1639 2717 1743 2752 Jupiter
1756 2716 1812 2746 ira-

1029 2751 1131 2786 gurdus,
1145 2750 1187 2777 his
1209 2751 1300 2778 verbis
1315 2753 1400 2779 utitur
1417 2760 1424 2777 :
1439 2753 1476 2779 Ac
1500 2753 1563 2779 mihi
1578 2753 1626 2779 hoc
1645 2750 1712 2784 loco,
1725 2763 1739 2780 ο
1761 2754 1813 2780 Ju-

1031 2787 1108 2820 piter,
1125 2786 1174 2812 soli
1195 2786 1263 2812 enim
1286 2795 1388 2818 sumus,
1412 2796 1457 2814 nec
1479 2788 1549 2814 ullus
1570 2787 1704 2815 hominum
1721 2790 1748 2815 in
1765 2790 1813 2816 hoc

1032 2827 1098 2858 cortu
1120 2826 1169 2858 est,
1185 2826 1279 2854 prwler
1290 2830 1375 2858 unum
1396 2821 1549 2854 Herculani,
1565 2831 1596 2849 ac
1607 2822 1763 2858 Dionysium
1788 2828 1811 2850 ει

1033 2855 1209 2891 Ganymedem
1227 2861 1250 2883 et
1272 2856 1457 2892 disculapium
1480 2858 1524 2890 qui
1550 2859 1633 2885 nostri
1654 2855 1714 2886 sunt
1737 2864 1761 2886 et
1775 2859 1813 2886 dii
