1931 3056
195 120 245 149 185

827 113 855 140 S.
877 112 1040 141 GREGORII
1061 110 1233 139 TIIEOLOGI

1769 110 1823 138 184

192 175 347 206 curationis
371 177 413 201 est
430 180 530 208 expers
547 181 554 199 :
571 170 645 207 quod
673 174 764 198 autem
793 169 848 198 Deo
871 171 978 197 unitum

1036 169 1108 196 τοῦτο
1121 170 1167 196 καὶ
1184 168 1309 200 σώζεται.
1322 168 1353 194 Εἰ
1365 167 1467 203 ἥμισυς
1479 167 1534 202 (49)
1549 167 1678 193 ἔπταισεν
1692 167 1706 193 6
1723 167 1826 202 Ἀδὰμ,

193 226 245 254 est,
268 222 320 249 hoc
342 227 453 255 quoque
477 219 594 246 salutem
613 217 804 252 consequitur.
821 216 851 244 Si
868 216 982 244 dimidia

193 273 300 296 tantum
329 275 362 294 ex
382 270 460 302 parte
483 264 606 292 Adamus
627 264 721 300 lapsus
735 267 789 295 est,
809 263 982 290 dimidiatum

193 321 303 349 quoque
314 313 357 340 ’sit
376 311 448 347 quod
465 314 638 346 assumptum
662 313 722 342 est,
737 313 764 337 ct
779 310 851 345 quod
867 309 982 336 salutem

193 359 310 394 accipit;
335 359 357 386 si
384 361 475 385 autem
498 360 573 384 totus
592 356 726 391 peccavit,
745 356 795 382 toti
811 362 921 390 quoque
937 362 984 389 ge-

193 405 252 432 nito
268 404 363 431 unitus
378 407 431 434 est,
449 407 531 437 atque
548 401 623 429 omni
639 408 672 428 ex
687 405 767 436 parte
783 400 900 428 salutem
917 407 983 426 COll-

193 449 329 484 sequitur.
342 447 478 480 Quocirca
493 454 527 474 ne
548 444 696 480 perfectam
711 445 828 472 salutem
840 444 886 471 isti
903 443 983 470 nobis

194 494 343 526 invideant,
359 498 405 520 aut
421 500 485 520 ossa
507 492 606 523 solum,
628 495 655 518 et
668 499 779 523 nervos,
796 496 878 526 atque
893 490 983 517 homi-

193 528 238 568 nis
253 540 388 576 picturam
406 538 542 565 Salvatori
557 538 692 565 tribuant.
705 536 772 564 Nam
784 537 808 564 si
822 536 881 572 ipse
894 536 984 563 inani-

192 591 284 614 matus
303 586 384 612 homo
399 589 452 616 est,
469 584 521 611 hoc
544 584 626 611 etiam
649 583 743 610 Ariani
768 584 856 616 aiunt,
874 586 903 610 ut
917 590 983 618 pas-

193 633 300 660 sionem
317 631 455 659 divinitati
472 630 607 662 tribuant,
628 630 686 665 88
707 625 983 665 tanquam'videlicet

193 679 266 714 quod
289 685 390 712 corpus
405 682 504 709 movet,
521 677 594 704 idem
613 684 724 712 quoque
739 677 870 712 patiatur.
891 674 920 703 Si
934 683 984 702 au-

193 730 248 752 tem
276 725 412 751 animatus
428 723 550 759 quidem,
573 731 669 751 verum
685 722 788 751 mentis
801 729 911 758 expers,
928 729 984 757 quo

192 770 303 797 tandem
331 770 412 797 modo
437 769 557 797 hominis
580 777 680 797 nomen
706 768 876 796 sustinebit?
891 768 984 802 Neque

192 815 265 842 enim
293 815 376 842 homo
398 814 499 841 animal
513 819 556 842 est
581 818 672 842 mente
688 821 796 842 carens.
811 815 899 849 Atque
915 812 981 840 illud

1033 215 1118 250 ἣμισυ
1133 214 1180 240 καὶ
1196 213 1226 240 16
1243 213 1478 249 προσειλημμένον
1493 213 1540 239 καὶ
1561 213 1591 239 τὸ
1608 212 1770 248 σωζόμενον.
1789 212 1825 240 ΕΙ

1033 261 1060 288 δὲ
1076 261 1136 292 ὅλος
1156 260 1226 295 (50),
1248 260 1300 295 ὅλῳ
1319 259 1357 296 τῷ
1373 259 1528 294 γεννηυέντι
1545 259 1663 294 ἥνωται,
1686 259 1733 286 καὶ
1753 259 1826 291 ὅλως

1035 306 1149 339 σώζεται
1172 307 1238 342 (51).
1262 306 1308 342 Μὴ
1331 307 1419 333 τοίνυν
1444 305 1665 341 βασκαινὲτωσαν
1687 306 1752 341 ἡμῖν
1772 305 1825 340 τῆς

1034 353 1181 384 παντελοῦς
1208 353 1358 388 σωτηρίας,
1383 352 1449 387 μηδὲ
1470 352 1536 378 ὁστᾶ
1557 351 1652 386 μόνον,
1674 352 1720 378 καὶ
1738 351 1824 387 νεῦρα

1033 399 1080 426 καὶ
1096 399 1254 434 ζωγραφίαν
1268 398 1408 434 ἀνθρώπου
1424 398 1462 432 τῷ
1477 398 1581 433 Σωτῆρι
1597 396 1823 432 περιτιοέτωσαν.

1033 445 1065 472 Εἰ
1081 445 1131 480 μὲν
1147 445 1201 480 γὰρ
1216 444 1318 479 ἄψυχος
1334 445 1348 470 6
1364 443 1516 479 ἅνθρωπος,
1533 443 1612 469 τοῦτο
1631 444 1677 469 καὶ
1689 442 1825 478 Ἀρειανο).

1033 491 1167 526 λέγουσιν,
1183 491 1215 518 ἵν’
1228 491 1273 518 ἐπὶ
1285 491 1334 526 τὴν
1349 490 1463 526 θεότητα
1477 491 1508 517 τὸ
1518 490 1603 521 πάθος
1616 490 1774 524 ὲνέγκωσιν,
1785 489 1825 522 ὡς

1032 536 1080 563 τοῦ
1097 535 1235 568 κινοῦντος
1251 535 1281 562 16
1298 536 1394 571 σῶμα,
1412 535 1507 562 τούτου
1524 537 1572 562 καὶ
1588 536 1738 570 πάσχοντος
1755 535 1823 570 (52).

1034 583 1064 609 Ei
1075 583 1102 609 δὲ
1119 582 1249 618 ἔμψυχος,
1265 583 1289 609 ει
1308 581 1357 617 μὲν
1369 582 1400 608 οὐ
1416 581 1517 617 νοερὸς,
1532 581 1589 614 πῶς
1605 583 1650 608 καὶ
1664 581 1823 618 ἄνθρωπος;

1033 629 1064 655 οὐ
1084 628 1139 664 γὰρ
1163 628 1242 655 ἄνουν
1270 627 1339 659 ζῶον
1365 629 1380 654 ὁ
1408 627 1560 663 ἄνθρωπος.
1585 628 1641 654 Καὶ
1662 628 1770 662 ἀνάγκη
1793 627 1826 653 16

1034 674 1125 710 σχῆμα
1138 674 1188 710 μὲν
1201 673 1369 710 ἀνθρώπειον
1383 671 1450 700 εἶναι
1461 674 1517 709 (55)
1532 673 1578 700 καὶ
1588 674 1637 709 τὴν
1650 673 1762 708 σκηνὴν,
1775 672 1826 708 τὴν

1033 719 1060 746 δὲ
1069 719 1158 756 ψυχὴν
1169 719 1252 746 ἵππου
1269 719 1351 751 τινὸς,
1368 719 1385 754 ἢ
1405 719 1476 754 βοὸς,
1489 719 1505 754 ἢ
1520 718 1598 745 ἄλλου
1617 718 1671 745 τῶν
1690 718 1824 753 ἀνοήτων.

1033 764 1119 791 Τοῦτο
1132 763 1198 799 γοῦν
1217 763 1293 790 ἔσται
1311 765 1359 791 καὶ
1373 765 1404 790 τὸ
1422 764 1584 800 σωζόμενον·
1601 764 1648 790 καὶ
1664 763 1826 799 διεψεύσθην

1034 810 1088 844 ὲγὼ
1098 810 1174 846 παρὰ
1191 811 1239 846 τῆς
1251 809 1391 845 ἀληθείας.
1408 810 1487 837 ἄλλου
1499 809 1669 845 τιμηθέντος,
1684 809 1762 841 ἄλλος
1776 818 1826 844 με-

191 869 306 889 necesse
321 865 374 893 est,
387 865 417 888 ut
434 860 540 896 species
551 860 661 896 quidem
676 864 702 888 et
715 860 791 887 larva
803 860 922 886 humana
934 859 980 890 sit,

1036 855 1261 891 γαλαυχούμενος.
1276 856 1306 882 Εἰ
1316 856 1345 882 δὲ
1357 856 1460 891 νοερὸς,
1471 855 1528 883 ἀλλ’
1540 856 1589 882 οὐκ
1599 856 1678 887 ἄνους
1691 855 1705 881 ὁ
1718 855 1825 891 ἄνθρω-

191 907 283 934 anima
297 911 388 934 autem
405 908 468 942 equi
489 906 654 942 cujuspiam,
678 910 725 933 aut
739 905 828 937 bovis,
844 910 890 932 aut
910 905 980 932 alius

1036 911 1096 935 πος,
1112 902 1313 929 παυσάσθωσαν
1332 902 1416 933 ὅντως
1434 903 1636 937 ἀνοηταίνοντες
1651 902 1718 937 (54).

191 954 320 981 animalis
337 958 456 981 mentem
479 961 535 981 non
560 953 699 981 habentis.
721 953 762 980 Ac
781 952 898 988 proinde
913 951 980 979 illud
998 959 1109 986 quoque
1129 952 1195 982 erit,
1216 950 1261 977 cui
1285 950 1362 978 salus
1385 949 1515 977 aiieratur
1528 959 1535 976 :
1550 955 1632 984 atque
1650 957 1701 985 ego
1715 950 1750 978 ab
1765 949 1826 985 ipsa

191 1000 313 1030 Veritate
333 1000 447 1028 delusus
468 1009 541 1032 sum,
561 1006 589 1028 ut
605 1001 662 1036 qui,
681 1000 735 1028 alio
754 1001 858 1028 honore
878 999 986 1033 aﬂecto,
1006 1000 1065 1034 ipse
1076 999 1187 1035 glorier,
1204 1006 1302 1033 meque
1319 998 1431 1033 jactem.
1448 998 1478 1026 Si
1497 1003 1587 1026 autem
1613 998 1713 1027 mentis
1739 999 1826 1034 parti-

190 1058 267 1085 ceps,
282 1057 338 1077 non
354 1054 443 1076 autem
460 1052 666 1076 menteuearens
681 1048 764 1076 homo
781 1052 834 1080 est,
851 1048 978 1083 desipere
996 1055 1059 1075 vere
1071 1054 1103 1073 ac
1114 1047 1214 1074 mentis
1228 1045 1319 1081 inopia
1332 1046 1457 1074 laborare
1472 1047 1608 1074 desinant.

225 1096 270 1128 At,
303 1096 403 1131 inquit,
438 1095 568 1124 divinitas
597 1096 699 1123 mentis
729 1095 791 1123 loco
818 1094 980 1123 suliicicbat.

191 1142 262 1176 Quid
279 1147 371 1169 autem
388 1141 441 1169 hoc
462 1141 495 1169 ad
517 1142 579 1169 me?
593 1141 728 1169 Divinitas
749 1141 823 1169 enim
839 1148 902 1168 cum
922 1141 981 1168 sola

190 1196 274 1216 carne
289 1188 370 1215 homo
384 1195 440 1214 non
454 1191 507 1219 cst,
523 1187 578 1215 imo
595 1195 645 1215 nec
660 1195 723 1214 cum
738 1187 796 1215 sola
814 1187 918 1219 anima,
928 1194 980 1214 nec

189 1241 253 1261 cum
264 1237 391 1268 utraque,
405 1233 428 1260 si
440 1241 517 1261 mens
528 1233 610 1267 absit,
625 1241 686 1269 quae
700 1234 783 1262 etiam
798 1234 885 1269 magis
896 1233 978 1261 homo

189 1279 297 1306 censeri
309 1278 400 1306 debet.
413 1278 597 1312 Quamobrem
614 1283 702 1307 totum
723 1279 862 1310 hominem
877 1279 977 1311 retine,

190 1330 223 1350 ac
243 1323 414 1351 divinitatem
437 1323 566 1360 adjunge,
592 1330 623 1352 ut
638 1332 682 1352 me
703 1324 783 1360 plene
810 1332 842 1355 ac
858 1325 981 1360 perfecte

189 1368 326 1396 beneﬂcio
353 1368 472 1397 afﬁcias.
497 1369 542 1403 At,
572 1370 674 1405 inquis,
702 1371 758 1398 duo
781 1370 902 1405 perfecta
925 1379 982 1398 non

189 1415 324 1450 capiebat.
343 1415 403 1442 Non
423 1423 505 1450 sane;
522 1416 658 1452 siquidem
678 1424 812 1452 corporeo
827 1417 910 1444 modo
924 1424 981 1444 rem

189 1461 339 1496 expendas.
361 1460 416 1489 Vas
432 1462 505 1489 enim
524 1462 606 1490 unius
622 1463 707 1490 modii
723 1471 810 1498 capax
830 1464 900 1492 duos
920 1472 981 1492 mo-

1075 1093 1144 1119 Ἂλλ⁹
1159 1093 1254 1128 ἢρκει,
1268 1093 1361 1127 φησὶν,
1377 1093 1393 1128 ὴ
1408 1092 1502 1127 θεότης
1518 1093 1578 1119 ἀντὶ
1592 1091 1639 1118 τοῦ
1657 1091 1714 1119 νοῦ.
1732 1091 1765 1118 Τί
1778 1089 1826 1120 οὖν

1034 1139 1101 1175 πρὸς
1115 1139 1164 1174 ἐμὲ
1180 1138 1273 1171 τοῦτο;
1291 1139 1392 1174 Θεότης
1407 1139 1462 1174 γὰρ
1476 1139 1545 1174 μετὰ
1565 1139 1666 1175 σαρκὸς
1682 1139 1764 1174 μόνης
1775 1139 1826 1166 οὐκ

1032 1186 1184 1221 ἄνθρωπος,
1202 1186 1259 1212 ἀλλ’
1277 1186 1337 1212 οὐδὲ
1353 1186 1441 1221 ψυχῆς
1464 1186 1562 1222 μόνης,
1582 1187 1643 1213 οὐδὲ
1662 1187 1826 1222 ἀμφοτέρων

1031 1234 1114 1269 χωρὶς
1133 1233 1179 1260 τοῦ
1197 1232 1254 1264 νοῦ,
1273 1232 1287 1258 ὃ
1304 1232 1350 1258 καὶ
1370 1231 1469 1266 μᾶλλον
1486 1232 1629 1268 ἄνθρωπος
1651 1233 1720 1268 (55).
1740 1233 1826 1268 Τήρει

1031 1277 1078 1306 οὖν
1091 1279 1136 1305 τὸν
1155 1279 1297 1312 ἄνθρωπον
1309 1279 1384 1310 ὅλον,
1405 1279 1452 1305 καὶ
1468 1279 1544 1314 μίξον
1561 1279 1611 1314 τὴν
1631 1279 1762 1314 θεότητα,
1781 1279 1826 1304 ἴνα

1034 1335 1066 1362 με
1086 1326 1185 1357 τελέως
1204 1325 1351 1360 εὐεργετῇς
1371 1325 1436 1359 (56).
1458 1325 1526 1352 Ἀλλ’
1547 1326 1596 1352 οῦκ
1615 1325 1725 1362 ἐχώρει,
1747 1326 1824 1362 φησὶ,

1032 1372 1079 1399 δύο
1107 1371 1208 1398 τέλεια.
1236 1371 1303 1397 Οὐδὲ
1329 1372 1394 1406 γὰρ,
1419 1372 1497 1407 εἴπερ
1521 1372 1683 1407 σωματικῶς
1705 1374 1824 1403 σκοπεῖς.

1039 1418 1162 1452 ’Δγγεῖον
1189 1417 1242 1453 γὰρ
1272 1417 1428 1452 μεδιμναίον
1453 1419 1484 1444 οὐ
1510 1420 1628 1454 χωρήσει
1654 1418 1824 1454 διμέδιμνον,

1033 1464 1093 1491 οὐδὲ
1107 1464 1163 1498 (57)
1183 1463 1308 1499 σώματος
1328 1464 1386 1495 ἐνὸς
1402 1464 1484 1496 τόπος
1502 1464 1548 1491 δύο
1564 1465 1580 1500 ἢ
1599 1465 1683 1492 πλεὶω
1701 1465 1824 1500 σώματα·

190 1508 251 1535 dios
269 1508 382 1535 minime
401 1508 570 1540 continebit,
592 1517 643 1536 nec
662 1510 788 1544 corporis
805 1510 889 1538 unius
905 1510 981 1537 locus

1036 1511 1057 1536 εἰ
1074 1510 1100 1537 δὲ
1114 1510 1152 1542 ὡς
1168 1510 1251 1546 νοητὰ
1267 1511 1314 1536 καὶ
1332 1509 1474 1545 ἀσώματα,
1495 1511 1590 1537 σκόπει
1605 1511 1646 1537 ὅτι
1663 1511 1710 1538 καὶ
1726 1511 1824 1546 ψυχὴν.

191 1554 247 1581 duo
262 1559 310 1581 aut
325 1554 404 1589 plura
417 1562 544 1590 corpora.
560 1555 589 1582 Si
604 1559 695 1583 autem
711 1560 741 1583 ut
759 1555 940 1591 intelligibilia
956 1561 983 1584 et

190 1601 356 1636 incorporea
372 1608 405 1628 ea
420 1601 592 1633 consideres,
609 1601 676 1629 illud
693 1602 893 1634 animadverte,
909 1603 982 1638 quod

190 1647 262 1674 idem
277 1647 346 1682 ipse,
367 1650 394 1674 et
410 1647 544 1680 animum,
560 1652 587 1676 et
602 1649 749 1682 rationem,
766 1653 794 1676 et
812 1652 942 1682 mentem,
954 1654 983 1677 et

192 1692 324 1727 Spiritum
352 1696 478 1719 sanctum
498 1693 633 1725 continui,
656 1696 739 1728 atque
759 1694 842 1721 etiam
857 1698 921 1721 ante
938 1702 982 1722 me

191 1738 311 1765 mundus
325 1737 370 1764 hic
390 1738 453 1772 (hoc
471 1742 514 1765 est
528 1739 601 1773 quod
618 1746 651 1766 ex
667 1739 823 1767 visibilibus
836 1744 863 1767 et
886 1740 982 1768 invisi-

191 1783 292 1811 bilibus
307 1783 390 1810 rebus
404 1784 534 1819 constat),
550 1783 669 1816 Patrem,
687 1784 784 1812 Filium
804 1790 832 1812 et
849 1784 981 1820 Spiritum

192 1833 329 1856 sanctum.
344 1828 408 1856 Haec
420 1830 493 1857 enim
509 1837 616 1862 eorum,
638 1838 698 1865 quae
710 1831 736 1858 in
751 1831 919 1858 intellectum
935 1839 983 1858 ca-

192 1875 272 1907 dunt,
299 1880 396 1902 natura
422 1881 476 1907 est,
501 1880 530 1903 ut
554 1877 717 1912 incorporeo
741 1882 823 1912 atque
850 1877 982 1905 invisibili

191 1919 285 1951 modo,
303 1925 329 1947 et
351 1920 423 1947 inter
444 1928 474 1948 se
494 1925 521 1948 et
542 1929 605 1948 cum
621 1922 783 1956 corporibus
804 1922 982 1954 misceantur,

192 1965 415 2001 quandoquidem
429 1971 456 1994 et
473 1967 593 2001 plurium
617 1975 715 2011 vocum
730 1969 805 1996 auris
823 1976 878 1995 una
895 1976 982 2004 capax

192 2015 245 2043 est.
263 2017 290 2040 et
308 2012 455 2039 multorum
476 2020 524 2040 ora
543 2013 640 2041 iisdem
657 2014 794 2049 aspectari
814 2013 904 2041 oculis
917 2021 982 2048 pos-

1033 1556 1080 1582 καὶ
1103 1555 1192 1589 λόγον,
1220 1556 1267 1582 καὶ
1289 1555 1362 1587 νοῦν,
1391 1557 1437 1583 καὶ
1462 1555 1574 1591 Πνεῦμα
1601 1557 1678 1591 ἂγιον
1705 1557 1720 1582 6
1745 1557 1826 1587 αὐτὸς

1033 1601 1170 1637 ὲχὼρησα,
1193 1602 1240 1628 καὶ
1259 1602 1311 1637 πρὸ
1333 1602 1400 1638 ἐμοῦ
1416 1603 1462 1629 τὸν
1482 1603 1606 1637 Πατέρα,
1623 1603 1669 1629 καὶ
1686 1602 1730 1629 τὸν
1746 1603 1824 1633 Υἱὸν,

1035 1649 1082 1675 καὶ
1108 1648 1139 1674 16
1162 1648 1239 1682 ἆγιον
1262 1648 1375 1684 Πνεῦμα
1396 1649 1462 1684 (58),
1481 1650 1495 1675 ὁ
1516 1649 1618 1684 κόσμος
1639 1645 1726 1681 οὗτος,
1745 1649 1775 1675 τὸ
1796 1649 1825 1682 ἐξ

1034 1694 1138 1730 ὁρατῶν
1155 1694 1227 1729 λέγω
1246 1695 1293 1721 καὶ
1309 1695 1433 1730 ἀοράτων
1453 1694 1588 1730 σύστημα.
1603 1694 1719 1730 Τοιαύτη
1734 1694 1789 1730 γὰρ
1809 1695 1825 1729 ἡ

1034 1739 1088 1765 τῶν
1107 1739 1209 1775 νοητῶν
1234 1739 1324 1774 φύσις,
1347 1740 1501 1774 ὰσωμάτως
1521 1740 1568 1767 καὶ
1592 1740 1756 1776 ἀμερίστως,
1780 1741 1825 1766 καὶ

1035 1785 1171 1820 ἀλλήλοις,
1195 1785 1242 1812 κα).
1266 1785 1373 1820 σώμασι
1400 1785 1555 1820 μίγνυσθαι.
1575 1786 1650 1812 Ἐπεὶ
1671 1787 1717 1813 καὶ
1738 1787 1825 1820 φωναὶ

1036 1831 1145 1863 πλείους
1170 1832 1238 1866 ἀκοῇ
1261 1832 1310 1866 μιᾷ
1332 1832 1464 1867 χωρηταὶ,
1487 1833 1534 1859 καὶ
1553 1832 1629 1867 ἂᾲεις
1644 1832 1748 1859 πολλῶν
1770 1833 1825 1868 (59)

1035 1878 1091 1908 τοῖς
1108 1878 1199 1908 αὐτοῖς
1217 1878 1335 1913 ὁρατοῖς,
1357 1878 1404 1904 καὶ
1423 1878 1584 1913 ὀσφραντοῖς
1600 1879 1742 1914 ὖσφρησις,
1765 1878 1825 1905 οὔτε

1038 1922 1091 1949 τῶν
1115 1923 1268 1958 αἰσθήσεων
1293 1924 1551 1959 στενοχωρουμένων
1579 1925 1624 1950 ὑπ’
1650 1924 1785 1960 ἀλλήλων,
1808 1925 1825 1960 ῆ

1036 1969 1248 2004 ἐκθλιϐομένων,
1267 1969 1328 1996 οὔτε
1343 1970 1397 1997 τῶν
1417 1970 1551 2006 αἰσθητῶν
1569 1970 1772 2006 ἐλαττουμένων
1787 1970 1826 2006 τῷ

1036 2015 1132 2052 πλήθει
1147 2016 1197 2051 τῆς
1212 2015 1390 2051 ἀντιλήψεως.

193 2061 269 2090 sunt,
287 2058 440 2093 odoresque
456 2058 559 2085 olfactu
581 2059 676 2086 eodem
690 2059 805 2094 percipi,
819 2059 856 2086 ita
877 2063 908 2087 ut
930 2067 981 2087 nec
999 2068 1100 2089 sensus
1114 2066 1210 2089 mutuo
1222 2062 1453 2096 comprimantur,
1470 2061 1513 2090 vel
1545 2062 1738 2095 extrudantur,
1773 2070 1825 2091 nec

191 2111 238 2132 res
265 2105 382 2133 sensiles
404 2105 446 2133 ob‘
463 2105 651 2140 perceptionis
680 2106 788 2141 copiam
814 2106 1025 2135 imminuantur.

227 2191 284 2231 (:59)
297 2195 337 2231 E_lr
347 2193 470 2231 ῆμισρς.
486 2193 564 2231 Co_l_b.
579 2194 636 2231 9__et
651 2193 773 2231 Combel‘.
786 2197 810 2222 ει
829 2196 926 2231 ἥμισυ.

230 2228 338 2265 ςῦΟῌΞὶ
360 2228 395 2265 δᾴ
415 2228 497 2261 ὅπως.
518 2228 577 2265 Y0);
602 2229 715 2256 ἔπταισε
734 2230 776 2257 vel
799 2228 911 2265 excidit,
936 2231 979 2259 vel

193 2263 368 2296 subauditur,
382 2263 508 2298 hancque
525 2263 587 2290 Bill.
604 2265 751 2298 supplevit.

229 2298 287 2345 S53)
298 2299 362 2341 Kal,
372 2298 451 2345 ἔλως
469 2298 606 2345 grumenti;
619 2300 739 2345 Colb.}Z
760 2300 787 2333 9,
811 2305 836 2328 et
857 2300 981 2342 Comhef.

193 2334 242 2362 καὶ
256 2334 315 2365 ὅλος
330 2333 454 2364 σώζεται.
474 2333 555 2360 Totus
570 2335 650 2361 etiam
667 2335 781 2362 salutent
803 2344 880 2364 tonse
899 2337 981 2363 uitur.

226 2369 289 2409 (52),
304 2369 413 2395 Τούτου
436 2368 485 2395 καὶ
506 2368 687 2404 πάσχοντος.
712 2369 780 2398 Cod.
795 2370 864 2407 Reg.
881 2345 918 2405 lii,
936 2372 983 2399 καὶ

193 2413 241 2431 του
256 2412 413 2438 πασχοντος.
777 2427 782 2434 ,
856 2419 861 2422 -

231 2439 286 2475 (53)
306 2438 496 2475 Ἀζθρῴπειον
509 2437 595 2467 εἶναι.
611 2439 650 2472 Ita
665 2440 742 2475 Colb.
759 2441 786 2471 5,
801 2441 828 2473 6,
846 2440 873 2474 9,
888 2445 915 2468 et
927 2441 984 2475 Mo-

193 2473 244 2538 ἔθει
277 2473 280 2474 ⁷
292 2478 320 2501 at
336 2473 412 2501 Colb.
428 2482 444 2501 a
455 2495 462 2508 ,
478 2474 648 2511 ἀνθρώπινον
672 2473 751 2503 εἶναι.
773 2477 801 2504 ln
825 2476 892 2504 edit.
912 2474 982 2503 εἶναι

213 2517 257 2538 ees
273 2529 280 2536 .

230 2544 284 2579 (54)
303 2545 416 2578 Ὄντως
430 2544 670 2580 ἀνοηταίνοντες.
684 2546 722 2574 Ita
738 2545 816 2574 Colb.
829 2547 857 2578 5,
870 2546 897 2577 6.
910 2546 936 2579 9,
954 2554 982 2579 a,

193 2580 311 2617 eteod.”
325 2579 391 2615 Reg.
420 2588 462 2617 ac_
475 2580 598 2608 Comhef.
627 2581 673 2609 Sic
698 2582 779 2617 etiam
797 2582 860 2617 legit
875 2582 935 2609 Bill.
951 2581 983 2609 In

193 2615 272 2657 edit;
283 2615 380 2657 οὕτως,
392 2615 464 2651 quod
477 2624 531 2644 non
544 2617 671 2652 displicet
686 2627 692 2644 :
708 2615 981 2652 Tandenialiquando

193 2650 310 2683 desipere
321 2650 450 2678 desinant.
589 2650 599 2652 “
881 2650 885 2652 Ἴ

193 2720 211 2722 __
231 2686 286 2720 (55)
301 2687 336 2712 '0
351 2685 533 2720 καὶμᾶλλον
545 2687 710 2721 ἄνθρωπος.
726 2686 815 2718 Multi,
829 2687 917 2722 inquit
931 2687 982 2714 Bil-

193 2720 259 2761 li'us,
280 2721 425 2763 hominem
438 2722 495 2762 sola
512 2720 605 2750 mente
617 2724 780 2763 tleiiuierunt
794 2731 801 2763 ξ
817 2720 895 2763 Plato
911 2730 980 2763 prie-

194 2756 274 2790 cipue
291 2756 472 2798 substantiam
489 2757 576 2797 ipsam
592 2758 734 2798 rationalis
754 2758 854 2785 animae
874 2757 979 2798 haberi,

195 2798 295 2825 corpus
321 2796 410 2818 autem
439 2792 559 2824 hominis
589 2793 767 2820 simulacrum
788 2797 815 2820 et
842 2793 978 2821 umbram.

195 2825 262 2854 Vide
278 2825 361 2854 Mars.
378 2826 502 2855 Ficinum
516 2827 544 2855 in
561 2833 722 2862 argumento
743 2835 781 2856 xu
799 2828 896 2862 dialogi
916 2829 978 2856 Pla-

996 2202 1021 2232 ο
1034 2198 1106 2238 tonis
1120 2197 1289 2238 Delegibus",
1309 2199 1382 2238 unde
1405 2199 1552 2238 Africanus
1568 2199 1640 2234 apud
1652 2199 1823 2238 _§iceronet_n

1033 2233 1060 2259 in
1077 2233 1186 2269 Somnio
1204 2233 1245 2260 sic
1273 2233 1429 2268 Scipionem
1451 2233 1600 2269 alloquitur
1618 2245 1624 2262 :
1647 2233 1702 2262 Nec
1717 2236 1786 2262 enim
1801 2235 1824 2262 is

1032 2276 1059 2294 ea
1074 2276 1149 2305 quem
1161 2268 1249 2302 [arma
1265 2269 1319 2295 ista
1340 2269 1480 2301 declarat;
1496 2268 1541 2297 sed
1566 2278 1637 2297 mens
1660 2270 1786 2305 cujusque
1801 2271 1824 2297 is

1032 2307 1072 2330 est
1088 2304 1206 2338 quisque.
1229 2312 1280 2330 non
1301 2312 1334 2331 ea
1349 2305 1436 2340 ﬁgura
1456 2313 1514 2340 qua:
1537 2305 1620 2340 digito
1643 2304 1823 2332 demouistrart'

1032 2343 1125 2371 potest.

1072 2373 1125 2408 (56)
1143 2372 1254 2406 Τελέως
1266 2374 1434 2408 εὐεργετῆς.
1452 2374 1582 2408 Montac.,
1593 2375 1688 2404 Morel.
1699 2379 1727 2404 et
1741 2375 1822 2403 Com-

1033 2407 1214 2446 be‘f-___=E‘A=-ia3:_
1229 2407 1423 2446 εὐεργὲτήσῄξο

1071 2444 1126 2481 (ξῖ)
1138 2443 1224 2481 οᾲδέ.
1241 2443 1317 2472 Colb.
1332 2443 1359 2476 5,
1376 2443 1401 2477 a',
1417 2444 1583 2481 etCotubcl‘.
1600 2447 1660 2473 οὐδὲ
1675 2447 1740 2481 γάρ.

1048 2478 1126 2540 ὸ(εἰδὲ)
1142 2479 1176 2505 Τὸ
1192 2479 1276 2514 ἅγιον
1289 2481 1420 2515 Πνεῦμα,
1435 2480 1513 2508 Colb.
1525 2482 1552 2513 5,
1565 2482 1592 2513 ϐ,
1606 2482 1653 2509 καὶ
1667 2478 1698 2508 16
1711 2478 1824 2517 Πνεῦμα

1079 2522 1164 2540 αγιον.

1031 2522 1062 2540 το
1079 2522 1164 2547 αγιον.

1069 2549 1125 2583 (59)
1137 2550 1241 2582 Ὀψεις
1252 2550 1386 2578 πολλῶν.
1402 2550 1439 2578 Ita
1452 2551 1531 2579 Colb.
1544 2552 1571 2583 5,
1586 2559 1612 2581 a.
1628 2551 1759 2583 Montac.,
1772 2551 1824 2580 Mo-

1032 2584 1082 2622 rel.
1101 2591 1133 2622 ac
1148 2584 1271 2622 Combe}
1299 2586 1342 2622 lnA
1352 2586 1417 2622 edit.
1442 2587 1518 2621 δῴεις
1535 2587 1677 2614 πλειόνων.
1695 2587 1755 2614 Mox
1773 2595 1823 2622 pro

1031 2619 1149 2658 ορατοῐῆ⁸
1165 2619 1225 2645 cod.
1245 2619 1309 2658 Reg.
1328 2620 1358 2658 β,
1389 2619 1505 2658 Montae.
1522 2630 1554 2650 ac
1574 2623 1697 2658 Couthef.
1714 2619 1821 2658 ὁραταί,

1031 2658 1058 2692 et
1070 2661 1118 2692 pro
1134 2655 1306 2692 6_c:ppav:oi;,
1322 2656 1446 2684 Comhel‘.
1465 2657 1625 2692 ὀσφρανταί.
1642 2655 1737 2684 Vertit'
1749 2658 1821 2685 BNL:

1032 2687 1196 2722 Et’pluriuiii
1208 2697 1325 2722 aspectus
1338 2692 1369 2718 ab
1384 2692 1476 2719 iisdem
1492 2687 1567 2720 rebus
1581 2694 1607 2720 in
1619 2694 1754 2720 oculorum
1764 2702 1824 2720 sen-

1031 2731 1088 2763 sum
1102 2724 1255 2763 cadentibus
1270 2727 1328 2760 capi
1346 2732 1442 2761 potest,
1462 2735 1539 2763 atque
1558 2728 1628 2760 idem
1648 2729 1775 2756 odoratus
1791 2729 1822 2754 ab

1030 2758 1124 2785 iisdem
1138 2759 1216 2799 rebus,
1225 2769 1282 2800 quu-
1298 2758 1398 2796 olfuctu
1409 2758 1569 2795 sentiuntur,
1582 2758 1620 2791 sic
1634 2772 1724 2798 nempe
1736 2768 1765 2790 ut
1779 2772 1825 2790 nec

1030 2802 1122 2836 sensus
1138 2803 1154 2822 a
1165 2799 1273 2836 σαίρω
1291 2802 1381 2826 mutuo
1399 2799 1610 2836 comprng
1629 2805 1708 2836 atque
1722 2799 1749 2826 in
1773 2807 1822 2826 an-

1030 2830 1132 2863 gustias
1147 2830 1307 2862 redigantur.
