1931 3056
34 155 86 182 185

764 156 933 184 EPISTOLA
953 157 996 184 Ci.

1616 161 1668 190 {86

66 210 126 238 Ποῦ
149 210 177 237 δὲ
199 210 247 238 καὶ
271 210 373 242 τέλειος
398 211 462 244 νοῦς
490 212 637 249 ἀνθρώπου
658 213 675 249 ἢ
700 213 822 248 ἀγγέλου,

913 213 973 241 Jam
989 221 1054 242 vero
1068 221 1189 250 quonam
1206 219 1288 250 pacto
1311 223 1390 244 mens
1404 215 1533 249 hominis,
1553 220 1601 244 aut
1616 225 1668 245 an-

30 256 176 291 συγκρίσει
191 255 328 290 θεότητος,
351 256 394 282 ἵνα
407 256 438 282 τὺ
452 257 545 293 ἕτερον
562 257 672 293 ἐκθλιϐῇ
691 258 827 294 παρουσίᾳ

30 301 78 327 τοῦ
97 301 234 337 μείζονος,
246 301 307 327 οὐδὲ
322 301 376 337 γὰρ
386 301 458 338 αὐγή
471 311 497 329 τι
510 302 566 337 (60)
582 302 650 338 πρὸς
664 303 749 338 ἥλιον,
766 304 826 330 οὐδὲ

29 347 103 379 νοτὶς
114 347 192 382 ὀλίγη
211 347 277 383 πρὸς
295 348 431 383 ποταμὸν,
453 349 495 374 ἵνα
511 348 543 375 τὰ
566 349 652 384 μικρὰ
670 349 826 384 προανέλω-

32 401 83 428 μεν
95 392 164 428 (61),
180 393 254 419 οἴκου
274 393 323 428 μὲν
338 393 436 429 αὐγὴν,
453 394 505 429 γῆς
522 394 551 421 δὲ
571 395 671 426 νοτίδα,
689 395 737 421 καὶ
754 394 826 421 οὕτω

31 438 146 473 χωρηθῇ
162 438 196 464 τὰ
213 438 298 474 μείζω
314 439 361 465 καὶ
378 439 540 475 τελεώτερα.
559 440 621 472 Πῶς
633 440 688 476 γὰρ
706 442 826 476 χωρήσει

30 483 79 510 δύο
94 483 195 515 τέλεια,
213 482 287 516 οἶκος
303 485 352 520 μὲν
367 486 454 521 αὐγὴν
471 487 519 512 καὶ
535 486 621 521 ἥλιον,
639 487 676 522 γῆ
692 488 719 513 δὲ
736 487 826 514 νοτίδα

33 530 80 556 καὶ
98 531 230 565 ποταμὸν,
250 531 329 557 τοῦτο
348 531 567 567 διασκεψώμεθα·
587 532 634 559 καὶ
654 532 708 568 γὰρ
725 532 826 568 πολλῆς

32 577 119 608 ὅντως
135 577 166 603 τὸ
181 577 297 612 πρᾶγμα
309 577 449 613 φροντίδος
462 577 545 610 ἄξιον.
563 579 598 605 Ἦ
614 579 771 613 ἀγνοοῦσιν,
785 579 826 606 ὅτι

33 629 63 648 το
81 623 151 658 πρός
170 632 197 650 τι
217 623 319 649 τέλειον
340 623 408 659 πρὸς
433 623 526 658 ἕτερον
548 624 652 657 ἀτελὲς,
677 625 714 657 ὡς
732 625 826 661 βουνὸς

35 669 103 702 πρὸς
121 669 194 705 ὅρος,
213 670 261 696 καὶ
280 670 379 702 κόκκος
403 670 504 703 νάπυος
529 672 598 708 πρὸς
620 672 736 708 κύαμον,
762 673 779 708 ἦ
799 682 825 699 τι

33 715 98 741 ἄλλο
118 715 172 742 τῶν
195 716 324 751 μειζόνων
345 717 520 752 σπερμάτων,
543 717 595 744 κᾶν
614 719 668 745 τῶν
685 719 826 754 ὁμογενῶν

36 760 128 796 μεῖζον
144 760 268 796 λέγηται·
285 763 308 788 εί
319 761 348 788 δὲ
362 762 461 797 βούλει,
478 763 526 790 καὶ
541 763 656 798 ἄγγελος
665 764 734 796 πρὸς
748 765 824 799 Θεὸν,

34 807 80 833 καὶ
100 807 169 843 πρὸς
188 807 303 841 ἄγγελον
322 808 480 843 ἄνθρωποςς
500 809 607 836 Τέλειον
626 807 673 836 οὖν
694 810 827 846 ἡμέτερος

32 853 105 886 νοῦς,
121 853 168 880 καὶ
180 854 356 889 ἡγεμονικὸν,
375 854 443 881 ἀλλὰ
457 855 547 891 ψυχῆς
564 856 610 882 καὶ
625 855 759 891 σώματος,
777 857 826 892 οὐχ

877 260 940 296 geli,
957 261 980 288 si
1002 268 1065 288 cum
1087 260 1231 289 divinitate
1255 266 1442 297 comparetur,
1469 263 1591 298 perfecta
1612 263 1668 292 dici

876 311 969 342 queat.
982 311 1012 334 ut
1026 308 1141 334 alterum
1156 307 1218 334 loco
1233 307 1330 335 cedere
1345 313 1460 342 cogatur
1475 308 1586 343 majoris
1599 317 1669 344 prte-

876 352 985 381 sentia?
999 352 1093 388 Neque
1106 353 1178 380 enim
1203 354 1332 388 splendor
1353 354 1468 388 aliquid,
1490 355 1512 381 si
1531 363 1592 381 cum
1611 355 1668 383 sole

876 399 1044 431 conferatur,
1061 407 1112 427 nec
1125 399 1182 434 89
1199 399 1299 426 humor
1313 400 1440 434 exiguus,
1458 400 1480 427 si
1496 408 1557 427 cum
1573 400 1667 433 ﬂuvio;

877 449 907 472 ut
926 452 988 480 quae
1007 452 1090 480 parva
1116 448 1182 472 sunt
1199 445 1276 479 prius
1301 445 1524 476 submoveamus.
1550 453 1565 473 e
1585 445 1668 472 domo

876 489 1063 525 splendorem,
1078 498 1094 518 e
1112 494 1185 517 terra
1201 489 1356 522 humorem,
1381 494 1462 524 atque
1483 489 1519 517 ita
1534 497 1595 525 quae
1609 497 1668 517 ma-

873 538 935 573 jora
954 541 1018 565 sunt
1036 542 1061 565 et
1084 537 1248 572 perfectiora
1275 537 1431 572 capiantur.
1450 536 1574 570 Quonam
1595 537 1668 564 enim

875 584 958 611 modo
974 584 1029 611 duo
1040 583 1160 618 perfecta
1172 583 1363 616 continebunt,
1381 583 1445 610 hinc
1459 591 1555 618 nempe
1570 583 1669 611 domus

876 629 1050 664 splendorem
1069 633 1096 656 et
1113 629 1210 660 solem,
1228 629 1291 656 hinc
1310 636 1419 656 rursum
1436 633 1509 656 terra
1524 629 1669 655 humorem

875 677 903 701 et
924 672 1048 705 ﬂuvium,
1072 673 1123 700 hoc
1144 672 1373 705 consideremus;
1392 681 1491 708 magna
1515 675 1587 700 enim
1605 680 1670 708 pro-

876 718 950 746 fecto
964 726 1030 746 cura
1045 721 1072 746 et
1090 718 1329 746 animadversione
1348 726 1392 746 res
1407 719 1489 753 digna
1512 723 1565 746 est.
1581 719 1623 745 An
1639 718 1670 746 il-

876 765 922 792 lud
943 772 991 792 eos
1012 764 1090 799 fugit,
1115 764 1187 799 quod
1215 772 1257 792 res
1283 765 1390 797 eadem,
1413 773 1475 800 quze
1492 772 1555 792 cum
1576 764 1669 799 aliqua

876 811 974 837 collata
987 810 1108 845 perfecta
1126 815 1178 841 est,
1193 810 1307 838 alterius
1322 811 1428 838 ratione
1443 810 1603 846 imperfecta
1620 811 1667 843 sit,

877 859 907 882 ut
929 856 1007 883 collis
1028 863 1091 883 cum
1113 860 1206 882 monte
1227 856 1356 888 collatus,
1374 860 1400 883 ct
1424 863 1540 891 granum
1561 855 1667 891 sinapis

33 899 128 930 ἁπλῶς
144 900 258 932 τέλειον,
279 900 346 927 Θεοῦ
364 901 392 927 δὲ
409 901 502 928 δοῦλον
519 902 566 928 καὶ
583 903 748 938 ὑποχείριον,
768 903 822 930 ἀλλ¹

878 909 940 928 cum
958 901 1028 934 faba,
1044 906 1090 928 aut
1104 902 1158 928 alio
1173 902 1302 936 quopiam
1318 902 1414 936 majori
1430 901 1546 932 semine,
1559 901 1668 928 etiamsi

33 945 63 972 οὺ
77 946 302 981 συνηγεμονικὸν,
316 946 375 972 οὐδὲ
389 946 532 982 ὁμότιμον.
547 947 623 974 Ἐπεὶ
636 948 682 974 καὶ
697 949 826 984 Μωῡσῆς,

32 989 133 1025 Φαραὼ
142 991 191 1025 μὲν
202 990 272 1023 θεὸς,
284 990 351 1018 Θεοῦ
361 991 390 1018 δὲ
402 992 538 1027 θεράπων,
556 993 595 1024 ὡς
607 993 825 1028 ἁναγέγραπταυ

33 1037 81 1063 καὶ
97 1037 213 1072 ἀστέρες
227 1037 312 1064 νύκτα
332 1038 381 1073 μὲν
401 1038 619 1074 περιλάμπουσιν
633 1039 699 1075 (62),
712 1039 780 1075 ἡλίῳ
798 1040 826 1068 δὲ

33 1083 215 1116 κρύπτονται,
229 1082 280 1114 ὡς,
297 1083 357 1119 μηδ’
371 1084 413 1110 ὅτι
428 1085 513 1116 εἰσὶν,
528 1084 619 1120 ἡμέρᾳ
634 1085 825 1121 γνωρίζεσθαι·

34 1127 81 1154 καὶ
99 1127 212 1163 λαμπὰς
225 1128 302 1164 ὀλίγη
326 1129 432 1166 μεγάλῃ
450 1131 573 1165 πυρκαῐᾷ
589 1130 645 1165 (65)
663 1131 826 1167 προσχωρή-

34 1180 119 1204 σασα,
135 1171 199 1200 οὔτε
217 1173 380 1205 ἀπόλλυται,
397 1173 460 1200 οὔτε
475 1173 610 1208 φαίνεται,
630 1174 691 1201 οὗτε
709 1175 826 1211 χωρίζε-

33 1226 78 1244 ται
110 1218 179 1253 (64),
201 1219 258 1246 ἀλλ’
278 1219 338 1246 ὅλον
359 1220 417 1246 ἐστὶ
439 1219 561 1255 πυρκαϊὰ
580 1219 648 1256 (65),
673 1221 721 1248 τοῦ
740 1221 826 1257 ὑπερ-

32 1263 140 1297 έχοντος
156 1263 360 1300 ὲκνικήσαντος.

877 947 923 979 iis,
938 955 999 982 qua:
1011 947 1135 982 ejusdem
1155 951 1219 974 sunt
1232 948 1352 982 generis,
1370 947 1459 983 majus
1471 947 1579 974 dicatur
1593 955 1600 974 :
1618 955 1668 974 an-

877 994 954 1029 gelus
967 993 1050 1020 etiam
1071 994 1094 1020 si
1112 993 1149 1020 ita
1171 993 1258 1025 lubet,
1283 1001 1344 1020 cum
1364 993 1431 1024 Deo,
1454 997 1481 1020 et
1501 993 1583 1020 homo
1605 999 1669 1020 cum

878 1038 995 1073 angelo?
1005 1038 1141 1071 Quocirca
1154 1046 1231 1067 mens
1244 1042 1352 1069 nostra,
1365 1038 1487 1073 perfecta
1498 1038 1543 1065 illa
1556 1037 1668 1073 quidem

877 1088 931 1117 est,
953 1087 980 1111 et
999 1085 1183 1120 principatum
1206 1088 1292 1117 tenet,
1314 1092 1410 1112 verum
1439 1085 1468 1111 in
1494 1084 1614 1111 animam
1639 1087 1669 1111 et

878 1138 997 1166 corpus;
1014 1138 1069 1158 non
1085 1135 1176 1159 autem
1200 1131 1361 1166 simpliciter
1377 1130 1516 1166 perfecta;
1535 1130 1581 1158 Dei
1601 1138 1668 1158 vero

878 1183 957 1204 serva
977 1181 1004 1204 et
1029 1177 1139 1204 subdita
1163 1181 1217 1208 est,
1234 1185 1289 1203 non
1314 1177 1486 1212 principatus
1504 1177 1590 1206 socia.
1617 1184 1668 1204 nec

877 1221 937 1256 pari
956 1221 1062 1249 honore
1079 1221 1204 1257 praedita.
1218 1221 1447 1257 Quandoquidem
1461 1222 1544 1248 etiam
1564 1220 1670 1252 Moses.

877 1266 1030 1295 Pharaonis
1041 1267 1152 1302 quidem
1163 1267 1232 1295 deus
1240 1267 1275 1299 '°,
1284 1267 1332 1295 Dei
1345 1271 1436 1307 autem
1451 1266 1570 1294 famulus
1581 1269 1624 1293 est
1631 1265 1668 1298 ",

32 1312 62 1334 ut
86 1307 200 1336 Litteris
228 1310 316 1337 sacris
341 1310 479 1345 proditum
506 1309 641 1344 habetur;
663 1314 691 1338 et
709 1311 797 1339 stellae
813 1316 922 1340 noctem
941 1313 1098 1347 illustrant,
1116 1321 1130 1340 a
1145 1314 1204 1341 sole
1219 1318 1309 1341 autem
1325 1314 1510 1347 occultantur,
1526 1314 1563 1341 ita
1579 1317 1609 1340 ut
1623 1313 1668 1340 in-

31 1355 120 1383 tordiu
141 1364 176 1384 ne
195 1365 243 1385 eas
271 1358 381 1393 quidem
406 1365 468 1388 esse
497 1358 610 1393 agnosci
636 1358 744 1393 possit;
771 1362 800 1386 et
825 1359 923 1395 exigua
947 1361 1060 1388 lucerna
1085 1368 1185 1396 magno
1210 1360 1345 1388 accedens
1372 1368 1489 1388 accenso
1515 1368 1593 1396 rogo,
1617 1368 1672 1389 nec

32 1402 226 1437 exstinguitur,
243 1411 294 1431 nec
307 1404 390 1437 lucet,
413 1411 465 1430 nec
484 1403 666 1440 disjungitur,
683 1404 732 1432 sed
753 1407 843 1432 totum
862 1412 946 1441 rogus
965 1410 1009 1434 est
1030 1413 1063 1433 ac
1079 1405 1199 1439 ﬂamma,
1220 1410 1371 1441 superante
1392 1406 1522 1434 nimirum
1541 1413 1574 1434 eo
1593 1406 1669 1442 quod

32 1449 206 1482 praestantius
221 1452 272 1477 est.
732 1485 734 1487 ι

71 1495 152 1522 Ἀλλὰ
177 1496 350 1531 κατάκριτος,
375 1496 469 1532 φησὶν,
494 1497 508 1523 ὁ
527 1495 662 1532 ἡμέτερος
684 1495 757 1527 νοῦς.
785 1495 817 1522 Τί

907 1494 943 1522 At
958 1503 1033 1522 mens
1048 1499 1152 1528 nostra,
1164 1495 1263 1530 inquit,
1278 1495 1407 1523 damnata
1417 1500 1470 1525 est.
1486 1496 1557 1529 Quid
1570 1503 1663 1527 autem

32 1538 74 1566 δαὶ
90 1541 107 1575 ἡ
125 1540 209 1575 aciei;
236 1541 266 1567 οὐ
293 1541 477 1578 κατάκριτος;
505 1542 541 1568 Ἢ
564 1541 610 1568 καὶ
632 1541 735 1577 ταύτην
753 1542 817 1568 ἀπο-

877 1541 955 1568 caro?
981 1549 1073 1568 annon
1101 1541 1248 1569 damnata’
1275 1541 1366 1575 Quare
1395 1547 1443 1570 aut
1466 1542 1535 1571 hanc
1557 1552 1669 1580 quoque

34 1586 164 1613 σκεύασαι
179 1586 222 1612 διὰ
233 1587 282 1622 τὴν
296 1587 442 1623 ἁμαρτίαν,
461 1587 477 1623 ἧ
492 1588 619 1614 κάκεῖνον
632 1587 755 1622 πρόσαγε
767 1587 822 1622 (66)

34 1631 76 1657 διῡ
90 1631 140 1666 τὴν
167 1633 314 1667 σωτηρίαν.
334 1633 365 1659 Εἰ
382 1633 412 1660 τὸ
436 1634 528 1668 χεῖρον
552 1633 763 1669 προσείληπται,
789 1632 822 1659 ἵν’

34 1677 149 1713 ἁγιασθῇ
166 1678 211 1704 διὰ
226 1679 275 1713 τῆς
292 1678 467 1715 σαρκώσεως,
491 1679 523 1705 τὸ
540 1680 665 1715 κρεῖττον
681 1679 711 1705 οὺ
737 1687 822 1713 προσ-

34 1724 210 1759 ληφθήσεται,
228 1725 260 1751 ἵν’
278 1725 394 1761 ἁγιασθῇ
411 1725 455 1752 διὰ
470 1726 520 1760 τῆς
533 1725 783 1761 ἐνανθρωπήσεως;
798 1725 823 1751 εἰ

33 1771 47 1797 ὁ
62 1771 144 1805 πηλὸς
161 1771 289 1807 ἐζυμώθη
317 1773 364 1798 καὶ
378 1772 437 1798 νέον
458 1772 573 1807 φύραμα
594 1771 716 1806 γέγονεν,
738 1768 761 1797 ὧ
783 1779 824 1797 σο-

34 1817 86 1850 φοὶ,
107 1818 124 1852 ἡ
141 1816 223 1843 εἰκὼν
245 1818 275 1844 οὺ
293 1818 496 1852 ζυμωθήσεται,
517 1818 564 1844 καὶ
581 1817 650 1854 πρὸς
671 1816 737 1844 Θεὸν
757 1817 824 1844 ἀνα-

34 1862 198 1897 κραθήσεται
221 1863 286 1898 (67),
313 1863 446 1890 θεωθείσα
462 1863 508 1890 διὰ
532 1864 582 1898 τῆς
604 1863 745 1898 θεότητος;
762 1863 822 1889 Κά-

33 1908 104 1933 κεῖνο
122 1908 151 1934 δὲ
170 1908 225 1943 (68)
243 1909 448 1944 προσθήσομεν·
466 1909 490 1935 εἰ
505 1909 664 1936 διέπτυσται
684 1909 794 1940 πάντως
808 1909 822 1935 ὁ

33 1952 90 1984 νοῦς
107 1954 145 1985 ὡς
162 1954 347 1989 ἁμαρτητικὺς
360 1955 408 1982 καὶ
423 1954 599 1990 κατάκριτος,
618 1954 665 1981 καὶ
679 1954 724 1981 διὰ
743 1954 822 1981 τοῦτο

33 1998 110 2034 σῶμα
139 2000 189 2033 μὲν
214 2001 423 2036 προσείληπται,
454 2000 516 2032 νοῦς
540 2001 569 2027 δὲ
596 2000 820 2036 παραλέλειπται,

35 2044 180 2080 συγγνώμη
202 2047 258 2077 τοῖς
275 2046 400 2073 πταίουσι
420 2047 484 2082 περὶ
500 2046 573 2073 νοῦν.
598 2048 743 2082 Μαρτυρία
767 2047 821 2083 γὰρ

32 2088 97 2114 Θεοῦ
121 2089 191 2116 κατὰ
214 2090 244 2116 σὲ
260 2090 315 2126 (69)
341 2091 434 2125 σαφῶς
450 2091 535 2124 ἔδειξε
551 2091 582 2118 τὺ
602 2092 652 2127 τῆς
673 2091 821 2125 θεραπείας

31 2134 170 2161 ἀδύνατον.
188 2136 265 2162 Εἴπω
287 2136 316 2163 τὸ
341 2137 449 2172 μεῖζον*
475 2138 508 2164 σὺ
531 2137 581 2173 μὲν
603 2137 648 2164 διὰ
665 2137 744 2163 τοῦτο
761 2138 820 2164 ἀτι-

32 2175 138 2215 μάζεις,
172 2179 195 2208 ὦ
229 2182 360 2217 βέλτιστε,
393 2183 439 2209 τὸν
467 2183 533 2219 ἐμὸν
554 2183 615 2211 νοῦν
647 2183 694 2219 (ὡς
720 2192 820 2218 σαρκο-

28 2226 140 2263 λάτρης,
151 2227 229 2264 εἴπερ
241 2228 471 2264 ἀνθρωπολάτρης
479 2229 535 2263 ἐγώ
554 2229 619 2263 (70),
629 2229 672 2256 ἴνα
683 2228 817 2265 συνδήσῃς

62 2283 86 2298 ⁵⁸
101 2282 190 2311 Exod.
204 2291 253 2315 vn.
271 2284 296 2312 1.
335 2284 358 2300 ⁵¹
385 2283 445 2313 los.
467 2293 486 2318 ι,
507 2285 550 2312 15.
601 2286 624 2301 ³³
641 2284 650 2311 l
667 2285 730 2312 Cor.
755 2293 781 2317 v,
800 2285 826 2313 7.

63 2341 121 2375 (60)
141 2341 220 2368 οὐδὲ
230 2342 285 2376 γὰρ
297 2342 374 2377 αὐγή
387 2352 425 2370 τι.
443 2342 488 2370 Sic
503 2343 630 2371 emendat
649 2343 773 2370 Combef.
789 2343 816 2370 In
833 2348 855 2376 ι)

27 2376 91 2404 edit.
105 2377 169 2418 οῦδὲ
184 2377 239 2419 γαρ
253 2378 323 2419 αὑγη
333 2387 379 2419 ,τις
394 2378 463 2419 πρὸς
479 2379 564 2419 ἥλιον,
581 2378 652 2419 quod
668 2378 745 2419 Bill.:
763 2377 819 2405 Ne-

44 2420 75 2438 ue
85 2414 157 2439 enim
173 2413 263 2439 radius
276 2412 396 2448 quidam,
408 2412 432 2440 ii
448 2412 507 2441 cum
518 2414 573 2441 sole
587 2412 750 2449 conferatur,
762 2421 818 2448 per-

39 2452 109 2474 actus
125 2452 177 2474 εει.

60 2482 116 2516 (61)
129 2483 199 2510 Ἵνα
220 2482 257 2510 τὰ
281 2483 373 2518 μικρὰ
392 2483 614 2518 προανέλωμεν.
636 2483 716 2511 Bill.:
742 2483 817 2511 Libet

27 2517 95 2544 enim
109 2525 194 2551 parua
208 2517 287 2551 prius
297 2517 418 2549 attinere;
436 2517 564 2546 nimirum
583 2519 677 2546 domus
693 2519 817 2553 splendo-

28 2552 236 2589 rem,etrsolem,
255 2558 332 2581 term
349 2559 435 2581 autem
455 2554 589 2582 humorem
606 2559 630 2581 et
643 2555 770 2589 pluviam,
786 2559 816 2581 ut

27 2587 185 2625 sicutajoru
198 2592 223 2615 et
239 2589 397 2625 perfectiora
411 2590 571 2625 concipiant.

61 2622 116 2660 (62)
132 2622 269 2660 Nagara...
281 2622 532 2660 περιλάμπουάιν.
541 2624 661 2652 Montac.
677 2628 705 2652 et
718 2624 815 2653 Morel.

27 2659 101 2684 νυκτὶ
119 2658 351 2693 περιλάμπουσιν.

62 2693 115 2730 (65)
131 2694 254 2727 Μεγάλῃ
270 2694 409 2728 πιζρκαῑᾷ,
417 2698 470 2721 etc.
488 2695 548 2723 Bill.
562 2703 570 2722 :
586 2693 685 2730 Magno
697 2693 816 2722 inccndio

29 2727 152 2764 adiuncta
168 2736 215 2754 nec
223 2730 399 2763 exstinguitur
409 2738 454 2757 nec
467 2735 586 2764 apparet.

63 2763 116 2804 (tit)
131 2764 207 2790 Οὔτε
218 2764 374 2798 χωρίζεται.
387 2765 465 2793 Colb.
475 2763 504 2793 3'
518 2765 693 2800 γνωρίζεται,
713 2772 760 2792 nec
773 2764 815 2791 di-

29 2803 171 2831 gnuscttttr.

63 2833 227 2870 (65)*ολοη
242 2834 308 2861 ἐστὶ
325 2835 464 2870 πυρκαϊὰ.
479 2835 539 2862 Bill.
553 2835 665 2862 :r’f'otum
688 2834 762 2862 istud
773 2839 814 2862 est

29 2866 183 2897 incendium.
214 2868 293 2906 Legit
311 2866 433 2899 Conibef.
457 2870 518 2898 ὅλον
533 2871 591 2898 ἐστὶ
609 2871 659 2907 μία
679 2871 810 2906 πυρκαϊὰ,

874 1589 986 1621 propter
1009 1590 1151 1621 peccatum
1172 1586 1271 1621 abjice,
1299 1591 1346 1614 aut
1368 1587 1442 1615 illam
1460 1589 1542 1616 etiam
1555 1593 1667 1625 propter

873 1632 988 1659 salutem
1005 1629 1133 1667 adjunge.
1151 1633 1179 1659 Si
1200 1632 1274 1667 quod
1291 1633 1412 1660 deterius
1427 1638 1479 1665 est.
1493 1639 1666 1670 assumptum

873 1681 926 1710 est,
954 1682 984 1704 ut
1011 1686 1060 1712 per
1090 1678 1310 1705 incarnationem
1336 1679 1543 1714 sam-titicetur;
1560 1688 1665 1714 annon,

874 1723 947 1758 quod
959 1724 1137 1758 praestantius
1150 1729 1203 1756 est,
1220 1729 1387 1756 assumetur,
1402 1729 1431 1751 ut
1442 1733 1489 1760 per
1509 1726 1666 1754 immanita-

873 1769 910 1796 tis
937 1770 1140 1803 susceptionem
1169 1771 1316 1798 sanctitale
1348 1770 1505 1798 afﬁciatur?
1527 1772 1555 1799 Si
1577 1773 1665 1800 lutum

873 1814 1066 1842 fermentatum
1089 1819 1171 1846 est,o
1191 1817 1329 1851 sapientes
1356 1817 1419 1849 viri,
1441 1825 1473 1844 ac
1500 1826 1570 1845 nova
1595 1826 1663 1846 con-

873 1862 980 1896 spersio
994 1862 1099 1889 exstitit
1124 1863 1158 1895 ",
1187 1863 1276 1897 imago
1294 1863 1353 1897 ipsa
1372 1871 1424 1889 non
1442 1864 1662 1898 fermenlabitur,

861 1899 899 1934 ὀι
911 1915 973 1934 cum
986 1907 1042 1935 Deo
1057 1909 1264 1943 temperabitur,
1279 1917 1326 1943 per
1337 1908 1508 1937 divinitatem
1527 1911 1667 1940 deificata?

872 1953 944 1986 Quin
960 1954 1012 1981 hoc
1039 1962 1154 1989 quoque
1167 1955 1331 1990 adjiciemus
1345 1964 1350 1981 :
1369 1956 1391 1982 si
1409 1964 1497 1987 mens,
1521 1960 1552 1983 ut
1566 1965 1664 1992 pecca-

872 2001 926 2027 trix
945 2003 972 2027 et
987 2000 1126 2033 damnata,
1152 2002 1264 2028 omnino
1289 2006 1380 2037 spreta
1395 2006 1421 2028 et
1439 2002 1540 2036 rejecta
1560 2009 1612 2035 est,
1628 2004 1665 2031 ob

871 2053 988 2080 eamque
1002 2053 1114 2074 causam
1141 2048 1243 2074 omissa
1261 2052 1352 2075 mente
1368 2055 1470 2082 corpus
1489 2053 1662 2084 assumptum

871 2095 924 2124 est,
941 2092 1046 2126 ignosci
1079 2092 1174 2127 utique
1195 2100 1243 2127 par
1261 2096 1302 2120 est
1318 2094 1361 2125 iis,
1383 2094 1429 2128 qui
1453 2094 1525 2122 circa
1544 2099 1662 2122 mentem

872 2143 995 2172 peccant.
1020 2136 1067 2164 Dei
1097 2137 1171 2164 enim
1195 2138 1366 2171 testimonio,
1389 2139 1423 2166 de
1447 2144 1494 2166 tua
1514 2141 1662 2174 sententia,

872 2187 966 2218 aperte
976 2184 1196 2212 demonstratum
1210 2189 1262 2217 est,
1277 2193 1336 2212 eam
1353 2187 1428 2213 nulla
1446 2187 1553 2214 ratione
1569 2188 1661 2215 curari

872 2238 963 2265 posse.
991 2230 1120 2259 Dicamne
1143 2231 1217 2267 quod
1236 2232 1325 2267 majus
1342 2233 1399 2260 est?
1411 2232 1450 2260 Tu
1471 2234 1592 2269 quidem,
1613 2242 1662 2269 ope

871 2346 954 2369 totum
968 2350 1036 2368 unus
1049 2346 1088 2368 est
1100 2350 1190 2377 rogus,
1205 2350 1258 2369 uua
1274 2342 1393 2376 ﬂamma.

906 2377 961 2413 (66)
976 2377 1122 2413 Κᾴκεῑνον
1139 2378 1281 2412 πρόσαγε.
1297 2377 1419 2404 Combef.
1438 2378 1565 2405 κάκεῖνον
1578 2387 1661 2413 προσ-

869 2411 967 2447 άγαγε,
987 2411 1042 2438 Fac
1056 2412 1222 2446 udjunxeris.

904 2447 961 2483 (67)
985 2447 1242 2483 Ἀνακραθήσεται,
1263 2447 1460 2483 temperabitur,
1484 2455 1545 2482 quae
1568 2449 1660 2475 versio

871 2482 973 2510 Cra-cis
991 2482 1154 2517 respondet;
1171 2483 1217 2510 sed
1233 2490 1295 2509 cum
1310 2482 1419 2509 Patrum
1440 2484 1551 2510 vocibus
1580 2483 1658 2511 abusi

867 2518 970 2546 fuerint
989 2517 1120 2550 hmretici,
1145 2518 1238 2545 mallet
1252 2517 1376 2544 Combef.
1391 2518 1598 2550 consaciabitur,
1612 2527 1658 2545 co—

886 2553 1016 2580 ulabitur.

866 2562 1016 2589 putantur.

869 2588 961 2624 77(68)
977 2587 1185 2624 _Kd7te_t'rq_6_é.
1214 2586 1254 2614 lta
1280 2586 1359 2615 Colb.
1375 2587 1402 2621 '5,
1431 2595 1458 2620 a,
1478 2587 1596 2615 Montac.
1625 2595 1658 2617 ac

869 2621 964 2651 Morel.
977 2622 1008 2649 ln
1025 2622 1092 2650 edit.
1106 2621 1134 2648 δέ
1152 2621 1239 2650 deest.

905 2658 961 2694 (69)
976 2657 1129 2694 Μαρῃῳίιι
1143 2657 1198 2692 γὰρ
1210 2656 1374 2694 φεοῦ-κατὰ
1394 2656 1442 2685 σε.
1462 2656 1492 2684 In
1506 2657 1568 2685 cod.
1588 2656 1656 2694 Reg.

869 2692 1028 2738 B,l‘gt“apud
1037 2692 1222 2738 nMorel.3&a1:&
1237 2693 1270 2738 σί
1285 2692 1394 2738 desunt:

905 2726 1246 2764 (70)“41‘70ptuﬂoﬁdt'png
1256 2726 1321 2764 ἐγώ.
1332 2726 1367 2764 Ut
1380 2727 1531 2764 idololatrae
1546 2735 1652 2755 vocans

869 2762 924 2796 tur,
942 2762 980 2790 ait
997 2763 1057 2789 Bill.
1069 2782 1076 2793 .
1091 2763 1138 2797 qui
1161 2762 1318 2790 simulacris
1334 2763 1441 2790 divinos
1463 2762 1582 2791 honores
1605 2764 1656 2790 Iri—

867 2799 966 2831 buunt,
983 2798 1020 2825 ita
1036 2798 1240 2833 Apoltinaristaa
1254 2797 1421 2825 orthodoxos
1433 2798 1655 2833 antltropolatras

866 2833 1049 2870 appellabant.
1062 2832 1135 2870 quod
1149 2836 1236 2870 totum
1249 2832 1384 2870 hominem
1397 2840 1412 2859 a
1428 2832 1537 2870 Christo
1545 2840 1656 2870 assum-

867 2867 942 2905 ptum
955 2868 1039 2897 fuisse
1043 2867 1199 2907 crederent,
1212 2868 1391 2904 sicqueillum
1403 2868 1534 2897 colerent.
1547 2867 1651 2897 Eodem
