1931 3056
284 156 336 184 187

911 155 940 184 S.
963 155 1127 185 GREGORH
1146 156 1318 185 THEOLOGI

1872 157 1923 186 ιεξ

283 215 350 240 time
365 212 406 239 rir
427 211 566 247 (tanquam
579 212 739 246 sareolatra,
750 212 883 248 siquidem
898 220 948 248 ego
962 213 1074 240 anthro-

1125 214 1192 240 Θεὸν
1205 214 1273 250 πρὸς
1287 214 1386 250 σάρκα,
1401 214 1438 245 ὠς
1454 194 1504 240 οὐκ
1528 213 1615 246 ἄλλως
1628 213 1738 249 δεθῆναι
1754 214 1923 250 δυνάμενον,

285 259 391 294 polatra
405 260 489 292 sum),
505 257 608 286 idcirco
623 263 740 286 utentem
758 266 845 286 meam
862 260 1027 290 contemnis.
1046 263 1076 287 ut

285 305 371 331 Deum
385 312 446 332 cum
463 311 547 331 carne
559 303 698 332 devincias
712 305 768 340 90
779 305 892 340 perinde
903 309 985 340 alque
997 305 1076 333 aliter

284 350 399 384 astringi
423 355 552 386 nequeat,
575 351 610 378 oh
622 350 704 385 idque
727 351 919 378 intermedium
944 352 1074 386 parietem

284 395 360 422 tollis
368 395 401 423 ".
409 396 468 423 Mea
478 399 568 423 autem
577 396 659 428 ratio,
669 395 719 422 hoc
725 399 777 427 est,
788 395 906 424 hominis
915 396 1025 423 minime
1035 404 1076 424 sa-

285 440 384 474 pientis
400 444 426 467 et
435 440 545 472 eruditi,
565 448 689 475 quantam
705 441 765 467 est?
776 439 853 468 Mens
860 441 954 472 menti,
965 445 995 468 ut
1010 449 1074 476 pro-

286 484 423 519 pinquiori
431 488 459 511 et
469 483 663 519 conjunctiori.
674 484 808 519 jungitur,
816 492 846 512 ac
861 492 909 519 per
916 492 975 512 eam
985 486 1073 517 carni,

285 529 357 557 inter
368 529 536 556 divinitatem
553 533 579 555 et
593 529 685 556 carnis
701 529 798 555 ntalem
812 549 819 560 ,
837 529 1072 557 intervenientem.

321 574 407 601 Porro
423 579 524 605 autem.
539 582 621 609 quam
642 575 819 603 humanitatis
841 580 1001 610 assumptis,
1019 576 1072 609 vel,

287 625 317 647 ut
332 620 382 655 ipsi
398 620 558 655 loquuntur,
577 620 786 650 incarnationis.
815 629 925 649 causam
948 622 1072 656 aderant,

286 665 439 694 videamus.
457 665 597 700 Siquidem
613 670 643 692 ut
658 665 730 693 Dens
742 667 843 701 alioqui
861 668 1070 703 incomprehcnv

284 711 391 743 sibilis,
406 711 662 746 comprehendatur,
683 720 716 739 ac
736 713 787 739 sub
805 720 898 743 carne,
914 714 992 748 quasi
1013 714 1073 741 velo

284 757 415 792 quodam,
435 764 497 783 cum
517 756 673 784 hominihus
694 760 827 787 versetur,
843 757 909 784 scita
931 765 996 784 sane
1010 757 1068 785 haec

286 802 355 837 ipsis
369 803 444 829 larva
455 806 509 833 est,
524 806 551 829 et
565 802 719 836 hypocrisis
733 801 823 829 fabula
834 812 840 829 :
851 807 880 829 ιιι
895 803 1002 830 interim
1017 811 1071 830 non

284 848 375 875 dicam
390 849 444 875 alio
459 856 567 883 quoque
581 847 660 874 modo
673 848 731 874 ﬁeri
744 849 876 883 potuisse,
887 853 916 876 ut
929 849 1070 876 nobiscum

1125 259 1173 286 καὶ
1197 260 1241 286 διὰ
1262 260 1340 286 τοῦτο
1363 259 1482 295 ὲξαιρεῖς
1505 260 1536 285 τὺ
1560 260 1726 295 μεσότοιχον.
1753 260 1781 286 ’0
1798 260 1828 287 δὲ
1853 261 1923 295 ἐμὸς

1124 304 1203 338 λόγος
1223 304 1275 336 τίς,
1292 305 1338 330 τοῦ
1355 303 1520 338 ἀφιλοσόφου
1537 304 1584 330 καὶ
1605 304 1789 337 ἀπαιδεύτους
1810 305 1825 331 ὁ
1856 305 1923 336 νοῦς

1124 351 1164 385 τῷ
1177 350 1217 376 νοτ
1231 351 1367 386 μίγνυται,
1389 351 1426 382 ὼς
1453 351 1592 386 ἐγγυτέρῳ
1616 351 1662 377 καὶ
1680 351 1850 386 οἰκειοτὲρῳ,
1873 352 1923 376 καΊ

1123 397 1168 424 διὰ
1184 396 1279 424 τούτου
1296 397 1375 434 σαρκὶ
1395 397 1582 432 μεσιτεύοντος
1600 397 1655 433 (71)
1673 397 1780 424 θεότυτι
1797 397 1847 424 καὶ
1867 407 1923 424 πα-

1124 450 1229 478 χυτητι.

1159 574 1207 605 Τίς
1227 574 1256 600 δὲ
1277 573 1325 600 καὶ
1344 574 1359 600 ὁ
1381 573 1459 607 λόγος
1482 573 1574 605 αὐτοῖς
1596 573 1647 608 τῆς
1668 573 1920 609 ὲνανθρωπήσεως,

1124 619 1233 654 ἴδωμεν,
1252 620 1339 646 εῖτουν
1360 618 1535 654 σαρκώσεως,
1560 618 1598 650 ὼς
1623 619 1700 645 αὐτοὶ
1722 619 1861 653 λέγουσιν.
1883 620 1920 646 Εἰ

1125 664 1174 700 μὲν
1196 664 1238 690 ἵνα
1253 664 1364 699 χωρηθῇ
1378 664 1454 695 Θεὸς,
1476 663 1564 695 ἄλλως
1579 663 1721 699 ἀχώρητος
1735 663 1784 696 ὢν,
1800 665 1852 691 καὶ
1875 665 1919 697 ὡς

1123 711 1176 736 ὑπὸ
1191 711 1421 746 παραπετάσματι
1434 711 1467 744 τῇ
1484 709 1565 745 σαρκὶ
1581 711 1636 742 τοῖς
1659 710 1811 745 ἀνθρώποις
1828 720 1919 746 προσ-

1122 756 1249 792 ομιλήσῃ,
1276 756 1380 791 κομψὸν
1408 756 1438 782 τὸ
1464 757 1634 791 προσωπεῖον
1665 756 1770 788 αὐτοῖς,
1803 757 1853 783 καὶ
1882 758 1918 784 τὸ

1121 802 1213 837 δρᾶμα
1224 802 1272 836 τῆς
1288 802 1458 837 ὑποκρίσεως
1470 811 1477 818 ·
1495 803 1538 828 ἴνα
1556 803 1593 837 μὴ
1613 802 1685 836 λέγω
1701 802 1740 828 ὅτι
1762 803 1812 829 καῖ
1823 803 1918 834 ἄλλως

1121 848 1251 883 ὁμιλῆσαι
1274 850 1339 883 ἡμῖν
1363 846 1418 874 οἷόν
1437 857 1466 875 τε
1484 847 1528 884 ἦν,
1553 849 1648 884 ὥσπερ
1672 850 1702 875 ὲν
1728 849 1801 884 βάτῳ
1824 850 1917 884 πυρὸς

285 898 461 926 versaretur,
487 894 714 929 quemadmodum
736 895 813 928 prius
827 895 853 921 in
870 894 941 929 ignis
959 896 1028 922 rubo
1038 896 1071 926 "',

1125 894 1169 921 ml.
1188 893 1349 929 ἀνθρωπίνῳ
1375 894 1439 920 εῖδει
1464 894 1520 928 (7‘2)
1537 894 1567 921 τὸ
1590 895 1731 930 πρότερον.
1760 895 1791 921 Εἰ
1814 895 1843 921 δὲ
1869 896 1917 921 ἵνα

283 944 313 968 et
325 940 411 967 forma
429 940 547 967 humana
558 941 590 966 κ.
607 939 636 966 Si
652 944 742 966 autem
773 944 803 967 ut
824 941 906 967 simili
922 949 969 975 per
983 942 1073 969 simile

284 985 457 1013 sanctiﬁcato
474 985 576 1019 peccati
603 984 804 1012 damnationem
824 986 922 1017 solvat,
940 987 1066 1020 profecto

284 1031 513 1066 quemadmodum
541 1038 625 1057 carne
645 1034 756 1065 propter
771 1039 881 1058 carnem
903 1031 1071 1064 damnatam,

283 1083 313 1104 et
335 1077 426 1104 anima
452 1081 562 1111 propter
592 1076 710 1103 animam
726 1084 794 1111 opus
808 1077 914 1108 habuit,
932 1078 968 1104 ita
990 1077 1072 1104 etiam

284 1127 377 1150 meme
388 1127 500 1160 propter
510 1127 638 1155 mentem,
660 1127 754 1158 utpote
769 1130 829 1157 quae
845 1122 872 1149 in
898 1122 1002 1149 Adamo
1017 1131 1072 1151 non

285 1168 375 1194 solum
411 1169 582 1202 peccaverit,
613 1169 661 1196 sed
687 1172 713 1195 et
736 1168 823 1203 prima
855 1167 950 1195 allecta
979 1169 1071 1201 fuerit,

285 1213 516 1247 quemadmodum
531 1214 629 1241 medici
645 1214 673 1240 in
688 1214 792 1241 morbis
815 1214 975 1248 loquuntur.
994 1214 1072 1247 Quod

262 1283 264 1286 .
285 1259 359 1286 enim
377 1261 534 1286 mandalum
554 1261 670 1294 accepit,
685 1260 737 1286 hoc
757 1259 885 1286 mandato
903 1267 1011 1294 quoque
1023 1260 1073 1286 mi-

284 1304 359 1331 nime
387 1305 477 1339 paruit
503 1304 601 1339 :quod
627 1308 716 1331 autem
749 1304 860 1331 minime
890 1306 995 1339 paruit,
1019 1305 1071 1332 hoc

284 1349 367 1375 etiam
383 1357 415 1376 eo
429 1349 550 1376 audacia:
561 1357 735 1384 progressum
753 1354 806 1381 est,
820 1353 850 1376 ιιι
866 1349 932 1376 illud
946 1350 1068 1384 violaret;

283 1394 357 1428 quod
385 1399 474 1421 autent
492 1395 611 1426 violarit,
628 1395 719 1422 hocin
740 1395 835 1430 primis
856 1403 964 1429 quoque
983 1396 1069 1423 salute

1120 940 1188 976 λύσῃ
1212 939 1242 966 τὺ
1270 940 1429 975 κατάκριμα
1451 941 1501 974 τῆς
1528 940 1665 976 ἁμαρτίας
1695 940 1734 975 τῷ
1763 940 1850 975 ὁμοίῳ
1883 941 1916 967 τὸ

1120 986 1210 1020 ὅμοιον
1227 985 1355 1019 ἁγιάσας,
1368 984 1462 1020 ὥσπερ
1475 986 1576 1021 σαρκὸς
1591 985 1683 1021 ἐδέησε
1697 986 1740 1012 διὰ
1754 985 1802 1021 τὴν
1821 986 1917 1021 σάρκα

1119 1031 1341 1067 κατακριθεῑσαν,
1359 1031 1405 1057 καὶ
1425 1031 1515 1066 ψυχῆς
1529 1031 1572 1058 διὰ
1592 1031 1642 1066 τὴν
1656 1031 1755 1067 ψυχὴν,
1778 1031 1850 1058 οὕτω
1866 1033 1918 1058 καὶ

1119 1077 1164 1104 νοῦ
1179 1076 1222 1104 διὰ
1237 1077 1282 1103 τὸν
1301 1076 1373 1108 νοῦν,
1389 1077 1419 1103 οὐ
1445 1077 1595 1103 πταίσαντα
1614 1077 1692 1112 μόνον
1707 1078 1736 1103 ὲν
1749 1077 1787 1111 τῷ
1809 1078 1913 1112 Ἀδὰμ.

1119 1124 1188 1151 ἀλλὰ
1200 1123 1246 1150 καὶ
1258 1123 1521 1158 πρωτοπαθήσαντα.
1532 1123 1626 1159 ὥσπερ
1638 1125 1662 1150 οἱ
1678 1123 1763 1159 ἰατροὶ
1787 1123 1917 1157 λέγουσιν

1120 1170 1166 1196 ἐπὶ
1181 1169 1235 1196 τῶν
1248 1169 1482 1205 ἀρρωστημάτων.
1498 1170 1530 1196 Ὃ
1543 1169 1597 1205 γὰρ
1608 1169 1657 1205 τὴν
1669 1170 1778 1205 ἐντολὴν
1791 1169 1915 1201 ἐδέξατο,

1119 1215 1197 1241 τοῦτο
1218 1215 1264 1241 καὶ
1283 1214 1331 1250 τὴν
1354 1215 1461 1250 ἐντολὴν
1477 1215 1527 1242 οὐκ
1550 1215 1691 1249 ἐφύλαξεν·
1707 1215 1721 1241 ὃ
1739 1215 1766 1241 δὲ
1779 1216 1829 1242 οὐκ
1845 1215 1916 1249 ἐφύ-

1121 1261 1201 1292 λαξε,
1224 1260 1303 1287 τοῦτο
1327 1261 1373 1287 καὶ
1399 1261 1447 1296 τὴν
1475 1261 1632 1296 παράϐασιν
1658 1261 1823 1296 ἐτόλμησεν
1846 1261 1860 1286 ὃ
1884 1260 1915 1286 δὲ

1123 1307 1239 1342 παρέϐη,
1261 1307 1340 1333 τοῦτο
1365 1308 1410 1333 καὶ
1435 1308 1570 1342 σωτηρίας
1597 1307 1680 1333 ἐδεῖτο
1706 1307 1838 1342 palamst;
1853 1306 1867 1332 ὃ
1884 1306 1916 1332 δὲ

1122 1352 1172 1387 τῆς
1187 1352 1330 1388 ησωτηρίας
1347 1353 1442 1385 ἐδεῖτο,
1456 1353 1535 1379 τοῦτο
1548 1353 1595 1380 καὶ
1609 1352 1781 1388 προσελήφθη
1792 1360 1798 1366 ·
1816 1353 1837 1378 ὀῖ
1849 1351 1915 1383 νοῦς

1122 1397 1176 1432 ἄρα
1192 1397 1399 1432 προσείληπται.

285 1440 438 1475 indigebat;
451 1441 522 1475 quod
537 1445 626 1467 autem
639 1441 726 1467 salute
741 1440 886 1474 indigebat,
901 1440 952 1466 hoc
968 1441 1049 1467 etiam
1065 1447 1236 1477 assumptum
1244 1447 1303 1476 est;
1321 1444 1358 1470 ita
1371 1443 1409 1473 ﬁt.
1423 1447 1452 1470 ut
1469 1451 1545 1470 mens
1559 1447 1697 1478 assumpta
1708 1443 1752 1470 sit.

321 1485 378 1513 Hoc
407 1494 494 1518 nunc,
519 1486 601 1512 velint
634 1486 741 1517 nolint,
763 1485 980 1513 demonstratum
1010 1490 1069 1518 est,

1158 1488 1242 1515 Τοῦτο
1261 1489 1307 1515 νῦν
1323 1489 1518 1521 ἀποδέδεικται,
1533 1489 1584 1515 κᾶν
1601 1489 1638 1525 μὴ
1653 1489 1812 1524 βούλωνται,
1837 1498 1914 1524 γεω-

284 1531 466 1566 geometricis,
489 1535 519 1558 ut
541 1531 593 1566 ipsi
616 1531 703 1562 aiunt,
724 1539 755 1558 ac
779 1532 946 1559 necessariis
961 1532 1076 1559 demon-

285 1575 476 1603 strationibus.
507 1574 547 1602 Tu
575 1583 640 1602 vero
658 1575 770 1610 prrinde
795 1575 881 1608 lacis,
902 1584 935 1603 ac
957 1577 992 1608 si,
1012 1577 1075 1604 laeso

286 1621 407 1648 hominis
419 1621 511 1654 oculo,
527 1629 558 1648 ac
578 1621 646 1656 pede
663 1621 777 1656 insuper
796 1622 911 1654 ollenso,
940 1622 1001 1657 pedi
1014 1622 1076 1657 qui-

285 1668 347 1693 dem
365 1666 526 1693 medicinam
548 1667 703 1699 adhiberes,
727 1667 837 1694 oculqu
855 1672 945 1695 autem
967 1668 1076 1695 incura-

285 1716 344 1739 tum
371 1713 540 1747 relinqueres
557 1718 633 1745 :aut,
649 1721 711 1740 cum
736 1714 824 1748 pictor
855 1714 957 1748 aliquid
985 1715 1075 1742 minus

287 1762 362 1785 recte
389 1758 533 1793 pinxisset,
564 1760 699 1794 picturam
721 1759 831 1794 quidem
850 1760 1018 1791 immntares,
1034 1761 1075 1795 pi-

287 1809 389 1831 lilOl‘Clll
416 1809 519 1836 autent,
551 1805 625 1832 velut
647 1814 760 1833 munere
779 1813 829 1832 Sll0
843 1810 917 1833 ['0ch
940 1806 1073 1836 functum,

288 1850 454 1884 prmtorires.
488 1850 566 1883 Quod
596 1851 631 1884 si,
661 1852 704 1879 his
729 1852 883 1879 rationibus
901 1852 1030 1886 prohibiti
1043 1859 1075 1878 co

287 1896 462 1931 confugiunt,
479 1901 508 1923 ut
530 1896 625 1929 Deum,
639 1903 741 1925 remota
755 1898 837 1925 etiam
855 1902 955 1930 mente,
973 1896 1074 1925 homini

288 1942 405 1970 salutem
427 1942 525 1971 ali'crre
539 1951 620 1978 posse
633 1944 737 1975 dicant,
759 1944 853 1978 utique
873 1945 964 1978 potuit
980 1944 1073 1976 ctiam,

289 1992 395 2015 remota
410 1996 494 2016 carne
513 1997 560 2024 per
582 1989 669 2017 solum
693 1990 873 2020 voluntatem,
896 1989 1074 2023 quemadmo-

288 2034 352 2062 dum
367 2035 419 2062 alia
436 2043 544 2070 quoque
559 2036 651 2063 omnia
662 2036 730 2062 citra
748 2036 873 2070 corporis
884 2043 993 2070 cperant
1011 2043 1075 2069 ope-

288 2084 364 2108 Γιιιυε
391 2085 442 2112 est,
464 2085 491 2108 et
507 2087 643 2116 operatur.
657 2080 748 2113 Quare
765 2089 826 2107 Clllll
851 2084 941 2108 mente
963 2088 1072 2107 carnem

289 2134 398 2161 quoque
415 2127 490 2158 tolle,
503 2133 530 2154 ut
543 2128 621 2162 plena
635 2132 661 2154 et
678 2128 796 2162 perlecta
808 2128 856 2154 tibi
870 2127 905 2154 sit
923 2127 1072 2154 temeritas.

1127 1536 1280 1569 μετριχαῖς,
1306 1535 1344 1567 ὥς
1365 1544 1447 1570 φασιν
1475 1535 1561 1566 αὐτοὶ,
1585 1536 1631 1561 καὶ
1657 1535 1822 1569 ἀναγκαίαις
1842 1538 1913 1562 απο-

1125 1578 1234 1612 δείξεσι.
1265 1581 1300 1607 Σὺ
1327 1581 1354 1606 δὲ
1375 1582 1462 1612 ποιεῖς
1483 1579 1684 1615 παραπλήσιον,
1710 1580 1802 1615 ὥσπερ
1825 1580 1860 1607 ἂν
1889 1582 1915 1606 εἰ

1125 1625 1262 1660 ὀφθαλμοῦ
1285 1625 1427 1661 ἀνθρώπου
1454 1626 1618 1656 πταίσαντος
1648 1625 1696 1652 καὶ
1721 1626 1802 1657 ποδὸς
1830 1634 1915 1660 προσ-

1125 1666 1355 1702 πταίσαντος,γτδν
1371 1671 1439 1697 πόδα
1453 1671 1501 1706 μὲν
1516 1671 1691 1705 ἐθεράπευες,
1708 1670 1754 1696 τὸν
1769 1670 1796 1696 δὲ
1813 1670 1915 1705 ὀφθαλ-

1127 1718 1176 1753 μὸν
1204 1717 1390 1753 ἀθεράπευτον
1416 1718 1490 1748 εἴας·
1508 1716 1524 1751 ἢ
1541 1715 1686 1750 ζωγράφου
1710 1725 1736 1741 τι
1763 1716 1799 1751 μὴ
1823 1715 1915 1747 καλῶς

1125 1763 1289 1798 γράψαντος,
1304 1762 1334 1788 τὸ
1352 1762 1400 1797 μὲν
1415 1762 1518 1797 γραφὲν
1535 1762 1696 1796 μετεποίεις,
1710 1761 1754 1787 τὸν
1765 1761 1792 1787 δὲ
1807 1761 1915 1796 ζωγρά-

1126 1818 1175 1843 φον
1190 1809 1227 1840 ὠς
1249 1807 1432 1844 κατορθοῦντα
1457 1807 1633 1842 παρέτρεχες.
1656 1807 1686 1833 Εἰ
1704 1807 1731 1833 δὲ
1747 1807 1799 1833 ὑπὸ
1814 1808 1916 1834 τούτων

1125 1853 1309 1888 ἐξειργόμενοι
1331 1852 1383 1879 τῶν
1407 1852 1558 1887 λογισμῶν,
1583 1852 1799 1886 καταφεύγουσιν
1823 1852 1869 1878 ἐπὶ
1886 1852 1916 1878 τὸ

1125 1900 1238 1926 δυνατὸν
1253 1897 1322 1925 εἶναι
1335 1898 1403 1933 Θεῷ,
1419 1898 1466 1924 καὶ
1481 1898 1564 1932 χωρὶς
1579 1897 1636 1928 νοῦ,
1652 1897 1738 1924 σῶσαι
1753 1897 1797 1924 τὸν
1810 1897 1914 1932 ἅνθρωο

1127 1954 1186 1976 πον,
1212 1945 1321 1971 δυνατὸν
1348 1945 1380 1980 δή
1404 1953 1454 1971 που
1478 1945 1524 1970 καὶ
1548 1944 1631 1978 χωρὶς
1658 1944 1768 1978 σαρκὸς,
1794 1943 1866 1977 μόνῳ
1877 1943 1915 1978 τῷ

1127 1991 1284 2026 βούλεσθαι,
1301 1991 1394 2026 ὥσπερ
1410 1992 1457 2017 καὶ
1480 1991 1514 2016 τὰ
1533 1990 1599 2017 ἄλλα
1616 1990 1704 2016 πάντα
1720 1990 1842 2024 ἐνεργεῖ,
1868 1990 1915 2014 καὶ

1126 2038 1277 2072 ἐνήργηκεν
1301 2037 1463 2071 ἀσωμάτως.
1480 2035 1574 2061 ’Λνελε
1593 2033 1639 2061 οὖν
1665 2034 1733 2069 μετᾶ
1748 2033 1795 2059 τοῦ
1809 2033 1854 2059 νοῦ
1868 2033 1913 2059 καὶ

1126 2081 1173 2117 τὴν
1191 2081 1289 2116 σάρκα,
1309 2077 1371 2116 ἴν¹ᾗ
1390 2089 1430 2106 σοι
1446 2080 1546 2106 τέλειον
1568 2079 1599 2105 τὸ
1618 2079 1668 2113 τῆς
1684 2078 1820 2109 ἀπονοίας.
1845 2077 1914 2103 ’Λλλ’

1127 2127 1284 2154 ἀπατῶνται
1311 2127 1363 2152 ὑπὸ
1385 2126 1430 2152 τοῦ
1455 2127 1633 2160 γράμματος,
1657 2124 1703 2150 καὶ
1719 2123 1762 2149 διὰ
1784 2123 1861 2149 τοῦτο
1881 2124 1914 2158 τῇ

288 2171 343 2200 Sed
357 2173 462 2201 scilicet
477 2181 491 2200 a
513 2173 601 2201 littera
620 2173 805 2209 decipiuntur,
823 2178 1022 2209 proptereaque
1037 2174 1070 2201 ad

1125 2172 1204 2208 σαρκὶ
1236 2172 1450 2208 προστρέχουσι,
1479 2171 1526 2206 τὴν
1558 2170 1702 2205 συνήθειαν
1727 2169 1775 2204 τῆς
1806 2169 1912 2204 Γραφῆ,

336 2285 361 2301 ⁸³
380 2284 479 2320 Ephes.
493 2293 522 2318 ιι,
541 2286 581 2312 14.
618 2286 641 2301 ⁸⁸
654 2285 739 2313 Exod.
755 2293 796 2317 nl,
812 2285 839 2312 2.

289 2385 384 2419 itaque
407 2384 489 2411 modo
513 2384 661 2419 Gregorius
684 2384 843 2419 Apollinarii
872 2392 1003 2419 sequaces
1018 2393 1078 2412 sar-

290 2421 411 2447 colatras
435 2423 526 2451 vocat,
549 2420 622 2454 quod
649 2426 760 2447 carnem
774 2420 860 2447 solam
875 2421 908 2446 ab
923 2428 956 2446 eo
971 2427 1080 2447 assum-

291 2461 365 2490 ptam
378 2455 462 2482 fuisse
479 2456 685 2482 contenderent.
705 2455 838 2488 Superius
860 2455 932 2481 enim
955 2455 1080 2489 probavit

289 2498 337 2517 eos
360 2491 406 2525 qui
426 2494 542 2517 mentem
560 2490 669 2519 tollunt.
690 2491 807 2516 animant
831 2497 940 2524 quoque
966 2497 1081 2524 prorsus

291 2525 394 2557 tollere,
410 2529 503 2559 utpote
517 2525 543 2551 in
557 2533 610 2560 qua
624 2525 689 2560 nihil
707 2525 742 2551 sit
759 2529 853 2560 mento
871 2525 1059 2560 przestanlius.

330 2561 385 2594 (Ἠ)
405 2559 631 2593 Μεσιτεύοιέτος.
650 2559 767 2586 Montac.
785 2564 812 2586 et
832 2559 925 2587 Morel.
942 2559 979 2590 ὡς
998 2567 1076 2594 μεσι-

290 2596 423 2627 τεύοντος.
456 2594 541 2622 Vertit
565 2594 688 2622 Combei‘.
709 2604 715 2621 ε
737 2595 801 2627 Qua:
821 2595 908 2621 media
931 2594 1076 2621 intercedat

290 2633 359 2658 inter
368 2631 492 2657 deitatem
505 2635 528 2657 et
541 2630 629 2656 carnis
647 2629 752 2656 malent.

326 2666 382 2700 (72)
405 2667 458 2691 Ἐν
485 2665 660 2699 ἀνθρωπίνῳ
688 2664 771 2691 εῖδει.
798 2663 830 2690 In
854 2664 968 2690 humana
981 2664 1078 2700 specie,

290 2699 418 2728 videlicet
429 2701 493 2727 dum
509 2700 550 2727 sui
569 2699 741 2734 praesentiant
766 2700 930 2734 patriarcltis
943 2699 1078 2725 exhibuit.

290 2735 430 2762 Christum
442 2735 475 2761 ab
485 2735 563 2761 initio
575 2736 645 2761 inter
656 2734 780 2761 homines
797 2734 880 2761 luisse
890 2737 1081 2760 conversatum

292 2771 485 2797 existimarunt
506 2769 615 2796 Patrum
637 2769 773 2796 nonnulli.
791 2768 953 2803 Congressus
976 2773 1027 2799 est,
1044 2768 1083 2794 in-

293 2805 352 2839 quit
369 2803 567 2835 Turtullianus,
598 2812 657 2831 cum
683 2804 844 2837 patriarcltis
863 2808 888 2839 et
913 2803 1080 2839 prophetis...

292 2837 410 2868 edisccus
417 2839 476 2875 ja't
488 2839 569 2866 indm
581 2838 800 2874 primordio,jam
808 2838 867 2866 inde
876 2838 1006 2865 hominem
1013 2837 1082 2872 quod

877 2285 900 2302 "
916 2284 983 2313 Gen.
998 2293 1076 2318 mn,
1097 2285 1110 2312 1
1129 2292 1189 2320 sqq.

1125 2389 1182 2412 erat
1197 2384 1304 2420 futurus
1318 2383 1432 2420 in_ﬁne.
1450 2383 1579 2420 Afscrtmt
1591 2383 1709 2420 quidam,
1729 2382 1766 2420 ait
1787 2382 1911 2420 Augusti-

1128 2417 1259 2449 nusflib.
1277 2427 1320 2446 xvt
1346 2418 1383 2445 De
1396 2419 1445 2445 civ.
1463 2418 1521 2449 Dei,
1533 2417 1600 2452 cap.
1612 2418 1656 2450 '29,
1675 2418 1814 2444 Dominum
1837 2417 1909 2444 Cltri‘

1128 2461 1209 2487 stum,
1224 2455 1305 2481 etiam
1321 2458 1382 2480 ante
1396 2453 1578 2480 indumentum
1602 2453 1701 2484 carnis,
1729 2453 1809 2486 {nixae
1826 2453 1902 2478 visibi

1131 2490 1191 2517 lem.
1212 2489 1260 2515 Est
1286 2489 1390 2524 quidem
1405 2488 1500 2524 divina:
1519 2488 1656 2521 potestatis
1672 2492 1696 2514 et
1713 2487 1860 2524 inuisibili}.
1876 2488 1907 2513 in-

1131 2522 1296 2557 corporalis;
1312 2523 1588 2557 incommutabilisque
1606 2528 1719 2553 natum‘,
1735 2523 1790 2548 sine
1801 2522 1855 2548 ulla
1872 2530 1912 2548 sill

1130 2560 1275 2586 mutatione
1287 2560 1367 2585 etiam
1381 2558 1538 2585 mortalibus
1554 2557 1702 2592 aspectibus
1713 2565 1846 2590 apparere,
1861 2565 1911 2583 non

1129 2603 1175 2628 per
1190 2595 1216 2620 id
1229 2594 1297 2628 quod
1314 2599 1364 2625 est,
1382 2593 1426 2620 sed
1440 2601 1484 2627 per
1499 2593 1599 2627 aliquid
1617 2593 1685 2626 quod
1710 2592 1761 2628 sibi
1783 2591 1913 2618 subditum

1131 2626 1180 2656 est.
1196 2626 1266 2661 Quid
1283 2635 1369 2655 autent
1384 2629 1423 2655 illi
1440 2626 1581 2654 subditum
1595 2636 1645 2654 non
1664 2628 1724 2654 est?
1741 2626 1836 2653 Verum
1852 2627 1912 2653 huic

1133 2664 1273 2691 sententia:
1285 2663 1312 2690 S.
1322 2663 1421 2690 Doctor
1436 2663 1525 2689 lavere
1537 2670 1591 2689 non
1605 2662 1722 2689 videtur.
1733 2661 1811 2687 Addit
1823 2663 1892 2687 cnim
1905 2671 1911 2688 :

1133 2698 1221 2725 Multo
1240 2703 1278 2724 est
1295 2698 1445 2725 credibilius
1461 2697 1529 2731 quod
1543 2703 1568 2724 et
1595 2697 1729 2724 Abraham
1748 2697 1775 2722 in
1790 2696 1878 2729 tribus,
1890 2702 1914 2722 ct

1131 2733 1180 2760 Lot
1193 2735 1218 2760 in
1235 2733 1335 2759 duobus
1360 2734 1422 2760 uiris
1448 2733 1590 2759 Demittunt
1617 2731 1801 2768 agnoscebant,
1816 2739 1856 2756 (ιιι
1871 2739 1914 2768 per

1131 2769 1291 2801 singularem
1305 2776 1440 2796 numerum
1457 2768 1641 2803 loquebantur,
1654 2767 1735 2794 etiam
1749 2774 1807 2793 cum
1817 2774 1859 2794 eos
1870 2767 1914 2794 lto-

1132 2805 1214 2832 mines
1227 2812 1282 2831 esse
1292 2803 1496 2830 arbitrarentur.
