1931 3056
283 113 334 141 1ιὸ

903 111 932 139 S.
949 107 1111 138 CREGORII
1128 107 1301 137 TllEOLOGl
1868 108 1918 134 193

282 172 328 206 qui
356 172 393 198 ita
419 171 564 202 sentiunt,
595 178 627 198 ac
647 170 765 203 docent,
798 177 852 206 pro
884 170 969 198 sociis
992 170 1070 201 habe,

1125 177 1174 200 τας
1193 169 1241 195 καὶ
1255 168 1429 199 διδάσκοντας
1446 167 1490 203 ἔχε
1510 167 1684 198 κοινωνικοὺς
1697 166 1767 202 (97),
1785 167 1850 193 ἐπεὶ
1871 168 1915 193 κρὶ

282 218 511 253 quemadmodum
531 221 558 244 et
574 217 626 252 ipsi
648 217 798 243 habemus:
826 223 874 243 eos
890 220 980 243 autem
994 235 1001 246 ,
1026 215 1073 250 qui

282 271 363 290 secus
380 263 505 290 sentiunt
522 270 649 289 aversare
662 282 670 294 ,
687 266 768 297 atque
788 270 803 288 a
830 261 884 288 Deo
900 266 927 288 et
951 260 1073 288 Ecclesia

282 309 419 336 catholica
440 309 544 336 alienos
564 309 701 336 existima.
726 308 953 342 Quandoquidem
971 312 1072 342 autem,

282 359 309 382 et
323 355 358 381 de
371 354 463 381 divina
481 354 660 382 humanitatis
677 354 865 388 assumptione
878 373 886 386 ,
903 354 961 380 sive
983 354 1075 391 incar-

283 401 396 427 natione
409 420 416 431 ν
434 401 550 434 qttzestio
569 400 693 434 quaedam
720 403 845 426 movetur
859 419 866 430 ,
890 399 942 425 hoc
965 406 1074 433 quoque

282 446 413 472 omnibus
427 446 460 472 de
475 446 553 472 nobis
574 445 675 471 allirma
687 464 694 476 ,
711 453 761 471 nos
782 444 827 471 Dei
849 443 964 474 Filium.
979 445 1025 479 qui
1040 452 1074 471 ex

283 490 365 518 Patre
382 491 500 526 primum
515 511 522 520 .
543 498 575 517 ac
590 490 689 517 deinde
703 498 736 517 ex
751 495 846 517 sancta
861 490 946 516 Maria
968 490 1082 525 virgine'

283 537 392 571 genitus
406 540 458 568 est,
477 537 503 563 in
519 544 605 563 unum
626 535 742 570 jungere
753 556 760 567 ,
780 544 829 562 nec
845 536 915 563 duos
942 536 1012 564 ﬁlios
1024 545 1074 564 no-

284 583 400 613 minare,
425 582 471 609 sed
496 590 580 609 unum
595 587 622 609 et
637 582 762 609 eumdem
784 582 811 608 in
827 582 1001 617 inseparabili
1017 582 1073 610 dei-

284 632 338 655 tate
355 632 381 655 et
396 629 499 655 honore
511 628 635 655 adorare.
653 627 732 660 Quod
748 627 771 654 si
789 628 851 662 quis
867 628 908 654 vel
929 636 1013 659 nunc,
1030 629 1072 655 vel

285 681 311 700 In
331 677 482 708 posterum,
505 674 547 701 his
561 674 673 701 minime
687 681 817 701 assensus
837 673 929 705 fuerit,
944 674 1002 709 ipse
1018 674 1072 702 Deo

285 727 310 744 In
328 719 373 744 die
390 718 488 752 judicii
506 719 640 745 rationem
656 718 762 745 reddet.

317 763 355 789 Ac
371 767 465 789 nostra
489 763 599 796 quidem
621 763 754 790 adversus
774 767 909 790 amentem
924 771 1023 798 eorum
1039 764 1072 790 de

285 813 373 835 mente
390 809 554 835 sententiam
572 810 712 836 conlentio
728 815 754 837 et
769 811 922 845 oppositio,
941 815 971 836 ut
996 810 1070 837 brevi

1126 215 1225 248 ἡμεῖς’
1245 214 1308 244 τοὺς
1330 212 1358 238 δὲ
1386 212 1486 247 ἑτέρως
1510 212 1620 246 ἔχοντας
1649 211 1821 246 ἀποστρέφου
1837 232 1844 243 ,
1871 213 1915 237 καὶ

1125 257 1281 293 ἀλλοτρίους
1304 257 1371 293 ἡγοῦ
1390 257 1499 283 καὶτοῦ
1525 257 1592 283 Θεοῦ
1619 257 1666 283 καὶ
1692 257 1741 292 τῆς
1766 257 1916 290 καθολικῆς

1131 303 1303 338 Ἐκκλησίας.
1325 303 1433 338 Ἐπειδὴ
1444 303 1472 329 δὲ
1488 303 1534 329 καὶ
1547 303 1609 337 περὶ
1624 303 1672 338 τῆς
1684 302 1759 335 θείας
1778 302 1916 338 ὲνανΟρω-

1124 348 1244 382 πτήσεως,
1264 349 1351 375 εἶτουν
1373 349 1537 385 σαρκώσεως
1551 349 1665 375 κινεῖταί
1684 357 1710 375 τι
1727 349 1850 384 ζήτημα,
1869 350 1916 374 καὶ

1123 394 1202 420 τοῦτο
1222 394 1338 430 διορίζου
1358 395 1425 421 πᾶσι
1450 395 1514 429 περὶ
1530 394 1625 429 ἡμῶν,
1648 395 1690 421 ὅτι
1719 394 1765 420 τὸν
1786 393 1852 420 Υἱὸν
1868 395 1915 420 τοῦ

1123 440 1207 471 Θεοῦ,
1235 439 1282 465 τὸν
1312 439 1474 474 γεννηθέντα
1497 440 1529 465 ὲκ
1552 439 1598 465 τοῦ
1622 438 1746 474 Πατρὸς,
1771 439 1818 465 καὶ
1846 447 1915 474 μετ]

1122 485 1201 511 τοῦτο
1218 486 1249 511 ἐκ
1271 486 1322 520 τῆς
1346 485 1426 520 ἁγίας
1447 485 1581 521 παρθένου
1602 486 1725 521 Μαρίας,
1743 485 1783 517 εἰς
1805 485 1835 510 ἓν
1850 485 1916 518 ἄγο-

1125 539 1185 565 μεν,
1201 531 1247 556 καὶ
1261 531 1290 556 οὺ
1309 531 1355 557 δύο
1370 532 1444 562 υἱοὺς
1465 531 1643 566 ὀνομάζομεν,
1660 531 1716 557 ἀλλ’
1737 531 1784 558 ἕνα
1804 531 1854 557 καὶ
1867 532 1914 557 τὸν

1123 577 1203 603 αὐτὸν
1220 579 1249 603 ὲν
1264 578 1407 613 ἀδιαιρέτῳ
1422 577 1528 612 θεότητι
1545 578 1592 604 καὶ
1607 579 1673 612 τιμῇ
1691 577 1913 612 προσκυνοῦμεν.

1122 623 1154 649 El
1178 623 1206 649 δέ
1227 631 1269 654 τις
1288 623 1316 650 οὺ
1337 623 1488 650 συντίθεται
1510 623 1614 654 τούτοις
1633 624 1648 658 ἥ
1671 623 1718 650 νῦν
1741 624 1757 658 ἢ
1784 623 1912 659 ὕστερον,

1122 668 1203 699 αὐτὸς
1216 668 1309 702 ὑφέξει
1322 668 1360 703 τῷ
1374 668 1433 704 Θεῷ
1451 669 1530 703 λόγον
1546 670 1574 695 ὲν
1590 670 1681 704 ἡμέρᾳ
1695 668 1820 704 κρίσεως.

1163 757 1194 783 Ὶί
1220 758 1269 792 μὲν
1292 755 1339 784 οὖν
1363 757 1430 792 πρὸς
1454 757 1503 792 τὴν
1526 756 1639 791 ἀνόητον
1660 756 1750 783 αὐτῶν
1770 756 1834 790 περὶ
1864 756 1912 782 τοῦ

1123 802 1168 828 νοῦ
1182 803 1260 834 δόξαν
1281 802 1404 832 ἔνστασις
1422 801 1499 836 ἡμῶν
1516 802 1562 827 καὶ
1579 800 1723 832 ἀντίθεσις,
1738 800 1775 832 ὡς
1793 802 1822 826 ἐν
1841 801 1909 835 βρα-

285 854 450 887 complectar
463 874 470 885 ,
492 854 530 879 ita
556 861 585 881 se
614 854 714 881 habet:
735 844 794 882 solii
809 844 886 881 enim
905 855 977 885 fere,
997 855 1070 889 quod

1124 847 1176 879 χεῖ,
1192 845 1303 880 τοιαύτη
1326 846 1372 871 καὶ
1393 845 1479 876 οὕτως
1498 844 1614 879 ἔχουσαο
1638 845 1714 880 μόνοι
1737 845 1790 880 γὰρ
1815 846 1911 880 ηεῶν

285 899 463 933 prolitentur,
481 899 531 925 hoc
545 900 626 926 etiam
641 907 734 926 revera
751 900 907 934 patiuntur,
930 900 964 926 ob
979 907 1073 926 anten-

285 945 348 971 tiam
374 946 501 972 nimirum
518 951 634 972 mentem
659 946 898 973 circumcidentes.
916 946 954 973 Ne
980 950 1069 974 autem

285 999 334 1018 nos
348 991 400 1018 hoc
421 992 532 1018 nomine
547 997 690 1023 accusent,
712 993 784 1026 quod
805 992 893 1019 Vitalii
916 993 965 1019 viri
990 993 1072 1020 nobis

285 1035 441 1062 charissimi
459 1036 536 1063 [idem
548 1056 555 1066 ,
580 1044 679 1070 quam,
706 1037 741 1063 ita
756 1037 910 1071 postulante
925 1038 1003 1064 beato
1018 1037 1070 1064 Da-

286 1086 374 1112 tunso,
390 1080 483 1108 Romae
498 1082 627 1116 episcopo
639 1101 646 1113 ,
666 1082 762 1110 litteris
777 1083 962 1117 consignatum
974 1083 1069 1116 edidit,

286 1127 363 1160 prius
395 1126 504 1160 quidem
528 1127 753 1161 probaverimus,
790 1136 863 1155 nunc
896 1136 960 1155 vero
988 1136 1070 1163 repu-

284 1171 390 1198 diemus
404 1191 411 1203 ,
429 1171 463 1198 de
487 1171 537 1197 hac
555 1179 663 1206 quoque
682 1179 710 1198 re
725 1180 810 1206 pauca
829 1173 1006 1200 disseremus.
1023 1173 1069 1200 lsti

285 1218 371 1249 enim,
390 1225 451 1244 cum
469 1217 540 1252 apud
557 1217 623 1244 ﬁdos
650 1225 716 1245 suos
740 1218 890 1253 discipulos
911 1223 938 1246 et
953 1227 1069 1246 arcano-

285 1270 344 1289 nun
359 1263 486 1290 conscios
496 1283 504 1294 ,
519 1263 749 1297 quemadmodum
767 1263 920 1296 Manichazi,
935 1265 1008 1299 apud
1022 1273 1069 1293 eos

284 1316 353 1343 quos
367 1309 468 1336 electos
483 1314 582 1336 vocant
595 1329 602 1341 ,
619 1310 653 1336 de
678 1310 820 1338 divinitate
848 1311 1007 1346 disputant,
1027 1315 1070 1339 to-

285 1360 342 1382 tum
362 1363 442 1382 suum
467 1355 593 1382 morbum
610 1355 780 1390 detegentes,
799 1357 841 1383 vix
859 1356 939 1383 etiam
958 1364 1068 1384 carnem

285 1399 420 1428 Salvatori
449 1401 583 1428 tribuunt.
606 1400 674 1428 Cum
699 1405 790 1428 autem
819 1402 1009 1430 communibus
1035 1402 1069 1430 de

287 1446 464 1473 humanitatis
479 1446 668 1480 assumptione
684 1447 837 1478 sententiis,
855 1454 924 1482 quas
944 1446 1069 1482 Scriptu-

286 1499 316 1518 ra
341 1492 472 1522 exhibet.
504 1492 706 1518 convincuntur
734 1499 765 1519 ac
797 1496 981 1527 premuntur,
1009 1494 1068 1529 pias

284 1537 395 1572 quidem
416 1537 550 1565 dictiones
567 1538 743 1569 conﬁtentur,
761 1546 855 1565 verum
871 1539 943 1566 circa
958 1547 1069 1567 sensum

284 1589 313 1611 et
332 1584 537 1619 intelligentiam
561 1583 639 1612 dolos
664 1587 777 1611 nectunt
790 1604 798 1616 ,
815 1592 867 1611 non
883 1585 991 1619 quidem
1009 1585 1070 1612 ani-

285 1639 346 1662 mae.
364 1639 413 1657 nec
429 1630 541 1657 rationis
559 1638 590 1656 ac
604 1630 704 1658 mentis
725 1635 863 1665 expertem
883 1638 934 1658 nec
948 1630 1073 1665 imperia»

285 1681 360 1704 ctum
371 1676 425 1711 95
441 1676 577 1703 hominem
589 1676 764 1704 conﬁtentes:
777 1680 906 1704 eseterum
922 1677 1029 1708 anima},
1043 1681 1072 1704 et

285 1722 420 1753 rationis,
448 1729 480 1749 ac
499 1722 600 1750 mentis
616 1722 676 1749 loco
701 1723 871 1750 divinitatem
899 1722 1070 1756 inducentes,

285 1767 400 1803 perinde
417 1771 500 1802 atque
517 1767 576 1802 ipsa
604 1768 662 1795 sola
680 1775 741 1794 cum
767 1775 849 1795 carne
873 1771 1021 1802 temperata
1044 1771 1071 1795 et

286 1813 412 1848 copulata
433 1812 532 1844 fuerit,
549 1816 577 1839 at
596 1820 651 1840 non
669 1812 751 1840 etiam
768 1812 894 1840 humana:
905 1818 1006 1840 nostra:
1026 1821 1072 1841 res

285 1862 314 1886 et
334 1858 531 1893 proprietates;
554 1858 661 1885 etiamsi
679 1858 724 1885 illa
749 1858 782 1885 ab
802 1858 876 1885 omni
893 1863 1005 1893 peccato
1021 1866 1074 1894 pu-

285 1905 354 1932 rilas
380 1904 498 1931 humana
518 1904 675 1931 conditione
703 1904 847 1931 sublimior
861 1909 952 1938 esset,
977 1912 1010 1932 ac
1028 1905 1074 1933 vi-

286 1951 418 1979 tiosarum
431 1955 587 1978 nostrarum
599 1951 772 1978 all'ectionum
785 1951 932 1987 expiatrix.

322 2030 378 2065 (97)
399 2031 467 2064 Ἔχε
494 2030 697 2061 κοινωνικούς.
727 2029 868 2056 Combcl'.:
897 2029 930 2056 In
954 2037 1072 2057 commu-

286 2066 363 2092 nione
378 2065 452 2096 habe,
469 2066 523 2091 illix
539 2065 718 2094 cmnmunioge
737 2065 858 2099 jnugere.

322 2100 376 2135 (98)
393 2102 423 2125 Ὀ
437 2100 669 2134 damnationum.
686 2099 723 2126 Ita
738 2101 812 2126 Colb.
828 2101 854 2131 5,
867 2100 893 2131 6,
912 2100 939 2130 9.
953 2107 979 2131 a,
994 2099 1071 2127 Mon-

285 2139 338 2162 tac.
359 2143 390 2161 ac
403 2135 495 2162 Morel.
517 2135 632 2170 h-gitque
650 2135 718 2170 BillL
731 2135 758 2161 In
772 2136 837 2162 edit.
857 2136 870 2161 ὅ
887 2135 973 2162 deest.

323 2171 377 2203 (99)
397 2170 555 2197 οὑνταλιυυ
570 2170 683 2196 πίστιν.
699 2169 825 2200 Vitalius.
847 2171 988 2197 honestate
1007 2170 1069 2197 Viue

286 2205 451 2239 conspicuus
471 2209 499 2231 et
522 2205 733 2238 apostolicorum
752 2204 908 2239 dogmatum
930 2205 1067 2237 alumnus,

287 2249 322 2267 an
339 2239 507 2274 Apollinario
527 2239 634 2275 tan_dem
649 2243 791 2275 correptus
809 2244 850 2266 est
866 2243 947 2275 atque
966 2240 1068 2275 inhhaa-

288 2273 370 2302 resim
390 2278 552 2309 pertractus.
565 2273 728 2300 Theodoret.
747 2274 792 2300 lib.
808 2282 840 2305 v,
866 2273 927 2309 cap.
946 2275 972 2301 4.
990 2273 1069 2302 Hunc

287 2309 471 2344 Apollinarius
488 2308 667 2344 sectatoribus
690 2309 748 2335 suis
769 2308 921 2336 Antiochiae
937 2309 1068 2343 pa'mfecit.

287 2343 399 2378 Niceph.
416 2345 462 2371 lib.
475 2351 523 2374 xu,
541 2350 600 2377 cap.
615 2343 631 2369 4
644 2363 651 2374 ,
670 2344 715 2377 qui
732 2347 758 2369 et
779 2343 852 2370 illius
873 2351 955 2378 supra
975 2345 1070 2371 memi-

287 2377 363 2406 nerat
384 2379 430 2406 lib.
451 2387 477 2404 χι
491 2399 498 2408 ,
517 2385 577 2412 cap.
591 2377 624 2403 12
637 2398 644 2408 ,
662 2378 707 2413 ubi
727 2382 754 2404 ct
776 2377 985 2413 Apollinaristas
1000 2379 1073 2406 Vita-

288 2416 376 2442 lianus
397 2415 485 2440 dictos
510 2413 544 2438 ab
561 2412 739 2440 Antiochenis
762 2412 869 2440 scribit.
886 2413 954 2440 Cum
972 2413 1071 2441 Vitalio

287 2450 341 2477 isto
369 2458 398 2476 se
421 2448 573 2475 Antioehiat
597 2454 773 2480 congressum
788 2468 795 2479 ,
819 2453 900 2480 atque
929 2449 1014 2475 multa
1036 2450 1071 2476 de

287 2483 501 2546 pilentlcnfhristi
523 2483 689 2510 disseruisse
717 2483 812 2510 scribit
838 2483 945 2518 Epiph.,
963 2484 1010 2511 lib.
1028 2492 1069 2511 Ill.

312 2527 350 2546 ΨΟ
384 2528 389 2545 Ι
415 2538 422 2545 ι

312 2527 350 2546 :t‘c
362 2520 422 2546 Bill.

324 2555 362 2588 (l)
376 2551 641 2588 Γνησίοιςγαὺτῶν.
659 2551 736 2588 (ΣοΙι).
755 2553 782 2584 5,
801 2553 922 2588 γνησίοις
939 2553 1053 2580 ἑαυτῶν.

324 2587 362 2622 (‘2)
388 2587 554 2623 Ὲκλεκτοῖς
578 2587 761 2621 λεγομένοις.
784 2587 898 2623 August.
920 2589 948 2615 in
968 2589 1016 2615 lib.
1032 2589 1071 2616 De

287 2623 429 2650 Incresibus
463 2623 495 2649 ad
515 2622 747 2654 Quodvultdemn.
781 2622 878 2651 limres.
900 2631 978 2655 XLVI,
1003 2628 1070 2651 tom.

288 2658 354 2691 νιιι,
375 2666 434 2693 pag.
457 2658 501 2688 Η,
519 2658 682 2685 Μηηίοιιωοδ
697 2658 841 2685 ecclesiam
858 2667 935 2685 suam
951 2659 1071 2686 voluisse

287 2699 415 2721 constare
431 2694 538 2720 duabus
554 2693 779 2726 professionibus.
802 2694 957 2720 auditormn
974 2698 1001 2722 et
1017 2694 1072 2721 ele-

287 2733 405 2761 ctorum,
415 2728 518 2755 scribit.
536 2727 571 2754 Ut
586 2731 675 2754 autent
695 2727 841 2762 intelligas.
859 2728 896 2755 ait
912 2727 985 2757 Bill..
1001 2737 1071 2762 quos

287 2763 391 2791 electos
405 2783 413 2794 ,
444 2771 567 2803 quosque
594 2762 733 2803 auditores
745 2797 752 2803 ‘
766 2767 897 2803 vocarent
909 2763 1069 2803 Manichfei,

290 2806 381 2832 operte
393 2797 509 2834 pretium
519 2799 571 2834 erit
584 2798 665 2834 verba
676 2797 796 2834 ejusdem
810 2799 924 2834 August.
941 2805 972 2825 ex
987 2799 1071 2832 epist.

291 2841 365 2862 nunc
393 2832 449 2862 256
478 2833 512 2860 ad
536 2832 692 2862 Deuterium
715 2833 874 2868 episcopum
907 2833 952 2861 hic
986 2834 1072 2862 ascri-

1123 891 1137 916 ὂ
1155 890 1363 925 δογματίζουσιν
1384 891 1450 924 (98),
1472 891 1556 921 ὄντως
1577 891 1623 916 καὶ
1643 890 1807 925 πάσχουσιν,
1829 892 1910 926 ἀνοίᾳ

1122 937 1168 962 τὸν
1191 936 1252 962 νοῦν
1276 937 1498 972 περικόπτοντες.
1525 937 1583 962 ’Ὶνα
1601 937 1630 962 δὲ
1656 937 1692 972 μὴ
1719 937 1911 972 κατηγορῶσιν

1123 982 1200 1017 ἡμῶν
1217 983 1256 1014 ὡς
1272 982 1320 1017 τὴν
1335 982 1384 1008 τοῦ
1407 982 1548 1017 ἀγαπητοῦ
1569 983 1710 1008 Οὺῖταλίου
1731 983 1820 1009 πίστιν
1839 983 1909 1017 (99),

1123 1029 1157 1064 ἢν
1175 1028 1336 1064 ἀπαιτηοεὶς
1357 1029 1408 1054 ὑπὸ
1425 1028 1471 1054 τοῦ
1493 1029 1627 1064 μακαρίου
1643 1029 1770 1064 Δαμάσου
1791 1029 1838 1055 τοῦ
1859 1030 1910 1064 τῆς

1128 1074 1237 1110 Ῥώμης
1254 1074 1414 1105 ἐπισκόπου,
1439 1074 1577 1109 ἔγγραφον
1595 1075 1750 1107 ἐπιδέδωκε,
1775 1076 1910 1111 πρότερον

1124 1121 1173 1156 μὲν
1192 1120 1415 1156 ἀποδεχομένων,
1438 1121 1485 1147 νῦν
1511 1121 1539 1147 δὲ
1563 1121 1762 1156 ἁναινομένων,
1780 1122 1826 1148 καὶ
1843 1123 1910 1157 περὶ

1121 1166 1216 1192 τούτου
1241 1166 1343 1202 βραχέα
1368 1166 1542 1201 δηλώσωμεν.
1563 1165 1643 1193 Οὗτοι
1674 1166 1728 1202 γὰρ
1754 1167 1835 1202 ἡνίκα
1859 1168 1909 1202 μὲν

1122 1213 1155 1240 ἂν
1177 1215 1232 1245 τοῖς
1249 1214 1370 1249 γνησίοις
1392 1213 1482 1240 αὐτῶν
1495 1213 1533 1248 (l)
1553 1214 1704 1248 μαθηταῖς,
1721 1213 1768 1240 καὶ
1792 1213 1910 1248 μύσταις

1121 1259 1175 1286 τῶν
1198 1260 1360 1296 ἀπορρήτων
1385 1259 1545 1293 θεολογῶσιν
1559 1279 1565 1291 ,
1595 1259 1689 1294 ὥσπερ
1711 1260 1736 1285 οἱ
1761 1260 1910 1294 Μανιχαῖοι

1121 1307 1177 1337 τοῖς
1197 1306 1334 1338 ἐκλεκτοῖς
1357 1305 1512 1340 λεγομένοις
1528 1305 1566 1340 (2)
1578 1326 1586 1338 ,
1610 1305 1674 1341 ὃλην
1690 1305 1738 1341 τὴν
1757 1306 1832 1332 νόσον
1859 1307 1910 1333 αὑ-

1121 1353 1174 1379 τῶν
1190 1352 1228 1388 (5)
1245 1352 1479 1384 ὲκκαλύπτοντες,
1509 1353 1583 1388 μόλις
1609 1353 1656 1379 καὶ
1679 1353 1728 1388 τὴν
1755 1353 1842 1388 σάρκα
1869 1353 1910 1388 τῷ

1121 1400 1228 1435 Σωτῆρι
1246 1399 1372 1426 διδόασιν.
1396 1401 1480 1426 Ὅταν
1500 1400 1528 1426 δὲ
1552 1402 1612 1433 ταῖς
1636 1402 1740 1432 κοιναῖς
1757 1400 1911 1435 ὑπολήψεσι

1122 1447 1186 1482 περὶ
1206 1447 1255 1481 τῆς
1272 1446 1514 1482 ἐνανθρωπήσεως,
1527 1446 1560 1478 ἃς
1580 1447 1596 1482 ἠ
1616 1446 1711 1482 Γραῳὴ
1731 1446 1910 1481 παρίστησιν,

1123 1493 1286 1528 ἐλέγχωνται
1302 1494 1349 1520 καὶ
1363 1493 1519 1525 πιέζωνται,
1537 1492 1586 1524 τὰς
1608 1493 1657 1527 μὲν
1678 1493 1798 1524 εὐσεϐεῖς
1819 1492 1911 1525 λέξεις

1120 1538 1291 1572 ὁμολογοῦσι,
1309 1539 1374 1574 περὶ
1392 1538 1421 1564 δὲ
1436 1538 1481 1565 τὸν
1498 1538 1560 1565 νοῦν
1581 1538 1781 1574 κακουργοῦσιν
1793 1539 1842 1574 (4).
1859 1539 1911 1565 οὑν

1121 1584 1223 1619 ἄψυχον
1243 1585 1308 1619 μὲν,
1327 1585 1387 1611 οὐδὲ
1406 1585 1520 1619 ἄλογον,
1545 1585 1606 1611 οὐδὲ
1633 1585 1727 1616 ἄνουν,
1749 1585 1809 1611 οὐδὲ
1825 1585 1909 1620 ἁτελῆ

1121 1630 1315 1665 ὁμολογοῦντες
1337 1630 1384 1657 τὸν
1407 1631 1548 1665 ἄνθρωπον
1561 1650 1568 1663 ,
1589 1631 1677 1666 ψυχὴν
1699 1631 1727 1657 δὲ
1753 1631 1800 1658 καὶ
1814 1631 1908 1665 λόγον,

1121 1676 1170 1703 καὶ
1185 1676 1258 1708 νοῦν,
1273 1676 1358 1712 αὐτὴν
1383 1676 1539 1711 εἰσάγοντες
1556 1676 1605 1712 τὴν
1617 1676 1745 1712 Θεότητα,
1765 1676 1803 1708 ὡς
1823 1677 1909 1712 αὐτῆς

1121 1723 1154 1758 τῇ
1171 1722 1252 1758 σαρκὶ
1266 1722 1464 1758 συγκραθείσης
1486 1722 1579 1758 μόνης,
1594 1722 1651 1748 ἀλλ’
1666 1722 1726 1757 οὐχὶ
1737 1722 1780 1757 (5)
1791 1722 1838 1749 καὶ
1854 1723 1910 1749 τῶν

1121 1770 1263 1805 ἡμετέρων
1281 1770 1328 1796 καὶ
1347 1769 1536 1805 ἀνθρωπίνων,
1556 1770 1581 1796 εἰ
1605 1769 1696 1796 καὶτὸ
1716 1769 1909 1805 ἀναμάρτητον

1122 1817 1245 1850 κρεῖττον
1259 1815 1275 1850 ἢ
1295 1816 1355 1843 καθ’
1372 1817 1448 1852 ἡμᾶς
1465 1813 1510 1852 ἦν,
1524 1815 1572 1843 καὶ
1586 1815 1641 1842 τῶν
1656 1815 1797 1851 ἡμετέρων
1814 1816 1909 1843 παθῶν

1121 1861 1282 1898 καθάρσιον,

1121 2027 1195 2054 bere.
1211 2028 1375 2059 Auditorem,
1389 2026 1424 2054 de
1437 2026 1579 2054 Victorino
1591 2026 1758 2054 subdiacono
1772 2026 1908 2061 loquitur.

1121 2071 1184 2089 sane
1199 2062 1407 2089 Municlutorum
1420 2082 1427 2093 ,
1444 2071 1496 2088 non
1519 2062 1626 2088 electum
1645 2070 1671 2088 se
1693 2070 1750 2088 esse
1771 2063 1909 2096 confessus

1121 2103 1170 2124 est.
1189 2099 1329 2124 Auditores
1346 2103 1431 2124 autem
1448 2097 1491 2131 qui
1519 2097 1687 2131 appelluntur
1706 2099 1775 2131 apud
1794 2105 1857 2128 eos,
1883 2104 1908 2124 et

1121 2133 1243 2160 carnibus
1264 2138 1412 2165 vescuntur,
1428 2137 1452 2158 et
1468 2140 1545 2166 agros
1565 2134 1663 2161 mlunt.
1679 2137 1702 2158 et
1721 2133 1745 2157 si
1762 2133 1904 2166 voluerint,

1121 2175 1216 2194 uxores
1237 2168 1331 2195 habent
1345 2189 1351 2198 ,
1374 2175 1485 2201 quorum
1501 2167 1567 2193 nihil
1596 2167 1695 2200 [miunt
1715 2168 1759 2201 qni
1780 2173 1909 2194 vocantur

1084 2199 1106 2226 Ι)
1120 2203 1202 2230 electi.
1225 2203 1276 2230 Sed
1296 2203 1346 2237 ipsi
1361 2199 1496 2228 auditores
1514 2207 1574 2228 ante
1596 2199 1690 2228 electos
1712 2199 1796 2237 genua
1810 2204 1907 2237 ﬁgunt,

1119 2242 1146 2264 ut
1173 2239 1209 2265 eis
1233 2246 1326 2264 manus
1350 2237 1511 2271 supplwibus
1537 2238 1705 2270 imponatur.
1732 2246 1783 2263 non
1807 2246 1823 2263 α
1839 2239 1908 2265 solis

1118 2273 1264 2307 episcopis.
1288 2273 1326 2299 uel
1341 2272 1510 2307 presbyteris,
1531 2277 1576 2298 aut
1594 2272 1712 2298 diaconis
1727 2281 1833 2304 eorum,
1860 2275 1908 2300 δη(

1119 2316 1135 2334 a
1150 2308 1307 2342 quibuslibet
1323 2308 1422 2342 electis.
1439 2306 1525 2334 Solem
1551 2307 1630 2342 etiam
1653 2312 1676 2333 el
1693 2307 1782 2333 lunam
1795 2316 1851 2333 cum
1868 2310 1908 2335 eis

1120 2341 1231 2370 adorant
1246 2348 1270 2370 et
1287 2347 1375 2370 orant.
1392 2341 1439 2368 Die
1452 2349 1552 2376 quoque
1563 2341 1701 2368 ﬂaminica
1709 2342 1832 2376 jejunum
1846 2351 1907 2370 cum

1120 2378 1190 2410 illis,
1211 2385 1234 2405 et
1257 2387 1344 2405 omnes
1365 2377 1541 2411 blasphemias
1567 2377 1674 2404 credunt
1687 2397 1695 2408 ,
1711 2383 1763 2404 etc.
1790 2377 1851 2404 Ηεοιι
1868 2379 1906 2406 ibi

1120 2413 1236 2447 August.
1248 2413 1402 2440 Electorum
1416 2412 1641 2447 etialn'ipsorum,
1654 2416 1682 2439 nt
1697 2417 1723 2439 et
1736 2412 1905 2445 auditorum.

1120 2446 1242 2475 meminit
1260 2447 1439 2475 Possidouius
1466 2446 1637 2474 Calamensis
1660 2447 1689 2474 in
1715 2447 1763 2474 lib.
1783 2447 1821 2474 De
1844 2447 1906 2475 Vita

1120 2483 1245 2517 Augusl.,
1257 2491 1318 2518 cap.
1336 2482 1379 2509 lli.

1156 2515 1194 2551 (ὃ)
1210 2515 1310 2545 Νόσοὶε
1323 2516 1431 2543 αὐτῶν.
1446 2516 1484 2542 lta
1499 2515 1616 2544 Montac.
1633 2520 1660 2544 et
1677 2515 1770 2543 Morel.
1790 2516 1819 2543 ln
1834 2517 1903 2545 edit.

1120 2552 1196 2579 νόσον
1222 2554 1331 2586 αὐτοῖς,
1355 2552 1492 2587 vertitque
1507 2551 1585 2579 Bill.:
1603 2553 1693 2579 Totum
1719 2552 1837 2578 morbum
1853 2554 1906 2586 ipsi

1120 2587 1275 2613 deleamus.

1139 2592 1264 2622 elegantes
1269 2609 1275 2615 .

1156 2621 1194 2658 (ἆ)
1208 2624 1276 2657 Περὶ
1292 2622 1325 2650 δὲ
1341 2622 1395 2649 τὸν
1407 2621 1483 2658 νοῦν
1495 2621 1704 2658 κακουργοῦσιν.
1719 2622 1841 2649 Combel‘.
1859 2623 1903 2650 in-

1121 2657 1341 2693 terpretationem
1356 2657 1510 2693 sequimur:
1524 2663 1642 2685 verterat
1653 2657 1724 2684 Bill.:
1738 2658 1817 2684 Circa
1829 2666 1903 2685 nien-

1122 2698 1171 2720 tem
1186 2694 1276 2721 dolum
1290 2698 1405 2720 struunt.
1490 2703 1496 2707 -

1157 2729 1194 2763 (5)
1215 2729 1291 2755 Ἀλλ’
1306 2728 1385 2762 οὐχι,
1401 2733 1455 2755 etc.
1471 2727 1612 2756 Combel‘.:
1628 2728 1667 2754 Ac
1689 2735 1739 2754 non
1753 2727 1833 2754 etiam
1846 2735 1905 2761 qua

1122 2769 1213 2790 nostra
1225 2768 1285 2826 stunt
1297 2768 1374 2798 atque
1383 2763 1498 2791 humana
1509 2763 1592 2792 eidem
1603 2768 1796 2799 contemperata
1808 2763 1904 2797 fuerint

1122 2804 1145 2826 et
1162 2807 1227 2826 coDu
1240 2804 1296 2826 ala.
1886 2822 1889 2826 .

1121 2804 1145 2826 et
1162 2804 1296 2834 copulata.
