1931 3056
251 110 262 136 1
267 109 302 137 99

870 112 900 140 S.
918 110 1084 140 GREGORII
1104 110 1277 139 THEOLOGI

1846 114 1910 142 200

249 168 340 195 dinem
360 167 502 196 hominum
525 168 698 197 Salvatorem
711 170 818 198 factum
835 179 914 204 esse.
943 176 971 200 et
997 172 1039 199 ha-

1100 171 1199 207 μένου,
1228 170 1390 206 φαντασίας,
1405 171 1435 198 δέ
1459 180 1533 204 τινος
1560 171 1704 208 ἁπατηλῆς
1734 173 1782 200 καὶ
1811 171 1906 208 δοκή-

249 214 306 241 1›ιιιι
326 214 467 241 inventum
488 220 518 242 ιιι
539 215 696 243 hominem:
723 217 803 252 quasi
821 216 865 246 his
881 217 974 246 verbis
990 226 1044 246 non

249 261 371 288 humana
400 261 488 289 forma
523 262 714 298 signiﬁcetur,
734 264 783 291 sed
812 263 895 292 fallax
920 265 1046 300 quaedam

249 309 356 342 species
370 313 398 335 et
415 308 520 343 opinio.

285 353 420 387 Quoniam
436 355 520 390 igitur
542 363 582 383 ea:
595 363 677 384 voces
688 376 695 388 .
713 355 736 384 si
754 361 829 384 recte
843 356 1042 392 intelligantur,

249 407 312 427 cum
333 401 436 436 pietate
461 401 616 436 conjunctae
642 406 724 436 sunt;
754 403 777 430 si
801 410 944 438 perperam
961 410 1045 437 expo-

249 451 361 478 nantur,
381 447 522 481 impietate
542 455 596 474 non
610 452 716 480 carent,
735 448 801 483 quid
823 450 935 480 mirum,
955 449 978 476 si
998 448 1045 476 Vi-

249 493 307 519 talii
321 500 431 528 quoque
445 494 527 520 verba
543 501 594 520 nos
608 493 731 528 quidem.
746 493 784 520 ita
801 494 936 521 suadente
946 495 1044 521 volun-

248 542 319 566 tate.
336 539 364 565 in
392 539 468 573 pium
499 546 612 566 sensum
641 539 815 573 accepimus,
837 539 883 566 alii
902 543 992 566 autem
1009 539 1044 566 ad

248 592 355 616 eorum.
371 592 432 619 qua:
452 585 554 619 scripta
572 589 647 615 sunt.
663 589 782 613 mentem
803 590 1005 620 cxaspcrantur
1017 590 1044 614 et

249 629 570 662 inﬁammantur?Quod
593 630 675 657 etiam
704 630 732 657 in
757 637 842 657 causa
866 630 951 658 fuisse
968 638 1042 663 reor,

247 684 297 703 cur
315 676 372 711 ipse
383 684 492 711 quoque
509 675 642 704 Damasus
654 698 660 709 ,
675 685 736 704 cum
754 680 849 711 postea
862 677 964 704 rectius
978 677 1043 704 edo-

247 726 308 750 ctus
324 722 433 755 fuisset,
456 723 594 758 simulque
609 723 635 750 in
652 723 777 758 pristinis
794 730 841 750 eos
865 723 1044 758 expositioni-

246 768 298 796 bus
313 773 436 803 perstare
450 769 593 800 audiisset.
614 777 662 796 eos
682 770 716 796 ab
733 769 863 797 Ecclesia:
877 774 950 797 coetu
966 769 1043 797 abdi—

246 815 334 848 carit,
361 815 478 850 ﬁdeique
501 815 621 842 libellum
645 823 708 842 cum
725 816 953 843 anathemalismo
967 815 1042 843 dele-

1099 224 1172 244 σεωε
1185 234 1188 237 -

1141 351 1249 387 Ἐπειδὴ
1272 351 1363 378 τοίνυν
1380 359 1408 378 αι
1430 353 1518 386 φωναὶ
1537 349 1616 379 αὗται
1634 352 1705 388 (18),
1725 352 1818 385 καλῶς
1845 354 1904 388 μὲν

1098 398 1253 433 νοούμεναι,
1275 397 1343 434 μετὰ
1369 398 1419 433 τῆς
1445 398 1586 431 εὐσεϐείας
1603 399 1667 431 εἰσὶ,
1689 399 1781 431 κακῶς
1799 399 1829 426 δὲ
1853 399 1905 431 ἐξ-

1098 444 1260 479 ηγούμεναι,
1274 444 1304 470 τὸ
1319 443 1448 476 δυσσεϐὲς
1460 444 1562 480 ἔχουσι,
1579 445 1605 471 τί
1621 444 1786 480 θαυμαστὸν,
1802 446 1828 472 εἰ
1844 445 1902 472 καὶ

1097 491 1161 522 τοὺς
1185 491 1326 517 Οὺῖταλίου
1351 490 1462 525 λόγους,
1481 493 1562 527 ἡμεῖς
1580 491 1629 527 μὲν
1655 491 1702 518 ἐπὶ
1728 492 1759 518 τὺ
1781 492 1903 518 εὐσεϐέ-

1098 545 1193 573 στερον
1207 537 1368 572 ἐδεξάμεθα,
1386 537 1457 564 οὕτω
1472 537 1519 564 τοῦ
1540 537 1627 564 θέλειν
1647 538 1795 571 πείθοντος,
1815 538 1900 565 ἄλλοι

1096 584 1125 611 δὲ
1143 584 1212 619 πρὸς
1237 585 1283 611 τὸν
1304 584 1359 611 τῶν
1379 584 1581 620 γεγραμμένων
1599 584 1662 611 νοῦν
1682 585 1897 621 ἀγριαίνουσιν;

1096 631 1111 657 ὅ
1124 639 1168 666 μοι
1185 630 1268 662 δοκεῖ,
1286 630 1334 657 καὶ
1354 630 1481 665 Δάμασος
1495 630 1576 662 αὐτὸς
1601 630 1815 666 μεταδιδαχθεὶς,
1845 632 1900 657 καὶ

1097 674 1155 710 ἅμα
1169 675 1321 710 πυθόμενος
1331 675 1378 701 ἐπὶ
1392 674 1445 701 τῶν
1460 675 1602 711 προτέρων
1616 676 1708 710 μένειν
1722 675 1777 710 (19)
1791 676 1899 707 αὐτοὺς

1097 720 1263 757 ἐξηγήσεων,
1282 720 1493 756 ἀποκηρύκτους
1515 721 1614 753 αὐτοὺς
1636 721 1819 756 πεποιῆσθαι,
1844 722 1898 748 καὶ

1096 767 1126 793 τὸ
1142 768 1333 803 γραμματεῖον
1346 767 1560 802 ἀνατετραφέναι
1573 767 1629 802 (20)
1645 767 1695 803 τῆς
1707 767 1826 799 πίστεως
1841 768 1896 794 σὺν

1096 813 1326 849 ἀναθεματισμῷο
1346 814 1392 840 καὶ
1410 813 1478 849 πρὸς
1500 813 1585 849 αὐτὴν
1605 813 1654 849 τὴν
1676 813 1783 848 ἀπάτην
1798 812 1896 840 αὐτῶν

245 862 331 889 verit:
350 866 407 888 tum
423 862 504 888 etiam
524 861 597 896 quod
624 861 747 888 fraudem
762 869 821 889 eam
834 882 842 894 ,
860 862 887 889 in
902 869 983 897 quam
997 869 1039 898 per

1097 860 1275 896 δυσχεράνας,
1291 860 1325 895 ἣν
1338 859 1439 886 ἔπαθεν
1450 859 1480 892 ἐξ
1497 859 1657 895 ἁπλότητος.

245 907 448 941 simplicitatem
462 908 595 934 inciderat
605 927 612 939 ,
626 908 789 942 permoleste
805 907 898 936 ferret.

281 951 383 979 llaruln
415 953 506 987 itaque
532 960 624 980 rerum
657 961 719 980 eum
749 954 893 982 manifeste
922 954 1041 982 convirti

245 1002 326 1029 sunt.
350 1005 402 1025 non
418 998 604 1033 indignatione
617 998 781 1031 afﬁciantur,
799 999 844 1026 sed
864 1000 968 1038 pudore
982 1000 1040 1027 suf-

245 1044 413 1078 fnndantnr;
430 1053 484 1072 non
499 1045 649 1073 mcndacﬁ’s
664 1053 714 1073 nos
738 1045 879 1073 inccssant
891 1067 899 1079 ,
916 1046 963 1074 sed
982 1046 1041 1073 ani-

244 1098 304 1118 mos
323 1091 497 1126 deprimant.
523 1099 555 1118 ac
575 1099 703 1127 magnum
719 1091 785 1119 illud
804 1096 831 1119 et
848 1092 1039 1119 admirandum

244 1136 414 1164 orthodoxia:
425 1136 543 1171 elogium
557 1140 584 1163 cl
598 1137 763 1171 praeconium
784 1145 816 1164 ex
837 1137 936 1165 zedium
956 1137 1040 1165 vesti-

244 1183 316 1211 bulis
335 1188 493 1219 expungant
507 1204 514 1215 ,
538 1191 592 1219 quo
613 1183 779 1219 ingressuris
799 1185 891 1212 statim
909 1192 970 1212 cum
987 1185 1040 1211 hu-

242 1228 362 1264 iusmodi
377 1228 529 1264 qnzestione
546 1237 578 1256 ac
595 1229 771 1256 distinctione
790 1232 950 1260 occurrunt.
966 1228 1041 1256 Ado-

243 1275 359 1303 randuln
380 1275 506 1303 videlicet
530 1283 612 1308 esse,
640 1283 695 1302 non
721 1275 859 1302 hominem
888 1275 1039 1309 Deiferum,

243 1321 293 1349 sed
312 1321 396 1349 Deum
414 1321 589 1349 earniferum.
608 1321 668 1355 Quo
683 1321 747 1357 quid
762 1322 874 1350 stultius
893 1322 955 1357 ﬁngi
972 1329 1039 1357 pos-

243 1369 280 1396 sit
291 1388 299 1400 .
314 1376 478 1404 magnopere
492 1368 555 1395 licet
567 1368 619 1395 hoc
634 1368 744 1396 nomine
756 1368 908 1403 glorientur
923 1368 985 1396 novi
1000 1368 1040 1396 illi

243 1414 368 1442 veritatis
385 1415 546 1449 praecones?
563 1414 696 1447 Quamvis
715 1414 788 1441 enim
799 1434 807 1446 ,
823 1414 859 1442 ob
873 1415 1039 1442 inversionis

242 1460 412 1488 celeritatem
425 1479 433 1492 ,
450 1460 627 1495 sophislicam
647 1460 765 1494 aliquam
790 1460 905 1496 gratiam
929 1460 1038 1493 habeat,

242 1511 270 1534 et
285 1507 360 1534 velut
379 1506 406 1533 in
426 1506 596 1533 calculorum
610 1506 804 1539 subductione,
824 1507 1038 1534 ludiﬁcationem

242 1554 400 1590 quamdam.
421 1553 609 1588 imperitorum
626 1553 733 1581 animos
748 1553 931 1581 obiectantem
946 1562 952 1581 :
970 1553 1039 1581 nihil

242 1606 334 1629 tamen
353 1608 430 1636 teque
445 1600 609 1632 ridiculum,
631 1600 700 1627 nihil
720 1607 798 1635 teque
812 1600 925 1627 stultum
941 1603 968 1627 et
984 1603 1041 1627 sto-

242 1648 328 1675 lidum
339 1647 488 1683 excogitari
502 1651 603 1681 potest.
623 1645 691 1673 Nam
711 1646 734 1673 si
752 1647 814 1682 quis
830 1647 974 1674 immutata
989 1646 1040 1674 hoc

242 1694 396 1725 vocabulo,
423 1693 512 1726 homo,
528 1697 611 1727 atque
638 1693 702 1720 item
719 1693 771 1720 hac
797 1700 883 1726 voce,
909 1701 987 1725 cura,
1014 1693 1041 1720 in

243 1740 328 1768 Deum
354 1741 491 1773 (quorum
519 1739 624 1767 scilicet
652 1739 768 1766 alterum
793 1739 895 1771 nobis,
925 1739 1040 1767 alterum

243 1785 312 1821 ipsis
327 1785 425 1820 placet)
436 1805 443 1817 ,
461 1790 555 1820 postea
572 1785 672 1813 eximia
690 1786 743 1812 ista
756 1789 783 1812 et
796 1785 930 1813 divinitus
946 1785 1041 1821 cogni-

243 1836 271 1859 ta
287 1832 443 1859 inversione
461 1835 565 1864 utatur,
582 1832 648 1867 quid
662 1831 844 1859 conﬁcietur?
858 1839 954 1867 nempe
974 1832 1041 1859 ado-

244 1873 416 1905 rari'debere
429 1899 436 1910 ,
460 1885 514 1905 non
535 1886 645 1905 carnem
662 1877 794 1905 deiferam
808 1897 817 1910 ,
830 1877 878 1905 sed
891 1877 975 1905 Deum
989 1878 1041 1905 ho-

242 1924 411 1952 minii'erum.
427 1925 450 1952 Ο
464 1925 601 1960 ingentem
615 1925 832 1952 absurditatem!
849 1925 1039 1952 absconditam

242 1974 302 2006 posl
310 1970 364 2005 97
371 1969 509 1997 Christum
516 1970 677 2005 sapientiam
686 1970 766 1997 hodie
774 1971 852 1997 nobis
859 1970 1038 1997 annuntiant:

243 2016 270 2043 id
283 2017 354 2051 quod
371 2024 438 2044 sane
456 2017 584 2052 lacrymis
605 2017 717 2051 dignum
733 2021 785 2043 est.
803 2016 871 2043 Nam
884 2017 906 2044 si
927 2017 1039 2052 triginta

243 2062 377 2090 duntaxat
397 2063 496 2090 abhinc
512 2063 591 2090 annis
607 2063 676 2090 ﬁdes
692 2063 800 2090 initium
820 2063 954 2098 sumpsit,
977 2071 1038 2090 cum

244 2109 435 2144 quadringenti
447 2109 503 2144 jam
517 2109 572 2137 fere
586 2110 649 2136 anni
669 2109 798 2138 ﬂuxerint
811 2118 825 2137 a
842 2117 896 2145 quo
911 2104 1039 2137 Christu's

243 2155 436 2183 manifestatus
450 2160 492 2182 est
506 2176 512 2188 ,
531 2155 612 2183 inane
629 2156 723 2190 utique
740 2159 816 2183 tanto
839 2161 963 2191 tempore
988 2155 1039 2182 fuit

1130 949 1214 976 Ταῦτ’
1231 949 1277 977 οὖν
1301 950 1476 986 ἐληλεγμένοι
1500 950 1603 984 σαφῶς,
1627 951 1664 985 μὴ
1688 950 1895 984 χαλεπαινέτω-

1097 1005 1156 1029 σαν,
1178 997 1236 1023 ἀλλ’
1259 997 1502 1033 ἐντρεπέσθωσαν,
1520 997 1588 1031 μηδὲ
1613 996 1891 1030 καταψευδέσθωσαν,

1093 1045 1162 1072 ἀλλὰ
1180 1044 1416 1071 συστελλέσοωσαν
1428 1064 1435 1075 ,
1454 1044 1502 1071 καὶ
1525 1044 1579 1070 τῶν
1603 1042 1732 1070 πυλώνων
1748 1039 1892 1078 ἐξαλειφλέ-

1093 1099 1183 1117 τωο-αν
1209 1090 1241 1117 τὸ
1267 1090 1339 1126 μέγα
1359 1090 1405 1117 καὶ
1433 1089 1589 1125 θαυμαστὸν
1612 1089 1700 1116 αὐτῶν
1725 1090 1813 1116 ⁶ἐκεῖνο
1831 1089 1892 1124 (21)

1094 1137 1268 1173 πρόγραμμά
1290 1145 1319 1163 τε
1336 1136 1383 1162 καὶ
1404 1137 1534 1172 κήρυγμα
1553 1135 1603 1170 τῆς
1622 1135 1792 1170 ὀρθοδοξίας,
1818 1134 1892 1169 μετὰ

1093 1183 1250 1219 ζητήματος
1263 1182 1345 1214 εὐθὺς
1365 1181 1541 1213 ἀπαντῶντες
1555 1182 1612 1212 τοῖς
1627 1181 1741 1207 εἰσιοῦσι
1763 1180 1810 1207 καὶ
1831 1180 1892 1206 δια-

1093 1229 1230 1266 κρίσεως,
1254 1229 1284 1255 τὸ
1308 1229 1363 1255 δεῖν
1380 1230 1544 1264 προσκυνεῖν
1566 1229 1603 1264 μὴ
1627 1227 1770 1264 ἄνθρωπον
1793 1227 1892 1262 θεοφό-

1093 1285 1157 1312 ρον,
1177 1275 1244 1302 ἀλλὰ
1265 1274 1331 1301 Θεὸν
1354 1273 1533 1310 σαρκοφόρον.
1558 1271 1594 1300 Οὗ
1615 1273 1641 1300 τί
1657 1273 1713 1309 (22)
1735 1272 1833 1307 γένοιτ’
1854 1272 1891 1299 ἂν

1093 1321 1274 1357 ἀλογώτερον,
1293 1320 1346 1348 κᾶν
1362 1320 1401 1356 τῷ
1419 1321 1522 1356 ῥήματι
1547 1319 1635 1355 τούτῳ
1654 1320 1724 1355 μέγα
1740 1318 1794 1355 (23)
1819 1327 1890 1354 φρο-

1093 1368 1175 1395 νῶσιν
1188 1368 1213 1394 οἱ
1233 1367 1287 1393 νέοι
1300 1366 1350 1401 τῆς
1372 1365 1500 1401 ἀληθείας
1517 1365 1656 1401 κήρυκες;
1673 1365 1752 1400 χάριν
1767 1364 1816 1399 μὲν
1833 1364 1891 1400 γὰρ

1092 1413 1148 1450 ἔχει
1163 1413 1225 1440 τινὰ
1240 1412 1399 1448 σοφιστικὴν
1417 1412 1455 1447 τῷ
1467 1412 1546 1447 τάχει
1564 1411 1616 1447 τῆς
1630 1410 1821 1447 ἀντιστροφῆς,
1841 1410 1891 1437 καὶ

1092 1459 1282 1496 ψηφολογικὴν
1303 1458 1463 1495 τερατείαν,
1483 1458 1547 1490 τοὺς
1569 1457 1748 1489 ἀπαιδεύτους
1771 1457 1891 1493 τέρπου-

1093 1516 1143 1534 σαν
1156 1515 1162 1522 ·
1179 1506 1276 1533 ἔστιδὲ
1285 1506 1340 1532 τῶν
1355 1505 1468 1540 γελοίων
1482 1504 1662 1540 γελοιότερον,
1678 1504 1725 1531 κα).
1736 1503 1790 1530 τῶν
1803 1504 1888 1530 ἀσυν-

1091 1553 1160 1580 έτων
1187 1551 1398 1588 ἀσυνετώτερον.
1425 1552 1456 1578 Et
1481 1551 1537 1586 γάρ
1564 1559 1606 1582 τις
1629 1549 1792 1586 μεταϐαλὼν
1817 1549 1887 1585 τὴν,

1091 1601 1258 1635 ἅνθρωπος,
1274 1599 1377 1634 φωνὴν,
1393 1598 1440 1625 καὶ
1457 1598 1518 1633 τὴν,
1535 1597 1623 1632 σὰρξ,
1637 1598 1677 1628 είς
1697 1595 1765 1623 Θεὸν
1782 1591 1838 1631 (ὧν
1856 1595 1889 1621 τὺ

1093 1648 1143 1683 μὲν
1166 1647 1232 1682 ἡμῖν
1250 1646 1373 1682 ἀρέσκει,
1390 1644 1421 1671 τὸ
1445 1644 1473 1671 δὲ
1492 1644 1599 1679 αὐτοῖς)
1611 1664 1618 1675 ,
1639 1643 1736 1670 ἔπειτα
1760 1644 1793 1678 τῇ
1812 1643 1889 1669 ἀντι-

1093 1694 1197 1729 στροφῇ
1216 1692 1272 1727 (24)
1290 1693 1424 1728 χρήσαιτο
1443 1691 1479 1726 τῇ
1491 1690 1632 1725 θαυμασία
1654 1689 1741 1726 ταύτῃ
1763 1689 1811 1716 καὶ
1827 1688 1888 1715 θεο-

1091 1739 1205 1774 γνώστῳ
1221 1738 1289 1773 (‘25),
1305 1738 1331 1764 τί
1354 1737 1571 1773 συναχθήσεται;
1596 1737 1627 1763 τὸ
1645 1736 1700 1762 δεῖν
1723 1736 1888 1771 προσκυνεῖν

1093 1785 1131 1820 μὴ
1154 1785 1243 1820 σάρκα
1265 1784 1411 1820 Θεοφόρον,
1439 1783 1507 1810 ἀλλὰ
1523 1783 1590 1809 θεὸν
1614 1782 1835 1819 ἀνθρωποφ6ρον.
1853 1783 1887 1809 Ὢ

1091 1831 1141 1866 τῆς
1162 1831 1293 1862 ἀτοπίαςί
1319 1830 1369 1865 τὴν
1397 1829 1648 1865 ἀποκεκρυμμένην
1676 1828 1745 1865 μετὰ
1767 1828 1886 1864 Χριστὸν

1092 1865 1188 1912 σοφίαν
1211 1865 1332 1912 σήμερον
1355 1877 1422 1911 ἡμῖν
1448 1875 1678 1910 καταγγέλλουσιν
1696 1874 1768 1910 (26),
1792 1874 1833 1908 ἐφ’
1860 1871 1884 1908 ᾧ

1090 1923 1138 1949 καὶ
1152 1923 1281 1958 δακρύειν
1303 1922 1388 1955 ἄξιον.
1409 1922 1441 1948 El
1457 1922 1511 1957 γὰρ
1537 1921 1590 1957 πρὸ
1612 1921 1759 1957 τριάκοντα
1782 1920 1885 1948 τούτων

1091 1969 1160 1996 ἐτῶν
1189 1970 1205 2005 ή
1232 1969 1324 2000 πίστις
1346 1968 1463 2005 ἤρξατο,
1485 1968 1669 2003 τετρακοσίων
1696 1967 1788 2002 σχεδὸν
1815 1967 1883 1993 ὲτῶν

1090 2016 1240 2050 γεγονότων
1263 2015 1309 2049 ἀφ’
1336 2011 1366 2041 οἵ)
1385 2015 1501 2050 Χριστὸς
1524 2013 1729 2049 πεφανέρωται,
1753 2013 1828 2040 κενὸν
1852 2014 1882 2039 ἐν

1089 2061 1209 2096 τοσούτῳ
1232 2061 1321 2097 χρόνῳ
1344 2061 1374 2087 τὸ
1399 2060 1566 2094 Εὑαγγέλιον
1582 2059 1679 2095 ἡμῶν,
1698 2059 1762 2094 κενὴ
1786 2058 1814 2084 δὲ
1835 2058 1883 2084 καὶ

1089 2109 1105 2144 ή
1128 2109 1220 2139 πίστις
1238 2107 1334 2142 ἡμῶν,
1360 2107 1407 2133 καὶ
1431 2106 1519 2141 μάτην
1538 2107 1562 2132 οἱ
1589 2105 1638 2140 μὲν
1660 2105 1883 2141 μαρτυρήσαντες

1090 2154 1301 2189 ἐμαρτύρησαν,
1325 2154 1412 2188 μάτην
1428 2153 1455 2179 δὲ
1482 2152 1528 2178 τοῦ
1546 2152 1612 2179 λαοῦ
1629 2152 1685 2188 (27)
1711 2151 1880 2188 προέστησαν

243 2200 419 2236 Evangelium
433 2222 440 2233 ,
454 2201 544 2229 inanis
559 2203 641 2228 etiam
662 2202 729 2229 ﬁdes
748 2206 842 2229 nostra
857 2222 864 2234 ,
881 2201 1037 2236 frustraque

1096 2200 1115 2226 οἱ
1129 2199 1244 2225 τοιοῦτοι
1261 2199 1308 2225 καὶ
1334 2197 1488 2233 τηλικοῦτοι
1508 2197 1673 2233 προστάται.
1694 2196 1810 2224 καὶτῶν
1832 2195 1880 2231 μέ-

244 2251 379 2281 martyres
406 2246 540 2281 martyrio
562 2246 701 2280 perfuncti
730 2251 813 2279 sunt.
841 2246 941 2274 frustra
968 2248 1036 2274 tales

243 2292 367 2326 tantique
383 2292 521 2318 antistites
543 2292 614 2326 plebi
634 2293 818 2327 praefuerunt,
841 2301 1034 2328 versuumque,

243 2346 298 2365 non
314 2341 404 2364 autem
423 2336 486 2364 ﬁdei
498 2357 506 2369 ,
527 2341 569 2365 cst
582 2338 680 2372 gratia.

280 2426 337 2461 (18)
356 2426 463 2455 Τοίνυν
476 2428 506 2454 al
519 2427 614 2462 φωναὶ
624 2425 721 2456 αὗται.
736 2427 773 2454 Ita
786 2427 863 2455 Colb.
881 2428 907 2460 5,
919 2428 945 2459 6.
964 2428 991 2459 9.
1008 2436 1034 2460 a,

244 2461 363 2505 Montac.
376 2483 383 2494 ,
401 2462 494 2490 Morel.
511 2461 538 2490 et
558 2462 680 2490 Combel‘.
704 2462 732 2490 In
751 2463 818 2491 edit.
841 2463 932 2491 τοίνυν
954 2464 1036 2491 αὐταὶ

265 2506 320 2524 ωνα
323 2507 336 2523 ι.

352 2532 505 2570 Προτέρων
517 2532 631 2570 μένειν.
652 2534 730 2561 Colb.
746 2535 763 2562 5
784 2538 811 2561 et
829 2534 953 2562 Combef.
972 2543 1035 2570 προ-

243 2567 331 2604 τέρων
345 2569 435 2609 μένειν
455 2568 571 2600 σκοπόν,
593 2570 620 2596 in
642 2570 817 2603 pristinarum
837 2577 880 2597 eo:
895 2567 1035 2605 expositio-

243 2611 306 2630 num
319 2608 452 2638 proposito
464 2609 592 2638 perstare.

281 2638 336 2674 (20)
356 2638 607 2674 Ἁνατετραφέναί.
630 2639 707 2666 Colb.
725 2640 753 2671 5,
775 2645 802 2667 et
821 2639 945 2668 Combef.
969 2640 1036 2666 ἀνα-

244 2674 428 2736 ἓεέραφέναι,
454 2683 514 2701 cuni
543 2675 765 2702 auat/aemulismo
790 2676 957 2703 monimentis
980 2680 1030 2702 tra-

265 2717 272 2735 l
292 2714 352 2736 erit.

265 2717 352 2736 Iaeru.

280 2744 336 2780 (ῆι)
347 2743 450 2771 Αὐτῶν
468 2744 577 2773 ἐκεῖνο.
595 2745 634 2772 Ita
648 2745 727 2773 Colb.
742 2745 770 2780 5,
787 2745 814 2780 6,
828 2747 855 2779 9,
881 2753 906 2773 a.
921 2745 949 2773 In
967 2745 1033 2774 edit.

243 2778 336 2808 αὐτῶν
354 2780 404 2806 οὐκ
421 2780 521 2807 ὲκεῖνο.

291 2814 337 2851 22η)
350 2812 441 2851 ςλῦσί.
460 2814 528 2842 Cod.
545 2814 613 2851 Reg.
669 2819 696 2843 et
708 2815 790 2851 AColb.
809 2824 834 2849 a,
850 2818 946 2843 τοῦτον
961 2815 998 2843 τί.

291 2850 336 2879 25)
354 2848 476 2881 Ῥἠιιατι
493 2848 686 2882 marginem.
707 2849 745 2877 Ita
770 2852 848 2879 (lolh.
874 2852 901 2885 5,
919 2852 945 2884 6,
964 2851 991 2886 9,
1007 2855 1034 2880 et

1087 2254 1159 2281 τρων
1173 2246 1190 2280 ἡ
1204 2245 1294 2280 χάρις,
1311 2243 1368 2270 ἀλλ’
1384 2244 1414 2270 οὺ
1428 2244 1479 2278 τῆς
1491 2243 1619 2275 πίστεως.

1088 2433 1154 2468 Reg.
1171 2433 1201 2465 Β,
1214 2433 1343 2466 Montac.,
1357 2432 1451 2460 Morel.
1465 2437 1491 2460 et
1510 2433 1634 2461 Combel'.
1650 2433 1677 2461 ln
1694 2433 1759 2461 edit.
1777 2435 1878 2470 ῥήματι

1089 2468 1161 2494 μέγα
1175 2468 1265 2494 τοῦτο.

1144 2477 1161 2495 α
1175 2477 1265 2495 τουτο.

1088 2477 1161 2504 μετα
1175 2477 1265 2495 τουτο.

1088 2503 1241 2565 ﬁgas?
1258 2503 1456 2538 ἀναστροφῇ.
1470 2503 1508 2530 Ita
1524 2503 1602 2532 Colb.
1614 2504 1642 2536 5,
1655 2504 1681 2538 6,
1693 2505 1720 2538 9,
1730 2512 1755 2531 a.
1769 2505 1797 2531 in
1809 2504 1875 2533 edit.

1087 2540 1120 2566 τῆ
1135 2540 1221 2566 deest.

1108 2556 1396 2610 Ηᾶἕῖῧέεογνῴστῳ.
1413 2573 1532 2601 Montac.
1560 2578 1587 2602 et
1612 2574 1705 2602 Morel.
1730 2575 1821 2610 legunt
1849 2582 1878 2603 et

1087 2608 1247 2644 θεογνώστῳ
1273 2613 1300 2636 et
1316 2609 1499 2644 θεοπνεύστῳ.

1123 2644 1178 2680 (213)
1192 2645 1328 2678 Σήμερον
1339 2645 1410 2679 ἡμῖν
1423 2645 1691 2680 κατιεγγέᾹλουσιν.
1709 2645 1776 2672 Male
1787 2645 1826 2671 vel
1840 2648 1878 2680 ly-

1087 2679 1129 2714 pis
1147 2679 1353 2710 festinantibus.
1369 2681 1409 2707 vel
1425 2682 1542 2710 calamo.
1570 2682 1596 2707 in
1622 2681 1687 2708 ρᾱιι.
1704 2681 1805 2708 omissa
1826 2679 1876 2707 vos

1086 2714 1166 2741 hodie
1180 2723 1188 2741 :
1200 2715 1283 2742 simili
1300 2716 1508 2750 praescriptione
1523 2716 1659 2743 hatresum
1679 2717 1811 2744 novitates
1823 2722 1874 2742 sae-

1087 2750 1149 2779 pius
1162 2754 1388 2785 compresserunt
1398 2751 1542 2778 Catholici.

1119 2784 1179 2825 (2:1)
1197 2783 1302 2825 ριᾶςην
1314 2783 1414 2825 suos
1537 2785 1660 2825 Monta‘c.
1672 2789 1700 2825 et
1715 2785 1810 2814 Morel.
1828 2783 1874 2815 ne)

1085 2818 1134 2847 τοῦ
1148 2818 1226 2855 λαοῦ,
1243 2821 1338 2856 sicque
1353 2820 1457 2857 legerat
1473 2821 1535 2848 Bill.‘
1547 2826 1573 2850 et
1586 2821 1754 2850 reddiderat.
