1931 3056
249 135 302 162 903

879 133 906 159 S.
925 131 1091 159 GREGORll
1110 131 1281 160 THEOLOGI

1816 129 1871 156 2οὐ

249 195 343 225 virtuti
367 202 418 221 iure
443 198 647 228 anteponerent.
673 194 762 228 Atque
789 194 846 220 lucc
871 193 961 220 scribo
983 201 1030 220 nor

1088 194 1117 219 οὐ
1136 194 1184 229 τὴν
1203 193 1362 220 δυναστείαν
1377 192 1534 228 θεραπεύων
1548 191 1615 227 (56),
1631 190 1698 218 ἀλλὰ
1713 190 1758 217 τὸν
1773 198 1872 226 τροπον

249 241 431 277 principatum
459 240 571 271 colens,
595 239 642 267 sed
665 241 711 274 qui
743 239 862 266 animum
892 246 1036 273 moresque

248 287 349 318 colam,
369 293 485 321 quorum
501 285 578 320 parvi
593 286 702 320 quidem
727 292 779 312 nos
796 284 912 312 fortasse
935 292 1035 319 praeco-

249 340 298 359 nes
315 340 421 363 smnus,
441 339 537 359 verum
555 332 626 366 quod
643 338 675 358 ex
699 331 830 357 facultate
847 330 883 357 sit
900 338 953 357 non
968 337 1036 364 pra!-

249 378 432 405 tcrmitteutes
447 386 452 404 :
470 385 502 404 ac
514 385 568 404 non
582 384 722 411 praecones
736 380 852 408 tantum,
870 376 917 403 sed
929 381 956 402 et
973 383 1036 402 con-

249 427 413 455 certatores,
437 431 492 450 una
515 430 577 450 cum
601 423 731 458 precibus
758 426 920 457 potestatem
946 421 1035 448 conlc-

248 473 350 497 rentes.
368 469 426 496 lluc
440 476 529 503 usque
551 468 696 503 epistolam
713 468 865 503 producere
883 467 1035 494 constitue-

247 522 306 541 ram
318 523 324 547 ;
338 514 401 549 quia
418 521 482 541 vero
494 513 616 540 divinum
627 520 727 540 numen
739 519 794 539 non
805 512 894 540 solum
906 512 1033 543 colimus,

248 560 297 588 sed
310 560 391 587 etiam
410 563 440 587 ut
464 559 596 586 beneﬁcio
611 566 662 586 nos
679 557 787 589 alliciat,
809 557 948 592 poscimus
962 566 969 584 :
985 557 1033 583 ad-

247 605 324 631 mitte
340 605 422 632 etiam
436 604 505 639 ipse,
522 611 577 631 non
593 608 622 630 ut
640 603 764 630 molestia
780 610 796 629 a
813 603 891 630 nobis
906 602 960 629 ulla
976 601 1033 628 alli-

246 651 330 678 ciaris
354 651 420 686 (non
443 651 516 677 enim
535 654 631 677 nostra
655 648 706 675 tibi
732 647 865 675 molestia:
887 651 966 681 sunt;
982 647 1034 674 hoc

248 704 280 723 ex
299 696 332 723 iis
345 704 406 731 qua:
422 699 638 727 anteverterunt,
655 694 791 728 conjicere
804 693 921 729 habeo);
940 701 1034 720 verum

240 745 276 767 ‘ut
296 748 344 774 per
359 747 409 768 nos
437 741 466 766 in
489 743 606 766 mentem
629 738 754 766 reducas.
779 737 934 773 Supplicem
957 741 1033 764 tuum

247 785 425 820 Euphemium
446 793 544 812 rursus
558 783 643 812 ollcro
665 783 733 817 tibi;
747 786 829 818 atque
845 783 944 810 iterum
969 791 1034 817 sup-

246 832 327 866 plico,
342 834 371 858 ut
385 839 439 859 non
457 831 545 858 solum
562 829 679 864 benigne
692 829 820 864 juvenem
836 828 969 863 excipias,
986 829 1034 856 sed

1086 241 1183 275 τιμῶν,
1203 238 1232 267 οὗ
1262 240 1353 276 μικροὶ
1369 240 1417 274 μὲν
1437 240 1556 274 κήρυκες
1572 239 1636 270 ἴσως
1652 239 1742 273 ἡμεῖς,
1756 237 1822 272 πλὴν
1841 237 1873 262 τὸ

1086 286 1125 317 εἰς
1144 285 1258 320 δύναμιν
1274 285 1328 320 (57)
1350 285 1400 311 οὐκ
1426 283 1609 316 ἐλλείποντες·
1637 284 1684 311 καὶ
1705 284 1736 310 οὑ
1753 284 1872 318 κήρυκες

1087 333 1176 368 μόνον,
1191 331 1258 358 ἀλλὰ
1271 331 1316 358 καὶ
1331 331 1538 365 συναγωνισταὶ,
1557 332 1616 362 ταῖς
1639 330 1733 365 εὐχαῖς
1749 329 1779 355 τὺ
1790 329 1870 356 δύνα-

1087 377 1146 403 σΟαι
1160 377 1390 411 συνεισφέροντες.
1414 376 1504 412 Μέχρι
1524 376 1619 402 τούτου
1633 376 1732 410 στῆσαι
1747 375 1802 411 (58)
1821 375 1871 410 τὴν

1085 422 1228 456 ἐπιστολὴν
1245 421 1396 456 ἐϐουλόμην
1406 429 1413 436 ·
1434 419 1494 447 ἐπεὶ
1509 421 1537 447 δὲ
1554 421 1601 448 καὶ
1617 420 1647 446 τὸ
1665 420 1736 447 θεῖον
1751 420 1782 447 οὐ
1794 420 1871 446 σέϐο-

1087 477 1136 504 μεν
1163 468 1252 503 μόνον,
1283 467 1351 494 ἀλλὰ
1375 468 1422 493 καὶ
1444 467 1474 494 τὸ
1497 467 1652 502 εὐεργετεῖν
1675 466 1844 501 ἀπαιτοῦμεν
1862 474 1870 482 ”

1084 513 1156 546 δέξαι
1174 513 1220 539 καὶ
1249 513 1330 544 αὐτὸς
1353 513 1383 538 οὺ
1408 511 1596 547 διοχλούμενος
1629 512 1694 547 παρ’
1717 511 1794 546 ἡμῶν
1815 511 1870 545 (59)

1085 558 1126 593 (οὐ
1145 558 1198 594 γὰρ
1226 558 1302 593 ὄχλος
1332 566 1372 584 σοι
1396 557 1430 584 τὰ
1453 557 1591 592 ἡμέτερα·
1612 558 1668 588 τοῖς
1695 556 1869 592 προλαϐοῦσι,

1084 603 1162 629 τοῦτο
1188 602 1308 635 εἰκάζειν
1329 602 1404 637 ἔχω),
1435 602 1492 629 ἀλλ’
1510 601 1782 637 ὑπομιμνησκόμενος
1805 602 1870 636 παρ’

1085 649 1162 684 ἡμῶν
1173 657 1180 663 ·
1195 649 1240 675 ⁹ιὺν
1257 648 1302 675 σὸν
1320 649 1411 684 ίκέτην
1423 648 1477 683 (40)
1491 648 1632 683 Εὑφήμιον
1646 647 1726 675 πάλιν
1740 647 1870 683 προσάγω

1085 703 1137 725 σοι,
1163 694 1211 721 καὶ
1229 694 1309 721 πάλιν
1324 693 1503 726 καθικετεύω,
1521 694 1558 728 μὴ
1577 693 1656 728 μόνον
1673 692 1870 728 φιλανθρώπως

1083 739 1208 773 δέξασθαι
1234 740 1279 766 τὸν
1292 740 1361 772 νέον,
1382 740 1429 766 καὶ
1448 739 1601 773 συγγνῶναι
1628 739 1676 775 τῆς
1694 739 1869 775 βραδυτῆτος,

1083 785 1192 812 ἐπειδὰν
1221 785 1376 820 ὀρφανικοῖς
1396 785 1553 820 πράγμασιν
1574 784 1688 816 ἐπιστὰς
1716 784 1870 818 ἀναγκαίως

1084 830 1219 866 ﬂuxo).qu
1235 831 1297 865 περὶ
1326 830 1355 857 τὺ
1383 829 1492 856 οἰκίδιον
1512 829 1582 865 (41)·
1614 829 1683 855 ἀλλὰ
1706 828 1751 855 καὶ
1779 829 1818 861 εἰς
1839 829 1870 854 τὸ

246 863 327 904 etiam
343 881 373 904 ut
398 876 538 903 condones
552 863 699 906 tarditati,
724 874 834 909 quando
854 874 964 909 quidem
985 883 1030 902 ne-

1088 863 1183 912 ττρόσω-
1192 863 1304 910 ἀγαγεῖν
1320 863 1522 911 προθυμήοητι,
1536 876 1575 907 είς
1590 875 1672 910 τιμήν
1682 883 1712 900 τε
1720 874 1868 910 ἡμετέραν,

246 922 329 957 gotiis
355 922 486 949 orborum
511 920 668 956 prml‘cctus.
699 919 857 947 necessario
884 924 1032 954 occupatus

247 966 298 993 fuit
313 966 387 993 circa
399 973 431 992 ea
447 973 508 1000 qum
524 969 633 992 tenuem
646 963 756 991 domum
773 971 805 991 ac
822 964 953 991 familiam
971 972 1032 999 spe-

248 1016 325 1039 ctant
341 1022 347 1040 :
365 1012 432 1047 quin
450 1012 532 1039 etiam
553 1011 670 1039 ulterius
681 1019 742 1039 eum
761 1018 924 1046 promovere
939 1011 1028 1042 stude,

246 1065 308 1084 cum
323 1058 436 1085 honoris
457 1058 544 1084 nostri
567 1065 661 1089 causa,
678 1061 735 1084 tum
759 1056 792 1083 ad
815 1057 960 1091 probitatis
979 1061 1031 1084 true

247 1102 357 1130 famam.
374 1102 441 1129 Nam
457 1110 519 1129 cum
535 1102 612 1129 multi
639 1102 705 1133 sint,
725 1102 758 1128 de
773 1102 872 1136 quibus
889 1102 958 1130 bene
973 1110 1031 1130 mc-

246 1149 317 1176 ritus
341 1155 382 1181 es,
412 1156 444 1175 ac
464 1149 533 1175 bene
558 1148 682 1179 mereris,
710 1147 761 1174 hoc
786 1148 836 1174 tibi
857 1149 1033 1182 promeritum

1086 922 1132 947 καὶ
1144 920 1220 953 δόξαν
1236 921 1285 956 τῆς
1309 921 1358 955 σῆς
1371 920 1581 954 καλοκαγαθίας.
1597 919 1704 947 Πολλῶν
1716 919 1770 954 γὰρ
1785 919 1869 945 ὄντων

1085 969 1131 1000 οὒς
1148 966 1177 995 εὖ
1191 968 1344 1002 πεποίηκας
1370 967 1416 993 καὶ
1432 968 1518 998 ποιεῖς
1535 966 1601 1002 (ΛΞ),
1617 965 1722 996 οὐδενός
1738 973 1777 991 σοι
1790 964 1870 990 τοῦτο

1083 1016 1122 1046 εἰς
1137 1013 1291 1049 φιλοτιμίαν
1315 1013 1435 1045 ἔλαττον,
1451 1013 1489 1045 ὡς
1514 1011 1608 1047 παρὼν
1623 1010 1740 1044 ἐδίδαξα.
1756 1009 1810 1036 Καὶ
1821 1009 1869 1036 νῦν

1084 1059 1151 1091 ἀξιῶ
1175 1058 1367 1093 πιστευθῆναι’
1395 1058 1409 1083 ό
1430 1057 1483 1092 γὰρ
1499 1057 1580 1087 αὐτὸς
1602 1055 1648 1082 καὶ
1663 1055 1707 1082 διὰ
1721 1055 1770 1090 τὴν
1785 1054 1869 1090 ὀρφα-

1086 1104 1143 1131 νίαν
1171 1103 1295 1134 ἐλεεινὸς,
1313 1103 1360 1129 καὶ
1383 1102 1428 1128 διὰ
1456 1101 1502 1128 τὸν
1525 1101 1623 1136 τρόπον
1643 1099 1781 1134 ἀγαπητὸς
1791 1100 1868 1134 ἡμῖν,

1087 1150 1131 1176 ἵνα
1148 1149 1187 1184 μὴ
1197 1149 1268 1182 λέγω
1280 1148 1322 1175 διὰ
1340 1148 1388 1182 τὴν
1406 1147 1561 1182 ἀγχιστείαν
1572 1146 1618 1172 τοῦ
1631 1147 1754 1181 αἵματος.

247 1195 322 1221 ηιιΙΙο
339 1195 429 1221 minus
454 1194 486 1221 ad
499 1194 590 1229 gloria:
606 1193 690 1221 decus
714 1194 802 1226 cedet,
821 1197 850 1220 ut
874 1201 966 1221 coram
985 1196 1074 1224 docui.
1091 1196 1123 1223 Et
1140 1203 1213 1223 nunc
1227 1195 1305 1222 [idem
1322 1194 1388 1221 mihi
1406 1202 1420 1221 a
1439 1199 1465 1221 te
1482 1193 1604 1220 adhiberi
1625 1193 1725 1220 velim:
1740 1192 1784 1218 hic
1795 1190 1868 1218 enim

247 1245 304 1267 tum
322 1243 433 1275 propter
449 1240 593 1267 orbitatem
608 1239 791 1273 miserandus,
808 1243 865 1268 tum
877 1240 986 1276 propter
1003 1250 1092 1271 mores
1120 1250 1136 1270 λ
1162 1242 1242 1270 nobis
1273 1242 1392 1269 dilectus
1417 1245 1468 1272 est,
1494 1248 1530 1266 ne
1554 1239 1642 1266 dicam
1671 1238 1706 1266 ob
1725 1237 1867 1272 sanguinis

247 1285 491 1321 propinquitatem.

513 1331 581 1359 CIV.
602 1331 764 1359 OLYMPlO.

1315 1333 1375 1358 PA'.
1393 1330 1550 1365 ΟΛΥΜΠΙῼ
1573 1329 1638 1363 (43).

282 1390 429 1426 Olympius.
447 1390 481 1417 ad
495 1399 568 1425 quem
579 1390 648 1426 data:
662 1396 722 1426 sunt
736 1390 776 1417 Iuv
797 1390 901 1422 litteraz,
919 1399 988 1417 anno
1012 1391 1074 1424 582,
1091 1391 1210 1418 secundm
1233 1389 1417 1426 Cappadocia),
1440 1389 1467 1414 in
1483 1395 1538 1426 gua
1560 1387 1637 1414 situm
1657 1390 1694 1413 est
1710 1387 1863 1426 Arianzunt.

240 1422 384 1460 profectus
398 1427 463 1460 fuit,
480 1422 508 1452 ut
524 1425 626 1461 abunde
639 1425 753 1461 probant
759 1425 882 1461 epistola:
907 1431 1052 1460 sequentes,
1068 1422 1145 1461 quas,
1166 1434 1225 1452 cum
1240 1422 1316 1461 initio
1330 1425 1408 1461 illius
1421 1424 1583 1461 pra-fectum
1597 1426 1721 1461 spectent1
1727 1422 1867 1461 _q_cwteris

247 1455 461 1494 repurntaﬂhoc'
470 1469 538 1487 anno
551 1455 722 1496 collocemus.
740 1455 877 1486 Nc'miuem
889 1455 977 1488 volens
989 1455 1114 1488 accusare
1127 1460 1276 1496 Gregorius,
1294 1459 1409 1494 Olympii
1421 1455 1493 1492 open:
1504 1458 1627 1492 implorat
1637 1464 1684 1490 pro
1699 1455 1866 1487 Philumena,

247 1495 309 1530 quid
326 1504 406 1528 passa
426 1496 516 1529 fuerit,
534 1495 697 1528 expositum.

283 1550 342 1577 Alia
358 1550 450 1576 omnia
466 1549 606 1580 beneﬁcia,
621 1557 682 1584 quae
697 1555 860 1578 consecutus
872 1558 944 1583 sum,
958 1558 973 1578 a
985 1555 1030 1578 tua

1119 1552 1175 1583 Τὰς
1203 1551 1251 1586 μὲν
1272 1551 1353 1582 ἄλλας
1382 1550 1504 1585 χάριτας,
1533 1549 1601 1576 ὅσων
1622 1549 1726 1584 ἔτυχον,
1749 1550 1868 1585 εἰληφὼς

240 1595 458 1623 mansuetudine
485 1602 526 1622 mc
551 1596 689 1629 accepisse
707 1595 762 1629 99
785 1596 842 1623 scio
865 1603 920 1623 :ac
951 1597 1030 1624 velim

1088 1595 1143 1624 οἶδα
1158 1597 1232 1633 παρὰ
1254 1598 1302 1633 τῆς
1328 1597 1378 1631 σῆς
1397 1596 1563 1632 ἡμερότητος
1589 1595 1659 1630 (Μ)-
1684 1595 1730 1621 καὶ
1755 1595 1868 1622 σὲιάντὶ

239 1640 321 1668 ‘Deus
343 1647 392 1675 pro
408 1640 450 1667 his
465 1640 514 1666 tibi
532 1640 601 1666 bona
628 1648 677 1667 sua
701 1641 842 1675 rependat,
866 1646 947 1676 atque
962 1642 1030 1669 inter

1088 1644 1184 1670 τούτων
1199 1643 1344 1679 ἀμείψαιτο
1360 1644 1415 1674 τοῖς
1431 1642 1495 1677 παρ’
1511 1640 1606 1667 ἑαυτοῦ
1618 1641 1745 1676 χρηστοῖς
1763 1642 1776 1667 ὁ
1789 1641 1867 1672 Θεὸς,

247 1691 346 1714 caetera
366 1686 442 1719 illud,
457 1690 485 1713 ut
500 1686 671 1721 principatus
683 1688 849 1714 curriculum
862 1695 924 1714 cum
939 1689 1031 1722 splen-

246 1733 313 1759 dore
326 1736 406 1766 atquc
418 1731 502 1766 gloria
518 1731 658 1758 conficias.
676 1732 755 1764 Quod
776 1736 867 1760 autem
885 1741 960 1761 nunc
975 1742 990 1761 a
1004 1738 1031 1762 te

248 1781 320 1812 peto,
345 1781 388 1806 est
409 1778 577 1812 hujusmodi,
594 1782 623 1805 ut
637 1778 752 1807 daturus
775 1779 833 1814 ipse
856 1781 947 1815 potius
965 1781 1028 1813 sim,

243 1831 329 1857 .quam
342 1827 517 1858 accepturus,
537 1824 588 1850 nisi
602 1829 690 1852 tamen
704 1825 755 1852 hoc
767 1826 942 1860 arrogantius
957 1834 972 1853 a
987 1834 1031 1854 me

248 1869 364 1896 dicatur.
389 1869 513 1896 Miseram
531 1868 717 1896 Philumenam
734 1878 815 1898 manu
840 1878 900 1898 mea
924 1871 971 1898 tibi
988 1871 1030 1898 of-

247 1912 317 1945 fero,
339 1918 367 1940 ut
385 1913 418 1939 ad
431 1913 546 1948 justitia:
571 1917 623 1940 ture
645 1913 726 1947 pedes
745 1921 806 1942 sese
823 1914 976 1949 provolvat,
998 1923 1030 1942 ac

247 1959 324 1986 vobis
341 1959 474 1993 lacrymas
489 1966 536 1986 eas
553 1959 643 1990 sistat.
657 1959 756 1993 quibus
770 1960 890 1986 animum
906 1964 1028 1988 nostrum

247 2004 370 2032 coniicit.
386 2004 476 2039 Atque
494 2012 540 2032 eas
557 2004 666 2039 quidem
683 2004 809 2038 injurias,
827 2012 897 2040 quas
913 2006 1028 2041 accepit.

247 2055 274 2076 et
289 2057 303 2075 a
319 2049 430 2084 quibus,
448 2049 506 2083 ipsa
522 2053 649 2083 exponet.
663 2047 756 2083 Neque
771 2049 843 2075 enim
859 2049 924 2076 mihi
936 2057 1030 2084 quem-

245 2103 328 2130 quam
346 2102 477 2122 accusare
493 2099 579 2121 tutum
596 2098 648 2121 est.
666 2093 722 2121 Hoc
742 2102 825 2121 unum
841 2094 972 2122 duntaxat
988 2095 1030 2122 di-

246 2148 308 2167 cere
330 2147 443 2167 necesse
469 2144 521 2172 est,
547 2139 620 2174 quod
634 2139 755 2167 viduitas
777 2143 805 2167 et
828 2140 942 2172 orbitas,
967 2148 1028 2168 cum

1083 1689 1113 1716 ἓν
1128 1689 1158 1716 δὲ
1173 1689 1227 1715 τῶν
1242 1688 1367 1724 χρηστῶν
1387 1687 1527 1723 εὐδόκιμον
1551 1687 1597 1713 καὶ
1620 1686 1744 1721 λαμπρὸν
1767 1685 1868 1718 διεξελ-

1084 1735 1139 1760 θεῖν
1165 1734 1214 1769 τὴν
1239 1734 1337 1768 ἀρχήν.
1367 1733 1418 1759 ’Ἦν
1435 1732 1464 1759 δὲ
1479 1731 1526 1758 νῦν
1547 1731 1625 1763 αίτῶ,
1645 1732 1736 1758 δώσων
1751 1731 1868 1767 ἔρχομαι

1086 1778 1193 1813 μᾶλλον,
1208 1779 1279 1814 ἤπερ
1293 1778 1443 1814 ληψόμενος
1457 1777 1524 1812 (45),
1539 1778 1562 1804 εί
1580 1777 1616 1813 μὴ
1631 1777 1755 1812 φορτικὸν
1768 1778 1865 1805 εἰπεῖν.

1083 1825 1138 1860 Τὴν
1165 1824 1259 1851 ἀθλίαν
1285 1824 1452 1860 Φιλουμένην
1472 1824 1506 1850 δι’
1520 1824 1636 1859 ἐμαυτοῦ
1661 1823 1715 1858 (46)
1737 1823 1868 1858 προσάγω

1084 1877 1135 1900 σοι,
1151 1869 1198 1895 καὶ
1213 1870 1246 1904 τῇ
1276 1870 1309 1904 σῇ
1338 1868 1399 1904 δίκῃ
1418 1869 1671 1905 προσπεσουμὲνην,
1689 1869 1735 1895 καὶ
1756 1869 1818 1904 ὑμῖν
1832 1869 1868 1896 τὰ

1083 1914 1186 1949 δάκρυα
1199 1915 1349 1949 στήσουσαν
1371 1915 1437 1949 (47),
1454 1911 1494 1946 οἷς
1517 1914 1650 1949 συντρίϐει
1664 1914 1713 1949 τὴν
1730 1914 1867 1949 ἡμετέραν

1082 1959 1179 1994 ψυχήν.
1209 1960 1243 1985 'A
1263 1959 1311 1994 μὲν
1324 1957 1370 1985 οὖν
1384 1959 1520 1994 ἠδίκηται,
1533 1959 1579 1985 καὶ
1596 1959 1658 1994 παρ’
1676 1956 1723 1991 ὧν,
1737 1959 1804 1994 αὑτὴ
1821 1959 1868 1994 δη-

1083 2003 1171 2030 λώσει.
1187 2005 1224 2030 Ob
1239 2004 1293 2040 γὰρ
1309 2005 1374 2039 ἡμῖν
1391 2012 1423 2038 γε
1438 2005 1599 2039 κατηγορεῖν
1616 2004 1721 2035 οὐδενὸς
1734 2003 1864 2038 ἀσφαλές.

1082 2049 1185 2081 Αὐτοὺς
1195 2049 1223 2075 δὲ
1239 2049 1364 2076 τοσοῦτον
1379 2050 1465 2076 εἰπεῖν
1476 2050 1633 2083 ἀναγκαῖον,
1644 2050 1684 2075 ὃτι
1697 2050 1793 2085 χηρεία
1807 2050 1866 2085 (48)

1083 2095 1130 2121 καὶ
1145 2094 1270 2130 ὀρφανία,
1287 2096 1353 2121 πᾶσι
1373 2095 1423 2130 μὲν
1437 2095 1570 2130 βοηθητέα
1585 2096 1641 2126 τοῖς
1649 2103 1680 2129 γε
1691 2096 1752 2122 νοῦν
1762 2095 1865 2131 ἔχουσι,

1083 2140 1200 2175 μάλιστα
1217 2140 1255 2172 δὲ,
1275 2139 1314 2172 οἷς
1328 2141 1395 2176 γυνὴ
1407 2141 1453 2167 καὶ
1468 2140 1550 2167 τέκνα
1568 2141 1596 2167 ὲν
1615 2141 1697 2176 μέσῳ,
1709 2141 1743 2168 τὰ
1760 2141 1866 2176 μεγάλα

278 2226 336 2262 (56)
350 2227 534 2262 Δυγαστείιιν
546 2226 724 2262 θεραπεύων,
739 2225 806 2262 Cod.
822 2226 900 2261 Reg,
917 2226 947 2253 B.
966 2227 991 2259 5,
1004 2233 1030 2255 et

1088 2233 1223 2262 Iccupatus
1237 2228 1287 2260 fuit
1299 2229 1327 2255 in
1343 2229 1511 2255 domunrula.

247 2260 367 2289 Passaac
381 2261 496 2288 Montac.
509 2261 666 2288 δυναστείαν
683 2260 847 2296 κολακεύων,
866 2260 918 2287 non
930 2263 1030 2296 princi-

244 2301 336 2330 patum
359 2296 509 2323 adulatione
525 2295 683 2322 demulcens.
709 2295 795 2322 Vertit
820 2296 912 2324 Morel.
938 2306 945 2323 :
966 2296 1029 2324 Non

245 2332 419 2365 principatum
444 2331 548 2362 colens,
566 2331 610 2357 sed
636 2339 719 2357 mores
739 2331 881 2357 honoraris.
905 2331 964 2357 Mox
1000 2333 1028 2359 in

244 2367 309 2392 edit.
327 2366 371 2392 τόν
388 2366 481 2392 deerat
494 2370 557 2393 ante
580 2365 690 2401 τρόπον,
708 2365 756 2392 sed
773 2365 874 2393 habent
891 2366 969 2393 codd.
980 2375 1029 2394 no-

245 2402 293 2428 stri
306 2405 333 2427 et
343 2401 407 2427 Com
413 2401 465 2427 beI‘.

280 2436 334 2469 (57)
351 2435 436 2468 Πλὴν
454 2435 487 2461 τὸ
497 2436 540 2467 εἰς
552 2434 689 2469 δύναμιν,
710 2439 764 2462 etc.
786 2435 880 2463 Morel.
900 2446 906 2463 :
933 2436 1028 2464 Verum

243 2479 290 2497 ora
304 2470 374 2497 virili
388 2475 481 2498 nostra
493 2479 543 2496 non
558 2470 716 2504 deﬁcientes.

280 2506 335 2540 (58)
360 2505 454 2539 Μέχρι
478 2505 584 2531 τούτου
598 2505 722 2540 στῆσαι,
740 2509 793 2533 etc.
817 2505 912 2533 Morel.
933 2513 939 2531 :
968 2505 1026 2534 lluc

243 2547 324 2574 usque
349 2540 485 2573 epistolam
508 2539 655 2574 procedere.
672 2539 796 2568 Comhel.
814 2548 821 2567 :
840 2540 976 2567 Scribendi
990 2542 1025 2575 ﬁ-

244 2583 301 2602 nem
321 2575 405 2609 facere
418 2575 614 2602 constitueram.

280 2610 336 2671 (.39)
363 2610 433 2644 Hap’
456 2609 550 2644 ἡμῶν.
580 2609 610 2636 In
632 2609 693 2636 cod.
723 2609 744 2636 Β

280 2653 288 2671 ι
309 2653 336 2671 a.

243 2652 336 2672 verba.

279 2680 334 2714 (40)
354 2679 480 2714 Teneor
491 2679 603 2713 ἱκέτην.
615 2678 661 2714 rlta
676 2679 737 2706 cod.
750 2683 777 2706 et
791 2679 868 2707 Pass.
893 2687 925 2707 ac
943 2679 1023 2707 Com-

243 2714 298 2741 bel'.
312 2724 320 2746 ;
337 2714 384 2741 sed
399 2715 459 2741 cod.
474 2713 539 2750 Reg.
557 2719 583 2740 et
598 2713 714 2750 Montae.
732 2714 776 2740 τὸν
791 2715 835 2741 σὺν
848 2715 965 2750 οἰκέτην,
981 2715 1023 2749 [α-

243 2749 344 2775 mulum
361 2754 441 2776 tuum.
459 2750 487 2775 In
500 2749 563 2775 edit.
579 2749 623 2774 σόν
640 2749 725 2777 deest.

280 2784 335 2820 (41)
352 2784 421 2816 Περὶ
434 2784 467 2820 τό
480 2783 613 2820 οῖκίδιον,
627 2783 666 2810 lta
684 2785 744 2820 cod.
769 2784 835 2820 Reg.
848 2783 1019 2820 et7Combel‘.

244 2816 272 2845 lu
285 2816 352 2846 edit.
367 2819 430 2855 ’περὶ
443 2819 473 2844 τὸ
485 2818 618 2851 οἰκίδειον,
631 2819 703 2853 quod
719 2816 840 2848 Morelf:
864 2819 1020 2848 Necessario

789 2611 806 2637 5
814 2631 822 2644 ,
845 2610 944 2638 desunt
966 2611 1025 2637 haec

1117 2263 1173 2298 (42)
1188 2264 1357 2299 Πεπρζηκας
1369 2264 1418 2290 καὶ
1427 2265 1530 2297 ποιεῖς.
1546 2264 1583 2290 lta
1597 2264 1658 2290 cod.
1671 2264 1738 2299 Reg.
1751 2267 1777 2291 et
1793 2263 1822 2290 Β.
1834 2265 1863 2297 5,

1081 2297 1199 2325 Montac.
1215 2306 1247 2334 ac
1261 2298 1355 2325 Morel.
1373 2299 1542 2334 AtL‘omhef.
1556 2299 1602 2325 καὶ
1616 2297 1748 2334 ποιήσεις,
1770 2307 1802 2325 ac
1818 2299 1865 2333 fu—

1082 2338 1170 2359 turum
1181 2337 1209 2358 ut
1224 2333 1286 2359 bene
1301 2333 1436 2359 merearis.
1455 2334 1483 2360 ln
1499 2334 1564 2360 edit.
1581 2334 1628 2360 καὶ
1640 2333 1726 2365 ποιεῖς
1740 2334 1826 2361 deest.

1117 2367 1179 2403 (45)
1188 2368 1261 2394 Alias
1275 2367 1412 2395 CLXXIV.
1427 2367 1534 2402 Scripta
1548 2376 1618 2394 anno
1631 2368 1693 2395 58:2.
1708 2383 1743 2388 —
1759 2369 1865 2403 Ὀλιιιι-

1082 2403 1148 2435 πίῳ.
1165 2402 1230 2429 Cod.
1247 2403 1277 2429 B.
1298 2403 1324 2429 5.
1345 2403 1466 2438 Εὑσεϐίῳ
1489 2403 1566 2437 φίλῳ.
1590 2403 1669 2436 Cod,
1693 2403 1808 2430 Montac.
1831 2402 1866 2431 et

1083 2437 1176 2464 Morel.
1190 2441 1217 2464 et
1236 2438 1374 2464 Ὀλυμπίω
1390 2441 1416 2464 et
1429 2438 1575 2464 Θεμιστίω.

1170 2457 1176 2463 .
1190 2447 1217 2464 (τι
1244 2447 1374 2464 υΛυιιπιω
1390 2447 1416 2464 ει
1429 2447 1575 2464 σευ-ιστιω.

1117 2447 1176 2464 )rei.
1190 2447 1217 2464 et
1244 2447 1374 2472 υΛυμπιῳ
1390 2447 1416 2464 et
1429 2447 1575 2472 υεμιστιῳ.

1117 2471 1172 2507 (Μ)
1192 2474 1274 2505 Παρὰ
1288 2472 1342 2506 τῆς
1355 2471 1413 2505 σῆς
1428 2473 1618 2506 ἡμερότητος.
1632 2471 1749 2500 Montac.
1766 2477 1794 2500 et
1805 2473 1864 2500 Μο-

1080 2507 1137 2543 rel.
1147 2507 1209 2542 περὶ
1224 2508 1273 2542 τῆς
1291 2507 1340 2541 σῆς
1352 2507 1545 2543 καθαρότητος.

1114 2542 1171 2576 (45)
1185 2541 1277 2575 Ἦπέρ
1300 2541 1488 2575 ληψόμενοςζ
1504 2542 1571 2569 Cod.
1600 2541 1667 2576 Reg.
1689 2548 1715 2569 et
1736 2542 1862 2569 Combel'.

1078 2577 1094 2611 ἢ
1113 2576 1350 2612 παραληψόμενος.
1369 2577 1486 2604 Montac.
1508 2583 1535 2605 et
1553 2577 1646 2604 Morel.
1663 2577 1680 2611 ἢ
1700 2578 1865 2613 παραληψά·

1100 2619 1158 2638 ενος
1162 2631 1168 2638 .

1079 2620 1170 2682 μεῖξῗὶ)
1185 2646 1375 2682 Δι’γέμαυτοῦ.
1389 2647 1428 2673 Ita
1444 2647 1511 2682 cod.
1526 2646 1603 2682 lleg.,
1618 2647 1748 2680 Montac.,
1761 2646 1858 2674 Morel.

1076 2687 1108 2707 ac
1119 2680 1241 2708 Combef.
1261 2683 1287 2708 In
1299 2681 1363 2708 edit.
1379 2682 1412 2708 δι’
1423 2681 1530 2708 ἑαυτοῦ.

1112 2715 1167 2750 (47)
1183 2715 1374 2748 Στήσουσαν.
1390 2717 1457 2744 Cod.
1469 2716 1548 2750 Reg.,
1568 2716 1701 2750 Montac.,
1714 2716 1808 2744 Morel.
1827 2724 1863 2744 ac

1075 2749 1196 2777 Coinbel‘.
1215 2751 1410 2785 συστήσουσαν.

1110 2785 1167 2823 (48)
1184 2785 1243 2823 ’ξΟτι
1256 2784 1368 2823 χηρεία.
1383 2785 1506 2823 C9d._6jrt
1517 2786 1612 2822 χηρεῐα
1627 2787 1686 2823 μέν.
1701 2786 1746 2814 Sic
1759 2789 1786 2813 et
1800 2784 1861 2813 Mo-

1074 2820 1135 2853 rel.,
1151 2820 1197 2855 qui
1209 2821 1290 2855 paulo
1306 2825 1367 2855 post
1381 2821 1430 2856 μέν
1441 2820 1520 2849 delet.
