  <div class='ocr_page' id='page_1' title='image "/cluster/home/n/w/nwhite01/storage/ocr_20150623/37/njp.32101077772562/120.png"; bbox 0 0 1931 3056; ppageno 0'>
   <div class='ocr_carea' id='block_1_1' title="bbox 40 155 98 184">
    <p class='ocr_par' dir='ltr' id='par_1_1' title="bbox 40 155 98 184">
     <span class='ocr_line' id='line_1_1' title="bbox 40 155 98 184; baseline -0.017 0"><span class='ocrx_word' id='word_1_1' title='bbox 40 155 98 184; x_wconf 77' lang='lat'><strong>205</strong></span> 
     </span>
    </p>
   </div>
   <div class='ocr_carea' id='block_1_2' title="bbox 742 159 996 189">
    <p class='ocr_par' dir='ltr' id='par_1_2' title="bbox 742 159 996 189">
     <span class='ocr_line' id='line_1_2' title="bbox 742 159 996 189; baseline 0.004 -2"><span class='ocrx_word' id='word_1_2' title='bbox 742 159 909 188; x_wconf 76' lang='lat' dir='ltr'><strong>EPISTOLA</strong></span> <span class='ocrx_word' id='word_1_3' title='bbox 929 162 996 189; x_wconf 72' lang='lat' dir='ltr'><strong>CVI.</strong></span> 
     </span>
    </p>
   </div>
   <div class='ocr_carea' id='block_1_3' title="bbox 1620 166 1671 193">
    <p class='ocr_par' dir='ltr' id='par_1_3' title="bbox 1620 166 1671 193">
     <span class='ocr_line' id='line_1_3' title="bbox 1620 166 1671 193; baseline 0 0"><span class='ocrx_word' id='word_1_4' title='bbox 1620 166 1671 193; x_wconf 77' lang='grc' dir='ltr'><strong>ἳοϐ</strong></span> 
     </span>
    </p>
   </div>
   <div class='ocr_carea' id='block_1_4' title="bbox 40 214 826 259">
    <p class='ocr_par' dir='ltr' id='par_1_4' title="bbox 40 214 825 255">
     <span class='ocr_line' id='line_1_4' title="bbox 40 214 825 255; baseline 0.005 -14"><span class='ocrx_word' id='word_1_5' title='bbox 40 215 90 242; x_wconf 80' lang='grc' dir='ltr'><strong>τοῦ</strong></span> <span class='ocrx_word' id='word_1_6' title='bbox 106 215 192 242; x_wconf 80' lang='grc' dir='ltr'>ἐλεεῖν</span> <span class='ocrx_word' id='word_1_7' title='bbox 208 215 323 252; x_wconf 74' lang='grc' dir='ltr'>ἐνέχυρα</span> <span class='ocrx_word' id='word_1_8' title='bbox 338 214 393 250; x_wconf 62' lang='grc'>(49)</span> <span class='ocrx_word' id='word_1_9' title='bbox 408 223 415 231; x_wconf 91' lang='grc'><strong>·</strong></span> <span class='ocrx_word' id='word_1_10' title='bbox 438 216 532 253; x_wconf 79' lang='grc' dir='ltr'>ἐπειδή</span> <span class='ocrx_word' id='word_1_11' title='bbox 559 226 590 252; x_wconf 84' lang='grc' dir='ltr'>γε</span> <span class='ocrx_word' id='word_1_12' title='bbox 611 218 764 254; x_wconf 78' lang='grc' dir='ltr'>ἀνθρώποις</span> <span class='ocrx_word' id='word_1_13' title='bbox 781 219 825 255; x_wconf 78' lang='grc'><strong>(50</strong></span> 
     </span>
    </p>
   </div>
   <div class='ocr_carea' id='block_1_5' title="bbox 886 214 1661 259">
    <p class='ocr_par' dir='ltr' id='par_1_5' title="bbox 889 221 1661 259">
     <span class='ocr_line' id='line_1_5' title="bbox 889 221 1661 259; baseline 0.006 -12"><span class='ocrx_word' id='word_1_14' title='bbox 889 221 1021 253; x_wconf 76' lang='lat' dir='ltr'><strong>omnium,</strong></span> <span class='ocrx_word' id='word_1_15' title='bbox 1044 223 1090 257; x_wconf 99' lang='lat' dir='ltr'><strong>qui</strong></span> <span class='ocrx_word' id='word_1_16' title='bbox 1109 223 1217 258; x_wconf 83' lang='lat' dir='ltr'><strong>quidem</strong></span> <span class='ocrx_word' id='word_1_17' title='bbox 1238 227 1328 250; x_wconf 85' lang='lat' dir='ltr'><strong>mente</strong></span> <span class='ocrx_word' id='word_1_18' title='bbox 1348 224 1455 258; x_wconf 63' lang='lat' dir='ltr'><strong>praediti</strong></span> <span class='ocrx_word' id='word_1_19' title='bbox 1473 224 1538 256; x_wconf 90' lang='lat' dir='ltr'><strong>sint,</strong></span> <span class='ocrx_word' id='word_1_20' title='bbox 1561 231 1612 259; x_wconf 88' lang='lat' dir='ltr'><strong>ope</strong></span> <span class='ocrx_word' id='word_1_21' title='bbox 1633 229 1661 252; x_wconf 84' lang='lat' dir='ltr'><strong>at</strong></span> 
     </span>
    </p>
   </div>
   <div class='ocr_carea' id='block_1_6' title="bbox 41 260 832 300">
    <p class='ocr_par' dir='ltr' id='par_1_6' title="bbox 41 260 832 300">
     <span class='ocr_line' id='line_1_6' title="bbox 41 260 832 300; baseline 0.006 -13"><span class='ocrx_word' id='word_1_22' title='bbox 41 260 200 296; x_wconf 72' lang='grc' dir='ltr'><strong>δικάζομεν,</strong></span> <span class='ocrx_word' id='word_1_23' title='bbox 218 261 293 293; x_wconf 77' lang='grc' dir='ltr'>ὄντες</span> <span class='ocrx_word' id='word_1_24' title='bbox 306 262 454 297; x_wconf 81' lang='grc' dir='ltr'>ἄνθρωποι.</span> <span class='ocrx_word' id='word_1_25' title='bbox 476 263 557 299; x_wconf 83' lang='grc' dir='ltr'><strong>Ἡμῖν</strong></span> <span class='ocrx_word' id='word_1_26' title='bbox 574 264 601 291; x_wconf 81' lang='grc' dir='ltr'><strong>δὲ</strong></span> <span class='ocrx_word' id='word_1_27' title='bbox 620 264 769 300; x_wconf 81' lang='grc' dir='ltr'><strong>συγγνώμη</strong></span> <span class='ocrx_word' id='word_1_28' title='bbox 785 265 832 292; x_wconf 86' lang='grc' dir='ltr'><strong>τοῦ</strong></span> 
     </span>
    </p>
   </div>
   <div class='ocr_carea' id='block_1_7' title="bbox 40 306 835 346">
    <p class='ocr_par' dir='ltr' id='par_1_7' title="bbox 40 306 835 346">
     <span class='ocr_line' id='line_1_7' title="bbox 40 306 835 346; baseline 0.003 -12"><span class='ocrx_word' id='word_1_29' title='bbox 40 307 76 334; x_wconf 78' lang='grc' dir='ltr'><strong>δι’</strong></span> <span class='ocrx_word' id='word_1_30' title='bbox 86 306 235 333; x_wconf 77' lang='grc' dir='ltr'>ἐπιστολῶν</span> <span class='ocrx_word' id='word_1_31' title='bbox 249 308 334 334; x_wconf 72' lang='grc' dir='ltr'>ταῦτα</span> <span class='ocrx_word' id='word_1_32' title='bbox 359 308 530 344; x_wconf 70' lang='grc' dir='ltr'>πρεσϐεύειν,</span> <span class='ocrx_word' id='word_1_33' title='bbox 548 310 641 345; x_wconf 73' lang='grc' dir='ltr'>ἐπειδὴ</span> <span class='ocrx_word' id='word_1_34' title='bbox 666 319 697 344; x_wconf 80' lang='grc' dir='ltr'>γε</span> <span class='ocrx_word' id='word_1_35' title='bbox 721 310 760 345; x_wconf 84' lang='grc' dir='ltr'><strong>τῷ</strong></span> <span class='ocrx_word' id='word_1_36' title='bbox 785 311 835 346; x_wconf 75' lang='grc' dir='ltr'><strong>ἁρ-</strong></span> 
     </span>
    </p>
   </div>
   <div class='ocr_carea' id='block_1_8' title="bbox 42 351 836 389">
    <p class='ocr_par' dir='ltr' id='par_1_8' title="bbox 42 351 836 389">
     <span class='ocr_line' id='line_1_8' title="bbox 42 351 836 389; baseline 0.006 -12"><span class='ocrx_word' id='word_1_37' title='bbox 42 353 158 386; x_wconf 65' lang='grc' dir='ltr'>ρωστεῖν</span> <span class='ocrx_word' id='word_1_38' title='bbox 168 351 341 387; x_wconf 75' lang='grc' dir='ltr'>ζημιούμεθα</span> <span class='ocrx_word' id='word_1_39' title='bbox 356 353 487 389; x_wconf 78' lang='grc' dir='ltr'>ἄρχοντος</span> <span class='ocrx_word' id='word_1_40' title='bbox 503 354 574 381; x_wconf 76' lang='grc' dir='ltr'>οὕτω</span> <span class='ocrx_word' id='word_1_41' title='bbox 591 353 688 387; x_wconf 81' lang='grc' dir='ltr'>δεξιοῦ,</span> <span class='ocrx_word' id='word_1_42' title='bbox 702 355 749 381; x_wconf 79' lang='grc' dir='ltr'><strong>καὶ</strong></span> <span class='ocrx_word' id='word_1_43' title='bbox 765 355 836 382; x_wconf 76' lang='grc' dir='ltr'>οὕτω</span> 
     </span>
    </p>
   </div>
   <div class='ocr_carea' id='block_1_9' title="bbox 41 396 835 436">
    <p class='ocr_par' dir='ltr' id='par_1_9' title="bbox 41 396 835 436">
     <span class='ocr_line' id='line_1_9' title="bbox 41 396 835 436; baseline 0.006 -14"><span class='ocrx_word' id='word_1_44' title='bbox 41 396 201 431; x_wconf 75' lang='grc' dir='ltr'><strong>θαυμαστοῦ</strong></span> <span class='ocrx_word' id='word_1_45' title='bbox 218 397 266 433; x_wconf 85' lang='grc' dir='ltr'><strong>τὴν</strong></span> <span class='ocrx_word' id='word_1_46' title='bbox 284 397 394 434; x_wconf 82' lang='grc' dir='ltr'>ἀρετὴν,</span> <span class='ocrx_word' id='word_1_47' title='bbox 409 399 447 430; x_wconf 81' lang='grc' dir='ltr'><strong>ὡς</strong></span> <span class='ocrx_word' id='word_1_48' title='bbox 466 399 513 426; x_wconf 70' lang='grc' dir='ltr'><strong>καὶ</strong></span> <span class='ocrx_word' id='word_1_49' title='bbox 531 400 565 426; x_wconf 75' lang='grc' dir='ltr'>τὰ</span> <span class='ocrx_word' id='word_1_50' title='bbox 580 400 710 435; x_wconf 83' lang='grc' dir='ltr'>προοίμια</span> <span class='ocrx_word' id='word_1_51' title='bbox 723 401 771 436; x_wconf 84' lang='grc' dir='ltr'><strong>τῆς</strong></span> <span class='ocrx_word' id='word_1_52' title='bbox 786 401 835 435; x_wconf 85' lang='grc' dir='ltr'><strong>σῆς</strong></span> 
     </span>
    </p>
   </div>
   <div class='ocr_carea' id='block_1_10' title="bbox 40 440 834 482">
    <p class='ocr_par' dir='ltr' id='par_1_10' title="bbox 40 440 834 482">
     <span class='ocr_line' id='line_1_10' title="bbox 40 440 834 482; baseline -0.004 -7"><span class='ocrx_word' id='word_1_53' title='bbox 40 442 130 478; x_wconf 84' lang='grc' dir='ltr'>ἀρχῆς</span> <span class='ocrx_word' id='word_1_54' title='bbox 145 440 214 469; x_wconf 78' lang='grc' dir='ltr'>εἶναι</span> <span class='ocrx_word' id='word_1_55' title='bbox 236 443 386 480; x_wconf 81' lang='grc' dir='ltr'>τιμιώτερα</span> <span class='ocrx_word' id='word_1_56' title='bbox 405 444 454 480; x_wconf 84' lang='grc' dir='ltr'><strong>τῆς</strong></span> <span class='ocrx_word' id='word_1_57' title='bbox 469 444 512 472; x_wconf 81' lang='grc' dir='ltr'>διὰ</span> <span class='ocrx_word' id='word_1_58' title='bbox 531 445 625 477; x_wconf 79' lang='grc' dir='ltr'>τέλους</span> <span class='ocrx_word' id='word_1_59' title='bbox 650 446 749 482; x_wconf 78' lang='grc' dir='ltr'>ἐτέρων</span> <span class='ocrx_word' id='word_1_60' title='bbox 760 447 834 473; x_wconf 77' lang='grc' dir='ltr'>εὐδο-</span> 
     </span>
    </p>
   </div>
   <div class='ocr_carea' id='block_1_11' title="bbox 40 489 193 523">
    <p class='ocr_par' dir='ltr' id='par_1_11' title="bbox 40 489 193 523">
     <span class='ocr_line' id='line_1_11' title="bbox 40 489 193 523; baseline 0.013 -9"><span class='ocrx_word' id='word_1_61' title='bbox 40 489 193 523; x_wconf 80' lang='grc' dir='ltr'>χιμήσεως.</span> 
     </span>
    </p>
   </div>
   <div class='ocr_carea' id='block_1_12' title="bbox 891 268 1672 305">
    <p class='ocr_par' dir='ltr' id='par_1_12' title="bbox 891 268 1672 305">
     <span class='ocr_line' id='line_1_12' title="bbox 891 268 1672 305; baseline 0.005 -12"><span class='ocrx_word' id='word_1_62' title='bbox 891 275 944 302; x_wconf 87' lang='lat' dir='ltr'><strong>que</strong></span> <span class='ocrx_word' id='word_1_63' title='bbox 960 268 1161 303; x_wconf 80' lang='lat' dir='ltr'><strong>auxiliojuvari</strong></span> <span class='ocrx_word' id='word_1_64' title='bbox 1178 270 1305 301; x_wconf 89' lang='lat' dir='ltr'><strong>debeant,</strong></span> <span class='ocrx_word' id='word_1_65' title='bbox 1321 273 1378 297; x_wconf 89' lang='lat' dir='ltr'><strong>tum</strong></span> <span class='ocrx_word' id='word_1_66' title='bbox 1394 278 1490 297; x_wconf 85' lang='lat' dir='ltr'><strong>eorum</strong></span> <span class='ocrx_word' id='word_1_67' title='bbox 1506 269 1672 305; x_wconf 65' lang='lat' dir='ltr'><strong>prmsertim,</strong></span> 
     </span>
    </p>
   </div>
   <div class='ocr_carea' id='block_1_13' title="bbox 888 313 1672 351">
    <p class='ocr_par' dir='ltr' id='par_1_13' title="bbox 888 313 1672 351">
     <span class='ocr_line' id='line_1_13' title="bbox 888 313 1672 351; baseline 0.004 -12"><span class='ocrx_word' id='word_1_68' title='bbox 888 313 998 348; x_wconf 82' lang='lat' dir='ltr'><strong>quibus,</strong></span> <span class='ocrx_word' id='word_1_69' title='bbox 1024 318 1051 341; x_wconf 88' lang='lat' dir='ltr'><strong>et</strong></span> <span class='ocrx_word' id='word_1_70' title='bbox 1067 322 1146 347; x_wconf 79' lang='lat' dir='ltr'><strong>uxor,</strong></span> <span class='ocrx_word' id='word_1_71' title='bbox 1163 319 1190 342; x_wconf 89' lang='lat' dir='ltr'><strong>et</strong></span> <span class='ocrx_word' id='word_1_72' title='bbox 1207 315 1296 347; x_wconf 81' lang='lat' dir='ltr'><strong>liberi,</strong></span> <span class='ocrx_word' id='word_1_73' title='bbox 1319 316 1347 342; x_wconf 91' lang='lat' dir='ltr'><strong>in</strong></span> <span class='ocrx_word' id='word_1_74' title='bbox 1365 315 1454 343; x_wconf 90' lang='lat' dir='ltr'><strong>medio</strong></span> <span class='ocrx_word' id='word_1_75' title='bbox 1471 319 1545 347; x_wconf 87' lang='lat' dir='ltr'><strong>sunt,</strong></span> <span class='ocrx_word' id='word_1_76' title='bbox 1563 323 1672 351; x_wconf 76' lang='lat' dir='ltr'><strong>magna,</strong></span> 
     </span>
    </p>
   </div>
   <div class='ocr_carea' id='block_1_14' title="bbox 887 357 1664 396">
    <p class='ocr_par' dir='ltr' id='par_1_14' title="bbox 887 357 1664 396">
     <span class='ocr_line' id='line_1_14' title="bbox 887 357 1664 396; baseline 0.004 -12"><span class='ocrx_word' id='word_1_77' title='bbox 887 357 1009 393; x_wconf 86' lang='lat' dir='ltr'><strong>inquam,</strong></span> <span class='ocrx_word' id='word_1_78' title='bbox 1038 359 1094 386; x_wconf 72' lang='lat' dir='ltr'><strong>hrec</strong></span> <span class='ocrx_word' id='word_1_79' title='bbox 1120 360 1369 388; x_wconf 84' lang='lat' dir='ltr'><strong>commiserationis</strong></span> <span class='ocrx_word' id='word_1_80' title='bbox 1396 361 1526 396; x_wconf 82' lang='lat' dir='ltr'><strong>pignora,</strong></span> <span class='ocrx_word' id='word_1_81' title='bbox 1552 360 1664 396; x_wconf 87' lang='lat' dir='ltr'><strong>quando</strong></span> 
     </span>
    </p>
   </div>
   <div class='ocr_carea' id='block_1_15' title="bbox 886 404 1672 441">
    <p class='ocr_par' dir='ltr' id='par_1_15' title="bbox 886 404 1672 441">
     <span class='ocr_line' id='line_1_15' title="bbox 886 404 1672 441; baseline 0.004 -11"><span class='ocrx_word' id='word_1_82' title='bbox 886 404 997 438; x_wconf 90' lang='lat' dir='ltr'><strong>quidem</strong></span> <span class='ocrx_word' id='word_1_83' title='bbox 1015 405 1172 433; x_wconf 86' lang='lat' dir='ltr'><strong>hominibus</strong></span> <span class='ocrx_word' id='word_1_84' title='bbox 1193 405 1238 440; x_wconf 87' lang='lat' dir='ltr'><strong>jus</strong></span> <span class='ocrx_word' id='word_1_85' title='bbox 1257 406 1386 439; x_wconf 86' lang='lat' dir='ltr'><strong>dicimus,</strong></span> <span class='ocrx_word' id='word_1_86' title='bbox 1412 414 1474 434; x_wconf 92' lang='lat' dir='ltr'><strong>cum</strong></span> <span class='ocrx_word' id='word_1_87' title='bbox 1498 406 1549 441; x_wconf 88' lang='lat' dir='ltr'><strong>ipsi</strong></span> <span class='ocrx_word' id='word_1_88' title='bbox 1566 414 1672 441; x_wconf 80' lang='lat' dir='ltr'><strong>quoque</strong></span> 
     </span>
    </p>
   </div>
   <div class='ocr_carea' id='block_1_16' title="bbox 886 449 1672 487">
    <p class='ocr_par' dir='ltr' id='par_1_16' title="bbox 886 449 1672 487">
     <span class='ocr_line' id='line_1_16' title="bbox 886 449 1672 487; baseline 0.005 -12"><span class='ocrx_word' id='word_1_89' title='bbox 886 449 1013 477; x_wconf 83' lang='lat' dir='ltr'><strong>homines</strong></span> <span class='ocrx_word' id='word_1_90' title='bbox 1033 451 1129 478; x_wconf 85' lang='lat' dir='ltr'><strong>simus.</strong></span> <span class='ocrx_word' id='word_1_91' title='bbox 1147 450 1233 479; x_wconf 89' lang='lat' dir='ltr'><strong>Nobis</strong></span> <span class='ocrx_word' id='word_1_92' title='bbox 1251 456 1354 483; x_wconf 87' lang='lat' dir='ltr'><strong>autem,</strong></span> <span class='ocrx_word' id='word_1_93' title='bbox 1373 452 1446 486; x_wconf 90' lang='lat' dir='ltr'><strong>quod</strong></span> <span class='ocrx_word' id='word_1_94' title='bbox 1467 460 1515 487; x_wconf 89' lang='lat' dir='ltr'><strong>per</strong></span> <span class='ocrx_word' id='word_1_95' title='bbox 1530 451 1672 486; x_wconf 74' lang='lat' dir='ltr'><strong>epistolam</strong></span> 
     </span>
    </p>
   </div>
   <div class='ocr_carea' id='block_1_17' title="bbox 886 495 1674 532">
    <p class='ocr_par' dir='ltr' id='par_1_17' title="bbox 886 495 1674 532">
     <span class='ocr_line' id='line_1_17' title="bbox 886 495 1674 532; baseline 0.003 -11"><span class='ocrx_word' id='word_1_96' title='bbox 886 495 943 522; x_wconf 66' lang='lat' dir='ltr'><strong>haec</strong></span> <span class='ocrx_word' id='word_1_97' title='bbox 964 502 978 521; x_wconf 87' lang='lat' dir='ltr'><strong>a</strong></span> <span class='ocrx_word' id='word_1_98' title='bbox 997 500 1023 523; x_wconf 89' lang='lat' dir='ltr'><strong>te</strong></span> <span class='ocrx_word' id='word_1_99' title='bbox 1047 496 1176 531; x_wconf 84' lang='lat' dir='ltr'><strong>petimus,</strong></span> <span class='ocrx_word' id='word_1_100' title='bbox 1202 497 1283 524; x_wconf 89' lang='lat' dir='ltr'><strong>velim</strong></span> <span class='ocrx_word' id='word_1_101' title='bbox 1310 497 1455 532; x_wconf 82' lang='lat' dir='ltr'><strong>ignoscas;</strong></span> <span class='ocrx_word' id='word_1_102' title='bbox 1481 497 1617 532; x_wconf 85' lang='lat' dir='ltr'><strong>siquidem</strong></span> <span class='ocrx_word' id='word_1_103' title='bbox 1639 496 1674 523; x_wconf 91' lang='lat' dir='ltr'><strong>oh</strong></span> 
     </span>
    </p>
   </div>
   <div class='ocr_carea' id='block_1_18' title="bbox 41 535 1674 579">
    <p class='ocr_par' dir='ltr' id='par_1_18' title="bbox 41 535 1674 579">
     <span class='ocr_line' id='line_1_18' title="bbox 41 535 1674 579; baseline 0.006 -19"><span class='ocrx_word' id='word_1_104' title='bbox 41 535 187 561; x_wconf 78' lang='lat' dir='ltr'><strong>adversam</strong></span> <span class='ocrx_word' id='word_1_105' title='bbox 208 535 391 564; x_wconf 81' lang='lat' dir='ltr'><strong>valetudinem</strong></span> <span class='ocrx_word' id='word_1_106' title='bbox 422 538 536 572; x_wconf 76' lang='lat' dir='ltr'><strong>prmside</strong></span> <span class='ocrx_word' id='word_1_107' title='bbox 569 543 625 566; x_wconf 86' lang='lat' dir='ltr'><strong>tam</strong></span> <span class='ocrx_word' id='word_1_108' title='bbox 659 539 756 567; x_wconf 80' lang='lat' dir='ltr'><strong>dextro</strong></span> <span class='ocrx_word' id='word_1_109' title='bbox 781 545 861 575; x_wconf 87' lang='lat' dir='ltr'><strong>atque</strong></span> <span class='ocrx_word' id='word_1_110' title='bbox 881 543 1025 570; x_wconf 88' lang='lat' dir='ltr'><strong>commodo</strong></span> <span class='ocrx_word' id='word_1_111' title='bbox 1052 544 1211 578; x_wconf 84' lang='lat' dir='ltr'><strong>privamur,</strong></span> <span class='ocrx_word' id='word_1_112' title='bbox 1244 548 1353 579; x_wconf 73' lang='lat' dir='ltr'><strong>tamque</strong></span> <span class='ocrx_word' id='word_1_113' title='bbox 1385 543 1541 573; x_wconf 68' lang='lat' dir='ltr'><strong>admirabili</strong></span> <span class='ocrx_word' id='word_1_114' title='bbox 1573 543 1674 571; x_wconf 77' lang='lat' dir='ltr'><strong>virtute</strong></span> 
     </span>
    </p>
   </div>
   <div class='ocr_carea' id='block_1_19' title="bbox 40 581 1676 627">
    <p class='ocr_par' dir='ltr' id='par_1_19' title="bbox 40 581 1676 627">
     <span class='ocr_line' id='line_1_19' title="bbox 40 581 1676 627; baseline 0.004 -20"><span class='ocrx_word' id='word_1_115' title='bbox 40 581 167 614; x_wconf 62' lang='lat' dir='ltr'><strong>praedito,</strong></span> <span class='ocrx_word' id='word_1_116' title='bbox 189 585 218 608; x_wconf 89' lang='lat' dir='ltr'><strong>ut</strong></span> <span class='ocrx_word' id='word_1_117' title='bbox 239 582 418 618; x_wconf 81' lang='lat' dir='ltr'><strong>magistratus</strong></span> <span class='ocrx_word' id='word_1_118' title='bbox 441 592 550 619; x_wconf 91' lang='lat' dir='ltr'><strong>quoque</strong></span> <span class='ocrx_word' id='word_1_119' title='bbox 573 585 612 612; x_wconf 92' lang='lat' dir='ltr'><strong>tui</strong></span> <span class='ocrx_word' id='word_1_120' title='bbox 630 586 761 620; x_wconf 66' lang='lat' dir='ltr'><strong>praeludia</strong></span> <span class='ocrx_word' id='word_1_121' title='bbox 777 587 891 622; x_wconf 77' lang='lat' dir='ltr'><strong>gloriam</strong></span> <span class='ocrx_word' id='word_1_122' title='bbox 909 596 981 621; x_wconf 90' lang='lat' dir='ltr'><strong>eam,</strong></span> <span class='ocrx_word' id='word_1_123' title='bbox 1009 598 1091 625; x_wconf 87' lang='lat' dir='ltr'><strong>quam</strong></span> <span class='ocrx_word' id='word_1_124' title='bbox 1119 591 1163 618; x_wconf 83' lang='lat' dir='ltr'><strong>alii</strong></span> <span class='ocrx_word' id='word_1_125' title='bbox 1194 594 1250 618; x_wconf 91' lang='lat' dir='ltr'><strong>toto</strong></span> <span class='ocrx_word' id='word_1_126' title='bbox 1277 591 1453 626; x_wconf 76' lang='lat' dir='ltr'><strong>magistratus</strong></span> <span class='ocrx_word' id='word_1_127' title='bbox 1483 590 1525 618; x_wconf 86' lang='lat' dir='ltr'><strong>sui</strong></span> <span class='ocrx_word' id='word_1_128' title='bbox 1554 593 1676 627; x_wconf 66' lang='lat' dir='ltr'><strong>tempora</strong></span> 
     </span>
    </p>
   </div>
   <div class='ocr_carea' id='block_1_20' title="bbox 40 630 455 663">
    <p class='ocr_par' dir='ltr' id='par_1_20' title="bbox 40 630 455 663">
     <span class='ocr_line' id='line_1_20' title="bbox 40 630 455 663; baseline 0.005 -8"><span class='ocrx_word' id='word_1_129' title='bbox 40 633 261 663; x_wconf 89' lang='lat' dir='ltr'><strong>consequuntur,</strong></span> <span class='ocrx_word' id='word_1_130' title='bbox 270 630 455 657; x_wconf 85' lang='lat' dir='ltr'><strong>-antecellant.</strong></span> 
     </span>
    </p>
   </div>
   <div class='ocr_carea' id='block_1_21' title="bbox 280 687 597 725">
    <p class='ocr_par' dir='ltr' id='par_1_21' title="bbox 280 687 597 725">
     <span class='ocr_line' id='line_1_21' title="bbox 280 687 597 725; baseline 0.006 -11"><span class='ocrx_word' id='word_1_131' title='bbox 280 687 342 715; x_wconf 83' lang='lat' dir='ltr'><strong>PE&#39;.</strong></span> <span class='ocrx_word' id='word_1_132' title='bbox 362 688 405 724; x_wconf 69' lang='lat' dir='ltr'><strong>To</strong></span> <span class='ocrx_word' id='word_1_133' title='bbox 420 689 512 725; x_wconf 77' lang='grc' dir='ltr'><strong>ΛΥΤῼ</strong></span> <span class='ocrx_word' id='word_1_134' title='bbox 529 689 597 724; x_wconf 78' lang='lat' dir='ltr'><strong>(Eii).</strong></span> 
     </span>
    </p>
   </div>
   <div class='ocr_carea' id='block_1_22' title="bbox 1183 690 1374 719">
    <p class='ocr_par' dir='ltr' id='par_1_22' title="bbox 1183 690 1374 719">
     <span class='ocr_line' id='line_1_22' title="bbox 1183 690 1374 719; baseline 0.005 -1"><span class='ocrx_word' id='word_1_135' title='bbox 1183 691 1237 718; x_wconf 88' lang='lat' dir='ltr'><strong>CV.</strong></span> <span class='ocrx_word' id='word_1_136' title='bbox 1259 690 1374 719; x_wconf 81' lang='lat' dir='ltr'><strong>EIDEM.</strong></span> 
     </span>
    </p>
   </div>
   <div class='ocr_carea' id='block_1_23' title="bbox 166 744 1536 783">
    <p class='ocr_par' dir='ltr' id='par_1_23' title="bbox 166 744 1536 783">
     <span class='ocr_line' id='line_1_23' title="bbox 166 744 1536 783; baseline 0.001 -11"><span class='ocrx_word' id='word_1_137' title='bbox 166 744 286 780; x_wconf 68' lang='lat' dir='ltr'><strong>Supplex</strong></span> <span class='ocrx_word' id='word_1_138' title='bbox 299 744 452 780; x_wconf 81' lang='lat' dir='ltr'><strong>Olympium</strong></span> <span class='ocrx_word' id='word_1_139' title='bbox 465 745 585 773; x_wconf 71' lang='lat' dir='ltr'><strong>obsecrat</strong></span> <span class='ocrx_word' id='word_1_140' title='bbox 599 745 739 781; x_wconf 79' lang='lat' dir='ltr'><strong>Gregorius</strong></span> <span class='ocrx_word' id='word_1_141' title='bbox 754 752 782 773; x_wconf 87' lang='lat' dir='ltr'><strong>ut</strong></span> <span class='ocrx_word' id='word_1_142' title='bbox 795 755 826 774; x_wconf 88' lang='lat' dir='ltr'><strong>ne</strong></span> <span class='ocrx_word' id='word_1_143' title='bbox 837 755 886 782; x_wconf 74' lang='lat' dir='ltr'><strong>pro</strong></span> <span class='ocrx_word' id='word_1_144' title='bbox 901 747 988 775; x_wconf 80' lang='lat' dir='ltr'><strong>Paulo</strong></span> <span class='ocrx_word' id='word_1_145' title='bbox 1004 748 1213 783; x_wconf 77' lang='lat' dir='ltr'><strong>deprecationem</strong></span> <span class='ocrx_word' id='word_1_146' title='bbox 1226 757 1303 776; x_wconf 84' lang='lat' dir='ltr'><strong>suam</strong></span> <span class='ocrx_word' id='word_1_147' title='bbox 1318 748 1408 775; x_wconf 82' lang='lat' dir='ltr'><strong>acerbe</strong></span> <span class='ocrx_word' id='word_1_148' title='bbox 1424 747 1536 781; x_wconf 67' lang='lat' dir='ltr'><strong>reﬁciat.</strong></span> 
     </span>
    </p>
   </div>
   <div class='ocr_carea' id='block_1_24' title="bbox 83 801 833 838">
    <p class='ocr_par' dir='ltr' id='par_1_24' title="bbox 83 801 833 838">
     <span class='ocr_line' id='line_1_24' title="bbox 83 801 833 838; baseline 0.001 -9"><span class='ocrx_word' id='word_1_149' title='bbox 83 802 113 829; x_wconf 86' lang='lat'><strong>&#39;0</strong></span> <span class='ocrx_word' id='word_1_150' title='bbox 130 802 178 837; x_wconf 84' lang='grc' dir='ltr'><strong>μὲν</strong></span> <span class='ocrx_word' id='word_1_151' title='bbox 197 801 292 836; x_wconf 71' lang='grc' dir='ltr'>καιρὸς</span> <span class='ocrx_word' id='word_1_152' title='bbox 315 801 388 833; x_wconf 77' lang='grc' dir='ltr'>ὀξὺς.</span> <span class='ocrx_word' id='word_1_153' title='bbox 410 802 424 828; x_wconf 81' lang='grc' dir='ltr'>ὁ</span> <span class='ocrx_word' id='word_1_154' title='bbox 436 801 464 828; x_wconf 82' lang='grc' dir='ltr'><strong>δὲ</strong></span> <span class='ocrx_word' id='word_1_155' title='bbox 486 801 561 836; x_wconf 85' lang='grc' dir='ltr'>ἀγὼν</span> <span class='ocrx_word' id='word_1_156' title='bbox 574 802 667 834; x_wconf 81' lang='grc' dir='ltr'>πολὺς.</span> <span class='ocrx_word' id='word_1_157' title='bbox 682 804 698 838; x_wconf 82' lang='grc' dir='ltr'>ἡ</span> <span class='ocrx_word' id='word_1_158' title='bbox 716 803 743 830; x_wconf 79' lang='grc' dir='ltr'><strong>δὲ</strong></span> <span class='ocrx_word' id='word_1_159' title='bbox 756 804 833 835; x_wconf 81' lang='grc' dir='ltr'>νόσος</span> 
     </span>
    </p>
   </div>
   <div class='ocr_carea' id='block_1_25' title="bbox 923 803 1674 839">
    <p class='ocr_par' dir='ltr' id='par_1_25' title="bbox 923 803 1674 839">
     <span class='ocr_line' id='line_1_25' title="bbox 923 803 1674 839; baseline -0.004 -7"><span class='ocrx_word' id='word_1_160' title='bbox 923 804 1039 832; x_wconf 79' lang='lat' dir='ltr'><strong>Occasio</strong></span> <span class='ocrx_word' id='word_1_161' title='bbox 1057 805 1187 838; x_wconf 83' lang='lat' dir='ltr'><strong>volucris,</strong></span> <span class='ocrx_word' id='word_1_162' title='bbox 1205 805 1354 833; x_wconf 80' lang='lat' dir='ltr'><strong>discrimen</strong></span> <span class='ocrx_word' id='word_1_163' title='bbox 1372 804 1484 839; x_wconf 82' lang='lat' dir='ltr'><strong>ingens:</strong></span> <span class='ocrx_word' id='word_1_164' title='bbox 1499 803 1610 831; x_wconf 90' lang='lat' dir='ltr'><strong>morbus</strong></span> <span class='ocrx_word' id='word_1_165' title='bbox 1625 812 1674 832; x_wconf 74' lang='lat' dir='ltr'><strong>an.</strong></span> 
     </span>
    </p>
   </div>
   <div class='ocr_carea' id='block_1_26' title="bbox 42 847 826 889">
    <p class='ocr_par' dir='ltr' id='par_1_26' title="bbox 42 847 826 884">
     <span class='ocr_line' id='line_1_26' title="bbox 42 847 826 884; baseline -0.001 -9"><span class='ocrx_word' id='word_1_166' title='bbox 42 849 150 884; x_wconf 83' lang='grc' dir='ltr'>βαρεῖα,</span> <span class='ocrx_word' id='word_1_167' title='bbox 180 847 279 882; x_wconf 79' lang='grc' dir='ltr'>μικροῦ</span> <span class='ocrx_word' id='word_1_168' title='bbox 304 847 352 873; x_wconf 70' lang='grc' dir='ltr'><strong>καὶ</strong></span> <span class='ocrx_word' id='word_1_169' title='bbox 376 847 520 882; x_wconf 83' lang='grc' dir='ltr'><strong>ἀκινήτους</strong></span> <span class='ocrx_word' id='word_1_170' title='bbox 544 848 617 883; x_wconf 76' lang='grc' dir='ltr'><strong>ἡμᾶς</strong></span> <span class='ocrx_word' id='word_1_171' title='bbox 635 849 782 884; x_wconf 85' lang='grc' dir='ltr'>ποιήσασα.</span> <span class='ocrx_word' id='word_1_172' title='bbox 801 849 826 874; x_wconf 47' lang='lat' dir='ltr'><strong>Ti</strong></span> 
     </span>
    </p>
   </div>
   <div class='ocr_carea' id='block_1_27' title="bbox 886 847 1673 889">
    <p class='ocr_par' dir='ltr' id='par_1_27' title="bbox 886 850 1673 886">
     <span class='ocr_line' id='line_1_27' title="bbox 886 850 1673 886; baseline 0.004 -10"><span class='ocrx_word' id='word_1_173' title='bbox 886 853 939 877; x_wconf 89' lang='lat' dir='ltr'><strong>tem</strong></span> <span class='ocrx_word' id='word_1_174' title='bbox 958 851 1058 886; x_wconf 80' lang='lat' dir='ltr'><strong>gravis,</strong></span> <span class='ocrx_word' id='word_1_175' title='bbox 1081 854 1163 886; x_wconf 87' lang='lat' dir='ltr'><strong>atque</strong></span> <span class='ocrx_word' id='word_1_176' title='bbox 1185 851 1332 886; x_wconf 85' lang='lat' dir='ltr'><strong>ejusmodi,</strong></span> <span class='ocrx_word' id='word_1_177' title='bbox 1356 850 1402 885; x_wconf 91' lang='lat' dir='ltr'><strong>qui</strong></span> <span class='ocrx_word' id='word_1_178' title='bbox 1420 858 1470 877; x_wconf 89' lang='lat' dir='ltr'><strong>nos</strong></span> <span class='ocrx_word' id='word_1_179' title='bbox 1492 858 1560 884; x_wconf 89' lang='lat' dir='ltr'><strong>pene</strong></span> <span class='ocrx_word' id='word_1_180' title='bbox 1583 855 1673 879; x_wconf 76' lang='lat' dir='ltr'><strong>motus</strong></span> 
     </span>
    </p>
   </div>
   <div class='ocr_carea' id='block_1_28' title="bbox 40 892 832 930">
    <p class='ocr_par' dir='ltr' id='par_1_28' title="bbox 40 892 832 930">
     <span class='ocr_line' id='line_1_28' title="bbox 40 892 832 930; baseline -0.001 -9"><span class='ocrx_word' id='word_1_181' title='bbox 40 895 145 925; x_wconf 79' lang='grc' dir='ltr'>λοιπὸν,</span> <span class='ocrx_word' id='word_1_182' title='bbox 161 894 177 930; x_wconf 80' lang='grc' dir='ltr'>ἢ</span> <span class='ocrx_word' id='word_1_183' title='bbox 191 893 258 920; x_wconf 75' lang='grc' dir='ltr'>Θεοῦ</span> <span class='ocrx_word' id='word_1_184' title='bbox 274 892 418 928; x_wconf 76' lang='grc' dir='ltr'>δεηθῆναι,</span> <span class='ocrx_word' id='word_1_185' title='bbox 433 893 480 919; x_wconf 75' lang='grc' dir='ltr'><strong>καὶ</strong></span> <span class='ocrx_word' id='word_1_186' title='bbox 496 893 544 928; x_wconf 85' lang='grc' dir='ltr'><strong>τὴν</strong></span> <span class='ocrx_word' id='word_1_187' title='bbox 564 893 612 928; x_wconf 76' lang='grc' dir='ltr'><strong>σὴν</strong></span> <span class='ocrx_word' id='word_1_188' title='bbox 637 893 772 920; x_wconf 78' lang='grc' dir='ltr'><strong>ἱκετεῦσαι</strong></span> <span class='ocrx_word' id='word_1_189' title='bbox 787 903 832 928; x_wconf 85' lang='grc' dir='ltr'><strong>φι-</strong></span> 
     </span>
    </p>
   </div>
   <div class='ocr_carea' id='block_1_29' title="bbox 40 938 833 976">
    <p class='ocr_par' dir='ltr' id='par_1_29' title="bbox 40 938 833 976">
     <span class='ocr_line' id='line_1_29' title="bbox 40 938 833 976; baseline -0.003 -8"><span class='ocrx_word' id='word_1_190' title='bbox 40 940 226 976; x_wconf 66' lang='grc' dir='ltr'>λανθρωπίαν*</span> <span class='ocrx_word' id='word_1_191' title='bbox 237 938 283 966; x_wconf 82' lang='grc' dir='ltr'><strong>τοῦ</strong></span> <span class='ocrx_word' id='word_1_192' title='bbox 299 939 358 974; x_wconf 79' lang='grc' dir='ltr'><strong>μὲν,</strong></span> <span class='ocrx_word' id='word_1_193' title='bbox 366 939 411 965; x_wconf 77' lang='grc' dir='ltr'><strong>ἐπὶ</strong></span> <span class='ocrx_word' id='word_1_194' title='bbox 421 938 483 965; x_wconf 74' lang='grc' dir='ltr'>νοῦν</span> <span class='ocrx_word' id='word_1_195' title='bbox 491 940 603 974; x_wconf 78' lang='grc' dir='ltr'><strong>ἀγαγεῖν</strong></span> <span class='ocrx_word' id='word_1_196' title='bbox 614 948 654 966; x_wconf 91' lang='grc' dir='ltr'>σοι</span> <span class='ocrx_word' id='word_1_197' title='bbox 670 939 705 966; x_wconf 79' lang='grc' dir='ltr'>τὰ</span> <span class='ocrx_word' id='word_1_198' title='bbox 719 941 833 976; x_wconf 78' lang='grc' dir='ltr'>χρηστό-</span> 
     </span>
    </p>
   </div>
   <div class='ocr_carea' id='block_1_30' title="bbox 40 984 831 1022">
    <p class='ocr_par' dir='ltr' id='par_1_30' title="bbox 40 984 831 1022">
     <span class='ocr_line' id='line_1_30' title="bbox 40 984 831 1022; baseline -0.003 -9"><span class='ocrx_word' id='word_1_199' title='bbox 40 993 126 1022; x_wconf 79' lang='grc' dir='ltr'>τερα·</span> <span class='ocrx_word' id='word_1_200' title='bbox 143 985 191 1020; x_wconf 79' lang='grc' dir='ltr'><strong>τὴν</strong></span> <span class='ocrx_word' id='word_1_201' title='bbox 203 985 241 1011; x_wconf 81' lang='grc' dir='ltr'><strong>δὲ.</strong></span> <span class='ocrx_word' id='word_1_202' title='bbox 261 984 297 1020; x_wconf 86' lang='grc' dir='ltr'><strong>μὴ</strong></span> <span class='ocrx_word' id='word_1_203' title='bbox 314 984 435 1020; x_wconf 76' lang='grc' dir='ltr'>τραχέως</span> <span class='ocrx_word' id='word_1_204' title='bbox 462 984 676 1019; x_wconf 65' lang='grc' dir='ltr'><strong>ἀποπέμψασθαι</strong></span> <span class='ocrx_word' id='word_1_205' title='bbox 694 985 742 1020; x_wconf 81' lang='grc' dir='ltr'><strong>τὴν</strong></span> <span class='ocrx_word' id='word_1_206' title='bbox 762 987 831 1020; x_wconf 85' lang='grc' dir='ltr'><strong>ἠμε-</strong></span> 
     </span>
    </p>
   </div>
   <div class='ocr_carea' id='block_1_31' title="bbox 39 1029 831 1066">
    <p class='ocr_par' dir='ltr' id='par_1_31' title="bbox 39 1029 831 1066">
     <span class='ocr_line' id='line_1_31' title="bbox 39 1029 831 1066; baseline -0.003 -8"><span class='ocrx_word' id='word_1_207' title='bbox 39 1031 122 1066; x_wconf 84' lang='grc' dir='ltr'>τέραν</span> <span class='ocrx_word' id='word_1_208' title='bbox 153 1029 313 1065; x_wconf 76' lang='grc' dir='ltr'>πρεσϐείαν,</span> <span class='ocrx_word' id='word_1_209' title='bbox 339 1029 396 1056; x_wconf 80' lang='grc' dir='ltr'><strong>ἀλλ’</strong></span> <span class='ocrx_word' id='word_1_210' title='bbox 413 1029 525 1065; x_wconf 81' lang='grc' dir='ltr'><strong>ἡμέρως</strong></span> <span class='ocrx_word' id='word_1_211' title='bbox 543 1029 726 1062; x_wconf 78' lang='grc' dir='ltr'>δέξασθαιτὺν</span> <span class='ocrx_word' id='word_1_212' title='bbox 741 1030 831 1058; x_wconf 70' lang='grc' dir='ltr'>ἄθλιον</span> 
     </span>
    </p>
   </div>
   <div class='ocr_carea' id='block_1_32' title="bbox 40 1075 831 1111">
    <p class='ocr_par' dir='ltr' id='par_1_32' title="bbox 40 1075 831 1111">
     <span class='ocr_line' id='line_1_32' title="bbox 40 1075 831 1111; baseline -0.001 -8"><span class='ocrx_word' id='word_1_213' title='bbox 40 1075 158 1107; x_wconf 77' lang='grc' dir='ltr'><strong>Παῦλον,</strong></span> <span class='ocrx_word' id='word_1_214' title='bbox 177 1076 205 1102; x_wconf 80' lang='grc' dir='ltr'><strong>ὃν</strong></span> <span class='ocrx_word' id='word_1_215' title='bbox 228 1075 281 1103; x_wconf 84' lang='grc' dir='ltr'><strong>ὑπὸ</strong></span> <span class='ocrx_word' id='word_1_216' title='bbox 295 1076 390 1111; x_wconf 83' lang='grc' dir='ltr'>χεῖρας</span> <span class='ocrx_word' id='word_1_217' title='bbox 409 1075 512 1110; x_wconf 75' lang='grc' dir='ltr'>ἤγαγεν</span> <span class='ocrx_word' id='word_1_218' title='bbox 528 1076 544 1111; x_wconf 82' lang='grc' dir='ltr'>ἡ</span> <span class='ocrx_word' id='word_1_219' title='bbox 560 1075 622 1110; x_wconf 84' lang='grc' dir='ltr'><strong>δίκη</strong></span> <span class='ocrx_word' id='word_1_220' title='bbox 635 1076 683 1108; x_wconf 87' lang='grc' dir='ltr'><strong>τὰς</strong></span> <span class='ocrx_word' id='word_1_221' title='bbox 696 1076 755 1108; x_wconf 79' lang='grc' dir='ltr'><strong>σὰς,</strong></span> <span class='ocrx_word' id='word_1_222' title='bbox 768 1076 831 1107; x_wconf 71' lang='grc' dir='ltr'>ἴσως</span> 
     </span>
    </p>
   </div>
   <div class='ocr_carea' id='block_1_33' title="bbox 39 1121 832 1158">
    <p class='ocr_par' dir='ltr' id='par_1_33' title="bbox 39 1121 832 1158">
     <span class='ocr_line' id='line_1_33' title="bbox 39 1121 832 1158; baseline -0.003 -8"><span class='ocrx_word' id='word_1_223' title='bbox 39 1124 84 1150; x_wconf 80' lang='grc' dir='ltr'><strong>ἵνα</strong></span> <span class='ocrx_word' id='word_1_224' title='bbox 100 1131 129 1149; x_wconf 88' lang='grc' dir='ltr'><strong>σε</strong></span> <span class='ocrx_word' id='word_1_225' title='bbox 145 1122 333 1158; x_wconf 84' lang='grc' dir='ltr'>λαμπρότερον</span> <span class='ocrx_word' id='word_1_226' title='bbox 351 1121 500 1157; x_wconf 79' lang='grc' dir='ltr'><strong>ἐργάσηται</strong></span> <span class='ocrx_word' id='word_1_227' title='bbox 521 1121 559 1156; x_wconf 84' lang='grc' dir='ltr'>τῷ</span> <span class='ocrx_word' id='word_1_228' title='bbox 577 1122 686 1156; x_wconf 79' lang='grc' dir='ltr'><strong>μεγέθει</strong></span> <span class='ocrx_word' id='word_1_229' title='bbox 704 1123 753 1158; x_wconf 83' lang='grc' dir='ltr'><strong>τῆς</strong></span> <span class='ocrx_word' id='word_1_230' title='bbox 765 1123 832 1158; x_wconf 83' lang='grc' dir='ltr'><strong>ἡμε-</strong></span> 
     </span>
    </p>
   </div>
   <div class='ocr_carea' id='block_1_34' title="bbox 39 1166 829 1205">
    <p class='ocr_par' dir='ltr' id='par_1_34' title="bbox 39 1166 829 1205">
     <span class='ocr_line' id='line_1_34' title="bbox 39 1166 829 1205; baseline -0.003 -9"><span class='ocrx_word' id='word_1_231' title='bbox 39 1170 163 1205; x_wconf 80' lang='grc' dir='ltr'>ρότητος,</span> <span class='ocrx_word' id='word_1_232' title='bbox 189 1169 235 1196; x_wconf 74' lang='grc' dir='ltr'><strong>καὶ</strong></span> <span class='ocrx_word' id='word_1_233' title='bbox 252 1167 301 1200; x_wconf 79' lang='grc' dir='ltr'>τὰς</span> <span class='ocrx_word' id='word_1_234' title='bbox 321 1168 459 1203; x_wconf 85' lang='grc' dir='ltr'>ἡμετέρας</span> <span class='ocrx_word' id='word_1_235' title='bbox 481 1166 573 1202; x_wconf 79' lang='grc' dir='ltr'><strong>εὐχὰς,</strong></span> <span class='ocrx_word' id='word_1_236' title='bbox 591 1168 617 1194; x_wconf 81' lang='grc' dir='ltr'>εἴ</span> <span class='ocrx_word' id='word_1_237' title='bbox 626 1167 698 1200; x_wconf 80' lang='grc' dir='ltr'>τινές</span> <span class='ocrx_word' id='word_1_238' title='bbox 709 1168 772 1200; x_wconf 80' lang='grc' dir='ltr'>εἰσι,</span> <span class='ocrx_word' id='word_1_239' title='bbox 797 1169 829 1203; x_wconf 88' lang='grc' dir='ltr'>τῇ</span> 
     </span>
    </p>
   </div>
   <div class='ocr_carea' id='block_1_35' title="bbox 39 1212 456 1251">
    <p class='ocr_par' dir='ltr' id='par_1_35' title="bbox 39 1212 456 1251">
     <span class='ocr_line' id='line_1_35' title="bbox 39 1212 456 1251; baseline -0.005 -10"><span class='ocrx_word' id='word_1_240' title='bbox 39 1217 73 1251; x_wconf 85' lang='grc' dir='ltr'>σῇ</span> <span class='ocrx_word' id='word_1_241' title='bbox 90 1215 245 1251; x_wconf 82' lang='grc' dir='ltr'>προξενήσῃ</span> <span class='ocrx_word' id='word_1_242' title='bbox 258 1212 456 1249; x_wconf 78' lang='grc' dir='ltr'><strong>φιλανθρωπίᾳ.</strong></span> 
     </span>
    </p>
   </div>
   <div class='ocr_carea' id='block_1_36' title="bbox 885 896 1673 931">
    <p class='ocr_par' dir='ltr' id='par_1_36' title="bbox 885 896 1673 931">
     <span class='ocr_line' id='line_1_36' title="bbox 885 896 1673 931; baseline 0.003 -9"><span class='ocrx_word' id='word_1_243' title='bbox 885 896 975 924; x_wconf 90' lang='lat' dir='ltr'><strong>omnis</strong></span> <span class='ocrx_word' id='word_1_244' title='bbox 1000 900 1127 931; x_wconf 81' lang='lat' dir='ltr'><strong>expertes</strong></span> <span class='ocrx_word' id='word_1_245' title='bbox 1155 897 1314 925; x_wconf 68' lang='lat' dir='ltr'><strong>reddidi-rit.</strong></span> <span class='ocrx_word' id='word_1_246' title='bbox 1343 896 1413 931; x_wconf 87' lang='lat' dir='ltr'><strong>Quid</strong></span> <span class='ocrx_word' id='word_1_247' title='bbox 1438 900 1534 927; x_wconf 84' lang='lat' dir='ltr'><strong>restat,</strong></span> <span class='ocrx_word' id='word_1_248' title='bbox 1564 897 1618 924; x_wconf 87' lang='lat' dir='ltr'><strong>nisi</strong></span> <span class='ocrx_word' id='word_1_249' title='bbox 1643 901 1673 924; x_wconf 89' lang='lat' dir='ltr'><strong>ut</strong></span> 
     </span>
    </p>
   </div>
   <div class='ocr_carea' id='block_1_37' title="bbox 886 941 1672 978">
    <p class='ocr_par' dir='ltr' id='par_1_37' title="bbox 886 941 1672 978">
     <span class='ocr_line' id='line_1_37' title="bbox 886 941 1672 978; baseline 0.005 -11"><span class='ocrx_word' id='word_1_250' title='bbox 886 941 970 968; x_wconf 88' lang='lat' dir='ltr'><strong>Deum</strong></span> <span class='ocrx_word' id='word_1_251' title='bbox 984 949 1071 975; x_wconf 84' lang='lat' dir='ltr'><strong>orem,</strong></span> <span class='ocrx_word' id='word_1_252' title='bbox 1089 946 1220 977; x_wconf 86' lang='lat' dir='ltr'><strong>tuamque</strong></span> <span class='ocrx_word' id='word_1_253' title='bbox 1233 942 1450 970; x_wconf 86' lang='lat' dir='ltr'><strong>miscricordiam</strong></span> <span class='ocrx_word' id='word_1_254' title='bbox 1466 943 1578 978; x_wconf 79' lang='lat' dir='ltr'><strong>supplex</strong></span> <span class='ocrx_word' id='word_1_255' title='bbox 1591 943 1672 971; x_wconf 90' lang='lat' dir='ltr'><strong>obse-</strong></span> 
     </span>
    </p>
   </div>
   <div class='ocr_carea' id='block_1_38' title="bbox 886 988 1711 1024">
    <p class='ocr_par' dir='ltr' id='par_1_38' title="bbox 886 988 1711 1024">
     <span class='ocr_line' id='line_1_38' title="bbox 886 988 1711 1024; baseline 0.004 -10"><span class='ocrx_word' id='word_1_256' title='bbox 886 995 959 1016; x_wconf 85' lang='lat' dir='ltr'><strong>crem</strong></span> <span class='ocrx_word' id='word_1_257' title='bbox 975 997 981 1014; x_wconf 92' lang='lat'><strong>:</strong></span> <span class='ocrx_word' id='word_1_258' title='bbox 998 988 1073 1014; x_wconf 89' lang='lat' dir='ltr'><strong>illum</strong></span> <span class='ocrx_word' id='word_1_259' title='bbox 1099 988 1240 1021; x_wconf 89' lang='lat' dir='ltr'><strong>nimirum,</strong></span> <span class='ocrx_word' id='word_1_260' title='bbox 1257 993 1286 1016; x_wconf 92' lang='lat' dir='ltr'><strong>ut</strong></span> <span class='ocrx_word' id='word_1_261' title='bbox 1306 989 1354 1016; x_wconf 89' lang='lat' dir='ltr'><strong>tibi</strong></span> <span class='ocrx_word' id='word_1_262' title='bbox 1375 989 1534 1024; x_wconf 80' lang='lat' dir='ltr'><strong>benigniora</strong></span> <span class='ocrx_word' id='word_1_263' title='bbox 1557 989 1672 1018; x_wconf 81' lang='lat' dir='ltr'><strong>consilia</strong></span> <span class='ocrx_word' id='word_1_264' title='bbox 1707 1004 1711 1007; x_wconf 92' lang='lat'><strong><em>-</em></strong></span> 
     </span>
    </p>
   </div>
   <div class='ocr_carea' id='block_1_39' title="bbox 886 1033 1674 1070">
    <p class='ocr_par' dir='ltr' id='par_1_39' title="bbox 886 1033 1674 1070">
     <span class='ocr_line' id='line_1_39' title="bbox 886 1033 1674 1070; baseline 0.004 -11"><span class='ocrx_word' id='word_1_265' title='bbox 886 1033 914 1060; x_wconf 93' lang='lat' dir='ltr'><strong>in</strong></span> <span class='ocrx_word' id='word_1_266' title='bbox 932 1037 1051 1061; x_wconf 87' lang='lat' dir='ltr'><strong>mentem</strong></span> <span class='ocrx_word' id='word_1_267' title='bbox 1068 1034 1218 1068; x_wconf 76' lang='lat' dir='ltr'><strong>immittat;</strong></span> <span class='ocrx_word' id='word_1_268' title='bbox 1240 1035 1311 1062; x_wconf 87' lang='lat' dir='ltr'><strong>hanc</strong></span> <span class='ocrx_word' id='word_1_269' title='bbox 1325 1039 1427 1068; x_wconf 87' lang='lat' dir='ltr'><strong>autem,</strong></span> <span class='ocrx_word' id='word_1_270' title='bbox 1446 1038 1475 1061; x_wconf 91' lang='lat' dir='ltr'><strong>ut</strong></span> <span class='ocrx_word' id='word_1_271' title='bbox 1491 1042 1526 1062; x_wconf 85' lang='lat' dir='ltr'><strong>ne</strong></span> <span class='ocrx_word' id='word_1_272' title='bbox 1543 1035 1674 1070; x_wconf 88' lang='lat' dir='ltr'><strong>depreca-</strong></span> 
     </span>
    </p>
   </div>
   <div class='ocr_carea' id='block_1_40' title="bbox 884 1079 1672 1117">
    <p class='ocr_par' dir='ltr' id='par_1_40' title="bbox 884 1079 1672 1117">
     <span class='ocr_line' id='line_1_40' title="bbox 884 1079 1672 1117; baseline 0.004 -11"><span class='ocrx_word' id='word_1_273' title='bbox 884 1079 988 1106; x_wconf 86' lang='lat' dir='ltr'><strong>tionem</strong></span> <span class='ocrx_word' id='word_1_274' title='bbox 1009 1085 1133 1108; x_wconf 89' lang='lat' dir='ltr'><strong>nostram</strong></span> <span class='ocrx_word' id='word_1_275' title='bbox 1152 1081 1219 1109; x_wconf 89' lang='lat' dir='ltr'><strong>dure</strong></span> <span class='ocrx_word' id='word_1_276' title='bbox 1231 1085 1314 1117; x_wconf 87' lang='lat' dir='ltr'><strong>atque</strong></span> <span class='ocrx_word' id='word_1_277' title='bbox 1332 1081 1429 1109; x_wconf 82' lang='lat' dir='ltr'><strong>acerbe</strong></span> <span class='ocrx_word' id='word_1_278' title='bbox 1444 1081 1561 1116; x_wconf 89' lang='lat' dir='ltr'><strong>rejiciat,</strong></span> <span class='ocrx_word' id='word_1_279' title='bbox 1577 1090 1672 1110; x_wconf 87' lang='lat' dir='ltr'><strong>verum</strong></span> 
     </span>
    </p>
   </div>
   <div class='ocr_carea' id='block_1_41' title="bbox 885 1122 1672 1154">
    <p class='ocr_par' dir='ltr' id='par_1_41' title="bbox 885 1122 1672 1154">
     <span class='ocr_line' id='line_1_41' title="bbox 885 1122 1672 1154; baseline 0.008 -6"><span class='ocrx_word' id='word_1_280' title='bbox 885 1122 939 1149; x_wconf 86' lang='lat' dir='ltr'><strong>leni</strong></span> <span class='ocrx_word' id='word_1_281' title='bbox 961 1131 993 1150; x_wconf 90' lang='lat' dir='ltr'><strong>ac</strong></span> <span class='ocrx_word' id='word_1_282' title='bbox 1020 1129 1163 1152; x_wconf 82' lang='lat' dir='ltr'><strong>mansueto</strong></span> <span class='ocrx_word' id='word_1_283' title='bbox 1188 1126 1280 1153; x_wconf 89' lang='lat' dir='ltr'><strong>animo</strong></span> <span class='ocrx_word' id='word_1_284' title='bbox 1304 1126 1434 1154; x_wconf 91' lang='lat' dir='ltr'><strong>miserum</strong></span> <span class='ocrx_word' id='word_1_285' title='bbox 1459 1126 1534 1153; x_wconf 91' lang='lat' dir='ltr'><strong>illum</strong></span> <span class='ocrx_word' id='word_1_286' title='bbox 1557 1125 1672 1154; x_wconf 86' lang='lat' dir='ltr'><strong>Paulum</strong></span> 
     </span>
    </p>
   </div>
   <div class='ocr_carea' id='block_1_42' title="bbox 885 1169 1673 1206">
    <p class='ocr_par' dir='ltr' id='par_1_42' title="bbox 885 1169 1673 1206">
     <span class='ocr_line' id='line_1_42' title="bbox 885 1169 1673 1206; baseline 0.006 -11"><span class='ocrx_word' id='word_1_287' title='bbox 885 1169 1011 1204; x_wconf 81' lang='lat' dir='ltr'><strong>accipiat,</strong></span> <span class='ocrx_word' id='word_1_288' title='bbox 1038 1178 1118 1205; x_wconf 86' lang='lat' dir='ltr'><strong>quem</strong></span> <span class='ocrx_word' id='word_1_289' title='bbox 1142 1170 1215 1198; x_wconf 76' lang='lat' dir='ltr'><strong>Deus</strong></span> <span class='ocrx_word' id='word_1_290' title='bbox 1230 1171 1345 1206; x_wconf 67' lang='lat' dir='ltr'><strong>justitim</strong></span> <span class='ocrx_word' id='word_1_291' title='bbox 1369 1178 1482 1206; x_wconf 66' lang='lat' dir='ltr'><strong>praeses.</strong></span> <span class='ocrx_word' id='word_1_292' title='bbox 1499 1171 1551 1199; x_wconf 89' lang='lat' dir='ltr'><strong>sub</strong></span> <span class='ocrx_word' id='word_1_293' title='bbox 1574 1179 1673 1200; x_wconf 83' lang='lat' dir='ltr'><strong>manus</strong></span> 
     </span>
    </p>
   </div>
   <div class='ocr_carea' id='block_1_43' title="bbox 884 1215 1674 1253">
    <p class='ocr_par' dir='ltr' id='par_1_43' title="bbox 884 1215 1674 1253">
     <span class='ocr_line' id='line_1_43' title="bbox 884 1215 1674 1253; baseline 0.004 -12"><span class='ocrx_word' id='word_1_294' title='bbox 884 1218 946 1242; x_wconf 88' lang='lat' dir='ltr'><strong>tuas</strong></span> <span class='ocrx_word' id='word_1_295' title='bbox 960 1215 1048 1250; x_wconf 79' lang='lat' dir='ltr'><strong>duxit,</strong></span> <span class='ocrx_word' id='word_1_296' title='bbox 1067 1217 1118 1244; x_wconf 91' lang='lat' dir='ltr'><strong>hac</strong></span> <span class='ocrx_word' id='word_1_297' title='bbox 1133 1217 1253 1245; x_wconf 78' lang='lat' dir='ltr'><strong>fortasse</strong></span> <span class='ocrx_word' id='word_1_298' title='bbox 1268 1217 1302 1245; x_wconf 92' lang='lat' dir='ltr'><strong>de</strong></span> <span class='ocrx_word' id='word_1_299' title='bbox 1313 1224 1408 1249; x_wconf 83' lang='lat' dir='ltr'><strong>causa.</strong></span> <span class='ocrx_word' id='word_1_300' title='bbox 1422 1222 1452 1244; x_wconf 90' lang='lat' dir='ltr'><strong>ut</strong></span> <span class='ocrx_word' id='word_1_301' title='bbox 1469 1222 1494 1245; x_wconf 87' lang='lat' dir='ltr'><strong>te</strong></span> <span class='ocrx_word' id='word_1_302' title='bbox 1509 1225 1557 1253; x_wconf 88' lang='lat' dir='ltr'><strong>per</strong></span> <span class='ocrx_word' id='word_1_303' title='bbox 1573 1217 1674 1245; x_wconf 88' lang='lat' dir='ltr'><strong>lenita-</strong></span> 
     </span>
    </p>
   </div>
   <div class='ocr_carea' id='block_1_44' title="bbox 37 1259 1654 1302">
    <p class='ocr_par' dir='ltr' id='par_1_44' title="bbox 37 1259 1654 1302">
     <span class='ocr_line' id='line_1_44' title="bbox 37 1259 1654 1302; baseline 0.003 -16"><span class='ocrx_word' id='word_1_304' title='bbox 37 1261 75 1288; x_wconf 87' lang='lat' dir='ltr'><strong>tis</strong></span> <span class='ocrx_word' id='word_1_305' title='bbox 98 1264 126 1287; x_wconf 88' lang='lat' dir='ltr'><strong>et</strong></span> <span class='ocrx_word' id='word_1_306' title='bbox 147 1260 298 1288; x_wconf 67' lang='lat' dir='ltr'><strong>clementiae</strong></span> <span class='ocrx_word' id='word_1_307' title='bbox 322 1259 539 1295; x_wconf 83' lang='lat' dir='ltr'><strong>magnitudinem</strong></span> <span class='ocrx_word' id='word_1_308' title='bbox 564 1260 744 1288; x_wconf 85' lang='lat' dir='ltr'><strong>illustriorem</strong></span> <span class='ocrx_word' id='word_1_309' title='bbox 765 1260 871 1289; x_wconf 82' lang='lat' dir='ltr'><strong>reddat.</strong></span> <span class='ocrx_word' id='word_1_310' title='bbox 887 1269 918 1288; x_wconf 86' lang='lat' dir='ltr'><strong>ac</strong></span> <span class='ocrx_word' id='word_1_311' title='bbox 931 1267 1041 1291; x_wconf 80' lang='lat' dir='ltr'><strong>nostras</strong></span> <span class='ocrx_word' id='word_1_312' title='bbox 1056 1264 1089 1291; x_wconf 86' lang='lat' dir='ltr'><strong>ad</strong></span> <span class='ocrx_word' id='word_1_313' title='bbox 1106 1263 1190 1292; x_wconf 88' lang='lat' dir='ltr'><strong>Deum</strong></span> <span class='ocrx_word' id='word_1_314' title='bbox 1208 1272 1315 1300; x_wconf 89' lang='lat' dir='ltr'><strong>preces,</strong></span> <span class='ocrx_word' id='word_1_315' title='bbox 1336 1265 1359 1292; x_wconf 88' lang='lat' dir='ltr'><strong>si</strong></span> <span class='ocrx_word' id='word_1_316' title='bbox 1378 1272 1437 1302; x_wconf 80' lang='lat' dir='ltr'><strong>quae</strong></span> <span class='ocrx_word' id='word_1_317' title='bbox 1449 1269 1522 1296; x_wconf 86' lang='lat' dir='ltr'><strong>sunt,</strong></span> <span class='ocrx_word' id='word_1_318' title='bbox 1541 1265 1654 1300; x_wconf 80' lang='lat' dir='ltr'><strong>benigni</strong></span> 
     </span>
    </p>
   </div>
   <div class='ocr_carea' id='block_1_45' title="bbox 36 1307 309 1335">
    <p class='ocr_par' dir='ltr' id='par_1_45' title="bbox 36 1307 309 1335">
     <span class='ocr_line' id='line_1_45' title="bbox 36 1307 309 1335; baseline 0 0"><span class='ocrx_word' id='word_1_319' title='bbox 36 1308 89 1335; x_wconf 84' lang='lat' dir='ltr'><strong>tati</strong></span> <span class='ocrx_word' id='word_1_320' title='bbox 103 1312 156 1335; x_wconf 64' lang='lat' dir='ltr'><strong>tuae</strong></span> <span class='ocrx_word' id='word_1_321' title='bbox 172 1307 309 1335; x_wconf 89' lang='lat' dir='ltr'><strong>conciliet.</strong></span> 
     </span>
    </p>
   </div>
   <div class='ocr_carea' id='block_1_46' title="bbox 285 1384 589 1420">
    <p class='ocr_par' dir='ltr' id='par_1_46' title="bbox 285 1384 589 1420">
     <span class='ocr_line' id='line_1_46' title="bbox 285 1384 589 1420; baseline -0.003 -8"><span class='ocrx_word' id='word_1_322' title='bbox 285 1385 400 1420; x_wconf 55' lang='lat' dir='ltr'><strong>Paro</strong></span> <span class='ocrx_word' id='word_1_323' title='bbox 416 1384 507 1420; x_wconf 65' lang='lat' dir='ltr'><strong>arra</strong></span> <span class='ocrx_word' id='word_1_324' title='bbox 522 1384 589 1420; x_wconf 71' lang='lat' dir='ltr'><strong>(sai.</strong></span> 
     </span>
    </p>
   </div>
   <div class='ocr_carea' id='block_1_47' title="bbox 1136 1383 1432 1420">
    <p class='ocr_par' dir='ltr' id='par_1_47' title="bbox 1136 1383 1432 1420">
     <span class='ocr_line' id='line_1_47' title="bbox 1136 1383 1432 1420; baseline 0 -8"><span class='ocrx_word' id='word_1_325' title='bbox 1136 1385 1214 1420; x_wconf 85' lang='grc' dir='ltr'>ιοο</span> <span class='ocrx_word' id='word_1_326' title='bbox 1227 1384 1294 1412; x_wconf 73' lang='lat' dir='ltr'><strong>cvr.</strong></span> <span class='ocrx_word' id='word_1_327' title='bbox 1316 1383 1432 1412; x_wconf 84' lang='lat' dir='ltr'><strong>EIDEM.</strong></span> 
     </span>
    </p>
   </div>
   <div class='ocr_carea' id='block_1_48' title="bbox 37 1443 1671 1480">
    <p class='ocr_par' dir='ltr' id='par_1_48' title="bbox 37 1443 1671 1480">
     <span class='ocr_line' id='line_1_48' title="bbox 37 1443 1671 1480; baseline 0 -7"><span class='ocrx_word' id='word_1_328' title='bbox 37 1445 184 1473; x_wconf 68' lang='lat' dir='ltr'><strong>Concessa;</strong></span> <span class='ocrx_word' id='word_1_329' title='bbox 199 1444 231 1471; x_wconf 85' lang='lat' dir='ltr'><strong>ab</strong></span> <span class='ocrx_word' id='word_1_330' title='bbox 250 1443 371 1480; x_wconf 81' lang='lat' dir='ltr'><strong>Olympic</strong></span> <span class='ocrx_word' id='word_1_331' title='bbox 385 1444 486 1478; x_wconf 73' lang='lat' dir='ltr'><strong>priores</strong></span> <span class='ocrx_word' id='word_1_332' title='bbox 503 1445 606 1480; x_wconf 60' lang='lat' dir='ltr'><strong>gratias</strong></span> <span class='ocrx_word' id='word_1_333' title='bbox 623 1445 827 1471; x_wconf 62' lang='lat' dir='ltr'><strong>commemorat:</strong></span> <span class='ocrx_word' id='word_1_334' title='bbox 851 1453 896 1479; x_wconf 82' lang='lat' dir='ltr'><strong>per</strong></span> <span class='ocrx_word' id='word_1_335' title='bbox 922 1453 964 1472; x_wconf 79' lang='lat' dir='ltr'><strong>cos</strong></span> <span class='ocrx_word' id='word_1_336' title='bbox 988 1445 1108 1480; x_wconf 66' lang='lat' dir='ltr'><strong>honores,</strong></span> <span class='ocrx_word' id='word_1_337' title='bbox 1131 1452 1195 1478; x_wconf 81' lang='lat' dir='ltr'><strong>quos</strong></span> <span class='ocrx_word' id='word_1_338' title='bbox 1217 1444 1267 1471; x_wconf 80' lang='lat' dir='ltr'><strong>sibi</strong></span> <span class='ocrx_word' id='word_1_339' title='bbox 1285 1445 1372 1478; x_wconf 79' lang='lat' dir='ltr'><strong>habet,</strong></span> <span class='ocrx_word' id='word_1_340' title='bbox 1394 1444 1428 1470; x_wconf 78' lang='lat' dir='ltr'><strong>ad</strong></span> <span class='ocrx_word' id='word_1_341' title='bbox 1447 1452 1527 1472; x_wconf 77' lang='lat' dir='ltr'><strong>novas</strong></span> <span class='ocrx_word' id='word_1_342' title='bbox 1548 1445 1671 1479; x_wconf 74' lang='lat' dir='ltr'><strong>petendas</strong></span> 
     </span>
    </p>
   </div>
   <div class='ocr_carea' id='block_1_49' title="bbox 573 1478 1144 1515">
    <p class='ocr_par' dir='ltr' id='par_1_49' title="bbox 573 1478 1144 1515">
     <span class='ocr_line' id='line_1_49' title="bbox 573 1478 1144 1515; baseline -0.002 -10"><span class='ocrx_word' id='word_1_343' title='bbox 573 1478 707 1506; x_wconf 83' lang='lat' dir='ltr'><strong>Eustratii</strong></span> <span class='ocrx_word' id='word_1_344' title='bbox 723 1488 805 1507; x_wconf 82' lang='lat' dir='ltr'><strong>causa</strong></span> <span class='ocrx_word' id='word_1_345' title='bbox 818 1478 976 1515; x_wconf 72' lang='lat' dir='ltr'><strong>provocatur</strong></span> <span class='ocrx_word' id='word_1_346' title='bbox 991 1479 1144 1513; x_wconf 79' lang='lat' dir='ltr'><strong>Gregorius.</strong></span> 
     </span>
    </p>
   </div>
   <div class='ocr_carea' id='block_1_50' title="bbox 79 1531 826 1572">
    <p class='ocr_par' dir='ltr' id='par_1_50' title="bbox 79 1535 826 1571">
     <span class='ocr_line' id='line_1_50' title="bbox 79 1535 826 1571; baseline -0.003 -7"><span class='ocrx_word' id='word_1_347' title='bbox 79 1536 146 1564; x_wconf 80' lang='grc' dir='ltr'><strong>Ἰδού</strong></span> <span class='ocrx_word' id='word_1_348' title='bbox 166 1544 207 1562; x_wconf 81' lang='grc' dir='ltr'>σοι</span> <span class='ocrx_word' id='word_1_349' title='bbox 221 1535 277 1571; x_wconf 80' lang='grc'>(55)</span> <span class='ocrx_word' id='word_1_350' title='bbox 297 1535 345 1562; x_wconf 78' lang='grc' dir='ltr'><strong>καὶ</strong></span> <span class='ocrx_word' id='word_1_351' title='bbox 361 1535 430 1570; x_wconf 82' lang='grc' dir='ltr'><strong>ἄλλη</strong></span> <span class='ocrx_word' id='word_1_352' title='bbox 451 1535 627 1570; x_wconf 81' lang='grc' dir='ltr'><strong>γραμμάτων</strong></span> <span class='ocrx_word' id='word_1_353' title='bbox 645 1535 783 1568; x_wconf 80' lang='grc' dir='ltr'>ὑπόθεσις,</span> <span class='ocrx_word' id='word_1_354' title='bbox 797 1535 826 1567; x_wconf 83' lang='grc' dir='ltr'><strong>ἃς</strong></span> 
     </span>
    </p>
   </div>
   <div class='ocr_carea' id='block_1_51' title="bbox 886 1531 1670 1572">
    <p class='ocr_par' dir='ltr' id='par_1_51' title="bbox 918 1531 1670 1572">
     <span class='ocr_line' id='line_1_51' title="bbox 918 1531 1670 1572; baseline -0.001 -8"><span class='ocrx_word' id='word_1_355' title='bbox 918 1537 958 1564; x_wconf 85' lang='lat' dir='ltr'><strong>En</strong></span> <span class='ocrx_word' id='word_1_356' title='bbox 985 1537 1035 1564; x_wconf 92' lang='lat' dir='ltr'><strong>tibi</strong></span> <span class='ocrx_word' id='word_1_357' title='bbox 1060 1537 1135 1564; x_wconf 89' lang='lat' dir='ltr'><strong>aliud</strong></span> <span class='ocrx_word' id='word_1_358' title='bbox 1160 1531 1269 1572; x_wconf 70' lang='lat' dir='ltr'><strong>quoque</strong></span> <span class='ocrx_word' id='word_1_359' title='bbox 1292 1536 1445 1564; x_wconf 87' lang='lat' dir='ltr'><strong>litterarum</strong></span> <span class='ocrx_word' id='word_1_360' title='bbox 1468 1539 1670 1571; x_wconf 81' lang='lat' dir='ltr'><strong>argumentum,</strong></span> 
     </span>
    </p>
   </div>
   <div class='ocr_carea' id='block_1_52' title="bbox 38 1582 829 1618">
    <p class='ocr_par' dir='ltr' id='par_1_52' title="bbox 38 1582 829 1618">
     <span class='ocr_line' id='line_1_52' title="bbox 38 1582 829 1618; baseline -0.003 -8"><span class='ocrx_word' id='word_1_361' title='bbox 38 1583 71 1610; x_wconf 77' lang='grc' dir='ltr'>σὺ</span> <span class='ocrx_word' id='word_1_362' title='bbox 91 1583 177 1614; x_wconf 79' lang='grc' dir='ltr'>ποιεῖς</span> <span class='ocrx_word' id='word_1_363' title='bbox 189 1582 257 1618; x_wconf 68' lang='grc'>(54),</span> <span class='ocrx_word' id='word_1_364' title='bbox 271 1583 295 1609; x_wconf 82' lang='grc' dir='ltr'>εἰ</span> <span class='ocrx_word' id='word_1_365' title='bbox 310 1583 362 1618; x_wconf 86' lang='grc' dir='ltr'><strong>χρὴ</strong></span> <span class='ocrx_word' id='word_1_366' title='bbox 375 1583 480 1618; x_wconf 83' lang='grc' dir='ltr'><strong>τάληθῆ</strong></span> <span class='ocrx_word' id='word_1_367' title='bbox 493 1583 594 1617; x_wconf 82' lang='grc' dir='ltr'><strong>λέγειν,</strong></span> <span class='ocrx_word' id='word_1_368' title='bbox 616 1582 654 1617; x_wconf 74' lang='grc' dir='ltr'><strong>τῷ</strong></span> <span class='ocrx_word' id='word_1_369' title='bbox 665 1583 747 1617; x_wconf 80' lang='grc' dir='ltr'>τιμᾷν</span> <span class='ocrx_word' id='word_1_370' title='bbox 761 1591 829 1618; x_wconf 85' lang='grc' dir='ltr'>προ-</span> 
     </span>
    </p>
   </div>
   <div class='ocr_carea' id='block_1_53' title="bbox 37 1627 828 1664">
    <p class='ocr_par' dir='ltr' id='par_1_53' title="bbox 37 1627 828 1664">
     <span class='ocr_line' id='line_1_53' title="bbox 37 1627 828 1664; baseline -0.003 -8"><span class='ocrx_word' id='word_1_371' title='bbox 37 1628 205 1663; x_wconf 72' lang='grc' dir='ltr'><strong>καλούμενος</strong></span> <span class='ocrx_word' id='word_1_372' title='bbox 232 1628 300 1663; x_wconf 80' lang='lat'><strong>(55).</strong></span> <span class='ocrx_word' id='word_1_373' title='bbox 322 1627 387 1654; x_wconf 84' lang='grc' dir='ltr'>Ἰδού</span> <span class='ocrx_word' id='word_1_374' title='bbox 407 1637 448 1655; x_wconf 90' lang='grc' dir='ltr'>σοι</span> <span class='ocrx_word' id='word_1_375' title='bbox 472 1628 526 1656; x_wconf 71' lang='grc' dir='ltr'>καὶ.</span> <span class='ocrx_word' id='word_1_376' title='bbox 541 1628 620 1660; x_wconf 80' lang='grc' dir='ltr'>ἄλλος</span> <span class='ocrx_word' id='word_1_377' title='bbox 639 1627 730 1664; x_wconf 77' lang='grc' dir='ltr'>ἱκέτης</span> <span class='ocrx_word' id='word_1_378' title='bbox 745 1628 828 1663; x_wconf 78' lang='grc' dir='ltr'>φόϐου</span> 
     </span>
    </p>
   </div>
   <div class='ocr_carea' id='block_1_54' title="bbox 36 1670 828 1711">
    <p class='ocr_par' dir='ltr' id='par_1_54' title="bbox 36 1670 828 1711">
     <span class='ocr_line' id='line_1_54' title="bbox 36 1670 828 1711; baseline 0 -11"><span class='ocrx_word' id='word_1_379' title='bbox 36 1675 147 1710; x_wconf 83' lang='grc' dir='ltr'><strong>δέσμιος</strong></span> <span class='ocrx_word' id='word_1_380' title='bbox 160 1670 248 1705; x_wconf 75' lang='grc' dir='ltr'>οὗτος,</span> <span class='ocrx_word' id='word_1_381' title='bbox 264 1675 278 1700; x_wconf 88' lang='grc' dir='ltr'>ὁ</span> <span class='ocrx_word' id='word_1_382' title='bbox 294 1674 427 1711; x_wconf 83' lang='grc' dir='ltr'><strong>συγγενὴς</strong></span> <span class='ocrx_word' id='word_1_383' title='bbox 441 1674 519 1710; x_wconf 83' lang='grc' dir='ltr'>ἡμῶν</span> <span class='ocrx_word' id='word_1_384' title='bbox 537 1673 712 1710; x_wconf 84' lang='grc' dir='ltr'><strong>Εὐστράτιος,</strong></span> <span class='ocrx_word' id='word_1_385' title='bbox 724 1674 753 1706; x_wconf 86' lang='grc' dir='ltr'>ὃς</span> <span class='ocrx_word' id='word_1_386' title='bbox 770 1674 828 1709; x_wconf 74' lang='grc' dir='ltr'><strong>μεθ’</strong></span> 
     </span>
    </p>
   </div>
   <div class='ocr_carea' id='block_1_55' title="bbox 36 1719 828 1756">
    <p class='ocr_par' dir='ltr' id='par_1_55' title="bbox 36 1719 828 1756">
     <span class='ocr_line' id='line_1_55' title="bbox 36 1719 828 1756; baseline 0 -10"><span class='ocrx_word' id='word_1_387' title='bbox 36 1720 127 1756; x_wconf 80' lang='grc' dir='ltr'>ἡμῶν,</span> <span class='ocrx_word' id='word_1_388' title='bbox 140 1720 188 1747; x_wconf 77' lang='grc' dir='ltr'><strong>καὶ</strong></span> <span class='ocrx_word' id='word_1_389' title='bbox 208 1719 241 1746; x_wconf 84' lang='grc' dir='ltr'><strong>δι’</strong></span> <span class='ocrx_word' id='word_1_390' title='bbox 256 1719 336 1755; x_wconf 85' lang='grc' dir='ltr'><strong>ἡμῶν</strong></span> <span class='ocrx_word' id='word_1_391' title='bbox 359 1719 527 1755; x_wconf 78' lang='grc' dir='ltr'>προσπίπτει</span> <span class='ocrx_word' id='word_1_392' title='bbox 554 1720 586 1755; x_wconf 85' lang='grc' dir='ltr'>τῇ</span> <span class='ocrx_word' id='word_1_393' title='bbox 615 1721 648 1755; x_wconf 83' lang='grc' dir='ltr'>σῇ</span> <span class='ocrx_word' id='word_1_394' title='bbox 668 1720 828 1755; x_wconf 76' lang='grc' dir='ltr'><strong>ἀγαθότητι,</strong></span> 
     </span>
    </p>
   </div>
   <div class='ocr_carea' id='block_1_56' title="bbox 36 1765 828 1803">
    <p class='ocr_par' dir='ltr' id='par_1_56' title="bbox 36 1765 828 1803">
     <span class='ocr_line' id='line_1_56' title="bbox 36 1765 828 1803; baseline 0 -10"><span class='ocrx_word' id='word_1_395' title='bbox 36 1766 98 1793; x_wconf 73' lang='grc' dir='ltr'>οὔτε</span> <span class='ocrx_word' id='word_1_396' title='bbox 121 1765 265 1798; x_wconf 77' lang='grc' dir='ltr'>διαπαντὸς</span> <span class='ocrx_word' id='word_1_397' title='bbox 291 1765 450 1801; x_wconf 76' lang='grc' dir='ltr'><strong>ἁφηνιάζειν</strong></span> <span class='ocrx_word' id='word_1_398' title='bbox 465 1766 514 1801; x_wconf 87' lang='grc' dir='ltr'>τῆς</span> <span class='ocrx_word' id='word_1_399' title='bbox 537 1765 587 1800; x_wconf 85' lang='grc' dir='ltr'>σ’ής</span> <span class='ocrx_word' id='word_1_400' title='bbox 605 1765 692 1801; x_wconf 78' lang='grc' dir='ltr'>ἀρχῆς</span> <span class='ocrx_word' id='word_1_401' title='bbox 710 1766 765 1803; x_wconf 78' lang='grc'>(56)</span> <span class='ocrx_word' id='word_1_402' title='bbox 781 1766 828 1793; x_wconf 85' lang='grc' dir='ltr'><strong>ἁν-</strong></span> 
     </span>
    </p>
   </div>
   <div class='ocr_carea' id='block_1_57' title="bbox 36 1811 820 1848">
    <p class='ocr_par' dir='ltr' id='par_1_57' title="bbox 36 1811 820 1848">
     <span class='ocr_line' id='line_1_57' title="bbox 36 1811 820 1848; baseline -0.001 -9"><span class='ocrx_word' id='word_1_403' title='bbox 36 1813 176 1848; x_wconf 77' lang='grc' dir='ltr'>εχόμενος,</span> <span class='ocrx_word' id='word_1_404' title='bbox 187 1812 211 1838; x_wconf 78' lang='grc' dir='ltr'>εἰ</span> <span class='ocrx_word' id='word_1_405' title='bbox 226 1812 272 1838; x_wconf 71' lang='grc' dir='ltr'><strong>καὶ</strong></span> <span class='ocrx_word' id='word_1_406' title='bbox 281 1811 363 1846; x_wconf 76' lang='grc' dir='ltr'>φόϐος</span> <span class='ocrx_word' id='word_1_407' title='bbox 372 1811 476 1843; x_wconf 77' lang='grc' dir='ltr'>δίκαιος</span> <span class='ocrx_word' id='word_1_408' title='bbox 486 1811 568 1838; x_wconf 75' lang='grc' dir='ltr'>αὑτὸν</span> <span class='ocrx_word' id='word_1_409' title='bbox 581 1811 740 1847; x_wconf 87' lang='grc' dir='ltr'>διεπτόησεν</span> <span class='ocrx_word' id='word_1_410' title='bbox 753 1812 820 1847; x_wconf 79' lang='grc'>(57),</span> 
     </span>
    </p>
   </div>
   <div class='ocr_carea' id='block_1_58' title="bbox 35 1857 825 1894">
    <p class='ocr_par' dir='ltr' id='par_1_58' title="bbox 35 1857 825 1894">
     <span class='ocr_line' id='line_1_58' title="bbox 35 1857 825 1894; baseline -0.004 -8"><span class='ocrx_word' id='word_1_411' title='bbox 35 1859 98 1886; x_wconf 75' lang='grc' dir='ltr'>οὔτε</span> <span class='ocrx_word' id='word_1_412' title='bbox 108 1859 141 1885; x_wconf 83' lang='grc' dir='ltr'><strong>δι’</strong></span> <span class='ocrx_word' id='word_1_413' title='bbox 152 1859 232 1886; x_wconf 76' lang='grc' dir='ltr'>ἄλλου</span> <span class='ocrx_word' id='word_1_414' title='bbox 246 1867 286 1884; x_wconf 88' lang='grc' dir='ltr'>σοι</span> <span class='ocrx_word' id='word_1_415' title='bbox 299 1859 464 1894; x_wconf 78' lang='grc' dir='ltr'><strong>προσπεσεῖν</strong></span> <span class='ocrx_word' id='word_1_416' title='bbox 475 1857 492 1893; x_wconf 85' lang='grc' dir='ltr'>ἢ</span> <span class='ocrx_word' id='word_1_417' title='bbox 507 1857 540 1884; x_wconf 78' lang='grc' dir='ltr'><strong>δι’</strong></span> <span class='ocrx_word' id='word_1_418' title='bbox 555 1857 632 1893; x_wconf 84' lang='grc' dir='ltr'><strong>ἡμῶν</strong></span> <span class='ocrx_word' id='word_1_419' title='bbox 647 1857 809 1893; x_wconf 78' lang='grc' dir='ltr'><strong>αἱρούμενος</strong></span> <span class='ocrx_word' id='word_1_420' title='bbox 819 1866 825 1873; x_wconf 77' lang='grc'><em>’</em></span> 
     </span>
    </p>
   </div>
   <div class='ocr_carea' id='block_1_59' title="bbox 35 1903 826 1940">
    <p class='ocr_par' dir='ltr' id='par_1_59' title="bbox 35 1903 826 1940">
     <span class='ocr_line' id='line_1_59' title="bbox 35 1903 826 1940; baseline -0.004 -9"><span class='ocrx_word' id='word_1_421' title='bbox 35 1906 80 1933; x_wconf 81' lang='grc' dir='ltr'>ἵνα</span> <span class='ocrx_word' id='word_1_422' title='bbox 93 1905 140 1932; x_wconf 76' lang='grc' dir='ltr'><strong>καὶ</strong></span> <span class='ocrx_word' id='word_1_423' title='bbox 152 1904 315 1940; x_wconf 75' lang='grc' dir='ltr'><strong>σεμνοτέραν</strong></span> <span class='ocrx_word' id='word_1_424' title='bbox 333 1903 421 1939; x_wconf 76' lang='grc' dir='ltr'>ἑαυτῷ</span> <span class='ocrx_word' id='word_1_425' title='bbox 430 1903 530 1939; x_wconf 83' lang='grc' dir='ltr'>ποιήσῃ</span> <span class='ocrx_word' id='word_1_426' title='bbox 545 1903 595 1938; x_wconf 86' lang='grc' dir='ltr'><strong>τὴν</strong></span> <span class='ocrx_word' id='word_1_427' title='bbox 611 1903 826 1938; x_wconf 74' lang='grc' dir='ltr'><strong>φιλανθρωπίαν,</strong></span> 
     </span>
    </p>
   </div>
   <div class='ocr_carea' id='block_1_60' title="bbox 35 1948 826 1986">
    <p class='ocr_par' dir='ltr' id='par_1_60' title="bbox 35 1948 826 1986">
     <span class='ocr_line' id='line_1_60' title="bbox 35 1948 826 1986; baseline -0.005 -8"><span class='ocrx_word' id='word_1_428' title='bbox 35 1951 166 1982; x_wconf 79' lang='grc' dir='ltr'>τοιούτοις</span> <span class='ocrx_word' id='word_1_429' title='bbox 187 1950 366 1986; x_wconf 75' lang='grc' dir='ltr'>πρεσϐευταῖς</span> <span class='ocrx_word' id='word_1_430' title='bbox 386 1950 537 1985; x_wconf 81' lang='grc' dir='ltr'>χρώμενος,</span> <span class='ocrx_word' id='word_1_431' title='bbox 551 1948 607 1980; x_wconf 83' lang='grc' dir='ltr'>οὓς,</span> <span class='ocrx_word' id='word_1_432' title='bbox 623 1950 648 1975; x_wconf 77' lang='grc' dir='ltr'>εἱ</span> <span class='ocrx_word' id='word_1_433' title='bbox 662 1949 699 1984; x_wconf 90' lang='grc' dir='ltr'><strong>μή</strong></span> <span class='ocrx_word' id='word_1_434' title='bbox 714 1957 740 1975; x_wconf 84' lang='grc' dir='ltr'><strong>τι</strong></span> <span class='ocrx_word' id='word_1_435' title='bbox 753 1949 826 1980; x_wconf 84' lang='grc' dir='ltr'>ἄλλο,</span> 
     </span>
    </p>
   </div>
   <div class='ocr_carea' id='block_1_61' title="bbox 35 1994 828 2031">
    <p class='ocr_par' dir='ltr' id='par_1_61' title="bbox 35 1994 828 2031">
     <span class='ocr_line' id='line_1_61' title="bbox 35 1994 828 2031; baseline -0.004 -8"><span class='ocrx_word' id='word_1_436' title='bbox 35 1997 118 2028; x_wconf 75' lang='grc' dir='ltr'>αὐτὸς</span> <span class='ocrx_word' id='word_1_437' title='bbox 132 1995 268 2031; x_wconf 78' lang='grc' dir='ltr'><strong>μεγάλους</strong></span> <span class='ocrx_word' id='word_1_438' title='bbox 282 1996 380 2027; x_wconf 82' lang='grc' dir='ltr'><strong>ποιεῖς,</strong></span> <span class='ocrx_word' id='word_1_439' title='bbox 397 1994 469 2022; x_wconf 76' lang='grc' dir='ltr'>οὕτω</span> <span class='ocrx_word' id='word_1_440' title='bbox 488 1995 537 2026; x_wconf 86' lang='grc' dir='ltr'>τὰς</span> <span class='ocrx_word' id='word_1_441' title='bbox 557 1994 742 2030; x_wconf 83' lang='grc' dir='ltr'>παρακλήσεις</span> <span class='ocrx_word' id='word_1_442' title='bbox 754 1995 828 2029; x_wconf 60' lang='grc' dir='ltr'>δεχὰι</span> 
     </span>
    </p>
   </div>
   <div class='ocr_carea' id='block_1_62' title="bbox 37 2040 827 2078">
    <p class='ocr_par' dir='ltr' id='par_1_62' title="bbox 37 2040 827 2078">
     <span class='ocr_line' id='line_1_62' title="bbox 37 2040 827 2078; baseline -0.003 -9"><span class='ocrx_word' id='word_1_443' title='bbox 37 2051 130 2078; x_wconf 77' lang='grc' dir='ltr'>μενος.</span> <span class='ocrx_word' id='word_1_444' title='bbox 149 2041 197 2068; x_wconf 85' lang='grc' dir='ltr'><strong>Ἐν</strong></span> <span class='ocrx_word' id='word_1_445' title='bbox 215 2041 262 2068; x_wconf 76' lang='grc' dir='ltr'>καὶ</span> <span class='ocrx_word' id='word_1_446' title='bbox 286 2040 418 2076; x_wconf 80' lang='grc' dir='ltr'><strong>σύντομον</strong></span> <span class='ocrx_word' id='word_1_447' title='bbox 433 2040 595 2077; x_wconf 79' lang='grc' dir='ltr'><strong>φθέγξομαι.</strong></span> <span class='ocrx_word' id='word_1_448' title='bbox 611 2040 667 2072; x_wconf 80' lang='grc' dir='ltr'><strong>Τὰς</strong></span> <span class='ocrx_word' id='word_1_449' title='bbox 686 2041 734 2076; x_wconf 85' lang='grc' dir='ltr'><strong>μὲν</strong></span> <span class='ocrx_word' id='word_1_450' title='bbox 746 2041 827 2073; x_wconf 81' lang='grc' dir='ltr'>ἄλλας</span> 
     </span>
    </p>
   </div>
   <div class='ocr_carea' id='block_1_63' title="bbox 34 2085 825 2123">
    <p class='ocr_par' dir='ltr' id='par_1_63' title="bbox 34 2085 825 2123">
     <span class='ocr_line' id='line_1_63' title="bbox 34 2085 825 2123; baseline -0.001 -9"><span class='ocrx_word' id='word_1_451' title='bbox 34 2087 149 2123; x_wconf 80' lang='grc' dir='ltr'>πρώτας</span> <span class='ocrx_word' id='word_1_452' title='bbox 180 2087 294 2122; x_wconf 81' lang='grc' dir='ltr'>χάριτας</span> <span class='ocrx_word' id='word_1_453' title='bbox 322 2085 416 2118; x_wconf 83' lang='grc' dir='ltr'><strong>ἐδίδως</strong></span> <span class='ocrx_word' id='word_1_454' title='bbox 445 2086 501 2122; x_wconf 84' lang='grc'>(58)</span> <span class='ocrx_word' id='word_1_455' title='bbox 528 2087 603 2122; x_wconf 82' lang='grc' dir='ltr'><strong>ἡμῖν,</strong></span> <span class='ocrx_word' id='word_1_456' title='bbox 629 2086 731 2122; x_wconf 78' lang='grc' dir='ltr'>ταύτην</span> <span class='ocrx_word' id='word_1_457' title='bbox 746 2086 775 2113; x_wconf 81' lang='grc' dir='ltr'><strong>δὲ</strong></span> <span class='ocrx_word' id='word_1_458' title='bbox 793 2089 825 2123; x_wconf 79' lang='grc' dir='ltr'>τῇ</span> 
     </span>
    </p>
   </div>
   <div class='ocr_carea' id='block_1_64' title="bbox 35 2131 827 2169">
    <p class='ocr_par' dir='ltr' id='par_1_64' title="bbox 35 2131 827 2169">
     <span class='ocr_line' id='line_1_64' title="bbox 35 2131 827 2169; baseline -0.001 -9"><span class='ocrx_word' id='word_1_459' title='bbox 35 2133 151 2160; x_wconf 77' lang='grc' dir='ltr'>σεαυτοῦ</span> <span class='ocrx_word' id='word_1_460' title='bbox 180 2132 235 2163; x_wconf 79' lang='lat'><strong>(59)</strong></span> <span class='ocrx_word' id='word_1_461' title='bbox 261 2132 350 2169; x_wconf 71' lang='grc' dir='ltr'>κρίσει</span> <span class='ocrx_word' id='word_1_462' title='bbox 377 2131 486 2164; x_wconf 89' lang='grc' dir='ltr'>δώσεις·</span> <span class='ocrx_word' id='word_1_463' title='bbox 514 2132 607 2167; x_wconf 73' lang='grc' dir='ltr'>ἐπειδὴ</span> <span class='ocrx_word' id='word_1_464' title='bbox 637 2132 711 2164; x_wconf 76' lang='grc' dir='ltr'>ἅπαξ</span> <span class='ocrx_word' id='word_1_465' title='bbox 732 2133 827 2168; x_wconf 83' lang='grc' dir='ltr'><strong>ὥρμη-</strong></span> 
     </span>
    </p>
   </div>
   <div class='ocr_carea' id='block_1_65' title="bbox 34 2178 826 2215">
    <p class='ocr_par' dir='ltr' id='par_1_65' title="bbox 34 2178 826 2215">
     <span class='ocr_line' id='line_1_65' title="bbox 34 2178 826 2215; baseline -0.001 -9"><span class='ocrx_word' id='word_1_466' title='bbox 34 2189 85 2212; x_wconf 79' lang='grc' dir='ltr'>σας</span> <span class='ocrx_word' id='word_1_467' title='bbox 113 2179 171 2215; x_wconf 81' lang='grc'>(60)</span> <span class='ocrx_word' id='word_1_468' title='bbox 201 2178 420 2214; x_wconf 79' lang='grc' dir='ltr'>παραμυθεῖσθαι</span> <span class='ocrx_word' id='word_1_469' title='bbox 439 2179 470 2204; x_wconf 85' lang='grc' dir='ltr'>τὺ</span> <span class='ocrx_word' id='word_1_470' title='bbox 499 2179 589 2214; x_wconf 84' lang='grc' dir='ltr'>γῆρας</span> <span class='ocrx_word' id='word_1_471' title='bbox 615 2178 693 2213; x_wconf 84' lang='grc' dir='ltr'><strong>ἡμῶν</strong></span> <span class='ocrx_word' id='word_1_472' title='bbox 710 2179 756 2205; x_wconf 74' lang='grc' dir='ltr'><strong>καὶ</strong></span> <span class='ocrx_word' id='word_1_473' title='bbox 777 2178 826 2214; x_wconf 79' lang='grc' dir='ltr'><strong>τὴν</strong></span> 
     </span>
    </p>
   </div>
   <div class='ocr_carea' id='block_1_66' title="bbox 880 1581 1673 1618">
    <p class='ocr_par' dir='ltr' id='par_1_66' title="bbox 880 1581 1673 1618">
     <span class='ocr_line' id='line_1_66' title="bbox 880 1581 1673 1618; baseline -0.001 -9"><span class='ocrx_word' id='word_1_474' title='bbox 880 1591 996 1618; x_wconf 87' lang='lat' dir='ltr'><strong>quarum</strong></span> <span class='ocrx_word' id='word_1_475' title='bbox 1014 1587 1054 1615; x_wconf 91' lang='lat' dir='ltr'><strong>tu,</strong></span> <span class='ocrx_word' id='word_1_476' title='bbox 1071 1583 1093 1610; x_wconf 89' lang='lat' dir='ltr'><strong>si</strong></span> <span class='ocrx_word' id='word_1_477' title='bbox 1117 1590 1181 1610; x_wconf 85' lang='lat' dir='ltr'><strong>vere</strong></span> <span class='ocrx_word' id='word_1_478' title='bbox 1198 1582 1364 1617; x_wconf 72' lang='lat' dir='ltr'><strong>loquendum</strong></span> <span class='ocrx_word' id='word_1_479' title='bbox 1381 1585 1433 1614; x_wconf 87' lang='lat' dir='ltr'><strong>est,</strong></span> <span class='ocrx_word' id='word_1_480' title='bbox 1457 1589 1541 1610; x_wconf 86' lang='lat' dir='ltr'><strong>causa</strong></span> <span class='ocrx_word' id='word_1_481' title='bbox 1565 1589 1614 1614; x_wconf 90' lang='lat' dir='ltr'><strong>es;</strong></span> <span class='ocrx_word' id='word_1_482' title='bbox 1630 1581 1673 1608; x_wconf 91' lang='lat' dir='ltr'><strong>ni-</strong></span> 
     </span>
    </p>
   </div>
   <div class='ocr_carea' id='block_1_67' title="bbox 880 1627 1673 1664">
    <p class='ocr_par' dir='ltr' id='par_1_67' title="bbox 880 1627 1673 1664">
     <span class='ocr_line' id='line_1_67' title="bbox 880 1627 1673 1664; baseline -0.003 -8"><span class='ocrx_word' id='word_1_483' title='bbox 880 1630 979 1656; x_wconf 84' lang='lat' dir='ltr'><strong>mirum</strong></span> <span class='ocrx_word' id='word_1_484' title='bbox 1003 1636 1051 1664; x_wconf 89' lang='lat' dir='ltr'><strong>per</strong></span> <span class='ocrx_word' id='word_1_485' title='bbox 1071 1636 1119 1656; x_wconf 90' lang='lat' dir='ltr'><strong>eos</strong></span> <span class='ocrx_word' id='word_1_486' title='bbox 1143 1628 1274 1659; x_wconf 86' lang='lat' dir='ltr'><strong>honores,</strong></span> <span class='ocrx_word' id='word_1_487' title='bbox 1290 1636 1359 1663; x_wconf 92' lang='lat' dir='ltr'><strong>quos</strong></span> <span class='ocrx_word' id='word_1_488' title='bbox 1380 1628 1446 1655; x_wconf 93' lang='lat' dir='ltr'><strong>mihi</strong></span> <span class='ocrx_word' id='word_1_489' title='bbox 1459 1628 1554 1659; x_wconf 88' lang='lat' dir='ltr'><strong>habes,</strong></span> <span class='ocrx_word' id='word_1_490' title='bbox 1574 1627 1607 1654; x_wconf 88' lang='lat' dir='ltr'><strong>ad</strong></span> <span class='ocrx_word' id='word_1_491' title='bbox 1624 1635 1673 1661; x_wconf 88' lang='lat' dir='ltr'><strong>pe-</strong></span> 
     </span>
    </p>
   </div>
   <div class='ocr_carea' id='block_1_68' title="bbox 880 1674 1670 1710">
    <p class='ocr_par' dir='ltr' id='par_1_68' title="bbox 880 1674 1670 1710">
     <span class='ocr_line' id='line_1_68' title="bbox 880 1674 1670 1710; baseline 0 -8"><span class='ocrx_word' id='word_1_492' title='bbox 880 1676 990 1703; x_wconf 88' lang='lat' dir='ltr'><strong>tendum</strong></span> <span class='ocrx_word' id='word_1_493' title='bbox 1003 1683 1046 1703; x_wconf 90' lang='lat' dir='ltr'><strong>me</strong></span> <span class='ocrx_word' id='word_1_494' title='bbox 1055 1683 1218 1710; x_wconf 84' lang='lat' dir='ltr'><strong>provocans.</strong></span> <span class='ocrx_word' id='word_1_495' title='bbox 1232 1675 1272 1702; x_wconf 86' lang='lat' dir='ltr'><strong>En</strong></span> <span class='ocrx_word' id='word_1_496' title='bbox 1282 1675 1330 1703; x_wconf 86' lang='lat' dir='ltr'><strong>tibi</strong></span> <span class='ocrx_word' id='word_1_497' title='bbox 1342 1675 1413 1703; x_wconf 91' lang='lat' dir='ltr'><strong>alius</strong></span> <span class='ocrx_word' id='word_1_498' title='bbox 1424 1683 1533 1710; x_wconf 83' lang='lat' dir='ltr'><strong>quoque</strong></span> <span class='ocrx_word' id='word_1_499' title='bbox 1545 1674 1670 1709; x_wconf 80' lang='lat' dir='ltr'><strong>supplex,</strong></span> 
     </span>
    </p>
   </div>
   <div class='ocr_carea' id='block_1_69' title="bbox 879 1721 1671 1756">
    <p class='ocr_par' dir='ltr' id='par_1_69' title="bbox 879 1721 1671 1756">
     <span class='ocr_line' id='line_1_69' title="bbox 879 1721 1671 1756; baseline 0 -8"><span class='ocrx_word' id='word_1_500' title='bbox 879 1722 988 1750; x_wconf 84' lang='lat' dir='ltr'><strong>timoris</strong></span> <span class='ocrx_word' id='word_1_501' title='bbox 1006 1722 1125 1750; x_wconf 78' lang='lat' dir='ltr'><strong>vinculis</strong></span> <span class='ocrx_word' id='word_1_502' title='bbox 1134 1722 1314 1753; x_wconf 82' lang='lat' dir='ltr'><strong>constrictus.</strong></span> <span class='ocrx_word' id='word_1_503' title='bbox 1325 1721 1380 1754; x_wconf 87' lang='lat' dir='ltr'><strong>hic,</strong></span> <span class='ocrx_word' id='word_1_504' title='bbox 1398 1721 1522 1756; x_wconf 88' lang='lat' dir='ltr'><strong>inquam,</strong></span> <span class='ocrx_word' id='word_1_505' title='bbox 1535 1724 1671 1756; x_wconf 82' lang='lat' dir='ltr'><strong>cognatus</strong></span> 
     </span>
    </p>
   </div>
   <div class='ocr_carea' id='block_1_70' title="bbox 879 1767 1670 1803">
    <p class='ocr_par' dir='ltr' id='par_1_70' title="bbox 879 1767 1670 1803">
     <span class='ocr_line' id='line_1_70' title="bbox 879 1767 1670 1803; baseline 0 -8"><span class='ocrx_word' id='word_1_506' title='bbox 879 1772 974 1797; x_wconf 87' lang='lat' dir='ltr'><strong>noster</strong></span> <span class='ocrx_word' id='word_1_507' title='bbox 987 1769 1154 1800; x_wconf 82' lang='lat' dir='ltr'><strong>Eustratius,</strong></span> <span class='ocrx_word' id='word_1_508' title='bbox 1180 1768 1228 1803; x_wconf 90' lang='lat' dir='ltr'><strong>qui</strong></span> <span class='ocrx_word' id='word_1_509' title='bbox 1246 1768 1401 1798; x_wconf 85' lang='lat' dir='ltr'><strong>nobiscum,</strong></span> <span class='ocrx_word' id='word_1_510' title='bbox 1429 1775 1462 1795; x_wconf 83' lang='lat' dir='ltr'><strong>ac</strong></span> <span class='ocrx_word' id='word_1_511' title='bbox 1485 1775 1533 1802; x_wconf 83' lang='lat' dir='ltr'><strong>per</strong></span> <span class='ocrx_word' id='word_1_512' title='bbox 1547 1775 1609 1800; x_wconf 90' lang='lat' dir='ltr'><strong>nos,</strong></span> <span class='ocrx_word' id='word_1_513' title='bbox 1635 1767 1670 1795; x_wconf 90' lang='lat' dir='ltr'><strong>ad</strong></span> 
     </span>
    </p>
   </div>
   <div class='ocr_carea' id='block_1_71' title="bbox 878 1814 1670 1850">
    <p class='ocr_par' dir='ltr' id='par_1_71' title="bbox 878 1814 1670 1850">
     <span class='ocr_line' id='line_1_71' title="bbox 878 1814 1670 1850; baseline -0.001 -9"><span class='ocrx_word' id='word_1_514' title='bbox 878 1815 1012 1842; x_wconf 83' lang='lat' dir='ltr'><strong>bonitatis</strong></span> <span class='ocrx_word' id='word_1_515' title='bbox 1037 1819 1090 1842; x_wconf 80' lang='lat' dir='ltr'><strong>tuze</strong></span> <span class='ocrx_word' id='word_1_516' title='bbox 1108 1815 1190 1850; x_wconf 85' lang='lat' dir='ltr'><strong>pedes</strong></span> <span class='ocrx_word' id='word_1_517' title='bbox 1206 1822 1267 1842; x_wconf 83' lang='lat' dir='ltr'><strong>sese</strong></span> <span class='ocrx_word' id='word_1_518' title='bbox 1284 1814 1444 1849; x_wconf 84' lang='lat' dir='ltr'><strong>prosternit,</strong></span> <span class='ocrx_word' id='word_1_519' title='bbox 1471 1821 1523 1841; x_wconf 82' lang='lat' dir='ltr'><strong>nec</strong></span> <span class='ocrx_word' id='word_1_520' title='bbox 1538 1817 1670 1849; x_wconf 78' lang='lat' dir='ltr'><strong>rerpetuo</strong></span> 
     </span>
    </p>
   </div>
   <div class='ocr_carea' id='block_1_72' title="bbox 878 1860 1670 1896">
    <p class='ocr_par' dir='ltr' id='par_1_72' title="bbox 878 1860 1670 1896">
     <span class='ocr_line' id='line_1_72' title="bbox 878 1860 1670 1896; baseline 0 -8"><span class='ocrx_word' id='word_1_521' title='bbox 878 1868 893 1888; x_wconf 88' lang='lat' dir='ltr'><strong>a</strong></span> <span class='ocrx_word' id='word_1_522' title='bbox 916 1865 964 1888; x_wconf 88' lang='lat' dir='ltr'><strong>tuo</strong></span> <span class='ocrx_word' id='word_1_523' title='bbox 991 1861 1107 1896; x_wconf 87' lang='lat' dir='ltr'><strong>imperio</strong></span> <span class='ocrx_word' id='word_1_524' title='bbox 1131 1869 1179 1896; x_wconf 91' lang='lat' dir='ltr'><strong>per</strong></span> <span class='ocrx_word' id='word_1_525' title='bbox 1201 1861 1402 1888; x_wconf 84' lang='lat' dir='ltr'><strong>contumaciam</strong></span> <span class='ocrx_word' id='word_1_526' title='bbox 1428 1868 1489 1888; x_wconf 88' lang='lat' dir='ltr'><strong>sese</strong></span> <span class='ocrx_word' id='word_1_527' title='bbox 1509 1860 1670 1888; x_wconf 83' lang='lat' dir='ltr'><strong>abstrahere</strong></span> 
     </span>
    </p>
   </div>
   <div class='ocr_carea' id='block_1_73' title="bbox 878 1904 1667 1940">
    <p class='ocr_par' dir='ltr' id='par_1_73' title="bbox 878 1904 1667 1940">
     <span class='ocr_line' id='line_1_73' title="bbox 878 1904 1667 1940; baseline 0.001 -9"><span class='ocrx_word' id='word_1_528' title='bbox 878 1904 1029 1936; x_wconf 84' lang='lat' dir='ltr'><strong>sustinens,</strong></span> <span class='ocrx_word' id='word_1_529' title='bbox 1057 1905 1163 1932; x_wconf 85' lang='lat' dir='ltr'><strong>etiamsi</strong></span> <span class='ocrx_word' id='word_1_530' title='bbox 1186 1905 1278 1939; x_wconf 89' lang='lat' dir='ltr'><strong>justus</strong></span> <span class='ocrx_word' id='word_1_531' title='bbox 1302 1913 1364 1932; x_wconf 90' lang='lat' dir='ltr'><strong>eum</strong></span> <span class='ocrx_word' id='word_1_532' title='bbox 1393 1909 1482 1932; x_wconf 90' lang='lat' dir='ltr'><strong>metus</strong></span> <span class='ocrx_word' id='word_1_533' title='bbox 1508 1905 1667 1940; x_wconf 84' lang='lat' dir='ltr'><strong>perterruit,</strong></span> 
     </span>
    </p>
   </div>
   <div class='ocr_carea' id='block_1_74' title="bbox 878 1950 1668 1985">
    <p class='ocr_par' dir='ltr' id='par_1_74' title="bbox 878 1950 1668 1985">
     <span class='ocr_line' id='line_1_74' title="bbox 878 1950 1668 1985; baseline 0.001 -8"><span class='ocrx_word' id='word_1_534' title='bbox 878 1958 928 1977; x_wconf 89' lang='lat' dir='ltr'><strong>nec</strong></span> <span class='ocrx_word' id='word_1_535' title='bbox 945 1958 993 1985; x_wconf 86' lang='lat' dir='ltr'><strong>per</strong></span> <span class='ocrx_word' id='word_1_536' title='bbox 1006 1950 1101 1982; x_wconf 90' lang='lat' dir='ltr'><strong>alium,</strong></span> <span class='ocrx_word' id='word_1_537' title='bbox 1117 1958 1199 1985; x_wconf 81' lang='lat' dir='ltr'><strong>quam</strong></span> <span class='ocrx_word' id='word_1_538' title='bbox 1212 1958 1266 1983; x_wconf 89' lang='lat' dir='ltr'><strong>me,</strong></span> <span class='ocrx_word' id='word_1_539' title='bbox 1284 1950 1317 1977; x_wconf 88' lang='lat' dir='ltr'><strong>ad</strong></span> <span class='ocrx_word' id='word_1_540' title='bbox 1332 1950 1414 1984; x_wconf 91' lang='lat' dir='ltr'><strong>pedes</strong></span> <span class='ocrx_word' id='word_1_541' title='bbox 1428 1950 1478 1977; x_wconf 87' lang='lat' dir='ltr'><strong>tibi</strong></span> <span class='ocrx_word' id='word_1_542' title='bbox 1495 1950 1622 1978; x_wconf 86' lang='lat' dir='ltr'><strong>accidere</strong></span> <span class='ocrx_word' id='word_1_543' title='bbox 1638 1951 1668 1978; x_wconf 94' lang='lat' dir='ltr'><strong>in</strong></span> 
     </span>
    </p>
   </div>
   <div class='ocr_carea' id='block_1_75' title="bbox 877 1994 1669 2030">
    <p class='ocr_par' dir='ltr' id='par_1_75' title="bbox 877 1994 1669 2030">
     <span class='ocr_line' id='line_1_75' title="bbox 877 1994 1669 2030; baseline -0.001 -8"><span class='ocrx_word' id='word_1_544' title='bbox 877 1995 999 2023; x_wconf 90' lang='lat' dir='ltr'><strong>animum</strong></span> <span class='ocrx_word' id='word_1_545' title='bbox 1026 1995 1159 2023; x_wconf 83' lang='lat' dir='ltr'><strong>inducens</strong></span> <span class='ocrx_word' id='word_1_546' title='bbox 1177 2003 1251 2030; x_wconf 87' lang='lat' dir='ltr'><strong>:quo</strong></span> <span class='ocrx_word' id='word_1_547' title='bbox 1280 1995 1385 2022; x_wconf 88' lang='lat' dir='ltr'><strong>scilicet</strong></span> <span class='ocrx_word' id='word_1_548' title='bbox 1414 1994 1545 2022; x_wconf 84' lang='lat' dir='ltr'><strong>adhibitis</strong></span> <span class='ocrx_word' id='word_1_549' title='bbox 1572 1995 1669 2029; x_wconf 84' lang='lat' dir='ltr'><strong>hujus-</strong></span> 
     </span>
    </p>
   </div>
   <div class='ocr_carea' id='block_1_76' title="bbox 877 2039 1667 2076">
    <p class='ocr_par' dir='ltr' id='par_1_76' title="bbox 877 2039 1667 2076">
     <span class='ocr_line' id='line_1_76' title="bbox 877 2039 1667 2076; baseline -0.001 -9"><span class='ocrx_word' id='word_1_550' title='bbox 877 2040 952 2068; x_wconf 89' lang='lat' dir='ltr'><strong>modi</strong></span> <span class='ocrx_word' id='word_1_551' title='bbox 984 2041 1220 2076; x_wconf 83' lang='lat' dir='ltr'><strong>deprecatoribus,</strong></span> <span class='ocrx_word' id='word_1_552' title='bbox 1245 2048 1326 2074; x_wconf 87' lang='lat' dir='ltr'><strong>quos,</strong></span> <span class='ocrx_word' id='word_1_553' title='bbox 1353 2040 1377 2067; x_wconf 93' lang='lat' dir='ltr'><strong>si</strong></span> <span class='ocrx_word' id='word_1_554' title='bbox 1402 2039 1471 2066; x_wconf 91' lang='lat' dir='ltr'><strong>nihil</strong></span> <span class='ocrx_word' id='word_1_555' title='bbox 1497 2039 1582 2072; x_wconf 89' lang='lat' dir='ltr'><strong>aliud,</strong></span> <span class='ocrx_word' id='word_1_556' title='bbox 1607 2039 1667 2074; x_wconf 89' lang='lat' dir='ltr'><strong>ipse</strong></span> 
     </span>
    </p>
   </div>
   <div class='ocr_carea' id='block_1_77' title="bbox 876 2085 1665 2121">
    <p class='ocr_par' dir='ltr' id='par_1_77' title="bbox 876 2085 1665 2121">
     <span class='ocr_line' id='line_1_77' title="bbox 876 2085 1665 2121; baseline -0.001 -8"><span class='ocrx_word' id='word_1_557' title='bbox 876 2093 991 2121; x_wconf 78' lang='lat' dir='ltr'><strong>magnos</strong></span> <span class='ocrx_word' id='word_1_558' title='bbox 1021 2086 1123 2118; x_wconf 83' lang='lat' dir='ltr'><strong>eﬂieis,</strong></span> <span class='ocrx_word' id='word_1_559' title='bbox 1149 2086 1215 2113; x_wconf 90' lang='lat' dir='ltr'><strong>dum</strong></span> <span class='ocrx_word' id='word_1_560' title='bbox 1242 2085 1452 2120; x_wconf 82' lang='lat' dir='ltr'><strong>deprecationes</strong></span> <span class='ocrx_word' id='word_1_561' title='bbox 1478 2085 1518 2113; x_wconf 90' lang='lat' dir='ltr'><strong>sic</strong></span> <span class='ocrx_word' id='word_1_562' title='bbox 1541 2085 1665 2120; x_wconf 84' lang='lat' dir='ltr'><strong>excipis,</strong></span> 
     </span>
    </p>
   </div>
   <div class='ocr_carea' id='block_1_78' title="bbox 877 2130 1665 2166">
    <p class='ocr_par' dir='ltr' id='par_1_78' title="bbox 877 2130 1665 2166">
     <span class='ocr_line' id='line_1_78' title="bbox 877 2130 1665 2166; baseline 0 -7"><span class='ocrx_word' id='word_1_563' title='bbox 877 2131 1090 2166; x_wconf 78' lang='lat' dir='ltr'><strong>splendidiorem</strong></span> <span class='ocrx_word' id='word_1_564' title='bbox 1118 2131 1172 2159; x_wconf 92' lang='lat' dir='ltr'><strong>sibi</strong></span> <span class='ocrx_word' id='word_1_565' title='bbox 1202 2131 1399 2166; x_wconf 81' lang='lat' dir='ltr'><strong>benignitatem</strong></span> <span class='ocrx_word' id='word_1_566' title='bbox 1421 2135 1495 2158; x_wconf 84' lang='lat' dir='ltr'><strong>tuam</strong></span> <span class='ocrx_word' id='word_1_567' title='bbox 1526 2130 1665 2159; x_wconf 85' lang='lat' dir='ltr'><strong>conciliet.</strong></span> 
     </span>
    </p>
   </div>
   <div class='ocr_carea' id='block_1_79' title="bbox 878 2177 1666 2212">
    <p class='ocr_par' dir='ltr' id='par_1_79' title="bbox 878 2177 1666 2212">
     <span class='ocr_line' id='line_1_79' title="bbox 878 2177 1666 2212; baseline -0.003 -6"><span class='ocrx_word' id='word_1_568' title='bbox 878 2177 966 2206; x_wconf 87' lang='lat' dir='ltr'><strong>Unum</strong></span> <span class='ocrx_word' id='word_1_569' title='bbox 981 2178 1124 2210; x_wconf 86' lang='lat' dir='ltr'><strong>duntaxat,</strong></span> <span class='ocrx_word' id='word_1_570' title='bbox 1141 2177 1224 2212; x_wconf 91' lang='lat' dir='ltr'><strong>idque</strong></span> <span class='ocrx_word' id='word_1_571' title='bbox 1245 2177 1338 2209; x_wconf 75' lang='lat' dir='ltr'><strong>breve,</strong></span> <span class='ocrx_word' id='word_1_572' title='bbox 1352 2177 1452 2204; x_wconf 88' lang='lat' dir='ltr'><strong>dicam.</strong></span> <span class='ocrx_word' id='word_1_573' title='bbox 1473 2177 1591 2204; x_wconf 77' lang='lat' dir='ltr'><strong>Czeteras</strong></span> <span class='ocrx_word' id='word_1_574' title='bbox 1605 2177 1666 2212; x_wconf 87' lang='lat' dir='ltr'><strong>qui-</strong></span> 
     </span>
    </p>
   </div>
   <div class='ocr_carea' id='block_1_80' title="bbox 33 2213 826 2259">
    <p class='ocr_par' dir='ltr' id='par_1_80' title="bbox 33 2223 824 2259">
     <span class='ocr_line' id='line_1_80' title="bbox 33 2223 824 2259; baseline -0.004 -6"><span class='ocrx_word' id='word_1_575' title='bbox 33 2225 177 2252; x_wconf 77' lang='grc' dir='ltr'>ἀσϐένειαν</span> <span class='ocrx_word' id='word_1_576' title='bbox 199 2225 258 2256; x_wconf 81' lang='grc' dir='ltr'>ταῖς</span> <span class='ocrx_word' id='word_1_577' title='bbox 279 2224 418 2256; x_wconf 81' lang='grc' dir='ltr'>τοιαύταις</span> <span class='ocrx_word' id='word_1_578' title='bbox 433 2226 537 2259; x_wconf 84' lang='grc' dir='ltr'>τιμαῖς.</span> <span class='ocrx_word' id='word_1_579' title='bbox 566 2223 716 2259; x_wconf 78' lang='grc' dir='ltr'><strong>Προσϐήσω</strong></span> <span class='ocrx_word' id='word_1_580' title='bbox 739 2223 768 2250; x_wconf 76' lang='grc' dir='ltr'><strong>δὲ</strong></span> <span class='ocrx_word' id='word_1_581' title='bbox 784 2224 824 2250; x_wconf 82' lang='grc' dir='ltr'>ὅτι</span> 
     </span>
    </p>
   </div>
   <div class='ocr_carea' id='block_1_81' title="bbox 886 2213 1665 2259">
    <p class='ocr_par' dir='ltr' id='par_1_81' title="bbox 886 2222 1665 2258">
     <span class='ocr_line' id='line_1_81' title="bbox 886 2222 1665 2258; baseline -0.001 -8"><span class='ocrx_word' id='word_1_582' title='bbox 886 2223 940 2250; x_wconf 91' lang='lat' dir='ltr'><strong>lem</strong></span> <span class='ocrx_word' id='word_1_583' title='bbox 965 2223 1072 2258; x_wconf 90' lang='lat' dir='ltr'><strong>priores</strong></span> <span class='ocrx_word' id='word_1_584' title='bbox 1091 2223 1193 2258; x_wconf 73' lang='lat' dir='ltr'><strong>gratias</strong></span> <span class='ocrx_word' id='word_1_585' title='bbox 1220 2222 1302 2249; x_wconf 89' lang='lat' dir='ltr'><strong>nobis</strong></span> <span class='ocrx_word' id='word_1_586' title='bbox 1323 2222 1511 2254; x_wconf 79' lang='lat' dir='ltr'><strong>concedebas;</strong></span> <span class='ocrx_word' id='word_1_587' title='bbox 1529 2222 1601 2249; x_wconf 87' lang='lat' dir='ltr'><strong>hanc</strong></span> <span class='ocrx_word' id='word_1_588' title='bbox 1617 2227 1665 2249; x_wconf 87' lang='lat' dir='ltr'><strong>tuo</strong></span> 
     </span>
    </p>
   </div>
   <div class='ocr_carea' id='block_1_82' title="bbox 33 2269 823 2305">
    <p class='ocr_par' dir='ltr' id='par_1_82' title="bbox 33 2269 823 2305">
     <span class='ocr_line' id='line_1_82' title="bbox 33 2269 823 2305; baseline -0.004 -6"><span class='ocrx_word' id='word_1_589' title='bbox 33 2273 80 2300; x_wconf 78' lang='grc' dir='ltr'>καὶ</span> <span class='ocrx_word' id='word_1_590' title='bbox 96 2272 128 2298; x_wconf 86' lang='grc' dir='ltr'><strong>τδ</strong></span> <span class='ocrx_word' id='word_1_591' title='bbox 154 2271 226 2298; x_wconf 81' lang='grc' dir='ltr'>Θεῖον</span> <span class='ocrx_word' id='word_1_592' title='bbox 240 2271 284 2297; x_wconf 84' lang='grc' dir='ltr'><strong>ἀεὶ</strong></span> <span class='ocrx_word' id='word_1_593' title='bbox 308 2270 414 2305; x_wconf 81' lang='grc' dir='ltr'>σεαυτῷ</span> <span class='ocrx_word' id='word_1_594' title='bbox 440 2271 525 2301; x_wconf 75' lang='grc' dir='ltr'>ποιεῖς</span> <span class='ocrx_word' id='word_1_595' title='bbox 542 2269 597 2305; x_wconf 81' lang='grc'>(61)</span> <span class='ocrx_word' id='word_1_596' title='bbox 616 2270 823 2305; x_wconf 77' lang='grc' dir='ltr'>εὐμενέστερον.</span> 
     </span>
    </p>
   </div>
   <div class='ocr_carea' id='block_1_83' title="bbox 68 2353 825 2395">
    <p class='ocr_par' dir='ltr' id='par_1_83' title="bbox 68 2353 825 2395">
     <span class='ocr_line' id='line_1_83' title="bbox 68 2353 825 2395; baseline -0.004 -8"><span class='ocrx_word' id='word_1_597' title='bbox 68 2359 126 2395; x_wconf 67' lang='lat' dir='ltr'><strong>(A9)</strong></span> <span class='ocrx_word' id='word_1_598' title='bbox 141 2358 304 2395; x_wconf 21' lang='grc' dir='ltr'>ῨῈνέχυρα.</span> <span class='ocrx_word' id='word_1_599' title='bbox 329 2357 369 2395; x_wconf 71' lang='lat' dir='ltr'><strong>ita</strong></span> <span class='ocrx_word' id='word_1_600' title='bbox 388 2357 450 2385; x_wconf 90' lang='lat' dir='ltr'><strong>cod.</strong></span> <span class='ocrx_word' id='word_1_601' title='bbox 466 2353 534 2392; x_wconf 66' lang='lat' dir='ltr'><strong>Reg.</strong></span> <span class='ocrx_word' id='word_1_602' title='bbox 560 2356 591 2384; x_wconf 84' lang='grc' dir='ltr'><strong>Β.</strong></span> <span class='ocrx_word' id='word_1_603' title='bbox 614 2357 640 2390; x_wconf 87' lang='grc'><strong>5,</strong></span> <span class='ocrx_word' id='word_1_604' title='bbox 661 2356 778 2384; x_wconf 81' lang='lat' dir='ltr'><strong>Montac.</strong></span> <span class='ocrx_word' id='word_1_605' title='bbox 798 2361 825 2384; x_wconf 83' lang='lat' dir='ltr'><strong>et</strong></span> 
     </span>
    </p>
   </div>
   <div class='ocr_carea' id='block_1_84' title="bbox 32 2393 430 2428">
    <p class='ocr_par' dir='ltr' id='par_1_84' title="bbox 32 2393 430 2428">
     <span class='ocr_line' id='line_1_84' title="bbox 32 2393 430 2428; baseline -0.005 -6"><span class='ocrx_word' id='word_1_606' title='bbox 32 2393 158 2422; x_wconf 78' lang='lat' dir='ltr'><strong>Coinbef.</strong></span> <span class='ocrx_word' id='word_1_607' title='bbox 176 2394 205 2420; x_wconf 94' lang='lat' dir='ltr'><strong>ln</strong></span> <span class='ocrx_word' id='word_1_608' title='bbox 220 2393 284 2420; x_wconf 86' lang='lat' dir='ltr'><strong>edit.</strong></span> <span class='ocrx_word' id='word_1_609' title='bbox 297 2393 430 2428; x_wconf 81' lang='grc' dir='ltr'>ὲνὲχειρα.</span> 
     </span>
    </p>
   </div>
   <div class='ocr_carea' id='block_1_85' title="bbox 80 2427 604 2463">
    <p class='ocr_par' dir='ltr' id='par_1_85' title="bbox 80 2427 604 2463">
     <span class='ocr_line' id='line_1_85' title="bbox 80 2427 604 2463; baseline -0.004 -7"><span class='ocrx_word' id='word_1_610' title='bbox 80 2430 124 2460; x_wconf 72' lang='lat'><strong>50)</strong></span> <span class='ocrx_word' id='word_1_611' title='bbox 147 2428 333 2463; x_wconf 64' lang='grc' dir='ltr'>Ἀνθρὼςιοις.</span> <span class='ocrx_word' id='word_1_612' title='bbox 343 2427 417 2463; x_wconf 65' lang='lat' dir='ltr'><strong>Cod.</strong></span> <span class='ocrx_word' id='word_1_613' title='bbox 434 2427 604 2463; x_wconf 76' lang='grc' dir='ltr'><strong>ἀνθρώπους.</strong></span> 
     </span>
    </p>
   </div>
   <div class='ocr_carea' id='block_1_86' title="bbox 67 2430 818 2501">
    <p class='ocr_par' dir='ltr' id='par_1_86' title="bbox 67 2430 818 2501">
     <span class='ocr_line' id='line_1_86' title="bbox 67 2430 604 2495; baseline -0.004 -39"><span class='ocrx_word' id='word_1_614' title='bbox 67 2430 124 2495; x_wconf 67' lang='grc'>(50)</span> <span class='ocrx_word' id='word_1_615' title='bbox 147 2430 333 2462; x_wconf 67' lang='grc' dir='ltr'><strong>Ἀνθρὼίῑοις.</strong></span> <span class='ocrx_word' id='word_1_616' title='bbox 349 2430 417 2455; x_wconf 79' lang='lat' dir='ltr'><strong>Cod.</strong></span> <span class='ocrx_word' id='word_1_617' title='bbox 434 2430 604 2463; x_wconf 76' lang='grc' dir='ltr'>ἀνθρώπους.</span> 
     </span>
     <span class='ocr_line' id='line_1_87' title="bbox 79 2462 818 2501; baseline -0.005 -9"><span class='ocrx_word' id='word_1_618' title='bbox 79 2465 124 2501; x_wconf 74' lang='grc' dir='ltr'><strong>δι)</strong></span> <span class='ocrx_word' id='word_1_619' title='bbox 140 2464 219 2501; x_wconf 72' lang='lat' dir='ltr'><strong>Alias</strong></span> <span class='ocrx_word' id='word_1_620' title='bbox 232 2462 371 2501; x_wconf 47' lang='lat' dir='ltr'><strong>CXXBKHL</strong></span> <span class='ocrx_word' id='word_1_621' title='bbox 389 2462 496 2501; x_wconf 64' lang='lat' dir='ltr'><strong>$cripta</strong></span> <span class='ocrx_word' id='word_1_622' title='bbox 511 2462 607 2501; x_wconf 74' lang='lat' dir='ltr'><strong>eodem</strong></span> <span class='ocrx_word' id='word_1_623' title='bbox 617 2462 818 2501; x_wconf 37' lang='lat' dir='ltr'><strong>_circiter.tem-</strong></span> 
     </span>
    </p>
   </div>
   <div class='ocr_carea' id='block_1_87' title="bbox 32 2497 820 2534">
    <p class='ocr_par' dir='ltr' id='par_1_87' title="bbox 32 2497 820 2534">
     <span class='ocr_line' id='line_1_88' title="bbox 32 2497 820 2534; baseline -0.004 -7"><span class='ocrx_word' id='word_1_624' title='bbox 32 2497 164 2534; x_wconf 49' lang='grc' dir='ltr'><strong>πλυνοί-</strong></span> <span class='ocrx_word' id='word_1_625' title='bbox 181 2498 223 2531; x_wconf 86' lang='grc' dir='ltr'>Τῷ</span> <span class='ocrx_word' id='word_1_626' title='bbox 239 2497 328 2530; x_wconf 76' lang='grc' dir='ltr'>αὐτῷ.</span> <span class='ocrx_word' id='word_1_627' title='bbox 348 2497 415 2534; x_wconf 68' lang='lat' dir='ltr'><strong>God.</strong></span> <span class='ocrx_word' id='word_1_628' title='bbox 435 2497 502 2532; x_wconf 76' lang='lat' dir='ltr'><strong>Reg.</strong></span> <span class='ocrx_word' id='word_1_629' title='bbox 513 2498 567 2534; x_wconf 87' lang='lat' dir='ltr'><strong>ita_,_</strong></span> <span class='ocrx_word' id='word_1_630' title='bbox 578 2497 624 2534; x_wconf 82' lang='lat' dir='ltr'><strong>sed</strong></span> <span class='ocrx_word' id='word_1_631' title='bbox 634 2497 779 2534; x_wconf 60' lang='grc' dir='ltr'>Θεμιστιιρ.</span> <span class='ocrx_word' id='word_1_632' title='bbox 794 2498 820 2524; x_wconf 92' lang='lat' dir='ltr'><strong>In</strong></span> 
     </span>
    </p>
   </div>
   <div class='ocr_carea' id='block_1_88' title="bbox 33 2532 820 2570">
    <p class='ocr_par' dir='ltr' id='par_1_88' title="bbox 33 2532 820 2570">
     <span class='ocr_line' id='line_1_89' title="bbox 33 2532 820 2570; baseline -0.004 -8"><span class='ocrx_word' id='word_1_633' title='bbox 33 2532 111 2562; x_wconf 66' lang='lat' dir='ltr'><strong>codd.</strong></span> <span class='ocrx_word' id='word_1_634' title='bbox 131 2541 204 2570; x_wconf 82' lang='lat' dir='ltr'><strong>quos</strong></span> <span class='ocrx_word' id='word_1_635' title='bbox 222 2533 348 2570; x_wconf 66' lang='lat' dir='ltr'><strong>viderunt</strong></span> <span class='ocrx_word' id='word_1_636' title='bbox 365 2532 482 2570; x_wconf 75' lang='lat' dir='ltr'><strong>Montac.</strong></span> <span class='ocrx_word' id='word_1_637' title='bbox 498 2539 530 2559; x_wconf 82' lang='lat' dir='ltr'><strong>ac</strong></span> <span class='ocrx_word' id='word_1_638' title='bbox 542 2532 638 2559; x_wconf 81' lang='lat' dir='ltr'><strong>Morel.</strong></span> <span class='ocrx_word' id='word_1_639' title='bbox 660 2532 820 2570; x_wconf 79' lang='lat' dir='ltr'><strong>inscribitur</strong></span> 
     </span>
    </p>
   </div>
   <div class='ocr_carea' id='block_1_89' title="bbox 35 2567 817 2605">
    <p class='ocr_par' dir='ltr' id='par_1_89' title="bbox 35 2567 817 2605">
     <span class='ocr_line' id='line_1_90' title="bbox 35 2567 817 2605; baseline -0.005 -8"><span class='ocrx_word' id='word_1_640' title='bbox 35 2569 89 2605; x_wconf 67' lang='lat' dir='ltr'><strong>lucc</strong></span> <span class='ocrx_word' id='word_1_641' title='bbox 103 2567 223 2605; x_wconf 85' lang='lat' dir='ltr'><strong>epistola</strong></span> <span class='ocrx_word' id='word_1_642' title='bbox 247 2568 408 2605; x_wconf 55' lang='lat' dir='ltr'><strong>j‘hetttistio,</strong></span> <span class='ocrx_word' id='word_1_643' title='bbox 429 2572 455 2605; x_wconf 84' lang='lat' dir='ltr'><strong>et</strong></span> <span class='ocrx_word' id='word_1_644' title='bbox 480 2571 581 2605; x_wconf 82' lang='lat' dir='ltr'><strong>t:une_n,</strong></span> <span class='ocrx_word' id='word_1_645' title='bbox 610 2574 645 2605; x_wconf 92' lang='lat' dir='ltr'><strong>ut_</strong></span> <span class='ocrx_word' id='word_1_646' title='bbox 661 2567 817 2599; x_wconf 86' lang='lat' dir='ltr'><strong>observant,</strong></span> 
     </span>
    </p>
   </div>
   <div class='ocr_carea' id='block_1_90' title="bbox 34 2602 820 2666">
    <p class='ocr_par' dir='ltr' id='par_1_90' title="bbox 34 2602 820 2666">
     <span class='ocr_line' id='line_1_91' title="bbox 34 2602 820 2666; baseline 0 -36"><span class='ocrx_word' id='word_1_647' title='bbox 34 2604 60 2666; x_wconf 57' lang='lat' dir='ltr'><strong>i‘u</strong></span> <span class='ocrx_word' id='word_1_648' title='bbox 76 2602 214 2636; x_wconf 81' lang='lat' dir='ltr'><strong>linelibri,</strong></span> <span class='ocrx_word' id='word_1_649' title='bbox 231 2604 277 2630; x_wconf 90' lang='lat' dir='ltr'><strong>ubi</strong></span> <span class='ocrx_word' id='word_1_650' title='bbox 290 2603 386 2630; x_wconf 86' lang='lat' dir='ltr'><strong>iterum</strong></span> <span class='ocrx_word' id='word_1_651' title='bbox 402 2603 527 2635; x_wconf 87' lang='lat' dir='ltr'><strong>habetur,</strong></span> <span class='ocrx_word' id='word_1_652' title='bbox 540 2602 696 2638; x_wconf 80' lang='lat' dir='ltr'><strong>Olympium</strong></span> <span class='ocrx_word' id='word_1_653' title='bbox 713 2610 767 2637; x_wconf 72' lang='lat' dir='ltr'><strong>pra:</strong></span> <span class='ocrx_word' id='word_1_654' title='bbox 791 2610 820 2630; x_wconf 78' lang='lat' dir='ltr'><strong>se</strong></span> 
     </span>
     <span class='ocr_line' id='line_1_92' title="bbox 44 2645 94 2666; baseline 0 0"><span class='ocrx_word' id='word_1_655' title='bbox 44 2645 94 2666; x_wconf 87' lang='lat' dir='ltr'><strong>ert.</strong></span> 
     </span>
    </p>
   </div>
   <div class='ocr_carea' id='block_1_91' title="bbox 44 2645 94 2667">
    <p class='ocr_par' dir='ltr' id='par_1_91' title="bbox 44 2645 94 2667">
     <span class='ocr_line' id='line_1_93' title="bbox 44 2645 94 2667; baseline 0.02 -1"><span class='ocrx_word' id='word_1_656' title='bbox 44 2645 94 2667; x_wconf 71' lang='lat' dir='ltr'><strong>Erl.</strong></span> 
     </span>
    </p>
   </div>
   <div class='ocr_carea' id='block_1_92' title="bbox 69 2672 820 2709">
    <p class='ocr_par' dir='ltr' id='par_1_92' title="bbox 69 2672 820 2709">
     <span class='ocr_line' id='line_1_94' title="bbox 69 2672 820 2709; baseline -0.004 -8"><span class='ocrx_word' id='word_1_657' title='bbox 69 2675 123 2709; x_wconf 75' lang='lat'><strong>(52)</strong></span> <span class='ocrx_word' id='word_1_658' title='bbox 142 2674 220 2701; x_wconf 87' lang='lat' dir='ltr'><strong>Alias</strong></span> <span class='ocrx_word' id='word_1_659' title='bbox 229 2672 381 2709; x_wconf 55' lang='lat' dir='ltr'><strong>CLXXVII.</strong></span> <span class='ocrx_word' id='word_1_660' title='bbox 396 2672 503 2708; x_wconf 89' lang='lat' dir='ltr'><strong>Scripta</strong></span> <span class='ocrx_word' id='word_1_661' title='bbox 516 2679 616 2709; x_wconf 81' lang='lat' dir='ltr'><strong>eodem</strong></span> <span class='ocrx_word' id='word_1_662' title='bbox 628 2673 738 2709; x_wconf 81' lang='lat' dir='ltr'><strong>circtler</strong></span> <span class='ocrx_word' id='word_1_663' title='bbox 750 2676 820 2709; x_wconf 73' lang='lat' dir='ltr'><strong>tem-</strong></span> 
     </span>
    </p>
   </div>
   <div class='ocr_carea' id='block_1_93' title="bbox 36 2707 820 2743">
    <p class='ocr_par' dir='ltr' id='par_1_93' title="bbox 36 2707 820 2743">
     <span class='ocr_line' id='line_1_95' title="bbox 36 2707 820 2743; baseline 0.001 -8"><span class='ocrx_word' id='word_1_664' title='bbox 36 2707 161 2743; x_wconf 41' lang='lat' dir='ltr'><strong>poreﬁ—</strong></span> <span class='ocrx_word' id='word_1_665' title='bbox 180 2709 222 2741; x_wconf 83' lang='grc' dir='ltr'><strong>Τῷ</strong></span> <span class='ocrx_word' id='word_1_666' title='bbox 241 2708 339 2741; x_wconf 77' lang='grc' dir='ltr'>αὐτῷ,</span> <span class='ocrx_word' id='word_1_667' title='bbox 363 2709 389 2735; x_wconf 87' lang='lat' dir='ltr'><strong>id</strong></span> <span class='ocrx_word' id='word_1_668' title='bbox 410 2711 463 2739; x_wconf 88' lang='lat' dir='ltr'><strong>est,</strong></span> <span class='ocrx_word' id='word_1_669' title='bbox 487 2707 636 2743; x_wconf 73' lang='grc' dir='ltr'>Ὀλυμπίῳ.</span> <span class='ocrx_word' id='word_1_670' title='bbox 659 2707 727 2735; x_wconf 71' lang='lat' dir='ltr'><strong>Cod.</strong></span> <span class='ocrx_word' id='word_1_671' title='bbox 752 2707 820 2742; x_wconf 75' lang='lat' dir='ltr'><strong>Reg.</strong></span> 
     </span>
    </p>
   </div>
   <div class='ocr_carea' id='block_1_94' title="bbox 43 2743 694 2780">
    <p class='ocr_par' dir='ltr' id='par_1_94' title="bbox 43 2743 694 2780">
     <span class='ocr_line' id='line_1_96' title="bbox 43 2743 694 2780; baseline -0.003 -10"><span class='ocrx_word' id='word_1_672' title='bbox 43 2744 156 2780; x_wconf 81' lang='grc' dir='ltr'>’Δλυπίῳ</span> <span class='ocrx_word' id='word_1_673' title='bbox 175 2743 296 2780; x_wconf 72' lang='grc' dir='ltr'><strong>ᾇρχοντι,</strong></span> <span class='ocrx_word' id='word_1_674' title='bbox 316 2743 383 2780; x_wconf 64' lang='lat' dir='ltr'><strong>(Ind.</strong></span> <span class='ocrx_word' id='word_1_675' title='bbox 396 2743 426 2780; x_wconf 58' lang='grc' dir='ltr'>Β.</span> <span class='ocrx_word' id='word_1_676' title='bbox 439 2744 471 2780; x_wconf 62' lang='lat'><strong>51</strong></span> <span class='ocrx_word' id='word_1_677' title='bbox 483 2743 694 2780; x_wconf 39' lang='grc' dir='ltr'><strong>Εὐσεςὶιῳῌφίλῳἶ</strong></span> 
     </span>
    </p>
   </div>
   <div class='ocr_carea' id='block_1_95' title="bbox 72 2777 820 2814">
    <p class='ocr_par' dir='ltr' id='par_1_95' title="bbox 72 2777 820 2814">
     <span class='ocr_line' id='line_1_97' title="bbox 72 2777 820 2814; baseline -0.001 -8"><span class='ocrx_word' id='word_1_678' title='bbox 72 2780 125 2813; x_wconf 77' lang='grc'>(55)</span> <span class='ocrx_word' id='word_1_679' title='bbox 142 2777 228 2807; x_wconf 78' lang='grc' dir='ltr'><strong>’Ἰδὸῦ</strong></span> <span class='ocrx_word' id='word_1_680' title='bbox 243 2786 304 2814; x_wconf 73' lang='grc' dir='ltr'>σοι.</span> <span class='ocrx_word' id='word_1_681' title='bbox 315 2777 361 2814; x_wconf 89' lang='lat' dir='ltr'><strong>_lta</strong></span> <span class='ocrx_word' id='word_1_682' title='bbox 375 2779 437 2814; x_wconf 86' lang='lat' dir='ltr'><strong>cod.</strong></span> <span class='ocrx_word' id='word_1_683' title='bbox 456 2777 532 2814; x_wconf 51' lang='lat' dir='ltr'><strong>Reg,</strong></span> <span class='ocrx_word' id='word_1_684' title='bbox 550 2777 580 2804; x_wconf 85' lang='grc' dir='ltr'><strong>Β.</strong></span> <span class='ocrx_word' id='word_1_685' title='bbox 601 2778 628 2810; x_wconf 80' lang='grc'><strong>5,</strong></span> <span class='ocrx_word' id='word_1_686' title='bbox 643 2785 675 2805; x_wconf 87' lang='lat' dir='ltr'><strong>ac</strong></span> <span class='ocrx_word' id='word_1_687' title='bbox 686 2777 820 2809; x_wconf 82' lang='lat' dir='ltr'><strong>Combel.,</strong></span> 
     </span>
    </p>
   </div>
   <div class='ocr_carea' id='block_1_96' title="bbox 37 2812 442 2849">
    <p class='ocr_par' dir='ltr' id='par_1_96' title="bbox 37 2812 442 2849">
     <span class='ocr_line' id='line_1_98' title="bbox 37 2812 442 2849; baseline 0 -9"><span class='ocrx_word' id='word_1_688' title='bbox 37 2813 151 2849; x_wconf 74' lang='lat' dir='ltr'><strong>legitque</strong></span> <span class='ocrx_word' id='word_1_689' title='bbox 167 2814 229 2840; x_wconf 81' lang='lat' dir='ltr'><strong>Bill.</strong></span> <span class='ocrx_word' id='word_1_690' title='bbox 244 2813 273 2840; x_wconf 90' lang='lat' dir='ltr'><strong>In</strong></span> <span class='ocrx_word' id='word_1_691' title='bbox 291 2812 357 2849; x_wconf 73' lang='lat' dir='ltr'><strong>edit.</strong></span> <span class='ocrx_word' id='word_1_692' title='bbox 371 2813 442 2849; x_wconf 68' lang='lat' dir='ltr'><strong>6§o§.</strong></span> 
     </span>
    </p>
   </div>
   <div class='ocr_carea' id='block_1_97' title="bbox 81 2847 822 2884">
    <p class='ocr_par' dir='ltr' id='par_1_97' title="bbox 81 2847 822 2884">
     <span class='ocr_line' id='line_1_99' title="bbox 81 2847 822 2884; baseline 0 -8"><span class='ocrx_word' id='word_1_693' title='bbox 81 2847 124 2882; x_wconf 61' lang='grc' dir='ltr'>Μ)</span> <span class='ocrx_word' id='word_1_694' title='bbox 141 2850 191 2881; x_wconf 75' lang='lat' dir='ltr'><strong>‘Ac</strong></span> <span class='ocrx_word' id='word_1_695' title='bbox 209 2849 252 2876; x_wconf 84' lang='grc' dir='ltr'><strong>σὺ</strong></span> <span class='ocrx_word' id='word_1_696' title='bbox 269 2847 370 2880; x_wconf 82' lang='grc' dir='ltr'>ποιεῖς.</span> <span class='ocrx_word' id='word_1_697' title='bbox 389 2847 427 2875; x_wconf 87' lang='lat' dir='ltr'><strong>lta</strong></span> <span class='ocrx_word' id='word_1_698' title='bbox 437 2848 498 2877; x_wconf 89' lang='lat' dir='ltr'><strong>cod.</strong></span> <span class='ocrx_word' id='word_1_699' title='bbox 517 2848 596 2884; x_wconf 81' lang='lat' dir='ltr'><strong>Reg.,</strong></span> <span class='ocrx_word' id='word_1_700' title='bbox 611 2848 640 2876; x_wconf 87' lang='lat' dir='ltr'><strong>B.</strong></span> <span class='ocrx_word' id='word_1_701' title='bbox 661 2849 687 2882; x_wconf 77' lang='lat'><strong>5,</strong></span> <span class='ocrx_word' id='word_1_702' title='bbox 701 2852 727 2876; x_wconf 91' lang='lat' dir='ltr'><strong>et</strong></span> <span class='ocrx_word' id='word_1_703' title='bbox 741 2847 822 2877; x_wconf 57' lang='lat' dir='ltr'><strong>Comv</strong></span> 
     </span>
    </p>
   </div>
   <div class='ocr_carea' id='block_1_98' title="bbox 39 2851 395 2915">
    <p class='ocr_par' dir='ltr' id='par_1_98' title="bbox 39 2851 395 2915">
     <span class='ocr_line' id='line_1_100' title="bbox 72 2851 395 2912; baseline -0.009 -36"><span class='ocrx_word' id='word_1_704' title='bbox 72 2851 124 2912; x_wconf 71' lang='grc'>(54)</span> <span class='ocrx_word' id='word_1_705' title='bbox 141 2851 191 2889; x_wconf 77' lang='grc' dir='ltr'>Ἀς</span> <span class='ocrx_word' id='word_1_706' title='bbox 209 2851 252 2876; x_wconf 84' lang='grc' dir='ltr'><strong>σὺ</strong></span> <span class='ocrx_word' id='word_1_707' title='bbox 269 2851 372 2890; x_wconf 45' lang='grc' dir='ltr'>ποιεῐςὶ</span> <span class='ocrx_word' id='word_1_708' title='bbox 389 2851 395 2874; x_wconf 89' lang='grc'><strong>1</strong></span> 
     </span>
     <span class='ocr_line' id='line_1_101' title="bbox 39 2883 395 2915; baseline -0.003 -2"><span class='ocrx_word' id='word_1_709' title='bbox 39 2883 71 2914; x_wconf 76' lang='lat' dir='ltr'><strong>be</strong></span> <span class='ocrx_word' id='word_1_710' title='bbox 85 2903 91 2911; x_wconf 84' lang='lat'><strong>.</strong></span> <span class='ocrx_word' id='word_1_711' title='bbox 104 2884 134 2912; x_wconf 82' lang='lat' dir='ltr'><strong>In</strong></span> <span class='ocrx_word' id='word_1_712' title='bbox 143 2885 208 2913; x_wconf 78' lang='lat' dir='ltr'><strong>edit.</strong></span> <span class='ocrx_word' id='word_1_713' title='bbox 226 2883 244 2912; x_wconf 76' lang='grc' dir='ltr'>ἃ</span> <span class='ocrx_word' id='word_1_714' title='bbox 257 2883 289 2910; x_wconf 76' lang='grc' dir='ltr'>σὺ</span> <span class='ocrx_word' id='word_1_715' title='bbox 301 2891 395 2915; x_wconf 80' lang='grc' dir='ltr'>ποιεις.</span> 
     </span>
    </p>
   </div>
   <div class='ocr_carea' id='block_1_99' title="bbox 879 2268 1664 2310">
    <p class='ocr_par' dir='ltr' id='par_1_99' title="bbox 879 2268 1664 2310">
     <span class='ocr_line' id='line_1_102' title="bbox 879 2268 1664 2310; baseline -0.001 -14"><span class='ocrx_word' id='word_1_716' title='bbox 879 2269 966 2305; x_wconf 85' lang='lat' dir='ltr'><strong>ipsius</strong></span> <span class='ocrx_word' id='word_1_717' title='bbox 977 2269 1082 2304; x_wconf 82' lang='lat' dir='ltr'><strong>judicio</strong></span> <span class='ocrx_word' id='word_1_718' title='bbox 1097 2268 1186 2301; x_wconf 86' lang='lat' dir='ltr'><strong>dabis,</strong></span> <span class='ocrx_word' id='word_1_719' title='bbox 1206 2268 1428 2304; x_wconf 85' lang='lat' dir='ltr'><strong>quandoquidem</strong></span> <span class='ocrx_word' id='word_1_720' title='bbox 1444 2269 1529 2297; x_wconf 88' lang='lat' dir='ltr'><strong>semel</strong></span> <span class='ocrx_word' id='word_1_721' title='bbox 1542 2272 1664 2310; x_wconf 87' lang='lat' dir='ltr'><strong>nostram</strong></span> 
     </span>
    </p>
   </div>
   <div class='ocr_carea' id='block_1_100' title="bbox 913 2355 1663 2391">
    <p class='ocr_par' dir='ltr' id='par_1_100' title="bbox 913 2355 1663 2391">
     <span class='ocr_line' id='line_1_103' title="bbox 913 2355 1663 2391; baseline -0.001 -7"><span class='ocrx_word' id='word_1_722' title='bbox 913 2357 968 2391; x_wconf 79' lang='lat'><strong>(55)</strong></span> <span class='ocrx_word' id='word_1_723' title='bbox 988 2356 1028 2389; x_wconf 85' lang='grc' dir='ltr'><strong>Τῷ</strong></span> <span class='ocrx_word' id='word_1_724' title='bbox 1041 2355 1129 2391; x_wconf 81' lang='grc' dir='ltr'>τιμᾷν</span> <span class='ocrx_word' id='word_1_725' title='bbox 1143 2356 1396 2390; x_wconf 76' lang='grc' dir='ltr'>προκαλούμενος.</span> <span class='ocrx_word' id='word_1_726' title='bbox 1409 2355 1477 2383; x_wconf 90' lang='lat' dir='ltr'><strong>Cod.</strong></span> <span class='ocrx_word' id='word_1_727' title='bbox 1494 2363 1526 2383; x_wconf 83' lang='lat' dir='ltr'><strong>ac</strong></span> <span class='ocrx_word' id='word_1_728' title='bbox 1537 2356 1663 2384; x_wconf 82' lang='lat' dir='ltr'><strong>Combel.</strong></span> 
     </span>
    </p>
   </div>
   <div class='ocr_carea' id='block_1_101' title="bbox 874 2391 1488 2429">
    <p class='ocr_par' dir='ltr' id='par_1_101' title="bbox 874 2391 1488 2429">
     <span class='ocr_line' id='line_1_104' title="bbox 874 2391 1488 2429; baseline -0.002 -11"><span class='ocrx_word' id='word_1_729' title='bbox 874 2392 908 2418; x_wconf 79' lang='grc' dir='ltr'>τὰ</span> <span class='ocrx_word' id='word_1_730' title='bbox 922 2392 1000 2429; x_wconf 73' lang='grc' dir='ltr'><strong>ῄμῶν</strong></span> <span class='ocrx_word' id='word_1_731' title='bbox 1011 2391 1488 2429; x_wconf 41' lang='lat' dir='ltr'><strong>Exsulat}pavoglnostrdprgt&#39;ocans.</strong></span> 
     </span>
    </p>
   </div>
   <div class='ocr_carea' id='block_1_102' title="bbox 892 2425 1666 2488">
    <p class='ocr_par' dir='ltr' id='par_1_102' title="bbox 892 2425 1666 2488">
     <span class='ocr_line' id='line_1_105' title="bbox 892 2425 1666 2488; baseline -0.003 -34"><span class='ocrx_word' id='word_1_732' title='bbox 892 2425 966 2488; x_wconf 74' lang='grc' dir='ltr'><strong>ί(56)</strong></span> <span class='ocrx_word' id='word_1_733' title='bbox 988 2426 1045 2461; x_wconf 81' lang='grc' dir='ltr'><strong>Τῆς</strong></span> <span class='ocrx_word' id='word_1_734' title='bbox 1068 2425 1256 2461; x_wconf 25' lang='grc' dir='ltr'>σῆςνάρχῆς.</span> <span class='ocrx_word' id='word_1_735' title='bbox 1276 2426 1343 2454; x_wconf 81' lang='lat' dir='ltr'><strong>Cod.</strong></span> <span class='ocrx_word' id='word_1_736' title='bbox 1367 2425 1434 2461; x_wconf 76' lang='lat' dir='ltr'><strong>Reg.</strong></span> <span class='ocrx_word' id='word_1_737' title='bbox 1453 2427 1502 2461; x_wconf 87' lang='grc' dir='ltr'><strong>τῆς</strong></span> <span class='ocrx_word' id='word_1_738' title='bbox 1519 2426 1568 2460; x_wconf 82' lang='grc' dir='ltr'>σῆς</span> <span class='ocrx_word' id='word_1_739' title='bbox 1587 2425 1666 2457; x_wconf 76' lang='grc' dir='ltr'>ἐξου-</span> 
     </span>
     <span class='ocr_line' id='line_1_106' title="bbox 902 2471 943 2488; baseline 0 0"><span class='ocrx_word' id='word_1_740' title='bbox 902 2471 943 2488; x_wconf 75' lang='grc' dir='ltr'><strong>ας.</strong></span> 
     </span>
    </p>
   </div>
   <div class='ocr_carea' id='block_1_103' title="bbox 873 2471 943 2494">
    <p class='ocr_par' dir='ltr' id='par_1_103' title="bbox 873 2471 943 2494">
     <span class='ocr_line' id='line_1_107' title="bbox 873 2471 943 2494; baseline 0 -5"><span class='ocrx_word' id='word_1_741' title='bbox 873 2471 943 2494; x_wconf 88' lang='grc' dir='ltr'>σιας.</span> 
     </span>
    </p>
   </div>
   <div class='ocr_carea' id='block_1_104' title="bbox 909 2494 1662 2533">
    <p class='ocr_par' dir='ltr' id='par_1_104' title="bbox 909 2494 1662 2533">
     <span class='ocr_line' id='line_1_108' title="bbox 909 2494 1662 2533; baseline -0.003 -9"><span class='ocrx_word' id='word_1_742' title='bbox 909 2498 967 2533; x_wconf 80' lang='grc'>(57)</span> <span class='ocrx_word' id='word_1_743' title='bbox 985 2497 1176 2530; x_wconf 76' lang='grc' dir='ltr'>Διεπτόησεν.</span> <span class='ocrx_word' id='word_1_744' title='bbox 1192 2496 1232 2522; x_wconf 87' lang='lat' dir='ltr'><strong>Ita</strong></span> <span class='ocrx_word' id='word_1_745' title='bbox 1250 2496 1310 2523; x_wconf 91' lang='lat' dir='ltr'><strong>cod.</strong></span> <span class='ocrx_word' id='word_1_746' title='bbox 1333 2495 1400 2530; x_wconf 78' lang='lat' dir='ltr'><strong>Reg.</strong></span> <span class='ocrx_word' id='word_1_747' title='bbox 1420 2503 1451 2522; x_wconf 88' lang='lat' dir='ltr'><strong>ac</strong></span> <span class='ocrx_word' id='word_1_748' title='bbox 1477 2495 1602 2523; x_wconf 85' lang='lat' dir='ltr'><strong>Combel‘.</strong></span> <span class='ocrx_word' id='word_1_749' title='bbox 1631 2494 1662 2522; x_wconf 84' lang='lat' dir='ltr'><strong>In</strong></span> 
     </span>
    </p>
   </div>
   <div class='ocr_carea' id='block_1_105' title="bbox 873 2532 1095 2564">
    <p class='ocr_par' dir='ltr' id='par_1_105' title="bbox 873 2532 1095 2564">
     <span class='ocr_line' id='line_1_109' title="bbox 873 2532 1095 2564; baseline -0.014 -4"><span class='ocrx_word' id='word_1_750' title='bbox 873 2533 938 2560; x_wconf 86' lang='lat' dir='ltr'><strong>edit.</strong></span> <span class='ocrx_word' id='word_1_751' title='bbox 953 2532 1095 2564; x_wconf 78' lang='grc' dir='ltr'>ὲπτὸησεν.</span> 
     </span>
    </p>
   </div>
   <div class='ocr_carea' id='block_1_106' title="bbox 908 2564 1661 2602">
    <p class='ocr_par' dir='ltr' id='par_1_106' title="bbox 908 2564 1661 2602">
     <span class='ocr_line' id='line_1_110' title="bbox 908 2564 1661 2602; baseline -0.001 -8"><span class='ocrx_word' id='word_1_752' title='bbox 908 2568 962 2602; x_wconf 81' lang='grc'>(58)</span> <span class='ocrx_word' id='word_1_753' title='bbox 980 2568 1094 2599; x_wconf 68' lang='grc' dir='ltr'><strong>Ἀλλης</strong></span> <span class='ocrx_word' id='word_1_754' title='bbox 1107 2565 1223 2602; x_wconf 61' lang='grc' dir='ltr'>πρώτας</span> <span class='ocrx_word' id='word_1_755' title='bbox 1237 2565 1484 2602; x_wconf 61' lang='grc' dir='ltr'>χιὶριταςὲδίδως.</span> <span class='ocrx_word' id='word_1_756' title='bbox 1502 2564 1540 2591; x_wconf 84' lang='lat' dir='ltr'><strong>lla</strong></span> <span class='ocrx_word' id='word_1_757' title='bbox 1554 2565 1604 2592; x_wconf 83' lang='lat' dir='ltr'><strong>cod</strong></span> <span class='ocrx_word' id='word_1_758' title='bbox 1631 2565 1661 2593; x_wconf 86' lang='lat' dir='ltr'><strong>In</strong></span> 
     </span>
    </p>
   </div>
   <div class='ocr_carea' id='block_1_107' title="bbox 875 2601 1436 2635">
    <p class='ocr_par' dir='ltr' id='par_1_107' title="bbox 875 2601 1436 2635">
     <span class='ocr_line' id='line_1_111' title="bbox 875 2601 1436 2635; baseline -0.005 -6"><span class='ocrx_word' id='word_1_759' title='bbox 875 2601 940 2632; x_wconf 86' lang='lat' dir='ltr'><strong>edit.</strong></span> <span class='ocrx_word' id='word_1_760' title='bbox 958 2602 1039 2633; x_wconf 83' lang='grc' dir='ltr'>ἄλλας</span> <span class='ocrx_word' id='word_1_761' title='bbox 1054 2602 1140 2628; x_wconf 84' lang='lat' dir='ltr'><strong>deest.</strong></span> <span class='ocrx_word' id='word_1_762' title='bbox 1159 2601 1225 2628; x_wconf 90' lang='lat' dir='ltr'><strong>Cod.</strong></span> <span class='ocrx_word' id='word_1_763' title='bbox 1244 2601 1309 2635; x_wconf 70' lang='lat' dir='ltr'><strong>licg.</strong></span> <span class='ocrx_word' id='word_1_764' title='bbox 1326 2601 1436 2631; x_wconf 70' lang='grc' dir='ltr'><strong>ἐδίδους.</strong></span> 
     </span>
    </p>
   </div>
   <div class='ocr_carea' id='block_1_108' title="bbox 911 2634 1656 2673">
    <p class='ocr_par' dir='ltr' id='par_1_108' title="bbox 911 2634 1656 2673">
     <span class='ocr_line' id='line_1_112' title="bbox 911 2634 1656 2673; baseline -0.004 -8"><span class='ocrx_word' id='word_1_765' title='bbox 911 2638 966 2673; x_wconf 80' lang='lat'><strong>(59)</strong></span> <span class='ocrx_word' id='word_1_766' title='bbox 985 2636 1022 2671; x_wconf 74' lang='grc' dir='ltr'><strong>Τῇ</strong></span> <span class='ocrx_word' id='word_1_767' title='bbox 1034 2636 1173 2673; x_wconf 61' lang='lat' dir='ltr'><strong>o&#39;sguroir.</strong></span> <span class='ocrx_word' id='word_1_768' title='bbox 1186 2635 1228 2673; x_wconf 75' lang='lat' dir='ltr'><strong>Ita</strong></span> <span class='ocrx_word' id='word_1_769' title='bbox 1241 2637 1304 2673; x_wconf 54' lang='lat' dir='ltr'><strong>cod.</strong></span> <span class='ocrx_word' id='word_1_770' title='bbox 1324 2634 1447 2673; x_wconf 80' lang='lat' dir='ltr'><strong>Reg.,_B.</strong></span> <span class='ocrx_word' id='word_1_771' title='bbox 1464 2635 1481 2662; x_wconf 83' lang='grc'><strong>5</strong></span> <span class='ocrx_word' id='word_1_772' title='bbox 1492 2639 1518 2662; x_wconf 92' lang='lat' dir='ltr'><strong>et</strong></span> <span class='ocrx_word' id='word_1_773' title='bbox 1534 2634 1656 2663; x_wconf 83' lang='lat' dir='ltr'><strong>Combef.</strong></span> 
     </span>
    </p>
   </div>
   <div class='ocr_carea' id='block_1_109' title="bbox 875 2670 1438 2708">
    <p class='ocr_par' dir='ltr' id='par_1_109' title="bbox 875 2670 1438 2708">
     <span class='ocr_line' id='line_1_113' title="bbox 875 2670 1438 2708; baseline -0.009 -7"><span class='ocrx_word' id='word_1_774' title='bbox 875 2670 1045 2708; x_wconf 74' lang='lat' dir='ltr'><strong>sicquelegit</strong></span> <span class='ocrx_word' id='word_1_775' title='bbox 1066 2671 1125 2697; x_wconf 87' lang='lat' dir='ltr'><strong>Bill.</strong></span> <span class='ocrx_word' id='word_1_776' title='bbox 1145 2671 1252 2708; x_wconf 70' lang='lat' dir='ltr'><strong>laedit.</strong></span> <span class='ocrx_word' id='word_1_777' title='bbox 1273 2671 1306 2705; x_wconf 86' lang='grc' dir='ltr'>τῇ</span> <span class='ocrx_word' id='word_1_778' title='bbox 1322 2670 1438 2705; x_wconf 80' lang='grc' dir='ltr'>σεαυτῷ.</span> 
     </span>
    </p>
   </div>
   <div class='ocr_carea' id='block_1_110' title="bbox 911 2705 1430 2744">
    <p class='ocr_par' dir='ltr' id='par_1_110' title="bbox 911 2705 1430 2744">
     <span class='ocr_line' id='line_1_114' title="bbox 911 2705 1430 2744; baseline -0.006 -9"><span class='ocrx_word' id='word_1_779' title='bbox 911 2705 967 2744; x_wconf 71' lang='lat'><strong>(6&#39;0)</strong></span> <span class='ocrx_word' id='word_1_780' title='bbox 983 2705 1147 2744; x_wconf 55' lang='grc' dir='ltr'>Ὣξομηίζας.</span> <span class='ocrx_word' id='word_1_781' title='bbox 1163 2705 1223 2744; x_wconf 86' lang='lat' dir='ltr'><strong>Bil_l.</strong></span> <span class='ocrx_word' id='word_1_782' title='bbox 1242 2714 1379 2744; x_wconf 81' lang='lat' dir='ltr'><strong>a_ggressu_s</strong></span> <span class='ocrx_word' id='word_1_783' title='bbox 1393 2713 1430 2744; x_wconf 62' lang='lat' dir='ltr'><strong>es.</strong></span> 
     </span>
    </p>
   </div>
   <div class='ocr_carea' id='block_1_111' title="bbox 911 2738 1658 2780">
    <p class='ocr_par' dir='ltr' id='par_1_111' title="bbox 911 2738 1658 2780">
     <span class='ocr_line' id='line_1_115' title="bbox 911 2738 1658 2780; baseline -0.005 -10"><span class='ocrx_word' id='word_1_784' title='bbox 911 2738 966 2780; x_wconf 76' lang='grc'>(61)</span> <span class='ocrx_word' id='word_1_785' title='bbox 986 2738 1105 2780; x_wconf 60' lang='grc' dir='ltr'><strong>Σέἀιντῷ</strong></span> <span class='ocrx_word' id='word_1_786' title='bbox 1131 2741 1232 2780; x_wconf 33' lang='lat' dir='ltr'><strong>agraria</strong></span> <span class='ocrx_word' id='word_1_787' title='bbox 1315 2741 1377 2780; x_wconf 68' lang='lat' dir='ltr'><strong>cod.</strong></span> <span class='ocrx_word' id='word_1_788' title='bbox 1406 2739 1442 2780; x_wconf 43' lang='lat' dir='ltr'><strong>In.</strong></span> <span class='ocrx_word' id='word_1_789' title='bbox 1456 2741 1536 2780; x_wconf 66' lang='lat' dir='ltr'><strong>edit._</strong></span> <span class='ocrx_word' id='word_1_790' title='bbox 1553 2738 1658 2780; x_wconf 71' lang='grc' dir='ltr'>σεαυτῷ</span> 
     </span>
    </p>
   </div>
   <div class='ocr_carea' id='block_1_112' title="bbox 876 2775 1657 2812">
    <p class='ocr_par' dir='ltr' id='par_1_112' title="bbox 876 2775 1657 2812">
     <span class='ocr_line' id='line_1_116' title="bbox 876 2775 1657 2812; baseline -0.006 -6"><span class='ocrx_word' id='word_1_791' title='bbox 876 2775 971 2806; x_wconf 78' lang='grc' dir='ltr'>ποιεῖν.</span> <span class='ocrx_word' id='word_1_792' title='bbox 990 2778 1126 2812; x_wconf 83' lang='lat' dir='ltr'><strong>vertitque</strong></span> <span class='ocrx_word' id='word_1_793' title='bbox 1143 2776 1215 2803; x_wconf 88' lang='lat' dir='ltr'><strong>Bill.:</strong></span> <span class='ocrx_word' id='word_1_794' title='bbox 1246 2776 1381 2803; x_wconf 82' lang='lat' dir='ltr'><strong>Placidius</strong></span> <span class='ocrx_word' id='word_1_795' title='bbox 1398 2775 1499 2802; x_wconf 81' lang='lat' dir='ltr'><strong>reddes.</strong></span> <span class='ocrx_word' id='word_1_796' title='bbox 1522 2775 1556 2802; x_wconf 83' lang='lat' dir='ltr'><strong>At</strong></span> <span class='ocrx_word' id='word_1_797' title='bbox 1573 2777 1657 2802; x_wconf 72' lang='lat' dir='ltr'><strong>Uom~</strong></span> 
     </span>
    </p>
   </div>
   <div class='ocr_carea' id='block_1_113' title="bbox 875 2812 1658 2847">
    <p class='ocr_par' dir='ltr' id='par_1_113' title="bbox 875 2812 1658 2847">
     <span class='ocr_line' id='line_1_117' title="bbox 875 2812 1658 2847; baseline -0.001 -6"><span class='ocrx_word' id='word_1_798' title='bbox 875 2815 941 2842; x_wconf 53' lang='lat' dir='ltr'><strong>bet;</strong></span> <span class='ocrx_word' id='word_1_799' title='bbox 958 2813 1062 2840; x_wconf 80' lang='lat' dir='ltr'><strong>Addant</strong></span> <span class='ocrx_word' id='word_1_800' title='bbox 1080 2820 1138 2839; x_wconf 72' lang='lat' dir='ltr'><strong>vero</strong></span> <span class='ocrx_word' id='word_1_801' title='bbox 1157 2816 1181 2838; x_wconf 84' lang='grc' dir='ltr'><strong>ιί</strong></span> <span class='ocrx_word' id='word_1_802' title='bbox 1200 2812 1317 2839; x_wconf 81' lang='lat' dir='ltr'><strong>divinum</strong></span> <span class='ocrx_word' id='word_1_803' title='bbox 1337 2812 1385 2838; x_wconf 80' lang='lat' dir='ltr'><strong>tibi</strong></span> <span class='ocrx_word' id='word_1_804' title='bbox 1407 2820 1501 2838; x_wconf 86' lang='lat' dir='ltr'><strong>numen</strong></span> <span class='ocrx_word' id='word_1_805' title='bbox 1524 2818 1658 2847; x_wconf 70' lang='lat' dir='ltr'><strong>nunquam</strong></span> 
     </span>
    </p>
   </div>
   <div class='ocr_carea' id='block_1_114' title="bbox 875 2847 1208 2884">
    <p class='ocr_par' dir='ltr' id='par_1_114' title="bbox 875 2847 1208 2884">
     <span class='ocr_line' id='line_1_118' title="bbox 875 2847 1208 2884; baseline -0.006 -8"><span class='ocrx_word' id='word_1_806' title='bbox 875 2858 925 2876; x_wconf 88' lang='lat' dir='ltr'><strong>non</strong></span> <span class='ocrx_word' id='word_1_807' title='bbox 945 2848 1074 2884; x_wconf 78' lang='lat' dir='ltr'><strong>placidius</strong></span> <span class='ocrx_word' id='word_1_808' title='bbox 1091 2847 1208 2877; x_wconf 78' lang='lat' dir='ltr'><strong>reddere.</strong></span> 
     </span>
    </p>
   </div>
  </div>
