1931 3056
122 166 138 194 9
311 216 387 250 PIA'.
404 220 554 256 ΕΥΛΑΛΙῼ
573 219 640 255 (72).

779 162 944 192 EPISTOLA
965 163 1057 191 CXIV.

1654 165 1708 193 2I0
1720 175 1726 179 ·

1187 215 1255 244 CXI.
1284 216 1442 244 EULALIO.

507 274 628 302 Gratiam
645 278 673 301 ut
692 274 761 300 inter
777 281 804 300 se
823 273 1022 304 communicent,
1042 275 1114 306 optat
1135 271 1286 307 Gregorius.

120 332 158 358 Σὺ
175 331 328 366 φιλοσοφεῖς
339 333 388 367 τὴν
401 333 529 368 ἐρημίαν,
545 332 591 358 καὶ
607 331 655 367 τὴν
669 331 787 366 ἄμετρον
804 330 874 357 οὕτω

961 329 1002 356 Tu
1033 330 1172 358 solitudini
1197 333 1278 364 atque
1302 331 1338 357 ita
1369 329 1514 358 immodico
1535 329 1640 365 jejunio
1664 329 1699 357 da

82 376 222 411 νηστείαν,
235 375 291 412 ἐγὼ
313 376 341 403 δὲ
363 377 412 412 τὴν
435 377 549 412 σιωπήν.
565 375 730 410 Μεταδῶμεν
748 373 871 409 ἀλλήλοις

81 422 132 448 τοῦ
149 420 332 458 χαρίσμᾶτος·
349 422 458 449 ἐπειδὰν
476 422 505 448 δὲ
523 422 563 453 εἰς
580 421 608 447 ἓν
630 419 783 456 γενώμεθα,
795 420 869 454 κοινῇ

82 467 131 494 τὸν
155 468 221 495 Θεὸν
240 468 372 504 ᾀσόμεθα,
398 467 632 503 καρποφοροῦντες
652 466 746 501 ὥσπερ
762 465 871 499 εὔλογον

85 514 192 550 σιωπὴν
206 514 274 550 (75),
287 514 358 541 οὕτω
374 514 420 541 καὶ
433 514 510 548 λόγον
523 513 623 540 ἔνθεον.

304 581 377 610 PIB'.
395 581 566 616 ΚΕΛΕΥΣΙῼ
585 580 653 616 (7t).

922 383 1050 411 operam;
1067 383 1117 410 ego
1135 375 1253 403 silentio.
1282 375 1402 402 Gratiam
1425 375 1496 402 inter
1518 383 1568 403 nos
1585 383 1709 402 commu-

922 421 1054 448 nicemus.
1079 419 1147 447 Cum
1173 424 1263 447 autem
1283 428 1336 447 una
1356 420 1469 453 erimus,
1485 420 1590 448 divinas
1614 420 1708 448 laudes

924 467 1004 494 simul
1018 474 1157 499 canemus,
1171 470 1199 494 ut
1216 467 1315 494 rationi
1330 471 1543 494 consentaneum
1559 467 1707 499 silentium,

924 512 962 540 ita
978 513 1059 540 etiam
1080 512 1202 539 divinum
1222 519 1374 539 sermonem
1388 512 1550 540 oII'erentesL

1177 578 1255 606 CXII.
1275 578 1454 606 CELEUSIO.

280 635 428 663 Celeusium
444 635 616 670 reprehendit,
628 634 697 670 quod
713 642 790 662 sacra
799 634 903 669 jejunia
917 643 968 661 non
982 642 1075 666 servet,
1091 638 1116 661 et
1130 634 1199 669 [teda
1215 635 1364 668 spectacula
1376 641 1513 670 proponat.

119 692 303 728 Εἰσεδεξάμην
318 701 346 719 σε
362 692 409 719 καὶ
432 691 540 719 σιωπῶν
560 691 625 727 (75),
650 691 692 716 ἵνα
719 690 806 726 μάθῃς
823 690 870 716 καὶ

83 739 190 774 σιωπῆς
202 738 280 772 λόγον
294 739 326 773 τῇ
342 737 452 773 γραφίδι
475 736 648 771 λαλούμενον.
669 736 785 770 Λαλήσω
805 735 833 761 δὲ
852 735 870 762 ἂ

83 783 283 818 πρέπει¹φιλίᾳ
306 783 353 809 καὶ
376 782 488 818 τοιούτῳ
519 781 616 817 καιρῷ.
640 781 826 816 Παρανομεῖς,
856 781 870 806 ὁ

81 828 213 864 δικαστὴς
235 829 265 855 οὑ
286 827 437 863 νηστεύων·
457 828 505 854 καὶ
528 827 587 858 πῶς
606 827 733 861 φυλάξεις
746 827 808 857 τοὺς
821 827 869 853 ἀν-

82 875 234 912 θρωπίνους
248 875 355 910 νόμους,
368 874 430 906 coit;
443 874 530 905 θείους
550 874 736 909 περιφρονῶν;
750 872 868 908 κάθαρόν

82 929 131 947 σου
147 921 203 957 (76)
223 921 254 947 τὸ
267 920 450 957 δικαστήριον,
467 920 510 947 ἶνα
525 920 561 955 μὴ
573 920 643 946 δυοῖν
656 919 722 954 ἒν,ῆ
741 919 801 954 γίνῃ
817 927 868 946 κα-

81 967 169 1001 κὺς,ῆ
185 966 292 1003 νομίζῃ.
309 967 346 993 Τὸ
367 965 522 1002 προτιθέναι
546 965 609 998 θέας
628 965 758 1000 αἰσχρὰς,
774 965 868 992 ἑαυτὸν

79 1012 142 1039 ἐστὶ
163 1012 321 1047 θεατρίζειν.
346 1012 499 1047 Κεφάλαιον
509 1011 556 1038 τοῦ
570 1011 660 1045 λόγου,
674 1010 727 1037 ἴσθι
743 1011 869 1046 κρινόμε-

957 689 1056 724 Excepi
1077 694 1102 716 te
1123 689 1204 716 etiam
1224 694 1326 721 tacens,
1347 693 1375 717 ut
1398 691 1499 718 silentii
1523 698 1631 727 quoquc
1649 700 1708 720 scr-

922 743 1028 762 monem
1046 742 1105 762 esse
1125 735 1276 770 intelligas,
1301 743 1348 771 per
1369 736 1503 763 calamum
1521 745 1550 764 se
1565 738 1707 772 proferen-

921 783 986 807 tem.
1011 779 1119 814 Loquar
1139 783 1228 806 autem
1253 788 1313 814 qua:
1344 784 1371 807 et
1395 781 1521 809 amicitiae
1555 787 1655 810 nostrae
1680 789 1709 811 et

921 825 1076 860 bujusmodi
1086 826 1198 860 tempori
1211 825 1384 853 conveniunt.
1396 826 1489 862 Inique
1501 827 1570 863 agis,
1582 835 1598 856 o
1611 828 1706 863 judex,

921 872 968 907 qui
984 879 1037 898 non
1051 872 1169 906 jejunas.
1191 871 1223 898 Et
1239 872 1376 906 quomodo
1400 873 1473 908 leges
1495 873 1628 902 humanas
1647 882 1708 902 ser-

921 918 1007 950 vabis,
1021 918 1067 953 qui
1083 917 1189 946 divinas
1208 919 1360 946 contemnis
1381 926 1412 946 ac
1436 926 1485 954 pro
1506 920 1592 948 nihilo
1612 920 1710 949 ducis?

921 961 1010 997 Purga
1032 961 1152 988 tribunal
1170 965 1257 994 tuum,
1287 970 1321 990 ne
1348 963 1424 998 102
1450 963 1565 991 duorum
1591 964 1709 993 alterum

922 1008 971 1036 tibi
996 1008 1113 1040 accidat,
1141 1012 1170 1035 ut
1196 1013 1242 1036 aut
1266 1009 1354 1036 malus
1377 1010 1436 1042 tias,
1462 1014 1509 1037 aut
1531 1011 1707 1039 existimaris.

80 1067 136 1090 νος,
157 1059 171 1085 ὁ
188 1059 284 1094 κριτὴς
302 1058 368 1093 (77),
385 1058 433 1085 καὶ
453 1056 534 1094 ἦττον
557 1057 737 1093 ἁμαρτήσεις.
762 1056 869 1083 Τούτων

922 1053 1003 1081 Foeda
1031 1054 1185 1089 spectacula
1218 1062 1381 1090 proponere,
1414 1055 1534 1090 seipsum
1565 1056 1709 1084 traducere

78 1104 156 1131 οὐδὲν
168 1103 242 1140 εἶχόν
252 1113 293 1131 σοι
313 1105 463 1140 παρασχεῖν
478 1104 599 1140 ἄμεινον.

317 1257 388 1286 PII".
402 1259 446 1295 Τῼ
462 1259 554 1296 ΑΥΤῼ
573 1259 640 1295 (78).

920 1104 973 1128 est.
999 1099 1029 1128 In
1055 1107 1171 1134 summa,
1188 1109 1203 1128 ο
1220 1101 1315 1136 judex,
1340 1107 1366 1129 te
1391 1101 1523 1137 judicium
1552 1102 1708 1129 subiturum

920 1153 982 1174 esse
1006 1146 1092 1180 scito,
1118 1150 1145 1174 et
1172 1147 1264 1175 minus
1290 1147 1428 1182 peccabis.
1454 1147 1503 1176 IIis
1523 1148 1600 1175 nihil-
1611 1148 1713 1176 melius

921 1191 1064 1225 habebam,
1082 1191 1154 1227 quod
1170 1192 1219 1219 tibi
1237 1193 1396 1226 praeberetur.

1199 1258 1291 1286 CXIII.
1309 1258 1424 1286 EIDEM.

404 1315 437 1343 Se
454 1320 582 1343 tacentem
596 1324 627 1343 ne
634 1315 736 1351 judicet
748 1315 915 1350 damnetque,
934 1313 1084 1342 Celeusium
1096 1314 1237 1351 Gregorius
1253 1317 1386 1344 admonet.

111 1370 159 1405 Μὴ
174 1373 250 1407 κρῖνε
267 1370 300 1406 μὲ
319 1371 446 1405 σιγῶντα,
461 1371 522 1398 οὐδὲ
535 1371 589 1407 γὰρ
601 1371 656 1406 ἐγὼ
670 1371 699 1397 σὲ
717 1371 869 1406 φθεγγόμε-

75 1425 134 1448 νον,
147 1417 161 1443 ὃ
174 1418 237 1452 περὶ
249 1417 303 1444 τῶν
320 1417 471 1454 βρωμάτων
485 1419 499 1444 ὁ
518 1417 623 1448 Παῦλος
638 1417 694 1452 (79)
708 1417 867 1453 ἐνομοθέτη-

76 1470 134 1488 σεν.
148 1462 180 1489 Εἰ
193 1462 221 1489 δὲ
236 1462 347 1497 κρίνεις,
362 1462 444 1498 φοϐοῦ
461 1463 510 1499 τὴν
522 1462 658 1495 γλῶσσαν,
679 1462 716 1498 μὴ
735 1462 806 1490 κατὰ
819 1463 865 1490 σοῦ

76 1508 176 1545 κινηθῇ
193 1509 311 1546 πρῶτον,
324 1509 390 1535 εἷσε
404 1508 481 1535 λάϐοι
493 1508 539 1535 τοῦ
555 1509 659 1543 σιωπᾷν
671 1507 754 1542 ἄξιον.

306 1608 375 1635 mn
400 1607 443 1643 Ta
462 1607 552 1643 ΛΥἸᾩ
571 1606 638 1643 (80).

956 1369 994 1397 Ne
1010 1378 1053 1398 me
1068 1375 1202 1400 tacentem
1215 1372 1323 1407 judices
1339 1380 1371 1400 ac
1392 1372 1515 1405 damnes,
1532 1374 1709 1408 quemadmo-

919 1414 984 1442 dum
1009 1424 1058 1444 nec
1072 1425 1122 1452 ego
1143 1423 1169 1445 te
1195 1418 1360 1453 loquentem,
1374 1418 1447 1453 quod
1469 1419 1503 1446 de
1522 1420 1591 1448 cibis
1607 1420 1710 1450 Paulus

919 1462 1100 1497 promulgavit
1128 1465 1162 1491 ⁷⁵.
1187 1464 1265 1497 Quod
1291 1466 1314 1493 si
1338 1466 1456 1501 judicas,
1477 1468 1541 1495 time
1565 1477 1600 1497 ne
1616 1469 1709 1504 lingua

920 1515 980 1534 mea
997 1509 1129 1537 adversus
1146 1515 1173 1538 te
1188 1511 1305 1546 primum
1330 1513 1492 1546 concitetur,
1510 1515 1532 1543 si
1553 1519 1580 1543 te
1601 1515 1714 1544 silentio

920 1552 1034 1589 dig-num
1051 1555 1239 1584 nanciscatur.

1202 1612 1294 1641 CXIV.
1311 1613 1426 1642 EIDEM.

302 1665 449 1693 Celeusium
462 1666 637 1701 loquaciorem
650 1666 781 1693 hominem
799 1667 949 1696 taciturnus
965 1669 1107 1705 Gregorius
1122 1671 1223 1706 egregie
1238 1673 1324 1707 carpit
1339 1677 1363 1700 et
1379 1673 1484 1700 irridet.

117 1722 228 1758 Ἐπειδή
243 1731 288 1757 μοι
305 1722 353 1758 τὴν
368 1722 473 1757 σιωπὴν
489 1722 625 1756 ἐγκαλεῖς,
644 1723 691 1750 καὶ
707 1723 756 1758 τὴν
771 1723 864 1758 ἀγροι-

951 1726 1084 1759 Quoniam
1105 1728 1243 1755 silentium
1265 1733 1293 1755 et
1312 1729 1492 1757 rusticitatem
1513 1730 1581 1756 mihi
1599 1730 1708 1766 objicis,

75 1769 150 1802 κίαν,
163 1765 184 1795 ὦ
197 1768 263 1795 καλὲ
274 1769 321 1795 καὶ
332 1769 437 1801 ἁστικὲ,
452 1768 518 1804 φέρε
532 1777 572 1795 σοι
585 1769 616 1804 δὴ
629 1768 676 1795 καὶ
691 1769 867 1804 μυθολογήσυ

77 1815 163 1851 μῦθον
180 1815 230 1842 οὐκ
246 1815 375 1850 ἄμουσον,
389 1815 415 1841 εἴ
430 1824 488 1846 πως
509 1815 562 1850 ἄρα
578 1815 665 1851 ταύτῃ
683 1824 713 1849 γε
734 1815 866 1850 δυναίμην

75 1863 200 1897 ἐπισχεῖν
220 1870 248 1889 σε
269 1862 318 1897 τῆς
340 1861 482 1897 φλυαρίας.
507 1861 698 1887 Ἐπέσκωπτον
718 1861 746 1887 αἱ
766 1861 868 1896 χελιδῶ

75 1917 121 1940 νες
134 1908 189 1934 τῶν
204 1907 364 1939 κύκνων,.τδ
381 1908 417 1943 μὴ
435 1907 536 1933 ἐθέλειν
558 1907 662 1942 ὁμιλεῖν
679 1908 736 1938 τοῖς
760 1907 866 1942 ἀνθρώ-

75 1963 149 1985 ποις,
168 1954 236 1988 μήτε
249 1953 420 1988 δημοσιεύειν
432 1953 480 1988 τὴν
494 1952 634 1988 μουσικὴν,
649 1952 705 1979 ἁλλ’
720 1953 790 1987 ἀμφὶ
804 1953 866 1985 τοὺς

74 2000 213 2036 λειμῶνας
227 2000 329 2034 διάγειν
350 1999 475 2030 καὶτοὺς
496 1999 644 2033 ποταμοὺς,
668 1998 712 2025 καὶ
729 1999 779 2034 τὴν
798 1999 864 2034 ἐρη-

76 2047 142 2083 μίαν
159 2046 336 2078 ἀσπάζεσθαι,
355 2045 403 2072 καὶ
429 2045 530 2080 βραχέα
555 2045 605 2080 μὲν
627 2044 715 2079 ᾅδειν·
731 2044 749 2071 ἃ
769 2044 798 2070 δὲ
817 2045 863 2071 καὶ

75 2094 175 2130 ᾷδοιεν,
203 2093 274 2128 ᾄδειν
295 2092 323 2118 ὲν
347 2091 437 2126 σφίσιν
461 2091 551 2122 αὐτοῖς
568 2090 635 2125 (81),
652 2090 745 2126 ὥσπερ
769 2091 863 2125 αἰσχυ-

74 2140 205 2175 νομένους
223 2139 272 2174 τὴν
292 2138 433 2173 μουσικήν.
456 2136 549 2172 Ἦμῶν
564 2136 602 2169 δὲ,
622 2136 735 2170 ἔφασαν,
753 2137 820 2163 εἰσὶν
834 2136 862 2162 αἱ

73 2187 179 2218 πόλεις,
203 2186 248 2212 καὶ
271 2186 295 2212 οἱ
316 2185 463 2220 ἄνθρωποι,
477 2185 523 2211 καὶ
538 2184 563 2210 οἱ
580 2183 706 2218 θάλαμοι,
721 2183 769 2210 καὶ
783 2192 862 2218 περι-

72 2231 210 2267 λαλοῦμεν
232 2233 288 2263 τοῖς
308 2230 471 2266 ἀνθρώποις,
492 2229 539 2256 καὶ
563 2229 597 2255 τὰ
626 2229 746 2264 ἡμέτερα
772 2229 863 2260 αὐτοῖς

65 2277 249 2313 διηγούμεθα,
266 2277 352 2303 ταῦτα
365 2276 397 2311 δὴ
411 2275 500 2302 ταῦτα
513 2275 549 2302 τὰ
562 2276 663 2311 ἀρχαῖα
678 2275 725 2301 καὶ
742 2275 863 2306 Ἀττικὰ,

111 2358 136 2374 ⁷⁸
149 2357 229 2385 Hom.
245 2364 302 2389 xw,
317 2356 346 2383 5.

108 2416 167 2451 (τὶ)
186 2417 260 2444 Alias
273 2416 328 2443 CII.
343 2415 449 2451 Scripta
462 2415 555 2442 eodem
568 2418 701 2451 tempore.

108 2449 167 2487 (75)
184 2452 319 2486 Εῦλογοεν
344 2449 473 2487 σιῳπήν.
499 2449 622 2477 Combei'.
645 2449 772 2485 εὔκαιρον
796 2457 862 2475 σιω-

68 2485 140 2522 πήν.
158 2485 495 2522 appartuingntiailerttium.

107 2519 254 2558 (74)⁷Α1ἰξις
263 2519 380 2558 LXXIV.
397 2519 506 2558 Scrjpta
517 2519 797 2558 eodem_tempore_.—-
808 2520 861 2545 Κε-

68 2553 196 2589 λεᾶπσίῳ.
215 2556 282 2584 Cod.
302 2555 368 2588 Reg.
386 2559 413 2582 et
432 2553 554 2582 Cdmbei‘.
577 2554 713 2589 Κελευσίῳ
738 2553 859 2589 ἄρχοντι.

69 2593 156 2620 Putat
186 2596 276 2618 tamen
302 2591 458 2618 Tillemont.
488 2590 642 2617 Celeusium
673 2589 860 2616 tantummodo

70 2627 153 2655 urbis
178 2626 305 2653 Nazianzi
326 2625 412 2653 fuisse
436 2625 604 2659 praefectum,
625 2631 676 2651 nec
701 2624 784 2650 alium
810 2623 861 2650 hoc

71 2671 147 2703 anno
173 2662 316 2703 pratsidem
343 2660 511 2696 gubernasse
537 2659 747 2695 Cappadociam,
765 2661 863 2693 praeter

71 2697 153 2733 Olym
176 2697 242 2723 ium.
764 2726 767 2729 Χ

109 2705 173 2773 (ξεῖ
190 2731 246 2758 Καὶ
270 2730 402 2758 σιωπῶν.
419 2729 481 2758 cod.
515 2729 581 2765 Reg.
611 2733 638 2757 et
667 2726 791 2756 CombeI.
820 2727 866 2754 καὶ

72 2776 90 2794 σ
93 2776 128 2794 ιγ(
131 2776 160 2793 υν
164 2787 171 2794 .

187 2800 326 2837 Κᾴθαρόν
340 2808 410 2828 σου.
429 2799 468 2826 Ita
489 2799 549 2827 cod.
567 2799 632 2834 Reg.
653 2803 680 2826 et
696 2799 817 2827 Combei.
833 2799 863 2826 In

73 2838 143 2866 edit.
161 2836 282 2871 uaﬁapou
300 2843 357 2871 qou.

112 2873 169 2908 (77)
192 2873 219 2898 '0
233 2868 345 2905 ἆιριτής.
362 2871 402 2898 Ita
415 2868 475 2898 cod.
492 2868 558 2906 Reg.
575 2872 602 2897 st
617 2868 739 2897 Combef.
755 2869 785 2896 In
798 2870 863 2896 edit.

919 1773 960 1800 vir
975 1773 1043 1800 belle
1058 1778 1085 1800 et
1102 1774 1205 1802 urbane
1215 1795 1222 1806 ,
1247 1782 1296 1810 age
1321 1774 1440 1802 fabulam
1457 1775 1569 1803 minime
1583 1776 1711 1804 inscitam

918 1818 968 1845 tibi
981 1818 1116 1854 eiiingam,
1132 1824 1162 1846 ut
1181 1821 1308 1855 experiar
1327 1829 1393 1848 num
1416 1821 1467 1848 hac
1491 1822 1586 1849 saltem
1603 1822 1710 1850 ratione

918 1863 1035 1898 ineptam
1064 1864 1144 1891 istam
1171 1865 1366 1899 loquacitatem
1396 1873 1571 1900 compescere
1597 1874 1708 1902 queam.

918 1907 1083 1937 Hirundines
1101 1910 1238 1944 quondam
1263 1917 1367 1946 cycnos
1394 1911 1499 1939 cavillis
1523 1912 1709 1944 incessebant,

917 1957 1061 1988 propterea
1074 1955 1147 1990 quod
1165 1963 1216 1982 nec
1231 1963 1293 1983 cum
1309 1956 1467 1985 hominibus
1481 1957 1715 1985 consuetudinem,

918 2000 1028 2032 habere,
1040 2008 1090 2027 nec
1101 2001 1217 2028 canendi
1232 2007 1319 2028 artem
1333 2002 1360 2028 in
1373 2002 1511 2037 publicum
1522 2002 1644 2037 proferre
1653 2003 1710 2030 vel-

917 2045 983 2077 lent,
994 2045 1040 2072 sed
1053 2045 1126 2072 circa
1141 2049 1218 2080 prata
1231 2046 1320 2073 solum
1331 2050 1358 2073 et
1370 2045 1483 2073 ﬂumina
1492 2047 1575 2073 vitam
1587 2051 1717 2081 agerent,

916 2098 948 2118 ac
963 2091 1135 2119 solitudinem
1149 2092 1388 2126 amplecterentur,
1404 2100 1546 2128 paucaque
1567 2096 1711 2136 canerent.

917 2145 978 2172 quae
989 2145 1053 2164 vero
1064 2142 1204 2170 canerent,
1218 2139 1245 2164 in
1259 2146 1288 2166 se
1303 2138 1369 2173 ipsis
1380 2143 1527 2171 canerent,
1539 2139 1653 2174 perinde
1665 2143 1708 2166 at-

917 2191 970 2218 que
982 2190 1031 2210 eos
1042 2183 1160 2210 musices
1177 2184 1350 2219 suppuderet.
1366 2184 1401 2211 At
1415 2188 1526 2217 nostrae,
1538 2185 1708 2220 inquiebant,

917 2233 982 2255 sunt
993 2229 1083 2261 urbes,
1101 2231 1191 2257 nostri
1206 2231 1331 2258 homines
1343 2235 1371 2258 et
1387 2232 1500 2259 thalami
1517 2242 1523 2259 :
1542 2236 1624 2267 atque
1638 2231 1711 2266 apud

918 2275 1042 2304 homines
1055 2277 1203 2313 gari-imus,
1216 2285 1315 2313 resque
1330 2283 1439 2307 nostras
1451 2280 1519 2314 ipsis
1535 2281 1712 2315 exponimus,

888 2416 910 2443 Ῑ)
923 2414 936 2440 ὁ
949 2412 1088 2446 δικαστής.
1105 2411 1158 2439 Ρι·ο
1175 2412 1332 2448 κρινόμενος
1349 2413 1491 2448 legendum
1512 2412 1581 2440 forte
1603 2412 1710 2448 κρινού-

945 2456 1013 2479 ενος.

925 2457 1013 2517 “(702?)-
1025 2481 1100 2509 Alias
1112 2481 1218 2518 LXXV.
1233 2481 1341 2518 Scripta
1353 2482 1447 2510 eodem
1464 2486 1595 2518 tempore.

952 2517 1008 2551 (79)
1025 2517 1094 2550 Περὶ
1117 2516 1175 2543 τῶν
1197 2516 1363 2550 βρωμάτων
1390 2519 1406 2544 ό
1431 2516 1561 2550 Παῦλος.
1587 2517 1616 2545 1η
1644 2519 1712 2546 cod-

918 2553 972 2579 τῶν
987 2552 1072 2589 dees_t.
1093 2551 1194 2579 Paulus
1210 2552 1244 2589 ad
1257 2551 1396 2589 Romanos
1412 2552 1535 2589 scribens
1556 2553 1597 2580 sic
1618 2553 1710 2589 loqui-

914 2593 958 2615 tur
972 2595 1026 2619 xw,
1042 2587 1069 2618 5,
1099 2595 1157 2620 seq.
1187 2596 1193 2614 :
1220 2586 1250 2613 15
1275 2587 1321 2621 qui
1354 2587 1496 2614 manducat
1522 2596 1573 2614 non
1597 2586 1710 2616 maridu-

914 2627 1015 2650 cantem
1036 2630 1087 2648 non
1101 2626 1236 2657 spernat,
1250 2626 1274 2648 et
1291 2623 1336 2657 qui
1359 2630 1411 2649 non
1430 2623 1572 2649 manduca!
1588 2623 1711 2650 mandu—

915 2662 1083 2694 cant_em_non
1095 2656 1204 2694 iudicet.
1222 2655 1282 2689 Quo
1296 2655 1369 2694 loco
1381 2657 1494 2694 κρίνειν,
1509 2665 1564 2684 non
1580 2659 1711 2694 simplici-

915 2698 956 2720 ter
968 2692 1092 2729 judicare
1111 2692 1257 2729 signiﬁcat,
1271 2692 1318 2729 sed
1334 2692 1577 2729 etiaiu‘damnarc,
1593 2697 1622 2720 ut
1635 2692 1708 2729 saepe

916 2730 943 2756 in
959 2727 1048 2754 sacris
1058 2726 1172 2754 Litteris
1186 2736 1191 2753 :
1209 2727 1282 2753 hunc
1296 2727 1386 2762 locum
1398 2727 1431 2754 ad
1444 2728 1613 2762 propositum
1626 2726 1707 2756 suu'm

916 2762 1070 2796 'I‘heologus
1089 2761 1289 2789 accommodat.
1304 2761 1342 2789 Ita
1362 2762 1424 2789 Bill.

953 2797 1010 2834 (80)
1027 2797 1101 2834 tilias
1120 2796 1263 2834 I._Scripta
1279 2797 1522 2834 eodern_tempore.

953 2831 1007 2866 (81)
1027 2831 1125 2868 ’ᾼὸειν
1140 2832 1293 2868 ἐνσξφίσιν
1308 2831 1418 2864 αὐτοῖς.
1437 2831 1464 2860 In
1490 2834 1588 2868 seipsis
1610 2842 1708 2862 canere

918 2868 1057 2901 dicuntur,
1074 2867 1137 2903 quia
1150 2867 1267 2895 modulis
1281 2867 1340 2896 suis
1352 2875 1433 2895 aures
1446 2868 1489 2897 vix
1503 2867 1614 2897 feriunt.
