1931 3056
66 164 117 195 215

759 170 924 198 EPISTOLA
943 170 1024 198 CXX.

1634 167 1686 196 214

66 224 218 259 φιλοσοφίας
230 224 470 261 ἐγγυμναστήριον,
483 225 515 261 ἣν
531 225 567 257 ὡς
582 225 663 259 σιγῶν
677 225 841 260 ἐθεασάμην,

908 227 986 255 .amis
1000 227 1122 260 exstitit;
1139 226 1219 262 quam
1234 230 1262 254 ut
1281 231 1373 254 tacens
1389 227 1586 261 contemplatus
1602 233 1677 256 sum,

67 270 129 296 ἰδεῖν
140 270 264 305 ἐπιθυμῶ
283 271 329 297 καὶ
345 271 537 306 φθεγγόμενος,
556 272 598 298 ἵνα
608 273 664 303 τοῖς
676 281 705 298 τε
724 271 848 305 ἀδελφοῖς

67 314 200 350 πληρώσω
214 315 258 341 τὸν
270 315 360 348 πόθον,
377 317 425 342 καὶ
441 316 512 351 ὑμᾶς
529 317 673 352 ἅμύνωμαι
688 317 738 352 τῆς
754 324 848 352 μικρο-

65 360 155 395 ὶίργίας
169 361 235 396 (88),
248 362 309 392 τοὺς
328 362 429 393 κακοὺς
447 362 501 389 τῶν
526 362 599 398 ἐμῶν
621 363 783 398 φθεγμάτων
805 362 848 394 ἐξ·

65 405 178 440 ηγητάς.
192 406 277 437 Αὐτὸς
291 407 345 441 γὰρ
364 407 378 432 ὁ
401 407 488 434 λαλῶν
503 408 657 442 παρέσομαι
667 428 674 440 ,
692 408 781 435 οὐκέτ’
799 408 847 434 ἀλ-

65 451 272 487 ληγορούμενος,
286 452 345 478 οὐδὲ
358 452 541 487 εἰκαζόμενος,
557 453 625 479 ἀλλὰ
637 453 764 489 καθαρῶς
778 453 847 479 νοού-

67 505 154 532 μενος.

291 554 362 582 PIZ'.
383 554 426 589 Τῼ
447 555 538 590 arm
555 555 620 590 (89).

900 272 936 299 ita
950 273 1031 300 etiam
1047 273 1160 308 loquens
1180 273 1273 300 videre
1289 273 1466 308 concupisco,
1481 276 1511 299 ut
1525 277 1551 300 et
1570 271 1684 299 fratrum

899 317 1035 345 desiderio
1049 317 1225 348 satisfaciam.
1243 321 1269 344 ct
1295 325 1354 349 vos,
1380 324 1535 345 sermonum
1563 323 1682 343 meorum

899 363 986 390 malos
1004 363 1182 398 interpretes,
1204 363 1239 390 ob
1260 363 1403 390 verborum
1429 362 1624 398 pareimoniam
1646 362 1687 389 ui-

900 409 998 436 ciscar.
1016 409 1074 442 Ipse
1089 409 1173 440 enim,
1194 407 1239 443 qui
1259 408 1365 443 loquor,
1389 408 1482 439 adero,
1506 415 1560 434 non
1577 408 1632 442 jam
1659 407 1686 433 in

901 454 1074 489 allegoricum
1097 461 1207 481 sensum
1228 457 1342 487 tractus,
1363 461 1418 480 non
1439 453 1596 487 conjectura
1618 460 1685 487 qua-

901 499 962 525 dam
979 499 1166 532 adumbratus,
1182 499 1228 526 sed
1243 507 1310 533 pure
1325 506 1357 526 ac
1372 498 1451 533 plane
1462 498 1628 526 intellectus.

1127 545 1205 588 105
1221 553 1326 581 cxvu.
1344 552 1461 580 EIDEM.

395 612 502 640 Eulalia
515 622 659 641 sermonem
671 615 805 649 impertire
820 619 844 641 et
863 614 977 641 vicissim
989 614 1059 648 cupit
1074 621 1190 647 acctpere
1205 613 1356 648 Gregorius.

102 667 200 694 Καινόν
228 676 255 694 τι
285 667 422 694 πέπονθα·
459 669 569 703 παρόντι
596 671 720 704 σιγήσας,
745 669 847 696 ἀπόντα

72 709 151 742 ποθῶ,
167 710 208 737 ἵνα
225 711 270 737 καὶ
287 711 392 746 μεταδῶ
412 711 490 746 λόγου
515 713 562 739 καὶ
587 713 738 748 μεταλάϐοι.
759 714 847 740 Καλὸν

67 755 120 790 γὰρ
133 755 225 792 ὣσπερ
241 757 319 783 ἄλλον
336 758 445 791 παντὸς,
462 758 533 785 οὕτω
548 759 579 794 δὴ
593 759 639 785 καὶ
653 759 738 793 λόγων
760 760 847 795 ἀπαρ-

67 801 117 834 χὰς
132 801 283 828 ἀνατιθέναι
306 802 344 838 τῷ
365 803 443 838 Λόγῳ
467 803 583 838 πρῶτον,
605 802 664 832 εἶτα
679 805 733 836 τοῖς
752 804 847 838 φοϐου-

69 846 158 881 μένοις
175 848 220 874 τὺν
237 849 344 884 Κύριον.

293 947 368 975 PIIl'.
389 949 431 984 Τῼ
450 949 541 984 intra
560 949 626 985 (90).

936 668 998 696 Mihi
1015 676 1113 696 novum
1130 669 1256 705 quiddam
1283 668 1391 696 accidit.
1413 667 1480 695 Nam
1503 667 1549 702 qui
1574 670 1600 694 te
1614 674 1684 701 prae-

901 720 978 743 sente
993 716 1076 746 tacui,
1093 715 1163 742 idem
1187 715 1324 742 absentem
1339 714 1449 749 requiro
1465 724 1472 741 :
1491 718 1520 740 ut
1536 716 1563 740 et
1578 720 1682 739 sermo-

902 769 962 788 nem
980 761 1144 796 impertiam,
1159 764 1186 788 et
1209 761 1329 788 vicissim
1354 759 1496 794 accipiam.
1523 758 1686 785 Praeclarum

901 810 943 833 est
971 806 1054 838 cnim,
1081 811 1110 833 ut
1137 813 1228 833 rerum
1254 805 1376 832 omnium
1401 805 1525 837 aliarum,
1549 803 1586 830 ita
1605 802 1686 830 etiam

900 858 1056 878 sermonum
1072 851 1205 886 primitias
1225 849 1314 877 Verho
1328 849 1455 884 primum,
1472 856 1503 875 ac
1527 847 1624 875 deinde
1639 846 1685 881 iis,

901 895 947 930 qui
961 894 1067 922 Domini
1083 899 1157 922 metu
1173 894 1276 930 praediti
1292 899 1366 926 sunt,
1383 899 1553 921 consecrare.

1163 948 1278 977 CXVIII.
1305 948 1420 976 EIDEM.

324 1005 417 1032 Tacuit
428 1007 478 1033 sibi
491 1005 631 1042 Gregorius
642 1016 651 1034 .'
667 1008 729 1036 aliis
746 1009 872 1044 loquitur,
889 1009 1099 1044 quandoquidem
1115 1007 1237 1044 loquendi
1256 1012 1355 1042 tempus
1371 1012 1421 1035 est.

100 1060 206 1093 Καιρὸς
229 1059 270 1092 τῷ
296 1061 384 1087 παντὶ
415 1061 571 1097 πράγματι,
596 1063 676 1098 φησὶν
698 1064 712 1089 ὁ
733 1064 846 1100 Ἐκκλη-

934 1064 1029 1092 Omnia
1061 1070 1160 1098 tempus
1190 1063 1304 1096 habent,
1329 1049 1419 1098 inquit
1446 1063 1623 1090 Ecclesiastes
1651 1062 1685 1090 "‘9

66 1106 195 1140 σιαστής·
211 1105 253 1132 διὰ
276 1105 354 1132 τοῦτο
374 1107 498 1142 Ἐθέμην
512 1108 653 1142 φυλακὴν
667 1107 706 1141 τῷ
722 1110 847 1144 στόματί

64 1160 122 1185 μου
139 1151 205 1186 (91),
226 1152 305 1187 ἡνίκα
332 1153 443 1188 καιρὸς,
466 1154 510 1180 καὶ
529 1154 600 1181 Ἰδοὺ
621 1155 657 1182 τὰ
680 1156 764 1190 χείλη
787 1165 846 1190 μου

64 1198 101 1223 οὐ
113 1196 156 1230 μὴ
173 1198 309 1229 κωλύσω,
325 1198 416 1234 ἐπειδὴ
438 1199 530 1225 τούτου
554 1201 658 1233 καιρός.
681 1200 848 1235 Ἐσιὼπησα

63 1241 131 1276 γὰρ,
145 1242 226 1276 φησὶν
240 1243 256 1277 ή
271 1242 375 1278 Γραφὴ,
393 1243 429 1278 μὴ
450 1243 497 1270 καὶ
517 1243 560 1270 ἀεὶ
574 1244 741 1279 σιωπήσομαι
752 1253 759 1277 ;
772 1244 849 1271 ἐσιώ-

64 1294 142 1321 πησα
155 1287 204 1321 μὲν
225 1287 346 1322 ἐμαυτῷ·
362 1288 434 1314 λαλῶ
447 1288 504 1324 (92)
526 1289 554 1315 δὲ
575 1291 629 1320 τοῖς
644 1289 742 1321 ἄλλοις.
761 1291 792 1317 Οἱ
809 1290 847 1324 δὲ,

65 1333 90 1358 εἰ
111 1333 171 1367 μὲν,
194 1332 283 1368 am,
305 1333 472 1368 φθέγγοιντο,
493 1335 566 1360 πᾶσα
587 1334 625 1369 τῷ
641 1334 700 1370 Θεῷ
715 1335 810 1371 χάρις’
824 1337 847 1362 si

63 1377 93 1403 δὲ
122 1377 169 1412 μὴ,
185 1378 232 1404 καὶ
245 1378 278 1404 τὰ
292 1375 529 1414 ὧταφραξόμεθα.

285 1477 357 1505 PIG‘.
374 1479 544 1515 ΠΑΛΛΛΔΙῼ
564 1480 617 1515 (95)
623 1500 629 1506 .

898 1114 1039 1145 propterea
1057 1109 1139 1136 Posui
1161 1108 1309 1135 custodiam
1326 1109 1366 1135 ori
1381 1116 1436 1134 meo
1450 1107 1483 1140 ⁷³,
1497 1115 1559 1135 cum
1577 1111 1685 1140 tempus

898 1156 934 1182 ita
950 1155 1118 1190 postularet;
1132 1160 1158 1182 et
1172 1154 1238 1182 Ecce
1260 1154 1331 1181 labia
1352 1162 1410 1180 mea
1427 1161 1478 1180 non
1497 1151 1635 1187 prohibebo
1645 1151 1681 1184 '9,

899 1200 1116 1237 quandoquidem
1141 1200 1222 1235 hujus
1243 1201 1283 1228 rei
1309 1205 1416 1234 tempus
1431 1204 1483 1227 est.
1505 1199 1587 1226 Tacui
1601 1199 1684 1230 enim,

900 1246 987 1281 inquit
1012 1245 1154 1280 Scriptura
1174 1246 1207 1277 ⁸ο,
1232 1253 1296 1272 num
1333 1246 1414 1272 etiam
1441 1251 1549 1279 semper
1572 1243 1686 1270 tacebo?

901 1291 994 1323 Tacui,
1013 1291 1134 1326 inquam,
1151 1291 1230 1324 mihi;
1246 1291 1306 1319 aliis
1329 1291 1435 1325 loquor.
1460 1291 1514 1325 Ipsi
1537 1294 1638 1321 autem,
1660 1289 1685 1316 si

901 1337 1010 1372 quidem
1031 1344 1073 1370 ca,
1090 1344 1151 1371 qua:
1173 1337 1311 1369 convenit,
1336 1337 1493 1371 loquantur,
1515 1335 1603 1362 omnis
1631 1334 1685 1361 Deo

901 1382 987 1417 gratia
1010 1381 1158 1414 habeatur;
1177 1383 1219 1409 sin
1245 1381 1344 1413 minus,
1360 1389 1440 1409 aures
1463 1387 1571 1415 quoque
1594 1379 1686 1407 occlu-

901 1426 1007 1454 demus.

1144 1481 1238 1509 CXIX.
1260 1481 1440 1509 PALLADIO.

520 1534 625 1562 Silentii
639 1536 680 1562 sui
695 1536 774 1571 ﬁnem
786 1536 910 1565 Palladio
925 1536 1065 1572 Gregorius
1082 1538 1232 1565 annuntiat.

99 1591 211 1626 Χριστῷ
233 1591 419 1628 ωνενέκρωσα
445 1593 493 1628 τὴν
516 1593 660 1627 γλῶσσαν,
684 1594 765 1629 ἡνίκα
789 1595 850 1630 ἑνή-

66 1647 175 1665 στευον·
201 1639 248 1665 καὶ
270 1639 415 1666 ἀναστάντι
441 1640 597 1674 συνήγειρα.
622 1640 706 1666 Τοῦτό
732 1649 777 1675 μοι
801 1641 850 1676 τῆς

943 1595 1009 1622 Cum
1032 1595 1143 1623 Christo
1164 1595 1284 1630 linguam
1299 1599 1434 1621 mortuam
1460 1593 1552 1626 habui,
1576 1593 1689 1628 quando

899 1640 1068 1674 jejunabam,
1083 1644 1110 1668 et
1131 1649 1184 1668 una
1200 1649 1260 1668 eum
1280 1641 1374 1668 eodetn
1394 1639 1428 1668 ad
1444 1640 1527 1667 vitam
1548 1645 1683 1671 revocato,

66 1683 174 1719 σιωπῆς
196 1684 226 1711 τὺ
254 1685 415 1721 μυστήριον·
441 1685 483 1711 ἵνα
507 1685 600 1721 ὥσπερ
620 1685 702 1713 ἔθυσα
723 1686 783 1712 νοῦν
802 1687 848 1712 ἀν-

908 1686 976 1712 ςιιαηι
1000 1686 1125 1713 excitavi.
1149 1685 1206 1713 Hoc
1231 1686 1296 1713 mihi
1319 1685 1418 1713 silentii
1441 1692 1570 1711 arcanum
1587 1688 1638 1718 est,
1655 1687 1686 1711 ut

65 1729 214 1765 εκλάλητον
242 1730 315 1766 (94),
341 1730 411 1756 οὓτω
437 1729 509 1756 θύσω
538 1730 586 1756 καὶ
611 1730 688 1765 λόγον
719 1731 849 1766 κεκαθαρ-

67 1775 159 1810 μένον.

305 1832 369 1858 ΡΚ’.
383 1832 526 1867 Eii/lana
544 1831 609 1867 (95).

902 1731 983 1758 veluti
1003 1735 1119 1758 mentem
1135 1739 1190 1758 non
1208 1731 1346 1766 garrulam
1371 1730 1532 1762 sacriﬁcavi,
1547 1730 1587 1758 sic
1603 1730 1688 1758 etiam.

902 1780 1046 1811 purgatum
1065 1785 1218 1804 sermonem
1237 1776 1398 1805 sacriﬁcent.

1145 1834 1225 1861 CXX.
1247 1833 1428 1861 HELLADIO.

106 1888 158 1916 Pro
166 1888 335 1925 paschalibus
346 1888 501 1925 muneribus
509 1893 532 1914 et
548 1888 642 1925 litteris
658 1887 779 1925 Iiclladio
795 1889 896 1923 gratias
909 1891 962 1925 agit
981 1890 1132 1925 Gregorius,
1146 1890 1276 1925 simulque
1292 1898 1349 1916 eum
1362 1893 1436 1924 rogat
1451 1893 1479 1915 ut
1494 1889 1546 1925 sibi
1559 1893 1684 1917 senectu-

67 1924 206 1959 tem._ejus
221 1924 360 1955 beneﬁcio,
379 1923 520 1959 commode
534 1923 659 1959 claudere
675 1924 763 1959 liceat.
777 1923 957 1952 constitutova
972 1923 1062 1957 vobis,
1080 1926 1176 1959 inquit,
1190 1923 1254 1952 huic
1271 1923 1409 1955 Ecclesiae,
1426 1932 1515 1958 nempe
1533 1923 1685 1950 Nazianze-

68 1967 111 1985 nw
131 1957 266 1998 Eque-site,
281 1958 417 1998 episcopo.
436 1958 500 1990 Qua:
513 1958 616 1998 quidem
631 1959 718 1984 omnia
731 1958 799 1998 hanc
813 1959 847 1998 ad
867 1968 965 1998 annum
975 1960 1036 1998 >582
1048 1957 1185 1998 epistolam
1200 1960 1326 1998 pertinere
1343 1959 1534 1998 demonstrant.
1555 1959 1681 1998 Quisnam

67 2001 129 2021 mo
148 1993 182 2019 sit
197 1992 333 2028 Helladitts
355 1992 388 2019 ad
408 2001 482 2027 quem
497 1993 595 2027 scripta
610 1997 658 2025 est,
673 2001 707 2019 an
726 1992 866 2020 Ilelladius
879 1992 1066 2027 Cwsariensis,
1085 2003 1119 2021 an
1136 1992 1246 2021 alterius
1263 1994 1332 2021 sedis
1348 1994 1482 2028 episcopus
1499 1995 1544 2024 sit,
1557 1994 1684 2020 incertum

67 2033 118 2055 est.
138 2027 270 2064 Baronius
287 2027 474 2064 ngariensent
490 2035 545 2054 esse
558 2028 704 2062 episcopum
721 2028 979 2064 eaistintatnwrum
995 2029 1134 2064 Gregorius
1155 2034 1216 2056 tunc
1234 2037 1284 2055 non
1298 2027 1371 2055 aliud
1391 2028 1530 2064 provincia:
1547 2034 1623 2062 caput
1635 2037 1683 2062 ag-

68 2063 202 2099 noscebat,
213 2067 307 2099 pfwter
324 2063 484 2099 Tyanensem
492 2063 657 2099 episcopum,
674 2067 702 2088 ut
714 2063 826 2099 epistola
841 2063 900 2096 152,
913 2065 980 2091 alios
992 2065 1036 2097 88,
1048 2063 1128 2099 patet,
1143 2065 1232 2098 hisque
1246 2063 1309 2098 ipsis
1324 2063 1581 2099 litteris_canﬁrmari
1589 2067 1683 2096 potest,

68 2098 96 2124 in
115 2097 209 2132 quibus
227 2097 367 2133 Gregorius
389 2097 560 2133 ΠιῖιιαιιὶιιηιἈ
571 2106 622 2124 non
633 2102 660 2123 ut
680 2097 912 2133 archiepiscopum,
931 2099 975 2126 sed
993 2103 1021 2126 ut
1043 2097 1295 2132 comprovincialem,
1314 2103 1342 2125 ut
1365 2099 1404 2125 ita
1420 2097 1522 2132 loquar,
1536 2099 1691 2133 episcopum.

67 2131 219 2167 compellat.
235 2132 366 2159 Prteterea
383 2131 522 2159 Helladius
541 2131 713 2159 Caesariensis
728 2132 846 2159 electioni
862 2133 963 2161 Eulalii
977 2134 1085 2161 obstitit.

111 2187 192 2222 Ὀρᾷν
213 2186 247 2213 τὰ
268 2186 430 2221 ἐλπιζόμενα
451 2185 505 2222 (96)
525 2186 664 2222 πόρρωθεν
684 2186 854 2221 διδαχθέντες

68 2234 218 2269 (χρήσομαι
241 2233 294 2268 γὰρ
319 2232 358 2267 τῷ
383 2232 421 2268 σῷ
447 2232 622 2268 προοιμίῳ),
650 2233 696 2259 καὶ
721 2234 777 2264 τοῖς
801 2233 852 2268 ἤδη

67 2279 203 2314 παροῦσιν
216 2278 455 2314 ἐνευφραινὸμεθα.
467 2279 522 2314 Τὴν
537 2278 590 2313 γὰρ
604 2278 684 2312 ἁγίαν
698 2278 744 2304 τοῦ
757 2278 851 2313 Πάσχα

65 2326 187 2362 ἡμέραν,
204 2327 242 2357 εἰς
258 2326 289 2361 ἢν
304 2326 529 2360 κατηντήκαμεν,
548 2324 602 2351 τῶν
621 2324 724 2351 ἐκεῖθεν
743 2324 852 2358 ἀγαθῶν

64 2370 129 2399 οἶδα
156 2372 357 2407 μυσταγωγίαν,
379 2371 475 2406 ἑορτὴν
500 2368 582 2397 οὖσαν
606 2370 788 2406 διαϐατήριον.
802 2367 856 2396 Ὧν.

65 2418 160 2449 καλῶς
183 2417 311 2452 ἐποίησας
337 2417 384 2444 καὶ
408 2417 487 2448 αὐτὸς
513 2417 670 2450 ἀναμνήσας
697 2417 786 2451 ἡμᾶς,
812 2413 852 2448 οἷς

103 2496 126 2512 ⁷⁷
144 2493 234 2522 Eccle.
256 2501 303 2526 tu,
326 2493 352 2521 1.
393 2493 418 2509 ⁷⁸
443 2492 514 2521 PsaI.
533 2499 634 2519 xxxvm
648 2511 655 2524 ,
680 2491 705 2520 2.
747 2492 770 2507 ⁷⁹
787 2491 848 2519 Psal

908 2499 962 2518 λιιι
974 2512 981 2524 ,
1000 2492 1043 2520 10.

105 2549 163 2585 (88)
193 2550 357 2584 Ἀμύνωμαι
390 2549 444 2584 τῆς
466 2549 668 2585 μικρολογίας.
695 2548 817 2576 Combci.
844 2557 850 2575 :

66 2586 198 2618 Angusta
213 2585 339 2619 exilisque
350 2585 476 2611 orationis
493 2585 597 2610 nomine
609 2584 734 2610 ulciscar.

104 2620 164 2655 (89)
178 2620 252 2647 Alias
265 2617 421 2655 CQScripta
438 2620 534 2655 eodem
558 2626 638 2650 anno,
660 2622 721 2652 post
739 2617 853 2655 Pascha:

938 2189 993 2217 Res
1007 2189 1034 2216 in
1049 2197 1096 2224 spe
1115 2189 1216 2224 positas
1236 2189 1331 2224 procul
1354 2189 1446 2217 videre
1467 2188 1598 2217 admoniti
1610 2187 1684 2223 (utar

903 2234 974 2261 enim
987 2238 1034 2261 tuo
1044 2234 1197 2269 prommio),
1214 2234 1295 2261 rebus
1311 2234 1484 2269 quoquejam
1502 2232 1683 2268 praesentibus

902 2279 1080 2307 oblectamur.
1104 2279 1211 2306 Etenim
1240 2284 1364 2307 sanctum
1390 2278 1502 2307 Paschze
1528 2278 1620 2310 diem,
1648 2277 1684 2304 ad

903 2333 982 2360 quem
1004 2325 1190 2359 pervenimus,
1209 2325 1354 2360 mysticum
1379 2324 1530 2361 futurorum
1550 2323 1683 2351 bonorum

903 2371 1054 2405 symbolum
1069 2378 1128 2398 esse
1151 2371 1218 2401 scio,
1239 2374 1269 2396 ut
1292 2370 1337 2404 qui
1359 2370 1491 2397 transitus
1516 2369 1614 2396 festum
1635 2369 1682 2396 sit.

904 2416 1022 2448 Quarum
1049 2423 1139 2443 rerum
1157 2420 1185 2442 lu
1207 2423 1315 2450 quoque
1338 2415 1478 2442 commode
1500 2422 1550 2442 nos
1572 2414 1683 2442 submo-

1093 2492 1115 2508 ⁸⁰
1139 2491 1210 2518 Psal.
1232 2499 1295 2518 ιιιιιι
1309 2512 1316 2524 ,
1334 2492 1378 2518 21.

936 2547 991 2583 (94)
1014 2548 1095 2575 Νοῦν
1117 2547 1331 2583 ἀνεκλάλητον.
1352 2546 1445 2574 Morel.
1465 2557 1471 2574 :
1493 2547 1606 2574 Mentem
1632 2557 1685 2576 non

901 2581 1047 2618 garrulum.
1060 2582 1181 2618 Comhcf.
1197 2581 1330 2618 :_Sensum
1345 2590 1463 2609 sermone
1477 2583 1594 2609 tacitum.

938 2618 992 2652 (95)
1018 2617 1092 2644 Alias
1111 2617 1177 2644 LIV.
1204 2616 1310 2652 Scripta
1329 2618 1422 2645 eodem
1444 2625 1526 2650 anno,
1552 2621 1614 2653 post
1632 2617 1682 2645 Pa-

105 2652 165 2689 (90)
187 2655 261 2682 Alias
285 2654 328 2682 Cl.
356 2652 461 2688 scripta
486 2654 579 2689 eodem
610 2659 739 2689 tempore.
760 2667 794 2689 -ς
814 2652 858 2689 1ξῴ
903 2653 982 2689 sella,
992 2652 1257 2689 sed_ApriIi__n_tense.

66 2687 163 2722 αὐτῷ,
186 2690 211 2716 id
238 2693 279 2716 est
302 2687 426 2716 Eulalio.’
441 2689 532 2716 Codex
557 2688 657 2722 Regius
675 2691 702 2714 et
717 2687 852 2714 Combeti-

66 2726 140 2755 sius,
156 2725 285 2758 Εὐγενίῳ.
299 2725 415 2751 Moutac.
429 2728 456 2751 et
472 2723 564 2750 Morel.
581 2722 716 2758 LQGYPEQ).

105 2755 224 2794 (91)Τῷ
248 2755 372 2794 detineri
396 2767 465 2793 μου.
492 2758 559 2786 Cod.
587 2755 703 2793 lich'et
731 2755 851 2784 Combei'.

66 2794 171 2831 χεελερί
189 2803 239 2829 μου
245 2814 260 2831 ._
272 2793 349 2831 labiis
358 2795 439 2831 meis.

106 2829 164 2863 (92)
178 2827 275 2856 Ᾱαιιῶ.
290 2829 374 2856 Codd.
395 2830 449 2856 duo
463 2828 528 2862 Reg.
546 2827 667 2863 λαλήσῳ,
686 2827 786 2861 loquar.

108 2862 166 2899 (95)
183 2863 258 2892 Alias
272 2863 399 2891 CCXXX.
421 2863 527 2899 Scripta
548 2862 621 2890 circa
643 2862 713 2889 idem
735 2866 853 2896 tempus.

941 2687 995 2722 (96)
1014 2687 1051 2713 Τὰ
1073 2686 1257 2720 ἐλπιζόμενα.
1285 2686 1365 2715 Hebr.
1384 2695 1411 2713 ιι
1428 2696 1434 2713 :
1452 2686 1537 2714 Juxta
1563 2686 1642 2721 fidem
1656 2687 1684 2714 lli

906 2731 993 2749 omnes
1008 2722 1105 2748 mortui
1120 2726 1191 2753 sunt,
1204 2730 1263 2748 cum
1279 2730 1329 2748 non
1351 2722 1509 2756 accepissent
1528 2723 1682 2757 pnomissio-

906 2766 960 2788 nes,
976 2757 1019 2783 sed
1038 2757 1128 2790 procul
1152 2764 1195 2783 eas
1222 2757 1355 2790 vidissent,
1371 2761 1398 2784 et
1415 2757 1486 2791 quod
1500 2757 1600 2784 Paulus
1617 2757 1682 2784 dicit

904 2792 1098 2853 promissligtmes.
1115 2791 1267 2828 Theologus
1279 2792 1345 2819 dicit
1358 2792 1392 2818 τὰ
1403 2792 1574 2827 ἐλπιζόμενα,
1587 2792 1683 2820 eodem

906 2835 987 2853 sensu
1038 2834 1088 2853 ιιι..

906 2835 987 2854 sensu
1015 2834 1088 2853 ΒΗΛ..
