1931 3056
216 170 272 201 223

833 174 862 203 S.
875 174 1035 202 GREGORII
1050 174 1220 202 TIIEOLOGI

1785 172 1843 200 924

218 232 410 264 consequatur.
430 229 579 257 Maximum
591 234 681 258 autem
697 230 807 265 pondus
823 231 855 258 ad
872 230 1003 266 depreca-

1065 232 1110 262 ςοῖς
1125 231 1254 266 μεγάλοις
1277 230 1341 265 ὑμῖν
1363 229 1418 265 (48)
1441 229 1586 265 γνώριμος,
1613 230 1660 256 καὶ
1682 231 1698 265 ὴ
1716 235 1844 266 συμφορὰ

218 276 320 303 tionem
338 276 418 303 nobis
433 275 511 303 all‘ert
526 275 572 303 hic
588 284 696 311 quoque
713 277 771 312 ipse
785 277 837 308 vir,
855 284 888 304 ex
904 277 1002 312 insigni

217 325 300 357 atque
315 321 415 349 illustri
431 322 538 355 militia,
552 322 630 350 vobis
647 323 727 349 etiam
744 322 850 357 magnis
866 322 933 350 viris
949 322 1005 350 for-

218 370 292 393 tasse
309 369 390 393 notus
402 386 410 398 ,
426 370 507 401 atque
528 367 653 402 corporis
673 367 816 395 calamitas
831 367 920 395 oculis
936 368 1003 402 ipsis

217 412 298 440 Iidem
311 412 427 440 faciens.
441 412 507 445 Quae
518 420 579 439 cum
596 421 643 448 per
655 421 685 440 se
696 413 786 448 gravis
801 417 829 440 et
843 413 940 440 acerba
957 414 1002 444 sit,

216 460 274 484 tum
300 458 364 493 quia
388 462 486 493 praeter
501 458 638 490 meritum,
652 463 682 485 ut
697 459 847 486 verisimile
870 463 923 489 est,
943 459 1005 493 plus

1056 277 1103 303 τοῦ
1130 276 1254 311 σώματος
1278 276 1390 303 αὐτόθεν
1414 276 1464 311 τὴν
1490 276 1550 311 δψιν
1580 276 1719 302 πείθουσα.
1741 276 1842 311 Βαρεω

1059 322 1107 358 μὲν
1127 323 1173 349 καὶ
1189 323 1249 349 καθ’
1274 322 1384 357 ἑαυτὴν,
1403 322 1444 357 τῷ
1460 323 1525 357 παρ’
1547 322 1625 354 ἀξίαν
1643 321 1682 353 δὲ,
1695 322 1733 353 ὼς
1757 322 1844 354 εἰκὸς,

1058 369 1203 404 βαρυτέρα,
1223 369 1333 400 Τούτοις
1360 368 1537 403 προστεθεῖσα
1567 368 1614 394 καὶ
1635 368 1652 402 ἡ
1676 368 1740 402 παρ’
1764 366 1845 402 ἡμῶν

1058 414 1242 450 παράκλησις,
1261 412 1321 441 οἶδα
1344 414 1384 440 ὅτι
1402 413 1568 449 κατορθώσει
1586 413 1685 448 μᾶλλον
1706 412 1737 439 τὸ
1758 421 1846 439 σπου-

1057 459 1214 494 δαζόμενον.

216 504 373 532 acerbitatis
395 504 485 532 habet.
507 504 612 537 Quibus
632 505 713 533 rebus
734 505 862 540 adjuncta
876 509 970 533 nostra
983 507 1115 540 precatio,
1130 514 1185 534 non
1203 506 1310 538 dubito,
1325 505 1392 540 quin
1408 504 1446 536 id,
1461 504 1495 532 de
1507 511 1562 539 quo
1575 503 1741 534 laboramus,
1756 501 1846 536 magis

215 550 353 578 conficiat.

486 606 605 635 CXXIX.
627 607 742 634 EIDEM.

1279 607 1365 635 exe.
1386 607 1429 642 Τῼ
1448 606 1537 641 arra
1557 605 1623 641 (49).

251 663 290 689 De
307 668 419 697 tempore
433 672 483 698 quo
498 664 598 697 scripta
616 668 653 690 est
669 664 724 690 Ita'c
739 664 859 698 epistola,
884 668 912 691 ut
927 665 1056 698 superior,
1076 664 1143 691 nihil
1159 664 1223 691 certi
1244 664 1381 690 habemus.
1402 662 1443 689 Ea:
1465 663 1505 689 Itis
1520 662 1758 698 itautumruerbis:
1783 661 1845 690 Nisi

215 706 299 734 prava
314 697 443 734 corporis
455 699 607 734 valetudine
622 702 771 730 uteremur,
784 697 1009 726 convenissemus
1028 704 1064 730 te,
1081 705 1108 726 et
1125 700 1195 726 hanc
1212 707 1259 733 per
1274 706 1324 725 nos
1340 697 1569 734 legationem‘ipsi
1593 697 1768 734 obiisscmus,
1783 705 1846 734 con-

215 732 294 767 iicere
309 733 350 767 [as
364 732 402 760 ea
417 732 572 768 Gregorium
586 732 845 768 Constantinopolim
860 735 1045 768 proﬁciscendi
1062 732 1219 761 consilium,
1230 742 1282 760 non
1297 734 1404 768 omnino
1430 732 1573 766 abjecisse;
1590 732 1717 768 siquidem
1745 733 1845 766 μητίε-

216 774 274 794 ctus
290 769 316 794 in
331 776 361 795 ea
376 768 438 795 urbe
453 768 568 802 degebat,
583 770 621 795 vel
634 767 792 802 Procopium
809 769 891 795 alium
909 767 1000 803 fuisse.
1021 769 1221 796 Observandum
1236 769 1316 795 etiam
1338 767 1492 803 Gregorium
1508 768 1541 793 ad
1556 768 1660 803 nuptias
1677 767 1846 803 Olympiadis

217 808 336 830 uocatum
354 812 370 829 α
391 801 530 837 Procopio,
544 808 644 836 postea,
664 808 692 829 ut
711 801 866 833 uidebimus.
884 801 987 830 nullam
1003 805 1097 837 aliam,
1124 809 1222 837 pra'ler
1237 803 1368 834 morbum,
1390 801 1586 829 recusationem
1606 801 1760 837 obtendere;
1773 801 1845 836 quod

217 843 370 872 argumento
385 844 422 865 est
436 835 582 871 superiores
598 839 698 864 litteras
715 839 748 865 ad
765 838 923 872 Procopium
939 835 1189 873 Constantinopolis
1213 838 1367 873 pra-fectum
1382 838 1494 872 scriptas
1515 845 1584 868 esse,
1618 845 1664 864 nec
1688 835 1845 872 Gregorium

217 873 323 899 omnino
337 873 492 900 valedixisse
508 873 567 899 huic
581 873 693 900 civitati.

253 931 310 960 Nisi
334 940 415 968 prava
433 933 558 967 c0rporis
580 933 735 961 valetudine
750 937 899 966 uteremur,
925 938 1006 969 atque

1092 935 1122 960 El
1146 934 1193 969 μὲν
1217 933 1254 969 μὴ
1276 932 1402 968 πονηρῶς
1418 933 1484 968 ἡμῖν
1503 932 1602 968 ἐχρητο
1620 932 1649 958 τὸ
1664 931 1752 967 σῶμα,
1777 931 1846 967 μηδὲ

218 979 252 1006 de
262 979 320 1014 ipsa
333 980 414 1006 etiam
428 980 481 1006 vita
498 980 595 1006 malam
610 988 685 1014 spent
700 980 876 1012 haberemus,
891 981 1006 1016 primutn

218 1024 286 1052 illud
315 1031 348 1052 ac
378 1025 526 1052 maximum
557 1025 665 1052 lucrum
694 1025 874 1057 fecissemus,
903 1031 932 1052 ut
961 1030 1008 1053 tuo

218 1077 368 1105 congressu
391 1077 424 1096 ac
447 1070 583 1105 colloquio
611 1069 776 1101 frueremur,
802 1071 874 1105 quod
896 1071 1009 1098 omnino

219 1115 308 1142 nostri
328 1122 391 1150 erga
408 1119 434 1142 te
450 1114 529 1142 cilicii
556 1115 625 1142 ratio
641 1116 795 1150 postulabat
815 1125 821 1143 :
840 1115 938 1144 deinde
961 1124 1009 1151 per

219 1167 270 1187 nos
292 1160 368 1195 ipsos
393 1159 464 1187 hanc
485 1160 647 1194 legationem
667 1161 844 1188 obiissemus.
872 1161 1007 1194 Quoniam

220 1209 322 1237 autem,
344 1205 440 1232 morbo
465 1212 597 1239 prorsus,
624 1210 752 1240 tanquam
779 1207 885 1234 catenis
908 1206 1007 1238 vincti,

219 1249 353 1283 iacemus,
369 1256 419 1276 nec
437 1253 535 1284 sponte
549 1254 644 1277 nostra
661 1254 688 1277 et
704 1250 841 1278 voluntate
857 1251 910 1278 hoe
925 1251 1009 1278 detri-

220 1298 342 1322 mentum
364 1295 538 1329 acccpimus,
561 1295 634 1330 quod
656 1301 809 1330 supererat,
831 1297 858 1325 id
876 1297 1007 1329 facimus,

220 1345 300 1375 teque
323 1349 371 1375 per
390 1341 496 1368 litteras
514 1341 639 1374 adimus,
657 1347 739 1376 atque
763 1344 955 1379 amplectimur
982 1349 1009 1372 et

219 1386 423 1417 exosculamur,
441 1393 556 1420 eamque
576 1386 703 1413 ﬁduciam
720 1387 902 1422 concipimus,
917 1392 946 1415 ut
961 1394 1010 1422 pro

219 1430 389 1457 condiacono
412 1435 507 1458 nostro
524 1431 644 1466 Eugenio
669 1440 805 1467 rogemus,
823 1441 903 1468 quem
926 1441 941 1460 a
964 1438 1009 1461 tua

220 1476 321 1503 mentis
338 1476 526 1511 magnitudine
542 1483 573 1504 ac
591 1478 752 1512 praestantia
769 1478 956 1512 deposcimus.
970 1479 1010 1505 Ac

219 1521 243 1548 si
260 1521 370 1556 quidem
389 1522 494 1548 nullum
510 1523 614 1550 crimen
628 1529 671 1550 est
686 1531 719 1550 ea
744 1523 927 1556 familiaritas,
950 1532 1010 1559 qua

220 1567 272 1601 ipsi
299 1574 361 1593 cum
392 1566 514 1602 Bcga'ano
541 1567 651 1596 homine
673 1569 752 1603 110
772 1569 960 1596 conscelerate
982 1573 1010 1596 et

1059 979 1124 1014 περὶ
1140 978 1186 1005 τοῦ
1199 977 1249 1014 ζῇν
1271 977 1355 1004 αὑτοῦ
1377 977 1498 1014 πονηρὰς
1519 977 1629 1012 εἴχομεν
1649 977 1698 1009 τὰς
1722 977 1845 1010 ἐλπίδας,

1058 1025 1165 1060 πρῶτον
1183 1025 1231 1060 μὲν
1250 1024 1305 1059 (50)
1326 1024 1359 1050 ἂν
1381 1025 1428 1050 καὶ
1449 1024 1575 1059 μέγιστον
1594 1023 1779 1058 ὲκερδάναμεν
1795 1022 1847 1057 τὴν

1059 1070 1108 1105 σὴν
1126 1069 1268 1105 συντυχίαν
1283 1071 1329 1096 καὶ
1350 1070 1493 1096 συνουσίαν
1507 1069 1575 1103 (Si),
1589 1069 1606 1104 ἥ
1623 1077 1663 1094 σοι
1678 1069 1744 1104 παρ’
1766 1068 1847 1103 ἡμῶν

1059 1115 1166 1146 πάντως
1180 1115 1324 1149 ὠφείλετοο
1340 1115 1465 1151 δεύτερον
1483 1115 1510 1142 δὲ
1527 1115 1560 1141 δι’
1575 1114 1655 1149 ἡμῶν
1669 1114 1758 1141 αὐτῶν
1773 1113 1842 1141 ταὺ-

1058 1169 1107 1196 την
1122 1161 1154 1187 ἂν
1172 1161 1371 1196 ὲπληρώσαμεν
1391 1161 1440 1196 τὴν
1463 1160 1620 1196 πρεσϐείαν.
1641 1159 1717 1186 Ἐπεὶ
1738 1159 1765 1185 δὲ
1784 1159 1845 1185 κεί-

1060 1206 1130 1242 μεοα
1147 1206 1286 1239 παντελῶς
1306 1208 1338 1242 τῇ
1353 1206 1493 1242 ἀρρωστίᾳ.
1510 1206 1706 1242 πεπεδημένοι,
1729 1205 1776 1232 καὶ
1795 1206 1847 1241 οὐχ

1059 1252 1166 1283 ἑκόντες
1181 1251 1368 1287 ὲζημιώμεθα,
1385 1252 1399 1277 ὃ
1418 1251 1541 1286 δεύτερον
1557 1248 1591 1286 ἦν
1607 1249 1747 1285 ποιοῦμεν,
1758 1249 1846 1284 πρόσ-

1060 1297 1121 1332 ιμέν
1138 1297 1193 1332 (52)
1209 1306 1249 1323 σοι
1271 1296 1315 1323 διὰ
1334 1297 1387 1323 τῶν
1406 1296 1588 1332 γραμμάτων,
1603 1296 1650 1322 καὶ
1672 1294 1846 1330 δεξιούμεθα,

1059 1343 1106 1369 καὶ
1131 1342 1360 1377 κατασπαζόμεθα
1380 1342 1447 1377 (55),
1466 1342 1513 1369 καὶ
1539 1340 1692 1377 θαρροῦμεν
1718 1340 1848 1375 δεηθῆναι

1060 1389 1124 1425 περὶ
1139 1389 1187 1416 τοῦ
1211 1389 1383 1416 συνδιακόνου
1397 1389 1454 1423 (54)
1470 1389 1549 1424 ἡμῶν
1565 1388 1706 1422 Εὑγενίου,
1729 1387 1757 1413 ὃν
1773 1385 1848 1418 ὲξαι-

1059 1435 1178 1470 τοὺμεθα
1201 1435 1276 1470 παρὰ
1301 1436 1351 1471 τῆς
1375 1436 1424 1470 σῆς
1454 1435 1639 1470 μεγαλονοίας.
1666 1434 1698 1460 Et
1726 1433 1774 1468 μὲν
1799 1431 1848 1459 οὖν

1059 1482 1135 1508 οὐδέν
1153 1482 1225 1507 ἐστιν
1246 1481 1366 1516 ἀδίκημα
1387 1482 1404 1516 ὴ
1426 1481 1493 1516 πρὸς
1512 1481 1558 1507 τὸν
1575 1480 1680 1506 ἀνόσιον
1704 1478 1848 1513 Ῥηγιανὺν

1059 1527 1194 1562 οἰκειότης
1215 1526 1262 1561 (οὐ
1279 1526 1333 1562 γὰρ
1350 1526 1413 1553 ἄλλο
1427 1535 1458 1561 γε
1476 1526 1550 1552 οὐδὲν
1568 1525 1668 1552 ἀδικῶν
1688 1523 1841 1558 φαίνεται),

1059 1572 1093 1598 δι’
1107 1571 1173 1598 αὐτὸ
1187 1571 1218 1597 τὸ
1231 1571 1343 1603 δίκαιον,
1362 1568 1392 1597 οὗ
1410 1572 1441 1598 σὺ
1458 1571 1609 1606 βραϐεύτης
1630 1570 1685 1605 (55)
1715 1569 1761 1596 καὶ
1780 1577 1847 1604 προ-

221 1612 328 1639 nefario
359 1612 514 1640 intercessit
536 1614 646 1649 (neque
670 1615 742 1641 enim
770 1623 832 1642 eum
859 1615 1007 1650 quidquam

1065 1616 1161 1652 πάτης
1172 1624 1179 1630 ·
1197 1617 1221 1643 εἰ
1237 1617 1265 1643 δὲ
1281 1617 1404 1652 ἀδίκημα
1422 1616 1500 1643 τοῦτο
1513 1616 1614 1651 κρίνεις
1626 1615 1692 1650 (56),
1702 1614 1745 1641 διά
1758 1622 1789 1648 γε
1801 1613 1848 1639 τὸν

221 1658 294 1685 aliud
312 1658 424 1685 sceleris
450 1658 595 1686 admisisse
614 1659 756 1695 constat),
781 1660 816 1687 ob
840 1660 886 1694 jus
909 1660 1009 1694 ipsum,

222 1701 302 1735 cujus
322 1705 351 1728 tu
368 1701 470 1729 arbiter
490 1710 521 1729 ac
544 1708 679 1737 patronus
694 1712 724 1731 es
742 1714 748 1731 :
766 1705 788 1731 si
806 1710 896 1731 autem
915 1705 942 1732 id
955 1705 1010 1732 cri-

221 1755 283 1774 men
300 1755 360 1774 esse
375 1755 483 1781 censes,
500 1754 575 1776 certe
593 1751 619 1776 in
640 1750 686 1777 Dei
704 1750 834 1786 gratiam,
851 1751 896 1777 cui
912 1751 1008 1784 astitit,

222 1800 254 1820 ac
272 1794 422 1821 senectutis
437 1798 538 1821 nostra:
554 1803 647 1828 causa,
658 1803 748 1830 .quam
768 1797 861 1824 multis
876 1797 943 1824 viris
962 1796 1009 1824 Dei

222 1842 296 1865 metu
313 1839 435 1873 prteditis
451 1841 620 1868 venerationi
645 1850 706 1869 esse
726 1850 780 1869 non
803 1842 923 1877 ignoras,
940 1843 1010 1870 hanc

221 1884 315 1918 igitur,
334 1892 442 1919 quaeso,
462 1886 576 1919 gratiam
593 1889 620 1913 et
641 1887 730 1917 nobis,
746 1890 773 1914 et
794 1888 921 1915 universo
936 1888 1010 1914 clero

223 1929 364 1962 concede;
402 1935 482 1964 atque
517 1930 655 1958 hominem
694 1931 832 1959 calumnia
868 1932 1009 1959 liherando

223 1973 327 2002 faustas
358 1975 408 2002 tibi
431 1975 537 2004 divinas
560 1984 622 2011 spes
646 1977 731 2005 edice.
758 1977 787 2004 Si
818 1978 869 2005 hoc
900 1978 1007 2010 feceris,

1058 1662 1134 1692 Θεὸν,
1150 1658 1172 1695 ᾧ
1187 1662 1345 1697 παρέστηκε
1358 1662 1426 1697 (57),
1445 1662 1491 1688 καὶ
1508 1661 1558 1696 τὴν
1578 1660 1713 1696 ἡμετέραν
1735 1658 1843 1690 πολιὰν,

1058 1708 1092 1743 ἢν
1110 1707 1248 1742 αῶἐσιμον
1265 1706 1335 1739 οἶδας
1351 1707 1406 1743 (58)
1418 1707 1525 1739 πολλοῖς
1543 1706 1597 1733 τῶν
1608 1705 1780 1741 φοόουμένων
1794 1705 1840 1732 τὸν

1058 1753 1171 1788 Κύριον,
1189 1753 1232 1784 δὺς
1246 1751 1292 1780 οὖν
1312 1753 1379 1789 (59),
1399 1752 1569 1789 παρακαλῶ,
1589 1753 1636 1779 καὶ
1654 1753 1719 1787 ἡμῖν
1739 1751 1785 1778 καὶ
1807 1749 1847 1785 τῷ

1063 1797 1156 1833 κλήρῳ
1172 1799 1254 1824 παντὶ
1275 1798 1375 1833 ταύτην
1390 1799 1439 1834 τὴν
1461 1799 1539 1834 χάριν
1550 1807 1556 1813 ·
1571 1799 1618 1825 καὶ
1639 1797 1727 1829 δεξιὰς
1743 1794 1848 1830 σεαυτῷ

1063 1844 1176 1879 ποίησον
1199 1845 1247 1876 τὰς
1271 1844 1341 1871 κατὰ
1363 1845 1429 1871 Θεὸν
1450 1845 1568 1877 ἐλπίδας,
1587 1843 1772 1879 ἐλευθερώσας
1795 1842 1847 1877 τῆς

1063 1890 1193 1924 ἐπηρείας
1209 1891 1255 1917 τὸν
1280 1891 1432 1926 ἄνθρωπον.
1456 1890 1600 1926 Ἀντιλήψῃ
1622 1890 1666 1921 δὲ,
1691 1885 1728 1916 ὧν
1752 1887 1847 1920 δίδως,

1062 1936 1111 1962 οὑκ
1128 1936 1256 1963 ἐλάττονα
1277 1937 1320 1973 (εἰ
1334 1937 1372 1972 μὴ
1388 1937 1459 1972 μέγα
1482 1936 1561 1963 τοῦτο
1583 1936 1694 1968 εἰπεῖν),
1715 1934 1764 1966 τὰς
1780 1933 1846 1968 παρ’

1062 1981 1140 2016 ἡμῶν
1157 1983 1249 2016 εὐχάς.

223 2027 274 2054 pro
289 2021 339 2053 iis,
361 2029 420 2056 quae
435 2022 534 2050 tribuis
545 2041 552 2055 ,
575 2031 630 2050 non
651 2023 756 2050 minora
771 2024 842 2060 (nisi
859 2024 911 2051 hoc
933 2024 1007 2052 dictu
1027 2025 1109 2054 nimis
1125 2035 1252 2063 magnum
1265 2026 1329 2062 est),
1342 2027 1470 2062 recipies,
1487 2026 1538 2054 hoc
1565 2030 1617 2058 est,
1644 2029 1753 2052 nostras
1785 2029 1845 2049 ora-

224 2067 323 2096 tiones.

260 2156 316 2191 (48)
329 2157 476 2191 Mei-(L1th
491 2157 569 2192 ὑμῖν.
582 2156 621 2183 Ita
634 2157 695 2184 cod.
711 2157 740 2184 Β.
752 2157 778 2187 5,
794 2157 828 2190 R,
841 2161 867 2184 et
883 2156 1005 2184 Combef.

223 2190 254 2218 In
264 2192 329 2218 edit.
344 2192 407 2226 ὑμῖν
423 2190 620 2219 όοεξςιξιὶοάάὶι
635 2197 725 2220 tamen
740 2192 846 2219 Billius.

261 2226 316 2262 (49)
335 2226 409 2253 Alias
429 2226 541 2253 CLVIII.
568 2227 665 2254 Incerti
692 2228 822 2262 temporis
836 2246 843 2259 ,
868 2226 916 2254 sed
937 2226 1007 2254 forte

223 2260 346 2295 ejusdem
362 2262 436 2288 anni.

261 2295 317 2331 (50)
332 2295 451 2329 Πρῶτον·
467 2296 541 2329 μέν,
568 2300 620 2323 etc.
643 2295 721 2323 Hunc
736 2296 826 2323 locum
840 2315 848 2327 ,
874 2297 917 2323 cui
943 2297 1010 2323 nihil

224 2334 319 2357 censet
327 2331 491 2363 addendum,
505 2331 546 2358 sic
560 2332 639 2358 vertit
654 2331 775 2358 Combef.
788 2340 794 2357 :
810 2331 931 2357 Primum
944 2332 1010 2358 illud

225 2373 256 2392 ac
271 2366 416 2393 maximum
431 2374 545 2392 essemus
563 2367 705 2397 consecuti,
723 2371 750 2392 ut
765 2371 808 2392 tuo
820 2374 960 2400 congressu
980 2375 1011 2393 ac

224 2401 354 2435 colloqma
367 2401 520 2436 potiremur,
535 2402 627 2436 quippe
646 2401 691 2434 qui
705 2401 773 2427 hanc
791 2401 943 2435 legatione»:
966 2409 1011 2435 per

225 2444 273 2462 nos
287 2436 356 2468 ipsos
382 2435 546 2462 ubiissemus.
559 2435 652 2462 Billius
667 2455 673 2467 ,
692 2436 798 2469 inquit,
821 2438 877 2462 tunc
893 2436 1008 2468 dividit;

226 2470 274 2497 sed
296 2471 393 2497 tuelius
407 2478 438 2497 ac
459 2471 610 2505 simplicius
625 2471 696 2498 edita
712 2470 804 2497 Graeca
830 2478 890 2504 ulla:
915 2471 1012 2498 lectio—

225 2513 308 2536 nem,
334 2513 414 2539 quam
433 2510 543 2533 Secutus
569 2511 635 2538 est,
660 2514 714 2532 non
739 2506 893 2532 adtniltunt.
922 2505 1010 2533 Unum

226 2540 350 2575 agnoscit
372 2541 564 2568 detrimentum
584 2541 731 2574 Gregorius
745 2560 752 2572 ,
770 2541 842 2574 quod
866 2541 1012 2575 praesentia

225 2574 271 2610 illa
294 2575 425 2601 exciderit
439 2595 445 2606 ,
461 2577 504 2602 cui
517 2576 631 2602 alterum
648 2576 729 2607 facit,
746 2579 789 2610 put
805 2583 852 2610 per
867 2574 1011 2610 epistolam

226 2609 346 2646 adcatdet
365 2610 533 2646 interpellet:
554 2612 586 2637 Ὂ
604 2611 727 2646 δεύτερον
743 2608 777 2645 ἦν
789 2608 950 2646 [πρόσιμέν
971 2619 1012 2636 σοι

225 2644 269 2671 διὰ
284 2644 338 2670 τῶν
356 2645 537 2679 γραμμάτων.

261 2653 269 2670 ι
283 2653 338 2684 των
356 2653 537 2705 γραμματων.
656 2681 661 2686 Ι

261 2679 318 2713 (51)
329 2681 373 2706 Κα
394 2681 574 2707 συνουσίαν.
592 2680 726 2707 Addtmus
739 2687 800 2707 cum
810 2680 869 2707 cod.
885 2676 962 2714 Reg.
979 2679 1010 2707 B.

227 2714 283 2750 ς’)υι
301 2714 334 2750 ll,
350 2722 382 2741 ac
393 2714 503 2742 Morel.:
519 2715 556 2741 "ll
571 2724 611 2741 σοι
630 2716 693 2750 παρ’
711 2715 788 2750 ἡμῶν
806 2716 914 2746 πάντως
931 2714 1012 2750 ὠφεί-

225 2749 287 2785 λετο
299 2757 305 2763 ·
322 2749 448 2785 δεύτερον
468 2750 495 2776 δὲ
510 2750 542 2776 δι’
562 2749 639 2785 ἡμῷν
655 2749 744 2776 αὐτῶν
760 2750 860 2785 ταύτην
877 2750 909 2775 ἂν
927 2749 1011 2783 ἐπλη-

227 2783 355 2820 ρῲσαμεν
368 2784 416 2819 τὴν
432 2783 589 2820 πρεσϐείαν.
605 2784 680 2819 Legit
698 2785 814 2820 Montac.
826 2783 901 2820 (Καὶ
920 2792 1013 2820 συνου-

227 2818 299 2854 σίαν,
314 2818 331 2854 ἥ
350 2827 389 2845 σοι
405 2818 470 2854 παρ’
490 2819 567 2854 ἡμῶν
588 2818 707 2854 σπανίως
725 2819 870 2853 ὠφείλετο·
887 2818 1013 2853 δεύτερον

227 2852 256 2880 δὲ
268 2857 306 2886 ὼς
323 2852 356 2880 δι’
370 2852 451 2889 ἡμῶν
463 2852 552 2880 αὐτῶν
566 2853 648 2881 ταῦτα
664 2853 871 2889 ὲπληρώσαμεν.
899 2854 927 2881 In
944 2852 1010 2881 edit.

1061 2157 1109 2195 καὶ
1123 2157 1275 2195 συνουσίαν,
1289 2157 1330 2184 ὅτι
1343 2157 1407 2194 παρ’
1422 2156 1499 2192 ἡμῶν
1512 2155 1599 2183 αὐτῶν
1615 2155 1716 2191 ταύτην
1729 2155 1846 2191 ἀνεπλη-

1062 2192 1199 2228 ρώσαμεν.

1024 2218 1045 2244 1)
1096 2227 1150 2244 mox
1167 2229 1197 2244 "n

1096 2225 1151 2261 (52)
1167 2229 1197 2254 Ὅ
1226 2225 1615 2262 δεύτερον-γῆνποιοῦμενἈ
1630 2225 1784 2262 modum.
1806 2225 1845 2252 Ita

1062 2262 1123 2289 cod.
1135 2262 1213 2297 Ileg.,
1225 2263 1254 2289 B.
1270 2263 1296 2294 5,
1309 2260 1347 2289 ⁷ει
1369 2260 1414 2293 RQ,
1437 2261 1529 2288 Morel.
1546 2269 1577 2287 ac
1597 2260 1737 2297 Comini},
1753 2260 1846 2297 sicque

1062 2298 1138 2331 legit.
1157 2295 1214 2324 Bill.
1233 2298 1279 2332 qui
1293 2297 1389 2324 vertit:
1407 2297 1483 2329 Quod
1494 2297 1612 2332 deinceps
1628 2295 1783 2332 sequebatur
1795 2295 1844 2332 ,Hid

1062 2330 1184 2366 facimus.
1205 2330 1321 2359 Mdntac.
1340 2332 1354 2358 ὃ
1368 2331 1492 2367 δεύτερον
1508 2330 1542 2367 ἦν
1559 2330 1715 2366 προσιομεν.
1734 2330 1763 2356 ln
1779 2331 1845 2357 edit.

1064 2367 1194 2402 ποιοῦμεν
1206 2369 1293 2394 deest.

1079 2399 1158 2463 6mg)
1179 2400 1439 2436 Κατασπαζόμεθα.
1469 2401 1534 2429 Cod.
1563 2404 1589 2428 et
1612 2399 1735 2427 Combef.
1756 2400 1845 2426 ἀσπα-

1097 2446 1129 2463 με
1148 2446 1175 2463 α.

1117 2446 1175 2464 sua.

1063 2438 1426 2507 ζόῗθξῖῗὲυνδιακόνουλιο
1442 2470 1591 2506 cod.Reg.,
1605 2469 1735 2501 hlontac.,
1752 2468 1844 2496 Morel.

1063 2510 1089 2533 ct
1103 2507 1226 2534 Contlwf.
1248 2507 1277 2533 In
1297 2506 1364 2533 edit.
1381 2506 1513 2532 διακόνου.

1099 2542 1155 2576 (55)
1168 2540 1208 2569 Οὗ
1236 2542 1276 2568 σὺ
1302 2542 1478 2574 βραϐεὐτης.
1498 2541 1535 2567 lla
1548 2539 1610 2576 cod.
1628 2538 1705 2574 Reg.,
1718 2538 1846 2573 lilonlac.,

1063 2577 1157 2603 Morel.
1175 2585 1206 2603 ac
1221 2577 1345 2603 Comhel'.
1367 2577 1394 2602 In
1411 2576 1475 2602 edit.
1489 2575 1650 2608 κρατεύτης.

1098 2611 1154 2646 (56)
1172 2611 1260 2638 Ίϊῦτο
1272 2611 1393 2647 κρίνεις.
1411 2611 1447 2637 Ita
1466 2608 1609 2647 Μόδιος.
1624 2609 1659 2647 I3.
1672 2608 1846 2647 5,»_lil0nta_c.,

1063 2644 1157 2699 Mui’rel.
1184 2654 1216 2673 ac
1239 2646 1380 2677 (Jomhel'.,
1400 2647 1511 2680 ipseque
1533 2645 1593 2671 Bill.
1623 2644 1654 2671 In
1679 2645 1745 2671 edit.
1771 2644 1846 2670 τοῦτο

1063 2689 1099 2699 νη

1063 2690 1162 2707 κοινει.

1085 2689 1353 2749 ρῐ5ξ)”Παρέστηκε.
1372 2714 1488 2742 Montac.
1507 2718 1534 2742 et
1549 2713 1642 2749 Morel.
1661 2713 1844 2748 παρέστηκας.

1099 2751 1155 2784 (58)
1173 2747 1271 2783 Οἶδας.
1286 2747 1379 2778 Morel.
1394 2755 1421 2777 et
1440 2750 1562 2776 (lombef.
1579 2747 1646 2784 01:641.

1099 2782 1154 2820 (59)
1169 2785 1223 2820 Ap;
1236 2782 1302 2814 οὑν.
1316 2786 1355 2813 Ita
1369 2786 1430 2814 cod.
1445 2785 1538 2812 Morel.
1556 2789 1582 2812 et
1598 2783 1720 2811 Combef.
1738 2782 1767 2810 In
1780 2782 1846 2810 edit.

1062 2818 1149 2849 deest‘
1164 2818 1219 2847 οὖν.
