1931 3056
196 113 248 142 227

793 113 822 142 S.
839 110 1003 142 CREGORII
1026 110 1200 139 TIIEOLOGI

1777 114 1835 142 228

196 179 251 207 que
267 170 355 198 Icario
363 177 416 198 non
432 170 468 197 ita
484 169 588 206 pridem
602 169 713 204 scripsi,
728 177 791 197 cum
804 169 990 205 idemjussum

1054 169 1094 205 )lq)
1108 169 1175 204 (75).
1190 170 1220 196 τὸ
1241 169 1306 196 αὐτὸ
1320 169 1466 206 δεξάμενος
1481 166 1644 206 πρόσταγμα
1658 179 1663 185 ·
1680 171 1836 201 ἐπιστεῖλαι

197 217 366 252 accepissem
380 226 386 243 :
400 220 427 244 et
443 223 516 243 nunc
529 223 544 242 a
558 219 604 242 tua
616 216 702 242 animi
716 216 905 251 magnitudine
917 221 990 252 peto,

197 268 228 290 ut
240 270 290 298 pro
302 262 382 290 nobis
393 269 503 297 quoque
519 261 545 288 id
562 261 685 289 scribere
699 269 732 289 ne
743 266 881 297 gravetur,
892 262 992 297 quippe

197 317 279 345 quem
307 308 396 336 morbi
423 307 587 342 locupletem
614 310 712 334 testem
739 307 882 335 habemus.
901 308 992 342 Argu-

197 357 292 382 mento
317 358 360 381 est
376 353 508 380 damnum
526 351 593 378 illud
605 373 612 385 ,
629 351 703 386 quod
726 359 800 379 nunc
823 353 992 388 accepimus,

196 408 260 428 cum
277 407 326 435 per
339 398 466 434 corporis
480 397 667 425 inﬁrmitatem
682 405 733 425 nec
750 398 783 425 ad
797 402 824 426 te
837 406 993 432 accurrere,

197 455 249 474 nec
268 451 294 474 te
314 446 378 477 frui,
396 445 475 472 nobis
491 445 617 476 licuerit,
637 445 752 480 prteside
769 449 823 472 tam
840 445 995 478 commodo,

196 497 309 528 tamque
330 492 431 519 eximia
457 491 560 518 virtute
583 492 708 527 prmdito,
726 496 755 519 ut
774 491 904 526 praeludit:
927 499 996 526 quo-

197 546 252 573 que
266 538 325 573 ipsa
346 537 525 572 magistratus
543 537 580 564 tui
597 537 793 564 excellentiora
815 537 870 564 sint
886 545 918 565 ea
937 538 995 572 glo-

198 585 257 616 ria,
275 592 358 619 qnam
387 583 432 610 alii
459 587 518 610 toto
544 583 724 618 magistratus
749 587 874 619 tempore
893 591 991 611 conse-

198 634 329 666 quuntur.

412 672 544 702 CXXXII.
567 672 778 702 SATURNINO.

1040 215 1067 242 δὲ
1089 216 1137 243 καὶ
1160 216 1207 242 νῦν
1230 215 1300 251 ὑπὲρ
1321 216 1430 252 ήμῶνή
1455 217 1488 253 σὴ
1512 217 1673 253 μεγαλόνοια
1697 219 1837 252 καταξιω-

1042 263 1126 295 σάτω,
1143 263 1172 289 ὃν
1190 262 1345 296 ἀξιόπιστον
1367 263 1491 299 μάρτυρα
1514 264 1564 299 τῆς
1580 264 1717 300 ἡμετέρας
1733 265 1838 301 ἔχομεν

1042 309 1208 345 ἀρρωστίας.
1239 309 1330 335 Πείθει
1347 309 1374 336 δὲ
1393 309 1439 336 κα).
1459 310 1475 345 ἡ
1496 310 1580 346 ζημία
1593 331 1599 343 ,
1621 311 1654 346 ἦν
1677 311 1837 347 ἐζημιώθη-

1045 364 1094 390 μεν
1112 355 1168 390 (74)
1188 355 1245 386 νῦν,
1264 355 1331 390 μηδὲ
1354 355 1539 391 προσδραμεῖν
1553 357 1600 383 καὶ
1614 355 1767 384 ἀπολαῦσαι
1784 365 1835 384 σου

1043 400 1220 435 δυνηθέντες,
1239 400 1369 436 ἄρχοντος
1393 401 1463 427 οὕτω
1486 401 1591 434 δεξιοῦ,
1609 402 1657 428 καὶ
1676 401 1747 428 οὕτω
1769 402 1837 429 θαυ-

1046 446 1143 482 μασίου
1160 446 1210 482 τὴν
1233 446 1351 482 ἀρετὴν,
1368 446 1405 477 ὼς
1429 447 1476 473 καὶ
1497 447 1532 473 τὰ
1558 447 1687 484 προοίμια
1702 447 1758 484 (75)
1782 449 1837 484 τῆς

1045 494 1094 529 σῆς
1111 492 1199 528 ᾀρχῆς
1218 490 1289 519 εἶναι
1313 492 1466 528 τιμιώτερα
1487 493 1538 528 τῆς
1558 493 1602 520 διὰ
1621 493 1714 526 τέλους
1731 493 1838 530 ἑτέρων

1044 540 1255 575 εὐδοκιμήσεως.

1235 672 1320 699 ΡΛΒ¹.
1341 671 1563 707 ΣΑΤΟΥΡΝΙΝῼ
1580 671 1646 707 (76).

237 732 278 759 Ea:
292 733 341 759 hac
351 733 476 770 epistola,
491 741 550 766 qua:
566 732 683 766 ejusdem
699 733 990 770 cum_prmcedentibus
1009 735 1157 769 argumenti
1173 738 1251 769 atque
1271 732 1388 768 ejusdem
1405 733 1485 770 etiam
1509 732 1572 758 armi
1591 736 1640 764 est,
1659 731 1739 762 liquet
1755 741 1836 770 quam

200 769 263 795 bene
277 776 339 802 erga
356 767 503 794 Ecclesium
521 773 589 795 esset
607 769 741 805 animatus
758 768 911 804 Gregorius,
929 767 1080 805 quantoque
1095 770 1183 796 studio
1199 767 1511 805 pacem_et7c70uwrdiam
1531 773 1740 805 prosequeretur.

1756 769 1837 802 Quod

200 805 287 837 ipsum
303 808 413 840 spectat,
433 805 551 840 quanwis
563 803 745 840 gravimorbo
761 803 908 836 laboraret,
924 803 1028 838 omnia,
1038 803 1137 840 inquit,
1151 805 1221 839 apud
1232 812 1283 831 nos
1296 803 1343 830 Dei
1354 804 1487 840 beneﬂcio
1503 807 1619 840 ret-lese
1634 803 1743 830 habent.
1757 804 1839 832 Nihil

201 839 310 870 anxius,
326 838 550 874 nihil7sollicitus,
565 837 616 865 nisi
629 839 660 865 de
678 839 803 866 Ecclesiis
819 840 886 874 fazde
897 841 1022 872 turbatis,
1035 837 1105 868 nonet
1121 846 1148 866 ut
1164 837 1194 867 ne
1206 840 1346 867 concilium
1358 839 1428 865 tristi
1440 838 1492 872 ﬁne
1506 837 1663 874 claudatur;
1681 840 1836 874 concilium,

201 875 320 909 inquam,
336 873 402 900 illud
418 873 487 908 quod
505 882 575 900 anno
587 874 640 901 382
665 876 785 908 proxime
801 881 970 902 consecutum
986 882 1023 902 est
1046 877 1233 903 wcumcnicam
1250 875 1326 901 illam
1340 874 1482 909 synodum,
1501 873 1528 899 in
1541 881 1592 909 qua
1606 874 1666 900 sede
1682 873 1839 902 Constanti-

201 911 356 944 nopolitano
372 914 498 940 cesserat,
517 917 568 936 non
586 914 685 940 autem,
702 915 730 936 ut
747 910 865 937 Barom'o
881 911 965 938 risum
981 917 1030 944 est,
1047 911 1121 938 aliud
1141 911 1282 938 concilium
1296 908 1366 944 quod
1386 917 1456 935 anno
1473 909 1534 941 383,
1551 908 1696 936 Saturnino
1717 909 1836 943 consule,

201 943 434 979 Cdnstautinopoli
451 945 530 971 etiam
544 945 706 972 Theodosius
723 947 884 973 convocavit.

237 992 296 1020 Non
322 996 365 1020 est
383 992 455 1027 apud
475 1000 518 1020 me
542 993 656 1021 dubium
673 993 798 1028 (alioqui
816 994 992 1022 temerarium
1010 999 1030 1025 Β

201 1043 276 1066 esset
291 1038 444 1073 scribere),
461 1038 527 1072 quin
545 1038 672 1066 amicitiae
687 1039 805 1066 oﬂicium
820 1047 835 1066 a
850 1047 893 1067 me
905 1040 998 1074 requi-

202 1093 258 1113 ras.
279 1085 407 1112 Externis
428 1085 502 1113 enim
527 1089 703 1119 potestatem,
722 1086 802 1113 nobis
817 1090 907 1113 autem
928 1087 998 1114 ﬁdo-

202 1134 274 1160 ciam
305 1132 423 1166 tribuis,
452 1137 481 1159 ut
511 1139 664 1159 conservus
691 1132 799 1163 bonus,
818 1133 852 1160 iis
870 1133 917 1168 qui
947 1133 999 1160 hoc

202 1179 343 1206 consecuti
363 1181 446 1209 sunt,
463 1181 493 1204 ut
511 1176 545 1203 ad
569 1176 654 1204 Deum
670 1177 904 1212 appropinquant.
924 1177 998 1211 Quo-

203 1225 278 1253 circa
303 1230 330 1252 te
353 1231 463 1260 quoque
486 1223 664 1258 alloquimur,
682 1228 710 1251 et
724 1223 867 1259 cupiditati
893 1233 997 1252 morem

204 1276 345 1308 gerentes.
362 1279 452 1299 rerum
468 1274 627 1298 nostrarum
643 1273 746 1297 statum
759 1270 809 1298 tibi
823 1271 998 1306 exponimus.

203 1318 302 1347 Omnia
318 1318 391 1353 apud
407 1325 459 1345 nos
474 1317 521 1344 Dei
536 1316 671 1344 beneﬁcio
683 1322 756 1344 recte
774 1325 804 1344 se
819 1317 932 1349 habent,
946 1317 999 1345 hoc

203 1373 259 1394 uno
282 1368 415 1400 excepto.
433 1364 509 1400 quod
527 1364 560 1391 de
587 1363 718 1391 Ecclesiis
734 1364 809 1391 anxii
836 1369 863 1391 et
886 1365 998 1393 solliciti

202 1419 313 1442 sumus,
329 1418 384 1438 tam
405 1410 478 1438 facile
503 1410 680 1446 perturbatis.
699 1410 748 1438 llis
765 1419 931 1446 quacunque
951 1419 998 1439 ra-

202 1458 277 1485 tione
296 1457 375 1492 112
393 1457 534 1492 potueris,
552 1463 728 1483 communem
754 1457 948 1484 concordiam.
971 1459 1000 1486 e'.‘

201 1512 233 1532 re
253 1507 281 1531 et
303 1510 432 1531 sermone
444 1523 451 1535 ,
470 1502 586 1538 impigre
601 1502 756 1535 constitue,
777 1503 998 1538 quandoquidem

202 1557 302 1577 rursus
329 1549 452 1584 episcopi
482 1551 602 1580 coeunt,
631 1555 663 1574 ac
692 1549 871 1576 metuendum
900 1557 998 1577 rursus

202 1601 255 1627 est.
281 1603 316 1623 ne
338 1603 413 1622 nunc
430 1602 539 1630 quoque
555 1593 659 1629 pudore
683 1594 884 1626 suﬂ'undamur,
901 1596 925 1623 si
941 1596 999 1623 haec

202 1642 326 1678 synodus
343 1642 489 1670 sinistrum
510 1643 590 1670 ﬁnem
612 1643 751 1674 habuerit,
767 1642 998 1678 quemadmodum

1087 995 1241 1026 ’Λπαιτεῖ;,
1260 991 1289 1020 εὖ
1312 991 1380 1024 οἶδα,
1397 991 1432 1018 τὰ
1455 990 1550 1026 φιλικὰ
1566 990 1622 1025 (77)
1643 990 1708 1026 (καὶ
1725 993 1766 1028 εἴη
1779 993 1838 1028 (78)

1049 1041 1183 1078 τολμηρὸν
1199 1041 1286 1073 ἄλλως
1297 1041 1327 1068 τὸ
1346 1040 1488 1076 γράψειν).
1506 1040 1568 1070 Τοῖς
1589 1039 1639 1074 μὲν
1652 1039 1708 1075 γὰρ
1723 1038 1775 1071 ἔξω
1787 1039 1839 1074 τὴν

1049 1086 1190 1119 ἐξουσίαν,
1212 1087 1277 1122 ἡμῖν
1299 1086 1327 1112 δὲ
1342 1086 1436 1120 νέμεις
1451 1085 1500 1120 τὴν
1520 1084 1692 1120 παρρησίαν,
1713 1084 1751 1116 ὡς
1774 1084 1841 1120 ὁμόο

1048 1133 1140 1164 δουλος
1157 1133 1259 1166 ἀγαθὸς
1281 1133 1337 1163 τοῖς
1352 1131 1411 1166 Θεῷ
1429 1130 1589 1166 πλησιάζειν
1606 1130 1776 1165 ἠξιωμένοις.
1790 1130 1840 1157 Διὰ

1048 1178 1127 1205 τοῦτό
1143 1187 1173 1204 σε
1189 1179 1236 1206 καὶ
1252 1176 1498 1214 προσφθεγγὸμεοα
1508 1197 1516 1209 ,
1529 1179 1576 1204 καὶ
1589 1176 1715 1203 ποθοῦντὶ
1727 1184 1766 1202 σοι
1781 1174 1840 1212 (79)

1050 1225 1263 1260 παραστήσομεν
1288 1223 1322 1250 τὰ
1346 1224 1480 1259 ἡμέτερα.
1502 1223 1595 1250 Πάντα
1619 1222 1685 1258 ἡμῖν
1710 1222 1758 1248 σὺν
1779 1220 1840 1256 Θεῷ

1049 1271 1140 1303 καλῶς
1164 1271 1239 1306 ἔχει,
1263 1270 1333 1305 πλὴν
1354 1269 1427 1301 ἑνὸς,
1453 1268 1501 1296 τοῦ
1531 1269 1667 1304 μεριμνᾷν
1693 1267 1759 1304 περῖ⁹
1785 1267 1840 1294 τῶν

1056 1313 1234 1352 Ἐκκλησιῶν,
1255 1316 1326 1343 οὕτω
1347 1315 1571 1352 ταρασσομένων.
1592 1313 1738 1345 Ταύταιςό
1758 1321 1785 1340 τι
1804 1313 1838 1340 ἂν

1049 1364 1214 1397 εἰσενεγκεῖν
1238 1362 1355 1398 δυνηθῇς
1370 1382 1376 1393 ,
1407 1362 1445 1397 μὴ
1473 1360 1637 1397 κατοκνίσῃς
1663 1360 1712 1396 τὴν
1747 1360 1839 1395 κοινὴν

1049 1409 1176 1444 ὁμόνοιαν
1204 1408 1252 1434 καὶ
1274 1408 1347 1443 λόγῳ
1376 1407 1422 1434 καὶ
1448 1407 1520 1442 ἔργῳ
1549 1405 1719 1442 βραϐεῦσαι,
1746 1405 1838 1440 ἐπειδὴ

1049 1456 1131 1483 πάλιν
1148 1454 1256 1486 σύνοδος
1283 1454 1456 1485 ἐπισκόπων,
1482 1460 1529 1480 και
1552 1453 1611 1484 δέος
1633 1452 1715 1479 πάλιν
1740 1451 1777 1487 μὴ
1793 1452 1839 1478 καὶ

1050 1502 1096 1529 νῦν
1125 1501 1333 1537 αἰσχυνθῶμεν,
1368 1500 1466 1536 πικρὸν
1494 1500 1541 1526 καὶ
1567 1499 1669 1535 ταύτης
1704 1498 1840 1534 λαϐούσης

1048 1547 1134 1580 τέλος,
1153 1548 1248 1583 ὥσπερ
1269 1547 1319 1582 τῆς
1342 1547 1475 1583 πρότερον
1489 1545 1555 1581 (80).
1577 1545 1618 1572 Τὰ
1639 1545 1694 1580 γὰρ
1718 1545 1840 1580 ἡμέτερα

1049 1592 1109 1628 Θεῷ
1122 1592 1161 1628 τῷ
1181 1593 1215 1620 τὰ
1235 1593 1324 1620 πάντα
1340 1593 1422 1620 εἰδότι
1444 1594 1491 1621 καὶ
1505 1594 1650 1625 γινώσκειν
1666 1593 1713 1621 καὶ
1737 1593 1839 1628 κρίνειν

1049 1639 1192 1675 ἀφήσομεν
1205 1639 1273 1675 (Si),
1290 1640 1314 1666 εἰ
1333 1640 1381 1666 καὶ
1394 1640 1480 1675 ἡδέως
1494 1639 1605 1675 εἴξαμεν
1620 1640 1659 1675 τῷ
1676 1639 1775 1674 φθόνῳ,
1792 1639 1839 1666 καὶ

203 1688 302 1716 habuit
317 1688 454 1724 superior.
474 1687 540 1714 Nam
555 1696 616 1722 qua)
639 1689 721 1716 nobis
746 1687 938 1722 contigerunt,
964 1695 997 1715 ea

1054 1687 1104 1718 toi;
1129 1685 1300 1720 βουλομένοις
1322 1686 1396 1722 (82)·
1412 1688 1442 1712 οὐ
1471 1685 1590 1721 χρηστοῦ
1615 1695 1686 1718 τινος
1709 1685 1839 1722 πράγμα-

203 1733 260 1762 Deo
283 1734 376 1762 omnia
403 1734 502 1761 scienti
529 1739 555 1761 et
581 1733 772 1769 cognoscenda
797 1737 824 1761 et
847 1733 995 1768 indicanda

203 1780 403 1815 relinquemus,
416 1779 525 1807 etiamsi
539 1779 666 1815 jucunde
681 1780 773 1807 animo
785 1779 896 1806 invidia:
909 1779 996 1807 cessi-

204 1833 267 1852 mus
289 1832 321 1852 ac
336 1824 509 1857 volentibus;
537 1831 591 1851 non
617 1828 748 1860 tanquam
770 1831 882 1852 suavem
900 1830 996 1858 quam-

204 1870 267 1898 dam
296 1878 374 1902 rem,
399 1874 429 1897 ut
456 1870 597 1905 plerisque
623 1869 743 1901 videtur,
772 1869 818 1896 sed
850 1869 996 1895 admodum

1049 1740 1094 1762 τος
1109 1731 1176 1766 (83),
1197 1731 1234 1763 ὡς
1251 1731 1392 1763 δοκεῖτοῖς
1411 1732 1528 1763 πολλοῖς,
1547 1731 1614 1758 ἀλλὰ
1632 1732 1680 1758 καὶ
1701 1732 1760 1758 λίαν
1779 1732 1840 1758 ἐπι-

1043 1776 1173 1804 διινδύνου
1192 1778 1452 1813 παραχωρήσαντες,
1470 1778 1517 1804 καὶ
1536 1777 1630 1813 ὥσπερ
1651 1778 1683 1804 ὲκ
1706 1777 1839 1813 χειμῶνος

1049 1822 1137 1849 δεινοῦ
1150 1824 1197 1850 καὶ
1210 1823 1335 1859 τραχέος,
1346 1825 1385 1855 εἰς
1399 1823 1484 1850 εὖδιόν
1498 1833 1558 1852 τινα
1569 1825 1652 1859 ὄομον
1668 1825 1714 1851 καὶ
1729 1822 1839 1860 ἀσφαλῆ

1050 1871 1278 1905 καταντήσαντες.

204 1917 389 1952 periculosam
405 1916 609 1952 relinquentes,
625 1923 656 1943 ac
673 1916 746 1944 velut
761 1924 793 1944 ex
809 1916 885 1951 gravi
902 1919 929 1943 et
947 1923 1043 1951 aspera
1060 1922 1222 1952 tempestate
1239 1918 1272 1944 ad
1290 1918 1469 1952 tranquillum
1486 1917 1632 1945 quemdam
1644 1921 1670 1945 et
1683 1920 1769 1945 tutum
1779 1923 1840 1952 ρον·

205 1968 262 1991 tum
275 1963 453 2000 appellentes.

448 2010 589 2039 CXXXIII.
611 2011 761 2039 VICTORI.

1279 2011 1362 2038 PAI".
1384 2011 1523 2038 BIKTOPI
1542 2011 1609 2046 (84).

241 2058 341 2087 Eadem
357 2060 503 2093 occasione,
517 2060 658 2095 eademque
673 2064 824 2093 tenipcstate
843 2060 915 2087 datm
934 2065 994 2087 sunt
1018 2060 1113 2087 littera:
1126 2060 1160 2086 ad
1182 2059 1322 2095 Victorem.
1339 2059 1384 2095 qui
1401 2058 1433 2095 ab
1454 2058 1561 2086 Iuliani
1585 2064 1698 2093 tempore
1718 2052 1840 2094 magistri

205 2094 321 2121 militum
333 2095 488 2129 dignitatem
500 2104 559 2122 cum
577 2094 655 2122 laude
666 2095 779 2122 tenebat.
798 2095 875 2122 llunc
893 2096 1016 2122 hortatur
1032 2100 1060 2121 ut
1081 2094 1213 2122 communi
1231 2094 1421 2129 tranquillitati
1445 2102 1553 2120 manum
1573 2095 1702 2129 porrigat,
1720 2099 1840 2128 quando-

205 2129 310 2165 quidem
325 2128 441 2165 synadus
458 2139 562 2157 rursum
577 2131 689 2165 cogitur,
703 2139 860 2166 rursumque
873 2135 1005 2158 certamen
1018 2131 1134 2163 exsistit,
1150 2135 1175 2157 et
1190 2129 1292 2165 afﬂictis
1309 2128 1434 2156 Ecclesiw
1448 2129 1524 2156 rebus
1537 2138 1610 2164 opem
1623 2128 1704 2163 ferat.

243 2185 304 2213 Non
319 2186 383 2221 quia
399 2194 472 2214 nunc
487 2186 652 2219 scribimus,
669 2187 786 2215 audaces
802 2195 914 2221 sumus;
931 2187 996 2221 sed,

243 2238 300 2312 (75)
321 2242 449 2282 Ἰκαρζῳ.
462 2242 529 2269 Cod.
547 2242 579 2269 R.
597 2247 624 2269 et
636 2242 760 2270 Combel‘.
781 2244 931 2279 Οὺικαρίῳ.

243 2278 289 2312 (74
314 2277 586 2312 ’Ἠνὲζημιώθημεκ
601 2278 717 2306 Montac.
727 2283 754 2306 et
768 2278 861 2306 Morel.
878 2280 926 2312 ὲζη

243 2277 300 2338 (74)
314 2277 586 2312 ’Ἠνὲζὴμιώθημεκ
601 2278 717 2306 Montac.
727 2283 754 2306 et
768 2278 861 2306 Morel.
872 2277 999 2314 ’ἐζημιώ-

209 2322 243 2348 με
262 2321 290 2338 α.
326 2347 329 2348 7
474 2347 478 2348 7
666 2347 671 2348 7

389 2347 647 2389 xat7z7§t77np§olgza.
662 2347 701 2375 Ita
720 2357 803 2389 supra
817 2350 897 2384 epist.
911 2357 964 2376 ειν.

242 2383 299 2418 (76)
313 2383 389 2410 Alias
407 2383 512 2411 LXXII.
533 2383 640 2416 Scripta
656 2391 728 2411 anno
741 2383 804 2411 582.

245 2418 302 2455 (77)
323 2418 499 2455 Ὰπαιτεῖς...
517 2418 553 2445 τὰ
571 2418 686 2453 φιλικά.
701 2419 810 2452 Comb.,
834 2420 895 2455 quin
912 2420 1001 2447 amica

208 2454 330 2489 requiras
347 2461 419 2489 a7me
435 2454 584 2489 litterarum
600 2455 769 2482 commercia.

246 2488 302 2524 (78)
323 2488 378 2516 Kal
393 2489 452 2522 εἴη.
469 2488 515 2516 Sic
534 2490 676 2525 legendum
689 2498 752 2517 eum
776 2490 864 2517 Billio.
883 2490 911 2517 In
931 2490 998 2518 edit.

209 2525 308 2594 x“(.73).
330 2560 616 2594 Προσφθεγγόμεθίι,
640 2560 689 2587 καὶ
711 2560 855 2587 ποθοῦντί
876 2567 934 2587 σοι.
960 2561 999 2588 Ita

210 2595 272 2622 cod.
287 2594 316 2621 In
332 2594 398 2621 edit.
417 2603 458 2620 σοι
476 2596 563 2622 deest.
580 2595 678 2622 Reddit
700 2596 776 2623 Bill.:
797 2595 831 2622 Te
849 2597 998 2624 salutamus

208 2634 233 2657 at
246 2629 388 2663 cupiditati
401 2635 499 2657 nostrw
512 2639 610 2657 merent
625 2636 753 2665 gerentes.

246 2665 301 2699 (80)
320 2665 432 2699 Πικρὸν
443 2665 492 2701 καὶ
503 2666 613 2700 ταύτης
623 2667 778 2700 λαϐούσης
790 2666 886 2699 τέλος,
895 2666 996 2701 ὥσπερ

209 2699 266 2738 τῆς
280 2701 438 2738 πρότερρνί
454 2700 490 2738 Ita
510 2701 573 2738 cod7.7
586 2706 613 2727 et
632 2701 756 2738 Comhel'.
772 2701 801 2728 In
815 2701 881 2728 edit.
899 2699 997 2738 μικρξν

211 2735 258 2761 καὶ
270 2734 372 2772 ταύτης
388 2735 524 2771 λαϐούσης
536 2736 621 2768 τέλος.
638 2736 732 2772 ὥσπερ
744 2737 791 2764 καὶ
808 2734 957 2772 πρότερον.’
968 2737 997 2763 Si

234 2769 309 2804 ικρόν
320 2789 327 2802 ,
352 2769 431 2797 deest
446 2769 507 2797 νοτ(
521 2772 611 2806 aliqua
626 2779 707 2806 quam
717 2769 722 2772 ⁷
734 2769 862 2806 supplere
881 2769 999 2799 c'ouatur

235 2805 273 2831 ill.
287 2823 294 2836 ,
320 2805 385 2831 dum
411 2807 510 2833 vertit:
535 2801 636 2833 Parum
656 2806 747 2833 la'tunt
767 2808 845 2840 [illam
867 2808 997 2838 habuerit,

211 2823 273 2832 νη..
287 2823 294 2836 ,
320 2823 385 2831 .......
415 2823 491 2833 νυ...
504 2825 510 2831 .
535 2823 545 2831 .
560 2823 636 2833 ...ηιμ
656 2823 747 2833 mm...
767 2823 845 2840 "ut".
867 2823 997 2838 rluuuclu.

210 2839 430 2870 quemadmodth
450 2846 474 2868 et
490 2842 573 2870 vrius.
591 2842 725 2870 Canterus
748 2841 884 2870 Novarum
906 2843 997 2871 lectio«

1086 2187 1142 2223 Οὐχ
1166 2187 1207 2214 ὅτι
1230 2186 1277 2214 νῦν
1302 2187 1459 2222 γράφομεν,
1484 2186 1635 2223 τολμηροὶ,
1661 2187 1718 2214 ἀλλ’
1734 2187 1773 2214 ὃτι
1801 2188 1838 2225 μὴ

1051 2254 1114 2273 num
1131 2244 1179 2281 lib.
1196 2252 1238 2276 111,
1255 2251 1315 2281 cap.
1332 2244 1378 2275 29,
1400 2248 1477 2281 putat
1493 2243 1660 2281 Tlieologum
1674 2251 1725 2279 pro
1742 2245 1838 2281 μικρὸν

1052 2280 1196 2314 scripsisse
1214 2279 1321 2315 μιαρόν,
1337 2283 1418 2315 atque
1434 2280 1494 2315 ideo
1506 2279 1712 2315 ita77legendum.

1089 2316 1145 2351 (8!)
1165 2314 1345 2351 ’ᾼφήσομεἈ
1356 2314 1401 2351 7lta
1418 2314 1480 2341 cod.
1493 2318 1519 2342 et
1537 2314 1671 2346 Combel‘.,
1691 2316 1786 2350 sicque
1801 2315 1838 2343 lc-

1018 2349 1167 2387 Dgit’liill.
1183 2350 1212 2376 In
1227 2350 1293 2387 edit.
1309 2349 1470 2387 ἁφήσιρμεν.

1089 2386 1145 2421 (8‘2)
1173 2385 1274 2418 Φθόνῳ
1289 2384 1422 2421 animi";
1439 2384 1650 2421 βουλομένοις.
1672 2384 1710 2412 Ita
1735 2385 1796 2412 cod.
1812 2389 1839 2412 et

1053 2419 1177 2449 Combef.
1202 2421 1230 2446 In
1247 2421 1313 2447 edit.
1336 2420 1413 2447 deest
1437 2421 1493 2447 καί,
1513 2419 1623 2454 Legisse
1646 2421 1755 2448 videtur
1777 2421 1836 2448 Bill.

1052 2457 1107 2483 τῶν
1122 2456 1301 2491 βουλομένων.
1319 2454 1406 2481 Vertit
1430 2456 1521 2491 enim:
1539 2455 1653 2482 Invidia:
1674 2463 1775 2484 eorum.
1793 2456 1838 2490 qui

1052 2493 1079 2518 id
1102 2492 1277 2526 appetebant,
1303 2491 1440 2517 cessimus.
1466 2490 1557 2518 Mallet
1580 2491 1704 2518 Combel'.
1727 2491 1838 2525 εἴξαμεν

1052 2527 1140 2563 θρόνῳ
1156 2529 1212 2557 τοῖς
1232 2526 1413 2563 βουλομένοις.
1430 2526 1524 2563 throno
1539 2526 1666 2563 cessimus
1682 2526 1837 2563 volentibus.

1087 2562 1143 2596 (85)
1166 2563 1206 2588 Οὐ
1217 2561 1351 2596 χρηστοῦ
1365 2570 1446 2594 τινος
1458 2561 1639 2596 πράγματος.
1655 2561 1771 2594 Quidam
1785 2561 1840 2588 for-

1052 2602 1126 2624 tasse
1148 2597 1282 2632 suspicari
1300 2601 1425 2630 poterant
1442 2597 1604 2632 Gregorium
1622 2605 1676 2624 non
1698 2597 1757 2624 sine
1771 2604 1840 2631 quo-

1053 2633 1115 2660 dam
1135 2632 1219 2668 animi
1235 2631 1332 2668 dolore
1351 2632 1657 2668 Constantinopolitano
1677 2632 1838 2667 episcopatu

1053 2675 1114 2695 sese
1128 2667 1282 2694 abdicasse.
1304 2667 1348 2694 Ait
1366 2667 1449 2702 igitur
1465 2667 1595 2694 nihilsibi
1606 2667 1756 2701 jucumlius
1768 2668 1839 2693 acci-

1052 2703 1117 2730 dere
1135 2702 1266 2737 potuisse,
1285 2710 1368 2737 quam
1391 2703 1462 2737 quod
1487 2711 1501 2729 a
1522 2707 1577 2729 tam
1601 2702 1702 2730 ditlicili
1719 2707 1745 2730 et
1767 2703 1839 2737 peri-

1052 2739 1148 2765 culoso
1161 2745 1275 2765 munere
1294 2738 1320 2765 in
1342 2738 1532 2765 suavissimam
1550 2738 1669 2772 quietem
1685 2737 1839 2764 vindicatus

1052 2774 1099 2803 sit,
1121 2781 1153 2800 ac
1168 2774 1242 2799 velut
1257 2781 1291 2799 ex
1314 2774 1477 2802 gravissima
1496 2777 1660 2808 tempestate
1682 2774 1710 2800 in
1731 2777 1839 2808 portum

1052 2808 1170 2836 delatus.
1186 2808 1305 2834 "mollit

1090 2845 1145 2880 (81)
1167 2845 1240 2871 Alias
1254 2841 1394 2871 CXXXIII.
1414 2843 1522 2880 Scripta
1541 2843 1637 2873 eodem
1652 2851 1735 2872 anno.
1747 2857 1782 2864 -
1797 2841 1841 2871 Bl~
