1931 3056
229 121 279 151 951

854 120 882 149 S.
905 120 1072 150 GBEGORH
1091 120 1266 150 THEOLOGI

1818 121 1873 150 232

229 188 260 210 ιιι
290 179 418 217 pluribus
435 179 578 207 beneﬁciis
606 187 659 208 nos
684 179 753 214 ipsis
783 179 933 208 obstrictos
962 187 1023 208 esse

1083 179 1130 215 (ἀρ
1149 180 1209 206 ἐστι
1234 179 1282 206 καὶ
1312 177 1508 213 ἀδικουμένους
1539 174 1569 205 εὗ
1603 177 1718 214 πάσχειν
1739 177 1806 214 (97),
1825 175 1873 207 καὶ

229 234 426 264 agnoscamus.
445 225 530 254 Multa
553 226 626 254 enim
648 231 723 260 sunt,
757 225 785 252 in
803 226 903 261 quibus
925 226 955 259 ii,
977 226 1024 261 qui

230 274 380 306 lmduntur,
401 273 567 301 beneﬁcium
581 273 734 309 accipiunt.
748 276 776 300 et
798 277 897 300 contra
914 272 961 304 iis,
978 272 1025 308 qui

229 320 395 348 beneﬁcium
417 320 569 355 accipiunt,
595 319 697 354 injuria
726 318 855 346 infertur.
875 318 964 354 Atque
991 318 1025 346 ad

231 366 305 394 hunc
326 365 438 393 modum
462 374 507 394 res
523 370 626 393 nostrae
648 373 678 393 se
695 365 806 393 habent.
823 365 904 398 Quod
920 365 944 393 si
960 364 1025 392 aliis

232 413 316 447 hujus
340 412 381 440 rei
397 412 477 440 ﬁdem
497 419 554 439 non
571 411 700 444 facimus,
718 415 744 439 te
757 410 867 446 quidem
880 414 966 443 certe,
981 410 1026 438 cui

231 459 328 487 libenti
340 460 432 486 animo
445 459 509 486 vita:
523 463 627 487 nostra:
648 459 783 486 rationem
806 457 959 490 reddimus,
981 457 1026 484 in-

232 509 291 532 star
320 505 442 532 omnium
474 503 546 531 scire
568 504 706 536 volumus,
737 503 793 530 imo
815 510 880 530 vero
905 506 933 529 et
955 502 1027 530 scire

232 550 414 584 conﬁdimus,
447 554 474 578 et
505 549 699 585 ignorantibus
727 548 807 575 ﬁdem
838 547 939 575 facere.
971 546 1026 575 Vos

232 605 308 629 vero,
326 598 453 628 obsecro,
472 596 547 624 omni
559 595 651 624 studio
666 595 693 622 in
717 595 769 622 hoc
782 594 944 628 incumbite,
962 599 991 621 ut
1003 593 1027 620 si

233 651 288 670 non
317 642 407 677 prius,
435 649 509 669 nunc
541 641 638 669 saltem
675 640 751 667 orbis
779 643 921 675 segmenta
955 638 1027 666 male

233 689 371 724 disiuncta
388 688 548 722 conspireut
570 691 597 714 et
618 689 727 717 coeant,
746 693 779 713 ac
807 685 976 720 presset-tim,
1003 684 1025 712 si

183 753 188 757 ι
231 743 280 763 eos
296 734 469 766 inveneritis,
494 742 548 761 non
573 733 609 760 ob
635 732 697 760 ﬁdei
725 732 893 764 doctrinam,
919 731 967 760 sed
992 731 1027 758 ob

231 780 354 816 privatas
367 779 525 807 simultates
541 779 613 805 inter
624 785 655 805 se
669 777 822 805 distractos
838 784 870 804 ac
889 776 1025 808 divulsos,

231 826 306 862 quod
322 825 432 861 quidem
452 825 511 860 ipse
531 824 686 852 observavi.
705 822 763 850 Hoc
780 827 807 851 et
830 823 909 850 vobis
924 830 1028 850 merce—

1076 226 1166 258 καλῶς
1196 226 1350 261 πάσχοντας
1364 225 1526 252 ἀδικεῖσθαι.
1552 224 1592 252 Τὰ
1613 225 1664 261 μὲν
1683 222 1730 252 οὖν
1748 226 1873 262 ἡμέτερα

1076 272 1200 299 τοιαῦτα.
1217 273 1272 299 Καὶ
1294 272 1318 298 εἰ
1339 270 1375 307 μὴ
1389 271 1452 303 τοὺς
1470 270 1567 304 ἄλλους
1581 271 1723 306 πείθομεν,
1742 272 1824 299 αὐτόν
1839 272 1874 307 γέ

1078 328 1107 346 σε
1129 319 1187 354 (98)
1213 318 1274 345 ἀντὶ
1303 317 1411 344 πάντων
1432 317 1532 343 εἰδέναι
1558 316 1717 352 βουλόμεθα,
1746 314 1769 352 ᾧ
1793 317 1873 353 λόγον

1077 365 1217 400 ὑπέχομεν
1231 364 1316 400 ήδέως
1332 363 1388 399 (99)
1410 363 1465 390 τῶν
1485 364 1638 399 ἡμετέρων,
1657 364 1757 399 μᾶλλον
1774 365 1813 397 δὲ,
1831 366 1874 391 εει

1076 411 1151 438 δέναι
1181 410 1371 445 πεπείσμεθα,
1397 410 1444 436 καὶ
1471 409 1577 436 πείθειν
1606 411 1670 442 τοὺς
1694 410 1871 444 ἀγνοοῦντας.

1083 458 1163 493 Ὑμῖν
1182 457 1227 489 δὲ,
1256 456 1418 492 παρακαλῶ,
1445 457 1519 483 πᾶσα
1549 457 1651 492 σπουδὴ
1676 457 1796 491 γενέσθω
1824 455 1875 484 νῦν

1076 504 1153 538 γοῦν,
1174 504 1198 530 εἰ
1226 503 1274 529 καὶ¹
1296 502 1334 538 μὴ
1360 502 1504 538 πρότερον,
1524 503 1705 538 συμφωνῆσαι
1718 504 1756 539 (1)
1772 504 1820 530 καὶ
1833 505 1877 535 εἰς

1077 549 1106 576 ἓν
1120 549 1208 576 ἐλθεῖν
1224 549 1260 576 τὰ
1293 549 1342 584 τῆς
1370 549 1534 584 οἰκουμένης
1560 549 1693 584 τμήματα
1719 549 1812 581 κακῶς
1834 550 1878 577 δι-

1077 595 1194 628 εστῶτα,
1209 596 1256 622 καὶ
1267 595 1397 631 μάλιστα,
1412 597 1436 623 ει
1449 595 1557 622 λάϐοιτε
1569 595 1667 627 αὐτοὺς
1682 596 1731 631 οὐχ
1744 596 1814 632 ὑπὲρ
1824 596 1875 623 τοῦ

1076 641 1156 676 λόγου
1182 642 1233 677 τῆς
1261 642 1390 675 πίστεως,
1410 642 1468 669 ἀλλ’
1492 642 1563 678 ὑπὲρ
1575 642 1629 669 τῶν
1650 642 1723 669 ἰδίων
1740 643 1877 678 μικροψυ-

1077 688 1142 723 χιῶν
1157 687 1314 722 διεστῶτας,
1339 689 1409 725 ὅπερ
1424 688 1480 723 ἐγὼ
1502 689 1643 724 τετήρηκα
1657 689 1705 724 (‘2).
1725 689 1812 716 Τοῦτο
1826 689 1877 716 καὶ

1077 733 1142 767 ὑμῖν
1158 732 1307 768 ἔμμισθον,
1327 733 1360 760 ἃν
1376 734 1420 768 εἴη
1436 733 1467 760 τὺ
1482 733 1626 761 δύνασθαι·
1643 735 1690 760 καὶ
1705 735 1770 769 ἡμῖν
1782 735 1798 770 ἡ
1809 735 1878 761 ἀνα-

1077 778 1198 814 χώρησις
1222 778 1387 814 ἀλυποτέρα,
1403 780 1428 806 εἰ
1452 779 1604 814 φανείημεν
1621 779 1659 815 μὴ
1673 779 1759 811 κενῶς
1771 780 1877 816 ταύτην

1077 824 1261 860 ἁρπάσαντες,
1289 825 1345 852 ἀλλ’
1365 826 1455 852 ἑκοντὶ
1479 826 1516 861 (3)
1535 826 1662 862 ῥίψαντες
1677 827 1752 861 ἡμᾶς
1774 826 1878 858 αὐτοὺς

231 873 294 900 dem
310 872 415 904 tulerit,
431 871 454 898 si
475 870 502 897 id
519 869 664 905 potueritis
682 878 690 903 ;
707 873 735 896 et
752 868 832 896 nobis
857 869 949 896 minus
963 875 1023 896 mre

1083 871 1149 897 κατὰ
1159 871 1305 906 πελάγους,
1318 872 1413 908 ὥσπερ
1424 873 1437 898 ὁ
1446 872 1538 904 Ἰωνᾶς
1555 873 1593 907 (ι)
1612 873 1725 905 ἐκεῖνος.
1736 873 1769 900 ἵν’
1785 874 1799 900 ὁ
1809 873 1879 900 κλύ-

231 920 304 947 roris
332 918 476 946 habiturus
501 922 544 945 est
566 920 661 944 noster
675 923 814 948 secessus,
831 915 854 942 si
872 915 1023 950 apparuerii

1083 916 1134 943 δων
1160 917 1310 952 παύσηται,
1327 917 1374 944 καὶ
1399 917 1522 944 σωθῶσιν
1542 917 1671 952 ἀσφαλῶς
1698 919 1723 945 oi
1741 918 1879 954 ἐμπλέον-

231 973 283 993 nos
317 972 380 992 eum
417 971 473 991 non
506 963 647 991 incussum
680 963 822 997 amplexos
853 961 954 994 fuisse,
980 961 1028 989 sed

231 1016 331 1047 sponte
348 1011 535 1044 nosmetipsos
558 1009 586 1036 in
609 1008 733 1044 pelagus,
752 1007 828 1035 Jonas
853 1007 927 1034 illius
947 1006 1028 1042 ιιι

1080 971 1134 994 τες.
1155 963 1186 989 Εἰ
1213 963 1242 989 δὲ
1256 963 1331 990 οὐδὲν
1347 961 1428 998 ἦττον
1452 963 1640 999 χειμάζονται,
1653 963 1718 998 τόγε
1737 963 1878 1000 ἡμέτερον

1080 1009 1271 1044 εἰσενήνεκται.

231 1059 330 1091 instar,
347 1058 512 1094 projecisse,
534 1061 564 1084 ut
583 1057 694 1084 sedetur
706 1060 866 1090 tempestas,
882 1062 914 1082 ac
929 1060 1055 1083 vectores
1071 1059 1130 1084 tuto
1145 1061 1298 1086 serventur.
1331 1057 1411 1091 Quod
1442 1058 1464 1086 si
1503 1058 1682 1086 nihilominus
1710 1061 1878 1093 tempestate

228 1107 381 1143 jactuntur,
403 1114 454 1133 nos
475 1109 566 1136 certe,
589 1103 663 1140 quod
687 1104 714 1130 in
743 1103 822 1130 nobis
844 1102 894 1130 fuit
916 1102 1103 1138 praestitimus.

303 1164 448 1193 CXXXVL
466 1161 624 1191 MODARIO
641 1161 840 1190 EXERCITUS
865 1160 956 1189 DUCL

1187 1164 1281 1198 ΡΛςῖι.
1299 1165 1450 1201 musam!)
1471 1164 1701 1200 ΣΤΡΛΤΗΛΑΤῌ
1717 1164 1766 1200 (5).

266 1224 352 1252 Alteri
367 1225 448 1251 etiam
468 1224 603 1260 magistro
618 1222 747 1260 militum,
759 1230 819 1248 cum
827 1222 887 1256 jam
901 1222 1044 1260 concilium
1057 1223 1257 1260 'celebraretur,
1271 1225 1374 1252 litteras
1389 1225 1461 1252 dedit
1472 1224 1625 1260 Gregorius.
1639 1225 1735 1260 quibus
1751 1224 1878 1253 obsecrat

231 1265 260 1287 ut
284 1269 375 1295 pacem
394 1265 419 1287 et
429 1259 606 1296 goncordiaut
614 1259 687 1296 inter
705 1258 852 1296 episcopw,
873 1258 919 1292 qui
933 1263 1119 1293 convenerant,
1134 1259 1221 1294 foveat
1233 1265 1257 1287 et
1270 1265 1389 1288 tueatur.
1411 1260 1440 1288 Is
1453 1258 1584 1296 rttagiater
1597 1258 1714 1287 militum
1730 1259 1875 1288 Modariua

229 1293 288 1323 erat
301 1296 408 1323 natione
421 1294 532 1326 Gothus,
549 1294 593 1321 sed
608 1293 790 1321 Christianus.

265 1351 308 1380 Tu
327 1351 407 1379 nobis
424 1355 450 1378 et
464 1355 609 1386 cognatus,
626 1353 654 1377 et
670 1348 816 1376 familiaris
828 1356 869 1380 es,
893 1352 920 1376 et
941 1349 1024 1384 quid-

229 1399 297 1436 quid
311 1397 448 1433 ejusmodi
465 1405 480 1424 a
494 1403 634 1432 quoquam
653 1395 708 1423 dici
725 1395 823 1430 possit.
839 1394 933 1423 Pietas
948 1395 1023 1422 enirn

230 1453 282 1473 nos
298 1443 444 1478 conjunxit
459 1447 486 1470 et
504 1441 617 1469 virtutis
634 1441 734 1476 gloria,
749 1447 832 1475 quam
849 1440 878 1468 in
891 1445 918 1467 te
935 1440 1023 1467 anitu-

231 1490 402 1518 advertimus
418 1497 425 1522 ;
443 1489 508 1516 hinc
522 1487 652 1516 videlicet
667 1486 735 1514 illud
760 1486 906 1522 perspicue
929 1491 1024 1513 osten-

230 1536 324 1567 dente,
338 1534 465 1563 Graecum
485 1537 513 1560 et
534 1532 693 1563 barbarum,
715 1538 877 1566 corporum,
893 1538 949 1558 non
966 1530 1026 1557 ani-

230 1589 352 1613 morum,
373 1587 434 1608 esse
457 1579 620 1610 discrimen,
644 1585 677 1605 ac
706 1577 830 1604 locorum
851 1577 1023 1609 distantiam,

230 1635 286 1656 non
305 1630 398 1655 autem
423 1633 532 1653 morum
557 1631 589 1652 ac
608 1624 792 1652 voluntatum.
813 1623 902 1659 Atque
920 1623 1024 1651 utinam

230 1673 311 1700 multi
334 1680 368 1699 ex
393 1671 437 1704 iis,
460 1670 508 1706 qui
532 1677 631 1706 genere
660 1670 806 1697 nobiscum
829 1669 919 1705 juncti
947 1673 1023 1703 sunt,

230 1717 395 1754 probitatem
413 1721 490 1744 tuam
505 1716 666 1743 imitentur!
683 1714 729 1742 Sic
748 1715 821 1743 enim
843 1722 899 1742 non
915 1715 1022 1749 dubito,

229 1764 298 1799 quin
308 1771 352 1791 res
365 1770 462 1790 omnes
475 1766 588 1794 nostrae,
603 1765 658 1788 tam
672 1761 788 1797 publicae
798 1769 881 1797 quam
898 1761 1022 1796 privam,

230 1809 303 1842 bella
318 1809 452 1836 habitura:
469 1809 535 1836 sint.
552 1807 591 1835 Te
606 1811 697 1835 autem
713 1814 782 1841 rogo
795 1811 878 1842 atque
892 1807 1021 1839 obsecro,

233 1860 263 1883 ut
277 1855 510 1891 quemadmodum
533 1860 678 1882 externum
695 1853 796 1881 bellum
821 1860 904 1881 manu
928 1858 975 1880 tua
994 1857 1022 1880 et

229 1901 348 1928 consilio
373 1907 405 1927 ac
424 1899 570 1935 prudentia
596 1898 764 1934 exslinguis,
786 1902 901 1926 strenuo
925 1898 1020 1926 animo

230 1950 323 1981 partes
347 1950 459 1973 nostras
475 1949 582 1978 tutans,
601 1944 639 1971 ita
659 1943 743 1971 etiam
764 1947 890 1972 nostrum
912 1951 1023 1980 quoque

227 1992 398 2027 comprimas
421 2001 429 2019 ε
451 1991 584 2018 nimirum
604 1994 738 2026 quantum
755 1990 785 2017 in
810 1994 838 2017 te
855 1990 938 2018 situm
959 1991 1022 2024 erit,

228 2038 410 2071 contendens,
430 2043 460 2066 ut
481 2037 632 2074 episcopis,
651 2037 698 2072 qui
725 2044 800 2064 nunc
820 2041 1021 2070 convenerunt,

229 2090 344 2120 pacatus
362 2086 425 2113 ﬁnis
443 2086 490 2113 sit.
508 2085 613 2112 Etenim
630 2092 702 2119 stupe
719 2084 747 2111 in
763 2091 850 2111 unum
872 2085 957 2116 coire,
973 2093 1023 2112 nec

1117 1350 1198 1386 Ἡμῖν
1214 1352 1246 1379 σὺ
1263 1352 1310 1379 καὶ
1323 1352 1362 1387 (6)
1386 1351 1521 1388 συγγενὴς
1534 1353 1582 1379 κα)⁸
1595 1353 1695 1384 οἰκεῖος
1705 1373 1713 1386 ,
1731 1352 1777 1380 καὶ
1793 1353 1850 1379 πᾶν
1861 1353 1877 1380 ’ὀ

1075 1406 1102 1424 τι
1115 1396 1163 1425 οὖν
1184 1398 1217 1426 ἂν
1239 1399 1276 1434 (7)
1302 1399 1374 1426 εἴποι
1394 1399 1515 1426 τοιοῦτόν
1540 1408 1592 1431 τις.
1619 1400 1650 1426 Ἠ
1671 1399 1726 1435 γὰρ
1743 1399 1878 1427 εὐσέϐεια

1076 1444 1197 1479 συνῆψεν
1213 1445 1298 1480 ἡμᾶς,
1323 1445 1371 1472 καὶ
1386 1445 1418 1472 τὸ
1431 1446 1482 1481 τῆς
1503 1445 1605 1481 ἀρετῆς
1626 1445 1780 1481 εὐδόκιμον,
1797 1445 1831 1481 ἣν
1844 1446 1876 1472 ὲν

1039 1504 1060 1534 c
1078 1485 1119 1516 σοὶ
1130 1491 1334 1526 κατεμάθομεν,
1354 1490 1472 1524 δείξαντι
1491 1491 1597 1526 σαφῶς,
1613 1491 1654 1518 ὃτι
1668 1490 1700 1517 τὸ
1715 1490 1876 1526 Ἑλληνικὸν

1079 1536 1128 1562 καὶ
1143 1535 1174 1562 τὸ
1193 1536 1342 1572 βάρσαρον,
1361 1537 1506 1571 σωμάτων,
1520 1537 1551 1563 οὑ
1562 1536 1656 1572 ψυχῶν
1671 1537 1729 1563 ἐστι
1742 1536 1875 1572 διαφορὰ,

1079 1580 1128 1607 καὶ
1142 1580 1234 1608 τόπων
1261 1581 1411 1614 διάστασις,
1425 1581 1483 1608 ἀλλ’
1507 1582 1537 1608 οὐ
1556 1582 1676 1618 τρόπων,
1693 1582 1755 1608 οὐδὲ
1773 1590 1876 1618 προαι-

1080 1626 1182 1663 ρέσεων
1206 1626 1255 1662 (8).
1269 1627 1301 1653 Εἰ
1329 1627 1435 1661 γένοιτο
1461 1627 1576 1660 πολλοὺς
1602 1627 1657 1655 τῶν
1682 1628 1825 1663 ἡμετέρων
1841 1628 1876 1655 τὸ

1079 1673 1168 1708 γένος,
1186 1673 1236 1709 τὴν
1245 1673 1294 1708 σὴν
1312 1674 1485 1710 μιμήσασθαι
1497 1674 1709 1708 καλοκάγαθίαν,
1721 1674 1767 1701 καὶ
1782 1674 1876 1702 πάντα

1078 1719 1144 1755 ἡμῖν
1160 1718 1208 1746 οἷδ’
1238 1720 1279 1747 ὅτι
1293 1720 1349 1753 ἕξει
1379 1720 1480 1752 καλῶς,
1498 1721 1533 1748 τά
1551 1729 1581 1748 τε
1597 1721 1674 1748 κοινὰ
1691 1721 1738 1748 καὶ
1757 1722 1790 1749 τὰ
1805 1721 1874 1748 ἴδια.

1076 1765 1234 1801 Παρακαλῶ
1242 1766 1281 1799 δὲ,
1291 1766 1386 1802 ὥσπερ
1394 1767 1440 1794 τὸν
1454 1766 1554 1800 ἔξωθεν
1567 1767 1687 1803 πόλεμον
1702 1769 1737 1803 τῇ
1754 1767 1874 1794 σεαυτοῦ

1075 1811 1150 1847 δεξιᾷ
1164 1812 1212 1838 καὶ
1227 1811 1333 1838 συνέσει
1346 1812 1385 1847 (9)
1397 1811 1554 1844 καταλύεις,
1568 1812 1700 1847 γενναίως
1716 1812 1875 1849 ὑπὲρήμῶν

1077 1857 1233 1893 ἱστάμενος,
1263 1858 1336 1885 οὕτω
1361 1858 1442 1886 λῦσον
1465 1859 1573 1886 καὶτὸν
1599 1859 1746 1895 ἡμέτερον·
1767 1859 1817 1886 ὃσα
1838 1860 1874 1894 γέ

1074 1905 1148 1930 ἐστιν
1174 1904 1222 1930 ἐπὶ
1238 1904 1289 1935 σοὶ,
1304 1905 1441 1941 εἰρηνικὸν
1462 1905 1589 1940 γενέσθαι
1602 1905 1633 1932 τὸ
1649 1906 1724 1937 τέλος
1735 1907 1792 1937 τοῖς
1807 1914 1874 1932 συν-

1076 1949 1184 1977 ελθοῦσι
1201 1950 1249 1977 νῦν
1268 1951 1429 1983 ἐπισκόποις
1450 1951 1666 1988 ἀγωνισάμενος.
1685 1952 1723 1979 Τὸ
1733 1952 1788 1987 γὰρ
1805 1960 1872 1979 συν-

1077 1996 1146 2022 ιέναι
1162 1996 1211 2032 μὲν
1226 1996 1367 2030 πολλάκις,
1381 1997 1464 2033 μηδὲν
1485 1997 1514 2024 δὲ
1531 1998 1617 2034 πέρας
1628 1998 1803 2034 εὑρίσκεσθαι
1815 1997 1873 2024 τῶν

1076 2042 1182 2075 κακῶν,
1203 2043 1262 2069 ἀλλ’
1292 2044 1336 2070 ἀεὶ
1362 2044 1538 2080 προστιθέναι
1573 2047 1707 2081 ταραχαῖς
1727 2044 1872 2081 ταραχὰς,

1077 2088 1201 2123 μείζονος
1214 2089 1263 2124 τῆς
1285 2089 1417 2125 αἰσχύνης
1436 2090 1527 2125 (10),δ
1547 2091 1595 2118 καὶ
1618 2092 1699 2124 αὐτὸς
1711 2091 1869 2126 γινώσκεις.

228 2139 321 2160 tamen
338 2133 424 2160 ullum
450 2133 586 2160 malorum
628 2132 709 2159 tinem
733 2130 862 2166 reperire,
882 2138 978 2158 verum
1010 2136 1176 2164 tumultibus
1195 2143 1304 2172 semper
1341 2137 1477 2166 tumultus
1509 2138 1670 2175 adjungere,
1693 2139 1817 2175 majoris,
1839 2134 1873 2165 ιιι

229 2181 258 2206 ιιι
273 2187 384 2215 quoque
400 2187 455 2206 non
471 2180 593 2214 ignoras,
609 2182 652 2206 cst
666 2177 796 2205 infamiae.

264 2269 321 2304 (97)
341 2269 398 2296 Καὶ
417 2267 644 2304 ἀδικουμέῇιῃιςΔ
659 2265 694 2295 εὖ
720 2267 862 2302 πάσχειν,
893 2267 933 2295 Ita
957 2268 1020 2295 cod.
1038 2271 1059 2298 D
1074 2268 1132 2296 ἀλλ’
1147 2270 1264 2302 ἑκόντες.

228 2302 294 2339 Reg.
310 2302 337 2331 et
348 2304 426 2339 Pass.
440 2305 468 2331 In
480 2302 547 2331 edit.
564 2302 723 2339 Hollo‘trya'tp
738 2305 794 2330 ἐστι
806 2303 854 2330 καὶ
867 2303 1021 2330 ἀδικεῖσθαι

227 2338 373 2371 δοκοῦντας
388 2338 417 2366 εὖ
434 2340 561 2374 πάσχειν,
577 2342 630 2366 etc.
648 2338 736 2365 Multa
753 2339 820 2365 enim
837 2343 899 2365 sunt
910 2341 937 2366 in
962 2340 1020 2374 qui-

228 2375 277 2401 bus
292 2375 312 2401 ii
323 2376 367 2410 qui
388 2374 449 2402 (cedi
464 2373 585 2402 videntur
600 2373 753 2408 beneﬁcith
766 2375 909 2408 accipiunt,
920 2379 944 2401 et
958 2373 1021 2401 cun-

228 2414 272 2445 tra
292 2411 324 2437 iis
338 2410 382 2444 qui
395 2411 549 2445 beneﬁcium
565 2410 683 2441 accipere
702 2414 830 2443 putantur
853 2410 954 2445 injuria
977 2410 1020 2436 iu-

228 2444 325 2480 fertur.
345 2446 423 2480 Sape
435 2444 463 2473 ct
477 2445 581 2472 inimici
598 2450 714 2479 prosunt
728 2445 762 2472 iis
780 2445 881 2479 quibus
904 2446 1020 2480 cupiunt

227 2489 339 2513 nocere,
355 2487 382 2508 et
403 2481 486 2516 antici
508 2480 610 2508 obsunt
631 2480 666 2516 iis
688 2481 788 2515 quibUs
814 2481 946 2516 prodesse
971 2488 1021 2507 cu-

227 2516 317 2550 piunt.
339 2515 407 2544 Vide
420 2515 611 2548 Plutarchum,
636 2515 675 2542 De
692 2515 856 2543 utilitate’ab
871 2516 958 2543 amico
974 2524 1021 2542 ca—

245 2551 332 2578 ienda.

226 2558 491 2622 yw(’9a8’)l-Helooysr,
504 2586 598 2613 αὐτόν
611 2586 643 2622 γέ
657 2595 703 2614 σε.
723 2585 790 2614 Cod.
814 2586 964 2622 πείθωμεν.
982 2585 1021 2613 ld.

228 2622 288 2648 cod.
301 2627 328 2649 et
342 2623 465 2650 Cmnbel'.
482 2623 563 2648 αὑτὸν
580 2622 609 2648 δέ
625 2623 657 2656 γέ
673 2631 713 2649 σε.

263 2657 319 2691 (99)
340 2657 458 2691 Ἡδέως.
475 2657 543 2684 Cod.
559 2661 585 2684 et
599 2657 722 2685 Coutbef.
738 2658 828 2692 ἡμεῖς.

263 2692 301 2728 (1)
319 2692 532 2728 Συμφωνῆσαι.
548 2692 616 2720 Cod.
636 2693 667 2719 Ιὶ.
686 2693 886 2728 συμφρονῆσαι.

264 2726 407 2764 (ὴέοεὶέρ
429 2727 489 2764 ἐγὼ)
503 2728 660 2761 τετήρηκα.
675 2726 839 2762 (ὶοιίξῖὶθέ.
869 2729 938 2764 ὅπερ
965 2726 1020 2761 ἐγὼ

227 2763 400 2798 πεπείρακα,
420 2763 489 2797 quod
515 2764 619 2798 quidem
642 2765 695 2798 ipse
724 2765 820 2791 teutavi
836 2771 846 2790 .'
864 2771 944 2796 mox,
966 2771 1016 2798 pro

226 2797 318 2830 τοῦτο,
332 2798 393 2824 cod.
410 2798 490 2826 οὓτω.

263 2833 302 2868 (5)
327 2834 403 2861 Ἀλλ’
422 2833 532 2861 exorti.
559 2832 599 2860 Ita
621 2834 683 2862 cod.
705 2834 869 2863 ctCombcf.
895 2834 924 2862 ln
948 2833 1015 2861 edit.

1110 2305 1149 2339 (Δ)
1167 2306 1280 2345 ξΩρςπερ
1292 2307 1309 2334 ό
1335 2306 1447 2345 Ἰωνᾷς.
1466 2307 1505 2334 Ita
1523 2308 1586 2336 cod.
1604 2313 1632 2336 et
1653 2309 1720 2345 Reg.
1747 2310 1778 2338 In
1798 2311 1867 2340 edit.

1074 2339 1152 2381 deest.
1164 2341 1280 2381 ᾒ-Μοὶί.ἱ
1286 2339 1506 2381 promebantur,
1527 2345 1588 2371 cod.
1603 2339 1706 2381 παύσῃῖ

1109 2376 1148 2413 (5)
1157 2376 1369 2413 AliasCXXXV.
1379 2376 1486 2413 Scripta
1492 2380 1633 2412 anno582,
1643 2376 1755 2408 ineunte
1761 2385 1866 2410 testate.

1109 2412 1147 2446 (6)
1173 2412 1269 2452 Ἡμῖν-⁸
1278 2413 1324 2452 σὺ.
1343 2413 1404 2452 uel:
1429 2412 1474 2452 Ita
1492 2415 1574 2452 codd.
1601 2416 1667 2452 Reg.
1685 2416 1716 2449 Β,
1744 2417 1772 2448 5.
1785 2421 1811 2444 et
1831 2419 1866 2450 it,

1073 2446 1195 2486 Nortiae.
1202 2453 1234 2486 et
1250 2448 1373 2486 (Zombel'.
1387 2448 1417 2486 [ιι
1432 2449 1499 2486 edit.
1515 2450 1546 2478 σύ
1561 2446 1648 2479 deest:

1100 2482 1154 2544 ig)",
1167 2482 1260 2544 gag’é
1272 2492 1300 2510 τι
1311 2481 1368 2511 οὖν
1384 2483 1431 2511 ἄν.
1449 2485 1489 2512 lla
1502 2487 1563 2513 cod.
1576 2492 1603 2514 et
1616 2487 1740 2514 Combef.
1754 2487 1784 2514 In
1797 2489 1865 2517 edit.

1075 2525 1129 2544 παν
1140 2526 1154 2544 ο
1167 2526 1194 2544 τι
1207 2525 1250 2546 αν.

1073 2587 1096 2614 Β
1110 2553 1149 2614 (ἶ)
1165 2553 1242 2580 Οὐδὲ
1255 2553 1465 2596 προαιρέσεως.
1483 2555 1522 2583 Ita
1539 2557 1621 2598 codd.
1643 2557 1710 2599 Beg.
1728 2558 1768 2588 lB.
1787 2559 1814 2591 5,
1838 2564 1869 2587 et

1101 2608 1109 2619 ,
1152 2595 1244 2617 ontac.
1262 2596 1289 2617 et
1306 2590 1413 2620 Morel..
1433 2599 1527 2620 stcuue
1541 2592 1606 2620 legit
1620 2593 1681 2620 Btll.
1702 2595 1737 2620 At
1753 2595 1814 2620 cod.
1838 2599 1868 2620 et

1075 2597 1109 2619 ts,
1125 2597 1244 2617 montac.
1262 2597 1289 2617 et
1306 2597 1413 2622 moret.,
1433 2599 1527 2626 sthue
1541 2597 1606 2628 legit
1620 2597 1681 2620 Bill.
1702 2597 1737 2620 At
1753 2597 1814 2621 cod.
1838 2599 1868 2622 et

1075 2623 1200 2664 Combef.
1219 2626 1416 2664 προαιρέσεως.
1429 2627 1462 2664 [ιι
1475 2627 1540 2664 edit.
1556 2629 1777 2664 προδιαιρέσεων.
1791 2629 1864 2660 Mox.

1075 2666 1125 2699 pro
1145 2660 1312 2699 ρι’-γένοιτο,
1330 2663 1401 2699 _cod.
1429 2661 1496 2697 Reg.
1515 2663 1531 2697 ἢ
1556 2660 1673 2697 γένοιτοί
1697 2664 1766 2691 Cod.
1787 2665 1820 2692 ﬂ.
1838 2671 1867 2693 et

1075 2694 1199 2730 Combel'.
1211 2693 1228 2730 ἦ
1245 2696 1291 2722 καί
1305 2697 1420 2730 γένοιτο.

1111 2729 1150 2761 (9)
1165 2729 1250 2764 Δεξάᾲ
1266 2729 1315 2758 καὶ
1332 2732 1468 2760 συνέσει.
1489 2732 1520 2760 In
1542 2733 1605 2762 cod.
1625 2735 1672 2762 καὶ
1689 2735 1795 2762 συνέσει
1817 2736 1866 2764 de-

1071 2769 1145 2791 sunt.

1107 2801 1168 2842 (t0)
1184 2801 1241 2835 Τῆς
1254 2804 1415 2842 αἰσχύνης.
1432 2803 1471 2832 Ita
1487 2805 1550 2833 cod.
1570 2804 1638 2842 Reg.
1654 2810 1681 2836 et
1693 2805 1816 2835 Combef.
1831 2807 1863 2835 In

1071 2834 1137 2864 edii.
1153 2834 1229 2865 deest
1246 2838 1305 2872 τῆς.
