1931 3056
262 150 316 178 255

882 151 910 178 S.
931 151 1094 180 GREGORII
1115 152 1288 182 THICOIDGI

1839 160 1900 189 236

263 211 462 238 commodaturi
488 218 602 243 sumus,
630 212 753 246 quandiu
775 211 905 245 durabit,
927 212 1040 247 viresque

1105 214 1183 248 ἡμεῖς
1195 213 1276 249 βάρος
1294 213 1409 248 ἔχωμεν,
1427 214 1497 242 οὕτω
1513 217 1737 253 κατακρινόμενοι
1825 224 1891 256 παρ’

262 262 365 286 nostrae
380 257 478 289 ferent.
496 261 525 284 lll
543 265 592 285 nec
610 265 661 285 nos
679 266 835 290 oncremur,
851 262 932 293 atque
946 259 1048 286 obrua-

263 311 334 335 mur,
348 308 405 330 tum
423 311 438 330 a
455 303 533 331 vobis
547 304 589 331 sic
603 303 790 336 condemnati,
809 309 865 331 tum
882 304 949 331 cleri
966 305 1050 332 totius

262 350 430 377 clamoribus
453 350 597 385 exagitati,
616 351 809 378 communibus
824 351 947 378 omnium
964 352 1050 386 gemi-

261 396 335 423 tibus
353 403 404 423 nos
419 395 612 430 opprimentis,
637 399 719 430 atque
731 396 883 424 Ecclesiam
900 396 1049 430 neglectam

261 446 415 472 cernentes,
442 448 474 469 ac
496 442 648 476 permultos
668 441 750 476 etiam
778 441 965 474 otTendentes,
989 446 1050 468 tan-

261 495 343 522 quam
371 487 502 514 Ecclesiae
532 487 640 522 negotia
669 492 900 520 contemnamus;
927 495 976 514 nec
1002 495 1050 514 vos

260 533 363 561 diutius
391 533 418 560 in
447 533 534 560 nostri
559 533 764 568 contemptione
790 533 931 560 laboretis.
962 533 1050 568 Atque

261 579 312 606 hoc
328 579 462 606 iaciemus
481 579 609 614 precibus
627 580 727 606 vestris
746 579 817 611 freti,
838 579 860 606 si
878 584 906 605 tu
922 579 1050 606 Ecclesia:

260 632 353 651 curaui
376 625 518 659 suscipere
535 625 651 656 vereris.
670 629 700 651 ut
713 629 740 651 ct
763 627 820 659 ipse
837 625 947 656 scribis,
962 628 989 651 et.
1006 632 1049 651 res

260 669 326 704 ipsa:
351 669 430 696 lidcm
455 668 569 696 faciunt.
598 668 712 695 Praestat
736 669 808 695 enim
834 668 887 696 illis
907 668 981 695 curis
1003 668 1049 693 ἰηι-

260 713 347 744 mori,
379 721 461 748 quam
493 713 555 744 his,
595 713 815 748 quandoquidem
849 713 962 740 omnino
999 719 1049 740 nos

260 756 340 792 atlligi
370 765 485 785 necesse
512 762 572 789 cst,
598 756 654 784 Deo
680 765 724 785 res
750 761 860 784 nostras
886 758 924 784 ita
944 757 1048 785 consti-

259 807 364 830 tuente.

414 861 494 896 ne
518 860 662 888 cxxxrx.
690 860 887 888 THEODORO.

1105 258 1248 293 ὑμῶν,καὶ
1273 259 1347 294 παρὰ
1369 259 1469 291 παντὸς
1495 260 1540 286 τοῦ
1558 261 1658 296 κλήρου
1687 263 1897 299 καταϐοώμενοι

1104 304 1239 336 παντοίοις
1265 304 1390 340 ὀδυρμοῖς
1416 304 1584 338 ὲκθλίϐοντος
1600 307 1684 342 ἡμᾶς,
1700 309 1745 334 καὶ
1757 309 1805 344 τὴν
1831 310 1897 337 Ἑκ-

1103 349 1217 385 κλησίαν
1247 351 1363 385 ὁρῶντες
1386 351 1590 388 ἀμελουμένην,
1616 355 1662 380 καὶ
1694 356 1756 387 τοὺς
1776 356 1895 389 πολλοὺς

1102 395 1277 431 πλήσσοντες,
1290 396 1383 432 ὥσπερ
1391 397 1578 433 ὑπερορῶντες
1591 399 1625 426 τὰ
1639 400 1688 435 τῆς
1707 401 1874 437 Ἑκκλησίας
1886 412 1894 418 -

1103 442 1170 475 μήτε
1200 441 1278 476 ὑμεῖς
1308 441 1464 477 μακρότερα
1487 443 1609 478 κάμνητε
1629 445 1781 480 ἀτιμῶντες
1803 448 1894 482 ἡμᾶς.

1101 487 1154 512 Καὶ
1169 486 1247 513 τοῦτο
1266 487 1403 523 πράξομεν
1420 490 1479 520 ταῖς
1493 489 1638 526 ὑμετέραις
1650 491 1753 526 εὐχαῖς,
1770 494 1794 519 εί
1806 493 1895 525 αὐτὸς

1101 531 1188 563 ὀκνεῖς
1201 533 1247 558 καὶ
1259 533 1308 567 τῆς
1332 533 1493 568 Ἐκκλησίας
1514 534 1569 569 (25)
1585 535 1632 570 τὴν
1656 537 1836 571 προστασίαν,
1852 538 1894 569 ὡς

1100 578 1180 609 αὑτός
1212 587 1241 604 τε
1264 578 1369 612 λέγεις,
1405 580 1450 606 καὶ
1482 580 1570 606 πείθει
1591 581 1625 607 τὰ
1646 582 1804 617 πράγματα.
1825 584 1893 610 Βέλο

1100 632 1156 650 τιον
1177 623 1231 659 γὰρ
1260 625 1380 656 ἐκείναις
1403 625 1578 653 ἐναποθανεῖν
1607 628 1666 659 ταῖς
1693 628 1848 663 φροντίσιν,
1875 630 1893 664 ἦ

1099 669 1222 703 ταύταις,
1248 670 1341 705 ἐπειδὴ
1366 671 1407 696 δεῖ
1422 671 1530 704 πάντως
1543 672 1734 709 ταλαιπωρεῖν,
1754 673 1826 700 οὕτω
1842 684 1892 701 τυ-

1100 717 1214 748 ποῦντος
1225 717 1271 744 τοῦ
1288 717 1355 744 Θεοῦ
1367 717 1399 744 τὰ
1413 713 1544 754 ἡμέτερα.

1316 861 1399 887 ΡΛΘ¹.
1423 861 1574 896 ΘΕΟΔΩΡῼ
1597 861 1662 897 (et).

295 917 359 949 Quia
379 917 424 943 ille
445 918 478 943 sit
500 917 668 948 Theodorus,
695 917 729 943 ad
748 926 824 951 quem
845 917 988 952 Gregorius
1012 917 1059 944 has
1083 916 1185 943 litteras
1209 917 1361 952 scripserit.
1385 926 1437 945 non
1465 919 1552 945 aitsim
1580 927 1708 946 asserere.
1737 919 1768 947 Si
1790 919 1886 947 dixero

260 952 423 989 Theodorum
445 952 605 989 Tyanensent
617 974 623 984 ,
642 953 718 978 verba
739 954 827 989 ipsius
844 951 978 987 cpistolw,
995 960 1053 987 quie
1075 951 1237 989 contrarium
1257 953 1369 987 probant
1383 973 1391 984 ,
1415 953 1582 988 objicientur.
1601 955 1651 981 llis
1663 963 1721 981 eum
1733 974 1741 985 .
1758 955 1792 981 ad
1806 964 1885 989 quem

258 987 360 1017 scribit.
378 987 518 1024 Gregorius
535 988 616 1024 verbi;I
635 988 774 1022 compellat
789 997 798 1015 :
815 988 881 1015 Cum
899 995 994 1015 recens
1011 987 1127 1024 negotiis
1139 988 1288 1024 praefectus
1303 989 1341 1015 sis
1355 1009 1362 1020 ,
1379 993 1406 1015 et
1421 989 1531 1022 ignores
1543 990 1671 1024 plurima,
1690 995 1719 1017 ut
1734 987 1885 1017 verisimile

257 1026 318 1053 est.
342 1029 403 1060 (μω
417 1023 449 1060 ad
474 1022 616 1049 historiam
631 1027 753 1060 nostrain
775 1027 917 1060 spectant.
937 1028 995 1060 etc;
1016 1022 1144 1060 Nunquid
1164 1022 1426 1060 Tlteodorusrrerum
1450 1033 1508 1058 quw
1530 1022 1566 1060 ad
1595 1024 1715 1060 Gregorii
1741 1024 1886 1052 historiam

258 1058 421 1095 spectabunt,
441 1057 548 1095 ignarus
562 1061 640 1095 erat;
658 1057 819 1095 Theodorus,
838 1058 958 1095 inquam,
975 1057 1119 1095 Tyartettsjs
1131 1077 1138 1090 ,
1152 1058 1202 1095 qui
1216 1058 1327 1095 {triensi
1342 1063 1420 1085 natus
1432 1079 1439 1091 ,
1457 1057 1505 1094 qui
1521 1057 1818 1095 Gregorio'familiaris.
1837 1061 1886 1095 qui

258 1093 340 1132 ipsius
359 1092 716 1132 Conslaminopolimsinitis
737 1100 836 1132 comes,
857 1093 902 1128 qui
920 1091 1109 1132 persecutionis
1122 1112 1130 1123 ,
1149 1091 1320 1132 lagidatiouis
1341 1095 1428 1132 socius
1447 1091 1471 1120 ei
1493 1091 1622 1129 ρηνιῑὶρρδ
1639 1091 1690 1132 fuit
1707 1097 1718 1123 ?
1738 1095 1778 1132 _Ad
1797 1091 1885 1122 Tltéo-

257 1127 361 1164 (lorum,
379 1127 499 1164 quisquis_
514 1127 558 1153 ille
572 1128 606 1164 ait
623 1127 789 1161 Theodorus,
809 1128 864 1154 lucc
884 1127 960 1154 verba
973 1148 980 1158 ,
1005 1135 1064 1164 qua:
1082 1127 1109 1153 in
1124 1135 1155 1153 ea
1179 1127 1314 1162 leguntur.
1334 1129 1424 1155 eadem
1449 1137 1480 1155 ac
1493 1127 1522 1156 in
1538 1127 1718 1164 superioribus
1734 1130 1830 1157 litteris
1848 1131 1885 1157 ad

259 1163 435 1195 Sep/ironiam
455 1170 464 1188 :

489 1162 623 1198 Quoniam
650 1170 699 1189 vos
725 1164 805 1190 etiam
824 1170 921 1197 graves
945 1163 1029 1190 eratis
1045 1182 1051 1191 .
1083 1169 1223 1198 recessum
1245 1164 1477 1198 exprobrantes...
1495 1162 1604 1192 tandem
1622 1165 1711 1193 victus
1726 1173 1804 1198 sum,
1818 1171 1885 1198 eun,

257 1204 386 1232 utrunque
404 1197 543 1231 epistolam
557 1197 674 1231 ejusdem
688 1196 835 1232 argumenti
851 1202 875 1224 et
890 1198 1015 1231 temporis
1027 1205 1083 1224 esse
1098 1196 1292 1226 demonstrant.

292 1257 343 1290 Qui
367 1257 493 1283 Davidem
517 1265 627 1284 servum
640 1265 719 1285 suum
734 1258 768 1285 ab
784 1262 842 1285 arte
859 1258 989 1293 pastorali
1009 1256 1041 1284 ad
1058 1260 1078 1287 Β

254 1311 370 1338 regnum
385 1304 491 1335 evexit,
513 1310 545 1330 ac
568 1304 750 1331 reverentiam
771 1309 847 1330 tuam
871 1311 886 1330 a
906 1311 987 1339 grege
1009 1303 1044 1330 ad

255 1349 428 1384 pastoritium
446 1356 547 1376 munus
567 1357 574 1376 :
592 1348 638 1383 qui
661 1356 694 1376 ex
710 1349 849 1376 voluntate
867 1357 916 1376 sua
931 1348 1043 1383 dispen-

255 1400 298 1422 sat
319 1404 362 1423 rcs
385 1399 493 1422 nostras
509 1399 536 1422 et
557 1395 680 1422 omnium
707 1396 753 1430 qui
779 1395 806 1422 in
827 1403 889 1422 eum
912 1398 1042 1430 sperant;

254 1442 313 1476 ipse
332 1442 412 1469 etiam
438 1448 510 1468 nunc
543 1442 571 1468 in
595 1441 716 1468 animum
749 1441 861 1467 inducat
881 1444 934 1467 tuae
955 1439 1040 1475 perie-

253 1488 348 1519 clioni,
365 1491 394 1514 ut
414 1493 544 1522 agnoscat
561 1487 679 1514 dedecus
695 1494 749 1522 quo
767 1486 922 1514 dedecorati
946 1494 1042 1513 sumus

253 1542 268 1560 a
284 1533 402 1561 dominis
418 1533 555 1568 episcopis
571 1537 704 1568 quantum
721 1532 755 1559 ad
770 1538 832 1560 vota
853 1537 885 1562 et
901 1533 1041 1568 sullragia,

253 1580 300 1614 qui
324 1579 434 1613 quidem
461 1579 638 1606 consentiunt
667 1579 846 1610 ordinationi,
872 1586 922 1606 nos
949 1583 1040 1605 autem

252 1625 400 1659 repellunt.
431 1624 498 1651 Nam
523 1625 736 1659 haudquaquam
761 1625 939 1652 reverentiam
966 1628 1041 1651 tuam

253 1671 401 1701 incusabo,
426 1678 488 1696 cum
514 1677 611 1697 recens
635 1670 750 1704 negotiis
774 1669 919 1705 pricl'ectus
943 1669 991 1703 sis,
1014 1673 1042 1697 et

252 1715 362 1750 ignores
388 1714 525 1749 plurima,
543 1718 572 1740 ut
588 1714 737 1742 veriSimile
751 1719 805 1746 est,
822 1722 882 1749 qua:
902 1715 935 1741 ad
955 1714 1041 1742 histo-

253 1761 322 1787 riam
346 1765 468 1788 nostram
494 1763 628 1795 spectant.
651 1759 740 1795 Atque
765 1760 822 1788 haec
840 1760 949 1795 quidem
974 1759 1040 1788 satis

253 1813 390 1841 superque
408 1815 414 1832 ι
431 1814 520 1840 neque
544 1806 617 1833 enim
638 1806 699 1834 volo
722 1805 825 1833 diutius
839 1806 889 1833 tibi
909 1805 1040 1833 molestus

254 1860 325 1884 esse,
341 1859 375 1880 ne
388 1852 482 1880 videar
499 1852 672 1886 importunus
684 1871 691 1883 ,
707 1852 827 1878 amicitia
843 1859 939 1879 recens
950 1851 1040 1878 conci-

252 1898 328 1929 liata.
351 1898 417 1931 Quze
432 1905 498 1925 vero
513 1898 571 1925 visa
600 1901 664 1924 sunt
688 1897 766 1925 nobis
785 1904 847 1924 cum
873 1897 929 1924 Deo
948 1897 1040 1924 consi-

1135 1257 1163 1283 '0
1179 1257 1320 1284 ἀναλαϐὼν
1338 1259 1387 1294 μὲν
1403 1259 1487 1286 Δαΰὶδ
1504 1260 1549 1286 τὸν
1560 1260 1654 1287 ἑαυτοῦ
1666 1259 1757 1287 δοῦλον
1772 1261 1804 1287 ἐκ
1822 1269 1884 1287 ποι-

1097 1303 1229 1338 μαντικῆς
1255 1305 1295 1336 εἰς
1323 1305 1470 1339 βασιλείαν,
1493 1305 1541 1341 τὴν
1567 1306 1595 1332 δὲ
1622 1306 1670 1342 σὴν
1683 1306 1825 1333 εὐλάϐειαν
1842 1307 1884 1338 εἰς

1095 1351 1277 1385 ποιμαντικὴν
1298 1351 1352 1377 ἀπὸ
1381 1352 1517 1386 ποίμνης·
1543 1353 1557 1378 ό
1583 1353 1731 1388 οἰκονομῶν
1755 1353 1825 1380 κατὰ
1851 1355 1883 1379 τὸ

1095 1395 1192 1422 ἑαυτοῦ
1219 1395 1323 1432 οέλημα
1349 1397 1383 1423 τὰ
1399 1398 1531 1434 ἡμέτερα,
1556 1399 1603 1425 καὶ
1626 1399 1733 1426 πάντων
1752 1399 1806 1425 τῶν
1822 1399 1881 1434 (25)

1094 1441 1258 1472 ἐλπιζόντων
1271 1442 1312 1468 ἐπ’
1328 1443 1420 1474 αὐτὸν,
1437 1444 1516 1476 αὐτὸς
1525 1445 1572 1473 καὶ
1583 1444 1629 1472 νῦν
1642 1445 1688 1471 ἐπὶ
1704 1444 1766 1470 νοῦν
1781 1444 1882 1478 ἀγάγοι

1094 1488 1126 1523 τῇ
1150 1489 1182 1523 σῇ
1205 1488 1352 1523 τελειότητι
1372 1490 1473 1523 γνῶναι
1493 1490 1541 1526 τὴν
1564 1490 1676 1525 ἀτιμίαν
1699 1490 1754 1525 (26)
1769 1490 1802 1525 ἢν
1820 1491 1882 1524 ἡτι-

1095 1533 1222 1569 μάσμεοα
1236 1534 1310 1570 παρὰ
1325 1535 1379 1561 τῶν
1392 1536 1493 1570 κυρίων
1511 1536 1565 1562 τῶν
1579 1536 1735 1563 ἐπισκόπων
1750 1535 1814 1571 περὶ
1829 1536 1881 1566 τὰς

1093 1578 1209 1614 ψήφους,
1231 1581 1263 1614 τῇ
1284 1580 1332 1615 μὲν
1354 1581 1518 1607 καταστάσει
1543 1580 1749 1616 συντιθεμένων,
1764 1580 1836 1615 ἡμᾶς
1851 1579 1881 1605 δὲ

1093 1624 1310 1660 παρωθουμένων
1328 1622 1393 1660 (97).
1411 1625 1448 1651 Οὺ
1473 1625 1528 1660 γὰρ
1554 1624 1585 1660 δὴ
1601 1624 1649 1660 τὴν
1671 1623 1720 1659 σὴν
1736 1623 1880 1649 εὐλάβειαν

1092 1671 1260 1706 αἰτιάσομαι,
1273 1671 1369 1698 νεωστί
1380 1679 1409 1697 τε
1423 1670 1479 1705 (28)
1493 1672 1641 1698 ἐπιστᾶσαν
1649 1671 1705 1702 τοῖς
1720 1669 1877 1705 πράγμασι,

1093 1717 1138 1744 καὶ
1155 1717 1301 1751 ἀγνοοῦσαι-ι
1315 1716 1347 1743 τὰ
1368 1716 1490 1749 πλεῖστα,
1508 1716 1545 1748 ὡς
1565 1716 1647 1749 εξχὺς,
1662 1717 1711 1751 τῆς
1725 1715 1786 1743 καθ’
1804 1716 1878 1751 ἡμᾶς

1093 1762 1222 1798 ἱστορίας.
1250 1761 1342 1787 Ταῦτα
1357 1761 1406 1796 μὲν
1426 1759 1471 1788 οὖν
1498 1761 1597 1793 ἱκανῶς
1611 1770 1618 1776 ο
1638 1761 1764 1796 οὐδὲγὰρ
1782 1761 1877 1795 βούλο-

1093 1816 1140 1842 μαι
1157 1807 1270 1841 διοχλεῖν
1287 1815 1328 1833 σοι
1347 1806 1514 1842 μακρότερον
1537 1806 1603 1842 (29),
1620 1807 1663 1833 ἵνα
1682 1806 1718 1842 μὴ
1738 1806 1877 1842 φαίνωμαι

1092 1853 1228 1889 φορτικὸς,
1242 1853 1305 1889 ἄρτι
1321 1853 1371 1887 τῆς
1387 1853 1477 1887 φιλίας
1493 1853 1651 1888 ἀρχόμενος.
1671 1854 1705 1879 Ἀ
1721 1853 1749 1879 δὲ
1761 1853 1876 1887 πάρεστι

1093 1899 1161 1934 μετὰ
1172 1898 1219 1925 τοῦ
1237 1898 1305 1925 Θεοῦ
1322 1897 1525 1933 βουλευομένοις
1543 1899 1607 1933 ἡμῖν
1622 1898 1688 1933 (30),
1700 1898 1785 1924 ταῦτα
1802 1907 1875 1932 γνω-

252 1945 318 1972 lium
334 1945 516 1976 sumcnlibus.
541 1944 599 1971 haec
620 1943 811 1978 patefacimus.
827 1942 894 1970 Nam
914 1951 964 1978 ego
979 1944 1040 1979 qui-

1096 1942 1211 1979 οίξομεν.
1235 1942 1306 1977 Ἐγὼ
1332 1943 1385 1978 γὰρ
1407 1942 1572 1978 ὑπεχώρησα
1591 1943 1639 1978 μὲν
1660 1942 1710 1977 τῆς
1733 1942 1804 1969 κατὰ
1818 1942 1875 1969 Να-

252 1992 312 2019 dem
348 1999 362 2018 a
390 1990 561 2018 Nazianzena
588 1989 712 2017 Ecclesia
740 1997 784 2017 me
813 1989 952 2020 subduxi,
985 1997 1038 2017 non

254 2038 334 2072 quasi
353 2037 438 2064 Dcum
451 2041 641 2068 contemnens,
656 2039 786 2070 nequeut
802 2035 957 2070 despiciens
977 2043 1040 2070 par-

257 2092 320 2110 vum
340 2083 410 2110 ovile
431 2083 514 2113 (absit
526 2083 598 2109 enim
614 2086 642 2109 ut
658 2081 682 2108 id
700 2081 819 2116 patiatur
837 2081 927 2108 anima
951 2081 1033 2116 pbilo-

251 2130 353 2164 supbize
380 2130 502 2161 dedita);
527 2128 573 2156 sed
596 2129 713 2163 primum
735 2127 857 2164 quidem.
884 2127 930 2162 qui
962 2128 1038 2155 nullo

251 2175 407 2209 liujusmodi
419 2174 555 2209 przeconio
568 2178 675 2201 tenerer
689 2173 831 2214 ;‘secundo
843 2173 907 2208 quia
920 2173 1036 2200 inﬁrmi-

287 2253 343 2286 (22)
363 2253 443 2279 Οὕτω
453 2254 706 2287 κατακρινόμενοι.
721 2251 759 2278 lta
773 2251 834 2278 cod.
847 2250 913 2286 Reg.
929 2259 1033 2279 necnon

250 2293 276 2315 et
292 2288 408 2314 Montac.
427 2287 455 2314 In
473 2288 536 2314 edit.
551 2287 622 2314 οὓτω
637 2287 723 2314 deest.

287 2323 342 2358 (25)
363 2323 476 2355 Ὀκνεῖς
490 2322 539 2348 καὶ
560 2321 830 2358 τῆςηΈκκλησίας.
847 2320 928 2349 Deest
943 2323 990 2350 καί
1007 2323 1033 2351 in

250 2359 312 2386 cod.
328 2357 393 2392 lteg.
407 2362 433 2384 et
451 2358 477 2384 in
494 2357 559 2392 edit.
574 2357 749 2390 quibusdam.

287 2393 314 2426 (2
322 2393 341 2426 ι)
356 2391 429 2419 Alias
443 2391 568 2427 CCXXII.
580 2391 692 2427 Scripta
707 2392 780 2419 circa
796 2393 868 2420 idem
880 2396 999 2427 tempus.

287 2428 342 2463 {‘15)
362 2426 565 2463 Htit'rmrribt‘.
578 2426 616 2453 lla
631 2426 692 2463 c_od.
710 2426 777 2463 Reg.
792 2427 909 2454 Monlac.
930 2426 961 2454 ac
978 2428 1034 2454 Mo-

250 2461 300 2490 rel.
323 2462 350 2489 In
370 2463 435 2489 edit.
458 2461 512 2489 τῶν
533 2461 619 2489 deest.
636 2461 762 2489 Combefi
784 2467 874 2490 autem
891 2472 898 2489 :
924 2463 1033 2490 πάντων

248 2498 302 2524 τῶν
318 2497 479 2528 ἐλπιζόντων
496 2497 538 2522 ἐπ’
551 2496 637 2531 αὐτῷ.

285 2532 341 2566 (26)
355 2531 471 2558 Γνώναι
482 2531 538 2564 τὴν
553 2530 682 2566 ἀτιμίαν,
695 2535 747 2558 etc.
763 2531 856 2559 Morel.
872 2541 877 2558 :
902 2530 936 2558 Ut
953 2541 1032 2566 agno-

1089 1989 1195 2022 ζιανζδν
1217 1989 1389 2024 Ἐκκλησίας,
1401 1989 1462 2016 οῦτε
1481 1989 1518 2021 ὡς
1535 1989 1713 2024 καταφρονῶν
1729 1988 1776 2014 τοῦ
1792 1988 1872 2016 Θεοῦ.

1087 2035 1146 2062 οὔτε
1171 2035 1208 2066 ὡς
1231 2034 1366 2070 περιορῶν
1381 2034 1435 2069 (51)
1458 2034 1505 2061 τοῦ
1528 2034 1626 2071 μικροῦ
1649 2033 1772 2069 ποιμνίου
1793 2033 1872 2068 (μηδὲ

1086 2081 1140 2116 γὰρ
1156 2081 1235 2108 πάθοι
1247 2081 1325 2107 τοῦτο
1341 2081 1396 2117 (52)
1409 2080 1481 2116 ψυχὴ
1497 2080 1661 2116 φιλόσοφος),
1681 2080 1748 2106 ἀλλὰ
1764 2079 1873 2115 πρῶτον

1086 2127 1136 2161 μὲν
1152 2127 1188 2158 ὡς
1196 2126 1284 2152 οὐδενὶ
1300 2125 1456 2162 κηρύγματι
1473 2126 1585 2160 τοιούτῳ
1600 2124 1782 2160 κρατούμενος
1798 2124 1868 2158 (53)’

1083 2172 1210 2208 δεύτερον
1238 2171 1267 2198 δὲ
1289 2171 1334 2198 διὰ
1345 2172 1374 2198 τὸ
1388 2171 1579 2207 συντετρίφθαι
1599 2173 1631 2206 τῇ
1650 2170 1799 2207 ἀρρωστίᾳ,
1823 2172 1871 2198 καὶ

1089 2254 1256 2285 susceperat,
1270 2250 1334 2278 dum
1345 2250 1370 2278 ei
1386 2250 1521 2277 Eulalium
1536 2249 1734 2285 praeﬁciendum
1749 2253 1868 2278 curaret.

1124 2284 1180 2321 (28)
1199 2286 1314 2313 Νεωστι
1338 2294 1378 2312 τε.
1401 2287 1444 2321 Ita
1464 2284 1581 2313 θοάζει
1600 2284 1723 2312 Combel'.
1747 2285 1775 2311 In
1801 2284 1867 2312 edit.

1088 2321 1184 2348 νεωστὶ
1197 2321 1235 2347 ὁέ.
1252 2321 1367 2347 Montac.
1383 2326 1409 2347 et
1423 2320 1517 2347 Morel.
1532 2322 1630 2346 νεωστὶ
1643 2320 1803 2346 ἐπιστᾶσαν.

1122 2356 1179 2390 (29)
1195 2356 1393 2389 Maxpo‘repor.
1407 2355 1474 2382 Cod.
1489 2360 1515 2382 et
1530 2354 1650 2390 ()oinbel'.
1668 2354 1829 2390 μακρότερα.

1123 2391 1179 2424 (50)
1196 2390 1430 2424 Βουλευομένοις
1447 2390 1528 2424 ἡμῖν.
1552 2389 1590 2416 Ita
1610 2390 1690 2417 codd.
1718 2389 1819 2421 nostri;
1837 2391 1867 2418 in

1123 2394 1169 2424 (50
1196 2394 1430 2424 Βουλευομένοις
1447 2394 1528 2424 ἡμῖν.
1552 2394 1590 2416 Ita
1610 2394 1690 2417 codd.
1718 2395 1819 2421 nostri;
1837 2394 1867 2418 in

1086 2425 1152 2461 edit.
1168 2394 1336 2461 ἐουλομένοις
1346 2426 1420 2460 ὑμῖν,
1433 2433 1513 2461 quam
1525 2425 1668 2452 lectionem
1680 2425 1775 2461 probat
1786 2425 1868 2451 Cont-

1087 2460 1153 2492 bell,
1170 2460 1242 2490 licet,
1258 2468 1327 2495 quos
1346 2461 1414 2487 vulit
1434 2460 1527 2492 codd.,
1543 2467 1605 2495 cum
1631 2460 1733 2487 nostris
1749 2467 1866 2486 consen—

1086 2496 1163 2528 tiant,
1179 2495 1321 2530 redditque
1338 2504 1344 2522 :
1359 2495 1424 2528 Quw
1440 2501 1536 2526 autem,
1555 2494 1608 2521 Deo
1622 2497 1735 2530 auspice,
1748 2494 1808 2530 dum
1823 2503 1866 2521 ee-

1087 2531 1152 2562 litis,
1177 2531 1247 2557 vobis
1272 2529 1399 2564 ﬁrmiore
1425 2531 1496 2557 licet.
1523 2531 1577 2556 Ιιιῑτ
1601 2529 1752 2556 declarabo.
1771 2529 1862 2557 Morel.

249 2564 306 2594 sca!
326 2564 463 2600 infamiam
478 2575 529 2601 qua
543 2564 631 2600 (ιη’εέιί
648 2574 738 2593 sumus
755 2575 771 2593 a
792 2567 907 2593 dominis
929 2564 1030 2600 episco-
1048 2564 1070 2591 D
1085 2570 1202 2601 autem;
1218 2564 1283 2597 Qua:
1299 2566 1354 2592 visa
1377 2570 1437 2591 sunt
1466 2565 1539 2592 nobis
1555 2572 1614 2591 cum
1632 2564 1684 2601 Deo
1710 2564 1863 2592 uolentibus.

247 2603 289 2635 ρίκ
309 2609 354 2634 per
366 2602 539 2636 quorumdam
564 2601 701 2635 su/fragia.
724 2604 768 2636 qui
784 2602 887 2636 quidem
902 2603 1030 2628 constitit-

250 2638 314 2664 uoui
331 2638 444 2663 aliorum
456 2636 553 2671 favent,
574 2645 620 2663 nos
632 2641 717 2662 autem
734 2637 875 2663 dimovent.

285 2672 339 2706 ('27)
359 2671 449 2706 ἸΙμᾶς
462 2671 496 2697 δὲ
511 2670 756 2705 παρωθουμένων.
775 2671 830 2698 Nos
846 2676 932 2698 autem
948 2673 1029 2704 repet-

248 2707 316 2738 laut,
332 2707 425 2741 utique
445 2714 460 2732 a
483 2706 594 2732 ferendo
614 2706 754 2739 sutiragio.
775 2714 806 2733 ac
826 2707 940 2741 proinde
956 2707 1029 2732 velut

249 2742 283 2769 ab
296 2743 485 2776 episcoporum
500 2741 605 2767 ordine.
619 2741 704 2773 Quam
718 2741 792 2768 dicat
805 2741 951 2776 Gregorius
962 2748 1027 2767 con-

249 2775 428 2807 stitutionem,
439 2783 486 2802 seu
494 2775 665 2805 electionem.
680 2776 855 2808 κατάστασιν,
864 2775 920 2802 non
932 2775 1024 2809 liquet.

249 2810 309 2845 lpse
338 2811 410 2838 enim
440 2809 638 2837 Nazianzcnam
668 2809 829 2842 Ecclesiam,
856 2810 919 2837 licet
941 2810 1027 2837 fracto

249 2853 373 2882 corpore,
389 2845 572 2880 collapsisque
583 2845 696 2877 viribus,
706 2846 905 2880 procurandum
919 2845 1026 2873 interim

1084 2601 1162 2634 Apud
1177 2599 1295 2628 Moulac.
1309 2608 1413 2627 necnon
1428 2605 1455 2627 et
1470 2601 1561 2627 Morel.
1577 2601 1641 2634 ἡμῖν
1658 2600 1743 2626 deest.

1118 2635 1173 2669 (51)
1190 2634 1345 2669 Περιορὼν.
1363 2634 1480 2662 Montac.
1494 2639 1520 2662 et
1535 2634 1626 2661 Morel.
1644 2634 1793 2669 ὑπερορῶν.

1115 2670 1173 2709 (52)
1187 2670 1276 2697 udam
1292 2670 1390 2696 τοῦτο.
1410 2670 1446 2696 Ita
1461 2670 1543 2697 codd.
1555 2669 1652 2697 nostri.
1666 2669 1693 2696 ln
1709 2669 1775 2697 edit.
1791 2669 1862 2706 πάιοῃ

1081 2713 1169 2732 τουτο.

1117 2740 1174 2774 (55)
1192 2739 1298 2766 Οὐδενὶ
1321 2739 1484 2774 κηρύγματι
1510 2741 1632 2772 τοιούτῳ
1654 2739 1860 2773 κρατούμενος.

1082 2774 1175 2802 Morel.
1195 2774 1240 2801 -Ut
1271 2774 1338 2801 nulli
1367 2775 1497 2808 pra-conio
1524 2775 1572 2801 tali
1600 2774 1738 2805 subditus;
1767 2775 1860 2800 melius

1081 2810 1154 2837 nullo
1169 2810 1294 2844 praeconii
1308 2817 1398 2844 genere
1413 2809 1542 2841 detentus,
1556 2818 1610 2836 nun
1630 2810 1770 2837 ordinatus
1781 2809 1861 2843 huius

1082 2846 1155 2872 urbis
1175 2845 1252 2872 titulo
1270 2845 1308 2871 vel
1328 2845 1352 2872 ei
1364 2845 1500 2879 ascriptus
1516 2847 1669 2880 episcopus.
