1931 3056
98 153 148 183 241

773 156 939 186 EPISTOLA
960 159 1050 188 CXLI.

1677 162 1731 192 ΞΗ.

99 209 178 256 λάξαι
195 211 243 246 τὴν
257 209 347 239 οὖσαν.
373 213 419 249 Μὴ
433 213 537 251 ἀνάσχῃ
560 214 641 250 μέχρι
661 216 710 252 τῆς
735 217 785 252 si;
797 218 884 253 ἀρχῆς

941 226 997 246 eam
1011 218 1153 254 quidpiam
1166 218 1302 251 addendo,
1318 220 1361 247 vel
1381 219 1516 256 integram
1529 219 1729 248 conservando.

98 254 169 283 εἶναι
185 256 272 289 πόλιν,
288 257 334 284 καὶ
351 258 421 293 μετὰ
441 259 471 285 σὲ
492 261 587 296 μηκέτ’
601 259 670 288 εἶναι
681 270 687 277 ·
717 263 785 298 μηδὲ
798 263 888 291 δοῦναι

99 303 219 338 πονηρὸν
237 303 292 336 (58)
310 303 349 338 τῷ
367 305 456 340 χρόνῳ
482 305 615 341 διήγημα,
642 306 734 334 λαϐεῖν
757 307 890 343 ἀριθμου-

102 347 188 383 μένην
215 349 244 375 ὲν
266 349 386 381 πόλεσιν,
405 351 451 378 καὶ
467 351 626 379 καταλιπεῖν
649 353 747 388 χοιρίον
763 353 889 389 ἀοίκητον

97 393 148 428 τὴν
178 394 243 420 ποτε
271 394 349 421 πόλιν
380 395 466 431 ὄρεσι,
492 397 540 423 καὶ
571 399 719 433 κρημνοῖς,
743 399 789 425 καὶ
814 398 890 431 ὕλαις

99 437 195 473 μόναις
207 437 263 474 (59)
273 439 486 476 γνωριζομένην.
507 440 598 469 Ταῦτα
612 442 662 477 μὲν
673 442 784 470 ποιείτω
795 443 842 470 καὶ
849 443 889 470 λε-

98 483 172 517 γέτω
188 483 256 518 πρὸς
269 484 319 520 τὴν
334 485 384 520 σὴν
399 485 691 523 (60)φιλανθρωπίανὴ
707 487 754 515 τοῦ
765 488 888 524 πλάσμα-

98 535 145 560 τος
158 528 245 561 πόλις.

941 263 981 291 Ne
996 265 1111 301 patiaris
1127 272 1187 292 eam
1208 273 1295 300 usque
1309 265 1344 292 ad
1362 265 1554 300 praefecturam
1573 269 1649 292 tuam
1665 263 1718 290 civi

943 313 1025 336 tatem
1043 317 1115 341 esse,
1132 313 1159 337 et
1177 314 1237 344 post
1251 314 1277 338 te
1289 310 1345 345 jam
1368 318 1424 338 non
1440 318 1522 343 esse;
1537 318 1587 338 nec
1601 308 1725 337 commit-

943 359 996 388 tas,
1017 359 1046 382 ut
1068 355 1170 391 posteri
1195 356 1313 384 habeant
1328 357 1402 392 quod
1428 357 1461 385 de
1479 362 1505 385 te
1520 357 1591 384 male
1613 356 1727 390 loquan-

943 404 999 433 tur,
1014 401 1144 429 nimirum
1168 406 1194 429 te
1216 402 1287 430 inter
1303 403 1429 431 civitates
1453 406 1629 430 numeratam-
1649 408 1728 428 acce-

942 447 1027 481 pisse,
1043 451 1126 483 atque
1148 455 1220 482 eam,
1239 456 1300 484 quae
1317 449 1455 484 quondam
1476 449 1543 476 urbs
1560 447 1643 482 119
1656 450 1726 477 erat,

941 497 1048 520 vastum
1071 499 1099 521 et
1126 494 1259 522 incultum
1283 495 1374 523 locum
1402 495 1559 530 reliquisse,
1587 493 1726 521 montibus

939 538 1073 566 duntaxat
1095 545 1123 567 ct
1142 541 1312 576 praecipitiis,
1337 548 1370 569 ac
1392 540 1538 569 ruderibus
1555 540 1621 568 solis
1644 546 1726 574 agno-

98 575 240 624 scendam.
274 576 364 613 Atque
398 577 457 606 haec
480 578 553 613 apud
573 583 647 606 tuam
681 579 880 609 humanitatem
902 582 985 612 faciat
1018 590 1046 614 et
1074 575 1152 614 dicat
1178 575 1276 616 civitas
1303 596 1356 622 ea,
1385 595 1467 624 quam
1497 588 1654 623 loquentem
1682 585 1726 613 in-

97 622 239 651 duximus.

138 668 231 704 Ἦμῶν
247 668 275 697 δὲ
298 669 337 702 ὠς
352 670 437 705 φίλων
459 671 533 704 δέεαι
553 672 729 708 παραίνεσιν·
760 674 888 711 σωφρονί-

96 723 145 742 σαι
167 716 215 750 μὲν
229 715 341 751 θέλησον
359 717 423 748 τοὺς
437 717 664 754 ἐξημαρτηκότας
685 719 725 751 εἰς
747 719 778 746 τὺ
804 720 888 756 πρόσ-

95 768 190 795 ταγμα
202 762 250 797 τῆς
262 762 312 797 σῆς
323 761 455 795 ἐξουσίας.
469 764 552 800 Ὑπὲρ
566 764 620 800 γὰρ
635 765 728 792 τούτου
747 765 802 802 (6i)
811 767 887 794 οὐδὲν

96 807 264 843 Θαῤῥοῦμεν,
283 809 307 835 ει
324 809 369 836 καὶ
391 809 428 846 μὴ
443 810 496 837 ἀπὸ
512 811 601 838 κοινοῦ
620 811 777 848 σκέμματός
805 822 886 848 φασιν

96 851 165 879 εἷναι
177 853 207 880 τὸ
222 853 333 889 θράσος,
349 854 416 881 ἀλλὰ
433 855 488 890 (62)
502 856 688 891 μειρακίσκων
702 858 784 884 τινῶν
794 858 884 894 ὁρμὴν

95 899 248 934 ἀλόγιστον.
265 900 301 926 Τὸ
317 900 408 927 πλεῖον
419 901 447 927 δὲ
470 901 519 936 τῆς
534 902 619 939 ὀργῆς
634 904 823 939 συγχωρῆσαι,
838 905 885 931 καὶ

95 945 220 981 λογισμῷ
243 946 398 982 χρήσασθαι
420 947 533 982 μείζονι.
559 948 670 984 Μητρὸς
694 949 885 986 ὑπερήλγησαν

95 993 290 1029 νεκρουμένης,
315 993 365 1020 οὐκ
388 994 507 1029 ἦνεγκαν
532 994 639 1021 πολῖται
662 996 814 1028 καλεῖσθαι,
839 997 885 1024 καὶ

95 1036 165 1065 εἶναι
181 1038 315 1071 ἀπόλιδες,
330 1039 481 1074 ἐμάνησαν,
496 1040 703 1076 παρενόμησαν,
723 1041 884 1076 ἀπέγνωσαν

94 1084 146 1119 τῆς
161 1084 266 1112 ἑαυτῶν
289 1086 442 1122 σωτηρίαςε
467 1085 603 1122 ἔκφρονας
624 1087 724 1119 αὐτοὺς
747 1088 777 1115 τὸ
794 1089 884 1124 παρά-

95 1130 172 1162 δοξον
191 1130 238 1157 τοῦ
265 1131 367 1163 πάθους
377 1131 515 1166 ἐποίησεν.
529 1129 593 1167 Ἆρ’
611 1129 657 1160 οὖν
676 1132 720 1159 διὰ
739 1133 819 1160 τοῦτο
833 1133 885 1170 χρὴ

97 1177 165 1213 μηδὲ
180 1174 249 1204 εἶναι
267 1177 343 1204 πόλιν
359 1177 407 1213 τὴν
421 1178 516 1210 πόλιν;
535 1178 686 1214 Μηδαμῶς,
700 1176 723 1206 ὦ
740 1179 884 1215 θαυμάσιε,

96 1224 136 1259 μὴ
149 1224 227 1251 τοῦτο
237 1224 392 1260 ἐπιγράφῃς
402 1221 468 1260 (65).
484 1224 563 1250 Ἀλλὰ
574 1224 687 1260 τίμησόν
699 1225 804 1257 πάντας
815 1225 887 1252 πολί-

93 1270 273 1305 τας,καὶ(6ιι)
290 1270 459 1302 πολιτευτὰς,
476 1270 522 1297 καὶ
538 1270 740 1305 ἀξιωματικοὺς
755 1271 885 1298 ἱκετεὺοψ

92 1325 144 1347 τας
151 1325 158 1331 ⁸
168 1316 277 1343 πάντων
285 1315 339 1352 γὰρ
355 1315 410 1342 οἴου
419 1315 468 1351 τὴν
476 1324 507 1341 συ
512 1315 618 1350 μφορὶιν
628 1315 730 1351 ὁμοίως
741 1315 884 1348 ἅπτεσθαι,

93 1362 142 1389 καὶ
149 1363 172 1389 εί
180 1362 219 1397 τῷ
229 1361 337 1397 μεγέθει
345 1361 400 1396 (ϋῦ)
408 1361 458 1396 τῆς
468 1361 517 1396 σῆς
525 1361 648 1394 ἐξουσίας
655 1361 884 1396 ὲφητυχάζουσιν,

93 1406 150 1435 οἷον
173 1406 326 1442 ὑποϐρύχια
341 1407 488 1439 στένοντες.
504 1407 625 1443 Τίμησον
639 1407 667 1433 δὲ
685 1406 734 1442 τὴν
750 1408 886 1443 ἡμετέραν

94 1452 202 1484 πολιὰν,
218 1450 258 1485 οἷς
274 1452 360 1479 δεινὸν
377 1453 401 1478 εἱ
418 1451 483 1478 ποτὲ
503 1451 553 1487 τὴν
575 1451 696 1487 μεγάλην
720 1451 797 1478 πόλιν
810 1452 885 1487 ἔχον-

94 1507 151 1530 τες,
163 1497 210 1525 νῦν
226 1499 294 1534 μηδὲ
310 1497 387 1524 πόλιν
403 1497 511 1533 ἔχοιμεν
522 1497 589 1533 (66),
604 1497 652 1524 καὶ
662 1497 764 1533 θηρίων
778 1498 886 1533 οἰκητή-

973 675 1033 704 1am
1049 680 1183 709 nostram,
1199 677 1252 705 hoc
1263 681 1316 710 est,
1330 678 1411 705 amici
1427 678 1488 709 viri,
1508 678 1724 707 admonitionem

938 722 1042 757 accipe.
1058 722 1176 750 Causam
1194 722 1267 750 haud
1281 723 1344 750 dico
1367 723 1433 758 quin
1449 729 1477 751 tu
1499 723 1527 750 in
1550 731 1609 756 eos,
1631 726 1676 760 qui
1691 725 1724 752 ‘in

938 771 992 795 tuae
1011 767 1155 803 potestatis
1179 766 1300 795 edictum
1325 772 1484 802 peccarunt.
1508 767 1723 797 animadvertas.

937 811 1004 839 Nam
1017 819 1069 847 pro
1090 812 1141 839 hac
1155 819 1186 839 re
1204 812 1311 839 nullum
1332 812 1445 839 verbum
1467 812 1559 840 dicere
1579 812 1722 845 audemus,

937 857 989 886 etsi
1014 858 1104 885 audax
1128 858 1180 886 hoc
1202 857 1320 891 facinus,
1348 865 1520 893 nequaquam
1547 865 1562 885 a
1583 858 1723 886 communi

936 903 1064 935 consilio,
1080 903 1129 931 sed
1154 911 1169 930 a
1187 903 1337 931 temerario
1356 902 1536 939 quorumdam
1561 903 1723 931 adolescen-

938 955 995 978 tum
1013 951 1116 986 impetu
1131 950 1284 986 profectum
1300 958 1363 978 esse
1374 953 1496 977 narrant.
1514 949 1647 977 Cancrum
1665 957 1722 977 ma-

934 996 1023 1032 jorem
1045 996 1092 1024 irae
1111 1000 1215 1031 partem
1238 996 1358 1028 remitte,
1383 1003 1415 1023 ac
1434 994 1579 1023 sublimius
1602 1002 1659 1023 rem
1681 998 1724 1023 te-

936 1051 998 1070 cum
1017 1042 1330 1071 considera.Doluerunt
1346 1045 1459 1069 matrem
1472 1041 1600 1077 opprimi,
1616 1048 1649 1070 ac
1662 1042 1721 1069 vel-

936 1092 966 1115 ut
991 1088 1119 1121 enecari;
1137 1095 1190 1115 non
1208 1087 1330 1114 tulerunt
1344 1094 1373 1114 se
1386 1086 1487 1115 civium
1505 1093 1606 1115 nomen
1622 1086 1723 1114 habere

935 1138 962 1162 et
982 1134 1093 1162 civitate
1115 1141 1221 1166 carere,
1248 1132 1341 1161 furore
1361 1133 1458 1168 perciti
1478 1135 1555 1165 sunt,
1580 1140 1595 1160 a
1617 1132 1725 1168 legibus

935 1183 1121 1213 recesserunt,
1139 1179 1236 1208 salutis
1251 1186 1308 1207 suae
1322 1186 1398 1214 spem
1417 1178 1577 1214 abjeccrunt
1591 1187 1598 1206 :
1611 1177 1723 1206 calami—

936 1227 1002 1254 tatis
1018 1226 1126 1253 novitas
1140 1233 1188 1254 eos
1202 1225 1236 1253 de
1252 1224 1353 1253 mentis
1365 1228 1438 1252 statu
1461 1224 1627 1252 deturbavit.
1644 1223 1723 1251 Idcir-

936 1279 1005 1300 cone
1016 1271 1112 1299 urbem
1123 1271 1209 1299 everti
1223 1271 1347 1307 oportet?
1359 1270 1438 1298 Absit
1450 1277 1465 1297 a
1479 1274 1516 1304 te,
1529 1270 1571 1298 vir
1582 1270 1721 1306 praelate,

936 1322 966 1345 ut
984 1317 1037 1345 hoc
1057 1321 1172 1345 statuas.
1192 1315 1264 1349 Quin
1280 1316 1371 1351 potius
1392 1319 1418 1344 te
1441 1319 1558 1347 moveat,
1581 1318 1608 1343 et
1622 1314 1721 1343 civium

935 1364 1068 1396 omnium,
1082 1367 1109 1390 et
1124 1371 1218 1391 eorum
1237 1363 1285 1398 qui
1301 1362 1498 1398 rempublicam
1518 1361 1720 1394 administrant,

935 1415 962 1438 et
989 1410 1167 1446 magistratus
1191 1413 1300 1445 gerunt.
1324 1409 1504 1445 deprecatio:
1521 1415 1617 1436 omnes
1647 1407 1721 1435 enim

935 1464 1012 1492 azque
1026 1459 1093 1491 puta
1109 1456 1264 1483 calamitate
1280 1455 1331 1483 hac
1350 1454 1430 1487 allici,
1450 1454 1558 1482 etiamsi
1572 1453 1722 1480 auctorita-

937 1503 973 1530 tis
991 1507 1043 1530 tum
1063 1501 1249 1538 magnitudine
1263 1501 1386 1529 deterriti
1405 1500 1524 1536 quietem
1541 1503 1637 1534 agunt,
1656 1499 1724 1527 taci-

96 1552 155 1582 ριον
183 1544 288 1583 γένοιτο
317 1543 385 1579 μετὰ
407 1542 456 1578 τὴν
472 1543 521 1578 σὴν
550 1543 648 1578 ἀρχὴν,
677 1543 691 1569 ὃ
713 1551 741 1569 τε
764 1543 827 1574 ναὸς
856 1542 885 1569 ὃν

941 1551 1017 1583 teque
1034 1547 1227 1582 ingemiscunt.
1247 1545 1346 1574 Nostra
1368 1546 1449 1574 etiam
1475 1549 1502 1572 te
1517 1549 1622 1573 moveat
1644 1543 1724 1572 cani-

95 1590 247 1626 ὴγείραμεν
265 1588 321 1625 (67)
337 1588 376 1624 τῷ
405 1587 474 1624 Θεῷ,
500 1588 547 1615 καὶ
562 1589 579 1624 ἡ
603 1588 668 1624 περὶ
691 1587 784 1615 τοῦτον
805 1588 884 1624 ἡμῶν

95 1636 251 1672 φιλοκαλία.
275 1636 342 1662 Οὐδὲ
370 1634 424 1671 γάρ
445 1635 470 1661 εί
491 1635 648 1671 ἀνδριάντες
672 1634 884 1670 κατενεχθήσον-

94 1692 139 1710 ται
155 1682 224 1718 (68),
250 1681 329 1708 τοῦτο
352 1681 447 1711 δεινὸν,
472 1681 496 1706 εί
522 1681 570 1707 καὶ
587 1680 675 1712 ἄλλως
699 1679 784 1707 δεινόν
810 1679 883 1715 (69)’

97 1729 165 1764 μηδὲ
185 1728 248 1764 περὶ
275 1724 378 1754 τούτων
408 1726 521 1762 νομίσῃς
548 1727 614 1761 ἡμῖν
637 1723 706 1752 εἷναι
724 1726 769 1753 τὸν
794 1725 882 1761 λόγον,

95 1774 137 1807 οἷς
167 1774 232 1810 περὶ
259 1774 293 1801 τὰ
313 1773 455 1810 κρείττονα
471 1773 488 1808 ἡ
514 1771 626 1807 σπουδὴ,
641 1772 697 1798 ἀλλ’
714 1773 738 1798 ει
765 1780 883 1806 συγκατ-

95 1821 269 1856 ενεχθήσεται
283 1819 388 1850 τούτοις
401 1819 477 1851 πόλις
498 1818 617 1854 ἀρχαία,
635 1818 682 1844 καί
706 1827 732 1845 τι
757 1818 883 1853 λαμπρὸν

94 1867 255 1902 ἐνεγκοῦσα,
270 1865 379 1898 ζώντων
394 1864 472 1900 ήμῶν
486 1865 533 1891 καὶ
543 1864 669 1900 ὁρώντων
681 1864 736 1891 τῶν
750 1864 825 1900 παρὰ
841 1864 883 1891 σοὶ

94 1913 269 1949 τιμωμένων,
282 1912 328 1939 καί
340 1920 401 1938 τινα
423 1911 498 1946 ἰσχὺν
511 1911 582 1947 ἔχειν
593 1910 788 1946 νομιζομένων.
813 1910 883 1937 Ἀλλ’

95 1960 112 1987 ό
139 1960 188 1995 μὲν
212 1959 276 1994 περὶ
302 1958 405 1985 τούτων
429 1957 508 1992 λόγος
530 1957 667 1989 τοσοῦτος.

937 1594 998 1625 ties,
1014 1592 1056 1620 cui
1067 1599 1148 1628 grave
1161 1596 1189 1620 et
1201 1592 1329 1619 acerbum
1347 1590 1440 1623 fuerit,
1458 1590 1482 1618 si
1497 1596 1622 1625 magnam
1635 1596 1723 1625 quon-

937 1640 999 1667 dam
1018 1638 1111 1666 urbem
1126 1638 1269 1670 habentes,
1285 1645 1358 1666 nunc
1380 1644 1414 1664 ne
1436 1637 1531 1665 urbm
1547 1636 1657 1672 quidem
1674 1635 1723 1662 has

936 1685 1060 1716 beamus,
1084 1683 1132 1712 sed
1154 1688 1215 1719 post
1241 1683 1429 1719 praefecturam
1455 1686 1527 1710 tuam
1555 1683 1583 1709 in
1604 1681 1721 1709 ferarum

936 1729 1053 1758 lustrum
1083 1733 1260 1757 convertatur
1286 1729 1417 1764 templum
1452 1727 1540 1761 illud,
1568 1727 1640 1763 quod
1667 1725 1722 1755 Deo

936 1776 1134 1810 exstruximus,
1155 1783 1290 1812 omneque
1313 1780 1441 1804 nostrum
1465 1775 1492 1803 in
1513 1783 1546 1803 eo
1564 1774 1721 1809 exornando

936 1822 1068 1850 studium.
1094 1822 1188 1857 Neque
1209 1822 1292 1855 enim,
1314 1822 1338 1850 si
1356 1826 1453 1851 statuae
1473 1821 1647 1856 dejiciantur,
1671 1820 1722 1847 hoc

936 1874 1018 1902 grave
1040 1871 1068 1895 et
1093 1867 1222 1895 acerbum
1243 1872 1294 1901 est,
1320 1867 1428 1895 etiamsi
1454 1867 1554 1902 alioqui
1576 1867 1721 1898 acerbum;

936 1920 988 1941 nec
1004 1912 1038 1941 de
1055 1913 1098 1941 his
1116 1913 1196 1941 nobis
1210 1921 1271 1941 esse
1287 1921 1440 1942 sermonem
1460 1913 1614 1945 arbitreris,
1631 1912 1678 1948 qui
1695 1911 1722 1938 in

938 1959 1126 1993 prastantiora
1145 1959 1346 1992 incumbimus;
1365 1966 1459 1986 verum
1474 1959 1497 1987 si
1519 1959 1585 1986 urbs
1599 1958 1722 1993 antiqua,

95 2011 124 2035 et
142 2014 203 2042 qua:
235 2006 328 2034 eximii
359 2005 464 2040 aliquid
486 2012 520 2032 ac
539 2005 662 2040 praeclari
680 2004 752 2037 tulit,
779 2012 833 2032 una
851 2012 913 2033 cum
934 2006 990 2034 illis
1008 2010 1130 2042 corruat,
1151 2007 1231 2035 nobis
1259 2006 1416 2036 viventibus
1435 2014 1468 2034 ac
1490 2006 1657 2038 videntibus,
1676 2004 1722 2040 qui

96 2055 125 2082 in
137 2054 241 2082 honore
260 2053 331 2089 apud
347 2057 373 2081 te
389 2060 495 2086 sumus,
515 2052 656 2089 gratiaque
671 2056 698 2081 et
719 2052 884 2081 auctoritate
908 2053 1034 2082 nonnihil
1050 2055 1142 2083 valere
1172 2054 1373 2082 existimamur.
1388 2053 1442 2082 Sed
1455 2053 1490 2081 de
1517 2053 1560 2081 his
1579 2052 1661 2081 rebus
1678 2059 1724 2080 sa-

97 2104 134 2131 tis
149 2110 164 2129 a
184 2103 262 2130 nobis
277 2102 383 2130 dictum
397 2101 443 2128 sit.

133 2149 200 2176 οὺδὲ
213 2148 267 2184 γὰρ
280 2149 304 2175 εἰ
322 2148 431 2174 πλείονα
447 2147 580 2181 εἴποιμεν,
600 2145 773 2181 ίσχυρότερόν
792 2154 820 2172 τι
832 2145 885 2173 τῶν

97 2194 153 2221 σῶν
168 2194 320 2230 εὑρήσομεν
335 2192 483 2228 λογισμῶν,
495 2189 536 2223 οἷς
551 2190 626 2222 ἔθνος
640 2190 766 2218 τοσοῦτον
778 2191 883 2225 ἄγεται,

96 2240 145 2267 καὶ
158 2239 253 2275 ἀχθείη
275 2247 308 2274 γε
323 2238 408 2266 πλείω
422 2237 479 2274 (70)
505 2237 552 2264 καὶ
573 2236 669 2272 μείζω,
690 2236 738 2264 καὶ
759 2237 805 2263 ἐπὶ
824 2237 884 2272 μεί-

133 2315 190 2351 (58)
203 2316 311 2344 Anima
323 2317 465 2352 ποντδοόν.
477 2316 517 2343 ita
530 2316 590 2344 cod.
606 2315 672 2351 Reg.
690 2315 720 2343 ln
731 2314 798 2343 edit.
809 2314 885 2342 deest
901 2313 923 2341 ι)

95 2351 199 2378 δοῦναι.

133 2386 189 2422 (59)
209 2387 316 2420 ’Υλαις
328 2386 447 2421 μόναις.
472 2386 541 2415 Cod.
559 2387 636 2419 ὕλαις
652 2386 743 2422 μόνον.
768 2383 883 2412 Utrum-

97 2429 153 2457 que
165 2421 283 2449 reddidit
298 2422 361 2449 Bill.

135 2456 190 2490 (60)
209 2457 288 2491 Πρὸς
297 2457 354 2491 τὴν
364 2457 436 2492 σήν.
453 2456 493 2484 Ita
516 2457 578 2485 eod.
602 2455 719 2485 Montac.
740 2455 835 2484 Morel.
854 2461 886 2481 ac

96 2491 222 2529 Combei'.
237 2492 266 2529 in
279 2493 350 2529 _edit.
371 2492 437 2529 nep).
449 2493 501 2528 τὴν
512 2493 577 2529 σήν.-
615 2526 622 2529 Α
651 2527 656 2529 _
723 2525 728 2529 _
795 2524 808 2529 __

135 2527 190 2567 ιρι)
215 2527 305 2567 Ὑπὲρ
318 2529 375 2567 rep
388 2525 505 2567 tév’zoia-
521 2525 590 2567 ραι·
611 2526 682 2567 ὕπερ
698 2525 850 2567 γᾲρξοῦτο·

135 2562 190 2597 (62)
216 2560 420 2590 Φασῐνέιναι.
434 2563 504 2590 Cod.
531 2562 565 2589 Β.
588 2569 622 2590 ac
649 2560 773 2589 Combef.
796 2560 887 2596 φαμὲν

96 2596 185 2628 εἶναι(
196 2598 342 2632 profectum
358 2606 415 2625 esse
430 2597 628 2632 existimamus.

97 2669 113 2695 ἡ
135 2631 260 2674 ((ῧηυὴ
274 2634 363 2660 τοῦτο
385 2632 563 2668 ὲπιτράφῃς.
586 2631 628 2660 Ne
646 2632 695 2659 hoc
715 2631 835 2666 imperes,
854 2637 886 2658 ne

116 2676 147 2695 oc
160 2669 271 2696 indices.
284 2677 315 2696 ne
328 2668 376 2696 hoc
392 2673 507 2695 statuas.

134 2703 192 2738 (64)
214 2704 344 2738 Τίμησω·
354 2703 470 2736 πάντας
479 2703 618 2738 πολίτας,
632 2701 693 2732 καὶ,
703 2705 757 2729 etc.
769 2700 810 2728 Ita
821 2701 883 2728 cod.

99 2739 127 2766 In
144 2737 352 2774 οήίιητίμησον,
362 2740 411 2774 μὲν
428 2739 533 2774 πάντας
549 2737 662 2774 πολίτας
675 2745 717 2763 τε.

211 2770 267 2801 Καὶ
282 2770 309 2801 ἐι
321 2770 369 2815 ζῷ’
377 2773 505 2815 μεγέθει,
523 2777 577 2801 etc.
594 2773 652 2800 btu'
662 2775 767 2812 propter
781 2770 883 2805 mgni-

150 2817 218 2836 ιηωιι
232 2814 403 2836 auctoritatis
417 2813 471 2836 tua:
487 2813 585 2837 tacent.
604 2808 684 2835 υείιιιι
704 2812 776 2834 mtra
799 2815 826 2834 se
842 2813 883 2837 ge-

150 2808 218 2836 incm
232 2810 403 2836 auctoritatis
417 2813 471 2836 tum
487 2813 585 2839 tacent,
604 2808 684 2835 ueluti
704 2808 776 2834 intra
799 2815 826 2834 σε
842 2813 886 2841 ge-

99 2849 209 2872 mentes.
226 2844 279 2871 Pro
290 2843 453 2879 ὑποϐρύχια,
468 2843 592 2879 Combef.
610 2842 785 2879 ὑποϐρύχιον.

135 2879 194 2916 (66)
213 2881 307 2908 Πόλιν
320 2877 451 2915 ἔχοιμεν.
468 2879 536 2908 Cod.
553 2878 628 2906 πόλιν
644 2877 752 2914 ἔχομεν.

972 2144 1067 2180 Neque
1081 2143 1153 2172 enim
1169 2143 1192 2170 si
1207 2142 1285 2178 plura
1297 2141 1459 2175 dixerimus,
1469 2142 1586 2170 validius
1596 2144 1724 2178 quiddam

939 2189 1092 2224 fortiusque
1107 2188 1162 2216 tuis
1184 2187 1337 2215 rationibus
1357 2191 1439 2223 atque
1464 2188 1588 2217 consiliis
1602 2189 1725 2218 invenie-

938 2243 1010 2269 mus,
1039 2234 1139 2270 quibus
1169 2233 1310 2270 provincia
1329 2237 1407 2261 tanta
1435 2233 1614 2269 gubernatur,
1643 2239 1725 2271 atque

973 2311 1028 2374 (6³1)
1047 2311 1127 2352 ζναὸς
1139 2311 1175 2338 ὃν
1186 2311 1357 2351 ἡτείραμεις.
1375 2309 1472 2345 Liquet
1487 2310 1563 2344 hinc,
1584 2312 1624 2339 ait
1640 2311 1723 2339 Com-

938 2347 1006 2379 be.,
1029 2346 1226 2382 Qioczesaream
1241 2365 1249 2377 ,
1276 2345 1445 2382 hiazianzum
1471 2354 1548 2378 esse,
1569 2354 1651 2382 quam
1682 2348 1723 2376 sic

939 2388 1017 2418 pater
1033 2381 1182 2418 Gregorius
1199 2381 1344 2418 magniﬁco
1357 2380 1587 2418 temploornavitl

974 2417 1032 2452 (68)
1052 2415 1286 2452 Εϊὰγδριάζτες
1304 2415 1586 2452 κᾳτενεχθήσονται.
1606 2415 1657 2444 Hic
1675 2424 1724 2445 oo-

940 2449 1041 2484 sum,
1058 2451 1096 2478 ait
1122 2449 1203 2484 Bill.,
1221 2449 1346 2486 Gregorii
1371 2457 1481 2484 quoque
1504 2454 1627 2486 tempore
1651 2452 1726 2480 ardes

938 2494 1034 2515 sacras
1052 2486 1152 2514 statuis
1176 2490 1202 2513 et
1226 2484 1392 2520 imaginibus
1416 2490 1528 2513 ornatas
1549 2484 1644 2514 fuisse.
1668 2486 1722 2514 Ve-

939 2529 1012 2554 rum,
1033 2522 1123 2556 inquit
1144 2519 1351 2552 Combefu’non
1367 2520 1454 2555 magis
1475 2520 1543 2556 dicit
1563 2525 1670 2550 statuas
1689 2522 1724 2549 ad

939 2556 1034 2592 templi
1043 2555 1344 2592 .ornatumrspectantes
1359 2562 1440 2589 quam
1462 2555 1495 2582 ad
1514 2556 1591 2584 urbis
1606 2557 1723 2589 decora;

940 2590 1056 2630 ideoque
1071 2599 1129 2630 _non
1144 2591 1252 2618 videtur
1265 2590 1330 2630 hinc
1341 2594 1430 2630 ratum
1440 2595 1628 2625 argumentum
1641 2592 1724 2626 hujus

938 2625 1033 2655 saeculi
1056 2627 1126 2654 ritus
1142 2632 1284 2661 sacrarum
1307 2625 1455 2661 imaginum
1468 2632 1501 2652 ac
1524 2625 1686 2661 statuarum,
1707 2634 1723 2654 a

940 2663 1041 2698 quibus
1057 2661 1157 2698 statuis
1172 2660 1321 2698 abhorrent
1342 2659 1400 2698 fere
1413 2659 1570 2698 Graecorum
1589 2659 1687 2698 mores:
1695 2662 1722 2689 in

940 2695 1023 2726 rebus
1042 2696 1141 2729 sacris,
1159 2703 1223 2722 cum
1241 2695 1350 2730 pictura
1369 2695 1452 2730 plana
1476 2696 1625 2731 plurimum
1646 2697 1722 2725 dele-

939 2736 1058 2760 ctentur.

975 2767 1032 2802 (69)
1055 2768 1167 2799 Ἄλλως
1188 2765 1299 2802 δεινόν.
1319 2764 1389 2802 Cod.
1409 2765 1509 2802 ἄλλοις.
1528 2765 1572 2802 Ita,
1585 2767 1667 2794 etiam
1696 2771 1723 2795 et

941 2799 1034 2830 Morel.
1048 2803 1094 2837 qui
1110 2805 1186 2837 notat
1200 2799 1287 2832 ἄλλως
1301 2801 1430 2837 mendose
1444 2801 1501 2837 _legi
1519 2808 1533 2827 a
1550 2801 1667 2828 Montae.

977 2838 1033 2873 (70)
1052 2835 1107 2865 Καὶ
1129 2836 1232 2873 ἀχθείη
1259 2844 1292 2870 γε
1319 2836 1420 2862 πλείω.
1444 2835 1504 2873 Bill.
1524 2836 1636 2873 Quibus
1659 2845 1722 2871 pro-

941 2871 1028 2901 uincia
1047 2878 1121 2901 tanta
1141 2871 1302 2907 gubernatur
1323 2876 1400 2906 atque
1423 2871 1577 2898 sublimiora
1601 2872 1710 2906 imperia
