1931 3056
216 165 269 194 243

825 161 852 189 S.
874 160 1038 189 GBEGORII
1059 157 1231 186 TllEOLOGl

1789 154 1846 182 ΞΗ

218 226 350 258 regantur
370 223 462 258 plures
481 222 560 257 120
573 221 745 256 maioresque
772 221 853 248 etiam
874 221 902 247 in
923 220 1005 248 subli-

1073 227 1115 245 οσι
1132 219 1191 249 ταῖς
1206 217 1315 252 ἀρχαῖς.
1337 215 1440 242 Ἐκεῖνο
1458 212 1486 240 δὲ
1508 214 1656 248 ἀναγκαῖον
1672 213 1771 248 γνῶναι
1795 213 1847 249 τὴν

217 269 351 297 mioribns
374 268 505 304 imperiis.
522 267 580 295 Hoc
592 271 684 294 autem
700 271 754 294 tua:
771 266 854 293 animi
869 266 1004 301 magnitu-

217 315 286 348 dini,
301 315 333 343 de
348 315 382 342 iis
405 315 451 350 qni
464 315 520 350 jam
535 314 562 341 in
584 318 646 341 tuas
668 321 765 340 manus
779 312 943 345 inciderunt,
960 319 1006 338 no-

218 366 276 391 tum
299 368 361 388 esse
377 363 495 395 oportet,
510 359 584 394 quod
606 366 719 394 prorsus
738 358 831 385 miseri
855 361 883 384 et
906 357 1005 391 abjecti

219 411 293 437 sunt,
310 413 359 433 nec
379 413 440 432 cum
458 405 504 436 iis,
519 404 564 439 qui
587 404 692 431 facinus
708 403 775 430 illud
793 405 946 437 patrarunt,
961 410 1008 436 pe-

219 451 341 478 tulantiae
363 451 447 478 ullius
470 451 536 477 socii
561 453 644 484 atque
667 453 810 476 consortes
827 447 1005 479 exstiterunt,

219 497 449 532 quemadmodum
477 496 554 522 multi
579 504 612 522 ex
630 495 674 527 iis,
697 495 745 530 qui
771 498 827 521 tum
850 493 1006 524 adfuerunt,

219 543 300 570 nobis
324 543 402 569 fidem
421 542 535 569 faciunt.
561 541 598 569 De
617 541 660 568 his
683 541 764 568 rebus
784 541 835 567 hoc
858 539 1006 570 constitue,

220 588 294 624 quod
311 589 439 623 expedire
457 588 633 622 iudicaveris,
650 591 708 614 tum
728 587 761 613 ad
777 586 859 621 hujus
874 586 936 612 vita:
953 584 1009 620 glo-

221 635 302 668 riam,
320 638 376 661 tum
393 635 426 661 ad
441 635 581 669 sequentis
598 635 661 661 VIin
674 641 759 668 spem.
772 632 827 660 Nos
845 640 921 663 vero,
934 630 1007 666 quod

221 681 271 707 tibi
288 680 435 707 decernere
451 681 478 708 in
493 685 611 708 mentem
625 680 740 713 venerit,
758 687 813 706 non
825 679 935 714 quidem
949 677 1008 705 sine

1057 265 1105 300 σὴν
1116 263 1289 300 μεγαλόνοιαν
1296 261 1359 297 περὶ
1371 260 1422 287 τῶν
1433 259 1723 296 προσεμπεπτωκότων
1731 260 1848 296 (71),ὂτι
1880 276 1883 283 ς

1057 309 1196 340 παντελῶς
1215 306 1283 334 εἶσιν
1304 307 1400 338 ἄθλιοι,
1415 306 1626 342 ἀπερριμμένοι,
1642 306 1689 332 καὶ
1711 305 1848 341 μηδεμιᾶς

1058 355 1170 387 ἀταξίας
1186 355 1242 385 τοῖς
1261 351 1434 388 ἡμαρτηκόσι
1458 351 1680 385 κοινωνήσαντες,
1703 350 1740 381 ὡς
1754 349 1849 376 πολλοὶ

1059 401 1196 428 πείθουσιν
1220 399 1293 434 ἡμᾶς
1318 397 1373 424 τῶν
1399 396 1459 422 τότε
1485 396 1636 432 παρόντων.
1661 395 1734 430 Πρὸς
1761 395 1851 422 ταῦτα

1061 447 1202 482 βούλευσαι
1217 446 1231 472 ὃ
1246 453 1271 470 τι
1292 443 1324 470 ἂν
1340 442 1488 478 συμφέρειν
1503 442 1616 477 νομίσῃς
1630 441 1697 476 (ἹΞ),
1714 441 1760 469 καὶ
1779 441 1851 476 πρὸς

1060 493 1109 528 τὴν
1132 491 1256 518 ἐντεῦθεν
1279 490 1368 523 δόξαν,
1394 488 1524 523 καὶπρὸς
1540 487 1588 519 τὰς
1609 487 1712 514 ἐκεῖθεν
1725 487 1849 518 ἐλπίδας.

1067 539 1162 574 Ἡμεῖς
1179 536 1249 563 δὲτὸ
1267 534 1409 570 παραστὰν
1433 534 1553 568 οἴσομεν,
1579 533 1629 559 οὐκ
1655 533 1764 564 ἀλύπως
1787 533 1850 568 μὲν,

1061 585 1170 619 οἴσομεν
1183 583 1221 609 δέ.
1244 582 1275 608 Τί
1295 581 1349 617 γὰρ
1365 580 1397 607 ἂν
1411 580 1458 606 καὶ
1473 579 1626 615 πράξαιμεν
1642 579 1751 615 ἓτερον;
1774 579 1806 604 Εἰ
1820 578 1851 604 δὲ

1061 630 1096 656 τὰ
1109 629 1192 665 χείρω
1207 629 1338 663 νικήσειε,
1353 626 1559 661 χαλεπανοῦμεν
1579 625 1646 661 (75),
1669 625 1716 652 καὶ
1735 626 1768 660 τῇ
1785 623 1853 650 ποτὲ

1062 675 1138 702 πόλει
1158 671 1339 706 ὲπιϐαλοῦμεν
1355 670 1481 705 δάκρυον.

223 733 340 753 maerore
356 725 486 759 feremus,
510 727 558 754 sed
578 731 668 754 tamen
691 727 821 753 feremus.
845 725 916 758 Quid
938 725 1012 752 enim
1031 722 1105 749 aliud
1131 719 1301 748 faceremus?
1333 718 1410 751 Quod
1431 718 1454 746 si
1479 717 1599 745 deterior
1620 716 1755 746 sententia
1775 716 1853 744 vice-

222 773 270 806 rit,
285 774 383 801 acerbe
403 773 532 807 feremus,
551 779 579 801 et
598 782 658 802 eam
682 782 742 809 quia:
757 775 833 810 prius
849 773 915 800 urbs
941 776 1010 804 erat,
1030 770 1158 806 lacrymis
1175 774 1381 804 prosequemur.

496 832 597 860 CXLII.
619 831 732 858 EIDEM.

1275 824 1362 851 mm.
1391 823 1434 858 Τῼ
1452 822 1542 857 arra
1563 821 1616 856 (τι)

224 888 380 916 Proximam
395 890 575 923 superioribus
596 890 703 920 litteris,
720 897 786 924 quas
800 889 879 924 paulo
904 886 1123 924 postAsubsecuta
1141 888 1190 924 est,
1218 882 1306 924 sedent
1325 889 1456 924 occupare
1473 880 1546 907 debet
1566 878 1677 913 epistola
1700 884 1783 910 cxut,
1800 883 1854 910 qua

576 916 739 960 Olympium:
761 930 788 951 ut
800 916 986 950 .Nuzianzenit
1004 926 1108 956 parcat.
1127 921 1202 946 enixe
1217 918 1334 952 postulat
1348 916 1499 950 Gregorius.

259 979 291 1007 Et
304 988 469 1016 congressus
483 982 521 1008 tui
534 982 668 1016 cupiditas
681 981 782 1009 ardens
799 985 852 1012 est,
869 984 896 1008 et
910 987 1009 1014 rogan-

1096 977 1126 1003 Εξ
1142 976 1189 1002 καὶ
1203 977 1216 1002 ὁ
1231 974 1311 1005 πόθος
1323 973 1379 1009 (75)
1395 973 1443 1007 τῆς
1459 972 1508 1006 σῆς
1525 969 1668 1005 συντυχίας
1683 968 1793 1004 θερμὸς,
1806 968 1854 994 καὶ

224 1026 292 1054 tium
309 1027 461 1054 necessitas
477 1035 593 1062 magna;
611 1028 658 1055 sed
677 1028 788 1054 morbus
814 1027 886 1053 vinci
908 1026 1011 1060 nequit.

224 1071 264 1099 Ac
278 1076 422 1107 propterea
441 1073 660 1108 deprecationem
685 1074 754 1101 Italic
768 1073 866 1101 litteris
888 1073 1014 1100 commit-

225 1119 284 1144 tere
305 1124 358 1144 non
375 1117 510 1144 dubitavi.
525 1118 630 1146 Movcat
653 1123 680 1146 te
704 1121 796 1146 nostra
812 1118 937 1151 canities,
955 1125 1014 1152 quae

225 1165 253 1190 te
265 1162 323 1196 jam
347 1163 474 1194 antehac,
498 1167 527 1190 ut
552 1171 602 1199 par
624 1168 693 1195 erat,
717 1169 743 1191 et
765 1163 875 1198 quidem
894 1171 1015 1198 persaepe

225 1207 322 1234 movit.
339 1206 445 1234 Moveat
460 1212 486 1235 te
507 1216 616 1243 quoque
639 1209 751 1236 morbus
769 1209 824 1241 hic,
840 1209 893 1239 cui.
910 1209 933 1235 si
950 1207 1015 1243 quid

227 1259 387 1288 arroganter
401 1253 546 1281 dicendum
562 1259 613 1286 est,
633 1259 738 1289 partem
763 1255 881 1288 aliquam
896 1253 1015 1288 suscepti

225 1296 274 1325 Dei
291 1305 374 1325 causa
390 1297 506 1326 sudores
518 1299 704 1326 contulerunt.
719 1298 759 1326 0b
775 1306 890 1333 eamque
903 1306 1014 1325 causam

226 1343 333 1370 civibus
348 1351 441 1378 parce,
457 1352 574 1379 quorum
592 1345 619 1371 in
643 1353 694 1372 nos
712 1345 783 1372 oculi
801 1345 918 1380 conjeeti
940 1348 1014 1376 sunt,

226 1392 358 1423 tanquam
371 1389 419 1423 qui
438 1389 632 1417 auctoritatem
649 1397 680 1416 ac
698 1389 825 1416 ﬁduciam
839 1390 911 1424 apud
922 1394 949 1417 te
973 1389 1018 1416 lia-

226 1433 351 1461 beamus.
368 1434 436 1462 Aliis
452 1435 528 1464 item.
546 1435 592 1470 qni
606 1440 707 1462 nostrae
720 1443 792 1462 curae
806 1435 922 1469 subjecti
938 1439 1013 1466 sunt,

227 1486 318 1514 parce.
337 1478 476 1514 Siquidem
489 1481 594 1507 nullum
611 1489 643 1508 ex
661 1481 791 1508 facilitate
806 1485 888 1516 atque
911 1481 1019 1508 miseri-

228 1525 322 1552 cordia
350 1525 543 1553 detrimentum
567 1527 648 1554 rebus
669 1526 819 1559 inferetur,
844 1527 1018 1562 quandoqui-

229 1570 291 1597 dem
305 1574 333 1597 tu
347 1575 451 1598 terrore
470 1573 548 1606 plura
569 1572 695 1605 conficis,
710 1581 791 1608 quam
806 1574 852 1600 alii
876 1573 1017 1608 suppliciis

229 1618 257 1642 et
276 1615 410 1644 cruciatu.
434 1616 495 1643 Tibi
513 1625 578 1644 vero
592 1625 642 1652 pro
663 1618 705 1645 bis
722 1619 804 1646 rebus
820 1619 900 1646 talem
913 1627 977 1654 erga
991 1623 1018 1646 te

1065 1022 1176 1058 ἡχρεία
1191 1021 1245 1047 τῶν
1267 1019 1402 1054 δεομένων
1428 1017 1549 1053 μεγάλη·
1573 1016 1630 1042 ἀλλ’
1651 1017 1667 1051 ὴ
1691 1015 1767 1046 νόσος
1787 1015 1855 1049 ἀήτ-

1064 1077 1153 1103 τητος.
1171 1067 1219 1093 Διὰ
1239 1065 1318 1092 τοῦτο
1342 1066 1486 1101 γράμμασι
1509 1062 1652 1089 πιστεῦσαι
1675 1060 1729 1096 (76)
1752 1060 1855 1094 ταύτην

1064 1114 1114 1149 τὴν
1138 1112 1285 1149 πρεσϐείαν
1300 1111 1450 1146 ἐθάρρησα.
1472 1109 1615 1144 Αἰδέσθητι
1639 1109 1687 1143 μὲν
1703 1108 1781 1143 ἡμῶν
1804 1107 1856 1142 τὴν

1065 1158 1172 1189 πολιὰν,
1185 1158 1219 1193 ἣν
1239 1156 1354 1192 ᾐδέσθης
1367 1156 1417 1190 ἠδη
1442 1154 1532 1186 καλῶς
1547 1153 1632 1179 ποιῶν
1646 1153 1691 1178 καὶ
1713 1151 1854 1182 πολλάκις.

1065 1203 1208 1238 Αἰδέσθητι
1233 1202 1261 1228 δὲ
1286 1202 1332 1227 καὶ
1358 1201 1406 1236 τὴν
1433 1199 1588 1236 ἀρρωστίαν
1616 1197 1718 1232 ταύτην
1743 1197 1811 1232 (77),

1067 1249 1149 1284 μέρος
1160 1257 1185 1274 τι
1199 1248 1246 1275 καὶ
1259 1248 1284 1273 οἱ
1298 1246 1368 1273 κατὰ
1383 1246 1449 1273 Θεὸν
1470 1245 1579 1280 ἱδρῶτες
1593 1244 1815 1278 συνεισήνεγκαν.
1830 1243 1855 1267 εἰ

1066 1303 1091 1320 τι
1106 1295 1146 1321 δεῖ
1164 1295 1209 1321 καὶ
1227 1293 1445 1321 νεανιεύσασθαι.
1466 1292 1520 1318 Καὶ
1541 1291 1584 1317 διὰ
1600 1290 1678 1316 τοῦτο
1693 1291 1784 1324 φεῖσαι
1805 1287 1855 1323 μὲν

1067 1342 1120 1368 τῶν
1142 1340 1355 1375 πολιτευομένων
1371 1339 1437 1374 πρὸς
1449 1339 1522 1373 ἡμᾶς
1546 1337 1706 1371 βλεπόντων,
1729 1335 1766 1366 ὡς
1781 1335 1855 1369 ἐχόν-

1067 1395 1121 1413 των
1147 1386 1226 1422 ήμῶν
1243 1386 1296 1420 (78)
1323 1385 1369 1411 ἐπὶ
1392 1383 1438 1410 σοῦ
1460 1383 1623 1419 παρρησίαν.
1639 1383 1732 1407 quin:
1752 1380 1781 1407 δὲ
1801 1380 1856 1406 τῶν

1068 1432 1154 1460 ἄλλων
1167 1432 1221 1458 τῶν
1235 1431 1287 1457 ὑπὸ
1301 1431 1350 1466 τὴν
1363 1430 1500 1466 ἡμετέραν
1512 1428 1648 1464 φροντίδα.
1664 1428 1718 1454 Καὶ
1739 1427 1792 1462 γὰρ
1811 1426 1857 1452 οὺ-

1067 1479 1146 1514 δεμία
1163 1478 1248 1513 ζημία
1267 1479 1322 1508 τοῖς
1345 1476 1504 1511 πράγμασιν
1527 1475 1558 1500 ἐκ
1579 1474 1628 1508 τῆς
1641 1471 1855 1508 φιλανθρωπίας,

1068 1524 1129 1550 ἐπεὶ
1144 1523 1182 1557 τῷ
1200 1523 1273 1557 φόϐῳ
1292 1521 1347 1555 (79)
1365 1521 1475 1547 πλείονα
1488 1518 1670 1557 κατορθοῖς,ᾓ
1688 1519 1747 1549 ταῖς
1768 1525 1855 1551 τιμω-

1070 1569 1140 1604 piat;
1155 1556 1318 1603 ἕτεροιίΣοὶ
1340 1568 1367 1594 δὲ
1391 1566 1451 1593 ἀντὶ
1473 1566 1574 1592 τούτων
1601 1556 1715 1599 γένοιτο,
1746 1564 1776 1590 τὸ
1800 1563 1854 1598 (80)

1069 1615 1189 1641 τοιούτου
1211 1616 1300 1650 τυχεῖν
1315 1615 1361 1640 τοῦ
1377 1612 1481 1649 κριτοῦ,
1498 1610 1552 1644 οἷός
1576 1620 1627 1646 περ
1650 1612 1682 1638 ἂν
1695 1611 1774 1642 αὕτὸς
1790 1610 1856 1646 γένῃ

227 1659 349 1694 jndicem
375 1662 506 1696 consequi
533 1662 685 1698 contingat,
709 1663 816 1698 qualem
839 1667 865 1691 te
886 1664 1014 1699 supplici-

1073 1662 1124 1692 τοῖς
1138 1660 1284 1696 δεομένοις,
1296 1661 1343 1687 καὶ
1359 1662 1423 1695 ἡμῖν
1436 1661 1492 1691 τοῖς
1506 1658 1711 1694 πρεσϐεύουσιν.

229 1705 292 1739 bus,
319 1714 351 1733 ac
379 1707 475 1740 nobis,
493 1708 539 1743 qui
569 1717 618 1744 pro
639 1709 706 1744 ipsis
731 1709 925 1745 deprecamur,
950 1718 1017 1745 pm-

228 1752 332 1781 bueris.

455 1810 532 1845 121
544 1809 658 1837 cxun.
681 1809 786 1837 EIDEM

1288 1814 1376 1841 mm.
1398 1813 1441 1848 τᾳ
1459 1813 1550 1848 erro
1570 1812 1636 1848 (81).

267 1867 320 1895 Hic
334 1868 468 1907 commode
482 1869 596 1907 sco/fert
610 1869 723 1901 epistola
736 1877 830 1907 cum",
847 1878 899 1907 qua
917 1870 1060 1906 Gregorius
1076 1873 1190 1906 plurima
1204 1881 1231 1900 se
1242 1873 1274 1899 ab
1294 1872 1415 1907 Olympio
1439 1872 1563 1905 beneﬁcia
1580 1872 1709 1905 accepisse
1732 1875 1854 1905 testatur,

230 1911 276 1941 nec
290 1909 378 1941 tamen
393 1903 478 1941 ullurrt
491 1903 542 1941 sibi
555 1910 652 1930 metum
669 1912 735 1941 esse,
748 1913 778 1931 ne
792 1903 873 1938 ipsius
888 1903 1234 1941 benigiiitatant'ex/tauriat.
1252 1903 1399 1934 Patromtiu
1418 1903 1589 1934 nihilominus
1609 1903 1692 1933 alium
1710 1915 1756 1941 pro
1769 1903 1856 1934 Leon;-

232 1940 268 1979 ti_o_
278 1939 419 1979 deprecans
433 1938 550 1972 adhibet,
567 1947 625 1966 eam
643 1939 742 1967 scilicet
758 1948 837 1975 quam
850 1946 874 1968 et
890 1938 994 1976 impérii
1010 1948 1034 1970 et
1046 1944 1184 1978 potestatis
1201 1944 1300 1970 sociam
1319 1949 1343 1970 et
1358 1948 1505 1970 consortem
1519 1942 1640 1974 habebnt,
1659 1938 1747 1977 nenipe
1762 1942 1855 1978 Olynt-

229 1975 268 2009 pii
281 1975 429 2010 conjugem.

266 2035 338 2069 Quid
363 2034 449 2062 multa
476 2034 633 2069 pertulisse,
658 2038 684 2062 et
709 2034 839 2062 beneficia
865 2036 1016 2071 accepisse,

231 2080 389 2110 hominibus
404 2080 504 2108 affert?
527 2080 725 2108 humanitatem
749 2089 781 2108 ac
798 2082 1018 2110 misericordiam

231 2127 321 2160 docet,
338 2126 473 2162 eﬂicitque
486 2130 516 2153 ut
528 2126 563 2153 ad
574 2134 622 2154 eos
635 2134 696 2155 sese
711 2127 861 2160 inﬂectant,
875 2129 922 2163 qui
944 2129 1018 2164 ipso-

231 2209 267 2234 At
281 2207 339 2234 haec
350 2207 442 2234 versio
455 2214 506 2234 nec
520 2207 613 2239 verba,
627 2214 678 2234 nec
694 2214 804 2234 sensum
818 2207 917 2234 reddit.
934 2207 1015 2242 Optat

232 2242 382 2277 Gregorius
405 2246 452 2273 ut,
480 2242 527 2276 qui
554 2246 658 2268 tantam
688 2242 822 2276 gubernat
847 2243 1014 2277 provinciam

231 2278 326 2313 plures
345 2277 519 2312 majorcsque
538 2277 671 2312 gubernet
692 2277 899 2304 sublimioribus
923 2278 1018 2306 infulis

233 2317 360 2340 ornatus.

269 2348 326 2383 ('ll)
344 2347 672 2383 Προσειμτεπτῳκὸτων.
690 2346 728 2373 lla
747 2346 809 2383 cod.
829 2346 947 2376 Montac.
961 2348 1018 2375 Μο-

232 2383 284 2410 rel.
298 2381 330 2410 ao
344 2382 466 2410 Cotubef.
484 2382 512 2408 ln
529 2382 594 2409 edit.
608 2381 874 2417 προσπεπτωκότων.

269 2417 326 2450 (72)
346 2418 491 2452 Νομίσῃς.
513 2418 551 2444 lta
570 2416 635 2444 cod.
658 2416 686 2444 In
708 2417 774 2444 edit.
790 2417 924 2452 νομίζεις,
943 2418 1017 2452 quod

232 2451 295 2480 Bill.
311 2453 379 2487 quod
398 2460 430 2479 ex
448 2461 497 2479 usu
510 2461 566 2479 esse
577 2452 724 2486 jutlicabis.

271 2488 328 2522 (75)
347 2487 500 2521 Νικήσειε.
518 2488 758 2521 χαλεπανοῦμεν,
775 2491 826 2514 clo.
841 2487 878 2514 Ita
902 2488 962 2515 cod.
983 2487 1017 2515 Η.

233 2531 266 2550 ac
282 2523 408 2550 Combel’.
428 2524 462 2549 At
481 2523 599 2550 Montac.
613 2526 640 2550 et
657 2522 750 2549 Morel.
766 2523 896 2557 νικήσειε,
919 2523 949 2549 ἓν
970 2532 1020 2558 χα-

236 2558 368 2594 ριούμεθα
385 2558 475 2592 μόνον,
487 2559 520 2593 τῇ
541 2557 607 2584 ποτὲ
629 2558 716 2589 πόλει,
732 2558 832 2594 vicerit,
853 2566 933 2594 unum
953 2559 1022 2594 duri-

235 2592 311 2632 taamt
336 2593 502 2632 tribuemusi
520 2601 578 2632 eant
595 2601 653 2627 qua:
671 2592 887 2632 quandanrurbs
907 2599 974 2632 erat.
993 2593 1021 2619 ln

235 2628 302 2668 edit.
320 2629 471 2668 νιξεῄένειενε
491 2627 526 2668 ἓν.
535 2627 752 2663 χαλεπανοῦμεν,
775 2629 821 2654 καὶ
835 2629 868 2668 ςτῇ
889 2628 1021 2668 πρότερον
1045 2647 1064 2661 ,ι

235 2663 322 2690 πόλει.
347 2663 420 2695 Bill.,
448 2663 557 2695 vicerit,
582 2671 636 2690 rem
663 2671 744 2689 unam
770 2663 861 2690 acerbe
886 2663 1018 2697 feremus,

235 2706 344 2733 eamque
369 2706 427 2734 qua:
454 2699 527 2733 prius
555 2698 618 2725 urbs
643 2703 700 2725 erat
731 2698 855 2733 lacrymis
881 2706 1020 2733 proseque-

236 2741 304 2759 mur.

272 2768 329 2803 (74)
349 2768 424 2804 Alias
445 2767 572 2804 CLXXll.
593 2767 699 2802 Scripta
718 2768 798 2803 paulo
811 2772 873 2804 post
892 2767 1018 2803 superio-

235 2810 304 2839 remf
316 2818 351 2824 -—
366 2802 407 2836 Τῷ
425 2803 520 2839 αὐτῷ.
534 2803 561 2830 id
580 2808 640 2835 est,
663 2802 820 2839 Ὀλυμπίῳ]
834 2804 873 2839 ita
898 2804 989 2838 plures
1004 2810 1020 2830 e

235 2838 316 2874 codd.
331 2839 433 2866 nostris
444 2847 451 2871 ς
464 2842 491 2864 at
507 2838 578 2874 8.75,
598 2838 719 2873 Εὑσεὸίῳ
735 2839 814 2874 φίλῳ.
832 2838 860 2865 ln
874 2839 939 2866 edit.
958 2839 1020 2873 qui-

235 2873 362 2908 busdam,
381 2878 407 2902 et
424 2874 452 2902 iu
464 2873 526 2901 cod.
539 2873 607 2909 Reg.
624 2874 774 2910 Θεμιστίῳ·
791 2873 831 2903 Sic
847 2874 929 2903 etiam
943 2873 1019 2902 Mon-

1107 2037 1138 2064 Τί
1156 2038 1186 2064 τὸ
1201 2037 1285 2064 πολλὰ
1301 2037 1406 2069 παθεῖν,
1424 2037 1470 2063 καὶ
1486 2036 1514 2063 τὸ
1527 2034 1556 2062 εὖ
1572 2036 1668 2062 παθεῖν
1681 2037 1736 2067 τοῖς
1753 2036 1857 2072 ἀνθρὼ-

1070 2092 1132 2115 ποις
1152 2083 1307 2119 χαρίζεταις
1326 2083 1446 2109 διδάσκει
1471 2082 1682 2117 φιλανθρωπίαν.
1706 2082 1751 2108 καὶ
1772 2082 1856 2110 κλίνει

1070 2132 1126 2162 τοῖς
1146 2130 1291 2165 δεομένοις.
1317 2130 1399 2156 Οὐδὲν
1425 2129 1478 2165 γὰρ
1504 2129 1559 2164 (89.)
1578 2129 1696 2155 τοιοῦτον
1721 2129 1856 2164 παίδευμα

1072 2211 1125 2234 tac.
1138 2207 1291 2242 Utrumque
1308 2207 1389 2233 habet
1406 2203 1498 2242 Morel.

1106 2243 1163 2277 (75)
1183 2243 1217 2269 Et
1233 2239 1280 2269 riui
1296 2243 1312 2268 ὁ
1328 2243 1430 2274 πόθος.
1449 2241 1486 2268 lta
1504 2241 1564 2268 cod.
1580 2239 1646 2276 Reg.
1663 2241 1696 2268 ll.
1712 2242 1805 2269 Morel.
1823 2250 1854 2269 ac

1072 2278 1194 2305 Combef.
1213 2278 1244 2303 Ei
1264 2279 1341 2304 deest
1357 2278 1382 2303 in
1399 2277 1490 2303 editis.

1106 2314 1162 2349 (76)
1183 2312 1341 2349 Γρᾲμμᾳσι
1367 2312 1540 2349 πιστεῦσαι.
1560 2311 1610 2349 _lta
1636 2312 1696 2349 cod.
1731 2317 1759 2339 et
1790 2311 1852 2349 [lt-g.

1072 2347 1190 2375 Montac.
1220 2348 1313 2374 Morel.
1347 2351 1374 2374 et
1400 2347 1530 2374 (Lotnbef..
1560 2347 1589 2373 ln
1617 2348 1682 2374 edit.
1713 2347 1854 2374 πιστεῦσαι

1071 2384 1157 2411 deest.

1107 2418 1164 2453 (77)
1190 2417 1497 2453 Ἀῤῥωστίανταύτην.
1514 2417 1554 2444 Ita
1565 2417 1626 2444 cod.
1643 2417 1708 2452 Reg.
1725 2418 1816 2445 Morei.
1829 2423 1856 2444 et

1071 2452 1238 2491 Cotplielen
1252 2452 1318 2491 edit.
1337 2452 1433 2491 αρτᾐν.

1108 2489 1163 2523 (78)
1188 2488 1335 2523 Ἐχόντῳν
1348 2486 1448 2523 miror.
1460 2486 1499 2513 Ita
1510 2486 1582 2523 rcod.
1599 2487 1666 2521 Reg.
1687 2492 1713 2513 ct
1732 2487 1766 2514 ll.
1782 2488 1855 2514 Mon-

1073 2522 1127 2550 tac.
1144 2523 1236 2549 Morel.
1254 2528 1282 2549 et
1299 2522 1423 2549 Combcl'.
1442 2522 1469 2548 ln
1485 2522 1553 2548 edit.
1565 2523 1642 2557 ἡμῶν
1656 2523 1740 2550 deest.

1109 2558 1165 2620 (79)
1188 2557 1269 2598 Ἐπεὶ
1284 2557 1324 2589 τῷ
1337 2558 1432 2598 ξόϐῳ..
1446 2557 1484 2584 lta
1500 2558 1561 2584 cod.
1582 2564 1609 2585 et
1630 2558 1660 2585 Β.
1678 2558 1705 2590 5,
1726 2566 1757 2584 ac
1774 2558 1856 2585 Coni-

1072 2594 1106 2621 be
1121 2613 1127 2619 .
1146 2594 1174 2620 In
1187 2593 1252 2619 edit.
1269 2593 1315 2619 ὲπὶ
1328 2601 1367 2621 τω
1381 2592 1466 2621 φόὸω.

1091 2601 1127 2621 Cl.
1146 2601 1174 2620 In
1187 2601 1252 2619 CUII.
1269 2601 1315 2619 επι
1328 2601 1367 2621 τω
1381 2601 1466 2621 φοοω.

1109 2601 1127 2620 l.
1146 2601 1174 2620 In
1187 2601 1252 2619 euut.
1269 2601 1315 2619 επι
1328 2601 1367 2627 τῳ
1381 2601 1466 2627 φοοῳ.

1109 2628 1164 2662 (80)
1185 2628 1316 2658 Férotro,
1333 2626 1504 2662 ro'ultaicod.
1518 2627 1547 2654 In
1558 2627 1624 2655 edit.
1640 2628 1670 2654 τό
1685 2628 1772 2655 deest.

1111 2664 1166 2698 (8|)
1187 2663 1262 2698 Alias
1279 2661 1408 2698 CLXXV.
1426 2661 1534 2697 Scripta
1553 2663 1648 2690 eodem
1664 2664 1773 2690 circiter
1789 2668 1854 2690 tem-

1073 2705 1148 2732 pore.
1158 2697 1192 2717 L—
1209 2697 1250 2730 Τῴ
1262 2697 1354 2729 αὐτῷ.
1369 2698 1395 2724 id
1406 2703 1458 2733 est,
1478 2698 1627 2733 Ὀλυμπίῳ.
1639 2699 1707 2726 Cod.
1728 2698 1854 2732 ’Λλυπίῳ.

1073 2732 1141 2759 God.
1160 2733 1226 2767 Reg.
1255 2733 1376 2767 ’Δλυπίῳ
1403 2732 1524 2768 ἄρχοντι.
1546 2733 1663 2760 Montac.
1686 2738 1713 2760 et
1732 2734 1855 2760 Combef.

1080 2767 1208 2802 Ἅλυι-τίω,
1225 2768 1266 2804 vel
1286 2768 1435 2804 Ὀλυμπίῳ,
1450 2767 1544 2795 Morel.
1560 2768 1689 2804 Ἀλυπίῳ,
1706 2769 1747 2796 vel
1763 2768 1856 2804 Ὀλυμ-

1074 2803 1138 2837 πὶῳ,
1158 2808 1204 2829 aut
1216 2803 1297 2830 etiam
1313 2803 1463 2837 Παλλαδίῳ.

1092 2837 1284 2901 ’ἑὲ2)ἀοὐδὲν
1300 2837 1365 2874 γάρ.
1386 2837 1426 2866 lta
1446 2837 1508 2866 cod.
1533 2842 1560 2866 et
1586 2837 1708 2867 Combef.
1733 2837 1764 2866 ιι]
1789 2837 1855 2867 edit.

1092 2883 1102 2900 λ
1149 2882 1166 2901 Υ
1187 2882 1202 2901 ο

1073 2882 1132 2901 ouo:
1149 2882 1202 2908 γαρ
