1931 3056
239 138 294 167 ΞΠ
851 140 879 170 S.
900 141 1066 171 GREGORll
1087 141 1258 171 TllEOLOGl
1820 143 1875 170 2i8

240 200 270 223 ιιι
290 195 401 231 quidem
417 195 444 224 id
460 196 564 225 scilicet
579 196 673 229 facies,
696 196 770 232 quod
793 197 914 232 mquitati
930 201 983 225 tua:
1005 199 1032 225 in

1089 197 1137 224 τῶν
1156 199 1185 224 ἐν
1203 197 1279 233 μέσῳ
1299 198 1500 234 παραδραμεῖν,
1521 197 1568 224 ἐπὶ
1589 197 1627 233 τῷ
1646 198 1684 233 μὴ
1709 197 1829 232 κυρῶσαι
1845 199 1876 226 τὸ

240 246 360 271 mentem
383 242 499 274 subibit,
517 250 550 270 ac
565 242 631 277 Deo,
649 243 695 279 qui
709 247 735 271 te
751 244 780 271 in
801 243 930 271 omnibus
951 243 1031 279 regit,

1089 243 1268 276 ἀποστάσιον,
1291 244 1306 270 δ
1330 245 1386 276 τοῖς
1412 245 1556 280 ἡμετέροις
1584 244 1737 281 ἀπαρέσκει
1764 244 1874 276 πάντως

240 293 348 325 gratum
362 289 424 316 erit.
441 289 497 324 Ego
515 294 606 318 autem
630 290 820 319 lubentissime
841 290 897 318 ﬁlio
914 288 1032 317 Veriano

1089 290 1187 325 νόμοις,
1201 290 1253 317 κᾶν
1268 291 1293 317 ol
1308 290 1451 326 Ῥωμαίων
1467 290 1568 326 ἐτέρως
1582 291 1694 326 κρίνωσι
1710 290 1776 326 (97).
1790 290 1825 317 Τὺ
1836 291 1876 317 δί-

241 335 268 362 id
283 335 392 363 consilii
408 335 513 368 darem,
530 340 560 363 ut
578 336 663 364 multa
687 343 796 368 eorum,
817 343 879 371 quae
895 335 924 363 in
940 335 1032 363 medio

1089 345 1161 363 καιον
1185 336 1240 372 γὰρ
1262 336 1432 372 φυλαχθῆναι
1449 337 1618 371 ἐπάναγκες,
1634 337 1649 363 ὃ
1665 337 1713 364 καὶ
1729 338 1811 373 ἡμεῖς
1834 345 1876 363 σοι

241 386 316 413 sunt,
333 383 494 418 praeteriret,
514 390 569 418 quo
583 382 731 410 divortium
756 382 869 410 minime
884 381 1032 409 conﬁrma-

1084 380 1220 417 εὐχόμεθα
1236 382 1383 416 ἀεὶλλέγειν
1398 390 1427 408 τε
1442 383 1489 409 καὶ
1504 384 1602 410 ποιεῖν.

241 435 305 462 ret,
337 430 412 465 quod
439 429 546 464 legibus
574 430 677 458 nostris
708 437 824 465 prorsus
850 429 1034 465 improbatur.
1053 429 1161 457 etiamsi
1176 429 1307 457 Romanas
1319 430 1400 458 aliter
1412 430 1572 458 decernant.
1598 430 1648 460 Jus
1679 431 1753 459 enim
1771 432 1876 460 servari

241 484 356 505 necesse
378 480 433 508 est,
455 476 529 513 quod
550 480 581 504 ut
603 480 631 505 et
656 484 764 512 semper
779 477 867 510 dicas,
898 480 926 505 et
946 475 1033 504 facias
1049 475 1110 508 tibi,
1125 480 1263 512 optamus.

492 535 594 564 CXLV.
615 535 777 564 VERIANO.

284 591 426 628 i’crianus,
441 601 516 628 quem

1291 536 1382 564 PME'.
1402 536 1580 573 οΥιιριΑΝῼ
1598 537 1654 573 (98)

534 592 620 627 ﬁlium
635 601 712 620 suum
726 597 801 620 vocat
813 591 965 628 Gregorius.
983 591 1075 627 forsan
1089 592 1153 628 quia
1163 591 1312 628 (Nazianzo
1327 592 1467 624 oriundus,
1487 593 1573 628 ﬁliam
1588 601 1664 620 suam
1680 601 1696 620 a
1709 593 1804 620 marita
1818 592 1876 620 dis-

242 627 332 668 cedere
345 627 458 668 volebat.
472 628 619 668 Prg'fectus
632 627 928 668 prqqincimﬂlympius
941 627 1123 668 interrogandi
1138 627 1224 668 ﬁliam
1243 635 1338 668 murras
1355 628 1488 668 commisit
1502 627 1639 668 Gregorio,
1653 636 1705 668 non
1720 633 1749 655 ut
1762 629 1875 668 censori,

241 663 287 699 sed
307 668 335 690 ut
353 665 482 698 episcopo.
505 663 558 696 Qui
580 672 640 690 cum
663 663 750 698 filiam
771 664 974 698 interrogasset,
998 663 1080 699 ipsius
1103 664 1247 699 responsis,
1261 663 1308 699 μί
1329 664 1418 698 potius
1437 663 1574 699 lacrymis,
1595 664 1700 699 agnovit
1724 663 1876 691 nullatenus

242 697 484 737 illiditcéssioriem
502 707 519 725 a
540 700 638 727 marito
661 699 774 733 placere.
794 697 883 731 Quam
907 699 989 726 etiam
1008 697 1120 725 minime
1140 697 1236 733 probat
1254 697 1407 734 Gregorius,
1424 699 1469 733 qui
1488 697 1600 737 Yeriano
1613 697 1721 733 scripsit
1735 699 1802 726 hanc
1820 700 1877 734 epi-

243 734 350 761 stolam.

277 791 350 819 Nihil
375 799 457 827 grave
479 792 622 820 camiiices
640 796 743 828 agunt;
768 792 873 828 legibus
894 793 966 820 enim
990 792 1032 819 in-

1119 791 1204 820 Οὺδὲν
1222 792 1308 819 δεινὸν
1325 792 1447 820 ποιοῦσιν
1465 794 1489 820 oi
1511 793 1615 829 δήμιοι·
1637 793 1684 820 καὶ
1701 793 1756 829 γὰρ
1771 793 1877 828 ὑπηρε-

243 838 378 866 serviunt.
391 837 446 866 Nec
462 838 573 873 iniquus
589 842 632 866 est
650 838 769 874 gladius,
781 845 837 873 quo
848 837 881 866 de
900 838 1032 872 improbis

1089 838 1192 866 ιοῦνται
1214 839 1316 874 νόμοις⁶
1341 838 1401 865 οὐδὲ
1424 839 1456 865 τὸ
1479 838 1554 873 ξίφος
1572 839 1744 874 παράνομον,
1766 835 1788 873 ᾧ
1810 839 1875 870 τοὺς

243 884 406 920 supplicium
421 885 567 912 sumimus.
580 884 635 912 Nec
650 889 740 912 tamen
756 884 884 912 laudatur
897 883 1031 917 carnifex,

242 938 294 958 nec
309 936 439 959 cruentus
456 931 564 966 gladius
580 931 685 959 lubenti
702 931 794 958 animo
814 934 957 958 tractatur.
980 930 1034 957 Eo-

242 975 305 1003 dem
327 975 409 1003 modo
430 983 466 1003 ne
489 983 539 1003 nos
564 975 675 1012 quidem
693 975 788 1003 odium
811 974 892 1002 nobis
913 973 1033 1002 conﬂare

243 1024 424 1055 sustinemus,
447 1022 511 1050 dum
528 1031 577 1058 per
591 1030 702 1050 manum
724 1029 756 1050 ac
771 1022 892 1058 linguam
908 1025 1031 1049 uestram

242 1070 392 1098 divortium
407 1069 595 1097 conﬁrmatur.
610 1069 725 1097 Praestat
741 1069 814 1097 enim
830 1069 1032 1104 coniunctionis

242 1120 270 1144 et
285 1116 412 1145 amicitia:
428 1123 511 1152 quam
535 1115 643 1143 dissidii
664 1122 697 1143 ac
710 1114 774 1142 vita!
793 1114 938 1142 solutionis
961 1113 1034 1141 arbi-

242 1167 315 1190 trum
335 1170 406 1191 esse.
422 1162 500 1195 Quod
519 1162 600 1190 etiam
622 1161 688 1188 mihi
709 1160 871 1197 cumprimis
894 1159 1033 1188 admiran-

243 1209 295 1237 dus
317 1216 419 1244 praeses
439 1207 667 1235 animadvertisse
680 1207 800 1240 videtur,
825 1213 888 1234 cum
903 1206 964 1233 ﬁliae
980 1210 1034 1234 tua;

242 1252 444 1289 interroganda
464 1259 567 1280 munus
589 1252 669 1280 nobis
692 1251 842 1283 commisit,
866 1256 896 1278 ut
925 1251 972 1286 qui
998 1251 1033 1279 ad

242 1298 408 1326 matrimonii
436 1297 643 1326 dissolutionem
675 1296 745 1324 duro
772 1300 799 1325 et
823 1296 912 1332 rigido
941 1297 1033 1324 animo

243 1344 337 1371 Venire
355 1343 468 1371 minime
487 1351 642 1379 possemus.
656 1342 750 1378 Neque
768 1343 840 1370 enim
856 1350 911 1375 me,
925 1346 955 1369 ut
968 1350 1034 1370 cen-

244 1396 347 1420 sorem,
365 1388 412 1417 sed
427 1392 457 1415 ut
471 1388 632 1423 episcopum
647 1386 801 1422 proposuit,
818 1394 851 1414 ac
869 1392 965 1415 vestra:
985 1394 1034 1415 ca-

243 1434 375 1462 lamitatis
387 1434 521 1462 arbitrum
533 1433 687 1462 constituit.
702 1432 885 1466 Quamobrem
898 1440 947 1460 vos
957 1440 1033 1469 rogo,

246 1486 278 1510 ut
304 1481 429 1509 nonnihil
451 1480 558 1508 donetis
573 1480 651 1516 123
663 1486 730 1507 mea“.
746 1479 896 1512 timiditati,
921 1483 949 1507 et
973 1480 1035 1515 qui-

1083 885 1219 921 πονηροὺς
1234 884 1396 920 κολάζομεν.
1412 884 1482 911 Ἀλλ’
1498 885 1573 919 ὅμως
1591 885 1641 911 οὐκ
1657 884 1808 911 ἐπαινεῖται
1826 884 1874 920 δή-

1084 939 1156 967 μιος,
1178 930 1239 958 οὐδὲ
1262 931 1437 966 ἀσμενίζεται
1459 930 1569 965 φονικὸν
1591 930 1677 965 ξίφος.
1702 929 1796 962 Οὕτως
1814 930 1875 956 οὐδὲ

1082 979 1163 1015 ἡμεῖς
1180 978 1334 1014 ἀνεχόμεθα
1347 978 1475 1013 γενέσθαι
1491 978 1610 1013 μισητοὶ,
1621 977 1664 1004 διὰ
1675 977 1723 1012 τῆς
1739 976 1877 1013 ἡμετέρας

1082 1024 1175 1060 χειρὸς
1201 1024 1250 1052 καὶ
1272 1024 1399 1060 γλώσσης
1416 1024 1464 1051 τοῦ
1483 1024 1649 1051 ἀποστασίου
1670 1023 1875 1059 βεϐαιουμένου.

1082 1071 1214 1106 Κρείττον
1230 1070 1285 1106 γὰρ
1301 1069 1424 1102 ἐνώσεως
1441 1069 1487 1097 καὶ
1500 1070 1601 1104 φιλίας,
1616 1070 1632 1105 ἢ
1648 1069 1813 1101 διαστάσεως
1829 1070 1878 1096 καὶ

1083 1115 1140 1151 βίου
1161 1116 1264 1148 λύσεως
1282 1116 1383 1151 μέσους
1401 1115 1524 1150 γίνεσθαι
1547 1115 1613 1151 (99).
1637 1115 1723 1142 Τοῦτό
1742 1124 1787 1150 μοι
1803 1115 1878 1141 δοκεῖ

1083 1163 1130 1189 καὶ
1142 1164 1156 1190 ὁ
1167 1162 1390 1198 θαυμασιώτατος
1402 1162 1494 1198 ἄρχων
1508 1161 1680 1197 ἐνθυμηθεὶς,
1691 1163 1756 1197 ἡμῖν
1770 1161 1878 1196 ἐπιτρέ-

1082 1209 1132 1244 ψαι
1143 1209 1192 1245 τὴν
1207 1208 1304 1236 πεῦσιν
1318 1209 1369 1243 τῆς
1383 1209 1432 1244 σῆς
1447 1208 1590 1244 θυγατρὸς,
1607 1208 1645 1240 ὡς
1658 1209 1708 1235 οὐκ
1719 1208 1876 1243 ἀποτόμως,

1083 1255 1145 1283 οὒδέ
1158 1254 1273 1287 ἀπαθῶς
1288 1255 1374 1282 ἐλθεῖν
1387 1254 1547 1290 δυναμένοις
1562 1255 1608 1282 ἐπὶ
1622 1255 1670 1290 τὴν
1683 1254 1760 1281 λύσιν
1776 1254 1823 1289 (l).
1837 1254 1877 1280 Οὐ

1083 1301 1138 1337 γὰρ
1164 1300 1202 1333 ὡς
1227 1300 1355 1337 λογιστὴν
1376 1301 1432 1336 (2),
1455 1301 1513 1328 ἀλλ’
1537 1300 1575 1332 ὡς
1602 1300 1749 1327 ἐπίσκοπον
1775 1299 1877 1335 δηλαδὴ

1085 1347 1252 1384 προεϐάλετο
1271 1347 1321 1383 (5),
1341 1347 1388 1374 καὶ
1405 1346 1488 1383 μέσον
1503 1347 1650 1382 ἐποιήσατο
1665 1347 1714 1382 τῆς
1728 1345 1788 1373 καθ’
1804 1346 1878 1381 ὑμᾶς

1084 1394 1261 1430 περιπετείας
1274 1394 1323 1429 (4).
1337 1393 1493 1430 Παρακαλῶ
1507 1393 1596 1421 τοίνυν
1615 1393 1777 1429 χαρίσασθαί
1795 1402 1822 1420 τι
1841 1394 1877 1429 τῇ

1085 1441 1138 1477 ἐμῇ
1156 1440 1251 1477 δειλίᾳ·
1273 1440 1321 1467 καὶ
1344 1441 1368 1467 εί
1391 1440 1440 1476 μέν
1459 1439 1495 1466 τὰ
1515 1440 1632 1475 κρείττω
1648 1440 1720 1475 νικᾷ,
1739 1438 1877 1475 χρήσασθε

1085 1487 1151 1522 ἡμῖν
1168 1487 1319 1522 ὑπηρέταις
1330 1487 1381 1522 τῆς
1392 1486 1527 1522 ὑμετέρας
1544 1486 1706 1522 βουλήσεως,
1724 1486 1770 1513 καὶ
1784 1486 1879 1521 χαίρο-

245 1528 309 1556 dem
326 1527 349 1555 si
365 1534 396 1553 ea
407 1533 468 1561 quae
484 1525 595 1553 virtutis
611 1528 675 1553 sunt
689 1525 866 1560 prmvaleant,
881 1525 962 1553 nobis
979 1525 1035 1553 uti-

1089 1541 1137 1569 μεν
1150 1532 1184 1559 τὰ
1200 1532 1314 1560 τοιαῦτα
1328 1534 1533 1570 ἐπιταττόμενοι
1549 1534 1598 1570 (5)”
1615 1535 1639 1560 εί
1655 1534 1683 1561 δέ
1702 1533 1735 1561 τὰ
1749 1534 1832 1569 χείρω
1846 1542 1877 1560 τε

246 1573 313 1602 mini
330 1577 357 1600 ut
372 1571 522 1599 voluntatis
541 1574 640 1598 vestrae
656 1570 810 1598 ministris:
827 1577 860 1597 ac
874 1569 953 1598 nobis
973 1570 1036 1606 qui-
1052 1573 1054 1575 '

246 1620 308 1655 dem
324 1617 481 1654 huiusmodi
502 1624 546 1645 res
563 1616 693 1652 imperari
715 1616 849 1643 laetamur.
871 1615 921 1643 Sin
946 1621 1035 1644 autem

246 1665 384 1693 deteriora
401 1667 428 1691 et
439 1662 604 1695 crudeliora,
620 1666 648 1689 et
665 1662 766 1697 quibus
781 1661 901 1690 nondum
913 1662 947 1689 ad
962 1662 1036 1690 hunc

246 1719 335 1748 usque
354 1711 426 1739 diem
443 1717 555 1737 manum
577 1709 739 1743 adiecimus,
759 1708 791 1736 ad
817 1708 875 1736 hac
890 1709 1036 1744 aptiorem,

246 1767 327 1796 quam
347 1765 398 1793 ego
412 1757 477 1789 sim,
500 1756 624 1792 quaerite.
640 1754 706 1782 Mihi
722 1754 795 1782 enim
818 1762 873 1782 non
893 1759 983 1788 vacat,
1004 1759 1035 1782 ut

246 1805 375 1834 amicitiae
400 1807 498 1832 vestra:
524 1809 628 1831 morem
653 1808 745 1838 geram
775 1800 900 1834 (etiamsi
932 1801 1036 1837 alioqui

245 1860 360 1889 prorsus
379 1858 430 1879 vos
455 1849 565 1886 plurimi
584 1848 712 1885 faciam),
737 1848 767 1876 in
788 1848 836 1876 Dei
858 1847 1036 1877 oﬂensionem

244 1902 398 1931 incurrere,
412 1898 458 1926 cui
474 1896 566 1925 omnis
582 1895 740 1930 agitationis
759 1899 786 1923 et
797 1896 974 1929 cogitationis
990 1903 1036 1924 ra-

245 1949 348 1975 tionem
372 1943 536 1972 reddendam
560 1943 656 1970 habeo.
685 1942 751 1970 Tua:
775 1947 865 1970 autem
895 1941 956 1969 tiliae
976 1945 1034 1969 tum

246 1993 357 2021 demum
381 1990 461 2018 tidem
486 1988 648 2016 adhibemus
672 1986 774 2024 (dicam
800 1987 873 2015 enim
894 1989 968 2023 quod
994 1996 1038 2016 res

247 2040 313 2075 est),
328 2045 402 2068 cum,
417 2036 533 2072 depulso
551 2043 584 2063 eo
596 2034 712 2070 pud0re,
727 2034 774 2069 qui
789 2033 814 2062 ei
834 2042 849 2060 a
866 2033 944 2062 vobis
959 2034 1037 2061 incu-

1087 1577 1135 1605 καὶ
1153 1577 1311 1614 σκαιότερα,
1328 1578 1376 1605 καὶ
1392 1575 1433 1610 οἷς
1448 1578 1553 1606 οὐδέπω
1569 1578 1616 1605 καὶ
1633 1578 1752 1614 τήμερον
1772 1579 1878 1612 ἐνεχει-

1089 1623 1222 1658 ρήσαμεν,
1243 1622 1323 1650 ἄλλον
1342 1623 1495 1659 ἐπιζητεῖτε
1518 1623 1563 1650 τὸν
1587 1623 1656 1659 πρὸς
1675 1623 1760 1650 ταῦτα
1782 1623 1878 1657 ἐπιτη-

1085 1669 1221 1706 δειότερον
1244 1669 1292 1705 (6).
1315 1669 1392 1705 Ἐμοὶ
1414 1670 1442 1697 δὲ
1463 1670 1494 1697 οὐ
1519 1669 1611 1706 σχολὴ,
1635 1670 1679 1697 ἵνα
1699 1671 1732 1705 τῇ
1758 1669 1879 1705 ὑμετέρᾳ,

1087 1714 1163 1750 φιλίᾳ
1178 1715 1336 1750 χαρίσωμαι
1353 1716 1388 1752 (ει
1403 1716 1450 1742 καὶ
1465 1715 1498 1743 τὰ
1508 1716 1596 1744 πάντα
1607 1713 1665 1743 οἶδα
1680 1715 1752 1751 ὑμᾶς
1765 1714 1880 1750 ἐμαυτῷ

1086 1761 1292 1797 τιμιωτάτους),
1302 1761 1361 1797 Θεῷ
1372 1762 1560 1798 προσκρούειν,
1573 1759 1596 1796 ᾧ
1607 1762 1685 1796 λόγον
1699 1762 1791 1797 ὑπέχω
1807 1769 1879 1788 παν-

1086 1807 1132 1840 τὸς
1153 1808 1304 1844 κινήματος
1324 1808 1371 1835 καὶ
1392 1809 1582 1844 διανοήματος.
1601 1808 1641 1844 Τῇ
1661 1808 1690 1834 δὲ
1710 1809 1742 1842 σῇ
1763 1806 1880 1842 θυγατρὶ

1083 1853 1145 1880 τότε
1166 1853 1349 1889 πιστεύσομεν
1376 1854 1534 1889 (εἰρήσεται
1561 1853 1616 1889 γὰρ
1638 1851 1780 1888 τάληθὲς),
1813 1851 1880 1877 ὅταν

1085 1898 1184 1934 δυνηθῇ
1193 1898 1223 1925 τὸ
1236 1899 1367 1926 αἰδεῖσθαι
1378 1899 1450 1934 ὑμᾶς
1460 1898 1585 1933 φυγοῦσα
1595 1895 1832 1933 παρρησιάζεσθαι
1839 1895 1879 1930 (7)

1087 1943 1136 1980 τὴν
1163 1945 1304 1981 ἀλήθειαν.
1327 1945 1370 1977 Ὧς
1392 1945 1439 1972 νῦν
1459 1953 1491 1979 γε
1516 1944 1553 1980 (8)
1576 1944 1607 1971 τὸ
1634 1943 1721 1975 πάθος
1751 1941 1899 1969 ἐλεεινόν.-

1091 1992 1206 2029 Μερίξει
1218 1993 1255 2028 (9)
1267 1992 1321 2028 γὰρ
1337 1993 1402 2028 ὑμῖν
1417 1992 1466 2028 μὲν
1479 1992 1513 2019 τὰ
1526 1993 1648 2028 ῥήματα,
1665 1991 1705 2026 τῷ
1719 1990 1747 2017 δέ
1760 1988 1837 2025 ἀνδρὶ
1848 1988 1882 2015 τὺ

1091 2036 1219 2073 δάκρυον.

249 2088 327 2119 titur,
353 2092 448 2113 verum
483 2083 569 2112 libere
593 2082 720 2119 pr010qui
743 2082 872 2117 potuerit.
906 2081 974 2110 Nam
986 2090 1070 2121 .nunc
1088 2085 1198 2119 quidem
1228 2085 1416 2114 miserandum
1443 2084 1572 2121 quiddam
1600 2083 1762 2119 perpetitur.
1794 2081 1882 2109 Vobis

250 2133 323 2162 enim
338 2131 431 2163 verba,
449 2130 548 2158 marito
568 2134 657 2157 autem
672 2129 808 2165 lacrymas
826 2129 930 2157 tribuit.

287 2190 344 2228 (97)
363 2188 501 2224 Κρίνωσι.
514 2187 581 2228 Quae
601 2193 755 2228 sequuntur
772 2187 917 2228 des_unt_in
928 2187 990 2228 cod.
1006 2191 1033 2228 et

250 2222 297 2258 ἢ,
334 2222 511 2262 possemque,
528 2224 573 2262 _a_it
602 2222 745 2262 _Com_b_el'.,
768 2223 845 2262 nullo
867 2223 1037 2262 detrimento
1053 2234 1074 2262 υ

251 2257 359 2293 abesse,
369 2267 421 2288 nec
433 2257 517 2286 refert
527 2257 622 2286 Morel.
635 2258 682 2294 qui
695 2258 765 2285 hanc
777 2259 921 2295 epistolam
935 2258 1034 2286 iterum

251 2297 348 2325 edidit.

286 2331 343 2367 (98)
362 2329 438 2367 Alias
451 2327 719 2367 CI.X)_iXl._Scri_pta
737 2328 832 2367 eodem
847 2331 982 2367 tempore.

288 2363 344 2397 (99)
364 2365 485 2398 Μέσους
501 2365 646 2399 τίνεσθαι.
669 2364 709 2399 Ita
730 2364 791 2399 cod.
807 2367 834 2392 et
855 2363 992 2396 Combef.,
1010 2367 1038 2391 at

252 2401 313 2431 cod.
330 2401 398 2435 Reg.
414 2398 509 2436 μέσονζ
523 2399 554 2436 in
567 2398 784 2436 edit._7evéaliat.

288 2437 333 2473 (l)
345 2433 524 2473 Δᾷνάμὲγοις
543 2434 592 2473 ἐπὶ
613 2434 670 2473 τῂν
683 2435 791 2473 ῥύσιν..
807 2433 847 2460 lta
864 2433 994 2473 Mﬂontacg
1011 2437 1039 2462 at

245 2469 346 2500 'Morel.
368 2469 533 2506 δυναμένης.
555 2470 585 2498 In
605 2469 670 2497 edit.
688 2469 866 2505 δυναμένους.
881 2469 951 2496 Cod.
970 2469 1037 2505 Reg.

251 2508 299 2535 ἐπὶ
313 2506 362 2543 τὴν
378 2506 511 2539 ἐξέτασιν.

288 2542 327 2578 (2)
341 2539 563 2578 ’Ὧς-ᾂοῖιστήν.
575 2539 733 2578 Tillemont.
747 2544 775 2566 ut
785 2539 913 2578 judicem.
925 2539 1040 2578 Athenis

252 2575 376 2612 λογισταί
390 2575 554 2604 dicebantur
570 2575 765 2612 magistratus;
782 2579 810 2603 et
826 2575 906 2612 juxta
925 2575 1038 2612 Suidam

252 2610 382 2648 λοῨιστής
393 2631 404 2644 ,
417 2618 515 2648 censor
535 2615 595 2643 est,
606 2611 806 2648 examinator,
829 2610 1041 2648 jude_x__scilicet

253 2621 283 2640 Αο
304 2621 404 2648 ιστης,
417 2621 515 2639 censor
535 2621 595 2643 est,
618 2621 806 2642 exatnlnator,
829 2621 914 2645 JUUCX
933 2621 1040 2638 sctucet

253 2621 440 2684 vei-princeps
455 2647 528 2674 inter
542 2645 720 2681 magistratus
736 2646 823 2678 urbis,
837 2646 876 2673 ait
890 2645 1040 2673 Tillemon-

255 2684 321 2710 tius.
336 2683 379 2710 vel
396 2681 474 2709 urbis
490 2689 588 2710 uerens
604 2680 807 2710 praefecturam.

268 2691 321 2714 llis.
336 2690 379 2711 vet
396 2690 474 2709 ιιι-ωε
490 2690 588 2714 gerens
604 2690 807 2714 praetecturam.

290 2691 321 2714 IS.
336 2689 379 2711 vel
396 2689 474 2709 ul‘DlS
490 2689 588 2717 gerens
603 2689 807 2716 prmtecturam.

290 2716 551 2780 ggﬂist.
575 2715 613 2743 lta
640 2716 701 2744 cod.
726 2720 753 2744 et
769 2715 892 2744 Combei'.
918 2715 948 2743 ln
972 2715 1038 2743 edit.

255 2761 444 2780 ποοεοαΛΛετο.

277 2762 444 2789 ροεοαΑΑετο.

352 2787 409 2830 Τῆς
419 2787 488 2829 ’καθ’
499 2785 577 2821 ὑμᾶς
589 2787 788 2830 περιπετεῖαις.
806 2784 1039 2830 Inferi

256 2821 325 2852 tunii
345 2823 424 2850 vestri
441 2830 577 2855 rerumque
595 2828 711 2856 eventus,
725 2822 764 2849 vel
779 2821 873 2848 subita:
897 2826 989 2848 vestrae
1014 2821 1041 2848 in

255 2859 422 2888 contrarium
436 2857 602 2884 mutationis.

292 2894 332 2930 (5)
351 2891 516 2928 Παρακαλῶ
529 2892 633 2922 τοίνυν
648 2891 831 2927 χαρίσασθαί
848 2899 876 2919 τι
889 2890 927 2926 τῇ
941 2890 1008 2926 ἐμῇ.
1018 2911 1039 2919 ..

1086 2188 1230 2223 χαίρομεν
1246 2187 1282 2214 τὰ
1294 2187 1417 2215 τοιαῦτα
1430 2187 1664 2223 ἐπιι-αττείίιαςνοι1
1671 2185 1717 2223 Alta
1731 2186 1795 2223 cod.
1809 2185 1879 2222 Reg.

1089 2221 1121 2250 ac
1135 2221 1258 2250 Combef.
1275 2223 1310 2250 At
1323 2223 1385 2250 cod.
1399 2224 1429 2251 B.
1445 2223 1471 2254 5,
1487 2221 1604 2250 Montac.
1617 2226 1645 2249 et
1655 2221 1748 2249 Morel.
1762 2221 1881 2257 χαρίσα-

1089 2258 1151 2294 σθαι
1168 2259 1200 2293 τῇ
1218 2259 1272 2294 ἐμῇ
1289 2258 1374 2294 δειλίᾳ
1392 2258 1439 2284 καὶ
1458 2259 1497 2290 είς
1512 2257 1547 2294 τά
1568 2257 1688 2294 κρείττω
1699 2257 1882 2294 καταχρήσα-

1089 2293 1150 2320 σθαι
1159 2292 1223 2328 ήμῖν
1233 2292 1383 2329 ὑπηρέταις
1392 2294 1439 2329 τῆς
1449 2292 1601 2328 ὑπερτέρας
1606 2292 1772 2354 Ξουλῃσεως.
1783 2292 1883 2325 Quam-

1089 2328 1176 2354 obrem
1191 2337 1235 2354 uos
1250 2337 1311 2354 raao
1329 2335 1358 2354 ut
1374 2337 1438 2354 mea:
1455 2329 1509 2354 iam
1526 2328 1604 2354 formi
1625 2327 1663 2354 ini
1693 2327 1788 2354 anelis.
1807 2333 1832 2354 et
1844 2335 1882 2354 aa

1088 2327 1235 2355 obrem’uos
1250 2327 1311 2364 rogo
1329 2335 1358 2355 ut
1374 2327 1438 2356 mea:
1451 2327 1509 2364 jam
1525 2327 1663 2362 formidini
1674 2327 1796 2364 donatis,
1807 2333 1832 2354 et
1844 2335 1882 2364 ara

1091 2371 1123 2390 ea
1134 2372 1192 2399 qua:
1205 2362 1309 2398 potiora
1330 2368 1392 2399 sunt
1411 2362 1485 2391 nobis
1509 2363 1650 2399 superioris
1667 2362 1809 2399 goluuta‘tis
1826 2363 1879 2399 mi-

1091 2396 1186 2426 nistris
1200 2396 1325 2426 utamini.
1347 2398 1376 2425 In
1394 2399 1462 2426 edit.
1475 2397 1634 2434 Παρακαλῶ
1652 2396 1698 2425 οὖν
1714 2397 1882 2434 χαρίσασθαι

1089 2434 1155 2494 ἡμῖν
1169 2434 1320 2474 ὑπηρέτιῃς
1333 2434 1383 2469 τῆς
1398 2433 1533 2470 ὑμετέρας
1551 2433 1717 2473 βουλήσεως..
1732 2433 1882 2494 καὶοχαίρω

1093 2477 1112 2494 υ.
1129 2479 1142 2494 ν
1160 2469 1195 2494 τὰ
1224 2478 1335 2494 τοιαυτα
1356 2469 1575 2494 ἐπιταττόμενος.
1596 2468 1669 2494 quod
1690 2468 1749 2494 Bill.
1801 2477 1882 2494 uaru-

1092 2468 1142 2504 μέν
1160 2469 1195 2496 τὰ
1220 2468 1335 2496 τοιαῦτα
1356 2468 1575 2504 ἐπιταττόμενος,
1596 2468 1669 2504 quod
1690 2468 1749 2494 Bill.
1775 2468 1882 2500 Quam-

1092 2503 1181 2543 obrem
1194 2513 1238 2543 vos
1252 2513 1321 2543 _rogo
1336 2509 1364 2531 ut
1384 2505 1457 2543 nobis
1473 2504 1617 2543 uoluntatis
1635 2508 1728 2543 vestra:
1748 2503 1882 2543 ministris

1091 2538 1270 2601 obseclun‘detis
1277 2538 1297 2572 ;⁷
1307 2548 1338 2566 ac
1360 2539 1425 2566 mihi
1441 2539 1546 2574 quidem
1562 2538 1716 2573 huiusmodi
1737 2546 1778 2565 res
1798 2539 1883 2572 impe-

1091 2583 1147 2601 rari
1173 2583 1194 2601 ω
1208 2583 1248 2601 or.

1090 2575 1148 2601 rari
1163 2575 1248 2602 lictor.

1127 2610 1165 2645 (6)
1189 2609 1451 2645 Ἐπιτηδειότερον.
1472 2613 1510 2636 lla
1523 2609 1585 2637 cod.
1602 2608 1706 2645 etReg.
1721 2616 1752 2636 ac
1764 2607 1793 2635 Β.
1805 2607 1835 2645 ξ,
1853 2612 1883 2645 et

1090 2643 1124 2671 Β.
1139 2643 1171 2672 ac
1186 2644 1321 2678 Combef.,
1343 2643 1439 2680 sicque
1454 2645 1519 2680 legit
1540 2644 1602 2672 Bill.
1625 2644 1656 2671 in
1674 2643 1741 2672 edit.
1763 2643 1883 2670 ἐπιδειό-

1091 2688 1180 2707 τερον.

1124 2688 1445 2749 ῗξῖᾟαῤῥησιάζεσθαι.
1464 2718 1502 2742 tta
1517 2720 1578 2743 cod.
1589 2718 1616 2743 et
1627 2717 1694 2750 Aeg.
1710 2721 1742 2741 ac
1754 2712 1880 2741 Combel.

1091 2749 1121 2777 In
1131 2751 1214 2791 dedit;
1223 2750 1476 2791 παρρησιάσασθαι.

1109 2784 1166 2825 ~(8)
1185 2782 1316 2847 Ὠςίῶ-ῦιὲ
1333 2794 1376 2820 τε.
1394 2785 1432 2812 Ita
1447 2785 1508 2812 cod.
1530 2788 1560 2812 et
1573 2784 1697 2813 Combe..
1714 2792 1744 2812 in
1763 2782 1882 2816 editi);

1109 2828 1140 2847 υν
1158 2829 1190 2847 γε
1203 2830 1237 2847 κα
1253 2841 1259 2847 .

1092 2828 1140 2848 νυν
1158 2829 1190 2855 γε
1203 2828 1259 2847 και.

1129 2853 1170 2892 (9)
1180 2855 1302 2891 Μερίζει.
1320 2854 1443 2884 Comici.
1462 2853 1621 2891 Μερίζεται.
