1931 3056
207 135 257 164 951

820 140 849 168 S.
868 140 1032 168 GREGORH
1058 141 1224 169 l'l'lEOLUGl

1782 143 1838 170 252

208 194 279 223 unde
293 194 349 221 haec
365 195 587 230 proﬁciscuntur,
601 197 832 230 animadvertens,
849 203 930 234 atque
945 199 993 226 ho-

1052 199 1160 231 ῑικάζων
1186 200 1316 234 σήμερον,
1343 200 1410 226 ἀλλὰ
1434 200 1480 226 καὶ
1504 199 1588 234 ἀρετῇ
1617 199 1664 225 καὶ
1687 199 1779 234 κακίᾳ·
1804 196 1838 226 οὗ

206 241 282 268 noris
296 242 376 268 etiam
397 243 482 269 nostri
499 249 594 275 causa,
610 243 657 277 qui
679 247 788 270 tuarum
810 244 919 271 laudum
928 253 998 279 pra:-

207 294 290 313 cones
323 294 430 319 sumus,
463 287 609 322 benignum
637 293 719 323 atque
739 290 888 316 humanum
905 294 932 317 te
953 290 996 321 iis,

207 339 267 366 quze
284 336 438 364 moventur,
454 333 574 367 judicem
602 335 692 368 praebe
705 343 711 361 :
726 339 855 370 tanquam
877 343 930 362 non
946 335 997 362 ho-

207 377 329 404 minibus
344 379 476 405 duntaxat
493 379 625 407 hodierno
653 380 696 407 die
709 381 755 414 jus
777 381 884 413 dicens,
902 389 996 408 verum

209 424 290 450 etiam
318 424 413 451 virtuti
438 432 470 451 ac
499 425 575 452 vitio.
591 425 677 460 Cujus
692 427 801 461 quidem
833 427 870 453 rei
898 427 997 462 magis,

208 477 289 503 quam
308 470 477 504 singulorum
490 470 643 502 hominum.
666 471 736 497 ratio
749 476 776 498 et
791 479 858 497 cura
874 471 999 498 habenda

1049 245 1159 280 μᾶλλον,
1180 245 1196 280 ἦ
1216 245 1262 272 τοῦ
1283 245 1337 279 (22)
1359 245 1418 271 καθ’
1436 245 1562 277 ἕκαστον,
1587 244 1758 279 φροντιστέον
1779 246 1838 276 τοῖς

1048 299 1079 324 γε
1111 290 1183 317 κατὰ
1214 291 1244 316 σὲ
1271 290 1321 325 τὴν
1351 290 1467 326 ἀρετὴν,
1500 290 1546 317 καὶ
1571 290 1666 322 δεξιοῖς
1695 289 1836 325 ἄρχουσιν.

1050 336 1146 362 Ἔσται
1168 336 1196 362 δέ
1218 345 1260 362 σοι
1283 337 1346 372 παρ’
1372 337 1449 372 ἡμῶν
1472 336 1517 362 ἐπὶ
1540 335 1656 366 τούτοις,
1678 335 1708 361 οὐ
1729 335 1760 360 τὸ
1781 335 1839 360 τῶν

1049 380 1136 415 εὐχῶν
1159 381 1253 416 μόνον,
1274 378 1311 407 ὧν
1337 379 1394 409 οἶδά
1415 390 1443 408 σε
1465 381 1502 416 μὴ
1524 380 1738 416 περιφρονοῦντα
1766 379 1840 406 κατὰ

1048 427 1111 457 τοὺς
1121 426 1244 458 πολλοὺς,
1257 427 1323 453 ἀλλὰ
1336 427 1381 453 καὶ
1392 427 1421 453 τὸ
1432 427 1592 462 περιϐόητον
1605 427 1773 460 καταστῆσαι
1788 425 1839 460 τὴν

1051 471 1100 506 σὴν
1117 471 1203 507 ἀρχὴν
1216 472 1272 508 (25)
1289 473 1379 504 πᾶσιν,
1394 471 1434 504 οἷς
1445 472 1641 507 γνωριζόμεθα.

207 523 258 547 est,
276 516 310 543 iis
322 517 369 552 qui
386 521 412 543 te
434 516 536 544 virtute
551 516 684 550 referunt,
701 526 732 545 ac
749 517 869 552 praefecti
887 526 1001 545 munere
1021 518 1104 553 probe
1129 522 1211 553 atque
1231 519 1376 546 commode
1399 518 1559 554 funguntur.
1597 518 1651 547 Pro
1681 519 1723 546 his
1744 522 1837 545 autem

208 563 290 590 rebus
316 571 369 590 non
398 571 495 598 preces
525 564 658 592 duntaxat
689 573 704 592 a
725 565 804 592 nobis
824 565 969 592 habiturus
992 572 1033 598 es,
1053 571 1122 598 quas
1141 565 1190 592 tibi
1221 565 1442 600 haudquaquam,
1471 569 1501 592 ut
1522 565 1659 600 plerisque
1679 565 1749 597 aliis,
1771 571 1838 590 con-

208 612 321 646 temptui
336 619 398 639 esse
411 612 488 644 scio;
505 619 597 639 verum
614 612 681 639 illud
697 613 790 645 etiam,
809 618 837 640 ut
849 614 953 641 clarum
967 621 999 640 ac
1017 614 1126 641 celebre
1141 617 1218 640 tuum
1244 613 1389 648 imperium
1411 613 1482 648 apud
1496 621 1544 640 cos
1570 621 1665 640 omnes
1695 613 1837 644 reddatur,

208 657 309 691 quibus
327 657 383 683 noti
401 664 508 684 sumus.

447 704 571 732 CXLVII.
593 705 751 733 ASTERIO.

1282 703 1368 730 PMZ’.
1380 704 1524 739 ΑΣΤΕΡΙῼ
1537 704 1601 740 (24).
1638 724 1641 730 ι

244 750 360 778 Gemime
371 760 430 786 qua:
446 757 589 786 sequuntur
604 753 637 779 ad
654 754 785 779 Asterium
807 753 935 787 epistolte,
954 751 1071 787 ejusdem
1087 759 1147 777 sunt
1168 751 1316 787 argumenti
1340 754 1376 787 et
1388 750 1520 787 temporis,
1537 758 1568 787 ac
1588 750 1743 783 superiores.
1761 750 1838 787 Servi

209 784 454 848 Nicobuli‘fuciuus
469 784 576 822 aliquod
591 793 742 821 patrarunt,
755 784 830 822 cujus
845 797 928 814 causa
944 784 1083 814 accusator
1095 784 1236 820 quispiam,
1253 785 1327 819 cujus
1340 784 1404 811 olim
1417 785 1592 819 patrocinium
1611 791 1759 818 susceperat
1773 786 1839 813 Gre-

209 825 310 848 norius.
328 830 335 848 t
357 822 498 848 icubulum.
516 831 547 848 ac
561 823 640 848 veluti
655 829 722 848 esset
737 828 831 848 auctor
845 823 946 848 delicti.
964 822 1062 848 iudicio
1077 821 1290 848 aerseuuebatur.
1305 820 1423 848 quamvis
1439 820 1603 848 satisfacere.
1618 820 1736 848 iososaue
1749 830 1838 848 servos

198 825 310 857 'yorius,
328 820 498 854 Nicobulum,
513 820 547 849 ac
561 820 640 849 veluti
655 829 722 850 esset
737 820 831 850 auctor
845 823 946 855 delicti,
959 822 1062 857 judicio
1077 821 1290 856 persequebatur,
1305 820 1423 855 quamvis
1439 820 1603 855 satisfacere,
1618 820 1736 854 ipsosque
1749 830 1838 849 servos

209 857 314 884 tradere
329 866 380 884 non
394 864 538 890 recusaret,
556 858 609 884 imo
630 859 736 893 offerret
751 857 909 886 Nicobulus.

246 903 316 936 Quid
331 903 385 930 Deo
398 903 524 937 justius?
539 908 566 932 et
587 909 686 936 tamen,
705 913 768 932 cum
784 905 906 932 omnium
923 912 997 932 crea-

1086 903 1119 929 Τί
1138 902 1205 929 Θεοῦ
1227 901 1408 938 δικαιότερον;
1429 901 1485 929 ἀλλ’
1503 901 1577 937 ὅμως
1598 902 1705 929 πάντων
1724 903 1839 938 ποιητὴς

211 953 255 975 tor
270 956 301 975 ac
316 948 443 976 dominus
457 949 502 980 sit,
517 949 692 983 peculiariter
705 950 758 977 sibi
770 949 897 984 populum
913 949 999 977 lsrae-

209 994 313 1022 liticum
330 994 461 1027 vindicat,
486 1003 621 1031 suumque
649 996 772 1023 nominat
788 1003 858 1024 :nec
878 1000 997 1027 veretur,

210 1047 245 1067 ne
271 1040 322 1067 hoc
341 1041 452 1067 nomine
478 1041 599 1075 injustus
616 1042 800 1069 existimetur.
825 1041 895 1075 Quid
916 1041 999 1076 igitur

209 1085 320 1117 mirmn,
342 1085 365 1112 si
384 1093 435 1112 nos
451 1093 571 1120 quoque,
586 1087 712 1121 quamvis
735 1088 870 1120 omnium,
885 1095 931 1122 qui
947 1087 999 1115 sub

209 1134 303 1157 nostra
331 1138 413 1158 manu
428 1136 454 1158 et
466 1131 630 1166 praefectura
658 1137 732 1165 sunt,
746 1140 841 1160 curam
858 1140 997 1168 geramus,

209 1176 312 1202 arctius
329 1180 420 1204 tamen
444 1177 528 1203 lilium
557 1176 721 1205 Nicobulum
737 1178 815 1213 125
834 1179 1000 1213 complecta-

208 1229 280 1254 mur,
289 1230 370 1257 quem
383 1227 410 1249 et
421 1223 572 1250 senectutis
584 1227 683 1250 noslrm
695 1227 723 1251 et
741 1224 828 1251 morbi
845 1227 997 1251 curatorem

209 1269 395 1302 agnoscimus,
416 1276 447 1295 ac
464 1269 539 1295 velut
554 1269 708 1296 subsidium
727 1273 754 1296 et
772 1269 901 1296 baculum
921 1269 999 1297 inliru

209 1313 297 1340 mitati
312 1317 413 1341 nostra:
431 1313 609 1348 subiecimus.
632 1314 712 1341 Hunc
729 1314 776 1341 tibi
788 1319 815 1341 et
832 1318 917 1350 perte
931 1323 999 1349 pra:-

209 1358 261 1386 sidi
291 1359 526 1393 commendamus,
545 1367 628 1395 grave
649 1360 796 1387 admodum
822 1366 847 1388 et
869 1361 998 1388 acerbum

206 1412 270 1432 esse
295 1405 497 1437 existimantes,
525 1406 559 1438 si,
587 1413 649 1433 cum
676 1406 743 1433 alios
767 1414 801 1434 ex
828 1407 998 1441 gravissimis

207 1450 290 1477 etiam
307 1450 532 1477 accusationibus
545 1458 629 1485 opera
644 1455 738 1478 nostra
754 1451 999 1486 liberemus,atque

209 1495 346 1530 imprimis
360 1504 419 1529 eos,
437 1497 483 1531 qui
504 1504 577 1523 nunc
591 1503 678 1524 stevos
695 1501 871 1524 accusatores
885 1505 914 1524 se
929 1505 999 1532 pra:-

207 1541 284 1574 bent,
300 1543 373 1570 hunc
386 1547 478 1570 tamen
494 1551 528 1570 ne
543 1551 557 1569 a
570 1543 709 1570 calumnia
728 1543 837 1578 quidem
853 1548 881 1571 et
905 1544 998 1578 iniqua

206 1589 351 1616 vexatione
377 1589 494 1616 liberare
512 1597 663 1623 queamus;
690 1593 716 1617 et
731 1597 813 1624 quem
842 1590 869 1616 in
896 1591 998 1618 exteris

208 1633 339 1660 honorem
356 1634 523 1666 obtinemus,
541 1634 614 1661 hunc
644 1634 672 1660 in
691 1633 796 1660 nostris
811 1633 921 1660 minime
931 1640 999 1660 con-

208 1686 378 1714 sequamur;
405 1678 530 1714 idemque
553 1679 633 1706 nobis
657 1679 780 1711 accidat,
800 1679 873 1713 quod
899 1680 997 1711 Oculis,

209 1725 255 1760 qui
287 1726 340 1752 alia
364 1729 508 1752 cernentes
535 1725 640 1760 seipsos
671 1725 783 1752 minime
805 1729 997 1757 cernunt,aut

208 1770 283 1806 quod
299 1770 422 1798 fontibus
437 1771 464 1797 in
479 1771 533 1797 imo
558 1771 628 1802 sitis,
645 1771 691 1806 qui
707 1771 860 1806 propinqua
876 1771 935 1798 loca
947 1778 996 1798 ne-

208 1823 347 1851 quaquam
370 1815 525 1848 alluenles,
553 1819 659 1842 remota
686 1814 812 1849 irrigant.
839 1814 901 1840 Sint
931 1821 996 1841 sane

209 1862 314 1890 atrocia
328 1862 370 1889 vel
397 1861 542 1896 plusquam
566 1861 681 1893 atrocia,
704 1868 765 1896 quae
779 1868 793 1887 a
815 1860 936 1895 puerulis
947 1868 996 1895 pa.

209 1912 280 1935 trata
307 1911 389 1936 sunt.
415 1915 572 1942 quanquam
588 1906 706 1934 fortasse
732 1909 779 1932 aut
800 1905 867 1932 nihil
886 1907 997 1933 omnino

209 1962 280 1986 esse,
299 1957 347 1980 aut
363 1961 446 1988 parva
460 1953 556 1980 saltem
576 1952 777 1984 invenirentur,
794 1952 817 1979 si
830 1951 912 1979 modo
928 1960 998 1987 prm-

209 1999 304 2034 scripti
332 1998 580 2033 adinquisitionem
609 1998 739 2032 temporis
762 1998 896 2032 angustiis
911 1999 997 2032 premi

209 2053 265 2072 non
288 2045 441 2079 contigerit.
469 2044 540 2076 Quid
565 2044 617 2070 hoc
638 2047 730 2071 tamen
750 2043 782 2070 ad
802 2043 938 2075 dominos,
952 2043 998 2077 qui

1050 948 1087 975 ὣν
1097 949 1144 975 καὶ
1159 948 1300 984 δεσπότης,
1318 947 1456 984 ἐξαίρετον
1467 948 1562 974 ἑαυτοῦ
1581 948 1646 974 λαὸν
1662 950 1777 975 ποιεῖται
1790 950 1838 975 καὶ

1049 994 1177 1030 ὀνομάζει
1194 994 1238 1021 τὸν
1253 995 1371 1030 Ἰσραὴλ,
1389 995 1435 1021 καὶ
1449 994 1499 1021 οὑκ
1514 994 1679 1030 αἰσχύνεται,
1696 994 1838 1030 μὴσᾶδικος

1050 1041 1125 1076 παρὰ
1136 1040 1215 1067 τοῦτο
1229 1040 1286 1075 (25)
1298 1041 1452 1075 νομίζηται,
1469 1041 1500 1067 Τί
1514 1039 1559 1067 οὖν
1577 1041 1742 1076 Θαυμαστὸν,
1756 1042 1779 1067 εἰ
1792 1042 1840 1068 καὶ

1050 1086 1129 1121 ἡμεῖς
1143 1085 1249 1112 πάντων
1261 1085 1405 1121 κηδόμενοι
1418 1085 1472 1112 τῶν
1488 1085 1539 1112 ὑπὸ
1548 1086 1597 1120 τὴν
1609 1086 1745 1121 ἡμετέραν
1759 1087 1839 1121 χεῖρα

1049 1131 1096 1157 καὶ
1106 1131 1285 1166 προστασίαν,
1299 1131 1379 1158 πλέον
1395 1131 1442 1158 τοῦ
1460 1131 1517 1158 υἱοῦ
1535 1131 1699 1158 Νικοϐούλου
1715 1132 1839 1166 περιεχό-

1051 1177 1130 1212 μεθα,
1143 1177 1171 1203 ὃν
1185 1177 1230 1203 καὶ
1244 1177 1409 1212 γηρωκόμον
1426 1178 1472 1204 καὶ
1492 1177 1639 1212 νοσοκόμον
1657 1176 1838 1212 γινώσκομεν,

1049 1223 1096 1248 καὶ
1112 1219 1167 1248 οἷον
1181 1221 1296 1257 ἔρεισμα
1318 1221 1374 1256 (26)
1393 1222 1440 1248 καὶ
1463 1221 1614 1257 βακτηρίαν
1634 1223 1684 1256 τῆς
1700 1221 1840 1252 ἀσθενείας

1049 1268 1128 1303 ἡμῶν
1140 1268 1274 1303 ὑποϐεὸλή
1280 1268 1358 1304 μεθα.
1368 1268 1468 1294 Τοῦτον
1480 1268 1532 1294 ὑπὸ
1541 1268 1590 1299 τὰς
1602 1267 1650 1299 σὰς
1661 1267 1770 1302 τίθεμεν
1783 1267 1839 1302 (‘27)

1049 1316 1151 1350 χεῖρας,
1174 1314 1219 1341 καὶ
1240 1314 1282 1340 διὰ
1307 1313 1361 1340 τῶν
1378 1314 1432 1340 σῶν
1455 1314 1515 1345 ταῖς
1537 1313 1582 1339 τοῦ
1602 1313 1741 1348 ἄρχοντος,
1767 1313 1838 1340 πάνυ

1049 1360 1133 1386 δεινὸν
1144 1360 1309 1395 νομίζοντες,
1323 1360 1386 1391 τοὺς
1399 1359 1447 1394 μὲν
1459 1358 1555 1390 ἄλλους
1574 1359 1620 1385 καὶ
1636 1358 1691 1385 τῶν
1704 1358 1840 1393 μεγίστων

1049 1405 1228 1440 ἐγκλημάτων
1246 1404 1301 1440 (‘28)
1321 1404 1480 1439 ἐλευθεροῦν
1500 1404 1533 1430 δι’
1547 1403 1634 1439 ἡμῶν,
1654 1403 1700 1429 καὶ
1716 1403 1840 1438 πρώτους

1050 1458 1082 1484 γε
1103 1450 1166 1480 τοὺς
1189 1448 1236 1475 νῦν
1262 1449 1376 1484 πικροὺς
1398 1448 1577 1484 κατηγόρους·
1602 1447 1697 1474 τοῦτον
1720 1448 1749 1474 δὲ
1771 1448 1840 1483 μηδὲ

1049 1496 1098 1531 τῆς
1113 1495 1243 1531 ἐπηρείας
1263 1494 1402 1526 δύνασθαι,
1421 1494 1468 1521 καὶ
1487 1491 1520 1528 ἦς
1541 1493 1709 1529 τυγχάνομεν
1724 1492 1841 1519 ἐπὶτῶν

1051 1541 1132 1573 ξένων
1144 1541 1236 1576 τιμῆς,
1249 1540 1351 1575 ταύτης
1364 1541 1407 1574 ἐφ’
1421 1539 1501 1575 ἡμῶν
1511 1539 1599 1566 αὐτῶν
1615 1539 1670 1574 (29)
1687 1539 1724 1575 μὴ
1738 1539 1839 1574 τυγχὰ-

1011 1577 1032 1605 C
1049 1595 1115 1620 νειν,
1129 1587 1196 1613 ἀλλὰ
1210 1587 1308 1613 ταυτὸν
1321 1587 1435 1621 πάσχειν
1452 1587 1506 1617 τοῖς
1520 1585 1680 1621 ὀφθαλμοῖς,
1697 1586 1720 1612 οἳ
1735 1587 1758 1611 τ’
1772 1585 1839 1612 ἄλλα

1048 1634 1174 1669 ὁρῶντες,
1196 1634 1308 1665 ἑαυτοὺς
1323 1633 1373 1668 οὐχ
1390 1632 1500 1668 ὁρῶσιν,
1516 1633 1532 1668 ἣ
1553 1632 1606 1658 τῶν
1623 1632 1720 1667 πηγῶν
1735 1633 1795 1663 ταῖς
1810 1632 1839 1658 ὲν

1049 1679 1126 1714 βάθει
1140 1679 1289 1714 κειμέναις,
1309 1679 1337 1705 αἳ
1357 1679 1391 1705 τὰ
1407 1678 1520 1713 πλησίον
1532 1679 1581 1713 οὐχ
1597 1678 1788 1714 ὐπορῤἐουσαι,
1803 1677 1840 1704 τὰ

1048 1725 1143 1761 πόῤῥω
1155 1724 1317 1756 ποτίζουσιν.
1329 1724 1419 1750 Ἔστω
1431 1724 1504 1750 δεινὰ
1515 1723 1701 1758 τετολμημένα
1716 1723 1771 1758 (50)
1783 1723 1839 1754 τοῖς

1048 1771 1201 1805 παιδαρίοις
1219 1771 1235 1806 ἢ
1253 1770 1407 1806 ὑπέρδεινα·
1424 1770 1519 1805 ὥσπερ
1536 1767 1583 1796 οὖν
1599 1770 1663 1800 ἴσως
1677 1769 1753 1795 οὐδὲν
1770 1769 1837 1804 (51),

1049 1816 1066 1852 ἢ
1082 1817 1178 1851 μικρὸν
1188 1816 1378 1851 εὑρεθήσεται,
1392 1817 1416 1842 εί
1430 1816 1466 1851 μὴ
1480 1815 1517 1850 τῷ
1532 1816 1618 1851 καιρῷ
1632 1815 1682 1851 τῆς
1691 1815 1839 1848 ἐξετάσεως

1052 1862 1328 1898 στενοχωρηθείημεν.
1344 1862 1425 1888 Ἀλλὰ
1438 1862 1464 1888 τί
1479 1861 1558 1888 τοῦτο
1581 1862 1647 1897 πρὺς
1664 1862 1727 1893 τοὺς
1744 1861 1839 1888 δεσπὰ-

1050 1916 1099 1939 τας
1120 1908 1188 1942 (52),
1208 1907 1233 1934 οἳ
1254 1907 1367 1943 μηδενὸς
1391 1907 1446 1934 τῶν
1463 1908 1654 1943 γεγενημένων
1677 1908 1839 1942 κεκοινωνή-

1051 1961 1145 1985 κασιν;
1161 1952 1177 1988 ἦ
1190 1953 1231 1985 τίς
1245 1955 1259 1979 ὁ
1273 1953 1365 1987 λόγος,
1383 1953 1453 1988 ὑπὲρ
1469 1953 1616 1989 ἀλλοτρίων
1633 1953 1838 1989 ἁμαρτημάτων

1051 1999 1080 2025 ὲν
1089 1998 1177 2030 ἄλλοις
1188 1999 1359 2025 ἀπαιτεῖσθαι
1370 1999 1457 2034 δίκην,
1467 2000 1513 2026 καὶ
1521 1999 1567 2026 νῦν
1574 1999 1627 2026 τῶν
1636 1999 1771 2035 δημοσίων
1781 1998 1838 2035 (55)

1052 2043 1216 2079 φροντίζειν,
1236 2045 1317 2079 ἡνίκα
1334 2044 1415 2071 λυπεῖ
1426 2045 1549 2083 τὸξῖδιονς

209 2099 315 2124 eorum,
336 2099 396 2125 qua:
419 2094 577 2123 evenerunt,
593 2090 666 2118 nulla
692 2090 804 2116 omnino
824 2097 857 2117 cx
882 2094 959 2124 parte
994 2091 1143 2126 participes
1175 2091 1304 2119 fuerunt?
1320 2091 1374 2118 Aut
1400 2100 1461 2127 quae
1482 2092 1539 2119 [me
1563 2092 1632 2119 ratio
1656 2096 1708 2124 est,
1738 2095 1768 2117 ut
1788 2099 1839 2126 pro

210 2137 306 2164 alienis
320 2136 439 2171 peccatis
458 2136 491 2163 ab
507 2136 568 2163 aliis
583 2143 671 2170 poenae
688 2139 850 2170 expetantur
880 2143 912 2162 ac
930 2143 1003 2162 nunc
1022 2137 1192 2164 publicarum
1207 2145 1299 2164 rerum
1320 2144 1388 2164 cura
1408 2137 1548 2165 subeunda
1563 2138 1608 2170 sit,
1632 2145 1694 2164 cum
1724 2137 1838 2172 privatae

209 2183 264 2211 disr
271 2182 393 2210 ruciant?

209 2230 276 2270 edit.
294 2229 408 2270 κρητήν.
435 2227 490 2270 Nec
508 2227 576 2270 bene
597 2228 659 2269 Bill.
680 2231 736 2269 cpi;
768 2229 945 2270 κινουμένοις,
963 2229 997 2270 iis

1052 2227 1165 2270 lnuedit.
1186 2227 1265 2270 deest
1284 2227 1481 2269 ἐγκλημάτων..
1497 2227 1637 2268 Supplevit
1652 2228 1771 2270 liillunut
1787 2238 1837 2270 με)Ϊ

209 2266 256 2301 qui
268 2263 393 2291 concitati
416 2267 488 2294 sunt,
512 2264 558 2290 sed
570 2265 670 2298 potius,
689 2265 716 2291 iu
729 2263 851 2299 prwsenti
882 2265 995 2298 negotia,

210 2302 238 2328 in
252 2308 334 2327 causa
347 2303 547 2334 quwimavetur.
617 2333 627 2334 ί
923 2302 931 2309 ·

248 2335 304 2368 (2‘2)
320 2335 353 2362 Ἣ
366 2333 429 2360 τοῦ.
443 2333 481 2359 lta
496 2334 557 2360 cod.
573 2338 599 2360 ct
615 2333 692 2361 Pass.
709 2333 803 2361 Morel.
823 2342 854 2361 ac
868 2334 994 2362 Combel'.

210 2367 331 2404 AtReg.
346 2372 371 2396 et
387 2367 504 2404 Montac.
521 2368 537 2404 ἢ
555 2368 618 2394 τῶν.
634 2370 663 2394 ln
683 2369 748 2396 edit.
767 2370 782 2404 ἢ
799 2371 866 2401 τοῖς.

247 2402 379 2440 (ΞὸγΣὴν
394 2402 502 2438 ἀρχήν.
527 2403 565 2430 lta
577 2404 638 2432 cod.
661 2404 728 2439 lteg.
745 2402 867 2432 et'l’ass.
881 2404 911 2431 In
928 2404 994 2432 edit.

212 2443 261 2469 σήν
277 2441 363 2467 deest.

229 2443 392 2510 ήξέἳξῖῖίῑιε
407 2472 511 2510 ΧΙιῩΙΙ.
527 2472 633 2510 Scripta
647 2473 740 2510 eodem
756 2478 887 2510 tempore.

247 2508 302 2546 (25')
318 2509 403 2546 [lupa
422 2508 520 2546 τοῦτο.
548 2508 682 2546 ltacodd.
704 2508 825 2546 Montac’.
851 2509 944 2537 Morel.
964 2516 996 2546 ac

210 2544 353 2577 (Soinbel'.,
381 2548 408 2580 et
442 2545 482 2580 sic
507 2544 649 2579 legendum
685 2544 723 2571 ait
750 2545 810 2572 Bill.
842 2553 897 2572 non
921 2544 996 2580 παρὰ

210 2582 317 2612 τοῦτον,
338 2583 368 2606 ut
379 2579 405 2605 in
420 2579 485 2612 edit.

247 2611 376 2677 (adiltial
401 2611 466 2640 olor
490 2614 621 2649 ἔρεισμα.
645 2614 767 2642 Combel‘.
793 2615 833 2642 Ac
856 2615 923 2642 velut
938 2622 996 2641 sus-

247 2657 314 2677 ιιασιι
327 2658 380 2676 um.

212 2657 380 2678 tentactttum.

247 2686 302 2720 (‘27)
325 2686 461 2720 Tlasper.
479 2683 545 2711 Cod.
563 2684 795 2720 “essetnam,
813 2684 860 2712 καὶ
876 2685 920 2711 διὰ
942 2684 996 2710 τῶν

214 2721 269 2748 σῶν
294 2719 357 2750 ταῖς
375 2719 422 2746 τοῦ
447 2719 584 2754 ἄρχοντος.
607 2719 668 2746 Bill.
703 2719 738 2746 Et
760 2727 804 2753 per
831 2725 854 2746 te
872 2720 995 2754 principi,

212 2756 296 2790 quod,
312 2755 347 2781 ait
363 2754 497 2790 Combel'.,
519 2754 613 2790 nimis“
624 2754 813 2790 imperatorem
835 2759 924 2790 sonat,
940 2762 996 2780 mc.-

212 2788 275 2820 lius.
290 2789 407 2824 prtesidi,
426 2790 466 2816 Vel
484 2789 580 2823 judiri.
598 2788 700 2816 Revera
715 2789 876 2817 Nicobulum
893 2789 996 2824 Grego-

213 2799 275 2820 11115.
309 2799 407 2819 νωδιιιι,
426 2799 466 2816 νει
484 2799 580 2823 Juuu't.
599 2799 700 2816 ιιεγοῐτι
716 2799 751 2816 Πιη

213 2827 272 2854 rius
286 2799 410 2859 glynipio
424 2824 530 2858 praesidi
543 2823 751 2859 connllendavit.

248 2860 304 2896 (28)
322 2858 477 2887 Mavis-'er
503 2858 704 2893 ὲγκᾸημὰτων.
734 2859 772 2887 lta
795 2859 855 2887 cod.
878 2863 906 2887 et
931 2858 996 2895 Reg.

1050 2263 1112 2294 tuit,
1138 2263 1281 2297 vertitque,
1315 2270 1346 2289 ex
1368 2263 1531 2296 gravissimis
1558 2263 1692 2297 periculis.
1722 2263 1835 2292 Ριυνᾶυ

1047 2297 1135 2332 ἡμῶν,
1157 2296 1268 2324 εοιΙζΒ.
1290 2297 1406 2324 Montac.
1425 2298 1519 2325 Morel.
1541 2303 1568 2325 et
1592 2298 1715 2327 Conibel'.
1736 2299 1836 2329 habent

1046 2332 1079 2358 δι’
1096 2332 1182 2358 ὑμῶν.
1199 2340 1277 2358 onera
1296 2338 1390 2358 vestra.

1063 2338 1468 2405 Légiwfkg‘leratgtiugi‘irér.
1485 2367 1561 2404 Legit
1590 2367 1650 2395 Bill.
1676 2368 1718 2402 ἐφ’
1736 2370 1835 2405 ἡμετέ-

1047 2411 1112 2437 ρων,
1126 2407 1153 2429 ct
1168 2410 1266 2430 sensus
1282 2403 1410 2437 postulat.

1082 2437 1229 2473 (50)Δεινὰ
1236 2437 1560 2473 τετολμημένα-εοᾰπὸι
1574 2438 1771 2473 τετολμημένα.
1789 2440 1834 2467 Sic

1045 2473 1125 2500 etiam
1138 2472 1260 2509 (lombef.
1281 2473 1326 2507 qui
1344 2473 1423 2509 vertit
1439 2483 1445 2500 :
1462 2474 1527 2506 Qua:
1540 2482 1557 2499 (ι
1575 2474 1655 2500 servis
1668 2482 1831 2509 prresumpta

1045 2513 1115 2543 sunt,
1127 2508 1207 2543 iisque
1218 2507 1384 2540 minusculis,
1399 2512 1428 2535 ut
1444 2508 1542 2543 inquit,
1555 2513 1620 2536 tetas
1634 2508 1739 2536 facinus
1755 2507 1832 2538 levet.

1047 2516 1115 2539 sunt,
1127 2516 1158 2534 us
1177 2516 1207 2534 ue
1218 2516 1370 2534 minuscum

1047 2542 1108 2569 Bill.
1127 2552 1133 2569 ε
1155 2516 1221 2575 ὅταν
1242 2551 1257 2569 α
1273 2544 1370 2576 pueris.

1083 2579 1138 2615 (5t)
1156 2575 1277 2615 ξῼσπερς
1292 2575 1350 2615 οὖν
1376 2577 1452 2615 ἴσως
1461 2577 1562 2615 οὐδέν.
1588 2577 1626 2604 lta
1652 2579 1714 2607 cod.
1729 2578 1795 2615 Reg.
1806 2585 1833 2608 et

1049 2612 1172 2648 Conibef.
1191 2613 1219 2639 ln
1235 2613 1299 2648 edit.
1317 2612 1411 2648 ὥσπερ
1427 2613 1501 2639 οὐδὲν
1521 2613 1594 2644 ἴσως.

1085 2647 1192 2684 I32)_7_‘[
1206 2647 1294 2674 τοῦτο
1317 2647 1401 2684 πρὸς
1413 2648 1483 2684 τοὺς
1502 2648 1668 2684 δεσπότας
1691 2648 1759 2681 Quid
1773 2650 1830 2684 hoc,

1048 2691 1104 2719 non
1119 2682 1154 2709 ad
1165 2682 1306 2719 Romanos,
1321 2684 1358 2709 ait
1373 2683 1506 2719 Combel'.,
1521 2687 1550 2710 ut
1564 2683 1654 2718 inepte
1666 2685 1746 2712 vertit
1759 2682 1832 2719 Bill.,

1050 2718 1095 2745 sed
1113 2717 1174 2752 quid
1185 2717 1232 2752 (tot:
1243 2717 1277 2744 ad
1291 2717 1385 2745 heros?

1084 2752 1138 2788 (55)
1162 2751 1402 2789 Τῶνᾉδημοσίων.
1429 2752 1468 2780 Ita
1491 2752 1552 2789 cod.
1578 2757 1603 2789 et
1622 2752 1687 2789 Reg.
1711 2754 1739 2782 ln
1765 2755 1831 2783 edit.

1048 2789 1104 2814 τῶν
1120 2789 1205 2826 deest.
1229 2787 1300 2826 Mox,
1315 2795 1364 2822 pro
1379 2788 1468 2821 λυπεῖ,
1491 2788 1558 2816 Cod.
1579 2787 1675 2824 λυπῇ.“
1686 2788 1732 2818 Sic
1749 2791 1831 2826 epist.

1048 2823 1163 2859 prtcccd.
1180 2824 1252 2851 circa
1269 2823 1359 2850 linem.
