1931 3056
239 147 294 176 263

525 201 614 229 CLVI.
629 201 733 229 EIDEM

849 143 877 171 S.
897 142 1061 173 GHEGORII
1082 143 1255 175 TIIEOLOGI

1811 147 1867 175 264

1296 202 1392 237 ΡΝςι.
1409 203 1452 238 To
1473 203 1561 238 arm
1577 202 1644 238 (92).

239 259 345 288 Laudat
363 259 494 287 Asterium
518 259 587 294 quod
606 258 727 293 prasidi;
747 258 856 293 adjutor
871 262 897 286 et
915 259 1013 290 socius.
1031 258 1193 320 puiblicisque
1210 259 1314 286 deditus
1329 259 1483 291 commodis,
1508 260 1593 286 locum
1611 263 1698 285 tamen
1713 257 1756 286 det
1775 260 1867 295 ofﬁciis

987 302 1055 320 anno
1080 302 1122 320 ue.

987 302 1029 320 am
1033 302 1076 320 ιειι
1080 302 1122 321 ue.

275 353 388 388 Magnus
403 353 475 381 inter
487 353 612 381 homines
634 353 775 386 Hercules,
794 358 824 381 ut
848 353 940 381 l'erunt
951 353 1025 389 (libet

1113 354 1207 388 Μέγας
1229 355 1258 381 ἐν
1280 353 1432 389 ἀνθρώποις
1455 353 1470 381 ὸ
1489 353 1627 390 Ἡρακλῆς
1641 353 1710 390 (95),
1731 353 1769 386 ὠς
1788 353 1867 388 λόγος

239 400 311 427 enim
325 399 386 432 tibi,
403 400 512 428 enudito
526 407 558 427 ac
578 399 681 428 diserto
696 401 767 434 viro,
787 403 896 427 tuorum
918 408 1027 435 quoque

239 446 342 481 aliquid
369 446 397 473 in
421 446 582 473 memoriam
610 446 771 480 revocare),
799 450 826 473 at
856 454 910 474 non
936 451 1029 474 tantus

240 491 348 524 fuisset,
366 492 418 519 nisi
444 491 547 519 Iolaum
572 493 752 519 certaminum
768 492 874 520 socium
889 493 1029 521 habuisset

240 545 272 564 ac
297 539 446 572 praesertim
472 537 604 565 adversus
627 538 757 573 hydram,
781 546 880 566 saevam
904 539 975 567 hanc
1001 543 1029 567 et

241 584 334 612 multis
353 584 488 618 capitibus
507 584 649 619 praeditam
666 584 801 616 belluam;
819 584 898 620 cujus
921 585 966 613 ille
981 593 1028 612 ca-

239 629 295 663 pita
311 629 467 662 desecahat,
481 629 526 658 hic
552 634 644 657 autem
661 630 715 664 igni
732 630 880 662 cremabat,
896 630 1028 665 quemad—

239 676 348 702 modum
367 675 473 703 scilicet
487 684 536 703 νος
553 675 748 711 improbitatis.
762 675 860 704 Multos
875 680 903 703 et
919 676 1028 705 Actoris

240 720 287 748 lilii
302 722 405 748 curruli
424 723 574 750 certamine
597 723 773 757 superabant,
792 727 823 750 ut
837 721 954 750 Homero
969 723 1028 758 pla-

238 772 291 799 cet,
307 767 371 794 dum
386 767 423 794 illi
443 770 470 795 et
486 767 648 803 corporibus
663 772 690 795 et
711 772 770 796 arte
788 769 889 804 gemini
909 769 1028 796 habenas

238 817 265 840 et
279 813 414 848 ﬂagellum
430 814 501 841 inter
514 822 543 842 se
568 815 747 850 partirentur,
772 814 970 850 victoriamque
988 813 1029 841 al-

238 862 280 885 ter
303 858 381 886 alteri
402 860 573 889 conciliaret.
597 859 729 887 Vectores
750 860 851 887 multos
871 864 962 888 servat
977 868 1028 895 gu-

238 904 367 932 bernator
385 914 391 932 :
406 908 433 932 at
452 912 506 932 non
520 905 635 940 proinde
650 909 780 937 servaret,
793 905 847 933 nisi
861 906 951 933 bonus
965 914 1029 941 pro-

238 953 296 976 reta
311 949 363 984 ipsi
383 950 486 978 auxilio
499 956 580 983 esset,
602 951 648 986 qui
671 954 699 978 et
724 955 820 979 ventos
841 951 979 985 observat,
1001 955 1028 980 et

238 996 366 1031 scopulos
382 1001 584 1031 prmmonstrat,
600 997 734 1033 navisque
756 997 830 1024 velut
853 998 951 1025 oculus
967 997 1029 1033 qui-

1081 397 1136 432 (ἴνα
1151 407 1180 424 σε
1194 398 1283 432 λόγιον
1298 399 1362 425 δντα
1383 399 1430 425 καί
1445 407 1517 430 τινος
1541 399 1688 434 ἀναμνήσω
1711 398 1765 424 τῶν
1783 397 1847 433 σῶν)
1857 405 1865 412 ·

1079 443 1135 470 ἀλλ’
1147 444 1196 470 οὐκ
1208 443 1241 470 ἂν
1258 444 1377 477 τοιοῦτος
1391 442 1435 481 ἢν,
1455 445 1478 471 εί
1500 445 1537 480 μὴ
1550 445 1595 471 τὸν
1614 444 1712 471 Ἰόλαον
1730 441 1786 479 εἶχε
1803 452 1868 470 συν-

1078 488 1286 524 αγωνιζόμενον,
1297 491 1344 517 καὶ
1354 491 1425 517 κατὰ
1435 491 1485 525 τῆς
1493 490 1598 526 ’Υδρας
1609 490 1665 525 (94)
1683 489 1809 524 μάλιστα,
1818 488 1866 515 τοῦ

1078 540 1178 576 πικροῦ
1194 538 1288 566 τούτου
1312 537 1359 564 καὶ
1386 536 1573 572 πολυκεφάλου
1600 535 1703 572 θηρίου,
1722 532 1756 571 ἧς
1778 536 1792 561 ὁ
1816 534 1867 570 μὲν

1079 586 1205 621 ὲξέτεμνε
1215 585 1269 621 (95)
1285 584 1334 617 τὰς
1347 584 1475 619 κεφαλὰς,
1488 585 1502 610 ὸ
1511 583 1539 610 δὲ
1552 582 1694 616 ὲπέκαιεν,
1715 581 1867 617 ὥσπερτὰς

1078 630 1128 666 τῆς
1141 630 1237 662 κακίας
1250 629 1305 665 (96)
1316 629 1404 664 ὑμεῖς.
1418 628 1534 660 Πολλοὺς
1546 628 1717 664 παρήλαυνον
1728 627 1753 653 οἰ
1774 627 1867 653 Ἀκτο-

1079 676 1174 712 ρίωνες
1194 676 1331 712 ἆρμασιν,
1355 676 1393 708 ὡς
1412 676 1523 711 Ὁμήρῳ
1547 674 1620 701 δοκεῖ
1647 673 1732 709 (97)’
1761 672 1867 706 δίδυμοι

1078 722 1132 758 γὰρ
1147 720 1217 758 ἦσαν
1232 723 1278 749 καὶ
1292 721 1326 748 τὰ
1340 721 1453 756 σώματα
1469 721 1515 747 καὶ
1528 721 1577 756 τὴν
1593 719 1690 755 τέχνην
1700 727 1706 733 ³
1724 719 1738 745 ό
1753 718 1802 754 μὲν
1815 717 1867 746 τὰς

1077 768 1172 803 ἡνίας·
1190 768 1205 794 ὁ
1226 767 1255 795 δὲ
1275 767 1325 803 τὴν
1343 767 1462 802 μάστιγα
1479 765 1660 802 μεριζόμενοι,
1677 763 1724 791 καὶ
1742 763 1772 790 τὸ
1787 763 1867 798 νικᾷν

1077 813 1202 849 ἀλλήλοις
1216 813 1433 848 συνερανίζοντες
1447 811 1512 847 (98).
1529 810 1646 842 Πολλοὺς
1668 807 1793 840 διασώζει
1816 816 1867 833 κυ-

1079 858 1212 894 ϐερνήτης
1237 858 1398 894 πλωτῆρας·
1424 858 1481 884 ἀλλ’
1499 857 1549 884 οὐκ
1570 857 1603 884 ἂν
1622 855 1722 891 ὁμοίως
1739 853 1865 885 διέσωζε,

1080 904 1117 940 μὴ
1139 904 1214 940 καλῷ
1238 904 1344 940 πρωρεϊ
1364 903 1552 940 βοηθούμενος.
1574 902 1603 934 ὃς
1621 902 1668 928 καὶ
1690 900 1794 936 διαθρεῖ
1807 899 1866 934 (99)

1077 951 1140 983 τοὺς
1158 950 1294 986 ἀνέμους,
1315 950 1363 977 καὶ
1391 949 1440 982 τὰς
1466 949 1582 984 ὑφάλους
1606 947 1794 983 προδείκνυσι,
1817 944 1867 971 καὶ

1078 996 1182 1031 γίνεται
1206 996 1256 1031 τῆς
1275 996 1338 1032 νηὸς
1359 993 1414 1023 οἷόν
1431 1004 1473 1027 τις
1486 994 1633 1030 ὀφθαλμός.
1656 992 1782 1020 Τοιοῦτον
1798 991 1866 1026 ἡμῖν

236 1041 299 1068 dam
317 1042 435 1070 exsistit.
453 1041 533 1070 Tales
555 1047 649 1071 nostro
666 1043 773 1078 judicio
789 1051 839 1071 vos
861 1044 938 1072 estis.
961 1044 1025 1071 Nam

1085 1043 1126 1070 tat
1139 1043 1170 1070 τδ
1183 1043 1324 1079 ὑμέτερον.
1340 1042 1472 1078 Λαμπρδν
1485 1041 1539 1077 γὰρ
1556 1041 1620 1068 ὅντα
1634 1040 1679 1067 τὸν
1690 1040 1805 1076 ἄρχοντα
1817 1036 1867 1064 καὶ

237 1094 299 1114 cum
313 1095 415 1122 praeses
428 1096 462 1115 ex
478 1088 570 1123 seipso
581 1089 673 1116 clarus
688 1089 734 1120 sit,
748 1092 779 1116 tu
801 1089 930 1124 adjuncta
944 1096 1027 1125 opera

238 1137 283 1160 tua
307 1137 334 1160 et
359 1134 472 1166 auxilio,
487 1134 632 1162 clariorem
656 1142 719 1162 eum
743 1134 846 1163 reddis.
864 1135 949 1168 Quem
963 1143 1026 1163 cum

237 1182 331 1209 multis
347 1182 503 1209 nominibus
523 1181 676 1214 laudemus,
692 1184 750 1207 tum
775 1181 828 1208 hoc
852 1181 1025 1216 potissimum

236 1229 347 1255 nomine
370 1228 555 1258 admirantur,
576 1226 650 1262 quod
682 1233 746 1253 cum
778 1230 881 1253 tantam
908 1226 1026 1261 publicis

236 1274 388 1301 commodis
402 1273 619 1301 benevolentiam
636 1272 815 1304 conservetls,
831 1276 922 1299 tamen
936 1272 1024 1299 locum

237 1326 345 1354 quoque
359 1318 485 1345 amicitia:
499 1317 595 1345 olliciis
611 1317 694 1348 datis,
709 1317 836 1344 nimirum
852 1325 906 1344 non
919 1325 1026 1345 morum

238 1365 382 1399 asperitate
396 1363 479 1400 (quod
503 1363 581 1390 multi
601 1370 697 1390 eorum
720 1362 832 1395 faciunt,
849 1362 894 1397 qui
914 1362 1026 1390 modum

1077 1089 1142 1124 παρ’
1159 1088 1266 1121 ἑαυτοῦ,
1281 1088 1470 1124 λαμπρότερον
1492 1087 1573 1119 αὐτὸς
1598 1086 1701 1122 ἐργάζῃ
1718 1086 1752 1121 τῇ
1770 1092 1867 1119 συνερ-

1075 1134 1140 1170 γίαν
1159 1135 1189 1161 ὃν
1208 1134 1294 1161 πολλὰ
1319 1135 1357 1170 (-l)
1382 1133 1566 1164 ἐπαινοῦντες,
1590 1132 1668 1158 τοῦτο
1690 1130 1866 1166 θαυμάζομεν

1078 1181 1204 1216 μάλιστα,
1229 1181 1270 1207 ὅτι
1295 1180 1429 1216 τοσαύτην
1453 1180 1491 1216 (2)
1517 1180 1573 1211 τοῖς
1595 1177 1733 1214 δημοσίοις
1760 1175 1866 1202 εὖνοιαν

1079 1225 1220 1260 σώζοντες,
1236 1225 1329 1262 χώραν
1348 1226 1434 1253 δίδοτε
1458 1225 1506 1252 καὶ
1523 1226 1580 1256 τοῖς
1604 1223 1730 1258 φιλικοῖς,
1744 1222 1775 1249 οὐ
1799 1230 1867 1256 τρα-

1078 1272 1174 1307 χύτητι
1190 1272 1290 1308 τρόπου
1306 1272 1336 1298 τὸ
1356 1271 1467 1308 ἀκριϐὲς
1482 1269 1690 1304 ἐνδεικνύμενοι,
1705 1267 1777 1295 κατὰ
1800 1266 1864 1298 τοὺς

1078 1318 1191 1350 πολλοὺς
1202 1318 1256 1346 τῶν
1275 1318 1413 1353 ἀμέτρων,
1435 1317 1584 1353 ἡμερότητι
1603 1316 1631 1343 δὲ
1647 1315 1746 1351 μᾶλλον
1766 1313 1796 1341 τὸ
1814 1313 1866 1349 τῆς

1077 1364 1165 1400 ἀρχῆς
1181 1364 1316 1400 αὐστηρὸν
1333 1364 1547 1395 τιθασοεύοντες.

238 1415 330 1438 tenere
346 1410 495 1446 nesciunt),
527 1410 599 1445 juris
631 1408 750 1445 rigorem
772 1412 952 1442 ostentantes,
966 1417 1059 1437 verum
1077 1411 1287 1439 mansuetudine
1316 1411 1406 1438 notius
1440 1410 1547 1446 imperii
1580 1408 1768 1437 austeritatem
1790 1406 1866 1434 miti-

236 1463 340 1494 gentes.

471 1515 573 1544 CLVII.
597 1514 793 1543 THEODORO.

1312 1515 1397 1543 rnz'.
1413 1515 1566 1551 030mm
1581 1515 1631 1550 (δ).

271 1575 342 1602 Anni
354 1575 406 1602 582
420 1575 510 1609 ﬁnem,
528 1575 567 1602 vel
582 1577 712 1609 sequentis
726 1575 832 1602 initium
851 1574 952 1602 redolet
968 1573 1024 1601 Ιιιτο
1038 1575 1162 1609 epistola,
1177 1576 1253 1608 cuius
1271 1579 1408 1602 exoratum
1426 1575 1491 1602 belle
1511 1579 1650 1609 responaet
1664 1574 1783 1609 epistola:
1802 1573 1866 1608 I53,

235 1618 314 1644 quam
328 1619 398 1637 atina
412 1610 514 1637 labente
529 1618 590 1637 mox
605 1610 804 1637 collocavimut.

822 1609 1052 1645 Quemadmodum
1067 1612 1135 1638 enim
1148 1613 1174 1639 in
1185 1611 1298 1645 epistola
1312 1611 1364 1638 155
1374 1611 1465 1638 scribit
1480 1610 1609 1644 Busporia
1626 1610 1666 1637 hic
1686 1610 1788 1637 verbis:
1803 1609 1865 1637 Non

237 1645 308 1672 ultra
326 1645 404 1672 vobis
417 1646 509 1681 gravis
519 1653 578 1677 ero,
589 1650 655 1678 etc.,
669 1646 707 1672 sic
724 1645 759 1672 ad
776 1645 959 1673 Theodorum:
974 1644 1033 1673 Non
1050 1646 1106 1680 jam
1124 1647 1201 1674 vobis
1217 1647 1369 1674 molestiam
1387 1646 1534 1674 exhibebo.
1558 1645 1652 1681 Itaque
1673 1653 1732 1672 cum
1755 1650 1867 1672 exeunte

238 1684 342 1706 tantum
357 1689 426 1707 anno
441 1680 504 1710 582.
520 1681 612 1715 vixque
633 1686 693 1707 ante
715 1689 813 1707 annuat
835 1681 888 1708 585
909 1681 1046 1715 episcopus
1068 1681 1205 1709 Nazianzi
1228 1682 1367 1709 ordinatus
1391 1682 1426 1709 sit
1449 1680 1584 1712 Eulaliae.
1603 1681 1630 1708 in
1653 1681 1775 1715 conﬁniis
1800 1681 1867 1707 anni

239 1715 376 1748 utriusque
391 1715 445 1741 lia-c
459 1715 571 1753 epistola
591 1716 686 1753 merito
701 1716 855 1753 collocatur.
876 1715 968 1743 Severe
983 1723 1095 1745 canones
1112 1722 1186 1753 optat
1200 1717 1344 1749 obseruari,
1361 1722 1487 1752 rogatque
1504 1716 1669 1744 Theodorum
1690 1721 1719 1743 ut
1738 1715 1866 1743 Nicobuli

237 1757 333 1776 auaros
343 1755 452 1784 paterno
464 1750 524 1777 velit
539 1750 615 1777 oculo
630 1752 790 1785 conspicere.

272 1806 431 1840 Spiritualia
446 1807 527 1834 linem
549 1806 669 1834 habent:
689 1814 742 1833 non
762 1805 820 1841 jam
838 1805 917 1834 vobis
939 1806 1025 1833 mole-

1112 1805 1153 1832 Τὰ
1177 1805 1226 1840 μὲν
1247 1804 1421 1840 πνευματικὰ
1434 1804 1471 1841 (4)
1483 1805 1570 1841 πέρας
1584 1805 1658 1841 ἔχει’
1672 1805 1764 1833 οὐκέτι
1780 1815 1867 1843 προσ-

237 1852 316 1879 stiam
331 1853 475 1881 exhibebo.
488 1852 575 1884 Coite.
595 1860 644 1880 vos
666 1853 740 1887 ipsos
755 1852 869 1885 munite,
884 1851 962 1887 132
977 1851 1024 1879 ad-

236 1906 345 1925 versum
357 1906 408 1926 nos
420 1899 534 1926 consilia
551 1898 626 1926 inite.
638 1897 756 1926 Vincant
768 1899 815 1933 qui
828 1905 878 1925 nos
889 1897 1023 1925 oderunt:

236 1945 272 1972 ad
283 1953 399 1980 unguem
416 1945 597 1973 observentur
619 1951 750 1977 canones,
772 1951 789 1971 a
810 1944 900 1977 nobis,
923 1943 1025 1979 quibus

255 2043 329 2085 _(92)
349 2044 423 2073 Alias
436 2044 566 2083 CXXVII.
594 2043 702 2081 Scripta
725 2045 806 2080 paulo
837 2048 900 2081 post
941 2052 1024 2080 supe-

238 2088 380 2150 ξ’(ἶῖιῗῗπο
403 2114 559 2150 Ὴρᾳκλῆς.
585 2115 626 2150 Ita
656 2114 736 2150 codd.
763 2113 825 2142 Par.
852 2114 919 2150 Reg.
942 2114 1022 2150 4405.

238 2149 270 2176 Il.
282 2150 308 2180 5,
323 2156 428 2176 necnon
444 2149 574 2183 Montac.,
589 2149 695 2181 Morel.,
717 2149 779 2177 Bill.
804 2156 835 2177 ac
855 2148 978 2177 Coiubel‘.
995 2148 1024 2177 In

236 2184 314 2220 edit.
326 2184 478 2220 Ἡρακλεῖς.
495 2184 568 2220 Mox,
582 2185 621 2220 ὡς
635 2184 723 2219 λόγος,
740 2185 780 2213 sic
796 2184 878 2212 iidem
893 2184 974 2212 codd.
992 2192 1024 2212 ac

238 2218 409 2264 Combolivln‘
423 2219 488 2246 edit.
501 2219 540 2264 ‘t'o;
554 2220 574 2258 δ
581 2219 667 2264 λό’ἷορςἐ

274 2253 330 2314 $94)
356 2254 410 2280 Kal
437 2253 594 2288 κατὰ,τῆς
616 2252 731 2288 Ὕδρας.
760 2252 789 2281 In
817 2253 878 2281 cod.
900 2259 928 2282 et
956 2253 1023 2289 Reg.

274 2308 276 2314 π
301 2289 385 2314 deest.
409 2288 498 2314 IIvdra
517 2288 626 2314 Lemma
655 2296 769 2314 serpens
791 2293 862 2314 erat.
884 2293 915 2314 ut
939 2294 1023 2314 noctua

238 2288 286 2315 καί
301 2289 385 2316 deest.
409 2288 499 2323 Hydra
517 2288 626 2316 Lernaea
655 2296 769 2323 serpens
791 2293 862 2320 erat,
884 2293 915 2316 ut
939 2288 1025 2324 poetie

239 2325 354 2357 tingunt.
373 2325 483 2350 unicum
498 2324 629 2359 duntaxat
653 2331 753 2358 corpus
768 2324 871 2351 habens
895 2328 922 2350 et
944 2325 1024 2359 quin-

239 2359 368 2393 quaginta
392 2359 490 2393 capita.
517 2358 578 2386 Iltec
604 2358 734 2386 Hercules
756 2366 849 2386 secare
867 2358 1024 2420 aggressus,

239 2393 304 2420 huic
326 2394 363 2420 rei
389 2393 476 2421 imoar
498 2392 604 2421 fuisset.
620 2401 675 2420 uno
689 2393 762 2420 enim
778 2394 881 2421 occiso.
916 2401 950 2421 uo
966 2398 1024 2421 sta-

240 2401 304 2420 nutc
326 2401 363 2420 rei
389 2401 476 2427 impar
498 2401 604 2425 Iutssvl,
620 2401 675 2420 uno
689 2401 762 2420 enim
778 2401 881 2425 occiso,
896 2401 950 2421 uuo
966 2401 1023 2421 sta-

238 2428 288 2454 tim
309 2428 517 2463 repullulabant,
544 2429 595 2455 nisi
619 2429 707 2463 Iolaus
729 2429 821 2463 socius
844 2429 1023 2463 certaminum

1075 1850 1150 1885 θήσω
1168 1849 1282 1886 διοχλεῖν
1301 1851 1376 1886 ὑμῖν.
1401 1851 1531 1883 Συνίοιτε,
1552 1851 1717 1886 φράσσοισθε
1735 1852 1785 1886 (5),
1800 1852 1867 1887 βου-

1074 1895 1196 1923 λεύοισθε
1219 1897 1280 1923 καθ’
1294 1896 1382 1933 ἡμῶν.
1397 1897 1558 1924 Νικάτωσαν
1573 1898 1597 1924 ot
1616 1897 1757 1933 μισοῦντες
1772 1899 1866 1934 ἡμᾶς·

1075 1943 1302 1978 φυλαττέσθωσαν
1323 1944 1445 1980 ἀκριϐῶς
1459 1945 1485 1971 ot
1508 1945 1628 1977 κανόνες,
1652 1945 1698 1980 ἀφ’
1717 1946 1796 1982 ήμῶν
1814 1946 1867 1983 ἀρ-

1111 2042 1227 2080 ρζοισίν
1237 2043 1268 2078 μ’
1283 2043 1401 2080 ἵπποισι
1413 2044 1595 2078 παρήλασαν
1615 2045 1784 2080 Ἀκτορίωνε

1109 2078 1221 2110 Πλήθει
1235 2080 1348 2108 πρόσθε
1359 2079 1519 2113 βαλόντες.
1578 2099 1586 2107 .
1642 2099 1650 2107 .
1694 2078 1715 2107 ⁷.
1772 2100 1780 2108 .

1111 2114 1144 2139 Ol
1154 2113 1180 2140 δ’
1190 2112 1226 2148 ἄρ
1235 2113 1313 2140 ἕσαν
1322 2114 1438 2153 δίδυμοι
1446 2116 1481 2153 -_d
1490 2114 1548 2148 μὲν
1553 2115 1865 2153 ἐμπεδῶν-ἡνιόχευεν,

1111 2167 1130 2184 ,Α
1239 2167 1247 2175 .
1304 2169 1312 2176 .
1369 2151 1385 2176 ό
1404 2149 1430 2176 δ’
1444 2149 1502 2182 ἄρα
1517 2150 1640 2184 μάστιγι
1657 2149 1791 2179 xeat-mer.

1111 2182 1191 2221 Solii
1202 2191 1249 2221 1ης
1256 2184 1328 2219 equis
1342 2182 1528 2219 prwuerterunt
1541 2182 1643 2214 Actoris
1657 2187 1709 2221 ﬁlii

1110 2217 1282 2253 Multitudine
1300 2217 1461 2253 superantes.
1519 2240 1526 2247 .
1583 2240 1590 2247 .
1647 2217 1663 2248 .’
1713 2241 1720 2248 .

1113 2252 1150 2279 lli
1172 2261 1231 2280 vero
1256 2252 1336 2281 erant
1343 2255 1440 2290 gemini
1450 2263 1459 2282 :
1473 2254 1517 2282 hic
1534 2256 1638 2291 quidem
1655 2257 1769 2318 ﬁrrmitber
1787 2259 1866 2286 auri-

1699 2300 1730 2318 aa
1750 2298 1826 2318 atur:

1716 2298 1826 2326 abalur;

1687 2291 1808 2327 [gabatur

1111 2345 1119 2352 .
1177 2346 1185 2353 .
1242 2347 1249 2353 .
1306 2345 1313 2352 .
1336 2359 1340 2360 ν
1369 2324 1421 2352 Ille
1436 2333 1497 2353 vero
1508 2325 1614 2360 ﬂagello
1631 2326 1808 2359 imperitabat.

1183 2359 1438 2397 Συνερωςίζοντες.
1545 2359 1607 2388 Par.
1632 2362 1862 2397 ἁντερανίζοντες.

1113 2395 1170 2431 (99)
1191 2396 1241 2429 ὀς
1269 2394 1479 2431 καί-διαθρεῖι
1503 2395 1541 2422 Ita
1567 2397 1619 2424 cod
1662 2394 1723 2424 Par.
1752 2394 1780 2425 et
1807 2394 1865 2426 duo

1075 2429 1179 2466 ReggI;
1194 2431 1234 2458 sic
1249 2434 1277 2457 et
1293 2429 1400 2466 Billtex
1415 2429 1587 2466 conjectura.

239 2462 456 2507 abscissacapita
464 2464 638 2492 excussisset.
648 2462 1024 2498 Hinc0vidius,Metamorph.
1042 2475 1063 2502 ι)
1172 2467 1223 2492 Ὃν·
1232 2465 1343 2492 πολλά.
1360 2465 1400 2492 Ita
1416 2462 1478 2493 cod;
1499 2470 1526 2493 et
1546 2466 1669 2495 Combel'.
1691 2475 1720 2494 ιιι
1743 2467 1809 2495 edit.
1824 2465 1865 2496 ὧν

239 2497 312 2524 libro
325 2506 352 2524 Ix
369 2507 376 2525 :

647 2532 703 2561 Nec
719 2534 818 2569 profuit
831 2533 922 2569 hydra:

275 2567 397 2604 crescere
410 2576 460 2604 per
470 2568 611 2604 damnum,
623 2567 790 2604 geminasque
803 2567 933 2596 resumere
947 2577 1023 2597 utres.

276 2603 332 2637 (95)
341 2604 367 2629 '0
379 2602 439 2637 μὲν
447 2603 594 2638 ἑξέτεμνε.
604 2602 642 2630 Ita
651 2605 711 2631 cod.
719 2602 804 2632 etduo
815 2603 900 2639 Ἆρες.
916 2604 943 2631 1η
957 2606 1024 2632 edit.

241 2636 364 2663 ἐξέτεμε.
378 2638 449 2663 Mox.
467 2639 494 2663 in
509 2639 574 2663 edit.
586 2638 714 2663 ἐπέκαεν.
731 2640 778 2663 sed
789 2639 850 2663 cod.
862 2646 890 2663 se
902 2640 1022 2663 nuinmr.

259 2645 354 2673 ςετεμε

357 2657 364 2664 .
378 2638 449 2669 Μοιι,
467 2639 494 2674 in
509 2639 574 2674 edit.
586 2638 714 2671 ὲπέκαεν,
731 2640 778 2667 sed
789 2639 850 2666 cod.
862 2640 1022 2674 sequimur.

278 2673 333 2707 (96)
343 2673 453 2706 Ὥσπερ
466 2673 519 2705 τὰς
530 2673 584 2707 τῆς
594 2674 710 2707 κακίας.
723 2674 762 2701 Ita
771 2675 833 2701 cod.
844 2677 873 2700 et.
883 2673 1004 2701 Cdmbel'.
1015 2683 1023 2702 :

242 2706 469 2743 Quemadmodum
484 2716 527 2735 vos
542 2709 628 2742 capita
643 2706 827 2743 improbitatis,
843 2712 896 2736 etc.
913 2709 942 2735 In
957 2709 1024 2736 edit.

241 2741 335 2779 ὥσπερ
357 2743 459 2779 τὰντῆς
480 2741 588 2775 κακίας,
612 2741 684 2778 quod
697 2744 757 2770 Bill.
772 2753 780 2771 :
797 2743 1024 2777 Quemadmodum

243 2784 286 2803 vos
305 2778 510 2811 improbitatem.

279 2811 332 2845 (97)
355 2813 402 2845 Ὧς
429 2813 538 2847 Ὁμήρῳ
565 2813 654 2841 δοκεῖ.
685 2813 794 2842 Homer.
827 2812 909 2841 Iliad.
937 2819 1024 2847 xxut,

243 2846 294 2874 638
309 2853 334 2874 et
351 2856 426 2882 seqq.
443 2857 450 2874 :

1078 2501 1232 2573 ῗοέἐῗλρτι
1259 2535 1422 2573 rogabant.
1452 2535 1492 2563 Ita
1522 2536 1603 2564 codd.
1636 2536 1691 2564 duo
1722 2536 1806 2573 Hegg.
1835 2543 1865 2566 ct

1040 2568 1044 2573 ’
1077 2568 1200 2599 Coinbet‘.
1218 2571 1247 2598 In
1264 2571 1330 2598 edit.
1345 2568 1390 2596 ὅτι
1403 2570 1491 2598 deest.

1113 2606 1152 2641 (5)
1171 2606 1247 2633 Alias
1268 2605 1412 2633 LXXXIII.
1437 2606 1559 2634 Exeunte
1582 2613 1655 2634 anno
1675 2606 1737 2640 382,
1758 2607 1798 2634 vel
1819 2607 1863 2634 in-

1078 2647 1161 2669 eunte
1175 2641 1228 2668 383
1242 2641 1355 2675 scripta.

1113 2676 1151 2711 (Δ)
1170 2677 1208 2703 Τὰ
1221 2676 1279 2710 μὲν
1295 2675 1488 2710 πνευματικά.
1515 2675 1633 2704 Montac.
1653 2679 1680 2703 et.
1700 2676 1792 2704 Morel.
1812 2677 1864 2711 μέν

1077 2710 1178 2738 delent.
1193 2711 1276 2738 Paulo
1296 2711 1378 2744 infra,
1393 2719 1443 2746 pro
1467 2711 1580 2747 διοχλεῖν
1600 2712 1676 2746 ὑμῖν,
1698 2713 1759 2739 cod.
1781 2710 1862 2740 Pass.

1077 2745 1190 2780 διοχλεῖν
1204 2746 1286 2780 ὑμᾶς.
1488 2776 1491 2780 ,

1094 2754 1190 2780 ιοχΑειν
1204 2754 1286 2780 υμας.
1488 2776 1491 2780 ,

1114 2755 1190 2780 ιχΑειν
1204 2755 1286 2780 υμας.
1488 2776 1491 2780 ,

1114 2781 1153 2815 (5)
1176 2780 1375 2814 Φράσσοισθε.
1403 2780 1531 2813 Montem,
1559 2781 1653 2809 Morel.
1681 2788 1713 2808 ac
1737 2782 1863 2810 Combef.

1078 2816 1235 2850 φράζοισθε,
1249 2816 1395 2852 loquimini,
1409 2817 1481 2852 quod
1501 2818 1587 2852 magis
1601 2817 1731 2846 cohaeret.
