1931 3056
59 141 119 170 273

761 140 926 169 EPISTULA
949 139 1050 170 CLXV.

1645 137 1700 165 274

61 201 154 236 πέρας
175 199 241 236 ἔχει.
264 200 498 236 ’Υπεχωρήσαμεν
520 200 558 236 τῷ
577 201 681 237 φθόνῳ,
697 201 857 236 φιλοσοφοῦ-

911 208 954 227 res
967 198 1077 230 reddas,
1094 201 1176 234 atque
1191 197 1224 224 ad
1242 196 1374 224 ulteriora
1393 203 1566 232 promovcas,
1599 197 1700 225 erube-

63 254 118 281 μεν
136 246 180 280 ἐφ’
197 246 313 281 ἡσυχίας
338 245 377 281 τῷ
394 246 471 281 Θεῷ,
498 246 560 273 καθ’
580 247 654 282 ἡμᾶς
675 247 775 278 αὐτοὺς
793 254 858 281 συγ-

61 290 200 325 γινόμεθα
213 292 272 322 ταῖς
283 291 392 326 εὐχαῖς,
413 291 468 318 τῶν
490 293 519 318 ὲν
540 292 615 327 μέσῳ
632 292 733 319 κλόνων
748 293 794 319 καὶ
812 292 857 318 θο-

62 335 159 369 9:3va
190 335 412 371 ὴλευθερώμεθα.
440 337 476 364 Σὺ
500 337 529 363 δὲ
554 338 620 372 ἡμῖν
644 337 769 373 ὰνδρίζου
784 357 792 368 .
811 338 859 364 καὶ

61 380 216 414 κραταιοῦ,
235 382 282 407 καὶ
298 381 505 416 ὑπεραγωνίζου
522 382 572 418 τῆς
587 382 702 418 Τριάδος
722 382 762 414 εις
778 382 858 409 δύνα-

63 434 124 460 μιν.
157 426 212 452 Καὶ
242 427 359 462 όπραῢς
389 427 459 454 ἔστω
487 428 631 463 μαχητὴς,
663 428 678 454 ὃ
709 428 755 455 καὶ
784 428 858 463 ἡμᾶς

62 471 158 507 ἐώρας
172 471 227 507 (60)
253 473 414 504 ποιοῦντας·
440 474 470 500 οὺ
487 474 540 509 γὰρ
557 474 686 509 βούλομαι
711 474 858 510 κέρκωπας

64 518 119 552 μὲν
131 518 295 554 εὐδοκιμεῖν,
311 520 426 555 ἠρεμεῖν
438 520 467 546 δὲ
481 519 600 552 λέοντας.
613 521 669 547 Καὶ
680 520 758 556 ἡμῶν
773 521 857 555 ὑπερ-

62 563 148 598 εύχου
182 565 285 601 σφόδρα
314 566 472 601 καμνόντων
486 586 494 599 ,
524 567 557 593 ἵν’
594 567 735 602 εἰρηνικῆς
766 566 856 602 τύχοι-

64 617 118 642 μεν
132 609 188 644 (61)
204 610 254 645 τῆς
271 611 360 643 ἐξόδου
372 631 380 643 ,
399 612 450 646 ἤδη
470 612 537 647 πρὸς
556 611 636 638 τοῦτο
650 611 771 643 νεύοντες
787 612 853 647 (69).

907 250 1016 273 scentes
1027 244 1152 272 videlicet
1164 251 1220 271 non
1233 243 1301 271 tales
1322 250 1372 270 110s
1388 243 1622 278 pratbere,_quales
1638 251 1699 271 esse

907 290 1060 318 arbitraris.
1084 290 1120 316 At
1148 292 1252 318 nostra
1275 289 1386 324 quidem
1409 296 1455 316 res
1483 289 1563 316 lini-tn
1585 289 1696 316 habent.

900 336 1019 364 'lnvidiat
1039 335 1186 367 cessimus,
1209 334 1265 362 Deo
1286 334 1434 368 tranquille
1459 333 1702 369 philosopbamur,

908 382 959 410 soli
974 381 1109 417 degimus,
1129 385 1211 416 atque
1235 381 1262 407 in
1278 379 1406 415 precibus
1429 387 1581 411 versamur,
1602 381 1696 408 mundi

911 427 1070 463 strepitibus
1092 434 1125 455 ac
1145 426 1309 455 tumultibus
1324 425 1430 452 liberati
1452 433 1556 452 sumus.
1575 424 1615 452 Tu
1631 434 1696 453 vero

910 475 1027 502 viriliter
1047 481 1097 509 age
1119 477 1147 501 et
1170 472 1327 500 coniortare
1351 472 1385 502 θ’.
1411 479 1444 498 ac
1470 478 1519 506 pro
1542 470 1676 498 Trinitate
1687 492 1703 505 ,,

909 525 1042 556 quantum
1059 520 1134 548 vires
1152 523 1206 547 tua:
1220 519 1320 549 ferent,
1337 518 1448 545 dimica.
1463 517 1496 544 Et
1508 518 1555 552 qui
1569 526 1696 545 mansue-

909 571 954 593 tus
975 570 1028 598 est,
1045 572 1153 600 pugnax
1170 564 1227 596 ﬁat,
1244 563 1473 598 quemadmodum
1488 562 1570 590 etiam
1591 570 1642 590 nos
1655 562 1696 589 ia-

896 620 970 648 .cere
985 611 1116 638 videbas:
1132 617 1222 644 neque
1233 608 1305 636 enim
1321 608 1388 634 mihi
1401 608 1500 643 placet,
1519 612 1550 635 ut
1567 607 1696 635 simiillo«

63 659 147 682 reant
166 656 342 692 celebresque
352 658 418 691 sint,
435 658 529 685 leones
547 662 638 685 autem
653 658 808 692 quiescant.
825 657 863 684 Ac
882 665 932 692 pro
947 658 1039 689 nobis,
1055 656 1103 692 qui
1131 654 1239 690 magnis
1260 653 1391 682 atrumnis
1430 653 1591 688 premimur,
1611 653 1696 681 Deum

62 710 192 737 precare,
211 706 242 730 ut
268 707 394 738 pacatum
417 712 433 731 e
456 704 512 731 vita
532 704 699 737 discessum,
717 704 750 732 ad
774 711 855 739 quem
873 703 929 739 jam
946 704 1093 739 vergimus,
1106 708 1315 737 consequamur.

297 760 379 788 PEE'.
396 761 439 797 To
453 761 546 796 ΑΥΤῼ
562 761 629 798 (65).

1180 759 1285 787 CLXV.
1307 758 1420 786 EIDEM.

63 819 134 847 Cum
152 821 239 848 nescio
249 821 312 856 quid
327 821 430 856 molesti
450 821 586 848 Timotheo
602 821 765 857 contigisset,
783 821 922 857 nimioque»
934 819 1107 857 ituquolarqe
1119 819 1219 857 faciunt
1241 817 1380 857 accepisset
1400 816 1553 857 Gregorius,
1569 815 1638 843 datis
1661 815 1695 843 ad

296 857 371 883 illum
392 853 498 889 litteris,
523 857 609 883 antica
625 853 705 883 εἰηιῖιί
718 861 743 883 et
756 857 813 883 acri
829 853 949 883 nonnihil
963 854 1159 890 objurgatione,
1172 854 1289 880 animum
1302 853 1358 884 eius
1374 853 1467 880 erexit.

100 911 275 948 Πυνθάνομαι
293 914 322 940 σὲ
347 913 416 948 πρὸς
434 914 464 940 τὸ
480 914 566 946 πάθος
588 914 759 950 ἀφιλοσόφως
774 914 856 949 ἔχειν,

944 914 982 941 Te
991 913 1175 940 calamitatem
1190 911 1303 938 minime
1318 910 1509 946 philosophieo
1524 910 1615 937 animo
1626 909 1696 936 ferre

62 958 114 985 καὶ
129 958 180 985 οὐκ
201 958 320 995 ἐπῄνεσα
330 968 337 975 ⁸
360 959 400 986 δεῖ
415 960 469 996 γὰρ
492 960 595 996 τάληθῆ
617 961 734 996 γράφειν
746 982 753 994 ,
768 961 856 993 ἄλλως

61 1014 94 1032 τε
122 1006 169 1032 καὶ
190 1005 258 1042 πρὸς
272 1005 357 1042 ἄνδρα
375 1006 465 1041 φίλον,
492 1007 540 1033 κο.)¹
555 1006 757 1041 καλοκαγαθίας
776 1015 858 1042 μετα-

63 1051 237 1087 ποιούμενον.
256 1053 330 1087 Ἐχω
355 1052 410 1088 γὰρ
436 1052 508 1079 οὕτω
531 1053 595 1088 περὶ
618 1053 740 1085 τούτων,
761 1052 799 1085 ὥς
825 1061 856 1087 γε

64 1097 185 1132 ἐμαυτὸν
206 1097 292 1124 πείθω
304 1117 312 1130 ,
327 1098 373 1125 καὶ
396 1099 455 1125 λίαν
473 1098 528 1134 (64)
549 1098 647 1135 ὀρθῶς.
665 1098 734 1125 libre
750 1098 781 1125 τὸ
797 1098 857 1124 λίαν

63 1143 171 1175 ἀπειθὲς
194 1143 313 1176 ἐπαινῶ,
336 1143 397 1170 οὔτε
420 1143 451 1170 τὺ
477 1144 546 1178 ἄγαν
574 1144 735 1180 περιπαθὲς,
754 1145 791 1170 Τὸ
807 1144 857 1179 μὲν

63 1189 121 1224 γὰρ
149 1189 349 1226 ἀπάνθρωπον,
370 1189 401 1216 τὸ
430 1190 458 1216 δὲ
484 1190 647 1224 ἀφιλόσοφον
674 1189 742 1225 (65).
777 1188 857 1216 Ἀλλὰ

62 1234 106 1261 δεῖ
127 1234 177 1269 τὴν
203 1235 289 1271 μέσην
314 1234 473 1269 βαδίζοντα,
498 1235 553 1262 τῶν
576 1236 625 1270 μὲν
649 1235 720 1268 ἄγαν
736 1235 857 1270 ἀσχέτων

64 1279 282 1316 φιλοσοφώτερον
294 1280 348 1315 (66)
363 1279 515 1315 φαίνεσθαι.
532 1280 585 1307 τῶν
596 1281 624 1306 δὲ
640 1280 856 1315 φιλοσοφούντων

63 1325 194 1361 ἀμέτρως
214 1325 454 1362 ἀνθρωπινώτερον
484 1325 550 1362 (67).
579 1327 635 1353 Καὶ
660 1328 685 1353 εἰ
714 1327 763 1362 μὲν
789 1327 856 1362 πρὸς

64 1371 146 1398 ἄλλον
172 1371 234 1398 τινὰ
262 1371 432 1403 ἐπέστελλον,
457 1372 521 1403 ἴσως
549 1372 582 1398 ἄν
612 1381 657 1407 μοι
680 1373 857 1408 μακροτέρων

65 1418 162 1453 ὲδὲησε
187 1417 285 1452 λόγων,
311 1418 359 1444 καὶ
383 1418 417 1445 τὰ
442 1418 490 1453 μὲν
513 1418 665 1453 συμπαθεῖν
688 1418 801 1451 ἐδει,τὰ
828 1418 857 1444 δὲ

66 1464 243 1499 παραινέσαι,
254 1464 288 1490 τὰ
304 1463 332 1490 δὲ
347 1464 411 1495 ἴσως
436 1463 610 1499 ἐπιτιμῆσαι.
635 1464 671 1491 Τό
681 1472 709 1490 τε
723 1464 777 1500 γὰρ
795 1472 857 1490 συν-

64 1509 169 1543 αλγεῖν,
187 1509 278 1536 ἱκανὸν
298 1509 338 1541 εἰς
356 1509 542 1544 παραμυθίαν,
559 1510 606 1536 καὶ
621 1509 706 1536 δεῖται
721 1509 751 1536 τὸ
767 1510 858 1545 deem-

66 1553 148 1579 στοῦν
176 1553 225 1588 τῆς
251 1554 283 1580 ἐκ
296 1553 344 1580 τοῦ
361 1554 528 1588 ὑγιαίνοντος
550 1553 707 1589 θεραπείας.
733 1554 810 1580 Ἐπεὶ
827 1554 856 1581 δὲ

66 1599 136 1633 πρὸς
160 1598 245 1634 ἄνδρα
273 1599 487 1634 πεπαιδευμένον
512 1600 642 1635 ποιοῦμαι
666 1600 730 1632 τοὺς
748 1600 854 1634 λόγους,

66 1645 148 1680 ἀρκεῖ
158 1644 284 1671 τοσοῦτον
292 1646 389 1671 εἰπεῖν·
399 1645 480 1672 Γενοῦ
493 1645 608 1672 σεαυτοῦ
617 1645 725 1672 καὶτῶν
747 1645 857 1680 βίϐλων,

66 1687 112 1722 αἷς
125 1690 331 1726 καθωμίλησας,
347 1692 375 1718 ἐν
389 1689 433 1723 αἷς
445 1691 537 1717 πολλοὶ
555 1691 605 1727 μὲν
623 1691 690 1726 βίοι,
716 1691 808 1718 πολλοὶ
830 1691 858 1718 δὲ

66 1737 173 1772 τρόποι,
190 1737 286 1764 πολλαὶ
298 1738 326 1764 δὲ
340 1737 432 1773 ἡδοναὶ
442 1738 488 1764 καὶ
510 1738 645 1773 λειότητες
671 1737 725 1774 (68)
740 1746 745 1752 '
764 1737 859 1764 πολλαὶ

67 1782 107 1811 δὲ.
128 1782 166 1814 ὡς
189 1783 220 1809 τὸ
237 1783 320 1815 εἰκὸς,
339 1783 479 1818 συμφοραὶ
496 1783 544 1809 καὶ
566 1782 744 1818 τραχύτητες.
761 1782 858 1809 Πλέκει

67 1830 96 1855 δὲ
113 1828 203 1856 ταῦτα
223 1829 255 1855 δι’
273 1829 395 1864 ἀλλήλων
414 1831 428 1856 ὁ
445 1829 510 1861 Θεός
521 1837 528 1844 ·
546 1828 607 1864 ἐμοὶ
625 1829 708 1861 δοκεῖ,
724 1828 767 1855 ἵνα
791 1828 858 1864 μηδὲ

68 1875 100 1902 τὸ
119 1875 219 1902 λυποῦν
240 1875 424 1911 ἀθεράπευτον
440 1873 467 1912 ᾖ,
483 1875 551 1911 μηδὲ
570 1874 601 1901 τὸ
617 1875 762 1910 εὐφραῖνον
775 1875 858 1907 ἀπᾳι-

68 1921 227 1957 δαγώγητον
236 1942 243 1954 ,
265 1922 321 1953 καὶ,
333 1921 377 1948 ἴνα
392 1921 422 1948 τὺ
437 1923 466 1948 ὲν
479 1921 584 1953 τούτοις
600 1921 716 1948 ἄστατον
729 1922 776 1948 καὶ
788 1921 858 1948 ἀνώ-

71 1965 155 2000 μαλον
185 1965 361 2000 θεωροῦντες,
388 1965 456 2001 πρὸς
481 1965 562 1992 αὐτὸν
595 1966 674 2001 μόνον
703 1966 857 2001 βλέπωμεν.

70 2011 163 2040 Ίῖαῦτα
193 2009 238 2038 οὖν
263 2011 357 2046 ὥσπερ
382 2011 481 2038 κανόνα
502 2012 549 2038 καὶ
573 2010 702 2046 γνώμονα
722 2011 859 2047 προσάγο-

72 2065 122 2092 μεν
140 2056 194 2092 (69)
211 2055 249 2091 σῷ
277 2056 368 2083 πάθει.
395 2057 451 2084 Καὶ
468 2057 492 2083 ει
516 2056 565 2091 μὲν
578 2055 775 2091 ἐπαινούμενον
799 2065 858 2083 τινα

71 2103 157 2137 ἔγνως
167 2102 221 2129 τῶν
237 2102 296 2130 λίαν
308 2102 500 2129 ὑποπεσόντων
519 2102 574 2134 τοῖς
589 2102 734 2137 ἀλγεινοῖς,
749 2103 766 2138 ἦ
781 2111 808 2129 τι
819 2102 859 2138 τῷ

71 2150 163 2184 ἀλγεῖν
171 2148 381 2185 κατορθώσαντα
400 2148 466 2184 (70),
484 2149 541 2184 χρῶ
555 2148 596 2184 τῷ
609 2148 739 2175 λυποῦντι
751 2149 801 2175 καὶ
810 2147 858 2177 τοῦ

71 2195 186 2227 πένθους
214 2195 334 2223 ἀπόλαυε
373 2195 431 2230 (71)
465 2194 562 2230 (οὐδεὶς
590 2194 686 2228 φθόνος
716 2196 859 2230 συμφορᾶς

107 2266 128 2282 ⁸⁸
144 2264 215 2293 Psal.
231 2271 296 2297 xxx,
310 2263 356 2292 25.

110 2322 166 2366 t9?)
189 2321 278 2366 Haec
291 2320 532 2366 ἑώραςμοοει-,ει
545 2310 856 2366 certissim)???

192 2354 348 2400 ralem.
381 2357 421 2384 Ita
449 2357 537 2385 codex
560 2361 588 2383 et
607 2354 798 2382 Combelisius.
827 2354 857 2381 In

72 2394 154 2422 editis
167 2394 303 2427 τύχωμεν.

109 2427 165 2490 (62)
185 2428 340 2469 [Vatiae-18,9
355 2426 394 2453 Ita
408 2425 485 2454 codd.
502 2424 582 2461 Reg.,
602 2424 680 2453 Pass.
695 2424 723 2458 2,
734 2428 761 2452 et
775 2424 857 2452 Com-

74 2465 107 2490 ite
121 2483 127 2489 .
147 2462 176 2489 In
192 2462 257 2490 edit.
272 2471 408 2490 νεύοντας.

74 2462 127 2492 bef.
147 2462 176 2489 In
192 2462 257 2490 edit.
272 2462 408 2494 νεύοντας.

110 2498 165 2533 (65)
185 2497 261 2525 Alias
283 2496 459 2533 CLXXXIX?
474 2495 580 2531 Scripta
593 2495 675 2533 paulo
690 2498 754 2533 post
777 2502 858 2533 supe-

74 2530 186 2561 riorem.
208 2533 317 2560 »—Cod.
340 2532 420 2567 ἣδε..
437 2530 557 2567 Melitae:
573 2534 600 2557 et
615 2530 708 2567 Morel.
733 2530 858 2567 Ttuoogp

75 2568 296 2604 xuiiz-rpatnviq)
313 2564 435 2604 σοφιᾶτῇ.
453 2567 520 2594 Cod.
540 2565 714 2601 Στρατειρίῳ.
732 2564 797 2592 Cod.
821 2564 855 2592 Ιῖ.

74 2608 102 2631 ct
116 2603 238 2630 Combel'.
254 2603 432 2639 Στραγειρίῳ.

110 2638 166 2671 (δι)
187 2638 239 2670 ’Ὧς
253 2647 286 2672 γε
303 2638 434 2673 ἐμαυτὸν
450 2637 551 2673 πείθω,
567 2635 617 2662 καὶ
635 2636 727 2673 λίαν..
743 2634 782 2662 ita
793 2635 856 2673 c_o_d.

75 2673 186 2734 «latuit-eg.
205 2681 237 2700 ac
250 2670 374 2701 Combef.
396 2674 426 2700 ln
441 2672 507 2700 edit.
524 2671 562 2703 ὥς
576 2679 608 2705 γε
633 2671 751 2706 ἐμαυτὸν
771 2670 857 2697 πείθω

193 2743 408 2783 ’Δειλόᾳοφονλ
428 2742 468 2783 ita
488 2741 567 2783 codd.
592 2740 802 2783 Reg._B.h5_,het

78 2777 205 2809 Momm,
226 2779 322 2806 Morel.
338 2777 368 2806 et
388 2778 523 2810 Combet‘.,
546 2777 640 2812 sicque
663 2777 727 2812 legit
745 2777 804 2803 Bill.
830 2777 860 2804 In

78 2815 130 2840 adit
144 2813 297 2840 φιλόσοφον.

77 2815 130 2841 adit
144 2815 297 2848 φιλόσοφον.

112 2849 167 2885 (66)
197 2848 450 2884 Φιλοσοφώτερον.
480 2848 604 2876 Combcl‘.
638 2857 644 2875 :
671 2846 770 2882 Majori
799 2855 861 2875 con—

907 960 1001 991 audio,
1015 966 1067 986 nec
1085 958 1166 985 laudo
1181 965 1187 984 :
1203 965 1266 985 vera
1274 957 1347 984 enim
1364 956 1485 984 scribere
1494 958 1611 990 oportet,
1628 962 1697 989 pra:-

908 1006 1002 1033 sertim
1020 1005 1053 1032 ad
1072 1005 1210 1033 hominem
1228 1005 1359 1036 amicum,
1376 1011 1408 1031 ac
1432 1003 1577 1038 probitatis
1595 1005 1622 1029 et
1647 1001 1697 1029 lto-

908 1051 1024 1079 nestatis
1044 1051 1211 1079 studiosum.
1230 1050 1268 1078 De
1282 1050 1326 1078 his
1343 1049 1415 1077 enim
1436 1049 1519 1077 rebus
1536 1049 1577 1076 sic
1595 1049 1695 1081 sentio.

907 1101 934 1125 et
962 1097 1083 1132 quidem,
1107 1101 1138 1124 ut
1164 1096 1230 1123 mihi
1256 1096 1420 1132 persuadeo,
1450 1094 1614 1123 rectissime.
1639 1094 1696 1122 Nec

907 1143 980 1170 enim
993 1143 1105 1170 nimiam
1119 1142 1299 1170 indolentiam
1315 1142 1411 1178 probo,
1426 1149 1476 1169 nec
1488 1140 1601 1168 nimiam
1619 1140 1696 1168 dolo-

908 1187 947 1214 ris
964 1187 1153 1214 acerbitatem.
1175 1186 1243 1214 lllud
1261 1186 1334 1214 enim
1351 1185 1532 1213 inhumanum
1543 1188 1596 1216 est,
1615 1184 1666 1211 hoc
1679 1192 1695 1210 a

908 1232 1071 1267 philosopho
1096 1232 1227 1260 alienum.
1260 1230 1362 1258 Verum
1385 1230 1506 1258 medium
1521 1228 1572 1257 'ita
1603 1233 1698 1257 tenere

907 1278 1035 1305 convenit
1054 1277 1132 1313 137
1149 1281 1178 1304 ut
1194 1281 1221 1305 et
1239 1278 1283 1309 iis,
1300 1277 1346 1312 qui
1363 1276 1446 1303 nimis
1457 1275 1589 1302 elirenalo
1603 1275 1697 1302 dolore

907 1325 1062 1360 prmcipites
1082 1327 1213 1360 aguntur,
1239 1323 1421 1358 sapientiores
1442 1330 1493 1350 nos
1516 1322 1697 1357 praebeamus,

907 1376 935 1398 et
953 1371 987 1398 iis
1007 1371 1054 1406 qui
1076 1370 1222 1398 immodice
1242 1369 1483 1404 phil050pltanlur,
1507 1367 1695 1395 humaniores.

907 1417 946 1444 Ac
961 1417 983 1444 si
999 1416 1108 1451 quidem
1125 1415 1160 1443 ad
1180 1416 1264 1442 aliunt
1287 1415 1433 1450 quemdam
1458 1414 1620 1445 scriberem,
1636 1413 1698 1440 lon-

907 1462 975 1497 giori
989 1461 1110 1489 fortasse
1124 1461 1247 1488 oratione
1259 1468 1328 1495 opus
1341 1460 1510 1491 habuissem.
1521 1466 1618 1494 meque
1634 1466 1698 1493 par-

908 1508 955 1534 tim
983 1507 1071 1534 vicem
1097 1511 1172 1533 tuatn
1195 1506 1298 1538 dolere,
1324 1506 1423 1540 partim
1447 1511 1569 1534 moriere,
1598 1504 1701 1538 partim

907 1554 989 1581 etiam
1006 1553 1153 1588 obiurgare
1168 1551 1347 1587 oportuisset.
1362 1549 1430 1577 Nam
1443 1554 1471 1577 et
1492 1548 1698 1577 commiseratio

909 1607 1034 1634 magnam
1057 1598 1092 1625 ad
1118 1597 1262 1625 levandum
1286 1596 1407 1624 dolorem
1425 1596 1478 1622 vim
1492 1595 1591 1626 habet;
1610 1598 1636 1621 et
1650 1593 1697 1628 qui

908 1653 979 1680 mser
992 1649 1044 1676 est,
1066 1645 1126 1679 ejus
1144 1644 1191 1679 qui
1207 1644 1313 1678 integra
1333 1641 1491 1669 valetudine
1511 1641 1597 1668 utitur
1613 1640 1698 1668 medi-

909 1700 967 1720 cam
989 1698 1100 1719 manum
1123 1690 1248 1725 requirit.
1269 1687 1403 1721 Quoniam
1428 1691 1520 1714 autem
1545 1685 1611 1713 milii
1635 1692 1697 1712 eum

908 1738 1016 1766 erudito
1031 1737 1091 1764 viro
1107 1743 1198 1764 sermo
1215 1738 1269 1766 est,
1286 1734 1343 1761 hare
1356 1733 1450 1760 dicere
1463 1732 1580 1760 suiiiciet
1597 1740 1604 1759 :
1618 1731 1660 1758 Ad
1671 1735 1701 1758 te

909 1785 978 1818 redi,
994 1787 1075 1819 atque
1091 1783 1124 1810 ad
1138 1790 1185 1810 eos
1201 1782 1296 1814 libros,
1313 1788 1384 1816 quos
1398 1779 1549 1807 familiares
1565 1778 1696 1809 habuisti.

909 1831 937 1858 in
953 1830 1054 1866 quibus
1074 1833 1101 1856 et
1115 1828 1209 1856 multa:
1225 1828 1286 1854 vitae
1303 1831 1377 1858 sunt,
1394 1828 1421 1853 et
1438 1825 1514 1852 ntulti
1531 1824 1594 1851 vita:
1611 1822 1697 1854 modi,
1735 1852 1739 1860 ι

909 1881 936 1904 ct.
948 1877 1039 1903 multa:
1052 1875 1205 1910 voluptates
1219 1878 1245 1901 et
1260 1873 1386 1900 lenitates
1403 1881 1410 1899 :
1423 1871 1501 1899 multi
1518 1878 1591 1902 vero,
1609 1874 1638 1896 ut
1650 1877 1698 1904 par

909 1926 962 1954 est,
985 1921 1090 1949 adversi
1115 1928 1196 1949 casus
1223 1924 1250 1947 et
1266 1919 1442 1955 asperitates.
1460 1917 1534 1945 Deus
1551 1917 1624 1945 enim
1639 1916 1698 1943 haec

909 1968 962 1995 alia
979 1967 1042 1995 aliis
1057 1967 1143 1994 nectit
1159 1975 1165 1993 :
1181 1966 1216 1994 ob
1238 1965 1265 1993 id
1287 1965 1404 1997 scilicet,
1419 1971 1482 1992 meo
1497 1963 1609 1999 quidem
1621 1961 1698 1997 judi-

909 2015 962 2046 cio,
978 2018 1007 2041 ut
1028 2021 1079 2040 nec
1094 2019 1197 2040 mceror
1209 2011 1344 2039 medicina
1356 2013 1462 2042 careat,
1478 2017 1528 2037 nec
1545 2009 1639 2036 laetitia
1651 2016 1699 2036 ex-

910 2069 972 2096 pers
986 2059 1139 2095 disciplina:
1151 2059 1186 2086 sit
1199 2066 1206 2091 ;
1225 2061 1317 2093 atque,
1335 2060 1365 2084 ut
1380 2055 1593 2084 inconstantiam
1610 2058 1637 2081 et
1649 2061 1698 2081 vas

910 2107 1046 2139 rietatem,
1069 2113 1130 2140 qua;
1152 2105 1178 2131 in
1203 2104 1247 2131 his
1272 2103 1353 2131 rebus
1382 2107 1423 2130 est
1438 2121 1446 2134 ,
1469 2101 1697 2136 contemplantes,

910 2151 1006 2179 oculos
1031 2150 1060 2177 in
1081 2157 1143 2177 eum
1162 2149 1353 2183 conjiciamus.
1377 2147 1441 2174 Haec
1464 2147 1548 2181 igitur
1568 2149 1697 2181 tanquam

910 2203 1035 2224 normam
1054 2202 1085 2222 ac
1099 2194 1231 2230 regulare,
1251 2197 1297 2220 tuo
1311 2192 1399 2220 dolori
1416 2191 1606 2220 admovemus.
1620 2191 1659 2218 Ac
1674 2190 1698 2218 si

911 2321 1011 2348 stantia
1033 2327 1065 2347 ac
1086 2319 1211 2355 ﬁrmitate
1224 2318 1359 2353 praditos.
1376 2317 1444 2346 Cod.
1466 2316 1531 2353 Reg.
1551 2315 1699 2352 φιλοσοφώ-

910 2363 1002 2451 fligi}
1024 2389 1304 2433 Ἀτθρωπινώτεροπ
1329 2388 1397 2416 Cod.
1430 2387 1497 2423 Reg.
1523 2390 1550 2414 et
1574 2385 1696 2414 Cotnbel‘.

930 2436 943 2451 v
963 2433 1164 2451 οωπικωτεοον.

946 2433 959 2451 υ
980 2433 1164 2460 ωπικωτερον.

946 2435 1001 2498 (88)
1018 2460 1072 2488 Καὶ
1090 2460 1258 2498 λειότητεςη
1280 2457 1401 2498 Μοιιιτμκξἒ
1423 2461 1450 2485 et
1475 2456 1569 2484 Morel.
1593 2456 1641 2482 καὶ
1654 2464 1697 2498 τε·

911 2492 1058 2531 λειότήτες,
1072 2500 1096 2521 et
1111 2502 1220 2531 summa:
1235 2493 1353 2531 uirtutes.
1368 2492 1448 2531 _Mox_
1457 2500 1520 2531 qua:
1540 2495 1698 2531 sequuntur,

911 2526 1023 2558 deeraitt
1042 2531 1069 2557 itt
1085 2530 1151 2556 edit.
1173 2535 1260 2562 usque
1277 2527 1310 2555 ad
1325 2527 1420 2554 πλέκει
1435 2526 1547 2562 δέζῗὸθᾱ
1568 2535 1599 2554 ea
1617 2526 1702 2553 nobis

911 2566 1039 2608 exhibent
1053 2564 1134 2592 codd.
1146 2561 1225 2599 Reg.,
1240 2562 1305 2596 15.3,
1320 2562 1451 2596 Montac.,
1465 2561 1558 2589 Morel.
1574 2566 1600 2589 et
1614 2562 1696 2588 Coni-

911 2601 1222 2671 ὺὲέξθῗθὴροσάγομετ.
1241 2633 1281 2671 Ita
1297 2632 1358 2671 cod.
1369 2636 1406 2671 _et
1429 2632 1462 2660 ll.
1478 2640 1510 2659 ac
1524 2609 1646 2659 coluber.
1667 2631 1696 2657 In

910 2667 976 2698 edit.
993 2667 1134 2706 ’προσάγωζ
1150 2667 1218 2706 ibid.
1231 2667 1270 2702 τῷ
1284 2668 1415 2706 abundat.

950 2707 1005 2741 (70)
1020 2700 1268 2739 'Karopatbaartd.
1281 2702 1404 2730 Combel.
1421 2712 1428 2730 :
1441 2702 1547 2738 Aliquid
1560 2701 1628 2737 quod
1644 2700 1697 2728 uir-

914 2743 977 2769 tutis
998 2746 1036 2768 est
1055 2741 1216 2769 prwstitisse.

950 2777 1004 2811 (71)
1018 2770 1149 2808 Πένθους
1159 2775 1303 2811 ἀπόλαυε.
1322 2772 1350 2800 in
1364 2773 1428 2802 edit.
1442 2772 1550 2804 πείθους
1565 2770 1696 2800 ἀπόλαϐε..

913 2809 980 2841 Cod.
994 2812 1023 2840 Β.
1038 2813 1066 2846 5,
1086 2811 1193 2842 πειθοῦς
1208 2809 1349 2839 armatum,

910 2427 943 2453 ἀν
