1931 3056
260 146 310 174 291

295 201 361 235 Quae
377 205 466 229 autem
483 205 524 229 est
535 200 594 229 hate
610 205 714 228 natura:
730 200 875 236 aptitudo?
892 201 927 229 Ut
939 202 1048 237 quidem
1064 203 1087 231 Α

261 248 320 284 ipse
331 254 357 275 te
373 247 523 282 spectando
538 246 730 278 animadverti,
747 247 865 281 primum
878 247 941 274 vita:
952 251 979 274 et
993 254 1050 272 mo-

260 301 321 321 rum
341 294 527 327 tranquillitas
543 297 626 328 atque
643 292 818 326 simplicitas,
839 291 1002 326 animusque
1017 290 1050 317 ad

258 343 312 367 has
327 340 389 367 vitae
412 339 522 366 fraudes
545 343 573 366 et
598 338 765 373 imposturas
788 345 885 373 parum
908 337 1050 372 appositus

260 389 289 413 et
314 386 438 413 idoneus.
459 385 528 412 Tum
550 385 615 420 quia
632 384 773 419 praestanti
788 391 818 410 es
841 383 924 410 animi
948 383 1049 414 indole,

260 435 407 466 menteque
420 431 472 458 alta
487 435 514 458 et
529 434 631 461 erecta,
649 435 731 464 atque
748 429 780 456 ad
793 429 1049 464 contemplationem

261 478 313 505 levi
333 483 359 504 et
374 478 511 512 expedita.
530 477 588 503 Huc
602 476 707 503 accedit
725 476 846 503 adversae
863 483 929 503 cura
945 475 1050 502 valetu-

260 525 344 556 dinis,
362 530 389 552 et
404 525 530 559 corporis
550 523 714 550 infirmitas:
734 530 796 549 nam
810 523 862 549 hoc
875 529 982 557 quoque
995 529 1048 548 non

260 571 318 598 leve
336 571 368 597 ad
385 570 585 606 philosophiam
601 569 708 604 pondus
721 568 821 595 habere
835 567 943 594 Platoni
959 567 1048 593 visum

259 620 311 644 est.
327 616 399 650 Quin
421 617 503 644 etiam
525 623 555 642 es
577 619 668 646 aetate,
684 619 713 642 ut
729 614 785 648 jam
807 613 889 640 animi
908 613 1049 648 perturba-

260 663 349 689 tiones
365 662 549 689 inflectantur.
568 662 620 688 Nec
638 668 701 688 vero
715 663 875 694 paupertate
892 663 945 685 tam
961 657 1048 692 frangi

260 709 325 735 mihi
343 707 455 740 videris,
473 715 554 743 quam
571 706 692 742 gloriari.
713 706 771 731 .lam
793 705 866 740 quod
886 704 1048 731 erubescere

260 754 325 785 scis,
346 754 372 781 in
388 762 420 781 eo
443 761 498 780 non
521 753 663 779 rhetorum
682 759 785 778 morem
805 750 900 777 refers.
926 748 979 776 Sed
1001 756 1048 775 ne-

259 808 311 835 que
327 800 443 826 Scelesta
458 799 506 826 tibi
526 799 617 833 lingua
631 801 686 829 est,
704 804 755 824 nec
776 796 865 823 malus
880 795 992 822 effectus
1006 802 1046 827 es,

259 855 309 874 nec
325 847 562 873 circumforaneus
581 854 621 876 es.
641 852 692 872 nec
707 845 834 879 denique,
851 847 881 870 ut
902 851 957 870 rem
981 851 1047 878 pau-

258 893 301 921 cis
326 892 504 927 complectar,
532 891 681 926 quidquam
709 896 803 916 eorum
832 888 926 921 habes,
949 885 1085 922 quibusB

258 938 395 966 forensem
407 937 545 964 hominem
558 935 731 964 Democritus
741 935 817 970 ﬁngit
827 939 909 969 atque
924 934 1045 967 instruit,

258 985 301 1012 Vir
318 984 425 1012 scilicet
443 982 585 1018 popularis
607 981 815 1017 gubernationis
832 980 927 1016 peritia
942 980 1047 1007 Aristo-

258 1030 348 1065 phane
364 1028 463 1064 potior.
483 1027 582 1055 Verum
599 1035 663 1054 cum
681 1026 775 1053 rhetor
800 1025 917 1057 voceris,
939 1024 1047 1061 quidvis

258 1081 349 1104 tamen
374 1075 477 1111 potius,
501 1081 583 1109 quam
607 1072 698 1108 quoad
721 1079 812 1100 mores
837 1072 945 1104 attinet,
976 1071 1047 1098 inter

258 1124 381 1151 rhetores
400 1121 533 1150 censeris.
560 1119 697 1153 Quocirca
720 1119 777 1146 noli
806 1118 832 1146 id
855 1118 1043 1153 philosophiae,

258 1169 331 1204 quod
345 1169 401 1204 jam
419 1166 560 1202 accepisti,
573 1166 719 1201 projicere,
738 1172 789 1192 nec
805 1164 941 1192 secundas
953 1164 1044 1199 potius

900 145 928 173 ὃ,
950 143 1115 172 GREGORII
1135 143 1309 171 THEOLOGI

1841 148 1901 175 292

1143 200 1222 227 Ἀλλὰ
1237 202 1277 232 τίς
1291 199 1494 236 ἐπιτηδειότης;
1511 201 1549 233 ὡς
1565 201 1628 236 γοῦν
1643 202 1706 238 ἐμοὶ
1718 203 1899 239 θεωρήσαντι

1101 246 1252 282 κατεφάνη,
1276 246 1383 282 πρῶτον
1401 246 1450 282 μὲν
1475 247 1489 273 ὁ
1512 247 1613 281 τρόπος
1630 249 1677 275 καὶ
1699 249 1730 275 τὸ
1756 250 1815 284 (72)
1844 251 1898 277 τοῦ

1100 291 1182 327 ἤθους
1200 292 1316 327 γαληνόν
1341 300 1371 319 τε
1394 293 1441 319 καὶ
1463 293 1584 328 ἄτεχνον,
1600 293 1648 320 καὶ
1668 294 1736 330 πρὸς
1763 295 1815 327 τὰς
1844 296 1898 323 τοῦ

1101 339 1160 374 βίου
1186 340 1305 375 στροφὰς
1322 339 1423 372 ταύτας
1440 340 1636 376 ἀνεπιτήδειον.
1655 341 1771 369 Ἔπειτα
1787 343 1820 369 τὸ
1843 343 1898 378 τῆς

1099 385 1188 420 ψυχῆς
1204 386 1303 420 εὐφυὲς
1320 386 1366 412 καὶ
1384 385 1503 420 ὑψίνουν,
1526 387 1573 414 καὶ
1591 387 1661 422 πρὸς
1675 387 1792 423 Θεωρίαν
1811 389 1898 415 εὐκί-

1100 440 1190 466 νητον.
1207 431 1303 467 Τρίτον
1319 432 1335 467 ἡ
1353 432 1499 467 νοσοκομία
1510 432 1578 467 (75),
1593 433 1640 459 καὶ
1655 432 1686 459 τὸ
1701 433 1747 460 τοῦ
1762 433 1897 470 σώματος

1099 477 1228 509 ἀσθενές·
1246 477 1338 512 ἐπειδὴ
1355 478 1401 504 καὶ
1418 477 1496 504 τοῦτο
1510 478 1540 504 οὐ
1558 478 1656 514 μικρὸν
1669 479 1709 511 εἰς
1726 479 1896 514 φιλοσοφίαν

1100 521 1168 550 εἶναι
1190 523 1264 550 δοκεῖ
1278 523 1316 558 τῷ
1332 523 1455 550 Πλάτωνι
1476 523 1543 558 (74).
1560 524 1614 550 Καὶ
1630 525 1684 560 μὴν
1709 525 1756 551 καὶ
1779 526 1896 560 ἡλικίας

1099 568 1186 600 οὕτως
1202 568 1285 604 ἔχεις,
1308 569 1346 600 ὡς
1366 568 1415 604 ἤδη
1430 569 1464 595 τὰ
1489 569 1560 605 πάθη
1588 569 1726 596 κλίνεσοαι
1743 571 1810 605 (75).
1836 572 1896 598 Καὶ

1099 616 1132 650 τῇ
1150 615 1229 650 πενίᾳ
1242 615 1272 641 οὐ
1288 614 1438 642 κάπτεσθαί
1456 623 1501 650 μοι
1517 615 1604 647 δοκεῖς
1630 616 1729 651 μᾶλλον
1745 616 1761 652 ἢ
1780 617 1891 644 καλλω-

1099 660 1235 693 πίζεσθαι.
1255 660 1291 687 Τό
1311 669 1340 687 τε
1357 660 1532 696 αἰσχύνεσθαι
1549 661 1658 693 ειδέναι,
1673 663 1703 689 οὐ
1719 663 1791 690 κατὰ
1807 664 1896 700 ῥήτο-

1100 716 1160 742 ρας.
1183 707 1251 733 Ἀλλ’
1267 706 1326 733 οὐδὲ
1343 707 1418 742 φωνὴ
1438 707 1524 743 μιαρά
1544 716 1594 740 σοι,
1618 708 1678 735 οὐδὲ
1700 710 1814 744 γέγονας
1837 719 1894 737 κα-

1099 752 1146 783 κὺς
1164 752 1230 787 (76),
1256 751 1316 778 οὐδὲ
1343 753 1472 787 ἀγοραῖος
1494 750 1529 784 εἷ,
1545 753 1605 780 οὐδέ
1626 762 1653 780 τι
1679 755 1735 781 τῶν
1758 755 1894 782 τοιούτων

1098 797 1180 832 ἔχεις,
1206 797 1239 823 ἵν’
1254 796 1323 823 εἴπω
1341 798 1491 833 συντόμως,
1507 795 1548 830 οἷς
1570 799 1681 826 πλάττει
1697 801 1742 827 τὸν
1758 803 1894 837 ἀγοραῖον

1099 843 1267 879 Δημόκριτος
1284 843 1298 869 ὁ
1315 844 1447 878 κρείττων
1471 845 1511 876 είς
1525 845 1703 880 δημαγωγίαν
1726 848 1893 882 Ἀριστοφά-

1100 897 1163 920 νους
1178 889 1245 923 (77).
1268 889 1348 916 Ἀλλὰ
1365 890 1457 926 ῥήτωρ
1474 891 1651 926 καλούμενος,
1675 892 1762 919 πάντα
1787 894 1892 928 πρότε-

1101 943 1147 970 ρον
1161 934 1177 970 ἢ
1196 934 1265 961 κατὰ
1277 934 1307 961 τὸ
1324 932 1389 970 ἦθος
1400 935 1485 968 τελεῖς
1500 937 1539 968 εὶς
1555 937 1673 973 ῥήτορας
1688 938 1754 973 (78).
1771 939 1818 974 Μὴ
1833 939 1892 966 τοί-

1099 990 1147 1008 νυν
1163 980 1279 1016 θελήσῃς
1298 981 1429 1016 προέσθαι
1441 983 1490 1018 τῆς
1507 983 1664 1018 φιλοσοφίας
1682 985 1743 1012 ὅσον
1758 987 1893 1021 προείλη-

1100 1035 1163 1062 φας,
1179 1027 1247 1061 μηδὲ
1263 1026 1298 1053 τὰ
1323 1027 1438 1069 δειξτερα
1455 1027 1520 1064 ἔχῃς
1537 1029 1593 1063 (79)
1619 1031 1647 1056 ὲν
1669 1032 1726 1063 τοῖς
1747 1032 1892 1068 δευτέροις

1102 1071 1201 1108 μᾶλλον
1215 1072 1231 1108 ἢ
1248 1071 1281 1098 τὰ
1300 1072 1397 1108 πρῶτα
1412 1073 1441 1099 ἐν
1454 1075 1510 1105 τοῖς
1528 1076 1674 1110 μεγίστοις.
1693 1078 1725 1103 Et
1740 1077 1768 1104 δὲ
1786 1079 1834 1104 καὶ
1853 1078 1892 1105 τὰ

1100 1117 1195 1154 πρῶτα
1208 1117 1261 1144 τῶν
1279 1117 1396 1144 ἐνταῦθα
1417 1118 1539 1154 δοίημεν,
1560 1122 1596 1156 μὴ
1612 1122 1717 1158 ἀνάσχῃ
1732 1123 1891 1159 ἀριστεύειν

1097 1164 1127 1190 ἐν
1142 1163 1256 1195 κολοιοῖς
1273 1162 1340 1198 (80),
1358 1163 1436 1195 ἀετὸς
1451 1162 1519 1191 εἶναι
1536 1165 1692 1202 δυνάμενος.

259 1215 287 1242 in
309 1214 439 1243 secundis
460 1214 552 1246 rebus,
581 1220 662 1248 quam
683 1213 786 1247 primas
810 1212 836 1238 in
867 1211 993 1238 maximis
1017 1210 1129 1238 habeas.
1159 1211 1247 1245 Atque
1282 1210 1312 1237 ut
1333 1211 1414 1238 etiam
1441 1212 1544 1246 primas
1572 1213 1733 1249 eloquentia:
1765 1215 1813 1242 tibi
1840 1215 1893 1242 de-

258 1269 332 1293 mus,
356 1267 391 1288 ne
413 1259 550 1288 sustineas
574 1260 645 1285 inter
670 1257 798 1294 graculos
822 1257 967 1290 excellere,
985 1264 1048 1284 cum
1066 1257 1158 1292 aquila
1173 1264 1234 1284 esse
1249 1257 1349 1291 possis.

295 1321 374 1358 147
393 1320 542 1356 Quousque
555 1319 590 1348 ob
605 1328 649 1348 res
669 1328 768 1356 parvas
782 1320 914 1355 humique
935 1324 1046 1356 reptan-

257 1372 300 1395 tes
314 1367 452 1398 inﬂantur,
470 1370 552 1402 atque
572 1366 644 1394 inter
660 1366 879 1394 adolescentulos
896 1371 920 1394 et
939 1366 1046 1393 fabulas

258 1414 390 1445 ludimus,
413 1416 441 1440 et
459 1420 474 1440 a
489 1412 632 1447 plausibus
657 1412 684 1439 in
703 1412 789 1440 altum
806 1411 976 1439 attollimur?
997 1411 1047 1438 Mi-

258 1467 368 1495 gremus
387 1458 462 1490 hinc,
477 1458 529 1484 viri
551 1457 711 1489 efficiantur,
735 1457 843 1485 somnia
859 1457 1045 1492 projiciamus,

259 1505 372 1532 umbras
401 1507 611 1539 praetereamus,
643 1502 705 1530 aliis
734 1502 798 1530 vita:
830 1502 1046 1534 oblectamenta,

258 1551 375 1585 plusque
395 1549 499 1577 doloris
521 1556 603 1584 quam
625 1548 774 1583 voluptatis
805 1548 944 1582 habentia,
964 1549 1047 1576 relin-

258 1603 385 1632 quamus.
407 1595 482 1623 Alios
505 1599 654 1630 occupatos
677 1598 800 1627 teneant,
827 1595 942 1630 jactent,
959 1594 1049 1622 ludifi-

259 1645 356 1670 centur
372 1641 484 1673 invidia,
500 1645 527 1669 et
545 1645 664 1675 tempus.
682 1644 709 1668 et
727 1640 849 1668 fortuna.
871 1641 950 1674 Quod
973 1641 1048 1668 scili-

259 1692 302 1716 cet
331 1695 422 1715 rerum
448 1687 629 1714 humanarum
655 1687 871 1714 inconstantiam
897 1687 1047 1722 appellant,

259 1735 368 1762 valeant
382 1734 484 1768 throni,
508 1734 692 1769 principatus,
709 1741 787 1769 opes.
805 1733 976 1768 splendores,
992 1734 1048 1761 ela-

259 1781 360 1813 tiones,
386 1788 478 1813 casus,
505 1779 568 1807 vilis
592 1780 650 1807 haec
675 1785 700 1807 et
725 1780 905 1815 despicabilis
924 1780 1048 1815 gloriola,

295 1869 352 1904 (72)
376 1870 403 1896 Ὀ
418 1870 527 1904 τρόπος
542 1869 589 1896 καὶ
608 1870 651 1896 τό.
669 1869 706 1896 lla
723 1869 785 1896 cod.
803 1867 859 1904 Reg
882 1873 909 1896 et
923 1869 1045 1897 Combef.

259 1904 288 1932 In
303 1905 370 1932 edit.
387 1906 402 1932 ὁ
414 1905 514 1939 τρόπος
524 1906 582 1931 ἐστὶ
597 1905 645 1931 καὶ
657 1904 696 1930 τό.

306 1940 351 1972 75)
375 1940 408 1967 Ἡ
429 1940 604 1974 νοσοκομία.
621 1939 683 1966 Bill.
702 1949 708 1966 :
727 1939 845 1966 Adversa
860 1939 993 1966 valetudo.

307 1976 350 2010 74)
371 1975 457 2002 Δοκεῖ
474 1975 514 2008 τῷ
529 1973 672 2002 Πλάτωνι.
688 1973 726 2001 Ita
744 1974 863 2001 Montac.
883 1979 909 2001 et
924 1974 1046 2009 Combef.

260 2011 289 2038 ln
300 2009 368 2038 edit.
387 2011 417 2037 τὸ
432 2010 566 2041 Πλάτωνι,
584 2009 692 2036 Plutoni
706 2010 789 2036 visum
800 2015 857 2041 est;
873 2017 905 2036 ac
922 2009 1047 2044 proinde,

261 2047 300 2073 ait
319 2046 393 2078 Bill.,
413 2046 586 2074 Academiam
603 2045 770 2072 insalubrem
780 2045 876 2072 Atticm
889 2045 978 2072 locum
993 2046 1049 2072 ele-

260 2082 333 2116 gisse
353 2081 470 2112 dicitur,
498 2084 527 2107 ut
553 2080 635 2107 niniis
660 2080 748 2116 bonus
772 2081 898 2114 corporis
924 2080 1047 2116 habitus,

261 2114 390 2151 tanquam
416 2116 501 2143 nimia
530 2116 593 2142 vitis
614 2115 736 2143 luxuries
762 2119 959 2148 amputaretur.
981 2114 1049 2143 Vide

260 2150 384 2178 Ficinum
406 2151 433 2178 in
451 2150 512 2185 ejus
533 2151 603 2178 Vita.

296 2187 352 2221 (75)
384 2186 423 2213 Τὰ
447 2184 526 2219 πάθη
552 2186 721 2214 κλίνεσθαι.
749 2185 872 2214 Combef.
897 2194 904 2212 :
930 2184 963 2211 Ut
988 2185 1046 2219 jam

1134 1321 1223 1357 Μέχρι
1247 1321 1319 1353 τίνος
1346 1320 1495 1356 φυσώμεθα
1519 1321 1575 1352 τοῖς
1592 1320 1698 1356 μικροῖς
1721 1321 1768 1347 καὶ
1797 1321 1890 1356 χαμαὶ

1100 1368 1266 1403 ἐρχομένοις,
1283 1367 1330 1394 καὶ
1351 1367 1482 1402 παίζομεν
1500 1367 1530 1393 ὲν
1546 1366 1734 1402 μειρακίσκοις
1750 1369 1797 1393 καὶ
1818 1366 1888 1394 πλά-

1101 1421 1195 1448 σμασι,
1210 1413 1257 1439 κα).
1279 1413 1332 1439 ὑπὸ
1346 1413 1400 1439 τῶν
1417 1413 1522 1448 κρότων
1547 1412 1698 1448 αἱρόμεϐας
1713 1412 1888 1448 Μεταϐῶμεν

1101 1457 1236 1490 ἐντεῦθεν,
1261 1458 1357 1494 ἄνδρες
1380 1457 1533 1493 γενώμεθα,
1552 1458 1673 1493 ῥίψωμεν
1695 1458 1730 1485 τὰ
1746 1458 1886 1494 ὀνείρατα,

1101 1503 1324 1539 παραδράμωμεν
1346 1504 1396 1535 τὰς
1412 1503 1501 1536 σκιὰς,
1517 1504 1608 1535 ἄλλοις
1623 1503 1754 1540 παρῶμεν
1766 1504 1801 1531 τὰ
1823 1514 1889 1540 τερ-

1100 1549 1154 1575 πνὰ
1169 1549 1216 1575 τοῦ
1236 1549 1304 1584 βίου,
1320 1549 1367 1576 καὶ
1380 1549 1461 1576 πλέον
1479 1549 1604 1585 ὀδυνηρά.
1628 1550 1740 1582 ’Ἄλλους
1755 1559 1888 1586 πραγμα-

1072 1618 1074 1623 .
1099 1596 1200 1622 τευέτω
1220 1595 1285 1631 (81),
1302 1595 1348 1622 καὶ
1367 1596 1595 1631 μεταρριπτείτω,
1613 1596 1660 1622 καὶ
1674 1595 1804 1628 παιζέτω,
1822 1597 1889 1631 (ροὸ-

1099 1650 1155 1674 νος,
1171 1641 1218 1668 καὶ
1234 1641 1338 1677 χρόνος,
1358 1643 1406 1668 καὶ
1421 1641 1503 1677 τύχη.
1523 1643 1555 1668 Ὂ
1575 1642 1608 1677 δή
1630 1650 1695 1677 φατι
1712 1642 1766 1669 τῶν
1783 1643 1887 1678 ἀνθρω-

1100 1689 1185 1716 πίνων
1211 1689 1241 1716 τὺ
1264 1690 1381 1717 ἄστατον
1397 1690 1445 1716 καὶ
1470 1689 1612 1725 ἀνώμαλον
1636 1690 1703 1726 (82),
1729 1690 1886 1726 ὲρῤέτωσαν

1099 1734 1113 1761 0
1118 1736 1198 1770 ρονοι.
1205 1735 1368 1766 δυναστείαι,
1377 1734 1497 1766 πλοῦτοι,
1511 1735 1712 1771 λαμπρότητες,
1726 1736 1887 1772 ἐπάρματα,

1099 1779 1244 1815 πτώματα,
1254 1779 1283 1806 τὸ
1290 1780 1396 1812 εὐτελὲς
1407 1780 1483 1807 τοῦτο
1490 1779 1612 1816 δοξάριον
1620 1781 1666 1808 καὶ
1675 1781 1856 1815 ἀπόπτυστον,
1864 1780 1888 1816 ᾧ

1099 1868 1257 1903 Gregorius.
1280 1868 1308 1895 In
1325 1868 1390 1896 edit.
1409 1867 1450 1901 οἷς
1468 1868 1578 1895 πλάττει
1593 1868 1639 1894 τὸν
1655 1869 1783 1903 ἀγοραιον
1796 1869 1887 1900 Δημό-

1099 1912 1190 1939 κριτον
1214 1904 1254 1935 είς
1275 1903 1453 1939 δημαγωγίαν
1480 1903 1686 1939 Ἀριστοφάνης,
1709 1905 1782 1938 quod
1797 1903 1857 1930 Bill.
1877 1914 1884 1931 :

1099 1938 1200 1970 Quibus
1214 1939 1403 1972 Aris'oplmues
1415 1938 1545 1973 forensem
1561 1939 1637 1965 illum
1655 1939 1832 1966 Democritum
1849 1939 1886 1966 ad

1097 1974 1250 2008 popularem
1268 1974 1482 2007 gubernationem
1501 1974 1576 2008 ﬁngit
1599 1978 1675 2008 atque
1693 1974 1811 2001 instruit.

1134 2009 1189 2044 (78)
1212 2008 1310 2046 Τελεῖς
1328 2010 1372 2042 εὶς
1381 2009 1523 2046 ῥήτορας.
1540 2008 1674 2046 Rhetores
1691 2010 1763 2036 enim
1778 2010 1884 2046 antiqui

1098 2044 1307 2072 obtrectationis
1335 2049 1362 2071 et
1393 2044 1591 2079 maledicentia:
1620 2045 1687 2072 vitio
1721 2052 1819 2079 magna
1846 2044 1886 2074 ex

1098 2085 1175 2115 parte
1199 2079 1369 2115 laborabant.
1385 2078 1448 2106 llzec
1471 2078 1532 2106 Bill.

1098 2113 1190 2176 ὲνὲῗνςῗ)
1211 2114 1252 2141 Τὰ
1275 2113 1400 2148 δεύτερα
1417 2115 1502 2149 ἔχῃς.
1527 2114 1593 2142 Cod.
1620 2114 1683 2142 Par.
1710 2118 1737 2142 et
1759 2115 1883 2144 Combef.

1130 2159 1179 2176 ειν.

1112 2159 1189 2219 χῗὲδ)
1222 2184 1402 2220 Ἆριστεύεικ
1428 2184 1463 2211 ἐν
1486 2184 1626 2218 κολοιοῖς.
1658 2183 1716 2212 Hoc
1739 2185 1884 2220 proverbio

259 2218 470 2257 perturbationes
494 2226 571 2257 atque
597 2221 668 2257 vitia
688 2221 814 2256 fatiscant
840 2218 1044 2257 et__concidiznt.
1062 2218 1293 2257 Dadmonemur,
1321 2220 1360 2257 ait
1391 2219 1473 2257 Bill.,
1509 2224 1638 2257 prmstare
1667 2218 1747 2247 inter‘
1765 2220 1883 2257 optimos

261 2257 332 2288 Mox,
349 2264 397 2291 pro
413 2255 574 2287 κάπτεσοαι,
593 2255 719 2286 morderi.
739 2257 829 2284 reddit
845 2255 904 2282 Bill.
921 2256 1045 2291 κάμπτε-

261 2290 459 2354 ἒῗαμὸιζῖὖιέιιῃη
477 2291 572 2326 sicque
589 2291 737 2326 legendum
758 2295 915 2328 proponunt
928 2290 1046 2318 Montac.

260 2332 288 2355 et
305 2327 428 2354 Combef.

297 2362 352 2397 (76)
371 2361 452 2397 οὐδὲ
475 2360 601 2397 γέγονας
623 2362 726 2394 κακός.
752 2361 788 2389 Ita
819 2361 881 2389 cod.
907 2360 988 2393 2022,
1015 2368 1047 2388 ac

260 2396 384 2425 Combef.
397 2398 470 2424 Alias
479 2396 581 2428 κακῶς,
591 2405 636 2422 nec
647 2396 725 2423 mala:
737 2397 834 2424 indolis
847 2398 924 2423 homo
932 2404 977 2428 es;
994 2397 1045 2428 vel,

260 2432 328 2459 male
352 2437 431 2460 natus
448 2440 486 2459 es.
500 2431 561 2458 Bill.
581 2441 587 2457 :
607 2430 662 2458 Nec
680 2433 750 2459 male
768 2433 855 2466 [actus
877 2441 912 2458 es.
932 2431 959 2458 In
980 2433 1045 2459 edit.

258 2468 320 2495 οὐδὲ
335 2467 450 2501 γέγονας
467 2466 569 2498 κακῶς,
592 2472 619 2493 at
636 2466 705 2494 forte
723 2468 864 2501 legendum
882 2467 942 2493 οὐδὲ
958 2467 1047 2502 γέγω-

259 2512 308 2534 va;
321 2503 425 2534 κακῶς,
441 2510 521 2536 neque
539 2502 640 2528 clamas
659 2502 833 2536 impudenter,
850 2509 926 2529 more
940 2503 1046 2530 scilicet

259 2539 440 2573 quorumdam
461 2537 696 2572 philosophorum.

295 2573 351 2609 (_'l't')
380 2573 559 2609 Δημόκριτος
584 2574 600 2599 ό
625 2574 765 2609 κρείττων
788 2574 829 2605 εἲς
854 2572 1046 2609 δημαγωγίαν

265 2607 505 2642 Ἀριστοφάνους.
525 2609 564 2634 Ita
594 2608 655 2635 cod.
676 2608 708 2634 lt.
730 2616 762 2635 ac
784 2608 906 2634 Combef.
922 2607 990 2642 Huic
1008 2609 1046 2634 le-

259 2641 344 2671 ctioni
359 2641 430 2670 favet
442 2643 515 2677 quod
524 2643 557 2669 de
568 2642 723 2670 Democrito
740 2643 835 2670 scribit
850 2642 951 2670 Suidas
963 2652 968 2668 :
978 2641 1044 2678 ἦρξε

258 2679 288 2706 δὲ
311 2680 339 2704 ὲν
367 2678 524 2714 ’Δὸδήροιςι
537 2677 580 2704 διὰ
601 2677 650 2714 τὴν
675 2678 771 2704 ἑαυτοῦ
797 2678 891 2714 σοφίαν
907 2677 1043 2712 τιμηθείς,

258 2698 366 2748 {miritis
374 2698 614 2740 ’ἓῗλῑῖιῗέίιᾶὶῖιηὶ
621 2698 785 2747 Ἱὲείῇἱῐὶὶὶίν
797 2698 875 2748 ζ’ᾧὶἶ
882 2698 1044 2747 ὶιοῖἱῖβᾷἷνῖὶ

258 2747 315 2783 pter
330 2749 411 2783 ipsius
428 2749 588 2783 sapientiam
610 2748 717 2775 habitus
742 2749 804 2782 fuit.
829 2748 882 2780 Qui
902 2747 985 2774 etiam
1001 2756 1046 2775 re-

259 2783 335 2818 spuit
357 2784 499 2815 Athenas,
528 2784 739 2819 cognominatus
768 2783 820 2810 fuit
845 2783 990 2818 sapientia,
1016 2788 1045 2810 et

259 2819 443 2846 clarissimum
471 2819 542 2846 inter
566 2818 749 2853 philosophos
774 2826 872 2845 nomen
899 2819 1042 2845 obtinuit:

259 2861 322 2881 eum
338 2855 429 2889 itaque
449 2854 548 2882 merito
569 2853 747 2889 Aristophani
772 2853 878 2881 comico
903 2853 1044 2888 anteponit

1098 2260 1126 2282 et
1153 2255 1398 2290 praestantissimos
1432 2255 1506 2283 viros
1541 2256 1761 2290 qualemcunque
1793 2256 1882 2283 locum

1098 2294 1192 2318 tenere
1211 2298 1292 2324 quam
1322 2290 1447 2327 primunt
1462 2291 1532 2327 inter
1559 2290 1682 2327 perditos
1707 2296 1734 2317 et
1758 2290 1884 2327 profliga-

1098 2329 1140 2353 tos
1164 2335 1170 2353 :
1195 2330 1290 2352 contra
1324 2333 1405 2360 quam
1431 2325 1465 2352 de
1493 2325 1602 2353 Caisare
1635 2326 1749 2360 legitur,
1783 2325 1883 2360 qui‘in

1098 2368 1182 2396 parvo
1201 2360 1317 2396 quodam
1337 2365 1364 2387 ct
1381 2360 1493 2394 ignobili
1508 2361 1607 2395 oppido
1629 2362 1734 2395 primus
1753 2368 1812 2388 esse
1826 2369 1884 2388 ma-

1099 2396 1180 2428 lebat,
1197 2403 1278 2430 quam
1296 2395 1389 2422 Bonna:
1406 2396 1554 2423 secundus.
1574 2396 1626 2422 Sed
1641 2396 1764 2430 profccro
1778 2400 1807 2423 ut
1818 2396 1882 2423 olim

1100 2429 1321 2458 Crotoniatarum
1346 2434 1502 2465 postremus
1526 2429 1694 2465 reliquorum
1727 2429 1882 2458 Gmcorum

1099 2467 1203 2500 primus
1221 2473 1281 2494 esse
1296 2466 1449 2497 dicebatur,
1471 2466 1507 2492 ita
1523 2466 1569 2500 qui
1589 2467 1629 2492 vel
1648 2470 1798 2494 extremum
1813 2468 1884 2493 inter

1099 2509 1179 2529 veros
1193 2501 1367 2529 Christianos
1382 2505 1456 2527 tenet
1479 2501 1580 2532 locum,
1596 2501 1677 2528 etiam
1693 2502 1796 2535 optimo
1818 2509 1883 2536 gen-

1098 2537 1149 2568 tili,
1167 2537 1209 2564 vel
1224 2545 1256 2564 eo
1268 2536 1314 2570 qui
1330 2537 1402 2563 inter
1418 2536 1542 2563 homines
1563 2536 1665 2563 mundo
1680 2536 1805 2563 addictos
1821 2545 1883 2571 pro—

1098 2571 1240 2600 batissime
1253 2571 1326 2602 vivit,
1344 2572 1519 2606 praestantior
1538 2572 1692 2599 censendus
1707 2575 1760 2598 est.

1134 2608 1189 2641 (81)
1220 2605 1352 2639 Ἀλλουρ
1369 2606 1608 2641 πραῃιατευέτω.
1633 2606 1699 2633 Cod.
1719 2605 1780 2632 Par.
1802 2610 1829 2641 et
1852 2605 1881 2632 B.

1095 2640 1254 2674 5.75.1101);
1281 2642 1436 2668 πεττευέτω
1462 2643 1509 2668 καὶ
1535 2641 1753 2677 μεταῤῥιπτείτω
1777 2640 1882 2675 φθόνος,

1095 2677 1170 2704 Alios
1186 2677 1355 2711 [adiﬁcantur
1368 2682 1391 2703 ct
1402 2676 1506 2711 jactent
1525 2676 1636 2706 invidia.
1653 2681 1707 2704 etc.

1131 2712 1187 2746 (82)
1211 2713 1245 2738 ‘0
1260 2711 1298 2744 δή
1316 2719 1392 2746 φασι
1413 2711 1472 2738 τῶν
1493 2712 1687 2745 ἀνθρωπίνων
1703 2711 1736 2738 τὸ
1753 2710 1882 2738 ἄστατον

1096 2747 1144 2774 καὶ
1164 2747 1333 2781 ἀνώμαλον.
1347 2748 1416 2783 ραις
1432 2747 1611 2783 sequentibus
1625 2747 1716 2782 aptius
1731 2746 1806 2781 jungi
1823 2753 1882 2773 cre-

1095 2783 1197 2814 dnnus,
1223 2783 1280 2809 haec
1295 2782 1379 2809 verba
1389 2781 1570 2817 ¥Billfrefert
1593 2781 1679 2809 adea
1701 2790 1762 2817 qua:
1785 2789 1879 2817 praue

1095 2818 1175 2849 dunt,
1200 2817 1343 2852 redditque
1359 2825 1367 2844 :
1385 2815 1419 2843 Et
1443 2817 1561 2851 fortuna.
1580 2817 1618 2844 sic
1637 2815 1815 2846 enim—rerum
1834 2816 1869 2842 Itu

1096 2861 1236 2880 "lanarum
1253 2852 1462 2879 inconstantiam
1475 2853 1620 2887 appellant.
