1931 3056
52 160 108 188 395

713 157 878 185 EPISTOLA
899 155 1041 184 CLXXlX.

1631 160 1684 188 ΞΜ

54 216 159 254 μᾶλλον
181 217 319 253 ἀδοξήσειέ
345 226 386 250 τις
408 218 553 254 αίρόμενος
570 217 668 253 (85),ῆ
694 217 841 253 γελώμενος

899 225 931 244 ex
944 225 996 252 qua
1012 217 1073 252 plus
1088 217 1178 252 capiat
1194 216 1338 245 dedecoris
1358 218 1506 253 quispiam.
1525 219 1548 246 si
1562 227 1622 247 eam
1640 228 1685 247 τρ-

51 272 88 291 τα
102 265 152 300 τῆς
175 264 295 300 μεγάλης
319 265 422 300 ταύτης
435 265 538 300 σκηνῆς
552 265 665 299 παίγνια
677 273 706 291 τε
721 265 767 291 καὶ
782 264 845 291 θεα-

52 312 192 346 τρίσματα
234 310 329 345 Ἡμεῖς
351 311 380 335 iis
399 310 446 337 τοῦ
465 310 545 345 λόγου
564 311 782 346 περιδράξωμεν,
798 311 846 336 καὶ

52 356 122 383 θεὸν
135 356 196 384 ἀντὶ
217 356 327 383 πάντων
342 357 414 392 ἔχειν
429 356 565 392 ἑλώμεθα,
587 357 618 383 τὸ
633 356 712 392 μόνον
735 356 845 391 διαρκὲς

51 402 155 436 ἀγαθὸν
168 402 215 428 καὶ
231 402 382 438 ἡμέτερον·
397 403 430 429 ἵν’
445 404 511 438 ἡμῖν
528 403 576 430 καὶ
590 403 621 429 τὸ
632 402 748 429 ἐνταῦθα
771 403 846 429 εὐδο-

53 449 145 483 κιμεῖν
158 448 281 484 γένηται,
301 449 359 480 τοῖς
373 447 413 474 ἔτι
431 449 539 483 μικροῖς
555 447 619 483 (84).
638 447 686 474 καὶ
699 447 778 474 τοῦτο
794 446 844 482 ξη-

51 493 156 526 τοῦσιν,
176 493 192 528 ἢ
215 493 246 520 τὺ
272 492 377 521 ἐκεῖθεν
405 493 530 525 πάντως·
560 493 653 528 ἐπειδὴ
665 493 715 527 τῆς
742 492 845 527 ἀρετῆς

53 537 146 571 ἆθλον,
161 539 227 565 Θεὸν
240 539 368 573 γενέσθαι
386 539 453 575 (85),
468 540 515 566 καὶ
528 539 566 574 τῷ
581 539 757 575 καθαροτάτῳ
776 539 844 574 φωτὶ

51 586 319 622 καταστραπτεσθαι,
338 585 378 620 τῷ
393 586 423 612 ὲν
437 586 469 621 τῇ
486 586 583 620 τρισσῇ
599 585 693 620 μονάδι
709 584 764 619 (86)
781 584 845 610 Θεω-

53 631 187 667 ρουμένῳ,
203 629 237 667 ἧς
258 631 306 658 νῦν
327 631 444 667 μετρίως
459 630 558 666 ἔχομεν
579 630 629 662 τὰς
654 630 750 664 αὐγάς.
771 629 844 665 Πρὸς

50 675 139 702 ταῦτα
153 675 188 702 ret
200 675 266 711 (87),
276 676 416 711 πρόϐαινε⁷
432 674 530 709 πτεροῦ
539 677 571 711 τῇ
579 675 692 711 διανοίᾳ,
704 674 785 702 λαϐοῦ
795 675 844 710 τῆς

51 723 162 749 αἰωνίου
174 722 256 757 ζωῆς,
266 723 389 758 μηδαμοῦ
403 724 469 758 στῇς
479 723 532 749 τῶν
549 723 674 755 ἐλπίδων,
684 723 736 755 ἕως
748 720 778 750 οὖ
787 723 842 757 (88)

52 767 134 803 ἔλθῃς
155 767 201 793 ὲπὶ
222 767 253 793 τὸ
267 768 351 802 ἄκρον
366 768 462 802 ἐφετὸν
474 769 521 795 καὶ
539 769 688 804 μακάριον-
707 770 753 795 καὶ
770 770 842 804 ἡμᾶς

50 812 217 844 ἐπαινέσεις,
231 811 261 840 εὖ
275 811 341 845 οἶδα,
361 813 408 840 νῦν
424 813 473 849 μὲν
484 813 571 848 ὀλίγα,
587 813 677 849 μικρῷ
691 814 718 841 δὲ
732 814 843 850 ὕστερον

51 857 240 895 ἀφθονώτερα,
263 859 375 886 ἐπειδὰν
388 859 447 896 ἴδῃς
469 860 581 887 σεαυτὸν
603 861 632 887 ὲν
644 858 684 892 οἷς
699 860 843 896 ὑπισχνού-

897 267 987 298 portet
1007 266 1089 298 atque
1111 263 1261 298 superbiat,
1281 271 1364 298 quam
1390 265 1414 292 si
1439 265 1553 292 irrideat
1579 274 1686 302 magna!

896 309 980 343 hujus
1009 316 1097 336 scenae
1125 308 1242 341 ludicra,
1273 317 1416 345 nugasque
1440 310 1600 340 theatricas.
1628 311 1684 340 Nos

896 353 1015 382 Verbum
1043 355 1272 390 complectamur,
1299 363 1332 383 ac
1357 364 1406 391 pro
1440 357 1569 385 omnibus
1601 358 1684 386 rebus

896 401 981 429 Deum
1007 401 1108 429 habere
1134 405 1269 436 optemus,
1298 403 1397 433 solum,
1416 402 1538 437 inquam,
1566 411 1685 438 perenne

896 447 963 474 illud
990 447 1091 474 bonum
1115 451 1142 474 et
1157 451 1292 474 nostrum.
1312 448 1353 474 lla
1377 447 1433 480 liet,
1451 452 1481 474 ut
1507 448 1550 475 hie
1574 456 1684 483 quoque

896 493 1069 528 splendorem
1095 500 1287 529 assequamur,
1303 494 1425 529 quandiu
1446 494 1576 521 nimirum
1599 502 1683 529 parvo

895 540 984 567 adhuc
1004 539 1095 567 animo
1120 548 1225 572 sumus,
1253 540 1335 575 idque
1363 541 1528 575 appetimus,
1545 544 1592 567 aut
1607 545 1683 569 certe

895 587 922 613 in
947 585 1040 613 futuro
1061 593 1134 620 aevo;
1157 585 1379 621 quandoquidem
1402 586 1512 614 virtutis
1540 587 1682 621 praemium

895 636 947 664 est,
967 632 1051 660 Deum
1068 632 1138 663 ﬁeri,
1155 640 1186 659 ac
1201 633 1349 668 purissimo
1365 633 1412 660 illo
1423 632 1526 659 lumine
1543 632 1681 663 irradiari.

895 678 966 713 quod
983 679 1009 705 in
1025 679 1096 705 trina
1117 678 1221 706 unitate
1237 679 1437 711 consideratur,
1454 678 1533 712 cujus
1553 685 1625 704 nunc
1638 685 1683 704 ra-

894 725 946 752 diis
963 725 1058 753 leviter
1083 729 1188 752 tantum
1216 725 1436 760 perstringimur.
1460 724 1500 750 Ad
1530 724 1587 751 haec
1613 731 1682 750 con-

897 772 987 804 tende,
1016 772 1192 807 progredere.
1217 772 1309 799 animo
1327 771 1419 802 volita,
1447 770 1529 797 vitam
1551 774 1682 797 mternam

894 819 995 854 arripe,
1012 826 1146 854 nusquam
1164 826 1227 853 spes
1246 824 1306 845 luas
1331 818 1408 849 siste,
1433 824 1576 852 quousque
1599 816 1632 842 ad
1649 816 1682 842 il-

894 865 940 892 lud
958 872 1062 892 summe
1079 865 1257 900 expetendum
1281 868 1307 890 et
1325 864 1433 891 beatum
1456 863 1555 890 bonum
1583 869 1681 896 perve-

52 891 133 939 μεθα,
150 891 248 942 καίμὴ
271 905 354 941 κενὴν
372 891 510 942 μαέαρίαν
524 905 609 933 ταῦτα
630 891 841 943 εὕρισκῃς’(89),

899 910 980 937 neris.
1000 909 1039 936 Ac
1060 891 1126 941 nos:
1138 909 1203 936 mihi
1219 909 1311 940 crede,
1329 907 1463 940 laudabis,
1481 913 1555 934 nunc
1570 906 1680 941 quidem

51 951 122 986 μηδὲ
135 952 255 985 διανοίας
277 952 484 988 ἁναπλασμοὺς,
500 952 568 980 ἀλλὰ
589 953 759 989 πραγμάτων
775 954 842 980 ἀλή-

50 997 137 1024 θειαν.

894 955 1018 990 parcius,
1044 955 1125 990 paulo
1146 959 1208 990 post
1231 959 1322 982 autem
1349 954 1460 981 uberius
1481 957 1508 981 et
1529 952 1680 987 copiosius,

893 1009 991 1036 nempe
1007 1008 1070 1028 cum
1091 1001 1120 1028 in
1142 1008 1175 1028 eo
1195 1008 1287 1028 rerum
1310 1005 1393 1032 statu,
1411 1007 1491 1035 quem
1507 999 1554 1026 tibi
1569 997 1681 1034 pollice-

50 1052 123 1076 mur,
155 1045 273 1080 teipsum
307 1045 497 1081 conspexeris,
515 1053 548 1073 ac
574 1054 629 1074 non
650 1047 760 1075 inanem
793 1047 961 1082 felicitatem,
985 1057 1036 1077 nec
1057 1049 1156 1077 mentis
1184 1048 1321 1085 ﬁgmenta,
1348 1046 1397 1076 sed
1421 1055 1513 1076 rerum
1536 1047 1680 1074 veritatem

49 1088 109 1116 ha-c
123 1097 185 1117 esse
202 1090 350 1119 inveneris.

272 1168 356 1196 Ρυθι.
375 1169 420 1204 το
438 1169 529 1205 arm
549 1169 617 1205 (90).

1152 1165 1290 1194 CLXXIX.
1312 1166 1427 1194 EIDEM.

87 1233 121 1261 In
136 1235 248 1273 epistola
267 1236 318 1273 119
326 1236 372 1273 _sic
390 1236 421 1263 ab
437 1236 548 1273 abrupto
565 1238 657 1272 incipit
670 1237 814 1273 Gregorius
833 1244 841 1263 :
856 1236 926 1273 Quid
945 1234 1003 1262 ais?
1019 1241 1083 1273 num
1101 1237 1126 1260 te
1141 1233 1290 1273 h_is_verhis
1307 1240 1507 1273 permovemus,
1522 1237 1547 1260 el
1564 1233 1682 1261 docendi

48 1267 156 1307 manus:
165 1271 305 1307 depones?
317 1271 383 1303 Qua:
396 1272 474 1298 verba
489 1267 607 1306 apertius
619 1267 673 1299 non
685 1267 794 1307 possunt
813 1267 973 1307 sup’ériinrem
989 1270 1085 1307 referre
1099 1277 1129 1295 ac
1144 1269 1280 1303 designare
1296 1269 1442 1301 epistolam.
1461 1267 1523 1294 Jam
1536 1274 1682 1303 permotum

48 1303 213 1337 Eudoxium,
231 1310 260 1332 ut
276 1306 361 1333 Deum
375 1303 525 1334 arctissinie
541 1303 734 1342 conlplectdtur
748 1303 868 1343 perurget
885 1306 1027 1341 Gregorius

84 1372 117 1398 Τί
135 1373 188 1408 φῇς
201 1381 208 1405 ;
223 1372 352 1409 πείθομέν
369 1383 398 1400 σε
410 1376 467 1406 τοῖς
481 1375 572 1409 λόγοις
593 1374 709 1408 τούτοις,
730 1375 777 1401 καὶ
792 1383 842 1410 με-

46 1415 155 1451 ταθήσῃ
169 1416 224 1452 (91)
239 1417 288 1452 τὴν
305 1418 456 1452 παίδευσιν,
471 1419 519 1445 καὶ
543 1418 602 1455 μεθ’
621 1419 700 1455 ἡμῶν
719 1419 842 1455 ταχθήσῃ

46 1460 103 1487 τῶν
120 1462 185 1488 ποτὲ
201 1461 272 1488 κατὰ
287 1463 328 1494 σὲ,
347 1463 394 1490 νῦν
403 1463 442 1496 δὲ,
460 1465 484 1490 et
495 1464 573 1497 δίδως
592 1465 689 1498 είπεῖν,
707 1465 777 1500 ὑπὲρ
794 1465 840 1498 σὲ;

46 1507 66 1541 ἢ
86 1507 128 1533 δεῖ
142 1506 189 1534 σοῦ
202 1509 364 1544 κατεπᾴδειν
380 1510 554 1546 μακρότερας
579 1511 721 1547 μηδαμῶς,
734 1508 756 1537 ὦ
777 1510 841 1537 θαυ-

49 1552 144 1586 μάσιε,
164 1553 201 1589 μὴ
221 1553 293 1580 τοῦτ’
306 1554 465 1590 ἀναμεινῃς.
485 1556 604 1592 Ataxpr
618 1556 672 1592 γὰρ
695 1556 725 1582 τὸ
749 1556 841 1582 πλεῖον

929 1372 998 1406 Quid
1026 1371 1086 1399 ais?
1109 1379 1175 1398 num
1203 1374 1230 1398 te
1256 1370 1298 1398 his
1316 1370 1407 1398 verbis
1431 1377 1633 1405 permovenlus,
1655 1375 1683 1400 et

892 1417 1008 1445 docendi
1026 1424 1125 1444 munus
1140 1416 1270 1451 depones,
1287 1420 1369 1451 atque
1391 1416 1423 1442 ad
1446 1424 1507 1448 nos,
1525 1416 1571 1451 qui
1594 1425 1683 1452 quon-

893 1464 955 1491 dam
970 1464 1009 1491 tui
1025 1463 1127 1491 similes
1142 1469 1262 1494 eramus,
1280 1470 1353 1489 nunc
1378 1466 1479 1494 autem,
1497 1462 1518 1490 si
1538 1470 1586 1497 per
1603 1467 1628 1490 te
1645 1463 1684 1490 ita

895 1510 971 1545 loqui
989 1510 1081 1541 liccat,
1099 1513 1126 1535 te
1153 1508 1308 1543 superiores
1330 1515 1436 1540 sumus,
1460 1511 1488 1534 te
1505 1509 1685 1544 aggregabis?

893 1555 934 1582 An
948 1559 975 1582 tu
991 1554 1106 1589 longiori
1124 1553 1204 1589 1&8
1216 1553 1340 1580 oratione
1354 1553 1550 1581 de‘mulcendus
1566 1553 1616 1581 es?
1630 1553 1682 1584 Nc,

48 1598 156 1632 ἔχοντα,
173 1597 203 1624 τὺ
227 1599 281 1625 πᾶν
303 1598 448 1628 ἐλλείπειν.
472 1601 504 1628 Εἰ
523 1601 577 1637 γὰρ
600 1602 616 1636 ἡ
640 1601 711 1637 ἀρχὴ
734 1601 789 1637 (9‘2)
811 1601 841 1628 τὸ

899 1606 995 1635 praesa,
1022 1597 1136 1625 miriﬁce
1152 1599 1203 1630 vir,
1226 1605 1260 1625 ne
1275 1597 1301 1624 id
1328 1602 1482 1632 exspectes.
1501 1598 1592 1633 Turpe
1610 1599 1682 1626 enim

47 1644 134 1679 ἥμισυ
160 1643 207 1670 τοῦ
223 1644 321 1677 παντὸς
349 1645 463 1679 γίνεται,
489 1646 536 1673 τοῦ
564 1647 685 1682 ἡμίσεως
708 1647 739 1674 τὸ
764 1647 845 1674 πλέον

47 1687 76 1713 τί
107 1687 170 1714 ἄλλο
200 1696 249 1721 γε,
281 1689 298 1724 ἢ
324 1689 356 1716 τὸ
383 1690 457 1724 xiv;
484 1691 516 1717 Εἰ
544 1692 593 1726 μὲν
623 1690 669 1718 οὖν
699 1692 846 1728 ἀρκοῦντες

47 1733 131 1768 ἡμεῖς
148 1733 187 1764 εἰς
204 1733 376 1770 παραίνεσιν,
402 1735 457 1771 ἔχει
472 1736 558 1764 ταῦτα
572 1737 674 1770 καλῶς,
691 1739 739 1765 καὶ
761 1739 844 1774 μηδὲν

49 1780 131 1806 πλέον
144 1780 337 1816 ὲπιζητείσθω.
352 1783 383 1808 Et
399 1783 427 1809 δὲ
438 1783 478 1809 δεῖ
489 1792 530 1809 σοι
541 1783 588 1810 καὶ
602 1783 759 1819 κρείσσονος
775 1793 844 1820 συμ-

49 1825 159 1858 ϐούλου,
188 1826 259 1861 μετὰ
284 1827 382 1862 βουλῆς
410 1828 460 1863 μὲν
476 1829 625 1856 οἰνοποτεῖν
648 1830 772 1866 Σολομῶν
802 1839 842 1857 σοι

48 1870 267 1905 παρακελεύεται
281 1871 350 1906 (95),
371 1871 415 1898 ἵνα
441 1872 478 1908 μὴ
496 1874 528 1909 τῇ
553 1874 601 1900 τοῦ
622 1873 680 1909 βίου
700 1874 770 1910 μέθῃ
796 1875 843 1902 καὶ

47 1916 108 1951 δίνῃ
124 1911 304 1952 περίτραπῇς.
335 1917 404 1952 Ἐγὼ
417 1919 446 1945 δέ
462 1919 488 1945 τι
504 1928 576 1955 φημι
594 1920 692 1956 μικρὸν
703 1921 753 1956 τῆς
773 1930 842 1956 συμ-

49 1962 149 1998 ϐουλῆς
172 1963 366 1999 παρατρέψας-
395 1964 473 1992 Μετὰ
497 1965 565 1991 Θεοῦ
589 1965 728 2001 βουλεύου,
746 1967 793 1994 καὶ
812 1967 842 1993 οὗ

48 2010 248 2047 διαμαρτήσεις
261 2011 308 2039 τοῦ
325 2013 440 2045 δέοντος.

896 1651 947 1677 est,
964 1653 1026 1673 eum
1043 1645 1088 1679 qui
1105 1644 1263 1680 ampliorem
1278 1644 1378 1672 habeat
1395 1650 1509 1679 partem,
1526 1649 1612 1672 totum
1627 1653 1683 1673 non

896 1691 1020 1725 adipisci.
1049 1690 1115 1718 Nam
1141 1691 1164 1718 si
1182 1690 1344 1725 principium
1369 1690 1452 1718 tutius
1478 1691 1516 1718 rei
1540 1691 1683 1718 dimidium

895 1744 948 1770 est,
962 1738 1033 1774 quod
1051 1738 1193 1766 dimidium
1218 1737 1334 1768 excedit,
1353 1737 1418 1771 quid
1437 1736 1521 1768 aliud,
1539 1745 1621 1772 quam
1643 1742 1683 1763 to-

895 1790 952 1812 tum
968 1792 1030 1812 esse
1045 1785 1150 1819 queat?
1165 1784 1206 1811 Ac
1220 1783 1243 1812 si
1260 1783 1367 1818 quidem
1380 1783 1495 1810 consilio
1509 1787 1603 1811 nostro
1618 1790 1684 1810 con-

895 1834 986 1858 tentus
1003 1838 1044 1861 es,
1066 1830 1196 1866 praeclare
1212 1837 1256 1858 res
1275 1830 1367 1861 habet,
1384 1837 1434 1857 nec
1450 1829 1597 1865 quidquam
1614 1837 1685 1864 pm:-

896 1879 968 1903 terea
988 1876 1154 1912 requiratur.
1175 1876 1223 1903 Sin
1244 1879 1335 1903 autem
1352 1875 1400 1902 tibi
1417 1875 1607 1910 praestantiore
1625 1882 1684 1902 mo-

896 1922 986 1949 nitore
1012 1929 1080 1957 opus
1095 1925 1147 1953 est,
1165 1921 1231 1948 illud
1255 1921 1364 1956 quidem
1391 1924 1484 1948 monet
1504 1921 1634 1947 Salomon
1648 1921 1684 1952 θ’,

896 1971 926 1994 ut
940 1975 1002 1994 cum
1019 1967 1134 1995 consilio
1158 1967 1252 1994 vinum
1269 1967 1357 1999 bibas,
1372 1975 1407 1994 ne
1426 1967 1520 1993 mundi
1543 1966 1625 2001 hujus
1642 1969 1684 1993 te-

896 2016 1028 2042 mulentia
1043 2021 1070 2043 et
1085 2015 1219 2051 vertigine
1246 2015 1347 2050 agaris.
1376 2015 1431 2051 Ego
1457 2018 1547 2041 autem
1568 2014 1686 2042 consilio

50 2060 107 2095 isto
123 2057 247 2084 nonnihil
273 2058 428 2092 immulato,
450 2059 504 2087 hoc
523 2060 607 2088 dico:
626 2061 692 2089 Cum
728 2062 783 2090 Deo
815 2063 961 2091 consilium
975 2071 1053 2098 cape,
1067 2063 1143 2091 etab
1158 2062 1248 2090 ollicio
1266 2062 1378 2090 minime
1394 2061 1548 2090 aberrabis.

89 2146 114 2162 ”
129 2145 298 2180 Eceli.xxxr,
312 2147 356 2175 δί.

89 2236 146 2271 (85)
163 2237 218 2275 1'1;-
231 2237 398 2275 αζρόμενος.
420 2235 537 2275 hioptac.
562 2240 589 2275 et
604 2236 699 2275 Morel._
717 2236 835 2275 αἰωρού-

899 2238 980 2275 “(87)
1001 2239 1198 2275 Πρὸςητιιῦτα
1226 2240 1276 2267 ἴθι.
1306 2239 1351 2267 Sic
1368 2240 1440 2267 enim
1466 2240 1621 2275 legendum,
1648 2242 1686 2268 ait

52 2279 146 2307 μενος.
163 2271 242 2299 Hunc
258 2273 347 2299 locum
368 2272 449 2299 vertit
465 2271 525 2299 Bill.
544 2281 550 2298 :
566 2271 608 2298 Ea:
626 2280 658 2298 ea
673 2272 732 2306 plus
755 2271 835 2298 dede-

50 2307 123 2333 coris
140 2308 272 2341 quispiam
293 2308 390 2340 capiat.
410 2307 433 2333 si
460 2307 547 2334 animo
570 2307 696 2341 efferatur
717 2316 795 2336 quam
814 2307 837 2333 si

49 2341 210 2373 irrideatur,
228 2350 258 2368 ac
274 2342 384 2377 denique
399 2341 598 2377 magnwrhujus
621 2350 705 2369 scenw
720 2342 836 2373 ludicra,

50 2384 179 2411 nugaeque
195 2376 345 2404 theatrirmﬁ
356 2377 462 2404 Etenim
485 2376 520 2402 τὰ
538 2376 651 2410 παίγνια
665 2378 719 2412 regi
737 2382 836 2411 potest.

50 2413 97 2439 vel
119 2420 133 2438 a
148 2412 292 2447 participio
305 2411 468 2447 γελώμενος,
484 2419 533 2446 pro
547 2412 643 2446 γελῶν,
659 2413 700 2440 vel
721 2420 736 2438 ιι
749 2413 837 2447 ,ναι-Ιώ

50 2446 221 2482 ὲρρέτώσαν,
244 2451 273 2473 ιιι
287 2447 377 2474 omnia
400 2447 471 2474 inter
493 2447 664 2482 ἀπόπτυστον
686 2450 713 2474 et
727 2446 761 2473 τὰ
788 2447 836 2482 τῆς

53 2481 212 2518 μεγάλης...
229 2483 353 2517 legantur
367 2481 579 2517 παρενθετικῶς,
597 2482 742 2517 participio
756 2481 841 2516 γελώ-

53 2525 138 2552 μενος
154 2517 261 2552 passive
276 2521 396 2551 sumpto.

90 2551 161 2586 (84)
174 2552 241 2585 Τοῖς
260 2552 302 2578 ἔτι
315 2551 442 2586 μικροῖς.
461 2551 500 2579 Ex
527 2552 635 2579 cmlesti
657 2551 840 2586 philosophia,

52 2587 157 2623 inquit,
177 2587 228 2614 hoc
244 2588 411 2621 assequeris,
426 2592 455 2614 ut
470 2587 541 2623 etin
558 2587 608 2623 hac
623 2587 677 2613 vita
691 2587 796 2623 clarum
815 2590 842 2613 et

52 2621 164 2649 celebre
189 2623 223 2650 sit
262 2629 361 2649 nomen
386 2627 462 2649 tuum
493 2622 640 2657 (siquidem
666 2621 785 2649 nondum
809 2629 841 2648 eo

54 2661 203 2691 provectus
224 2657 262 2684 sis
278 2661 307 2684 ut
322 2657 469 2684 humanam
487 2657 600 2692 gloriam
616 2657 753 2692 spernas),
771 2660 798 2683 et
811 2657 838 2683 in

54 2691 150 2719 futuro
166 2700 224 2719 aevo
240 2692 411 2726 splendidum
425 2697 451 2718 et
466 2692 582 2719 illustre.

91 2727 148 2762 (85)
170 2727 243 2755 Θεὸν
259 2727 406 2761 γενέσθαι.
426 2726 542 2754 Montac.
567 2730 594 2753 et
613 2726 707 2754 Morel.
729 2726 842 2761 πλησίον

52 2762 124 2789 Θεοῦ
141 2762 278 2796 γενέσθαι.
294 2762 348 2788 Deo
365 2763 513 2796 proximum
526 2762 595 2796 ﬁeri.

92 2795 152 2832 (86)
170 2797 214 2830 Τῷ
229 2798 265 2823 ἐν
283 2797 320 2831 τῇ
343 2797 454 2832 τρισσῇ
476 2795 593 2831 μονάδι.
605 2796 679 2832 νΒῑη.
698 2805 704 2823 :
722 2795 798 2832 Quod
816 2796 844 2822 in

57 2833 154 2864 triplici
179 2833 293 2859 unitate.
320 2832 372 2859 Sed
391 2840 442 2859 vox
471 2832 569 2859 trinlici
596 2831 691 2860 durior
715 2831 842 2863 nimium,

56 2874 108 2895 nec
124 2867 238 2903 probata
254 2868 396 2904 theologis.

892 2273 966 2303 BNL.
990 2278 1019 2301 ut
1039 2275 1066 2301 in
1086 2274 1180 2303 Froh..
1205 2283 1259 2302 non
1277 2275 1345 2307 ἴσθε,
1364 2279 1393 2302 ut
1419 2277 1446 2302 in
1473 2273 1591 2310 Horvag.
1608 2281 1634 2302 et
1656 2276 1684 2303 in

892 2309 1053 2346 quibusdam
1072 2310 1137 2346 edit.
1163 2310 1350 2346 Μοχνπτεροῦ
1370 2312 1402 2346 τῇ
1420 2311 1534 2346 διανοίᾳ.
1560 2309 1597 2338 Ita
1622 2311 1684 2340 cod.

892 2344 952 2370 Par.
970 2349 997 2371 et
1010 2344 1139 2381 _(_Iomhei'.
1165 2345 1193 2372 In
1216 2345 1283 2372 edit.
1305 2344 1408 2380 ’πτερόν
1425 2348 1456 2381 τῇ
1473 2344 1587 2381 διανοίᾳ.
1609 2346 1686 2373 Mon—

894 2384 993 2416 taciwet
1006 2379 1102 2416 Morel.
1121 2380 1221 2416 πτεροῦ
1238 2381 1286 2416 τὴν
1305 2379 1435 2416 διάνοιαν.

928 2414 983 2448 (88)
1005 2415 1080 2447 Ἕως
1102 2414 1149 2443 οὗ.
1169 2413 1205 2442 ita
1233 2413 1294 2443 cod.
1312 2415 1392 2442 2022.
1423 2415 1449 2442 In
1470 2416 1535 2443 edit.
1551 2413 1581 2442 οὗ
1598 2416 1684 2444 deest.

931 2449 986 2483 (89)
1008 2450 1108 2486 Ταῦτα
1121 2452 1277 2486 εὑρίσκῃς.
1294 2451 1366 2486 (ἰού.
1381 2450 1445 2486 Reg.
1466 2451 1613 2486 εὺρίσκοις.

931 2485 986 2520 (90)
1006 2485 1080 2512 Alias
1094 2485 1165 2512 CXX
1193 2485 1301 2520 Scripta
1318 2485 1414 2513 eodem
1425 2485 1516 2512 anno.

931 2520 986 2555 (9|)
1007 2520 1062 2547 Καὶ
1083 2521 1250 2555 μεταθήσῃ.
1270 2521 1329 2547 Βί11.
1348 2530 1353 2547 :
1374 2520 1405 2547 Et
1422 2520 1596 2548 eruditionem
1612 2529 1684 2548 com-

895 2555 1166 2592 mutabisirlilontae.
1185 2561 1212 2583 et
1231 2555 1325 2592 Morel.
1343 2555 1386 2581 ἵνα
1399 2555 1551 2592 μεταθήσῃ.

931 2590 986 2624 (92)
1004 2591 1039 2617 El
1055 2591 1109 2625 γὰρ
1124 2591 1142 2624 ἠ
1165 2591 1255 2626 ἀρχή.
1274 2590 1384 2626 ltaAlres
1400 2591 1481 2626 codd.
1498 2590 1577 2626 ιιδεη
1590 2591 1686 2625 sicque

895 2624 1300 2662 legendumAproponit'pill.‘
1317 2624 1346 2652 In
1374 2625 1439 2662 edit.
1463 2627 1483 2660 ,ἠ
1521 2624 1575 2661 γᾶρ
1603 2624 1684 2662 ἀρχή,

897 2661 972 2688 deest
989 2662 1022 2686 εί.
1042 2660 1086 2687 Sic
1105 2661 1210 2694 Horat.,
1227 2660 1336 2695 IEpist.
1357 2668 1386 2691 ll,
1404 2661 1438 2687 40
1455 2670 1462 2687 :

1038 2706 1185 2733 Dimidium
1201 2707 1279 2741 faui,
1297 2707 1341 2741 qui
1355 2707 1440 2740 capit,
1457 2706 1544 2733 liabet.

933 2751 989 2786 (93)
1009 2753 1257 2785 Παρακελεύεται.
1289 2751 1384 2779 Plures
1408 2751 1488 2779 codd.
1511 2756 1542 2783 et
1562 2750 1686 2786 Conihel'.

898 2786 1092 2822 διακελεύεται.
1108 2788 1181 2818 Mox,
1197 2788 1243 2814 τοῦ
1261 2787 1329 2822 βίον.
1344 2786 1390 2815 Sic
1416 2786 1479 2814 Par.
1489 2793 1516 2814 et
1529 2791 1586 2815 tres
1601 2785 1686 2822 Ross.

900 2821 972 2849 Edit.
988 2823 1112 2850 nonnulli
1125 2822 1172 2849 τοῦ
1188 2821 1270 2850 οῐνουζ

1703 2700 1714 2725 ἡ
