1931 3056
254 143 303 172 2m

288 199 354 233 Quae
371 203 460 226 autem
477 203 518 226 est
529 198 588 227 hzee
603 202 708 226 natura:
723 198 867 234 aptitudo?
886 199 920 227 Ut
933 200 1041 235 quidem
1057 202 1080 230 Α

254 245 313 281 ipse
324 251 350 272 te
366 245 516 280 spectando
531 244 723 276 animadverti,
740 245 858 279 primum
872 245 934 272 vita:
946 250 972 272 ct
986 253 1043 271 Illo-

253 299 314 318 rum
334 291 521 324 tranquillitas
537 295 619 326 atque
636 290 811 324 simplicitas,
832 290 995 324 animusque
1009 289 1043 316 ad

251 339 305 364 ltas
320 337 382 364 vitae
405 337 515 364 fraudes
539 341 566 364 et
591 336 758 371 imposturas
781 343 878 371 parum
902 335 1043 370 appositus

253 386 282 411 et
308 383 431 410 idoneus.
452 382 521 410 Tum
543 382 608 418 quia
625 382 766 417 priestanti
781 389 811 408 es
834 381 918 408 animi
941 381 1042 412 indole,

253 433 400 464 menteque
413 429 465 455 alta
481 433 507 456 et
522 432 624 459 erecta,
642 433 724 462 atque
741 427 774 454 ad
785 427 1042 462 contemplationem

254 476 306 502 levi
326 481 352 502 et
367 475 503 510 expedita.
523 474 581 501 lluc
595 474 700 502 accedit
717 474 838 502 adversa:
856 481 922 501 cura
938 473 1042 500 valetu-

253 523 336 554 dinis,
355 527 381 550 et
397 523 523 557 corporis
543 521 707 548 infirmitas:
727 528 788 547 nam
802 521 854 547 hoc
867 528 975 555 quoque
988 527 1041 546 non

254 569 311 596 leve
328 569 360 595 ad
378 568 578 603 philosophiam
594 566 701 602 pondus
714 566 814 593 habere
828 565 935 592 Platoni
952 565 1040 592 visum

251 618 304 641 est.
320 614 392 647 Quin
413 615 496 642 etiam
518 621 548 640 es
569 617 660 644 aelate,
677 617 706 639 ut
722 611 777 646 jam
799 611 882 638 animi
900 611 1042 646 perturba-

252 660 342 687 tiones
357 659 541 687 inﬂectantur.
559 660 614 686 Nec
630 665 694 686 vero
708 661 868 692 paupertate
884 661 938 683 tant
953 655 1040 691 frangi

252 706 318 732 mihi
336 705 448 737 videris,
465 713 547 741 quant
563 705 685 740 gloriari.
705 704 764 730 Jatn
785 703 859 738 quod
878 703 1041 730 erubescere

252 752 318 783 scis,
339 752 364 778 in
380 759 413 779 eo
436 759 490 778 non
514 751 656 777 rbctorunt
675 756 778 776 morem
797 748 893 776 refers.
919 747 971 775 Sed
993 754 1041 774 ne-

251 805 303 832 que
319 797 435 824 scelesta
451 797 498 824 tibi
518 796 610 831 lingua
624 799 678 827 est,
697 802 748 822 nec
769 794 857 822 malus
872 793 984 821 eﬂ’eetus
998 800 1038 825 es,

251 853 302 871 nec
317 844 554 872 circumforaneus
574 851 614 874 es,
633 850 685 870 nec
699 842 826 877 denique,
843 845 873 868 ut
894 849 949 869 rem
973 849 1039 876 pau-

250 891 293 918 cis
318 889 496 925 complectar,
525 889 674 924 quidquam
701 895 795 915 eorum
824 886 918 919 habes,
941 886 1041 921 quibus
1056 883 1077 910 Β

251 936 387 964 forensem
399 934 537 962 hominem
551 933 723 962 Democritus
733 932 810 968 ﬁngit
820 937 901 968 atque
916 933 1037 965 instruit,

250 983 293 1009 vir
310 981 417 1010 scilicet
435 980 577 1016 popularis
599 979 807 1015 gubernationis
824 979 919 1014 peritia
934 978 1040 1006 Aristo-

250 1027 340 1063 phane
356 1027 455 1062 potior.
475 1025 574 1053 Verum
591 1033 655 1052 cum
673 1024 767 1051 rhetor
792 1024 909 1055 voeeris,
931 1023 1040 1059 quidvis

250 1078 341 1101 tamen
366 1072 469 1108 potius,
493 1078 575 1107 quam
599 1069 690 1106 quoad
713 1077 805 1098 mores
829 1070 937 1102 attinet,
968 1069 1040 1097 inter

250 1121 373 1149 rhetores
392 1118 525 1148 censeris.
553 1117 689 1151 Quocirca
712 1117 769 1144 noli
798 1116 824 1144 id
847 1116 1035 1152 philosophia),

250 1166 322 1201 quod
336 1166 393 1201 jam
411 1163 552 1200 accepisti,
565 1163 711 1199 projicere,
730 1169 781 1189 nec
797 1162 933 1190 secundas
945 1163 1035 1197 potius

893 143 922 171 ὃ.
943 142 1109 171 GREGORII
1129 141 1302 170 THEOLOGl

1828 147 1884 175 292

1137 199 1215 225 Ἀλλὰ
1230 201 1271 230 τίς
1285 199 1487 235 ἐπιτηδειότης;
1505 199 1542 232 ὡς
1558 201 1622 235 γοῦν
1637 201 1699 237 ἐμοὶ
1711 202 1883 238 θεωρήσαντι

1094 245 1245 280 κατεφάνη.
1269 245 1376 281 πρῶτον
1394 245 1443 281 μὲν
1468 246 1482 272 ὁ
1505 246 1606 280 τρόπος
1623 247 1670 274 καὶ
1692 248 1723 274 τὸ
1749 249 1806 283 (72)
1833 250 1882 276 τοῦ

1094 290 1176 325 ἧθους
1192 290 1310 326 γαληνόν
1334 299 1364 318 τε
1387 291 1434 318 καὶ
1456 292 1577 327 ἄτεχνον,
1593 293 1641 319 καὶ
1661 293 1728 329 πρὸς
1756 295 1805 326 τὰς
1832 295 1883 322 τοῦ

1095 337 1153 372 βίου
1179 339 1298 374 στροφὰς
1315 338 1416 370 ταύτας
1433 339 1630 375 ἀνεπιτήδειον.
1648 341 1763 368 Ἔπειτα
1779 342 1810 368 τὸ
1832 343 1883 378 τῆς

1092 383 1181 419 ψυχῆς
1197 385 1296 418 εὐφυὲς
1312 384 1360 411 καὶ
1377 384 1496 419 ὑψίνουν.
1519 386 1566 412 καὶ
1584 385 1653 421 πρὸς
1668 386 1784 422 θεωρίαν
1803 388 1882 415 εὐκί-

1093 438 1182 465 νητον.
1200 430 1295 465 Τρίτον
1312 431 1328 466 ὴ
1345 431 1491 466 νοσοκομία
1503 431 1571 467 (75),
1586 432 1632 458 καὶ
1648 431 1679 458 τὸ
1694 433 1740 459 τοῦ
1755 433 1883 469 σώματος

1092 475 1221 508 ἀσθενές·
1239 475 1331 511 ἐπειδὴ
1348 477 1394 502 καὶ
1411 476 1489 502 τοῦτο
1503 477 1532 503 οὑ
1551 477 1648 513 μικρὸν
1661 479 1702 510 εἰς
1719 478 1881 514 φιλοσοςρίαν

1093 519 1161 548 εἶναι
1183 522 1257 548 δοκεῖ
1271 521 1309 557 τῷ
1325 522 1448 549 Πλάτωνι
1469 522 1536 556 (74).
1553 523 1607 549 Καὶ
1623 523 1676 558 μὴν
1701 525 1748 551 καὶ
1772 524 1881 560 ἡλικίας

1092 567 1178 599 οὕτως
1195 567 1277 602 ἔχεις,
1301 567 1338 598 ὡς
1359 567 1407 602 ἤδη
1423 567 1457 594 τὰ
1482 568 1553 604 πάθη
1581 568 1718 595 κλινεσοαι
1736 570 1801 604 (75).
1825 571 1881 597 Kal.

1092 615 1124 649 τῇ
1142 613 1221 648 πενίᾳ
1234 613 1264 640 οὐ
1280 613 1430 640 κάπτεσΟαί
1449 623 1494 649 μοι
1510 615 1597 646 δοκεῖς
1623 615 1721 650 μᾶλλον
1738 616 1754 651 ἢ
1772 616 1876 644 καλλω-

1092 658 1228 691 πίζεσθαι.
1247 659 1284 686 Τό
1303 668 1332 686 τε
1349 659 1524 695 αἰσχύνεσθαι
1541 660 1650 693 εἰδέναι,
1666 662 1696 688 οὐ
1712 663 1783 690 κατὰ
1798 664 1881 699 ῥήτο-

1093 715 1152 741 ρας,
1175 705 1243 732 Ἀλλ’
1260 705 1318 732 οὐδὲ
1335 706 1410 741 φωνὴ
1430 706 1516 742 μιαρά
1535 715 1587 739 σοι,
1611 707 1671 734 οὐδὲ
1692 709 1806 744 γέγονας
1827 719 1880 737 κα-

1092 751 1138 782 κὸς
1156 751 1223 786 (76),
1249 750 1308 777 οὐδὲ
1336 751 1464 786 ἀγοραῖος
1487 750 1521 783 εἴ,
1537 752 1597 778 οὐδέ
1619 761 1646 779 τι
1672 754 1728 780 τῶν
1751 755 1880 782 τοιούτων

1091 795 1172 830 ἔχεις,
1199 795 1231 822 ἵν’
1246 795 1315 822 εἴπω
1334 797 1484 832 συντόμως,
1500 794 1541 830 οἷς
1563 798 1673 825 πλάττει
1690 800 1734 826 τὸν
1750 802 1880 836 ἀγοραῖον

1092 842 1259 878 Δημόκριτος
1276 843 1291 868 ὀ
1307 843 1439 877 κρείττων
1463 844 1503 875 είς
1518 844 1696 879 δημαγωγίαν
1718 847 1879 882 Ἀριστοφά-

1092 896 1155 920 νους
1170 888 1237 922 (77).
1261 888 1340 914 Ἀλλὰ
1357 889 1450 924 ῥήτωρ
1466 890 1643 925 καλούμενος,
1667 892 1754 919 πάντα
1779 893 1879 928 πρότε-

1093 941 1139 969 ρον
1153 933 1169 969 ἢ
1188 933 1257 960 κατὰ
1269 933 1299 960 τὸ
1316 931 1381 969 ἦθος
1392 934 1477 967 τελεῖς
1492 936 1532 967 εἰς
1548 936 1665 972 ῥήτορας
1680 937 1746 973 (78).
1763 939 1808 974 Μὴ
1823 939 1879 966 τοί-

1091 988 1140 1006 νυν
1155 979 1271 1015 Θελήσῃς
1289 980 1421 1015 προέσθαι
1433 981 1483 1017 τῆς
1499 981 1656 1017 φιλοσοφίας
1674 985 1735 1011 ὅσον
1751 986 1879 1021 προείλη-

1092 1033 1155 1060 φας,
1171 1025 1239 1060 μηδὲ
1255 1025 1290 1052 τὰ
1314 1026 1429 1068 δεέτερα
1447 1027 1512 1063 ἔχῃς
1529 1028 1585 1063 (79)
1611 1030 1640 1056 ἐν
1661 1032 1718 1063 τοῖς
1739 1031 1878 1068 δευτέροις

1094 1070 1193 1107 μᾶλλον
1207 1071 1223 1107 ἢ
1239 1070 1273 1097 τὰ
1292 1071 1389 1107 πρῶτα
1403 1072 1432 1098 ἐν
1446 1074 1502 1104 τοῖς
1520 1075 1667 1109 μεγίστοις.
1686 1077 1717 1103 ΕΙ
1733 1076 1760 1103 δὲ
1778 1078 1824 1104 καὶ
1843 1078 1879 1104 τὰ

1092 1116 1187 1152 πρῶτα
1200 1116 1253 1142 τῶν
1270 1116 1387 1143 ἐνταῦθα
1410 1117 1531 1153 δοίημεν,
1552 1121 1588 1156 μὴ
1604 1122 1709 1158 ἀνάσχῃ
1724 1122 1879 1158 ἀριστεύειν

1090 1163 1118 1188 ὲν
1134 1161 1247 1194 κολοιοῖς
1265 1161 1332 1197 (80),
1350 1162 1428 1194 ἀετὸς
1443 1161 1511 1191 εἶναι
1528 1164 1684 1202 δυνάμενος.

251 1213 278 1240 in
302 1212 430 1241 secundis
452 1211 544 1244 rebus,
574 1218 654 1245 quam
675 1210 778 1245 primas
802 1210 828 1237 in
859 1209 985 1236 maximis
1008 1209 1120 1237 habeas.
1151 1209 1239 1244 Atque
1275 1208 1304 1236 ut
1325 1210 1407 1237 etiam
1432 1211 1535 1246 primas
1563 1213 1725 1248 eloquentiae
1757 1214 1804 1241 tibi
1830 1215 1881 1242 de-

250 1266 324 1290 mus,
348 1265 383 1285 ne
405 1257 542 1285 sustineas
565 1257 637 1283 inter
662 1255 790 1291 graculos
814 1255 958 1288 excellere,
977 1263 1040 1282 cntn
1058 1255 1149 1290 aquila
1165 1263 1225 1282 esse
1241 1255 1341 1290 possis.

287 1318 366 1355 14,7
385 1318 533 1354 Quousque
546 1317 582 1345 ob
596 1325 640 1346 res
661 1326 759 1353 parvas
773 1318 906 1354 humique
926 1323 1037 1354 reptan-

249 1369 291 1392 tcs
306 1364 443 1396 inﬂantur,
462 1368 544 1400 atque
564 1364 636 1392 inter
651 1364 870 1393 adolescentulos
887 1369 911 1392 et
930 1364 1037 1392 fabulas

250 1411 381 1443 ludimus,
405 1414 432 1437 et
451 1417 465 1437 a
481 1410 623 1445 plausibus
648 1409 676 1437 in
694 1410 781 1438 altum
798 1410 968 1437 attollimur?
989 1409 1039 1436 Mi-

249 1464 360 1492 gremus
378 1456 454 1487 hinc,
468 1455 520 1482 viri
542 1455 702 1487 efﬁciantur,
726 1455 834 1483 somnia
850 1455 1036 1490 projieiatnus,

251 1502 363 1530 umbras
392 1505 602 1536 praetereamus,
635 1500 697 1528 aliis
725 1500 789 1527 vitae
821 1500 1038 1533 oblectamenta,

250 1548 366 1583 plUSque
386 1535 491 1574 doloris
511 1553 594 1582 quam
616 1546 766 1581 voluptatis
796 1546 936 1580 habentia,
955 1547 1038 1574 relin-
1053 1535 1074 1564 θ

249 1601 376 1629 quantus.
397 1592 473 1621 Alios
496 1596 644 1628 occupatos
669 1596 790 1624 teneant,
818 1593 933 1627 jactent,
950 1593 1040 1620 ludifl-
1064 1616 1065 1622 η

249 1643 347 1667 centur
363 1639 475 1670 invidia,
491 1643 518 1666 et
536 1642 655 1673 tempus,
673 1642 700 1666 et
717 1637 840 1666 fortuna.
863 1638 941 1672 Quod
964 1639 1039 1666 scili-

250 1689 293 1714 cet
323 1692 413 1713 rernm
438 1684 620 1712 humanarum
645 1685 862 1712 inconstantiam
889 1685 1038 1719 appellant,

249 1732 358 1760 valeant
372 1731 475 1765 throni,
499 1731 683 1766 principatus,
700 1739 778 1766 opes,
797 1731 967 1766 splendores,
983 1732 1040 1759 ela-

250 1779 351 1810 tiones,
377 1785 470 1810 casus,
496 1777 559 1804 vilis
583 1777 641 1805 haec
666 1783 692 1805 et
717 1778 895 1812 despicabilis
915 1778 1039 1813 gloriola,

286 1867 343 1902 (7‘2)
368 1867 394 1894 '0
408 1867 518 1901 τρόπος
533 1867 579 1894 καὶ
599 1867 641 1894 τό.
660 1867 697 1894 lta
714 1867 776 1894 cod.
793 1865 850 1902 Reg
873 1871 900 1894 et
914 1867 1036 1895 Combef.

250 1901 279 1929 In
295 1902 360 1929 edit.
378 1903 392 1929 ὁ
405 1903 504 1937 τρόπος
514 1903 572 1929 ἐστὶ
588 1903 636 1928 καὶ
648 1902 687 1928 τό.

297 1937 342 1970 75)
366 1938 398 1964 Ἡ
420 1936 595 1972 νοσοκομία.
613 1937 699 1972 ΒΗΙηῖ
718 1936 836 1972 Adversa
851 1937 984 1964 valetudo.

298 1973 341 2008 ’14)
361 1972 448 1999 Δοκεῖ
465 1972 504 2005 τῷ
520 1971 663 2008 Πλάτωνι,
679 1971 717 1998 Ita
735 1971 854 1999 Montac.
873 1976 899 1999 et
915 1971 1037 2007 Combef.

251 2008 280 2035 ln
295 2007 359 2035 edit.
377 2008 408 2034 τὺ
423 2008 556 2039 Πλάτωνι,
575 2007 683 2034 Platoni
697 2007 780 2037 visum
791 2012 847 2039 est;
864 2015 895 2034 ac
913 2007 1038 2042 proinde,

251 2045 290 2070 ait
310 2043 384 2075 Bill.,
403 2043 576 2071 Aradcniiam
594 2042 761 2070 insalubrem
770 2043 866 2070 Atticae
879 2043 969 2070 loeum
983 2043 1039 2070 ele-

251 2079 324 2113 gisse
344 2078 461 2108 dicitur,
489 2081 518 2104 ut
543 2078 625 2104 nimis
651 2078 739 2105 bonus
763 2078 888 2112 corporis
915 2077 1037 2113 habitus,

251 2112 380 2148 tanquam
407 2113 492 2140 nimia
520 2113 583 2140 vitis
604 2112 726 2140 luxuries
752 2117 950 2146 amputaretur.
973 2112 1039 2140 Vide

251 2148 375 2176 Ficinum
397 2149 424 2176 in
441 2148 503 2183 ejus
524 2148 593 2175 Vita.

287 2184 343 2219 (75)
375 2183 413 2211 Τὰ
438 2182 516 2216 πάθη
543 2183 712 2211 κλίνεσθαι.
740 2182 863 2211 Combef.
887 2192 894 2210 :
920 2182 954 2209 Ut
973 2183 1036 2219 jam

250 2218 461 2254 perturbationes
485 2224 561 2254 alque
588 2218 657 2254 vitia,
678 2219 691 2253 Ιτ

251 2255 322 2286 Mox,
339 2262 387 2288 pro
403 2253 565 2285 κάπτεσθαι,
583 2253 709 2284 morderi,
729 2255 819 2282 reddit
835 2253 894 2280 Bill.
911 2254 1036 2288 xa‘tpme-

251 2289 324 2350 000p,
341 2289 450 2351 ﬁgurat;
468 2289 563 2323 sicque
581 2289 727 2324 legendum
748 2293 905 2325 proponunt
918 2288 1036 2316 lllontac.

251 2329 278 2351 ct
308 2332 360 2350 .ont
383 2333 397 2351 ρ
411 2343 418 2350 .

250 2329 278 2352 ct
295 2325 418 2351 Combef.

287 2360 343 2395 (76)
360 2358 443 2395 owe
466 2358 591 2395 γέγονας
613 2359 716 2392 κακός.
741 2358 778 2386 Ita
809 2359 870 2386 cod.
897 2358 978 2391 2022,
1005 2366 1038 2386 ac

251 2393 374 2422 Combef.
388 2395 461 2421 Alias
469 2393 571 2426 κακῶς,
582 2402 626 2420 nec
637 2394 715 2420 mala:
727 2394 823 2421 indolis
837 2396 914 2421 homo
923 2402 967 2426 es;
984 2396 1035 2426 vel,

250 2429 319 2457 male
343 2434 422 2456 natus
439 2438 476 2456 es.
491 2429 551 2455 Bill.
570 2438 577 2455 :
596 2427 652 2456 Nec
670 2430 740 2456 male
758 2431 845 2464 [actus
867 2438 901 2456 es.
922 2429 949 2456 ln
970 2431 1034 2457 edit.

249 2465 311 2492 οὐδὲ
326 2464 440 2498 γέγονας
457 2463 560 2495 κακῶς.
582 2469 609 2490 at
625 2464 695 2492 forte
713 2463 854 2499 legendum
872 2465 932 2491 οὐδὲ
948 2465 1037 2499 γέγω-

250 2509 299 2531 νας
312 2499 415 2531 κακῶς,
432 2507 511 2534 neque
529 2499 630 2526 clamas
649 2499 823 2534 impudenter,
840 2507 916 2527 more
930 2501 1036 2528 scilicet

250 2509 299 2531 νας
312 2508 415 2531 κακως,
432 2508 462 2526 ne
481 2508 511 2526 ue
529 2508 630 2526 ctamas
649 2508 682 2526 tm

250 2535 431 2570 quorumdam
450 2508 685 2569 ρῖιὶιυεοῃὶιοιιιιιιι.

285 2570 341 2605 (77)
370 2570 548 2603 Δημόκριτος
573 2571 590 2596 ό
614 2571 755 2604 κρείττων
777 2571 819 2603 εἰς
846 2569 1037 2605 δημαγωγίαν

255 2604 495 2639 Ἀριστοφάνους.
514 2605 554 2631 lla
583 2605 644 2632 cod.
665 2605 696 2631 li.
719 2614 751 2632 ac
773 2606 895 2632 Combef.
912 2606 980 2632 Huic
998 2606 1035 2632 lc-

249 2641 334 2668 ctionl
349 2640 420 2676 favet
432 2640 504 2674 quod
514 2640 546 2676 de
558 2639 713 2676 Democrito
729 2641 824 2667 scribit
840 2639 941 2667 Suidas
953 2650 958 2666 :
968 2639 1035 2676 ἦρξε

248 2675 277 2702 δὲ
300 2677 328 2702 ὲν
357 2675 506 2711 Ἀϐδήροις,
526 2675 570 2702 διὰ
591 2675 639 2711 τὴν
665 2676 760 2702 ἑαυτοῦ
786 2675 881 2709 σοφίαν
896 2675 1033 2710 τιμηθείς,

248 2685 277 2702 οε
300 2685 328 2702 εν
364 2685 506 2736 Δυοηῗοις,
526 2685 570 2702 om
591 2685 639 2711 την
665 2685 760 2702 εαυτου
786 2685 881 2709 σοφιαν
896 2685 1033 2710 τιμηυεις,

247 2711 355 2745 ρνωίυίι
375 2715 401 2737 et
416 2711 436 2737 Α
458 2710 602 2737 deritarunt
625 2711 775 2745 reipublicte
786 2718 795 2736 :
811 2712 857 2745 qui
872 2710 957 2737 honor
971 2719 1033 2745 pro-

247 2751 305 2780 pter
319 2746 400 2780 ipsius
417 2746 577 2780 sapientiam
599 2745 706 2772 habitus
731 2746 794 2780 fuit.
818 2746 871 2778 Qui
892 2745 974 2772 etiam
991 2754 1036 2773 re—

249 2781 324 2816 spuit
347 2781 488 2812 Athenas,
517 2782 728 2816 cognominatus
757 2781 809 2807 fuit
835 2781 980 2815 sapientia,
1006 2786 1034 2808 et

249 2815 433 2843 clarissimum
460 2816 532 2843 inter
554 2815 738 2851 philosophos
763 2823 861 2844 nomen
889 2816 1032 2843 obtimtit:

248 2859 310 2879 eum
327 2851 418 2886 itaque
438 2851 538 2879 merito
558 2851 737 2886 Aristophani
761 2851 868 2879 comico
891 2851 1033 2886 anteponit

690 2219 805 2246 ‘atiscant
830 2223 855 2246 et
886 2216 1035 2245 concidant.
1052 2216 1284 2250 Dadntonemur,
1312 2219 1350 2245 ait
1381 2217 1463 2251 Bill.,

1125 1320 1214 1356 Μέχρι
1239 1320 1310 1352 τίνος
1338 1319 1487 1355 φυσώμεθα
1510 1319 1567 1351 τοῖς
1583 1319 1690 1355 μικροῖς
1713 1320 1759 1346 καὶ
1788 1320 1879 1354 χαμαὶ

1091 1366 1257 1401 ἐρχομένοις,
1274 1366 1322 1393 καὶ
1343 1366 1473 1401 παίζομεν
1491 1367 1521 1392 ὲν
1538 1365 1725 1401 μειρακίσκοις
1743 1368 1789 1392 καὶ
1810 1366 1877 1393 πλά-

1092 1419 1187 1446 σμασι,
1202 1412 1249 1438 καὶ
1271 1411 1323 1438 ὑπὸ
1337 1411 1392 1438 τῶν
1408 1411 1514 1446 κρότων
1538 1411 1689 1447 αἰρόμεθα;
1704 1411 1877 1447 Μετα6ὦμεν

1092 1456 1228 1488 ἐντεῦθεν,
1252 1457 1349 1493 ἄνδρες
1371 1457 1524 1492 γενώμεθα,
1543 1456 1664 1492 ῥίψωμεν
1686 1457 1721 1484 τὰ
1738 1457 1876 1493 ὀνείρατα,

1092 1502 1316 1537 παραδράμωμεν
1337 1503 1387 1534 τὰς
1404 1503 1492 1534 σκιὰς,
1508 1503 1599 1534 ἄλλοις
1614 1503 1745 1538 παρῶμεν
1757 1503 1791 1530 τὰ
1813 1513 1879 1539 τερ-

1091 1547 1145 1573 πνὰ
1161 1547 1207 1573 τοῦ
1227 1547 1295 1583 βίου,
1312 1547 1358 1574 καὶ
1371 1547 1452 1574 πλέον
1470 1548 1596 1584 ὀδυνηρά.
1619 1549 1731 1581 Ἄλλους
1746 1558 1878 1585 πραγμα-

1089 1594 1191 1620 τευέτω
1210 1593 1276 1629 (8|),
1293 1594 1340 1621 κα).
1358 1595 1586 1630 μεταῤῥιπτειτω,
1604 1595 1652 1622 κα).
1665 1595 1796 1628 παιζέτω,
1814 1596 1880 1630 φθό-

1090 1648 1146 1672 νος,
1162 1640 1208 1666 καὶ
1225 1640 1330 1676 χρόνος,
1349 1641 1397 1667 κα).
1413 1640 1494 1676 τύχη.
1514 1642 1547 1667 Ὃ
1566 1641 1599 1677 δή
1621 1650 1686 1676 φατι
1703 1641 1757 1668 τῶν
1774 1642 1878 1678 ἀνορω-

1091 1688 1176 1714 πίνων
1201 1688 1232 1714 τὸ
1255 1689 1371 1715 ἄστατον
1388 1689 1435 1715 καὶ
1461 1687 1603 1724 ἀνώμαλον
1627 1689 1694 1725 (82),
1720 1690 1877 1725 ὲρῤέτωσαν

1090 1732 1359 1768 ορόνοι,δυναοτείαι,
1368 1733 1488 1766 πλοῦτοι,
1502 1734 1703 1770 λαμπρότητες,
1717 1735 1878 1771 ἐπάρματα.

1090 1777 1235 1813 πτώματα,
1244 1778 1274 1805 τὸ
1281 1779 1387 1811 εὐτελὲς
1398 1779 1474 1806 τοῦτο
1481 1778 1603 1815 δοξάριον
1611 1780 1657 1807 καὶ
1666 1781 1847 1814 ἀπόπτυστον,
1856 1779 1879 1816 ᾧ

1090 1866 1248 1901 Gregorius.
1270 1867 1298 1894 ltt
1316 1867 1381 1894 edit.
1399 1865 1440 1899 οἷς
1459 1867 1569 1894 πλάττει
1584 1867 1630 1893 τὸν
1646 1867 1774 1902 ἀγοραιον
1787 1868 1878 1899 Δημό-

1089 1910 1181 1938 κριτον
1205 1902 1245 1934 εις
1266 1902 1444 1938 δημαγωγίαν
1471 1903 1676 1938 Ἀριστοεράνης,
1700 1904 1773 1938 quod
1789 1902 1848 1930 Bill.
1868 1913 1876 1930 :

1090 1937 1191 1969 Quibus
1205 1937 1394 1970 Aristophanes
1406 1937 1535 1972 forensem
1551 1938 1627 1964 illum
1645 1937 1823 1965 Democritum
1841 1939 1878 1965 ad

1089 1973 1241 2006 popularem
1259 1973 1472 2008 gubernationem
1492 1973 1567 2008 ﬁngit
1590 1978 1666 2008 atque
1684 1974 1802 2000 instruit.

1125 2008 1180 2042 (78)
1203 2007 1301 2044 Τελεῖς
1319 2009 1363 2040 εὶς
1372 2008 1514 2044 ῥήτορας.
1530 2007 1664 2035 Rhetores
1681 2009 1754 2036 enim
1769 2009 1876 2044 antiqui

1089 2043 1298 2078 obtrectationis
1326 2048 1353 2070 et
1377 2043 1582 2078 maledicentia:
1611 2044 1677 2071 vitio
1712 2051 1810 2078 magna
1838 2043 1877 2073 ex

1089 2083 1165 2113 parte
1190 2077 1359 2113 laborabant.
1375 2077 1438 2105 lltsc
1461 2077 1522 2105 Bill.

1089 2112 1102 2174 ὲ
1124 2113 1180 2147 (79)
1202 2113 1242 2140 Τὰ
1266 2112 1390 2147 δεύτερα
1407 2113 1492 2148 ἔχῃς.
1517 2113 1584 2141 Cod.
1610 2112 1673 2140 Par.
1700 2117 1728 2141 et
1749 2113 1875 2143 Combef.

1104 2157 1170 2174 νειν.

1121 2157 1170 2174 ειν.

1213 2183 1453 2220 Ἄριστεύειζλέν
1476 2183 1616 2216 κολοιοῖς.
1648 2183 1706 2211 Hoc
1729 2185 1876 2220 proverbio

1499 2223 1628 2253 przestare
1657 2219 1728 2246 inter
1755 2220 1876 2254 optimos

1089 2258 1116 2280 et
1143 2254 1388 2288 praestantissimos
1422 2254 1495 2281 viros
1531 2255 1751 2288 Qualemcunque
1784 2255 1875 2282 locum

1088 2292 1182 2316 tenere
1201 2296 1282 2323 quant
1312 2289 1437 2326 primum
1452 2289 1522 2326 inter
1549 2289 1670 2326 perditos
1697 2295 1724 2317 et
1748 2290 1877 2326 proﬂiga-

1089 2328 1131 2352 tos
1153 2333 1160 2352 :
1185 2328 1281 2360 contra
1314 2331 1395 2360 quam
1421 2323 1460 2360 de
1477 2323 1591 2360 Caesare
1625 2323 1756 2359 legitur,’
1773 2323 1876 2360 qui'in

1089 2367 1173 2394 parvo
1191 2359 1307 2393 quodam
1327 2363 1354 2386 et
1371 2359 1483 2393 ignobili
1498 2360 1597 2394 oppido
1619 2361 1724 2394 primus
1744 2368 1804 2387 esse
1818 2368 1877 2387 ma-

1089 2394 1170 2426 lebat,
1188 2402 1268 2429 quatit
1287 2394 1379 2420 Romae
1396 2395 1544 2422 secundus.
1564 2395 1616 2421 Sed
1631 2395 1754 2429 profecto
1769 2399 1798 2422 ut
1810 2396 1875 2422 olim

1090 2429 1311 2456 Crotoniatarum
1335 2433 1491 2463 postremus
1516 2430 1684 2464 reliquorum
1717 2429 1875 2457 Graecorum

1089 2465 1193 2498 primus
1211 2472 1271 2492 esse
1285 2464 1438 2496 dicebatur,
1461 2465 1497 2491 ita
1512 2465 1559 2499 qui
1578 2466 1618 2491 vel
1637 2469 1789 2492 extremum
1804 2467 1877 2492 inter

1089 2508 1169 2527 veros
1184 2500 1357 2528 Christianos
1372 2503 1446 2526 tenet
1468 2500 1570 2531 locum,
1585 2500 1666 2527 etiam
1683 2501 1786 2534 optimo
1810 2508 1878 2535 gen-

1088 2535 1139 2567 tili,
1158 2536 1199 2562 vel
1213 2543 1246 2562 eo
1258 2534 1305 2569 qui
1320 2535 1391 2562 inter
1407 2535 1532 2562 homines
1552 2535 1654 2561 mundo
1670 2535 1796 2562 addictos
1813 2543 1878 2570 pro-

1088 2570 1230 2597 batissime
1243 2570 1316 2600 vivit,
1335 2570 1508 2604 prastantior
1528 2571 1682 2598 censendus
1698 2574 1750 2597 est.

1124 2606 1179 2640 (8|)
1210 2604 1341 2637 ’Ἄλλους
1359 2605 1597 2639 πραγματευέτω.
1622 2605 1689 2632 Cod.
1709 2604 1770 2632 Par.
1795 2609 1821 2631 et
1845 2604 1876 2631 Β.

1085 2640 1113 2672 5,
1147 2640 1244 2671 ἄλλους
1272 2640 1425 2676 πεττευέτω
1452 2641 1498 2666 καὶ
1525 2640 1743 2676 μεταρριπτείτω
1767 2639 1877 2676 φθόνος,

1085 2675 1160 2702 Alios
1175 2675 1345 2709 lndiﬁcentur
1357 2680 1381 2701 et
1392 2675 1496 2710 jacteut
1514 2675 1626 2705 invidia.
1643 2680 1697 2703 etc.

1121 2710 1177 2745 (82)
1201 2711 1235 2736 Ὃ
1250 2709 1287 2743 δή
1306 2718 1382 2744 φασι
1402 2710 1462 2736 τῶν
1483 2711 1677 2744 ἀνθρωπίνων
1693 2710 1726 2737 τὸ
1743 2710 1879 2737 ἄστατον

1085 2745 1133 2782 καὶ
1153 2745 1323 2780 ἀνώμαλον.
1336 2746 1600 2782 Quaesequentibus
1614 2746 1705 2780 aptius
1720 2745 1797 2780 jungu
1815 2753 1878 2772 cre-

1085 2781 1186 2812 dunus,
1213 2782 1270 2808 haec
1286 2781 1369 2808 verba
1379 2780 1559 2816 _Bill.'refert
1583 2781 1616 2808 ad
1637 2789 1668 2808 ea
1691 2788 1751 2816 quae
1774 2788 1876 2816 [παις-θ-

1085 2816 1165 2847 dunt,
1189 2816 1332 2850 redditque
1349 2824 1356 2842 :
1375 2814 1409 2842 Et
1432 2815 1550 2850 fortuna.
1569 2816 1608 2843 sic
1626 2814 1706 2844 enim‘
1716 2814 1805 2844 rerum
1827 2815 1865 2841 Im

1086 2859 1226 2878 manarum
1243 2851 1451 2878 inconstantiam
1464 2851 1609 2886 appellant.
