1931 3056
77 160 131 187 295

737 156 902 185 EPISTOLA
922 155 1064 184 CLXXIX.

1654 159 1688 186 ιιι
1693 160 1708 188 ι

79 215 182 254 μᾶλλον
205 216 343 253 ἀδοξήσειέ
368 226 410 250 τις
432 217 577 253 αἰρόμενος
593 217 660 253 (83),
676 217 693 252 ἢ
718 216 866 252 γελώμενος

923 224 954 244 ex
967 224 1020 251 qua
1036 215 1097 251 plus
1112 217 1202 251 capiat
1218 216 1362 245 dedecoris
1382 217 1530 252 quispiam.
1549 218 1573 245 si
1585 226 1646 246 eam
1664 227 1709 246 re-

77 273 113 291 τα
126 265 176 300 τῆς
199 264 319 300 μεγάλης
343 264 446 300 ταύτης
459 265 562 300 σκηνῆς
576 264 689 298 παίγνιά
701 273 730 290 τε
745 264 791 291 κα).
806 264 869 290 θεα-

77 311 217 346 τρίσματα
258 310 353 345 Ἡμεῖς
375 310 403 335 δὲ
423 310 470 337 τοῦ
489 310 569 344 λόγου
587 310 806 346 περιδράξωμεν,
822 310 869 336 καὶ

76 355 145 383 Θεὸν
159 356 219 384 ἀντὶ
242 355 351 382 πάντων
366 356 438 391 ἔχειν
453 355 588 391 ἑλώμεθα,
611 356 641 382 τὸ
657 356 736 391 μόνον
759 356 869 390 διαρκὲς

75 401 180 436 ἀγαθὸν
192 402 239 428 καὶ
255 402 389 438 ἡμέτερον
399 411 406 418 ’
421 403 454 428 ἵν’
469 403 535 438 ἡμῖν
552 402 599 429 καὶ
614 403 645 429 τὺ
656 402 772 429 ἐνταῦθα
795 402 870 428 εὐδο-

77 449 169 482 κιμεῖν
182 447 305 483 γένηται,
325 449 382 479 τοῖς
397 447 437 474 ἔτι
455 448 562 483 μικροῖς
579 447 643 482 (84).
662 447 802 473 καὶτοῦτο
818 445 868 481 ζη-

76 493 180 525 τοῦσιν,
200 493 216 527 ἢ
239 493 270 519 τὸ
295 492 401 520 ἐκεῖθεν
429 493 553 524 πάντως·
584 492 676 527 ἐπειδὴ
689 493 739 526 τῆς
765 492 869 527 ἀρετῆς

77 537 170 571 ἆθλον,
185 538 251 565 Θεὸν
264 538 392 573 γενέσθαι
410 539 476 574 (85),
492 540 539 566 καὶ
552 538 590 574 τῷ
605 538 781 574 καθαρωτάτῳ
800 539 868 573 φωτὶ

76 585 343 621 χαταστράπτεσθαι,
362 584 401 620 τῷ
417 586 447 611 ὲν
461 586 493 620 τῇ
510 585 607 620 τρισσῇ
623 584 717 619 μονάδι
733 584 787 619 (86)
805 583 869 610 θεω-

77 631 211 666 ρουμένῳ,
227 628 261 667 ἧς
282 631 329 657 νῦν
350 631 468 667 μετρίως
483 630 582 665 ἔχομεν
603 630 653 661 τὰς
678 629 774 663 αὐγάς.
795 628 868 664 Πρὸς

76 674 163 702 ταῦτα.
177 675 211 702 ἴοι
224 675 289 711 (87),
299 675 440 711 πρόϐαινε,
455 674 555 709 πτεροῦ
563 676 595 711 τῇ
603 675 716 710 διανοίᾳ,
727 674 809 701 λαϐοῦ
818 675 868 709 τῆς

76 722 185 748 αἰωνίου
198 721 279 757 ζωῆς,
289 723 412 758 μηδαμοῦ
428 723 493 757 στῇς
503 722 556 748 τῶν
573 722 698 754 ἐλπίδων,
708 723 759 754 ἓως
772 720 802 749 οὗ
811 722 866 757 (88)

77 766 158 803 ἔλθῃς
179 767 225 793 ἐπὶ
246 767 276 793 τὸ
291 767 375 802 ἄκρον
389 767 486 802 ἐφετὸν
498 768 545 794 καὶ
563 769 712 804 μακάριον·
731 769 777 794 καὶ
794 769 866 804 ἡμᾶς

74 812 240 844 ἐπαινέσεις,
255 810 285 839 εὗ
299 810 365 844 οῖδα,
385 812 432 839 νῦν
447 813 497 848 μὲν
508 812 595 847 ὀλίγα,
611 813 701 849 μικρῷ
715 813 742 840 δὲ
755 813 867 849 ὕστερον

75 857 264 894 ἀφθονώτερα,
287 859 398 885 ἐπειδὰν
412 858 470 895 ἴδῃς
493 859 605 886 σεαυτὸν
626 860 655 886 ὲν
668 857 707 891 οἷς
723 859 867 895 ὑπισχνού-

922 267 1011 297 portet
1031 266 1113 297 atque
1135 263 1285 298 superbiat,
1305 271 1387 298 quam
1414 264 1438 292 si
1463 263 1576 292 irrideat
1603 273 1709 301 magme

921 308 1004 343 hujus
1032 316 1121 336 scente
1149 308 1266 341 ludicra,
1297 317 1439 344 nugasque
1463 310 1624 339 theatricas.
1651 311 1708 340 Nos

920 352 1039 381 Verbum
1067 354 1296 389 complectamur,
1323 363 1356 382 ac
1380 363 1429 390 pro
1464 357 1593 384 omnibus
1624 358 1708 386 rebus

920 400 1005 428 Deum
1030 401 1132 428 habere
1158 405 1294 435 optemus,
1322 401 1421 433 solum,
1441 401 1563 437 inquam,
1590 411 1709 438 perenne

920 447 987 474 illud
1014 446 1115 474 bonum
1139 450 1166 473 et
1181 450 1315 473 nostrum.
1336 448 1377 473 lta
1401 446 1457 479 lict,
1475 451 1505 474 ut
1531 448 1574 475 hic
1598 455 1707 483 quoque

919 493 1093 528 splendorem
1118 500 1311 528 assequamur,
1327 493 1449 528 quandiu
1470 494 1599 520 nimirum
1623 502 1707 528 parvo

919 539 1008 566 adhuc
1028 539 1119 567 animo
1144 547 1249 572 sumus,
1277 539 1360 575 idque
1387 540 1552 575 appetimns,
1569 544 1615 566 aut
1631 545 1707 568 certe

919 586 946 612 in
971 585 1063 613 futuro
1085 593 1158 619 aevo;
1181 585 1403 621 quandoquidem
1426 586 1536 614 virtutis
1564 587 1705 620 praemium

918 636 970 663 est,
991 631 1075 659 Deum
1092 632 1161 663 ﬁeri.
1179 639 1210 658 ac
1225 632 1373 667 purissimo
1389 632 1436 659 illo
1447 631 1550 658 lumine
1567 631 1705 662 irradiari,

919 677 989 713 quod
1006 678 1033 704 in
1049 678 1121 704 trina
1141 678 1246 705 unitate
1260 678 1461 710 consideratur,
1478 677 1557 712 cujus
1576 684 1648 704 nunc
1662 684 1706 704 ra-

918 724 970 752 diis
987 725 1082 752 leviter
1107 728 1212 751 tantum
1240 724 1460 760 perstringimur.
1484 723 1524 750 Ad
1554 723 1611 750 haec
1637 730 1706 749 con-

921 772 1010 802 tende.
1041 771 1216 807 progredere.
1241 772 1333 798 animo
1350 770 1443 801 volita,
1471 769 1553 796 vitam
1575 773 1705 796 aeternam

918 819 1019 853 arripe,
1036 826 1170 853 nusquam
1188 826 1250 853 spes
1270 823 1330 844 luas
1355 817 1432 848 siste,
1457 823 1601 851 quousque
1623 815 1656 841 ad
1673 815 1706 841 il-

918 864 964 891 lud
982 872 1087 891 summe
1103 865 1281 899 expetendum
1305 867 1331 890 et
1349 863 1457 890 beatum
1479 862 1580 889 bonum
1607 868 1705 896 perve-

76 890 157 938 μεθα,
174 890 225 930 καὶ·
235 890 272 941 μὴ
294 905 377 940 κενὴν
396 890 534 941 μαέαρίαν
548 905 633 932 ταῦτα
653 890 865 942 coptam-(89),

923 909 1004 936 leris.
1024 908 1062 935 Ac
1084 916 1145 940 nos,
1162 908 1227 935 mihi
1243 908 1335 939 crede,
1352 907 1487 939 laudabis,
1505 913 1579 933 nunc
1594 905 1705 940 quidem

76 951 145 986 μηδὲ
159 951 278 984 διανοίας
301 952 507 988 ἁναπλασμοὺς,
524 952 592 979 ἀλλὰ
613 952 783 988 πραγμάτων
798 953 866 980 ἀλή-

75 996 104 1023 θε
109 1005 160 1024 ιαν.

918 954 1042 990 parcius,
1068 955 1150 989 paulo
1170 959 1232 989 post
1256 958 1345 981 autem
1373 953 1484 980 uberius
1505 957 1532 980 et
1553 951 1704 986 copiosius,

918 1008 1016 1035 nempe
1032 1008 1093 1027 cum
1115 1001 1143 1027 in
1166 1007 1199 1027 eo
1218 1008 1310 1027 rerum
1333 1004 1418 1031 slain,
1435 1007 1515 1034 quem
1531 998 1579 1025 tibi
1592 997 1705 1033 pollice-

74 1051 147 1075 mur,
179 1044 297 1080 teipsum
331 1045 521 1081 conspexeris,
539 1053 572 1072 ac
599 1053 653 1073 non
674 1046 784 1074 inanem
817 1046 985 1081 felicitatem,
1009 1056 1059 1076 nec
1082 1048 1180 1076 mentis
1208 1047 1345 1084 ﬁgmenta,
1372 1045 1421 1075 sed
1445 1054 1537 1075 rerum
1561 1046 1704 1073 veritatem

74 1087 133 1115 haec
147 1096 208 1116 esse
226 1090 374 1118 inveneris.

295 1167 379 1196 rue.
399 1168 443 1203 'ro
462 1168 553 1204 arm
573 1168 640 1204 (90).

1177 1164 1314 1193 CLXXIX.
1336 1165 1451 1193 EIDEM.

111 1233 145 1260 In
160 1234 271 1272 cpistola
291 1235 396 1272 I779Asic
413 1235 445 1262 ab
461 1235 572 1272 abrupto
589 1237 682 1271 incipit
694 1236 838 1272 Gregorius
857 1243 866 1262 :
880 1236 950 1269 Quid
969 1233 1027 1261 ais?
1043 1241 1107 1272 num
1124 1237 1150 1260 te
1165 1232 1314 1272 h_is_verbis
1330 1239 1532 1272 permovemus,
1546 1237 1571 1259 et
1588 1232 1706 1260 docendi

73 1267 328 1306 munusidcpones?
341 1270 406 1303 Qua:
420 1271 498 1298 verba
513 1267 631 1305 apertius
643 1267 696 1298 non
709 1267 818 1306 ροὲειιηι
836 1267 997 1306 supérirnrem
1013 1269 1109 1306 referre
1123 1276 1153 1294 ac
1168 1268 1305 1303 designare
1321 1268 1467 1301 epistolam.
1486 1267 1547 1293 Jam
1560 1273 1706 1302 permotum

73 1302 236 1336 Eudoxium,
254 1309 283 1331 ut
300 1302 385 1332 Deum
399 1302 549 1333 arctissinie
565 1302 758 1341 complectatur
772 1302 893 1342 perurgét
909 1305 1051 1341 Gregorius

109 1371 142 1397 Ti
159 1373 211 1407 φῇς
225 1380 232 1404 ;
247 1372 376 1408 πείθομέν
393 1382 422 1400 σε
434 1375 490 1405 τοῖς
505 1374 596 1408 λόγοις
617 1374 733 1407 τούτοις,
754 1374 801 1400 καὶ
816 1382 866 1409 με-

70 1414 179 1451 ταθήσῃ
193 1415 248 1451 (91)
263 1417 312 1452 τὴν
329 1417 480 1451 παίδευσιν,
496 1418 543 1445 καὶ
567 1418 626 1454 μεθ’
645 1418 724 1454 ἡμῶν
743 1418 866 1454 ταχθήσῃ

71 1459 128 1486 τῶν
145 1461 209 1487 ποτὲ
225 1461 296 1488 κατὰ
311 1462 351 1494 σὲ,
371 1462 418 1490 νῦν
428 1463 467 1496 δὲ,
484 1463 508 1489 εἰ
519 1463 598 1496 δίδως
616 1465 714 1497 εἰπεῖν,
730 1464 801 1499 ὑπὲρ
818 1464 864 1497 σὲ;

71 1506 89 1541 ἢ
110 1506 152 1532 δεῖ
166 1506 213 1533 σοῦ
226 1508 388 1543 κατεπᾲδειν
404 1509 578 1545 μακρότερα;
603 1510 745 1546 μηδαμῶς,
758 1507 780 1536 ὦ
801 1509 865 1536 θαυ-

73 1551 168 1585 μάσιε,
188 1552 225 1588 μὴ
245 1552 316 1580 τοῦτ’
330 1554 489 1590 ἀναμείνῃς.
509 1555 627 1591 Αίσχρδν
642 1555 696 1591 γὰρ
719 1555 749 1582 τὸ
773 1555 865 1581 πλεῖον

953 1371 1022 1406 Quid
1050 1371 1111 1398 ais?
1133 1378 1199 1397 num
1227 1373 1254 1397 te
1280 1369 1322 1397 his
1340 1369 1431 1397 verbis
1455 1377 1657 1404 permovemus,
1679 1375 1707 1399 et

916 1417 1032 1445 docendi
1049 1423 1149 1443 munus
1164 1416 1294 1451 depones,
1311 1418 1393 1450 atque
1415 1415 1447 1442 ad
1470 1423 1531 1447 nos.
1549 1415 1595 1450 qui
1617 1424 1707 1451 quon-

917 1463 979 1490 dam
994 1463 1033 1490 tui
1049 1462 1151 1490 similes
1166 1469 1286 1493 eramus,
1303 1469 1377 1488 nunc
1402 1465 1503 1492 autem,
1522 1461 1543 1489 si
1562 1469 1610 1496 per
1627 1466 1652 1489 te
1669 1463 1707 1489 ita

918 1509 995 1544 loqui
1013 1509 1105 1540 liccat,
1123 1511 1150 1534 te
1177 1508 1332 1542 superiores
1355 1515 1460 1539 sumus,
1485 1510 1512 1533 te
1530 1508 1709 1542 aggregabis?

917 1554 958 1581 An
972 1558 999 1581 tu
1015 1553 1130 1588 longiori
1148 1552 1228 1588 148
1240 1552 1364 1580 oratione
1378 1552 1574 1580 de'mulcendus
1590 1553 1640 1580 es?
1655 1551 1706 1584 Ne,

72 1596 180 1630 ἔχοντα,
196 1597 228 1623 τὸ
250 1598 305 1624 πᾶν
327 1598 472 1627 ἐλλείπειν.
496 1600 528 1627 Et
547 1600 601 1636 γὰρ
623 1601 640 1636 ὴ
663 1600 735 1636 ἀρχὴ
758 1600 813 1636 (99.)
835 1600 865 1627 τὸ

923 1605 1019 1634 pueso,
1046 1597 1160 1624 miriﬁce
1176 1598 1227 1629 vir,
1250 1605 1284 1624 ne
1299 1597 1325 1624 id
1352 1601 1507 1632 exspectes.
1525 1597 1616 1632 Turpe
1634 1599 1706 1625 enim

71 1644 158 1678 ἣμισυ
183 1643 232 1669 τοῦ
246 1643 346 1676 παντὸς
373 1644 486 1678 γίνεται,
513 1646 561 1673 τοῦ
588 1647 709 1682 ἡμίσεως
732 1647 763 1673 τὸ
788 1646 869 1674 πλέον

71 1687 98 1712 τί
130 1686 194 1714 ἄλλο
224 1695 274 1721 γε,
305 1688 322 1723 ἢ
348 1688 380 1715 τὸ
407 1689 480 1723 xiv;
508 1690 540 1716 Εἰ
568 1691 617 1726 μὲν
647 1689 693 1718 οὖν
722 1691 870 1727 ἀρκοῦντες

71 1733 155 1767 ἡμεῖς
173 1732 212 1763 εἰς
228 1733 401 1768 παραίνεσιν,
425 1734 481 1770 ἔχει
497 1735 582 1763 ταῦτα
596 1737 698 1769 καλῶς,
716 1738 763 1764 καὶ
785 1738 868 1774 μηδὲν

73 1779 155 1806 πλέον
168 1779 361 1815 ὲπιζητείσθω.
376 1782 407 1807 Et
423 1782 451 1808 δὲ
462 1781 502 1808 δεῖ
513 1791 554 1808 σοι
565 1783 611 1809 καὶ
626 1783 783 1819 κρείσσονος
799 1792 868 1818 συμ-

73 1825 183 1857 ϐούλου,
213 1825 284 1860 μετὰ
308 1826 407 1862 βουλῆς
434 1827 484 1862 μὲν
500 1828 649 1855 οίνοποτεῖν
672 1829 796 1864 Σολομών
826 1839 866 1856 σοι

73 1869 291 1904 παρακελεύεται
305 1870 374 1905 (95),
396 1871 439 1898 ἵνα
465 1871 502 1907 μὴ
520 1873 552 1907 τῇ
577 1873 625 1899 τοῦ
646 1873 704 1908 βίου
724 1873 794 1910 μέθῃ
819 1875 867 1901 καὶ

71 1915 133 1950 δίνῃ
147 1911 328 1951 περὶτραπῇς.
359 1916 428 1950 Ἐγὼ
441 1917 470 1944 δέ
486 1918 512 1944 τί
528 1927 600 1954 φημι
619 1919 715 1955 μικρὸν
728 1920 777 1955 τῆς
797 1929 866 1955 συμ-

73 1961 173 1998 ϐουλῆς
196 1962 390 1998 παρατρέψας·
419 1963 496 1991 Μετὰ
522 1964 589 1990 Θεοῦ
613 1964 752 2000 βουλεύου,
770 1967 817 1992 καὶ
835 1966 866 1992 οὐ

73 2009 272 2046 διαμαρτήσεις
285 2011 331 2038 τοῦ
349 2012 464 2044 δέοντος.

920 1649 972 1677 est.
988 1652 1050 1672 cum
1067 1645 1112 1679 qui
1129 1644 1287 1678 ampliorem
1302 1643 1401 1671 habeat
1419 1649 1534 1679 partem,
1550 1647 1637 1671 totum
1651 1652 1707 1672 non

920 1691 1044 1724 adipisci.
1073 1690 1139 1717 Nam
1165 1690 1188 1717 si
1207 1689 1369 1724 principium
1393 1690 1475 1717 totius
1503 1690 1541 1717 rei
1563 1690 1707 1717 dimidium

919 1743 972 1770 est,
986 1737 1057 1772 quod
1075 1737 1217 1764 dimidium
1242 1736 1359 1768 excedit,
1378 1736 1442 1770 quid
1461 1735 1545 1767 aliud,
1563 1744 1645 1771 quam
1667 1741 1707 1763 to-

919 1789 976 1811 tum
992 1791 1054 1812 esse
1069 1784 1174 1818 queat?
1190 1783 1230 1810 Ac
1244 1783 1266 1810 si
1284 1782 1392 1817 quidem
1404 1782 1519 1810 consilio
1533 1787 1626 1810 nostro
1642 1789 1708 1809 cou-

919 1833 1010 1857 tentus
1028 1837 1068 1861 es,
1090 1830 1220 1864 praeclare
1236 1837 1280 1857 res
1300 1829 1391 1860 habet,
1408 1836 1458 1856 nec
1474 1829 1622 1864 quidquam
1638 1836 1709 1863 pra--

919 1879 992 1902 terea
1012 1875 1178 1911 requiratur.
1199 1875 1247 1902 Sin
1268 1878 1360 1902 autem
1376 1875 1424 1901 tibi
1441 1874 1631 1909 praestantiore
1649 1882 1708 1901 mo-

920 1921 1010 1948 nitore
1036 1928 1104 1956 opus
1119 1924 1171 1952 est,
1189 1920 1255 1948 illud
1279 1920 1388 1955 quidem
1415 1924 1508 1947 monet
1528 1920 1658 1946 Salomon
1672 1920 1708 1951 ⁸⁵.

921 1970 950 1993 ιιι
964 1974 1026 1993 cum
1043 1967 1158 1994 consilio
1183 1967 1276 1994 vinum
1294 1966 1381 1998 bibas,
1397 1974 1431 1993 ne
1450 1965 1545 1992 mundi
1568 1966 1649 2000 hujus
1666 1969 1708 1992 te-

921 2015 1053 2042 mulentia
1067 2020 1094 2042 et
1110 2014 1243 2050 vertigine
1271 2014 1371 2049 agaris.
1401 2014 1456 2050 Ego
1481 2018 1571 2041 autem
1593 2013 1710 2041 consilio

75 2059 132 2094 isto
147 2056 271 2084 nonnihil
297 2058 452 2091 immutato,
475 2058 528 2086 hoc
547 2059 609 2087 dico
625 2070 631 2087 :
650 2059 716 2088 Cum
751 2061 807 2090 Deo
839 2062 986 2090 consilium
1000 2069 1077 2098 cape,
1091 2066 1119 2090 et
1134 2062 1167 2089 ab
1183 2061 1272 2089 oﬂicio
1290 2061 1403 2089 minime
1418 2061 1572 2089 aberrabis.

113 2145 137 2161 ”
154 2144 237 2173 Eecli.
246 2154 322 2179 xui,
336 2146 380 2174 52.

113 2234 171 2270 (83)
187 2236 242 2274 _’I_'tg
255 2237 423 2274 αῑρόμενος.
444 2235 562 2274 hiontac.
586 2239 613 2274 et
628 2235 724 2274 Morel._
741 2235 860 2274 αἰωρού-

923 2237 1004 2274 Μ(87)
1025 2238 1222 2274 Πρὸςγτιιῦτα
1251 2239 1300 2266 ἴθι.
1330 2238 1375 2267 Sic
1392 2239 1465 2267 enim
1490 2240 1645 2274 legendum,
1671 2241 1710 2267 ait

77 2278 170 2306 μενος.
187 2271 266 2298 Hunc
283 2272 371 2298 locum
392 2271 474 2298 vertit
489 2270 550 2298 Bill.
568 2280 574 2298 :
591 2270 632 2297 Ea:
651 2279 682 2297 ea
697 2271 756 2305 plus
780 2270 860 2298 dede-

74 2306 148 2332 coris
164 2307 295 2340 quispiam
317 2307 414 2339 capiat.
434 2307 457 2332 si
484 2306 572 2334 animo
594 2306 720 2340 efferatur
741 2314 819 2336 quam
838 2306 862 2333 si

75 2340 234 2372 irrideatur.
252 2349 282 2367 ac
298 2341 408 2376 denique
423 2341 623 2376 magrzatrhujus
646 2349 729 2368 scenae
744 2341 861 2372 ludicra,

75 2383 203 2410 nugaeque
220 2376 360 2403 theatriraz.
381 2376 486 2403 Etenim
509 2375 544 2401 τὰ
563 2376 675 2410 παίγνια
689 2377 744 2411 regi
761 2381 860 2410 potest.

75 2412 122 2438 vel
143 2419 158 2437 a
172 2412 316 2446 participio
329 2411 493 2446 γελώμενος.
509 2418 557 2446 pro
572 2411 667 2445 γελῶν,
684 2412 725 2439 vel
746 2419 760 2438 ιι
779 2412 862 2437 νυιιΙιο

76 2445 246 2481 ὲρρέτώσαν,
269 2450 297 2472 ιιι
311 2445 409 2473 omnia
425 2446 495 2473 inter
510 2445 689 2472 ἀπόπτυστον
710 2450 737 2474 et
751 2445 785 2473 τὰ
812 2447 860 2481 τῇς

79 2480 236 2516 μεγάλης...
254 2481 377 2516 legantur
391 2481 603 2516 παρενθετικῶς,
622 2481 766 2516 participio
780 2480 866 2515 γελώκ

79 2525 162 2552 μενος
178 2516 285 2552 passive
301 2521 420 2550 sumpto.

115 2550 185 2585 (84)
199 2551 265 2584 Τοῖς
283 2551 326 2577 ἔτι
338 2551 467 2585 μικροῖς.
486 2550 525 2578 Ex
552 2551 658 2578 caelesti
682 2550 864 2585 philosophia,

78 2586 181 2622 inquit,
202 2586 252 2613 hoc
268 2587 435 2620 assequeris.
450 2591 480 2613 ut
495 2591 522 2614 et
538 2586 565 2613 in
582 2587 633 2622 hac
647 2586 701 2613 vita
715 2586 820 2622 clarum
840 2590 866 2612 et

79 2620 188 2649 celebre
214 2622 248 2649 si!
265 2656 268 2657 ν
287 2629 386 2648 nomen
410 2626 487 2648 tuum
518 2621 664 2657 (siquidem
690 2620 809 2648 nondum
833 2628 866 2657 eo

80 2660 228 2690 provectus
248 2656 287 2683 sis
303 2660 331 2683 ut
346 2656 493 2683 humanam
511 2656 624 2690 gloriam
640 2656 777 2691 spernas),
795 2659 822 2682 et
836 2656 863 2682 in

80 2691 174 2718 futuro
191 2699 249 2718 aevo
264 2691 435 2726 splendidum
449 2695 476 2726 et
491 2691 606 2718 illustre.

116 2727 173 2762 (85)
194 2727 268 2762 Oeba-
284 2726 431 2762 γενέσθαι.
450 2725 567 2762 Μοιιιιιιιἶ
592 2729 618 2762 et
638 2725 731 2754 Morel.
753 2725 867 2761 πλησίον

79 2761 148 2788 θεοῦ
165 2761 302 2795 γενέσθαι.
318 2761 372 2788 Deo
389 2762 537 2795 promimum
551 2761 620 2795 ﬁeri.

117 2794 175 2831 (86)
194 2796 239 2829 Τῷ
253 2797 289 2823 ἐν
308 2796 344 2830 τῇ
367 2796 478 2830 τρισσῇ
501 2794 618 2830 μονάδι.
641 2795 703 2823 Bill.
723 2804 729 2822 :
747 2794 822 2831 Quod
841 2795 869 2822 in

83 2830 179 2863 triplici
205 2833 317 2858 unitate.
344 2831 396 2858 Sed
415 2840 466 2858 vox
495 2831 594 2858 triplici
620 2831 715 2859 durior
739 2830 867 2863 nimium,

83 2873 133 2894 nec
148 2867 264 2902 probata
279 2867 420 2903 theologis.

916 2272 990 2302 ΒῑΙί..
1014 2272 1090 2300 ιιιίιι
1111 2273 1204 2303 Frob..
1229 2283 1283 2301 non
1301 2275 1369 2306 ἴσθε,
1388 2279 1418 2301 ιιι
1443 2276 1470 2301 in
1497 2272 1616 2309 llérvag.
1632 2280 1658 2302 et
1680 2275 1709 2302 in

916 2309 1078 2346 quibusdam
1096 2310 1161 2346 edit.
1187 2309 1374 2346 ΜΟΧηπτεροῠ
1394 2311 1426 2346 τῇ
1444 2309 1558 2345 διανοίᾳ.
1584 2310 1621 2337 Ita
1634 2311 1708 2346 food.

917 2343 976 2370 Par.
995 2348 1022 2370 et
1035 2344 1164 2380 (Iombef.
1188 2344 1217 2371 ln
1234 2345 1308 2380 redit.
1329 2343 1432 2380 ’πτερῶ
1449 2347 1481 2380 τῇ
1498 2343 1612 2380 διανοίᾳ.
1633 2345 1710 2372 Μυιι-

918 2383 1018 2415 tacict
1031 2378 1127 2415 Morel.
1145 2379 1245 2415 πτεροῦ
1262 2380 1311 2415 τὴν
1329 2378 1459 2406 διάνοιαν.

952 2413 1008 2447 (88)
1029 2414 1105 2447 Ἕως
1127 2413 1174 2442 οὗ.
1193 2412 1230 2442 ita
1257 2412 1318 2442 cod.
1336 2415 1416 2441 2022.
1447 2415 1473 2442 In
1494 2415 1559 2442 edit.
1575 2412 1605 2441 οὗ
1622 2415 1708 2443 deest.

956 2449 1011 2483 (89)
1033 2449 1130 2476 Ταῦτα
1146 2451 1301 2484 εὐρίσκῃς.
1319 2450 1386 2477 Cod.
1405 2449 1470 2485 Reg.
1490 2450 1637 2485 εὑρίσκοις.

955 2484 1011 2551 (90)
1030 2485 1105 2511 Alias
1119 2485 1190 2512 CXX
1218 2485 1326 2520 Scripta
1342 2485 1438 2512 eodem
1449 2484 1540 2511 anno.

955 2519 994 2551 (9|
1032 2519 1086 2546 Kal.
1107 2521 1274 2551 μεταθήσῃ.
1294 2520 1353 2546 Bill.
1372 2529 1378 2547 :
1398 2519 1429 2546 Et
1446 2520 1540 2546 eruditi

955 2519 1011 2554 (9|)
1032 2519 1086 2546 Kal.
1107 2519 1353 2554 μεταθήσῃ-ΕΗΒ
1372 2529 1378 2547 :
1398 2519 1429 2546 Et
1446 2520 1620 2547 eruditionem
1636 2528 1709 2547 cem-

919 2553 1045 2591 onzttabis.
1072 2553 1190 2583 Montac.
1209 2560 1236 2582 et
1255 2554 1349 2591 Morel.
1367 2555 1410 2580 ἵνα
1423 2554 1575 2591 μεταθήσῃ.

955 2589 1010 2624 (92)
1029 2590 1063 2616 El
1079 2590 1133 2624 γὰρ
1148 2591 1167 2623 ἡ
1190 2589 1279 2625 ἀρχή.
1298 2589 1408 2625 ltailres
1423 2584 1505 2617 codd.
1522 2584 1601 2625 ἱιές..
1615 2591 1710 2624 sicque

920 2624 1232 2661 legendumiproponit
1253 2625 1324 2661 pili.
1341 2624 1371 2651 In
1398 2625 1463 2661 edit.
1487 2626 1508 2659 ,ἡ
1545 2624 1599 2661 γὰρ
1627 2626 1709 2661 ἀρχή,

921 2661 997 2687 deest
1014 2661 1046 2686 εί.
1066 2660 1111 2687 Sic
1130 2660 1235 2693 llorat.,
1252 2659 1361 2694 lEpist.
1381 2668 1410 2691 ιι,
1428 2660 1463 2686 40
1480 2669 1486 2686 :

1063 2705 1210 2733 Dimidium
1225 2705 1304 2740 facti,
1321 2706 1366 2740 qui
1379 2706 1464 2739 mpii,
1481 2705 1568 2732 liabet.

958 2750 1013 2786 (95)
1034 2752 1282 2784 Παρακελεύεται.
1314 2750 1409 2778 Plures
1432 2750 1512 2778 codd.
1539 2755 1565 2777 et
1586 2749 1710 2786 Combef.

923 2782 1117 2813 διακελεύεται.
1132 2787 1206 2817 Mox,
1221 2787 1268 2813 τοῦ
1286 2786 1353 2821 βίου.
1368 2786 1414 2814 Sic
1440 2785 1503 2813 Par.
1513 2792 1539 2813 et
1554 2790 1610 2814 tres
1626 2785 1710 2821 Regg.
1738 2782 1741 2786 ’

924 2820 996 2849 Edit.
1012 2822 1136 2850 nonnulli
1149 2822 1196 2849 τοῦ
1212 2820 1294 2850 οῐνουζ

1727 2698 1738 2723 ὸ
