1931 3056
237 148 285 175 511

834 152 862 179 S.
884 152 1048 183 GREGORll
1068 154 1238 183 THEOLOGI

1807 164 1865 193 512

238 205 456 240 quandoqnidcrii
490 215 556 235 usus
585 209 714 240 obtinuit,
746 214 775 237 ut
801 211 923 246 ejusdem
952 215 1018 242 artis

1080 216 1163 251 ιπειδὴ
1189 216 1314 252 νενίκηκε
1339 218 1406 250 τοὺς*
1425 218 1586 254 ὁμοτέχνους
1609 220 1782 256 ἀντιτέχνους
1810 231 1863 249 κα-

239 251 411 286 professores
436 253 584 289 ἀντίτεχνοι
598 275 605 284 ,
630 255 657 282 id
677 259 728 286 est,
746 257 814 283 artis
834 259 924 286 zemuli
941 263 1023 295 alque

238 297 387 325 adversarii
413 303 555 326 vocentur.
582 300 660 335 157
686 301 834 338 Quousque
857 305 928 331 enim
952 305 1025 334 ista?

238 341 419 376 Nunquamne
440 344 597 378 sophisticae
619 346 684 373 huic
708 347 902 375 obtrectationi
920 354 947 378 et
965 358 1024 378 ma-

239 386 392 415 ledicentia:
423 388 503 416 finem
530 391 701 418 statuemus?
723 392 763 419 An
791 395 1022 429 exspectabimus,

227 432 303 458 idum
336 440 410 460 mors
437 434 471 460 ab
497 434 548 461 hac
576 435 751 470 improbitate
784 446 835 465 nos
865 439 1024 476 abrumpat?

238 477 338 505 Juvcni
355 479 429 506 enim
453 479 580 513 fortasse,
597 481 708 510 honoris
726 483 876 519 cupiditate
887 485 1023 521 ﬂagranti,

239 524 391 558 opibusque
413 525 541 557 inhianti,
566 527 612 561 qui
641 528 698 555 haec
722 530 802 557 modo
825 537 905 565 parce
930 531 1022 563 faciat,

239 570 365 596 nonnihil
389 570 475 597 venia:
493 571 551 598 dari
571 573 657 608 possit
670 574 747 602 (libet
770 576 843 602 enim
860 577 887 603 in
909 578 1023 612 gratiam

239 618 314 641 tuam
348 615 537 645 Demosthenis
572 619 662 647 verbis
700 620 898 655 aliquantulum
939 624 1021 658 uti):

239 660 377 688 hominem
392 666 483 688 autem
500 662 526 690 id
542 664 642 695 :ctatis,
664 670 744 700 atque
759 666 811 693 hoc
830 674 921 694 rerum
939 672 1022 700 statu,

228 706 350 741 'publice
371 707 453 734 alium
474 708 606 737 infamare
628 718 660 738 ac
687 712 808 740 vicissim
831 713 969 746 infamari,
986 715 1025 742 in-

240 752 432 787 tempestivum
460 759 573 788 prorsus
602 760 630 782 et
661 758 811 791 pertinacis
840 760 1023 788 contentionis

240 797 349 832 plenum
366 807 374 830 ;
390 806 444 826 non
460 799 548 826 solum
573 801 637 835 quia
656 802 707 837 hoc
721 804 832 831 omnino
847 805 1023 834 inhonestum

239 848 267 870 et
286 843 427 871 sordidum
443 849 495 876 est,
511 846 559 873 sed
571 847 651 874 etiam
667 848 731 883 quia
747 849 814 876 mira
830 855 872 878 est
887 850 968 885 hujus
983 853 1022 880 rei

240 888 369 920 facilitas,
386 890 499 924 perinde
518 897 551 918 ac
573 892 670 925 ﬂuctus
694 894 892 928 reriprocantis.
918 894 1023 924 Etenim
1039 895 1060 922 Β

228 939 341 961 -υιοιιιη
355 934 472 962 Homero
487 944 583 964 rursus
598 937 695 972 loquar
713 948 719 966 :

291 988 401 1016 Dictum
418 990 471 1018 tale
483 990 569 1024 feres,
585 991 663 1027 quale
678 997 703 1020 et
714 993 774 1027 jam
788 993 888 1021 dixeris
904 1003 969 1030 ipse.

239 1043 385 1072 Radentem
401 1054 480 1081 porro
500 1047 614 1074 vicissim
630 1048 723 1075 radere
741 1057 914 1085 nequaquam
932 1059 1024 1087 repre-

239 1091 413 1118 hendendqu
427 1096 480 1120 est.

275 1137 342 1170 Quae
353 1138 435 1173 igitur
447 1139 503 1166 haec
516 1139 650 1174 sapientia
669 1144 711 1169 est
724 1149 786 1168 cum
802 1141 903 1170 virtute
915 1143 1025 1172 vincere

241 1183 332 1215 liccat,
354 1185 421 1211 vitio
448 1185 584 1220 superari,
604 1190 650 1213 aut
676 1187 757 1214 etiam
780 1196 921 1224 superare,
951 1191 1023 1225 quod

240 1230 327 1257 multo
345 1230 423 1265 pejus
440 1231 504 1258 est?
523 1231 557 1259 At
573 1232 626 1260 hoc
648 1241 758 1268 quoque
775 1235 896 1266 nomine,
915 1238 944 1262 ut
960 1243 1026 1262 vere

241 1276 349 1311 loquar,
373 1276 482 1312 iudices
511 1279 683 1307 accusandos
713 1287 776 1307 esse
800 1287 911 1313 censeo,
939 1280 1023 1316 quod,

239 1331 302 1358 qua:
319 1331 369 1358 pro
393 1324 526 1352 tribunali
541 1325 684 1358 damnant,
703 1326 799 1354 eadem
815 1334 877 1354 cum
896 1328 1023 1359 audiunt,

239 1369 364 1396 laudant.
387 1369 443 1397 Nec
466 1369 494 1397 id
515 1371 616 1404 solum,
631 1371 680 1399 sed
695 1372 796 1400 multos
809 1372 890 1399 etiam
907 1372 1024 1403 habent.

240 1415 287 1450 qui
312 1415 394 1443 simul
422 1416 542 1450 laudent,
565 1424 597 1445 ac
621 1417 719 1445 vitium
745 1419 909 1450 accendant,
942 1423 1026 1454 atque

239 1461 295 1488 huc
312 1469 400 1496 usque
420 1462 446 1489 in
464 1466 556 1497 partes
570 1467 597 1491 et
615 1463 706 1491 studia
725 1463 837 1492 dissecti
855 1465 922 1493 siut.
939 1465 1024 1500 Atqui

240 1507 369 1534 convenit
384 1511 425 1540 ιιι,
449 1508 471 1535 si
497 1508 556 1535 haec
578 1508 647 1536 falsa
667 1509 872 1545 existimentur,
891 1518 945 1539 non
963 1511 1024 1539 lau-

240 1552 360 1580 dentur:
390 1552 414 1579 si
444 1557 534 1580 autem
565 1561 630 1581 vcra
654 1562 715 1582 esse
731 1555 879 1584 credantur
905 1556 1024 1592 publice,

238 1598 424 1633 iudicentur;
450 1603 498 1628 aut
520 1600 603 1628 etiam
628 1601 699 1629 hanc
724 1602 858 1630 rationem
882 1603 1024 1636 adhibere,

240 1648 269 1670 ut
288 1645 310 1671 si
327 1643 397 1672 falsa
418 1645 598 1680 objiciuntur,
615 1651 790 1675 accusatores
815 1652 1021 1683 cosrguantur:

241 1690 285 1717 sin
306 1698 380 1723 vera,
403 1691 423 1718 ii
443 1691 577 1719 adversus
596 1700 666 1728 quos
689 1693 777 1720 oratio
802 1694 940 1727 habetur;
967 1702 1022 1721 non

240 1740 333 1763 autem
358 1736 516 1771 permittere
534 1742 565 1765 ut
582 1738 715 1767 nobilium
737 1740 859 1767 virorum
879 1740 1064 1772 existimatio,

240 1781 350 1810 hibeatu
355 1791 377 1810 r.

276 1831 377 1863 Quare,
395 1831 417 1858 si
435 1839 496 1859 meo
510 1833 627 1859 consilio
646 1833 749 1868 paretis
772 1834 931 1870 (utrumque
950 1835 1024 1863 enim

241 1876 395 1911 alloquor),
413 1876 571 1911 huiusmodi
598 1886 741 1906 sermones
761 1883 788 1907 et
807 1879 1025 1915 vituperationes

241 1921 333 1950 valere
348 1921 442 1954 sinite,
462 1922 486 1950 si
502 1923 570 1953 nihil
586 1923 670 1956 aliud,
684 1924 793 1952 canitiei
808 1929 882 1952 certe
897 1933 1025 1953 reveren-

241 1968 290 2001 tia,
306 1972 353 1995 aut
375 1969 457 1996 etiam
483 1976 576 1996 rerum
602 1970 824 2005 turpissimarum
851 1971 1023 1999 lassitudine.

240 2013 296 2049 Ipsi
323 2022 388 2042 vero
419 2016 447 2042 in
468 2015 590 2043 animum
622 2016 743 2045 inducite
768 2018 854 2045 veteri
878 2019 1026 2053 praverbio

240 2061 367 2097 obsequi,
379 2061 452 2097 quod
470 2062 583 2090 virtutis
600 2063 702 2090 cultum
719 2064 846 2099 amplecti
859 2065 949 2100 jubet,
962 2073 1024 2092 cum

241 2108 311 2134 satis
331 2107 364 2134 ad
380 2107 482 2134 victum
500 2109 598 2142 amplae
619 2108 763 2136 facultates
785 2113 860 2138 sunt.
880 2109 937 2136 Nec
962 2117 1024 2136 cum

240 2153 320 2181 vobis
334 2153 412 2188 ipsis,
429 2158 485 2182 tum
499 2154 630 2188 iuvenum
648 2154 706 2190 spei
723 2154 837 2183 insidias
856 2159 1023 2190 comparate,
1041 2158 1063 2185 ι)

241 2231 293 2258 bus
306 2231 366 2258 illos
377 2234 538 2266 prastantcs
554 2231 639 2266 fuisse
656 2230 759 2259 volunt.
778 2231 816 2259 De
831 2235 888 2259 toto
904 2231 956 2259 hoc
971 2240 1027 2259 ma-

241 2264 391 2301 leficiorum
402 2274 509 2300 genere.
516 2264 729 2301 vide'Gyraldum
740 2267 786 2294 lib.
799 2266 834 2293 De
842 2267 892 2294 diis
900 2268 1024 2301 gentium.

242 2301 280 2327 lle
295 2300 470 2328 Telchinibus
485 2306 573 2328 autent
589 2300 650 2329 vide
670 2301 781 2328 Suidam
797 2302 829 2328 ad
850 2300 943 2329 vocem
959 2302 1026 2328 Τελ-

260 2337 325 2373 ζνες,
343 2340 370 2363 et
395 2335 538 2363 Erasmum
564 2336 592 2363 in
615 2336 729 2373 Adagio,
752 2336 821 2363 Novi
835 2336 979 2370 Simonem,
1001 2342 1026 2364 et

264 2378 334 2397 tmon
353 2378 402 2397 me.

278 2406 334 2440 (86)
351 2406 504 2440 Κυρίττειν
528 2413 560 2432 te
579 2406 629 2433 καὶ
647 2406 845 2440 κυρίττεσθαι.
870 2405 929 2433 Non
957 2406 1027 2434 male

240 2440 304 2477 Bill.
327 2441 513 2477 metaphoram
537 2441 665 2477 reddidit,
685 2441 732 2468 sed
751 2441 850 2476 legisse
864 2442 1027 2477 videturzq-

243 2475 408 2512 pdﬁstvi'ca’
421 2476 469 2512 καὶ
485 2476 675 2512 κηρύττεσθαι.
695 2476 740 2503 Sic
764 2475 845 2503 habet
873 2476 934 2512 cod.
961 2475 1025 2510 Reg.

241 2511 364 2538 (lombel'.
383 2511 561 2546 κυρίττειντε
577 2511 624 2538 καὶ
647 2511 829 2546 κυρίττεσθαι.
846 2511 967 2538 cornibus
981 2519 1028 2546 pe-

241 2550 296 2572 tere
310 2554 340 2572 ac
354 2546 468 2582 vicissim
479 2547 542 2582 peti,
557 2546 725 2582 petulcorum
737 2546 850 2573 arietum
865 2553 956 2580 more;
967 2553 1028 2581 qua:

241 2581 439 2616 grammaticis,
457 2581 556 2616 inquit,
572 2582 672 2608 usitata
693 2582 770 2608 vor:is
793 2581 915 2616 acceptio
932 2587 958 2610 et
979 2589 1028 2608 au-

242 2615 366 2651 ctoribus
381 2617 506 2651 probata.
522 2615 577 2642 Hoc
590 2616 708 2644 fortasse
718 2615 881 2651 signiﬁcavit
896 2616 1028 2644 Horatius

242 2651 271 2676 in
288 2649 352 2677 Odia
365 2649 494 2677 {Parata
507 2651 571 2677 tollo
590 2659 700 2679 cornua.

280 2685 335 2720 (87)
359 2685 500 2712 ὀπποῖόν
521 2687 546 2711 κ’
570 2686 699 2720 ειπῃσθα
720 2685 802 2719 ἔπος,
825 2685 907 2713 τοῖόν
931 2687 958 2712 κ’
978 2685 1029 2712 ἐπ-

241 2721 400 2753 ακούσαις.
410 2721 483 2746 Talia
490 2720 590 2752 audies,
599 2721 690 2755 qualia
696 2722 721 2747 in
729 2721 794 2748 alios
801 2721 910 2748 dixeris.
918 2720 1026 2749 “illius:

304 2755 406 2781 Dictum
425 2756 477 2790 tale
495 2756 561 2789 fere:
577 2756 654 2790 quale
677 2761 737 2783 ante
755 2757 888 2783 interseri:
911 2756 975 2790 ipse.

243 2788 330 2850 avg-ba
349 2794 411 2818 sunt
421 2788 514 2818 [Eucte
528 2791 560 2818 ad
579 2788 720 2823 Achillem,
736 2790 815 2819 Iliad.
837 2792 883 2818 lih.
899 2788 943 2824 α,
955 2797 1027 2819 vers.

1074 261 1140 289 λεῖν.
1162 262 1252 298 Μέχρι
1272 262 1344 294 τίνος
1363 263 1417 299 γὰρ
1435 264 1534 297 ταῦτα;
1560 265 1606 292 καὶ
1631 266 1683 293 ποῦ
1705 267 1863 302 στησόμεθα

1073 307 1124 343 τῆς
1145 309 1306 343 σοφιστικῆς
1328 309 1474 345 ὲπηρείαςς
1494 311 1546 343 ἕως
1564 311 1597 338 ἂν
1617 312 1644 338 τί
1663 312 1790 348 γένηται;
1809 313 1863 347 ἓως

1074 353 1106 380 ἂν
1117 353 1230 386 θάνατος
1239 355 1312 390 ἡμᾶς
1317 355 1430 392 διακόψῃ
1436 357 1484 392 τῆς
1490 357 1621 392 πονηρίας
1629 366 1636 390 ;
1642 358 1734 385 Ταῦτα
1740 358 1794 394 γὰρ
1803 359 1863 385 νέον

1075 399 1124 435 μὲν
1139 400 1212 431 ὂντα,
1226 401 1379 437 φιλοτιμίας
1393 402 1556 438 ἡττώμενον,
1571 403 1681 439 κέρδους
1699 405 1860 439 μεταποιού-

1075 453 1164 480 μενον,
1176 445 1223 472 καὶ
1235 446 1294 472 τότε
1313 447 1431 482 μετρίως
1445 448 1541 479 ποιεῖν,
1557 448 1612 483 ἔχει
1624 449 1683 476 τινὰ
1696 449 1862 486 συγγνώμην

1074 493 1082 523 (
1092 490 1189 526 μικρὸν
1204 491 1258 526 γάρ
1277 500 1303 518 τι
1325 493 1524 530 Δημοσθενήσω
1541 494 1590 530 σὴν
1609 495 1710 530 χάριν)·
1729 495 1758 523 ὲν
1774 495 1863 532 τούτῳ

1073 537 1101 563 δὲ
1123 537 1172 572 τῆς
1194 538 1311 572 ἡλικίας.
1335 539 1383 565 καὶ
1400 539 1472 566 οὕτω
1493 541 1656 576 πράττοντα,
1675 542 1812 577 κυρίττειν
1831 550 1862 569 τε

1075 583 1122 610 καὶ
1147 583 1320 619 κυρίττεσθαι
1342 585 1413 620 (86),
1440 586 1579 618 παντελῶς
1604 587 1692 622 ἄωρον
1713 587 1760 614 καὶ
1785 587 1862 622 φιλό-

1074 637 1172 660 νεικον,
1191 630 1220 656 οὐ
1234 630 1313 664 μόνον
1324 631 1365 657 ὅτι
1379 631 1499 666 ἀπρεπὲς
1511 632 1557 658 καὶ
1569 632 1741 659 παντάπασιν
1751 632 1862 659 ἀνελεύ-

1074 673 1168 710 θερον,
1185 675 1242 701 ἀλλ’
1258 677 1298 703 ὅτι
1314 677 1361 702 καὶ
1375 677 1500 713 ῥᾳστώνη
1517 677 1601 714 πολλὴ
1616 678 1663 705 τοῦ
1682 678 1860 714 πράγματος,

1080 735 1221 763 Ὀπποῑόν
1226 737 1253 764 κ’
1259 737 1390 772 εἴπῃσθα
1397 738 1480 770 ἔπος,
1487 738 1598 765 τοῖόνκ*
1604 738 1785 772 ἐπακούσαις
1791 738 1862 774 (87).

1075 820 1201 857 καθάπερ
1224 821 1372 856 ῥεύματος
1402 822 1671 858 ἀντιστρέφοντος·
1697 822 1779 850 πάλιν
1807 823 1865 861 γὰρ

1081 867 1193 903 Ὁμήρῳ
1210 868 1411 904 συγχρήσομαι·

1248 976 1255 983 .
1295 957 1350 984 Τὸν
1361 957 1472 990 εὐοντιι
1484 955 1517 983 δὲ
1532 957 1683 990 ἀντιξυειν

1074 1065 1214 1098 παντελῶς
1227 1064 1416 1100 ἀνεπίφθονον.

1109 1143 1157 1175 Τίς
1169 1140 1216 1170 οὖν
1232 1143 1249 1179 ἡ
1265 1142 1360 1177 σοφία,
1374 1143 1433 1175 ἐξὸν
1448 1143 1530 1179 ἀρετῇ
1548 1143 1709 1179 πρωτεύειν,
1724 1143 1860 1178 ἡττᾶσθαι

1074 1188 1168 1224 κακίᾳ,
1184 1188 1201 1224 ἢ
1220 1188 1267 1215 καὶ
1281 1189 1375 1224 νικᾷν,
1386 1188 1401 1214 ὃ
1416 1188 1506 1224 πολλῷ
1521 1189 1611 1225 χεῖρόν
1625 1190 1712 1222 ὲστιν;
1732 1189 1789 1216 ἀλλ’
1804 1190 1864 1225 ἐγώ

1073 1242 1106 1268 γε
1118 1234 1163 1260 καὶ
1178 1234 1231 1260 τῶν
1243 1233 1376 1261 δικαστῶν
1393 1233 1472 1260 τοῦτο
1487 1233 1640 1269 μέμφομαι,
1654 1235 1792 1270 εἰρήσεται
1806 1234 1863 1273 γὰρ

1073 1279 1201 1315 τάληθὲς,
1212 1279 1252 1306 ὄτι
1264 1279 1282 1306 ἃ
1293 1278 1437 1311 κολάζουσι
1448 1279 1597 1315 κρίνοντες,
1605 1279 1692 1306 ταῦτα
1705 1279 1864 1307 ἐπαινοῦσιν

1074 1324 1254 1361 ἀκροώμενοι.
1274 1325 1311 1351 Οὐ
1330 1324 1409 1360 μόνον
1426 1324 1465 1357 δὲ,
1487 1324 1554 1351 ἀλλὰ
1573 1325 1620 1351 καὶ
1639 1323 1752 1356 πολλοὺς
1769 1323 1863 1359 ἔχουσι

1073 1372 1136 1404 τοὺς
1152 1371 1354 1405 ωνεπαινὲτας,
1369 1371 1417 1398 καὶ
1435 1371 1484 1406 τὴν
1501 1371 1599 1398 κακίαν
1616 1370 1799 1402 ἀνάπτοντας,
1813 1370 1864 1398 καὶ

1074 1419 1134 1449 ταῖς
1153 1417 1279 1449 σπουδαῖς
1298 1417 1361 1454 ἄχρι
1382 1417 1475 1446 τούτου
1499 1417 1724 1454 μεμερισμένους·
1745 1417 1814 1449 δέον,
1836 1417 1863 1443 εί

1076 1464 1126 1500 μὲν
1145 1464 1310 1496 ἀπιστεῖται,
1332 1464 1370 1500 μὴ
1393 1463 1572 1490 ἐπαινεῖσθαι’
1593 1464 1618 1490 εἰ
1640 1463 1668 1494 δὲ
1690 1462 1861 1496 πιστεύεται,

1074 1509 1191 1546 δημοσίᾳ
1217 1510 1366 1546 κρίνεσθαι”
1389 1509 1406 1544 ἢ
1428 1509 1512 1543 οὕτω,
1543 1510 1567 1538 εἰ
1598 1509 1647 1545 μὲν
1669 1508 1769 1544 ψευδῆ,
1797 1509 1863 1540 τοὺς

1076 1556 1246 1592 κατηγόρους
1273 1555 1436 1592 ἐλέγχεσθαι.
1458 1556 1542 1591 (88)·
1571 1555 1596 1583 εί
1618 1555 1647 1582 δὲ
1670 1555 1773 1591 ἀληθῆ,
1797 1553 1864 1586 τοὺς

1077 1602 1137 1628 καθ’
1154 1599 1191 1629 ὢν
1206 1603 1220 1628 ὁ
1238 1602 1330 1637 λόγος·
1349 1602 1396 1629 καὶ
1416 1602 1454 1638 μὴ
1472 1601 1556 1634 οὕτω,
1580 1602 1709 1637 μέγιστον
1729 1601 1863 1637 πρᾶγμα,

1076 1649 1127 1684 τὴν
1154 1648 1209 1675 τῶν
1239 1646 1270 1675 εὖ
1299 1649 1448 1683 γεγονότων
1478 1648 1627 1684 ὑπόληψιν,
1658 1647 1730 1675 οὕτω
1762 1646 1863 1682 ῥᾳδίως

1076 1695 1228 1727 παίζεσοαι.

1085 1749 1131 1769 res
1161 1741 1273 1770 maximi
1306 1739 1448 1777 ponderis,
1483 1744 1538 1768 tam
1561 1739 1641 1767 facile
1660 1738 1780 1769 ludibrio
1811 1737 1863 1765 ad-

1112 1834 1146 1862 Εῐ
1166 1842 1192 1860 τι
1212 1830 1258 1860 οὖν
1278 1833 1338 1868 ἐμοὶ
1355 1831 1480 1859 πείθεσθε
1495 1831 1574 1868 (πρὸς
1591 1831 1645 1868 γὰρ
1660 1832 1830 1869 ἀμφοτέρους
1845 1831 1863 1860 ὀ

1077 1879 1177 1914 λόγος),
1189 1879 1252 1910 τοὺς
1267 1879 1316 1914 μὲν
1329 1878 1465 1910 τοιούτους
1478 1878 1573 1912 λόγους
1587 1878 1634 1904 καὶ
1646 1877 1746 1912 ψόγους
1756 1877 1863 1913 χαίρειν

1077 1924 1175 1950 ἐάσατε
1194 1923 1260 1958 (89),
1280 1923 1306 1949 ει
1324 1923 1361 1958 μή
1379 1931 1406 1950 τι
1427 1922 1499 1954 ἄλλο,
1517 1923 1567 1959 τὴν
1585 1922 1680 1949 πολιὰν
1697 1921 1862 1958 αἰδούμενοι,

1078 1969 1095 2004 ἢ
1113 1969 1160 1995 καὶ
1177 1969 1378 2004 ἀποκάμνοντες
1396 1968 1459 2003 (90)
1481 1969 1510 1994 ὲν
1526 1968 1584 2000 τοῖς
1603 1967 1759 2003 αἰσχίστοις.
1779 1968 1865 1996 Αὐτοὶ

1077 2016 1106 2042 δὲ
1119 2015 1296 2051 βουλεύσασθε
1309 2015 1364 2051 (91)
1376 2015 1425 2049 τὴν
1439 2014 1556 2043 παλαιὰν
1568 2014 1680 2049 τιμῆσαι
1693 2014 1864 2050 παραίνεσιν,

1078 2061 1143 2096 τὴν,
1163 2062 1227 2088 ὃταν
1249 2062 1264 2087 ὁ
1284 2061 1340 2096 βίος
1363 2060 1452 2092 ἱκανὸς
1512 2060 1578 2094 (92),
1601 2059 1701 2095 ἀρετὴν
1719 2060 1863 2088 ἀσκεῖσθαι

1078 2107 1250 2134 κελεύουσαν.
1276 2107 1330 2134 Καὶ
1352 2107 1402 2134 οὐκ
1427 2106 1630 2134 ἑπιϐουλεύσετε
1655 2106 1704 2141 μὲν
1725 2107 1789 2141 ὑμῖν
1813 2107 1864 2133 αὒ-

1077 2155 1134 2186 τοῖς
1151 2153 1217 2189 (95),
1236 2153 1441 2180 ἐπιϐουλεύσετε
1462 2152 1490 2179 δὲ
1507 2154 1565 2184 ταῖς
1586 2152 1640 2179 τῶν
1656 2151 1723 2178 νέων
1745 2151 1862 2187 ἐλπίσιν,

1117 2231 1172 2271 (88)
1190 2231 1377 2271 Κατῃγέρορς
1390 2231 1576 2266 ἐλέγχεσθαι.
1587 2229 1653 2258 Cod.
1669 2234 1697 2258 et
1710 2229 1777 2264 Reg.
1794 2239 1864 2271 κατ-

1077 2267 1194 2302 ηγόρους
1217 2267 1390 2302 κολάζεσθαι,
1414 2271 1580 2296 accusatores
1613 2270 1790 2294 coerceantur.
1816 2266 1864 2293 Sic

1077 2301 1289 2342 etiarn_hl_ontac.
1305 2307 1330 2342 et
1342 2301 1470 2342 'Mnrel._
1506 2340 1510 2342 _
1539 2336 1546 2342 .
1626 2335 1633 2342 I
1699 2335 1706 2342 ‘
1719 2334 1726 2342 θ

1078 2371 1087 2398 ι
1114 2337 1170 2377 (89)
1186 2336 1306 2398 X‘alpetr
1315 2336 1434 2365 ἐάσατε.
1449 2335 1530 2364 Forte
1539 2335 1682 2371 legendum
1697 2335 1803 2366 ἐάσετε,
1817 2342 1864 2362 va-

1088 2380 1130 2398 ere
1147 2380 1201 2398 stne
1215 2380 1248 2398 ιε.

1088 2377 1443 2467 ἷῖθόῗςιῗὲοκάμνοντες.
1466 2405 1506 2433 Ita
1526 2405 1588 2434 cod.
1613 2404 1643 2432 In
1667 2405 1733 2434 edit.
1755 2405 1864 2432 ἀποκα-

1088 2450 1099 2467 Ι.
1114 2450 1185 2467 ντες.

1079 2450 1408 2513 ῗοῖξῗῆῌορλςύᾳασρε.
1423 2475 1580 2513 Legendum
1594 2475 1664 2504 forte
1675 2473 1863 2510 βουλεύσεσθε.

1077 2511 1199 2538 Combel'.
1219 2511 1415 2545 βουλεύσοισθε.

1113 2546 1169 2581 (92)
1184 2542 1305 2581 Ὅὶανῤ
1314 2546 1384 2579 βίος
1397 2545 1500 2581 ἱκρνὸς
1512 2542 1543 2581 ᾖ,
1558 2549 1612 2574 etc.
1626 2545 1667 2573 Ad
1682 2546 1733 2573 hoc
1752 2552 1864 2581 prover-

1078 2580 1262 2621 bium’allud‘it
1274 2580 1506 2621 ilotatius,Epiu.
1525 2588 1543 2607 I.
1591 2615 1596 2621 I
1668 2615 1674 2621 _

1221 2615 1244 2643 0
1258 2617 1336 2648 cives,
1349 2618 1490 2651 quttrenda
1504 2615 1614 2651 pecunia
1632 2615 1747 2650 primum
1758 2619 1808 2647 est,

1121 2651 1476 2691 [irtuns‘pustnumntaguu
1548 2685 1554 2691 _
1606 2686 1613 2691 ⁸
1640 2685 1654 2691 -
1721 2685 1727 2691 _
1769 2684 1782 2690 _

1115 2686 1170 2726 (95)
1188 2683 1248 2726 (335»
1269 2685 1584 2726 eatqulsvﬁaers_pér_
1599 2685 1680 2726 ὑμῖν.
1693 2684 1811 2726 αξτυῖςπ
1824 2683 1862 2711 Ita

1079 2719 1140 2748 cod.
1156 2719 1183 2748 et
1197 2720 1262 2755 Reg.
1279 2723 1314 2748 At
1331 2721 1448 2748 Montae.
1462 2725 1488 2748 et
1503 2719 1596 2748 Morel.
1609 2719 1658 2747 οὐκ
1672 2719 1862 2747 ἐπιϐουλεύσε-

1079 2764 1122 2782 ται
1142 2756 1190 2782 μὲν
1205 2754 1251 2782 οὖν
1263 2756 1327 2782 ὑμῖν
1349 2756 1453 2782 αὐτοῖς.
1471 2756 1581 2782 Leaisse
1595 2756 1701 2782 videtur
1722 2754 1794 2782 Bill..
1815 2759 1863 2781 aut

1079 2764 1122 2783 ται
1141 2756 1190 2791 μὲν
1205 2756 1251 2783 οὖν
1263 2756 1327 2791 ὑμῖν
1349 2756 1453 2787 αὐτοῖς.
1471 2756 1581 2790 Legisse
1595 2756 1701 2782 videtur
1722 2756 1794 2786 Bill.,
1815 2759 1863 2781 aut

1080 2791 1339 2831 saltem_le_gen_dut_n
1360 2791 1509 2831 censuisse
1525 2791 1592 2831 pr,_5é
1619 2791 1692 2831 ύμῖν⁵
1710 2791 1810 2822 αὐτοῖς.
1832 2788 1863 2821 In

1083 2827 1159 2859 edit.,
1174 2827 1240 2862 ἡμῖν
1250 2827 1354 2857 αὐτοῖς.¹
1369 2825 1439 2858 Mox,
1449 2826 1515 2862 μηδὲ
1527 2825 1586 2858 ταῖς
1599 2825 1654 2852 τῶν
1665 2825 1741 2856 νέων.
