1931 3056
243 109 294 141 35!

841 111 869 140 S.
890 111 1052 141 GRECOBII
1070 111 1239 140 THEOLOGI

1808 110 1860 139 352

247 167 371 196 morbum
387 175 468 196 suum
488 167 638 196 insolenter
654 170 806 200 ostentant.
824 169 956 197 ecclesias
970 169 1026 196 col-

1083 169 1132 195 τῶν
1155 169 1373 205 ἐκπομπεύσυσιν
1391 169 1442 206 (8).
1466 169 1612 206 ἐκκλησίας
1631 168 1799 203 συνάγοντες,
1820 169 1859 200 ὡς

246 215 374 250 ligentes,
391 214 472 250 quasi
493 222 527 242 ex
546 215 683 250 permissu
704 215 756 242 hoc
774 214 916 242 facientes.
941 215 1031 242 Mace-

246 261 357 288 doniani
381 265 482 293 autem,
509 261 625 289 factiose
655 261 866 293 contendentes,
889 269 923 289 eo
945 265 1029 289 teme-

246 307 337 335 ritatis
350 310 546 342 proruperunt,
562 312 593 334 ut
614 306 804 342 episcoporum
826 307 907 334 etiam
932 315 1029 336 nomen

246 351 298 379 sibi
312 351 380 386 ipsis
394 351 531 379 asciscant
545 372 552 385 ,
578 355 660 386 atque
676 351 703 378 in
718 351 762 379 his
784 351 852 379 locis
867 357 1028 387 appareant,

246 401 384 432 caputque
398 401 537 429 exserant,
553 397 692 425 Eleusium
718 397 776 425 suis
802 397 939 433 suffragiis
955 399 1028 426 cele-

245 443 370 470 brantes.
387 442 421 469 At
434 449 499 470 vero
517 442 677 469 intestinum
695 443 794 469 malum
815 448 949 476 nostrum,
975 443 1029 470 Eu-

244 489 366 520 nomius,
398 496 496 523 parum
514 488 569 523 jam
587 488 668 516 habet
692 496 801 523 quoquo
814 496 927 516 numero
942 497 1004 517 esse
1020 498 1027 516 :

245 541 339 561 verum
357 535 409 562 nisi
432 542 528 562 omnes
548 534 574 561 in
592 534 739 569 perniciem
760 542 837 562 suam
862 535 1029 570 exitiumque

246 580 422 618 pertraxerit,
450 580 605 607 detrimenti
641 581 700 608 loco
734 581 818 608 ducit.
849 581 937 616 Atque
972 581 1029 608 haec

245 629 338 653 tamen
359 625 509 653 toleranda.
527 625 605 658 Quod
629 631 718 653 autem
741 635 774 653 ex
797 627 927 654 omnibus
939 627 1026 654 eccle-

245 671 367 699 siasticis
399 672 601 699 calamitatibus
641 672 859 705 acerbissimum,
889 672 1028 707 Apollina-

245 716 375 743 ristarum
401 716 512 744 licentia
537 721 590 748 est,
619 724 688 751 quos
724 717 796 744 haud
825 717 883 745 scio
908 725 1027 752 quonam

245 760 327 787 modo
346 760 432 795 pietas
454 764 501 787 tua
531 765 727 794 conventuum,
742 769 820 796 teque
847 769 876 790 ac
898 770 960 795 nos,
980 762 1028 788 ha-

245 804 396 832 bendorum
412 805 601 833 auctoritatem
626 806 678 833 sibi
694 813 840 842 arrogasse
854 811 935 842 atque
947 815 1027 834 usur-

246 858 338 885 passe,
355 859 436 886 passa
452 852 543 879 fuerit.

280 896 440 932 Quanquam
466 902 555 925 autem
573 897 686 926 omnino
700 897 747 925 Dei
772 898 904 926 beneficio
927 905 1027 936 myste-

245 940 295 968 riis
308 940 409 968 divinis
423 940 576 969 instructus
591 946 617 969 et
630 942 766 974 eruditus,
781 950 835 971 non
853 943 934 971 modo
948 948 1028 972 recta:

245 985 376 1013 doctrinae
395 986 577 1022 patrocinium
600 987 684 1020 nosti,
708 995 802 1015 verum
825 995 855 1016 ea
871 988 952 1016 etiam
970 997 1029 1017 om-

247 1031 303 1064 nia,
320 1039 380 1067 quaa
399 1031 530 1060 adversus
549 1039 642 1060 sanam
658 1037 685 1060 et
701 1033 880 1061 orthodoxam
904 1034 981 1062 ﬁdem
995 1035 1029 1062 ab

245 1077 384 1106 haereticis
404 1079 559 1114 excogitata
576 1083 639 1106 sunt
657 1088 664 1106 :
683 1079 922 1107 honorificentiam
938 1086 1027 1109 tamen

245 1128 320 1150 tuam
340 1131 355 1150 a
374 1124 505 1152 tenuitate
531 1128 623 1152 nostra
643 1125 789 1152 certiorem
810 1125 867 1152 ﬁeri
889 1125 1029 1161 haudqua-

245 1177 326 1205 quam
350 1171 571 1206 intempestivum
598 1170 689 1202 fuerit,
714 1170 781 1198 mihi
807 1171 835 1198 in
857 1178 956 1199 manus
983 1179 1029 1199 ve-

245 1217 320 1244 nisse
334 1216 454 1244 libellum
470 1216 641 1251 Apollinarii,
656 1216 684 1243 in
696 1224 751 1251 quo
764 1224 807 1250 ea,
824 1225 884 1252 qua:
899 1221 1030 1245 astruun-

244 1266 301 1294 tur,
318 1262 473 1289 haereticam
489 1269 597 1289 omnem
613 1262 774 1297 pravitatem
786 1263 928 1290 excedunt.
947 1263 1027 1298 168

244 1307 364 1334 Aﬂirmat
385 1307 456 1334 enim
482 1315 654 1342 nequaquam
679 1307 854 1335 adventitiam
880 1315 940 1336 esse
958 1315 1029 1335 car-

244 1360 306 1380 nem
329 1352 401 1379 illam
424 1352 460 1380 ob
481 1357 588 1380 naturae
613 1358 714 1381 nostra:
743 1354 967 1382 instaurationem
996 1356 1030 1383 ab

244 1399 387 1434 unigenito
428 1397 498 1426 Filio
531 1400 682 1427 secundum
720 1400 951 1435 dispensationem
986 1409 1031 1429 as-

244 1450 381 1480 sumptam
396 1453 404 1478 ;
420 1452 515 1472 verum
531 1445 668 1473 carnalem
685 1445 759 1473 illam
776 1450 901 1473 naturam
918 1446 945 1473 in
961 1446 1031 1475 Filio

244 1490 299 1526 iam
326 1490 389 1518 inde
413 1497 429 1517 a
452 1490 588 1525 principio
621 1498 692 1519 esse.
728 1492 817 1526 Atque
841 1492 1061 1541 evangelicumc

244 1536 381 1571 quoddam
395 1535 496 1563 dictum
513 1543 654 1571 perperam
667 1540 808 1571 acceptum
825 1537 858 1564 ad
872 1537 1026 1572 huiusmodi

245 1582 423 1610 absurditatis
440 1582 627 1609 testimonium
653 1583 809 1617 praetendit,
831 1583 903 1618 quod
924 1583 961 1610 ita
978 1583 1028 1610 ha-

244 1628 291 1655 bet
309 1635 316 1653 :
345 1627 430 1655 Nemo
448 1628 565 1655 ascendit
583 1628 611 1655 in
631 1628 740 1660 caelum,
764 1629 816 1655 nisi
836 1628 881 1664 qui
896 1629 1028 1656 descendit

244 1671 277 1698 de
298 1672 372 1705 calo,
388 1671 479 1699 Filias
502 1671 632 1699 hominis'
650 1681 657 1705 ;
682 1676 812 1707 tanquam
834 1673 910 1708 prius
930 1673 1026 1706 etiam,

245 1723 328 1751 quam
353 1717 410 1752 ipse
436 1717 636 1751 descendisset,
657 1718 729 1745 ﬁlius
753 1718 873 1746 hominis
896 1722 978 1750 esset,
996 1726 1028 1746 ac

244 1762 417 1789 descendens
430 1769 541 1789 carnem
561 1769 638 1789 suam
661 1770 754 1790 secum
775 1763 919 1791 adduxerit
941 1763 1026 1797 illam,

245 1814 328 1842 quam
350 1807 379 1834 in
400 1807 477 1835 etelis
508 1807 646 1840 habebat,
671 1808 817 1843 quamdam
840 1812 903 1837 ante
928 1810 1027 1837 saecula

246 1852 433 1886 cxsistentem,
442 1853 625 1888 essenlizeque
639 1853 824 1881 sureinsitam.
835 1853 940 1882 Profert
954 1855 1028 1882 enim

246 1905 343 1926 rursus
365 1898 543 1933 apostolicum
565 1899 699 1935 quoddam
717 1899 829 1934 dictum,
857 1907 872 1927 a
890 1904 948 1928 toto
961 1908 1028 1928 con-

280 1977 290 1992 '
303 1975 384 2004 Joan.
403 1984 444 2010 In,
461 1977 504 2004 13.

283 2042 321 2081 (_8)
343 2043 610 2081 ’Em‘topﬂsdpvo‘tr.
628 2043 745 2071 Montac.
765 2047 792 2071 et
808 2043 901 2072 Morel.
918 2045 1026 2081 ἐμπομ-

246 2079 387 2109 πεύουσιν,
405 2079 442 2105 ita
455 2083 481 2105 et
494 2078 616 2106 Combef.

282 2112 390 2150 (9)]Εξ
407 2113 578 2150 ἐπιτροπῆς.
606 2113 820 2150 Permissianem,
841 2114 930 2150 inquit
953 2114 1026 2149 Bill.,

246 2148 297 2175 hoc
324 2148 385 2184 loco
411 2149 538 2175 transtuli
562 2156 576 2174 a
596 2149 690 2180 verbo,
709 2149 856 2184 ἐπιτρέπω·
877 2148 1024 2177 absurdum

245 2184 317 2210 enim
336 2183 429 2219 fuisset
443 2188 550 2219 vertere
563 2190 595 2210 ex
611 2184 736 2219 mandato
751 2183 776 2210 et
791 2184 920 2218 delegato.
933 2184 1026 2219 Neque

245 2219 318 2254 enim
329 2217 476 2254 verisimile
488 2222 530 2245 est
542 2218 724 2254 Theodosium
737 2219 835 2254 insigni
850 2219 948 2253 pietate
959 2217 1026 2254 prae-

245 2252 344 2286 ditum,
357 2252 493 2290 haereticis
510 2253 653 2280 mandasse
670 2259 699 2280 ut
712 2252 821 2290 errores
836 2252 900 2281 suos
916 2252 1025 2290 sparge-

245 2292 309 2314 rent
326 2294 365 2324 Aac
390 2286 587 2324 difi‘underent;
604 2296 698 2315 verum
723 2288 796 2316 illos'
810 2289 900 2323 potius
930 2286 1025 2324 optimi

246 2322 378 2357 principis
392 2323 535 2349 clementia
550 2323 703 2355 abutentes,
720 2328 801 2355 atque
811 2322 1025 2351 ’ecclesias'cou-

247 2362 401 2393 gregantes,
417 2357 468 2384 hoc
485 2358 606 2384 audaciae
622 2366 678 2385 suae
695 2359 883 2392 prmtexuisse,
904 2360 975 2393 quod
995 2367 1025 2387 se

247 2392 383 2453 Eerinissu
393 2392 565 2428 imperatoris
578 2393 667 2419 facere
679 2393 811 2425 dicereut,
822 2402 882 2427 quae
893 2392 1023 2421 facerent.

271 2431 281 2453 t
302 2431 377 2453 certe
394 2427 445 2453 hoc
467 2428 508 2453 eis
529 2427 711 2453 Theodosium
731 2429 890 2453 nermisisse
909 2432 1023 2453 testatur

271 2431 281 2453 t
302 2431 377 2463 certe
394 2427 445 2454 hoc
467 2428 508 2455 eis
529 2427 711 2463 Theodosium
731 2429 890 2463 permisisse
909 2432 1025 2456 testatur

247 2467 341 2498 noster
356 2461 502 2496 Gregorius
515 2462 542 2489 in
559 2470 609 2490 sua
628 2462 698 2495 Vita,
713 2461 799 2498 eoque
816 2464 898 2490 etiam
915 2464 1025 2491 nomine

247 2497 336 2532 ipsum
347 2498 531 2532 reprehendit,
548 2503 577 2525 ut
594 2505 649 2524 non
664 2498 729 2525 satis
744 2497 842 2532 magno
856 2499 913 2525 zelo
927 2499 1025 2533 praedi-

247 2537 324 2565 tum;
343 2533 448 2568 tametsi
473 2538 577 2568 postea,
603 2537 634 2560 ut
659 2534 745 2568 ipsius
772 2533 1021 2568 factumexcuset,

246 2574 363 2604 causam
380 2567 497 2604 aliquant
520 2569 648 2603 proferat.
663 2567 795 2604 riiombef.
812 2568 853 2604 νώς
868 2567 897 2601 ἐξ
914 2569 1023 2604 ἐπιτρο-

247 2602 302 2636 πῆς
317 2601 395 2628 τοῦτο
410 2601 558 2636 ποιοῦντες,
571 2604 639 2630 velut
655 2603 727 2637 facta
740 2604 778 2629 rei
798 2603 913 2635 licentia,
927 2601 1023 2631 relicto

247 2638 288 2665 eis
307 2644 355 2672 per
370 2637 501 2672 principis
517 2637 674 2665 facilitatem
688 2640 725 2665 rei
742 2639 866 2665 arbitrio.

283 2673 339 2708 (l0)
352 2673 433 2698 Κατὰ
442 2672 642 2708 Μακεδόνων,
656 2673 807 2707 ἐρίζοντες.
822 2673 904 2701 Coisl.
917 2678 944 2701 et
955 2672 1022 2708 Reg.

247 2706 364 2744 l_i_ontac.
379 2711 417 2744 __et
442 2707 541 2744 Morel.
562 2708 633 2735 κατὰ
653 2706 816 2735 Μακεδόνιον
831 2706 1020 2744 αἱρετίζοντεξ.

246 2741 397 2769 Macedonii
408 2747 484 2768 recte
496 2742 667 2770 adhwrenles.

283 2777 339 2813 (11)
352 2777 480 2809 Ἐαυτοῐς
491 2777 725 2813 ἐπιφημίζοντες.
739 2777 768 2806 In
778 2777 853 2806 Orat.
865 2778 893 2812 2,
904 2783 931 2808 et
943 2778 1021 2808 Colb.

247 2812 276 2846 6,
289 2812 316 2846 9,
333 2813 437 2844 ἐαυτοῖς
449 2812 535 2840 deest.

1041 2179 1063 2206 D

1044 839 1065 866 Β

1081 214 1110 247 ἐξ
1126 216 1274 251 ἐπιτροπῆς
1285 215 1323 251 (9)
1336 215 1415 242 τοῦτο
1428 216 1575 248 ποιοῦντες.
1591 216 1623 242 Οἱ
1639 215 1666 241 δὲ
1680 215 1750 241 κατὰ
1765 215 1858 241 Μακε-

1080 260 1174 292 δόνιον,
1200 261 1335 297 ἐρίζοντες
1355 261 1420 297 (10),
1443 262 1484 293 είς
1502 261 1628 287 τοσοῦτον
1647 259 1860 296 προεληλύθασιν

1079 306 1218 338 ἀπονοίας,
1237 307 1274 338 ὠς
1291 306 1337 333 καὶ
1349 306 1434 342 ὄνομα
1445 307 1600 333 ἐπισκόπων
1612 306 1716 338 ἑαυτοῖς
1727 306 1858 341 ἐπιφημί-

1080 351 1170 384 ζοντες
1181 352 1249 387 (11),
1266 353 1322 384 τοῖς
1337 351 1398 379 καθ’
1410 352 1483 387 ἡμᾶς
1500 352 1592 383 τόποις
1606 350 1778 382 ἐπιπολάζειν
1793 350 1858 384 (i2),

1079 397 1124 424 τὸν
1143 397 1278 424 Ἐλεύσιον
1292 398 1352 429 ταῖς
1368 397 1548 433 χειροτονίαις
1563 396 1653 424 αὑτῶν
1664 397 1718 432 (15)
1733 396 1861 432 ἐπιθρυλ-

1079 442 1198 474 λοῦντες.
1218 443 1254 469 Τὸ
1272 443 1301 469 δὲ
1319 443 1462 477 ὲγκόλπιον
1479 443 1557 478 ἡμῶν
1577 443 1660 470 κακὸν
1679 444 1694 469 ό
1718 442 1859 477 Εὑνόμιος,

1079 489 1170 515 οὐκέτι
1188 490 1283 524 ἀγαπᾷ
1301 489 1332 516 τὸ
1347 489 1471 515 ὁπωσοῦν
1487 487 1555 516 εἶναι
1567 497 1574 505 '
1590 488 1646 515 ἀλλ’
1661 489 1685 515 εἰ
1703 488 1739 524 μὴ
1755 488 1861 519 πάντας

1078 535 1111 570 τῇ
1127 533 1223 560 ἑαυτοῦ
1236 534 1358 570 ἀπωλείᾳ
1372 534 1599 568 συνεφελκύσαιτο
1614 533 1679 568 (14),
1695 533 1794 569 ζημίαν
1805 534 1862 569 κρί-

1079 588 1128 605 νει.
1142 579 1195 605 Καὶ
1210 579 1296 606 ταῦτα
1316 580 1364 615 μὲν
1382 580 1498 615 φορητά.
1517 580 1554 606 Τὸ
1568 580 1595 606 δὲ
1613 580 1721 606 πάντων
1735 579 1861 614 χαλεπώ-

1078 634 1158 652 τατον
1183 626 1211 652 ἐν
1235 627 1294 657 ταῖς
1318 626 1558 660 ἐκκλησιαστικαῖς
1584 619 1745 661 συμφοραῖς,
1770 626 1787 660 ἡ
1806 625 1864 650 τῶν

1085 670 1328 706 Ἀπολλιναριστῶν
1350 671 1408 697 ἐστι
1425 670 1578 706 παῤῥησία,
1593 670 1640 701 οὓς
1659 671 1710 696 οὐκ
1731 667 1788 696 οἶδα
1803 669 1863 701 πῶς

1079 716 1191 751 παρεῖδέ
1206 716 1263 752 (15)
1274 725 1320 743 σου
1331 717 1349 752 ἡ
1365 717 1472 752 ὁσιότης
1489 717 1688 752 πορισαμένους
1699 717 1803 746 ἑαυτοῖς
1812 714 1862 742 τοῦ

1079 762 1206 797 συνάγειν
1220 763 1358 798 όμοτίμως
1372 763 1437 798 ἡμῖν
1450 763 1573 796 ἐξουσίαν
1585 762 1649 799 (16).

1113 889 1225 920 Πάντως
1242 889 1292 924 μὲν
1311 887 1357 916 οὖν
1373 889 1416 916 διὰ
1430 890 1539 916 πάντων
1562 889 1634 917 κατὰ
1649 888 1716 916 Θεοῦ
1730 889 1810 924 χάριν
1825 889 1863 916 τὰ

1078 933 1136 960 Θεῖα
1149 935 1362 970 πεπαιδευμένος
1380 936 1526 971 μυστήρια,
1539 935 1569 962 οὐ
1586 935 1664 970 μόνον
1681 934 1730 970 τὴν
1744 934 1790 961 τοῦ
1812 934 1860 969 ὸρη

1078 979 1126 1006 θοῦ
1146 980 1224 1014 λόγου
1248 981 1414 1016 συνηγορίαν
1433 981 1587 1014 ἐπίστασαι,
1601 980 1669 1007 ἀλλὰ
1685 981 1798 1007 κάκεῖνα
1810 980 1862 1006 ὅσα

1077 1026 1153 1062 παρὰ
1167 1026 1220 1053 τῶν
1232 1026 1378 1062 αίρετικῶν
1389 1027 1459 1053 κατὰ
1469 1027 1519 1062 τῆς
1533 1026 1705 1062 ὑγιαινούσης
1721 1026 1860 1060 ἐπινενόη-

1077 1081 1120 1099 ται
1136 1072 1262 1104 πίστεως·
1281 1073 1351 1109 πλὴν
1365 1073 1414 1099 καὶ
1429 1073 1504 1108 παρὰ
1520 1073 1570 1108 τῆς
1588 1072 1754 1109 βραχύτητος
1770 1072 1861 1107 ἡμῶν,

1077 1116 1127 1142 οὐκ
1146 1116 1260 1152 ἄκαιρον
1279 1116 1345 1148 ἴσως
1366 1117 1481 1144 ἀκοῦσαί
1503 1126 1550 1144 σου
1566 1118 1615 1152 τὴν
1633 1116 1862 1152 σεμνοπρέπειαν,

1077 1163 1118 1190 ὅτι
1132 1172 1177 1198 μοι
1204 1164 1335 1191 πτυκτίον
1350 1162 1432 1200 ἦλθεν
1446 1165 1475 1190 ἐν
1489 1164 1567 1199 χερσὶ
1579 1164 1634 1200 (17)
1645 1163 1691 1190 τοῦ
1707 1163 1863 1189 Ἀπολλινα-

1080 1209 1149 1245 ρίου,
1175 1210 1204 1236 ἐν
1227 1207 1249 1244 ᾧ
1273 1209 1307 1236 τὰ
1331 1210 1590 1246 κατασκευαζόμενα
1613 1211 1702 1236 πᾶσαν
1721 1208 1863 1244 αἱρετικὴν

1078 1255 1176 1282 κακίαν
1193 1256 1369 1292 παρέρχεται.
1385 1256 1591 1283 Διαϐεσαιοῦται
1607 1255 1670 1291 γὰρ,
1689 1255 1728 1291 μὴ
1746 1255 1861 1290 ἐπίκτη-

1078 1309 1124 1327 τον
1144 1299 1212 1328 εἶναι
1231 1302 1280 1338 τὴν
1294 1302 1382 1338 σάρκα
1400 1303 1460 1329 κατ’
1476 1301 1632 1337 οἰκονομίαν
1651 1301 1703 1328 ὑπὸ
1718 1301 1765 1328 τοῦ
1783 1309 1863 1335 μονο-

1078 1347 1173 1382 γενοῦς
1187 1347 1253 1374 Υίοῦ
1268 1348 1485 1384 προσ-ληφθεῖσαν
1500 1349 1546 1374 ἐπὶ
1559 1348 1796 1383 μεταστοιχειώσει
1812 1349 1864 1382 τῆς

1079 1395 1185 1428 φύσεως
1197 1394 1286 1430 ἡμῶν,
1300 1395 1357 1422 ἀλλ’
1370 1394 1399 1428 ἐξ
1412 1395 1499 1430 ἀρχῆς
1513 1395 1541 1421 ἐν
1554 1394 1593 1430 τῷ
1606 1394 1663 1429 Υἱῷ
1674 1394 1722 1430 τὴν
1735 1394 1860 1429 σαρκώδη

1079 1438 1185 1473 ἐκείνην
1203 1438 1283 1473 φύσιν
1300 1436 1380 1466 εἶναι.
1401 1439 1455 1466 Καὶ
1472 1439 1564 1471 κακῶς
1579 1439 1701 1465 ἐκλαῦὼν
1717 1438 1845 1472 εὐαγγελι

1079 1485 1132 1520 κήν
1145 1493 1203 1511 τινα
1221 1485 1299 1521 ῥῆσιν
1313 1485 1353 1516 είς
1371 1485 1523 1521 μαρτυρίαν
1539 1485 1590 1521 τῆς
1604 1485 1731 1520 τοιαύτης
1747 1484 1864 1515 ἀτοπίας

1077 1529 1258 1566 προϐάλλεται
1271 1530 1368 1565 λέγων,
1384 1531 1427 1557 ὅτι
1443 1531 1542 1564 οὐδεὶς
1560 1531 1745 1564 ἀναϐέϐηκεν
1755 1532 1798 1563 εὶς
1809 1531 1865 1557 τὸν

1077 1575 1216 1610 οὐρανὸν,
1232 1577 1257 1603 εὶ
1273 1576 1314 1610 μὴ
1330 1576 1365 1603 ἑκ
1386 1577 1439 1603 τοῦ
1453 1577 1582 1611 οὐρανοῦ
1603 1577 1732 1610 καταϐὰς
1755 1578 1772 1603 ὀ
1795 1576 1865 1609 Υἱὸς

1077 1621 1130 1648 τοῦ
1150 1621 1315 1655 ἀνθρώπου·
1339 1622 1377 1654 ὼς
1397 1622 1444 1648 καὶ
1465 1623 1531 1658 πρὶν
1552 1622 1599 1649 τοῦ
1619 1622 1758 1649 κατελθεῖν
1778 1622 1864 1648 αὐτὸν

1077 1667 1134 1694 υἱὸν
1148 1667 1291 1704 ἀνθρώπου
1304 1666 1383 1700 εἶναι,
1395 1669 1441 1695 καὶ
1454 1669 1594 1696 κατελθεῖν
1608 1669 1677 1696 ίδίαν
1690 1669 1865 1704 ἐπαγόμενον

1079 1714 1167 1749 σάρκα
1185 1713 1301 1748 ἐκείνην,
1319 1714 1352 1749 ἢν
1369 1714 1397 1740 ἐν
1416 1715 1471 1746 τοῖς
1491 1715 1613 1750 οὐρανοῖς
1630 1714 1698 1749 ἔχων
1719 1714 1865 1749 ἐτύγχανε,

1078 1758 1239 1795 προαιώνιόν
1254 1768 1313 1785 τινα
1326 1759 1381 1794 (18)
1396 1760 1442 1786 καὶ
1460 1761 1688 1796 συνουσιωμένην.
1705 1761 1784 1795 Λέγει
1804 1761 1861 1797 γὰρ

1078 1807 1158 1834 πάλιν
1172 1807 1351 1842 ἁποστολικήν
1362 1816 1421 1834 τινα
1430 1808 1518 1843 ῥῆσιν,
1536 1808 1584 1834 τοῦ
1599 1808 1659 1835 ὅλου
1676 1808 1800 1844 σώματος
1809 1809 1862 1844 τῆς

1079 1854 1260 1889 συμφράσεως
1281 1854 1440 1886 ἀποκνίσας·
1462 1854 1502 1881 ὅτι
1519 1855 1535 1881 ὀ
1554 1854 1690 1889 δεύτερος
1705 1855 1866 1889 ἅνθρωπος

1077 1899 1111 1931 ἐξ
1124 1899 1263 1934 οὐρανοῦ.
1282 1898 1349 1926 Εἶτα
1358 1899 1562 1932 κατασκευάζει
1576 1901 1621 1928 τὸν
1635 1901 1775 1937 ἄνθρωπον
1790 1903 1867 1928 ἐκεῖ-

1113 2042 1169 2078 (12)
1185 2041 1399 2078 ῘΕπιπολάζειν.
1420 2042 1504 2070 Coisl.
1523 2043 1547 2074 l,
1567 2041 1695 2074 Montac..
1720 2042 1813 2070 Marci.
1828 2050 1864 2070 ac

1078 2076 1199 2104 Combef.
1218 2077 1419 2113 ἐπιχωριάζειν,
1434 2078 1462 2104 in
1479 2078 1576 2105 nostris
1593 2077 1657 2104 locis
1676 2083 1756 2112 agant
1768 2083 1794 2104 et
1808 2077 1864 2112 fre-

1077 2117 1182 2148 quentes
1198 2113 1261 2148 sint.

1113 2148 1168 2183 (15)
1187 2147 1253 2179 Ταῖς
1267 2148 1463 2181 χειροτονῖαις
1478 2147 1586 2174 αὐτῶν.
1602 2146 1660 2174 Non
1679 2151 1754 2175 recte
1764 2147 1836 2183 ABill.
1853 2158 1862 2176 :

1078 2181 1214 2209 Eleusium
1230 2190 1285 2208 sua:
1300 2183 1435 2209 electionis
1447 2187 1579 2209 auctorem
1593 2183 1746 2217 garrientes.
1764 2181 1865 2210 Melius

1076 2218 1197 2245 Combef.
1214 2226 1220 2243 :
1234 2225 1342 2243 suarum
1355 2223 1487 2244 auctorem
1507 2218 1703 2244 ordinationum
1712 2221 1861 2251 jactantes.

1075 2253 1118 2279 vel
1129 2261 1156 2279 se
1170 2252 1204 2278 ab
1220 2251 1325 2279 Eleusio
1341 2253 1476 2279 ordinatos
1487 2260 1544 2279 esse
1553 2260 1683 2278 rumorem
1698 2257 1865 2286 spor-gentes-

1074 2287 1111 2314 At
1134 2287 1291 2322 huiusmodi
1312 2287 1553 2322 interpretationes
1575 2286 1670 2314 Graeco
1692 2287 1862 2322 respondere

1075 2330 1131 2349 non
1146 2322 1283 2348 videntur.

1101 2357 1166 2400 '(H)
1182 2357 1452 2390 Συνεφελκύσαιτο.
1468 2356 1506 2383 Ita
1522 2356 1588 2391 Reg.
1603 2356 1630 2384 In
1645 2356 1710 2384 edit.
1729 2357 1865 2391 συνεφελ-
1897 2377 1900 2382 .

1075 2401 1109 2419 κυ
1113 2401 1142 2419 σο
1146 2401 1194 2419 ιτο.

1111 2427 1167 2488 (15)
1186 2426 1258 2454 Οἶδα
1272 2427 1333 2459 πῶς
1344 2427 1472 2460 παρεῖδε.
1489 2427 1571 2454 Coisl.
1589 2427 1614 2459 1,
1631 2424 1678 2466 οἷδς
1694 2426 1768 2458 ὅπως
1782 2427 1866 2468 περε-

1111 2472 1139 2488 ην.
1164 2463 1221 2488 tea.
1244 2463 1279 2488 id.
1295 2460 1342 2488 οἷδ’
1356 2463 1429 2488 ὃπως
1456 2461 1584 2488 περιεῖδε.
1605 2462 1690 2488 Vertit
1708 2461 1836 2488 Combel.
1856 2472 1863 2488 :

1075 2460 1139 2490 ιδεν.
1154 2460 1221 2498 Reg.
1244 2463 1279 2490 id.
1295 2460 1342 2489 οἷδ’
1356 2463 1429 2493 ὃπως
1456 2461 1584 2497 περιεῖδε.
1605 2462 1690 2498 Vertit
1708 2460 1836 2498 Combef.
1856 2472 1863 2488 :

1092 2506 1188 2525 uanam
1197 2496 1285 2524 _mod0
1305 2497 1425 2532 neglexit,
1441 2504 1472 2524 ac
1487 2496 1565 2531 quasi
1581 2504 1635 2523 non
1655 2496 1782 2528 advertit,
1798 2505 1867 2530 qua:

1092 2506 1188 2525 uanam
1209 2506 1285 2524 ηιοαο
1305 2506 1425 2532 neglexit,
1441 2506 1472 2524 ac
1487 2506 1565 2531 quast
1581 2506 1635 2523 llOI'l
1655 2506 1782 2528 auverut,
1798 2506 1865 2530 qua:

1074 2506 1192 2560 ﬂectarii
1209 2541 1265 2560 non
1282 2534 1349 2560 satis
1361 2532 1501 2568 pervigilis
1519 2539 1552 2558 ex
1568 2531 1716 2567 episcopali
1734 2539 1865 2562 munere,

1075 2568 1244 2595 insimulatio
1259 2572 1310 2596 est.

1110 2602 1165 2638 (16)
1192 2603 1246 2630 Τοῦ
1267 2602 1444 2637 συνάγειν...
1468 2602 1621 2635 ἐξουσίαν.
1643 2601 1711 2637 Reg.
1731 2601 1779 2627 τοῦ
1797 2610 1866 2628 συν-

1110 2647 1150 2664 ειν
1165 2638 1329 2673 παρρησίαν.

1110 2673 1165 2707 (17)
1176 2670 1324 2700 Πὲὺιὶτιον
1331 2671 1422 2707 ἦλθεν
1430 2672 1464 2699 ἑν
1471 2673 1566 2707 χερσί.
1578 2672 1615 2698 Ita
1625 2670 1672 2699 0r.
1681 2670 1710 2703 2,
1721 2671 1806 2707 Coisl.
1814 2670 1833 2697 2
1840 2677 1869 2699 et

1073 2709 1151 2736 Colb.
1163 2709 1189 2735 ὅ.
1198 2709 1232 2734 At
1238 2708 1320 2735 Coisl.
1330 2706 1347 2735 ir
1359 2708 1486 2734 πτυκτίον
1500 2706 1609 2742 γέγονεν
1618 2708 1645 2733 ἐν
1654 2706 1870 2742 χερσίνυιτιιιιι-

1073 2751 1127 2778 que
1137 2743 1249 2771 verbum
1263 2743 1357 2778 deerat
1370 2743 1398 2770 in
1409 2743 1486 2774 edit..
1501 2741 1646 2777 utrumque
1658 2741 1722 2775 legit
1735 2741 1866 2778 Combef.

1109 2778 1170 2814 (18)
1206 2777 1385 2814 Προᾳιώνιόν
1417 2786 1494 2805 τινα.
1528 2777 1616 2805 Bill.:
1644 2777 1867 2805 autewcularem

1074 2813 1216 2849 quamdam
1230 2813 1358 2841 videlicet.

1081 2638 1087 2645 ο

1074 2647 1109 2672 αΥ
