1931 3056
107 183 160 211 357
787 187 949 217 EPISTOLA
971 190 1056 218 CCIV.
1677 195 1729 225 558

105 241 256 276 λεύσησϐε,
290 243 400 279 πονηρῷ
425 244 465 279 τῷ
492 245 634 281 επεισοδίῳ
664 246 698 273 τὰ
725 246 788 274 ὄντα
815 250 891 283 φθει-

946 253 1044 281 autcm,
1066 256 1146 284 quam
1162 255 1322 284 speramus:
1340 253 1370 277 ut
1387 256 1438 277 nec
1451 249 1619 286 martyribus
1632 257 1731 279 contu-

107 296 211 323 ροντες.
944 294 1053 321 meliam
1069 293 1202 325 inferatis,
1224 301 1275 321 nec
1290 294 1341 329 ipsi
1357 294 1516 329 huiusmodi
1537 296 1656 324 incolatu
1670 304 1730 332 per-

103 333 258 361 cutiamini.
288 334 356 361 Illud
377 339 468 362 autem
486 340 550 363 ante
570 337 661 363 omnia
681 337 837 372 providete,
858 342 888 365 ut
907 339 942 366 ab
956 339 990 366 iis
1003 347 1064 374 quae
1084 339 1249 375 martyribus
1268 343 1332 367 sunt
1363 345 1522 368 consecrata
1538 348 1647 368 manum
1668 342 1730 369 abs-

104 379 236 412 tineatis;
255 387 289 407 ne
311 380 431 415 alioqui,
455 384 482 407 et
510 381 605 414 vobis,
633 385 659 409 et
678 383 761 411 rebus
784 384 885 412 vestris
913 385 984 412 male
1013 385 1182 412 consulatis.
1210 384 1388 413 facultatibus
1410 387 1517 420 vestris,
1553 395 1600 422 per
1631 388 1728 415 malam

104 424 302 457 accessionem,
318 425 406 453 labem
424 431 452 454 et
465 427 612 462 perniciem
625 428 779 457 afferentes.

343 483 398 510 ΣΔι.
422 484 568 520 manu)
585 484 650 520 (ιι).

1192 485 1278 514 CCIV.
1302 485 1482 514 ADELPHIO.

142 539 234 577 Prima
247 538 302 577 hinc
318 538 527 577 adHAdelphium
540 539 652 577 nobilem
668 540 790 574 juvenem
804 541 928 577 epistola,
945 541 1020 568 aliud
1036 541 1102 568 nihil
1123 545 1163 568 est
1185 549 1264 575 quam
1279 542 1393 576 ofﬁciosa
1410 542 1538 569 salutatio
1555 551 1608 577 qua
1624 544 1728 572 virtutis

105 574 228 608 Adelphii
242 574 400 608 primordia,
420 575 503 611 animi
521 575 729 611 simplicitatem,
743 574 882 603 candorem
902 584 1004 603 morum
1023 581 1101 611 atque
1119 574 1306 610 integritateni'
1320 577 1424 603 laudat.
1438 574 1582 604 Pollicetur
1600 580 1680 605 etiam
1694 581 1728 607 ad

103 619 164 648 eum
178 617 205 636 se
230 613 383 648 uenturuml
395 614 423 635 ut
439 610 484 639 iis.
498 617 556 644 qute
574 611 702 648 prwjeait,
717 610 908 648 fundamentis,
922 619 953 638 ac
969 612 1048 648 ueluti
1070 611 1200 648 columnis
1216 612 1313 648 aureis,
1336 612 1525 648 admirandum
1543 620 1642 648 quoque
1656 615 1683 641 in
1698 624 1728 642 eo

99 645 195 682 iuuene
207 644 339 682 palatium
360 643 416 671 Deo
437 643 614 682 superstruat.
626 643 697 682 751's
708 643 814 682 eausa
828 651 867 673 est
887 647 921 682 in
932 646 1022 682 eodem
1047 646 1176 682 uolumine
1190 646 1246 673 hwc
1264 647 1385 682 epistola,
1401 655 1462 682 pay.
1479 643 1604 680 859,ἐ.π’
1612 650 1728 677 versione

104 680 190 712 Billii,
206 684 231 705 et
247 680 342 706 iterum
357 687 419 714 pag.
435 679 498 713 9I0,
515 687 543 708 η.
554 680 619 713 225,
636 679 731 708 Latine
742 681 847 708 reddita
864 690 880 708 a
892 680 1017 713 Morello,
1030 681 1073 716 qui
1089 681 1157 708 hanc
1172 686 1200 708 ut
1211 679 1304 708 novam
1321 679 1447 709 obtrudit:

139 733 202 762 Εἶεν
219 736 287 771 (42)ο
303 736 339 764 τὰ
357 737 406 771 μὲν
420 736 452 771 δὴ
471 736 567 772 πρῶτα
589 738 656 773 ἡμῖν
675 737 733 772 ἔχει
756 738 803 764 καὶ
819 739 889 765 πάνυ

979 738 1045 765 Esto
1065 747 1072 765 :
1093 738 1181 773 prima
1201 738 1311 773 quidem
1329 738 1408 766 nobis
1428 738 1547 774 perbelle
1567 747 1597 767 se
1615 739 1726 768 habent.

104 781 205 813 καλῶς.
231 782 343 818 Ἀρετὴν
356 781 531 818 ἐπαινοῦμεν,
546 783 630 818 ἄμφω
650 783 718 818 πρὸς
732 784 798 810 Θεὸν
816 784 890 810 νεύο-

946 783 1078 811 Virtutem
1106 783 1264 818 laudamus;
1293 783 1373 811 ambo
1397 785 1431 810 ad
1460 783 1544 811 Deum
1569 785 1726 818 tendimus;

105 834 166 861 μεν,
179 827 209 852 οὐ
222 826 354 862 δεδέμεθα
365 827 433 862 πρὸς
442 827 476 853 τὰ
491 827 577 859 κάτω,
597 827 638 853 ὄτι
658 827 696 863 μὴ
710 828 786 854 πᾶσα
804 828 889 862 ἀνάγ-

946 831 1025 858 rebus
1045 830 1174 864 terrenis,
1187 831 1241 858 nisi
1260 836 1390 865 quantum
1410 830 1591 859 ineluctabilis
1606 832 1728 859 necessi-

104 880 140 907 κη
168 871 233 906 (45),
253 871 302 906 τὴν
317 872 432 907 κρείττω
444 872 491 898 καὶ
509 871 648 908 θειοτέραν
662 873 754 908 φιλίαν
771 873 891 905 ἀσπαζό-

946 881 985 904 tas
1005 877 1095 912 cogit,
1118 876 1328 912 haudquaquam
1346 877 1449 912 alligati
1464 884 1577 911 sumus;
1594 883 1727 913 praestan-

105 917 186 953 μεθα,
209 919 303 954 χεῖρας
325 918 446 954 ἀλλήλων
474 918 635 954 εἰλήφαμεν,
661 919 709 946 καὶ
736 919 890 946 ἐπιστωσά-

946 922 1038 950 tiorem
1061 930 1093 949 ac
1112 922 1272 950 diviniorem
1294 922 1439 949 amicitiam
1462 923 1664 958 amplexamur;
1686 924 1727 950 al—

105 964 176 1000 μεθα
200 964 268 999 (44).
298 964 365 1000 Φέρε
392 964 420 991 δὲ
444 965 496 1000 ἤδη
522 964 571 991 καὶ
596 965 660 1001 περὶ
687 965 737 1000 τῆς
762 965 891 1001 δευτέρας

946 971 982 995 ter
999 968 1111 995 alterius
1125 974 1224 994 manus
1238 967 1370 1001 cepimus,
1386 966 1466 994 ﬁdem
1482 970 1578 994 mutuo
1591 967 1724 995 dedimus.

103 1011 269 1046 οἰκειότητος
284 1010 496 1046 πρεσὸεύσωμεν
513 1011 581 1046 πρὸς
596 1011 677 1047 ὑμᾶς,
692 1011 758 1039 Θεὸν
773 1021 892 1048 προστη-

105 1057 218 1092 σάμενοι
228 1056 274 1083 τοῦ
286 1056 376 1091 λόγου,
390 1057 437 1083 καὶ
456 1057 505 1084 σὺν
521 1056 608 1092 τούτῳ
629 1057 794 1093 κινούμενοι,
807 1058 891 1094 ὅνπερ

103 1102 136 1138 δὴ
152 1103 252 1133 nano;
266 1102 414 1138 ποιούμεθα
433 1102 480 1129 καὶ
501 1102 581 1137 ἔργου
603 1103 651 1130 καὶ
668 1103 748 1137 λόγου
773 1103 892 1139 προστά-

104 1157 165 1184 την.
183 1149 213 1175 Et
224 1148 252 1175 δὲ
270 1149 415 1185 γράμμασι
433 1150 550 1184 πρᾶγμα
570 1149 697 1176 τοσοῦτον
714 1149 889 1185 πιστεύομεν,

106 1195 144 1231 μὴ
165 1195 317 1231 θαυμάσῃς.
333 1195 458 1222 Μάλιστα
482 1195 532 1231 μὲν
553 1195 636 1232 γὰρὴ
651 1196 684 1232 σὴ
698 1196 829 1231 δεξιότης,
844 1197 892 1223 καὶ

103 1241 136 1268 τὸ
152 1241 205 1268 τῶν
221 1242 274 1268 σῶν
292 1242 366 1277 ὴοῶν
389 1242 491 1270 ἁπλοῦν
510 1251 540 1269 τε
562 1243 610 1270 καὶ
635 1243 786 1278 ἐλευθέριον
812 1243 891 1278 (ὅπερ

104 1287 194 1322 ὀλίγον
213 1287 260 1315 καὶ
274 1289 338 1324 παρ’
353 1288 453 1322 ὀλίγοις
477 1288 533 1324 (45)
557 1288 632 1324 εὕροι
648 1297 690 1321 τις
709 1289 766 1324 ἂν),
788 1289 890 1324 ἐπῇρεν

106 1333 179 1368 ἡμᾶς
197 1333 244 1360 καὶ
259 1333 345 1360 ταῦτα
362 1333 418 1369 (46)
436 1333 558 1373 θαρρεῖν.
581 1335 697 1362 Ἔπειτα
723 1335 784 1361 οὐδὲ
801 1335 892 1370 γράμ-

108 1386 174 1414 μασι
195 1378 226 1404 τὸ
253 1379 307 1405 πᾶν
329 1379 513 1414 ἐπιτρέπομεν
543 1380 603 1415 (οὐχ
628 1379 714 1412 οὕτως
739 1380 822 1415 ἐσμὲν
841 1381 892 1415 ἀρ-

106 1425 188 1460 χαῖοι,
206 1424 253 1450 καὶ
270 1424 376 1460 μικρῶς
392 1424 426 1451 τὰ
446 1425 551 1460 μεγάλα
568 1425 734 1460 πράττοντες
747 1425 814 1462 (47),
830 1427 890 1454 0ὺῶ

105 1469 141 1496 τὰ
160 1470 290 1497 σπουδαῖα
309 1471 480 1506 παρέργως),
503 1470 572 1498 ἀλλὰ
597 1472 644 1498 νῦν
671 1472 738 1507 μὲν,
764 1472 801 1504 ὥς
824 1481 890 1508 φησι

107 1515 246 1551 Πίνδαρος,
280 1514 334 1542 οἷον
363 1515 480 1551 χρυσέας
505 1516 656 1552 ὕφίσταμεν
679 1517 787 1552 εὐτυχεῖ
811 1517 892 1544 θαλά-

940 1014 996 1049 Age
1008 1014 1066 1049 jam
1093 1013 1127 1041 de
1155 1013 1278 1041 secunda
1296 1012 1500 1048 propinquitate
1523 1020 1555 1040 ac
1575 1013 1728 1041 necessitu-

940 1059 1005 1087 dine
1028 1059 1191 1094 legationem
1210 1058 1245 1086 ad
1263 1066 1313 1087 vos
1333 1059 1465 1086 obeamus
1478 1079 1486 1092 ,
1506 1058 1589 1086 Deum
1610 1059 1728 1086 orationi

941 1104 1132 1139 praeticientes,
1144 1107 1227 1138 atque
1239 1111 1292 1130 una
1306 1111 1369 1130 cum
1385 1103 1430 1131 illo
1444 1103 1555 1138 impulsi
1567 1107 1594 1131 et
1614 1104 1706 1138 agitati
1718 1112 1726 1136 ;

940 1150 1040 1185 quippe
1066 1150 1142 1185 171
1165 1157 1246 1184 quem
1264 1153 1290 1176 et
1309 1150 1399 1185 operis
1432 1150 1520 1177 onmis
1537 1153 1565 1177 et
1591 1149 1726 1177 sermonis

941 1200 1086 1232 patronum
1095 1199 1176 1231 atque
1186 1195 1337 1223 antistitem
1351 1196 1431 1223 nobis
1439 1203 1633 1230 proponamus.
1649 1195 1726 1228 Quod

941 1243 965 1270 si
994 1250 1050 1270 rem
1078 1247 1179 1270 tantam
1211 1242 1308 1270 litteris
1325 1242 1475 1274 committo,
1502 1249 1535 1269 ne
1550 1241 1598 1269 tibi
1623 1241 1724 1268 mirum

941 1287 1014 1315 istud
1038 1287 1172 1314 videatur.
1193 1286 1309 1314 Maxime
1325 1286 1396 1314 enim
1420 1286 1569 1314 dexteritas
1588 1291 1615 1313 et
1639 1286 1726 1313 facili-

940 1339 982 1362 tas
999 1338 1056 1366 tua,
1070 1341 1232 1369 morumque
1252 1338 1359 1361 tuorum
1385 1333 1543 1367 simplicitas
1562 1337 1589 1360 et
1615 1332 1726 1368 integri-

941 1384 984 1408 tas
1009 1380 1092 1415 (quod
1122 1380 1231 1414 quidem
1252 1387 1314 1407 raro
1335 1384 1362 1407 et
1378 1379 1449 1413 apud
1476 1386 1577 1413 paucos
1591 1378 1725 1413 quispiam

941 1426 1093 1461 reperiat),
1110 1427 1143 1453 ad
1161 1426 1231 1453 hanc
1247 1426 1372 1454 ﬁduciam
1389 1432 1438 1452 nos
1452 1424 1558 1451 extulit.
1577 1423 1677 1451 Deinde
1694 1432 1726 1451 ne

940 1471 1039 1499 litteris
1054 1471 1162 1506 quidem
1176 1478 1232 1498 rem
1245 1475 1329 1498 totam
1344 1469 1541 1497 committimus
1571 1469 1636 1505 (non
1653 1470 1725 1496 cnim

941 1514 979 1541 ita
1003 1514 1095 1541 stolidi
1122 1522 1218 1542 sumus
1235 1522 1267 1541 ac
1292 1521 1390 1549 magna
1411 1513 1531 1541 demisse
1550 1517 1678 1549 agentes,
1699 1518 1726 1540 et

108 1569 152 1596 μῳ
172 1561 227 1595 (48)
249 1561 349 1593 κίονας,
373 1561 471 1596 μικρὸν
496 1560 608 1597 ὕστερον
634 1561 667 1596 δι’
691 1562 769 1597 ἡμῶν
791 1563 889 1597 αὐτῶν,

946 1560 1014 1588 seria
1038 1561 1205 1596 negligenter
1224 1568 1256 1587 ac
1282 1559 1512 1595 perfunctorie),
1534 1566 1628 1586 verum
1652 1566 1725 1586 nunc

107 1606 187 1642 ἡνίκα
200 1606 233 1634 ἂν
249 1606 311 1642 διδῷ
324 1607 338 1634 ὁ
352 1607 429 1640 Θεὸς,
447 1607 495 1634 καὶ
509 1607 605 1642 θεητὺν
622 1608 742 1644 μέγαρον
757 1609 889 1645 πήξομεν,

106 1652 197 1688 ἔργον,
214 1652 229 1679 ὅ
246 1660 322 1686 φασι,
341 1651 414 1687 λόγῳ
433 1652 621 1684 συνάπτοντες.
646 1653 742 1679 Πολλοὶ
767 1654 891 1689 πρόσεισι

105 1698 160 1725 τῶν
180 1698 209 1725 ὲν
235 1698 301 1733 ὑμῖν
324 1697 484 1734 εὐπατρίδαι
505 1697 575 1733 (49),
597 1698 655 1734 (καὶ
681 1699 736 1734 γὰρ
763 1699 890 1734 πείθομαι

107 1745 246 1779 προσιέναι
271 1743 392 1776 πολλούς.
408 1744 456 1776 Τίς
480 1744 509 1770 δὲ
533 1744 582 1778 οὐχ
602 1743 679 1780 ὑμῶν
706 1745 756 1780 ἐρᾷ
777 1744 891 1780 καὶτῆς

109 1789 254 1822 συναφείας
269 1789 319 1823 τῆς
334 1788 502 1825 ὑμετέρας;)
518 1789 610 1816 πολλοὶ
626 1789 680 1816 τῶν
698 1790 747 1824 τῆς
770 1790 892 1825 μεγάλης

107 1835 217 1869 ὀφρύος,
228 1835 367 1870 χρήματα,
384 1834 553 1869 συγγένειαν,
567 1834 671 1869 φίλους,
686 1834 845 1862 δυναστείαν
861 1836 890 1862 ὲν

108 1881 212 1911 πόλεσι.
228 1880 383 1907 δυναστείαν
394 1881 422 1907 ἐν
436 1880 591 1915 βασιλείοις,
604 1881 694 1908 πάντα
705 1881 892 1916 προτείνοντες

107 1927 159 1954 ὅσα
172 1926 229 1953 ἐστὶ
246 1927 392 1962 περιφορᾶς
407 1926 503 1960 ἀλόγου
519 1927 566 1953 καὶ
582 1926 679 1963 καιροῦ
703 1927 827 1961 παίγνια,
845 1928 893 1955 νῦν

110 1972 160 2008 μὲν
181 1973 238 2004 τοῖς
261 1971 473 2007 προσπίπτοντα,
494 1972 541 1999 νῦν
563 1972 592 1999 δὲ
611 1974 676 2005 τοῖς,
693 1973 740 1999 καὶ
756 1972 851 2009 ὥσπερ
863 1975 892 2002 ὲν

109 2018 214 2045 πεττῶν
242 2017 315 2045 Θέσει
342 2016 434 2044 ἄλλοτε
453 2019 493 2050 εἰς
511 2018 608 2050 ἄλλους
626 2019 891 2055 μεταρῤιπτούμενα.

146 2086 202 2121 (41)
219 2085 294 2113 Alias
308 2084 450 2113 CXXVIII.
470 2084 576 2120 Scripta
594 2086 725 2114 extremis
744 2086 805 2121 vita;
827 2086 894 2113 Gre-

110 2121 185 2158 gorii
195 2121 525 2158 teluporibus._annisq_ue
540 2121 611 2158 forte
624 2121 691 2158 1387,
707 2121 760 2158 388
768 2121 891 2158 aut-389.

147 2156 201 2191 (42)
217 2153 296 2183 Εἷὲν.
307 2155 343 2182 Τὸ
359 2153 430 2187 εἷεν,
443 2153 503 2182 ἀντὶ
516 2155 563 2182 τοῦ
580 2156 673 2191 Ταῦτα
691 2156 739 2191 μὲν
750 2156 782 2191 δὴ
797 2155 891 2187 οὕτως.

112 2190 189 2218 Ἐστι
204 2191 257 2227 γὰρ
270 2191 411 2252 ἐπίρρημα
426 2190 610 2226 ἀφοριστικόψ
630 2191 678 2232 επὶ
692 2190 755 2226 γὰρ
770 2192 826 2222 τοῖς
842 2191 891 2226 ἤδη

112 2226 264 2252 εἰρημένοις
279 2226 326 2252 λεγ
344 2234 432 2252 μενον.
445 2226 594 2252 πεοιοοίζει
606 2226 686 2252 αυτά·
701 2226 828 2252 σημαίνει
839 2226 891 2252 γὰο

111 2226 264 2262 εἰρημένοις
279 2226 432 2262 λεγόμενον,
445 2226 594 2262 περιορίζει
606 2226 687 2262 αὑτάή
701 2226 831 2262 σημαίνει
839 2226 892 2261 γὰρ

110 2260 143 2288 τδ
150 2260 216 2295 ’Ᾱγε
226 2261 269 2296 δὴ,
278 2261 334 2288 ἐστι
343 2260 389 2287 καὶ
401 2260 580 2295 ἀναφάνησις.
596 2261 637 2288 Ab
651 2261 706 2289 illis
716 2260 807 2296 Verbis
816 2260 893 2288 duxit

111 2296 176 2323 olim
196 2295 337 2323 exordium
360 2296 417 2323 hac
438 2296 563 2330 epistola.
587 2295 681 2328 Miror,
704 2296 742 2323 ait
763 2295 890 2328 Montac,,

112 2332 170 2358 hate
184 2338 199 2357 a
212 2331 290 2358 Billio
302 2338 381 2358 versa
397 2340 403 2358 :
417 2338 471 2357 non
487 2331 559 2357 enim
583 2331 628 2358 illa
654 2339 715 2365 quae
739 2335 893 2365 sequuntur

112 2373 198 2399 usque
214 2366 248 2393 ad
264 2366 299 2393 τὰ
317 2367 365 2401 μὲν
379 2366 411 2401 δὴ
424 2365 530 2400 πρῶτα,
545 2370 608 2393 sunt
623 2365 669 2393 τοῦ
686 2365 827 2400 Θεολόγου,
845 2366 893 2393 sed

111 2400 255 2436 cujusdam
280 2400 434 2428 scho‘liasta:
458 2401 582 2436 notatio:
600 2401 661 2429 ideo
680 2409 731 2429 nec
747 2401 774 2428 in
789 2400 893 2428 Morelli

111 2437 206 2463 codice
221 2441 310 2469 erant,
324 2436 370 2471 qui
383 2436 453 2471 hanc
467 2435 609 2470 epistolae:
623 2436 694 2464 inter
707 2444 771 2463 suas
786 2436 894 2462 ἀνεκδό-

112 2479 175 2502 τους
189 2471 274 2504 dedit,
290 2467 340 2498 nec
360 2471 388 2507 in
410 2467 496 2507 Bodl;
502 2471 661 2507 exemplari.
679 2471 741 2498 Hzec
760 2472 892 2507 Melitae,

112 2507 157 2540 qui
174 2514 356 2541 nequaquam,
369 2506 460 2541 inquit
475 2505 678 2538 lllorel.,’debet
691 2505 825 2533 insultare
840 2505 893 2533 Pa-

113 2541 286 2572 risiensibus,
301 2541 372 2574 quod
389 2542 461 2568 hanc
486 2541 555 2568 inter
577 2541 736 2573 ἀνεκδότους
756 2541 892 2573 dederint,

114 2576 164 2602 hoc
179 2576 283 2610 decepti
301 2576 474 2610 glossemate,
498 2575 570 2610 quod
593 2576 652 2610 ejus
675 2576 783 2603 initium
804 2576 894 2603 defor-

114 2615 212 2643 marut,
228 2618 289 2637 cum
306 2611 333 2637 in
353 2611 477 2638 eumdem
491 2610 634 2637 offenderit
651 2612 709 2645 ipse
721 2611 848 2645 lapidem,
864 2616 893 2638 ut

115 2645 199 2681 videri
218 2650 306 2680 potest
326 2653 386 2681 pag.
404 2645 464 2672 138.
476 2645 531 2681 Illic
544 2646 616 2672 enim
628 2647 790 2680 estepistola
802 2653 893 2672 cum

117 2680 171 2716 ίδοὺ
195 2689 245 2716 σοι,
264 2688 345 2715 quam
360 2680 434 2716 velut
451 2680 592 2707 ἀνέκδοτον
607 2681 687 2708 nobis
701 2681 818 2708 obtrusit
830 2688 891 2716 pag.

116 2715 167 2742 I22
179 2715 305 2743 editionis
321 2722 386 2742 suae.
402 2715 519 2750 Litigent
532 2715 602 2742 inter
612 2723 652 2747 se,
667 2723 698 2743 ac
714 2723 775 2743 sesc
791 2716 893 2743 dilace-

116 2756 177 2776 rent
190 2751 240 2776 viri
257 2751 467 2785 sapientissimi:
482 2757 537 2785 non
552 2751 705 2777 mirandum
720 2751 820 2785 minus,
833 2758 893 2785 quae

116 2786 259 2812 retulimus
275 2784 367 2817 verba,
386 2785 491 2812 reddita
508 2784 592 2812 fuisse
611 2793 625 2812 a
647 2785 735 2814 Billio.
754 2784 892 2813 Scholium

114 2820 185 2847 enim
198 2824 263 2848 sunt
275 2821 345 2847 male
361 2824 495 2855 assutum,
514 2820 656 2855 potuitque
671 2820 712 2855 vi_r
726 2820 824 2848 doctus
836 2828 893 2855 rem

115 2855 154 2882 sic
167 2855 268 2882 claram
288 2855 438 2882 advertere.
455 2853 542 2882 Vertit
562 2853 652 2882 tamen
671 2853 743 2887 Εἶεν,
767 2855 818 2882 hoc
839 2853 894 2881 εἷεν

114 2890 180 2918 idem
197 2895 234 2919 est
250 2898 280 2917 ac
293 2891 316 2918 si
332 2889 429 2925 dicam,
446 2890 530 2925 Atque
543 2890 598 2918 ha’c
611 2890 645 2917 ad
658 2890 726 2918 hunc
745 2890 850 2922 modum
867 2898 894 2917 se

941 1607 1050 1642 quidem
1063 1627 1070 1639 ,
1094 1610 1124 1633 ut
1144 1606 1279 1634 Pindarus
1300 1605 1440 1641 loquitur,
1459 1606 1533 1632 velut
1558 1612 1656 1632 aureas
1679 1613 1726 1632 co-

942 1654 1049 1681 lumnas
1072 1652 1144 1680 felici
1161 1653 1279 1680 thalamo
1304 1651 1464 1686 subjicimus
1481 1660 1487 1678 :
1507 1652 1586 1686 paulo
1605 1655 1667 1685 post
1677 1658 1726 1677 au~

941 1703 995 1726 tem
1012 1706 1061 1734 per
1074 1706 1125 1726 nos
1150 1699 1241 1734 ipsos,
1259 1706 1321 1725 cum
1341 1698 1366 1725 id
1381 1697 1452 1725 Deus
1468 1697 1650 1729 concesserit,
1677 1696 1725 1723 ad-

941 1745 1095 1772 mirandum
1115 1751 1224 1780 quoque
1244 1743 1373 1779 palatium
1389 1747 1562 1771 exstruemus
1573 1762 1579 1773 ,
1598 1749 1666 1777 opus
1682 1742 1725 1769 ui-

941 1793 1052 1823 mirum,
1079 1795 1109 1818 ut
1125 1791 1178 1818 dici
1195 1791 1275 1821 solet,
1296 1797 1358 1817 cum
1376 1797 1502 1817 sermone
1518 1791 1723 1816 connectentes.

941 1837 1018 1864 Multi
1033 1838 1104 1865 inter
1122 1844 1170 1864 vos
1182 1836 1265 1864 nobili
1278 1836 1337 1863 loco
1356 1835 1410 1863 nati
1431 1835 1464 1862 ad
1488 1839 1514 1862 te
1530 1834 1641 1867 adeunt,
1659 1835 1724 1868 (non

941 1883 1014 1911 enim
1022 1883 1126 1915 dubito,
1142 1882 1208 1918 quin
1220 1882 1299 1910 multi
1312 1881 1419 1910 adeant.
1429 1880 1496 1914 Quis
1503 1881 1574 1908 enim
1586 1884 1627 1907 est
1635 1880 1682 1915 qui
1699 1883 1727 1907 te

942 1927 1217 1963 conjunctionemque
1228 1931 1300 1954 tuam
1311 1934 1366 1954 non
1373 1932 1444 1954 amet
1454 1927 1480 1961 ἲ)
1491 1926 1567 1953 multi
1575 1945 1584 1959 ,
1599 1926 1724 1960 inquam,

943 1973 1229 2009 altisupercilii,opes,
1238 1972 1557 2009 cognationem,amicos,
1575 1972 1724 2006 potentiam

943 2019 970 2046 in
983 2020 1107 2053 urbibus,
1124 2020 1271 2055 potentiam
1283 2021 1310 2047 in
1322 2020 1515 2055 imperatorum
1522 2019 1725 2051 aulis,acdeni-

942 2086 1048 2114 habent.
1075 2086 1124 2113 Est
1149 2087 1218 2113 enim
1245 2086 1396 2114 adverbium
1419 2085 1592 2120 distinguens.
1619 2084 1725 2112 Etenim

943 2129 1001 2147 cum
1013 2127 1070 2155 pou
1088 2130 1119 2149 ea
1136 2130 1196 2157 qua:
1208 2122 1267 2156 jam
1286 2121 1359 2148 dicta
1372 2126 1444 2157 sunt,
1459 2126 1613 2157 usurpatur,
1631 2129 1661 2147 ea
1672 2121 1726 2147 cir-

943 2156 1103 2192 cumscribit.
1130 2155 1268 2192 Significat
1288 2157 1368 2183 etiam
1388 2156 1455 2183 idem
1476 2155 1556 2190 quod,
1580 2155 1633 2191 Age
1654 2163 1722 2182 vero.

950 2191 1006 2218 Vim
1021 2192 1083 2218 item
1098 2191 1253 2218 declarandi
1267 2191 1354 2219 habet.

979 2226 1036 2262 (45)
1052 2227 1113 2253 ’Ότι
1126 2227 1169 2261 μὴ
1185 2226 1268 2262 man
1284 2226 1411 2261 ἀνάγκη.
1428 2225 1488 2262 Bill.
1501 2235 1507 2252 :
1522 2225 1579 2262 nisi
1597 2231 1725 2262 quantum

944 2262 1086 2288 necessitas
1103 2263 1181 2297 cogit.
1201 2261 1260 2289 Vim
1277 2262 1396 2296 phrasis,
1412 2262 1449 2288 ait
1465 2261 1600 2293 Combel‘.,
1615 2268 1669 2288 non
1683 2261 1725 2287 in-

943 2297 1045 2323 tellexit
1064 2298 1172 2328 More|..
1196 2305 1246 2324 nec
1269 2297 1339 2324 bene
1363 2297 1425 2331 quia
1445 2304 1497 2322 non
1515 2304 1609 2331 urgens
1636 2303 1724 2322 neces-

943 2331 1009 2358 sitas
1022 2336 1071 2363 est,
1085 2333 1295 2366 prastantiorem
1311 2340 1342 2358 ac
1355 2331 1520 2366 diviniamn.

979 2366 1034 2402 (44)
1054 2365 1110 2394 Kal
1135 2366 1362 2401 ἐπιστωσάμεθα
1385 2365 1487 2402 Morel.
1515 2365 1675 2402 sequimur;
1697 2369 1725 2391 at

944 2401 1004 2428 Bill.
1017 2400 1029 2428 ί
1039 2410 1147 2436 eantque
1163 2402 1268 2430 scilicet
1288 2400 1437 2428 amicitiam
1456 2400 1680 2436 conﬁrmavimus.

978 2436 1034 2472 (45)
1052 2433 1139 2471 Ὅπερ
1165 2437 1269 2472 exh-03'
1291 2437 1339 2463 καὶ
1357 2436 1435 2472 λιαρῖ
1458 2433 1722 2472 ὀλζά-οιςκβοῃιιιοΐ.

943 2469 1011 2511 ὅπερ
1027 2469 1134 2506 ὀλίγων.
1155 2469 1224 2499 Cod.
1246 2471 1279 2498 Β.
1304 2475 1331 2498 et
1355 2470 1447 2497 Morel.
1465 2469 1515 2497 καῐ
1529 2470 1593 2506 παρ’
1612 2469 1723 2504 ὀλίγοις.

943 2506 1004 2533 ΒιΙΙ.
1021 2508 1068 2533 καὶ
1085 2507 1149 2533 παρ’
1167 2506 1274 2533 ὀλίγων.

966 2515 1004 2533 III.
1021 2515 1068 2534 και
1167 2515 1274 2541 οΛιγων.

979 2515 1004 2533 u.
1021 2515 1068 2534 και
1085 2515 1148 2542 παρ’
1167 2515 1274 2541 οΛιγων.

979 2541 1034 2576 (46)
1047 2541 1103 2568 Καὶ
1119 2542 1220 2568 ταῦτα.
1237 2540 1390 2576 Μοιρίσκαὶ
1406 2539 1571 2566 τὰτοιαῦτα.

979 2576 1036 2610 (47)
1052 2576 1246 2610 Πράττοντες.
1260 2575 1531 2610 Μονθίιπράττομεν.

979 2608 1034 2646 (48)
1046 2608 1176 2645 Εὗτυχεῐ
1195 2608 1325 2645 θαλάμῳ.
1347 2608 1413 2637 Cod.
1434 2609 1463 2635 Β.
1481 2609 1507 2640 5,
1524 2609 1648 2646 εὐτειχεῖ.
1667 2608 1724 2646 Mo-

944 2643 993 2673 rel.
1011 2643 1294 2682 εὖτειχεΓπροθύρῳ,
1310 2645 1371 2682 bene
1391 2648 1491 2682 structo
1515 2643 1653 2682 uestibulo.
1669 2643 1722 2671 Ve-

944 2689 1015 2712 rum,
1033 2685 1062 2707 ut
1085 2678 1313 2711 iiolat‘Comb'efq
1341 2678 1475 2706 Pindarus
1495 2679 1527 2706 ad
1550 2686 1577 2705 vt
1604 2678 1722 2713 Olymp.,

944 2716 1049 2751 stroph.
1067 2716 1092 2748 I,
1115 2716 1230 2750 εὐτειχεῖ
1247 2714 1373 2751 προθύρῳ
1394 2714 1525 2751 θαλᾴμου,
1544 2713 1606 2751 bene
1624 2718 1723 2751 structo

944 2748 1069 2786 vesti—bruto
1084 2748 1241 2783 ἀοιηιιεξτὸ
1265 2748 1392 2786 προθύρῳ
1412 2748 1529 2786 missum
1558 2748 1630 2786 fecit_
1648 2749 1720 2782 Bill.,

944 2793 994 2813 nec
1006 2785 1099 2814 Morel.
1110 2786 1141 2812 τὸ
1151 2786 1264 2821 θαλάμῳ
1274 2783 1401 2821 reddidit.
1412 2783 1479 2821 Vide
1494 2791 1574 2821 supra
1590 2784 1670 2821 epi_s_t.
1683 2791 1721 2821 lx_.

980 2821 1034 2855 (49)
1050 2822 1192 2855 Πρόσεισι
1213 2818 1272 2847 τῶν
1290 2820 1324 2846 ἑν
1342 2819 1413 2854 ὑμῖν
1429 2818 1613 2855 εὐπατρίδαὶξ
1628 2818 1722 2855 Morel.

945 2853 1084 2893 πρόσεισιν
1111 2857 1175 2893 ὑμῖν
1199 2853 1367 2892 εὐπατρίδαι,
1385 2854 1462 2881 multi
1482 2853 1607 2882 accedunt
1624 2853 1658 2880 ad
1677 2861 1722 2880 vos

944 2892 1059 2926 patricii.
