1931 3056
215 179 266 208 539

811 180 839 208 S.
861 179 1031 208 GREGORII
1052 179 1222 208 THEOLOGI

1778 180 1837 209 ’540

217 243 269 271 que
279 235 371 263 omnia
391 243 424 264 ea
438 236 649 271 protendentes,
676 244 738 272 qua:
755 237 996 272 temeraritejacta-

1055 236 1150 272 Ἡμεῖς
1171 236 1199 263 δὲ
1220 236 1250 262 ἓν
1274 236 1331 263 ἀντὶ
1356 236 1464 264 πάντων
1481 236 1538 271 (50)
1566 236 1738 272 προσάγομεν
1757 236 1835 271 ὑμῖν,

220 281 312 314 tionis,
324 285 350 309 et
365 281 496 316 temporis
509 281 626 309 ludibria
639 286 713 314 sunt,
725 289 785 317 qua
800 289 874 308 nunc
890 282 923 309 ad
941 281 1002 313 hos,

217 333 290 353 nunc
307 326 340 353 ad
357 326 418 354 illos
446 327 563 358 cadunt,
591 334 624 354 ac
653 327 728 354 velut
753 327 781 355 in
806 328 923 355 talorum
948 329 1003 354 situ

216 371 283 399 alias
307 372 340 398 ad
365 372 434 400 alios
453 372 626 407 trajiciuntur
642 376 724 408 atque
746 373 932 401 immutantur.
948 373 1003 403 Nos

217 421 308 445 autem
329 426 412 445 unum
427 426 477 453 pro
495 419 622 446 omnibus
639 419 690 446 tibi
707 419 859 452 offerimus,
882 419 933 446 hoc
947 425 1000 450 est.

217 473 269 492 nos
284 465 359 500 ipsos
375 473 381 490 :
398 464 573 500 vicissimque
588 473 672 492 unum
692 473 741 500 pro
757 465 885 493 omnibus
902 465 1002 500 quaeri-

217 516 295 542 mus,
316 509 368 537 hoc
382 513 444 541 est,
462 517 520 537 vos.
538 509 615 542 Quod
640 509 662 537 si
679 510 747 537 alios
760 510 886 537 meliores
902 517 933 536 ac
944 517 1001 537 me-

220 552 333 580 lioribus
345 556 424 580 natos
438 561 488 588 pro
503 554 600 581 amicis
615 553 756 581 habiturus
780 562 810 582 es
828 554 1000 589 (confitemur

214 598 287 624 enim
300 619 308 632 ,
326 599 544 634 quandoquidem
572 599 624 627 hoc
644 607 752 634 quoque
767 604 890 627 nostrum
917 600 998 627 ellici-

216 644 282 679 tur),
298 649 325 671 at
341 652 395 672 una
408 653 437 673 re
451 646 547 673 saltem
572 645 655 682 (quod
674 646 781 674 favente
794 645 849 674 Deo
870 654 885 674 a
903 655 945 675 me
959 647 1000 674 di-

216 694 290 716 ctum
316 690 408 726 velim)
421 699 593 726 nequaquam
610 692 691 719 nobis
708 691 863 727 superiores
881 691 997 725 futuros,

215 735 343 763 nimirum
377 736 428 764 fide
444 744 476 764 ac
499 737 656 765 sinceritate
677 738 704 764 in
723 737 836 765 colenda
868 738 997 766 amicitia.

214 779 300 814 Cujus
317 780 427 815 quidem
445 781 485 809 rei
499 782 588 816 major
608 782 733 810 habenda
754 785 796 809 est
811 783 900 813 ratio,
916 789 997 817 quam

215 825 336 853 omnium
359 826 475 854 aliarum
494 835 586 854 rerum
601 827 629 854 in
643 835 726 854 unum
749 833 948 860 congestarum.
964 827 997 855 iis

213 873 323 907 quidem
348 877 438 905 certe,
463 874 510 909 qui
535 877 624 901 mente
646 873 752 909 praediti
777 877 851 901 sunt.
868 873 997 901 Pluribus

214 918 307 946 verbis
320 918 354 945 ad
365 923 438 946 tuam
456 919 643 947 excellentiam
663 919 776 947 minime
791 926 860 954 opus
874 923 926 952 est,
940 918 994 946 imo

1054 283 1128 318 ἡμᾶς
1142 283 1249 314 αὐτοὺς,
1270 282 1317 309 καὶ
1332 282 1423 318 μέντοι
1436 283 1482 309 καὶ
1501 282 1635 318 ζητοῦμεν
1650 281 1678 307 ἓν
1692 281 1751 308 ἀντὶ
1768 280 1836 307 πάν-

1053 338 1116 361 των,
1136 329 1219 363 ὑμᾶς.
1233 329 1265 354 Ei
1282 329 1370 356 τοίνυν
1383 328 1430 354 καὶ
1444 327 1562 363 βελτίους
1585 328 1632 354 καὶ
1645 328 1677 353 ἐκ
1692 326 1837 361 βελτιόνων

1053 374 1247 410 (ὁμολογοῦμεν
1257 373 1321 409 γὰρ,
1337 374 1397 400 ἐπεὶ
1408 374 1454 400 καὶ
1468 373 1547 399 τοῦτο
1563 372 1694 408 ἡμέτερον
1706 369 1835 405 γίνεται),

1052 420 1109 447 ἀλλ’
1129 419 1168 447 ἐνί
1181 428 1213 453 γε
1229 420 1277 454 οὐχ
1289 419 1467 454 ὑπερέξοντας
1487 419 1565 453 ἡμῶν
1589 418 1629 452 (ὲν
1645 417 1703 452 Θεῷ
1715 417 1744 443 δὲ
1757 417 1836 452 εἰρή-

1053 466 1151 501 σεται),
1172 465 1211 501 τῷ
1232 465 1320 500 πιστῷ
1336 466 1383 491 καὶ
1395 465 1499 500 γνησίῳ
1523 464 1587 499 περὶ
1604 463 1651 499 τὴν
1665 462 1834 498 οῑκειάτητα·

1051 509 1135 546 οὗπερ
1154 511 1194 537 δεῖ
1214 510 1313 546 μᾶλλον
1336 510 1470 536 ποιεῖσθαι
1489 510 1577 543 λόγον,
1595 508 1613 544 ἣ
1633 508 1739 535 πάντων
1764 508 1834 542 ὁμοῦ

1049 557 1104 583 τῶν
1114 557 1212 588 ἄλλων,
1233 557 1295 588 τούς
1308 565 1341 590 γε
1357 555 1419 582 νοῦν
1448 555 1568 591 ἔχοντας.
1599 555 1691 589 Ἀρκεῖ
1714 553 1834 580 τοσαῦτα

1050 603 1117 638 πρὸς
1133 602 1183 637 τὴν
1201 602 1249 637 σὴν
1264 602 1431 636 τελειότητα,
1455 601 1502 627 καὶ
1526 600 1612 627 ταῦτα
1637 600 1709 636 πέρα
1735 599 1800 631 ἴσως
1814 599 1832 634 ἢ

1050 649 1120 676 κατὰ
1135 649 1234 684 μέτρον
1249 648 1403 682 ἐπιστολῆς.
1422 647 1520 673 Λοιπόν
1541 654 1568 673 τι
1586 645 1633 672 καὶ
1653 644 1762 680 ἐμαυτῷ
1782 644 1834 670 καὶ

1050 696 1113 730 ὑμῖν
1129 694 1289 729 ἐπεύξομαι.
1305 693 1370 724 Θεὸς
1386 693 1432 720 ἐπὶ
1444 692 1505 718 νοῦν
1519 692 1582 726 ὑμῖν
1600 692 1707 726 ἀγάγοι,
1723 691 1786 726 παρ’
1799 685 1831 716 οὗ

1048 740 1194 767 καὶταῦτα
1215 740 1262 766 καὶ
1274 740 1297 765 τ’
1315 739 1382 766 ἄλλα
1406 739 1584 773 οἰκονομεῖται
1611 730 1667 768 τοῖς
1689 735 1832 771 ἀγαπῶσιν

1048 785 1139 817 αὑτὸν,
1163 785 1177 811 ὅ
1195 793 1221 811 τι
1243 784 1276 811 ἂν
1336 784 1472 818 βέλτιστον
1496 782 1542 810 καὶ
1564 782 1701 818 σύμφορον
1719 782 1783 817 ἡμῖν
1798 790 1830 808 τε

1049 831 1096 857 καὶ
1108 830 1172 865 ὑμῖν
1186 829 1294 865 ἐπίσης,
1311 829 1398 860 ἄλλως
1409 837 1439 855 τε
1453 828 1500 855 καὶ
1512 828 1577 863 περὶ
1590 827 1757 863 τηλικούτων
1769 825 1831 861 βου-

1047 875 1215 911 λευομένοις.

213 965 295 994 etiam
307 966 386 1001 plura
398 965 515 994 fortasse
543 966 673 999 diximus,
698 974 781 1002 quam
795 966 916 1001 epistolae
936 965 1034 994 modus
1052 966 1178 1001 postulet.
1193 965 1332 1000 Superest.
1347 967 1378 991 ut
1392 967 1419 992 et
1431 963 1496 991 mihi
1523 962 1574 998 ipsi
1598 965 1626 989 et
1637 959 1714 988 vobis
1729 958 1831 993 aliquid

214 1018 315 1049 optem.
326 1014 406 1048 Deus,
415 1015 472 1050 qui,
482 1018 509 1043 et
515 1015 582 1048 haec,
593 1018 620 1043 et
631 1015 683 1043 alia
691 1015 735 1047 iis,
744 1022 812 1050 quos
819 1015 861 1042 sui
870 1018 991 1042 amantes
1001 1014 1089 1047 habet,
1099 1017 1238 1049 procurat,
1250 1013 1277 1041 id
1285 1012 1363 1040 vobis
1375 1013 1402 1039 in
1419 1015 1535 1039 mentem
1544 1008 1663 1039 inducat,
1675 1007 1746 1042 quod
1761 1005 1831 1040 opti-

214 1068 290 1088 mum
298 1080 305 1093 ,
315 1064 396 1096 atque
402 1065 429 1089 et
439 1062 519 1089 nobis
531 1065 558 1090 et
568 1061 645 1089 vobis
662 1068 738 1096 aeque
749 1060 777 1088 in
792 1068 848 1088 rem
863 1059 984 1087 futurum
997 1059 1043 1091 sit,
1054 1066 1087 1086 ac
1099 1058 1248 1093 praesertim
1259 1057 1293 1085 de
1306 1057 1390 1084 tantis
1400 1056 1482 1084 rebus
1495 1053 1639 1082 consilium
1649 1050 1828 1079 sumentibus-

457 1117 535 1153 172
549 1115 626 1146 CCV.
654 1117 769 1145 ElDEM.

1277 1116 1336 1142 ΣΕ¹.
1356 1115 1400 1150 Τῼ
1424 1113 1515 1148 ΑΥΤῼ
1536 1111 1602 1147 (51).

215 1178 324 1208 Navilos
341 1178 375 1205 ad
393 1177 527 1205 visendum
542 1177 697 1211 Adelphium
705 1177 844 1213 Gregorius
862 1186 889 1206 se
903 1182 1040 1205 venturum
1053 1177 1187 1211 pollicitus
1204 1176 1300 1213 fuerat,
1316 1175 1425 1213 negotiis
1441 1179 1527 1200 autent
1539 1177 1563 1200 et
1578 1170 1667 1197 morbo
1680 1169 1830 1204 impeditus,

399 1213 531 1247 promissa
546 1221 597 1239 non
608 1210 728 1247 perfecit.
744 1210 862 1240 Excusat
878 1221 905 1240 se
923 1213 972 1239 hac
989 1210 1112 1246 epistola,
1133 1217 1210 1246 atque
1223 1211 1318 1238 iterum
1332 1210 1440 1244 spondet
1451 1217 1478 1236 se
1493 1212 1637 1235 tentarunt.

248 1271 304 1300 Nec
321 1271 392 1301 Illius
408 1272 603 1304 contemnitur,
618 1278 669 1298 nec
680 1271 751 1305 patri
766 1270 906 1298 diﬂiditur.
924 1271 996 1304 Quo-

1083 1270 1147 1301 Υἱὸς
1161 1270 1210 1296 οὐκ
1225 1267 1397 1304 ἀτιμάζεται,
1414 1267 1472 1294 ἀλλ’
1484 1265 1544 1292 οὐδὲ
1560 1266 1713 1292 ἀπιστεῖται
1728 1264 1828 1299 πατὴρ.

213 1318 288 1345 circa
305 1325 340 1344 ne
354 1317 434 1345 nobis
457 1317 537 1344 ﬁdem
552 1316 669 1352 abroges
680 1335 689 1348 ,
709 1315 776 1343 illud
797 1316 930 1352 purgandi
947 1323 991 1343 no-

214 1363 264 1391 stri
280 1369 364 1391 causa
387 1363 552 1394 dicentibus,
568 1362 641 1397 quod
663 1362 806 1397 occupatio
834 1366 862 1389 et
885 1362 996 1390 mOrbus

215 1409 367 1445 spiritalis,
381 1409 530 1444 quominus
546 1408 655 1438 Navilos
683 1407 919 1443 proﬁcisceremur
932 1427 940 1440 ,
964 1415 997 1434 ac

215 1455 334 1483 concilio
353 1455 549 1482 interessemus
575 1451 748 1489 (praesertim
766 1460 829 1480 cum
846 1457 922 1480 tanto
938 1457 995 1480 stu-

215 1501 262 1528 dio
289 1500 427 1535 animique
453 1499 551 1528 affectu
575 1500 665 1527 vocati
682 1499 858 1535 fuissemus),
879 1498 996 1534 impedi»

215 1551 308 1575 mento
325 1546 376 1574 fuit
389 1566 397 1578 ,
425 1554 482 1574 non
496 1550 586 1573 autem
598 1546 709 1581 pigritia
726 1545 850 1581 quaedam
863 1549 910 1572 aut
929 1552 996 1572 con-

216 1592 350 1627 temptio,
375 1591 604 1626 quemadmodum
630 1591 748 1619 fortasse
771 1591 928 1626 suspicatus
955 1599 995 1619 es.

216 1639 256 1667 Ac
284 1645 359 1665 nunc
387 1637 496 1672 quidem
522 1636 681 1665 infirmitate
701 1637 791 1664 adhuc
806 1641 940 1664 tenemur.
967 1637 996 1663 Si

216 1688 306 1712 autem
333 1683 405 1711 Deus
433 1683 577 1711 sanitatem
605 1683 684 1711 nobis
700 1683 815 1716 dederit,
829 1683 896 1710 illud
913 1683 996 1710 etiam

216 1729 412 1765 adiungemus,
435 1734 466 1757 ut
493 1729 576 1759 rebus
601 1729 670 1765 ipsis
700 1730 750 1757 tibi
771 1729 995 1761 satisfaciamus,

216 1781 299 1811 atque
336 1784 423 1811 usque
458 1775 491 1805 ad
524 1776 693 1804 nobilitatem
723 1780 796 1803 tuam
828 1782 996 1808 curramus,

217 1823 366 1857 plenasque
387 1822 480 1850 domui
504 1827 606 1850 nostra;
623 1822 828 1850 benedictiones
853 1821 997 1856 persolva—

217 1875 289 1896 mus.
303 1867 407 1898 Nostra
420 1869 493 1897 enim
508 1876 581 1902 esse,
594 1876 655 1904 qua:
669 1873 715 1896 tua
730 1871 813 1900 sunt,
831 1867 955 1895 volumus
970 1873 995 1895 et

217 1918 354 1950 optamus.

503 1980 590 2009 CCVI.
609 1980 722 2008 EIDEM.

1047 1316 1095 1343 Διά
1106 1315 1185 1342 τοῦτο
1203 1314 1240 1351 μὴ
1262 1315 1415 1350 ἀπιστήσῃς
1439 1313 1504 1348 ἡμῖν
1529 1310 1763 1345 ἀπολογουμένοις,
1789 1310 1830 1336 ὅτι

1047 1360 1160 1396 ἀσχολία
1171 1360 1218 1386 καὶ
1234 1359 1373 1396 ἀρρωστία
1396 1357 1568 1393 πνευματικὴ
1583 1355 1637 1392 (52)
1653 1355 1682 1382 τὸ
1706 1355 1830 1381 κωλύσειν

1045 1403 1079 1441 ἦν
1102 1405 1177 1440 ἡμᾶς
1279 1403 1405 1438 γενέσθαι
1435 1403 1516 1438 μέχρι
1547 1401 1680 1434 Ναυῖλων,
1709 1400 1755 1426 καὶ
1780 1400 1830 1435 τῆς

1047 1451 1155 1478 συνόδου
1179 1451 1333 1486 μετασχεῖν,
1357 1449 1442 1480 ἄλλως
1464 1457 1495 1474 τε
1519 1447 1565 1474 καὶ
1589 1446 1705 1483 τοσαύτῃ
1729 1445 1829 1481 σπουδῇ

1047 1497 1241 1531 κεκλημένους,
1259 1494 1315 1521 ἀλλ’
1332 1495 1382 1521 οὐκ
1392 1494 1469 1524 ὅκνος
1481 1501 1532 1524 τις,
1548 1492 1608 1518 οὐδὲ
1626 1491 1829 1527 περιφρόνησις,

1046 1543 1114 1578 ὅπερ
1129 1542 1193 1572 ίσως
1208 1541 1352 1572 ὑπέλαϐες.
1370 1539 1426 1566 Νῦν
1449 1539 1497 1575 μὲν
1522 1536 1567 1566 οὖν
1590 1538 1630 1564 ἔτι
1653 1538 1687 1573 τῇ
1705 1536 1830 1572 ἀσθενείᾳ

1046 1587 1231 1624 κρατούμεθα.
1248 1587 1280 1613 Εἰ
1296 1586 1325 1612 δὲ
1339 1586 1396 1621 δοίη
1414 1585 1444 1612 τὸ
1467 1585 1598 1620 ὑγιαίνειν
1614 1583 1691 1617 Θεὺς,
1715 1584 1762 1610 καὶ
1781 1582 1829 1618 τὴν

1046 1633 1090 1660 διὰ
1107 1633 1162 1660 τῶν
1184 1632 1271 1668 ἔργων
1292 1632 1440 1665 ἀπολογίαν
1464 1630 1662 1667 προσθήσομεν,
1690 1629 1737 1656 καὶ
1765 1628 1831 1664 δραι-

1048 1679 1143 1713 μόντες
1168 1678 1224 1714 (54)
1247 1678 1327 1714 μέχρι
1350 1678 1400 1713 τῆς
1424 1677 1473 1712 σῆς
1500 1676 1652 1710 εὐγενείας,
1687 1675 1733 1702 καὶ
1758 1674 1830 1709 ,πλή-

1049 1733 1105 1760 ρεις
1117 1724 1166 1756 τὰς
1185 1723 1308 1758 εὐλογίας
1323 1723 1362 1759 τῷ
1374 1723 1440 1758 οἴκῳ
1457 1722 1534 1758 ἡμῶν
1555 1720 1739 1751 ἀποδώσοντες
1761 1719 1829 1754 (55).

1053 1770 1189 1806 Ἠμέτερα
1204 1770 1258 1806 γὰρ
1277 1767 1346 1796 εἶναι
1366 1769 1400 1796 τὰ
1417 1769 1451 1796 σὰ
1467 1769 1514 1795 καὶ
1527 1767 1676 1803 βουλόμεθα
1692 1766 1738 1794 καὶ
1754 1765 1831 1801 εὐχό-

1049 1817 1118 1852 μεθα
1139 1816 1206 1853 (56).

1276 1975 1343 2008 Σςι.
1363 1975 1407 2010 το
1425 1974 1515 2010 arm
1534 1974 1601 2010 (57).

303 2037 457 2071 Adelphium
470 2038 580 2072 turpiter
590 2043 614 2064 et
628 2037 721 2064 misere
731 2037 883 2072 prolapsum
903 2043 993 2063 amore
1007 2033 1158 2064 mulierum,
1174 2031 1271 2067 erigere
1290 2036 1314 2058 et
1328 2031 1456 2066 corrigere
1466 2034 1576 2057 conatur
1591 2028 1739 2065 Gregorius.

254 2094 447 2122 Honorandum
459 2098 485 2122 te
501 2093 591 2121 adhuc
605 2101 683 2126 voco,
700 2093 809 2121 etiamsi
825 2100 858 2120 ea
874 2099 935 2128 quze
952 2092 999 2118 ho-

219 2147 286 2169 nore
305 2140 416 2168 minime
439 2139 521 2175 digna
535 2143 610 2171 sunt,
628 2139 743 2167 consilia
761 2139 847 2167 ineas.
862 2139 901 2165 Ac
918 2138 998 2165 velim

220 2187 290 2213 hanc
309 2193 395 2213 meam
418 2185 546 2220 loquendi
573 2186 723 2213 libertatem
743 2185 770 2212 in
781 2185 879 2212 bonam
893 2187 998 2220 partem

219 2231 348 2266 accipias,
368 2231 415 2266 qui
427 2230 549 2265 paternis
563 2231 716 2258 visceribus
735 2230 833 2257 inciter
845 2250 853 2263 ,
871 2237 926 2256 nec
937 2236 999 2264 pro-

219 2281 279 2312 pter
302 2276 517 2304 benevolentiam
550 2277 680 2311 patientia
707 2277 747 2304 uti
773 2276 886 2311 possim.
915 2275 1000 2302 Multo

219 2323 291 2349 enim
307 2322 404 2350 melius
426 2326 468 2350 est
484 2322 559 2349 brevi
575 2325 656 2357 atque
674 2323 773 2357 exiguo
793 2328 911 2348 mmrore
925 2320 1000 2347 illato

219 2368 366 2395 maximam
390 2367 534 2395 utilitatem
556 2367 666 2400 afferre,
688 2375 769 2402 quam
786 2367 850 2393 dum
866 2374 898 2394 ea
912 2386 920 2399 ,
939 2373 1000 2400 quae

218 2410 340 2444 jucunda
355 2411 420 2442 sint.
434 2412 584 2447 sequimur,
605 2411 632 2439 in
647 2419 696 2444 eo,
711 2411 784 2446 quod
806 2419 943 2439 summum
969 2418 1000 2438 ac

220 2453 387 2488 prrecipuum
403 2459 445 2483 est
456 2474 466 2487 ι
482 2455 674 2484 detrimentum
697 2455 744 2483 tibi
757 2455 885 2483 conﬂare.
904 2454 1000 2483 Sacer-

256 2520 311 2553 (50)
327 2521 378 2548 Ἓν
397 2522 462 2549 ἀντὶ
478 2522 607 2553 πάντων.
625 2522 685 2549 Bill.
702 2522 820 2549 ἐναντίον
836 2522 953 2549 πάντων.

1084 2088 1143 2114 Ἔτι
1159 2095 1188 2114 σε
1201 2086 1276 2114 καλῶ
1290 2087 1388 2122 τίμιον,
1408 2085 1508 2121 καίπερ
1526 2085 1556 2112 οὺ
1570 2085 1650 2121 τίμια
1671 2084 1831 2120 βουλευαμε-

1047 2142 1101 2161 νον.
1117 2133 1171 2160 Καί
1187 2141 1237 2168 μου
1253 2132 1326 2164 δέξαι
1346 2130 1401 2167 (58)
1421 2130 1470 2167 τὴν
1492 2129 1646 2166 παρρησίαν
1667 2129 1831 2166 σπλάγχνοις

1048 2180 1189 2214 πατρικοῖς
1203 2177 1362 2213 κινουμένου
1380 2176 1448 2212 (59),
1468 2176 1515 2203 καὶ
1538 2176 1681 2211 καρτερεῖν
1702 2176 1732 2201 οὺ
1750 2175 1830 2202 δυνα-

1049 2226 1130 2261 μένου
1143 2225 1187 2252 διὰ
1208 2225 1257 2260 τὴν
1277 2223 1394 2251 εὔνοιαν.
1417 2222 1510 2258 Πολλῷ
1528 2222 1582 2258 γὰρ
1602 2222 1704 2257 βέλτιον
1728 2221 1830 2257 βραχέα

1049 2273 1223 2308 λυπήσαντα,
1257 2271 1370 2306 μέγιστα
1398 2269 1551 2305 ὠφελῆσαι,
1575 2269 1592 2304 ἢ
1614 2268 1649 2295 τὰ
1675 2268 1742 2304 πρὸς
1767 2268 1830 2303 ἡδο-

1050 2320 1097 2354 νὴν
1111 2318 1166 2354 (60)
1189 2317 1320 2344 διώκοντα
1344 2315 1479 2351 ζημιῶσαι
1495 2315 1533 2350 τῷ
1551 2314 1698 2350 κεφαλαίῳ.
1731 2314 1830 2349 Ἰερεὺς

1051 2363 1084 2401 ἦν
1095 2366 1109 2391 ὁ
1126 2364 1199 2391 Ἡλεῖ
1212 2355 1277 2398 (δ1),
1295 2362 1341 2389 καὶ
1354 2364 1408 2393 τοῖς
1420 2362 1512 2388 παισὶν
1526 2360 1668 2388 ἀσεῦοῦσιν
1678 2359 1829 2394 ἐπέπληττε

1053 2411 1112 2445 μὲν,
1130 2410 1190 2436 Οὐκ
1203 2408 1299 2443 ἀγαθὴ
1311 2409 1330 2442 ἠ
1343 2407 1429 2441 ἀκοὴ,
1446 2407 1542 2441 λέγων,
1559 2404 1582 2433 ὦ
1595 2405 1696 2439 τέκνα,
1717 2405 1756 2439 ἣν
1771 2405 1829 2439 ἐγὼ

1051 2456 1149 2484 ἀκούω
1163 2455 1230 2489 περὶ
1242 2453 1334 2488 ὑμῶν.
1350 2454 1410 2480 Ὀτι
1425 2453 1453 2480 δὲ
1473 2452 1510 2488 μὴ
1529 2452 1650 2488 σφοδρῶς
1667 2452 1828 2487 ἐπέπληττε,

1088 2522 1143 2556 (56)
1157 2522 1330 2556 Βουλόμεθα
1341 2521 1389 2548 καὶ
1408 2522 1563 2556 εὐχόμεθα.
1580 2521 1618 2547 Ita
1630 2520 1691 2548 cod.
1706 2524 1733 2548 et
1748 2519 1828 2547 Com-

256 2555 522 2619 (ξ1ζιξιὶεςρΧΧΙΧ.
530 2557 637 2592 Scripta
646 2557 740 2600 eodem
749 2558 859 2585 circiter
867 2563 919 2600 tem
925 2565 996 2592 pore.

257 2589 302 2619 (οἳ
338 2592 490 2619 Αὸόωστια
515 2599 709 2619 πνευιιατικη.
736 2591 838 2619 Forsan
863 2592 996 2619 αοὸωστία

1054 2557 1107 2589 bef.
1122 2559 1150 2584 In
1162 2557 1228 2585 edit.
1244 2555 1271 2582 εὖ
1291 2556 1305 2582 ὁ
1328 2556 1376 2582 εοα
1389 2556 1434 2582 καὶ
1449 2555 1608 2591 βουλόμεθα.

1090 2593 1144 2619 (57)
1162 2592 1236 2619 Alias
1251 2565 1357 2619 (ΣέίὶΐΧ.
1377 2590 1483 2619 Scripta
1502 2595 1564 2619 post
1579 2599 1608 2618 su

257 2589 313 2625 (52)
335 2591 490 2626 Ἂρῤωστια
515 2589 709 2627 πνευματική.
736 2591 838 2620 Forsan
863 2589 1002 2627 ἁρῥὼστία

222 2627 400 2662 πνευμονική,
423 2627 554 2667 pulmonis
580 2627 717 2663 (egritudo,
743 2635 795 2662 qua
817 2631 844 2654 et
864 2626 1000 2654 se'teneri

223 2659 396 2698 adluicumox
412 2662 563 2697 Signiﬁcat;
580 2664 613 2698 τῇ
633 2662 768 2698 ἀσθενείᾳ.
785 2662 845 2688 Bill.
866 2672 871 2689 :
888 2663 1003 2696 corporis

223 2670 313 2699 aunuc
335 2670 396 2687 mox
412 2670 563 2697 sngnmcat;
580 2670 613 2698 τῃ
633 2670 768 2698 ασσενειᾳ.
785 2670 845 2688 mu.
866 2672 871 2689 :
888 2670 949 2696 corp

222 2695 407 2723 imbecillitate.

259 2730 315 2770 (5§)
330 2731 478 2770 K_w.l_tﬁo'¢_zr
493 2730 532 2767 ἦν
548 2731 635 2769 ἡμᾶς.
651 2732 690 2759 lta
707 2731 769 2759 cod.
785 2730 819 2762 Κ.
835 2735 862 2759 et
876 2731 998 2760 Counbcf.

224 2762 253 2790 in
264 2762 328 2800 edit.
346 2766 419 2800 ἡμᾶς
435 2762 520 2795 deest.

225 2799 382 2868 “(5:31ng
398 2801 569 2836 δραμόντες,
580 2801 647 2838 099.
660 2801 726 2837 Rm.
738 2805 765 2829 et
776 2800 852 2829 Harl.
865 2802 897 2829 ad
910 2809 996 2838 marg.

260 2869 316 2903 (55)
335 2870 558 2905 Ἀποδώσοντες.
570 2872 637 2899 Cod.
656 2871 733 2904 1405,
749 2870 937 2906 ἀποδώσομεν..

1090 2593 1144 2628 (57)
1162 2592 1236 2628 Alias
1251 2590 1483 2628 (JXX;{_._VScripta
1501 2590 1564 2625 pust
1579 2591 1756 2628 superiorem.

1087 2625 1143 2662 (58)
1160 2627 1215 2654 Kal
1236 2634 1296 2662 μου
1319 2625 1411 2662 δέξαι.
1428 2625 1468 2662 ita
1487 2633 1582 2653 omnes
1603 2626 1682 2652 codd.
1702 2628 1729 2652 et
1745 2625 1828 2652 inter-

1052 2659 1152 2697 pretes.
1174 2661 1201 2687 In
1221 2659 1286 2697 edit.
1301 2661 1348 2687 καί
1365 2669 1410 2696 μοι
1425 2659 1507 2697 δέξαι.

1087 2697 1142 2732 (59)
1158 2695 1347 2732 Σπλάγχνοις
1366 2693 1721 2732 πατρζχοῖςλκινίουμένου.
1742 2693 1802 2720 Bill.
1818 2703 1828 2722 ξ

1053 2730 1109 2763 Hoc
1124 2736 1163 2758 est
1174 2731 1230 2764 ejus
1241 2730 1286 2764 qui
1299 2730 1414 2764 paternis
1425 2730 1563 2757 visceribus
1578 2730 1709 2762 incitetur,
1724 2737 1769 2756 nec
1780 2736 1828 2762 pu-

1051 2767 1142 2794 tientia
1154 2766 1193 2792 uti
1206 2765 1296 2800 possit.

1087 2801 1142 2836 (60)
1158 2802 1192 2836 Ἡ
1203 2797 1325 2836 saepe;
1344 2798 1468 2836 ἡδονήν.
1483 2799 1523 2826 Ita
1540 2798 1600 2826 cod.
1616 2804 1643 2826 et
1657 2798 1778 2826 Combef.
1797 2797 1829 2828 In

1051 2836 1116 2863 edit.
1134 2835 1151 2871 ἢ
1164 2835 1194 2861 τὸ
1207 2835 1394 2871 πρὸς-ἡδονήν.

1088 2868 1151 2906 (61)
1163 2870 1190 2897 '0
1209 2868 1377 2898 Ἠλεῖ.”ϐοιι.
1392 2873 1419 2897 et
1435 2868 1557 2898 Combef.
1573 2869 1588 2896 ὁ
1607 2868 1674 2896 Ἠλί.
