1931 3056
223 181 275 209 337
819 180 850 209 S.
870 181 1035 209 GREGORII
1052 178 1225 208 THEOLOCI

222 182 275 209 δι’]

507 256 584 286 CCX.
605 256 720 284 EIDEM.

1788 172 1844 201 518

1297 256 1344 282 Σιι.
1366 254 1409 289 Τῼ
1428 251 1518 287 arm
1537 251 1601 287 (96).

259 321 382 357 Ejusaem
399 329 429 348 ac
444 321 562 355 superior
577 317 738 357 argumenti,
750 325 774 347 et
787 320 822 347 ad
837 322 955 349 eumdem
969 327 1067 356 ampla
1081 322 1135 349 ha'c
1148 326 1187 349 est
1201 321 1324 356 epulata.
1339 319 1489 357 Gregorius,
1504 321 1696 354 ingrauescente
1706 316 1840 351 podagra,

224 355 290 385 lecto
313 357 424 392 afﬁxus.
442 361 528 390 alque,
553 356 654 392 utipse
677 356 801 390 loquitur,
825 357 904 390 plane
924 355 1080 390 immobilis,
1103 355 1238 385 Castorem
1259 360 1344 392 rogat,
1365 355 1552 392 atAdominaIn
1574 360 1744 380 communem
1765 360 1847 380 soro-

224 402 291 426 rem,
311 389 391 427 qnam
411 389 538 427 ocissime
554 390 588 427 ad
605 398 631 416 se
651 392 778 422 remittat.
795 389 865 427 utet
880 392 984 427 piorum
1004 393 1124 418 omnium
1145 397 1172 418 et
1190 399 1247 419 sua:
1264 389 1351 426 ipsius
1367 389 1533 417 inﬁrmitatis
1547 394 1691 414 comnmue
1703 391 1844 414 sustenta-

224 425 327 456 culum.
344 427 473 460 Quwnam
488 425 535 452 illa
550 426 584 452 sit
597 433 673 452 soror
686 426 843 459 communis,
861 425 896 453 ait
913 426 1019 458 Thecla,
1034 427 1196 462 ignoramus.

258 494 333 527 Mihi,
347 498 376 521 ut
391 497 512 528 apparet,
525 493 710 528 benigniorem
724 502 753 529 se
765 494 902 529 przebebat
912 499 1005 522 extera
1020 498 1043 527 Α

222 542 307 576 regio.
324 547 405 574 quam
424 539 521 574 patria.
547 538 614 566 Nam
637 540 681 566 illa
699 539 751 566 hoc
776 540 842 567 mihi
859 540 950 574 dabat,
975 543 1006 567 ut

224 585 344 612 amicitia
359 589 405 611 tua
429 584 555 611 fruerer:
576 584 633 610 haec
655 588 745 611 autem
764 585 831 611 nihil
851 584 1007 619 huiusmodi

223 631 302 658 nobis
327 630 474 657 concessit.
499 628 589 663 Atque
608 629 660 656 hoc
685 629 750 656 mihi
773 630 885 657 morbus
906 630 1006 662 attulit,

223 675 271 710 qui
291 682 334 702 me
347 675 421 702 velut
442 673 558 708 pedibus
584 674 739 701 devinctum
760 678 844 706 tenet.
871 680 952 710 atque
973 675 1007 702 ad

223 721 309 747 multa
334 718 485 754 torpidum,
505 722 552 746 aut
571 719 664 752 etiam,
686 720 709 746 si
730 720 821 747 verius
840 720 1007 755 loquendum

223 768 276 797 est,
293 765 373 799 plane
395 764 561 791 immobilem
578 765 677 792 reddit.
697 764 749 792 Sed
763 765 836 792 enim
857 765 908 792 hoc
924 765 1008 793 detri-

223 814 355 841 mentum,
372 814 471 837 mtesto
490 810 553 837 licet
568 810 669 841 animo.
685 809 814 838 feremus.
831 810 901 843 Quid
918 816 1007 838 autem

224 855 411 882 molestiarum
431 860 484 887 est,
506 855 578 890 quod
603 855 684 883 homo
709 863 763 883 non
785 856 870 883 lerat?
890 856 1007 883 Tantum

225 902 314 928 valeas
329 902 397 935 ipse.
415 901 519 936 tibique
536 901 627 928 omnia
648 909 681 929 ex
696 902 829 929 sententia
844 902 954 933 cedant.
976 909 1007 929 ac

224 955 268 975 res
282 951 335 974 tua:
357 947 385 974 in
407 955 489 974 manu
513 947 559 974 Dei
573 947 638 974 sint.
656 947 742 974 Erunt
758 952 860 980 autem,
880 948 903 976 si
918 948 1009 975 animo

223 994 332 1021 sincero
355 1001 418 1020 eum
448 993 613 1028 prebendas.
643 992 784 1020 Dominam
807 997 909 1025 autem,
934 1001 1009 1020 com-

224 1046 333 1067 munem
348 1043 469 1066 nostram
484 1045 617 1070 sororem.
634 1038 715 1065 velim
730 1046 813 1073 quam
830 1039 959 1066 ocissime
974 1038 1008 1065 ad

224 1092 275 1112 nos
293 1085 429 1116 remittas,
453 1088 483 1111 ut
507 1088 534 1112 et
551 1084 657 1119 piorum
679 1088 708 1112 et
728 1089 828 1112 nostrae
842 1084 1007 1112 inﬁrmitatis

223 1138 368 1158 commune
390 1129 617 1161 sustentaculum,
637 1134 685 1156 aut
708 1130 809 1165 alioqui
835 1130 1007 1158 sacerdotem

1097 495 1174 530 Ἐμοὶ
1192 493 1242 529 τῆς
1259 492 1398 528 πατρίδος,
1415 492 1452 523 ὥς
1472 491 1569 523 ἔοικεν,
1584 490 1601 525 ἡ
1615 489 1750 524 ἀλλοδαπὴ
1770 497 1842 525 χρη-

1059 541 1182 576 στοτέρα.
1204 540 1236 566 Ἦ
1262 540 1310 574 μὲν
1327 538 1382 574 γὰρ
1401 537 1485 564 ἐδίδου
1497 536 1547 571 τῆς
1570 535 1620 570 σῆς
1637 534 1782 561 ἀπολαύειν
1798 543 1845 568 φι-

1057 585 1117 617 λίας
1133 585 1199 620 (97),
1219 584 1277 620 ἡδὲ
1297 583 1372 610 οὐδὲν
1397 581 1515 609 τοιοῦτον
1532 582 1596 616 ἡμῖν
1610 580 1764 615 ἐχαρίσατο.
1786 579 1845 606 Καὶ

1058 631 1136 657 τοῦτό
1154 639 1197 666 μοι
1217 629 1292 664 παρὰ
1309 630 1359 664 τῆς
1373 628 1537 663 ἀρρωστίας,
1550 626 1568 661 ἦ
1589 634 1622 661 με
1637 625 1746 660 κατέχει
1760 625 1845 660 πεδή-

1059 683 1139 707 σασα,
1154 675 1200 701 καὶ
1222 675 1290 710 πρὸς
1306 673 1390 699 πολλὰ
1406 674 1478 699 ποιεῖ
1491 671 1659 706 δυσκίνητον,
1673 670 1689 706 ἢ
1703 670 1844 706 ἀκίνητον,

1058 721 1082 747 εἰ
1102 720 1154 756 χρὴ
1174 720 1263 754 λέγειν
1281 719 1311 745 τὸ
1330 718 1520 754 ἀληθέστερον.
1534 717 1641 752 Ταύτην
1664 716 1712 751 μὲν
1730 713 1776 742 οὖν
1788 715 1841 750 τὴν

1058 765 1159 801 ζημίαν
1173 765 1336 801 λυπούμενοι
1355 765 1403 800 μὲν
1416 763 1471 799 (98)
1485 765 1604 798 οῐσομεν.
1621 762 1653 788 Τί
1667 761 1695 788 δὲ
1712 762 1742 787 οὐ
1763 761 1844 798 φέρει

1058 810 1111 837 τῶν
1136 811 1254 846 ἀνιαρῶν
1279 809 1335 845 (99)
1351 809 1509 845 ἄνθρωποςς
1537 808 1616 843 μόνον
1638 807 1778 841 ὐγιαίνοις,
1795 807 1845 833 καὶ

1058 856 1189 892 πράττοις
1203 855 1236 882 τὰ
1251 855 1321 882 κατὰ
1338 854 1400 881 νοῦν
1415 855 1463 890 (1),
1480 855 1527 881 καὶ
1547 855 1576 882 ἐν
1590 855 1661 890 χειρὶ
1673 853 1739 880 Θεοῦ
1754 853 1796 888 εἴη
1809 853 1846 879 τὰ

1059 901 1104 928 σά.
1120 902 1216 928 Ἔσται
1229 901 1267 933 δὲ,
1283 902 1307 928 εί
1320 900 1440 936 γνησίως
1462 899 1545 926 αὐτοῦ
1565 899 1723 934 λαμϐάνοιο.
1745 899 1801 934 Τὴν
1815 899 1845 925 δὲ

1059 949 1173 984 κυρίαν,
1198 948 1247 983 τὴν
1281 948 1372 982 κοινὴν
1398 947 1476 982 ἡμῶν
1504 946 1621 982 ἀδελφὴν
1642 946 1700 980 (2),
1727 947 1846 980 τάχιστα

1058 995 1124 1030 ἡμῖν
1139 993 1351 1028 ἀποπέμψασθαι
1365 992 1487 1028 θέλησον,
1501 992 1539 1023 ὡς
1555 992 1644 1018 κοινὸν
1663 991 1778 1026 ἔρεισμα
1796 992 1846 1018 καὶ

1058 1040 1113 1066 τῶν
1132 1039 1265 1071 εὺλαὸὦν,
1288 1039 1336 1066 καὶ
1356 1038 1406 1072 τῆς
1425 1037 1566 1069 ἀσθενείας
1581 1038 1631 1073 τῆς
1651 1037 1802 1073 ἡμετέρας·
1827 1037 1845 1072 ἢ

1059 1084 1144 1111 πολλά
1159 1092 1204 1110 σου
1221 1083 1271 1119 τῆς
1296 1082 1490 1118 σακερδώτιδος
1513 1081 1749 1117 καταὼησὸμεθα,
1763 1081 1797 1107 δι’
1811 1081 1846 1117 ἢν

1060 1129 1233 1165 ζημιούμεθα.
1258 1129 1315 1164 (ὅ),
1343 1129 1391 1156 καὶ
1419 1129 1569 1164 καλέσομεν
1594 1127 1677 1163 αὐτὴν
1702 1129 1734 1163 τῇ
1756 1127 1848 1163 οἰκείᾳ.

225 1181 299 1202 tuam
320 1176 426 1211 magnis
449 1175 616 1203 clamoribus
635 1176 845 1211 exagitabimus,
867 1176 902 1203 ob
925 1183 1007 1210 quam

1063 1175 1236 1211 προσηγορίᾳ.
1253 1174 1347 1210 Γνὼσῃ
1361 1174 1390 1200 δὲ
1405 1174 1422 1209 ἥ
1437 1182 1489 1206 τις,
1506 1173 1570 1209 παρ’
1581 1173 1666 1208 αὐτῆς
1680 1173 1844 1208 πυθόμενος.

225 1222 277 1249 hoc
291 1221 452 1249 detrimento
478 1221 622 1253 allicimur,
636 1228 669 1248 ac
686 1222 797 1258 proprio
811 1230 872 1250 eam
896 1223 1005 1250 nomine
1026 1221 1235 1257 appellabimus.
1260 1220 1403 1253 Quodnam
1422 1223 1513 1247 autem
1545 1219 1612 1246 illud
1637 1219 1682 1251 sit,
1715 1218 1846 1254 explora-

225 1273 282 1296 tum
300 1269 423 1300 habebis.
439 1269 463 1296 si
477 1276 536 1296 eam
555 1269 718 1305 interroges.

479 1345 568 1374 CCXI.
589 1346 749 1376 CYRIACO.

1294 1345 1365 1372 mu
1386 1343 1540 1378 ΚΥΡΙΑΚῼ
1560 1342 1609 1377 (ι).

258 1421 399 1457 Cyriacum
414 1427 490 1457 rogat
508 1421 658 1458 Gregorius.
675 1427 704 1449 ut
719 1430 862 1457 pauperum
874 1422 1029 1458 hospitalem
1043 1420 1216 1458 domum,_cui
1229 1419 1498 1458 prwerat_§acer_dos,
1514 1419 1557 1445 cui
1571 1418 1729 1458 Castorduo
1742 1420 1846 1458 prqrdia

224 1454 335 1492 largitus
364 1454 461 1491 fuerat,
484 1458 518 1484 ab
541 1454 616 1484 omni
635 1454 729 1493 liberet
753 1454 855 1485 insultu
874 1454 954 1493 atque
971 1457 1071 1492 injuria
1093 1456 1170 1491 (quod
1190 1456 1221 1493 de
1242 1455 1410 1493 uectigalibus
1428 1456 1615 1493 interpretatur
1637 1454 1844 1493 Tillemoatiuc),

224 1489 373 1527 cer-umque
388 1492 414 1519 in
430 1496 567 1526 posterum
587 1492 728 1527 provideat
745 1493 898 1521 securitati.
911 1489 965 1520 'Hic
985 1489 1076 1519 incerti
1097 1489 1222 1525 temporis
1236 1490 1347 1525 epistola
1365 1494 1423 1516 erat
1440 1489 1608 1521 collocanda,
1621 1497 1651 1516 eo
1663 1489 1731 1524 quod
1750 1490 1847 1517 Sacer-

224 1527 292 1555 dotis
306 1526 335 1554 εί
344 1526 463 1554 Castoris
480 1527 506 1553 in
520 1535 550 1554 ea
568 1526 663 1554 nientio
677 1528 735 1562 ﬁat.

259 1593 410 1630 Religiosos
435 1593 567 1625 honoras,
590 1591 674 1626 probe
699 1590 773 1622 novi,
800 1594 828 1617 et
846 1589 1009 1625 pauperibus

1096 1588 1185 1623 Τιμᾷς
1209 1588 1272 1619 τοὺς
1297 1587 1431 1621 εὐλαϐεῖς,
1453 1586 1482 1615 εὖ
1506 1587 1574 1622 οἴδα,
1594 1589 1641 1616 καὶ
1666 1592 1790 1625 πτωχοὺς
1812 1589 1844 1619 εὗ

225 1640 339 1674 benigne
355 1639 423 1666 facis
439 1647 447 1666 :
465 1639 608 1673 utriusque
623 1636 734 1664 virtutis
759 1636 808 1663 tibi
825 1643 897 1663 nunc
918 1643 947 1662 se
964 1635 1007 1661 ol-

226 1686 278 1712 [θη
292 1684 419 1717 Occasio;
436 1684 476 1712 sic
490 1684 562 1711 enim
580 1691 623 1710 res
634 1691 663 1710 se
673 1683 764 1709 habet.
780 1681 966 1709 Charissimus
979 1684 1006 1707 et

227 1732 283 1759 Deo
300 1731 507 1766 acceptissimus
531 1731 602 1758 (ilius
619 1734 713 1757 noster
727 1727 861 1756 Sacerdos
884 1734 1008 1762 compre-

227 1779 329 1813 sbyter,
344 1777 488 1812 praefectus
500 1779 542 1803 est
556 1783 706 1811 pauperum
722 1773 946 1801 mendicorumve
961 1773 1009 1799 do.

226 1822 294 1855 mui,
310 1821 412 1856 insigni
431 1825 458 1848 et
470 1821 627 1848 hominibus
645 1819 762 1850 refertae,
779 1819 813 1846 ob
830 1819 956 1853 pietatem
979 1821 1007 1844 et

227 1867 392 1902 diligentiam
409 1873 469 1900 qua:
500 1866 528 1892 in
549 1865 600 1892 hac
625 1873 654 1892 re
682 1863 864 1892 desideratur.
885 1862 958 1890 Inter
976 1869 1008 1889 ea

227 1916 330 1944 autem,
348 1920 408 1947 qua:
422 1912 514 1939 domui
531 1911 656 1946 hospitali
669 1910 886 1945 suppeditantur,
901 1908 1008 1935 Lirian-

226 1959 277 1987 dus
293 1963 320 1986 et
333 1958 466 1986 Caberina
482 1958 582 1993 praedia
600 1957 644 1985 his
663 1957 731 1984 locis
746 1956 836 1983 vicina
857 1955 891 1982 ad
906 1954 1009 1981 utilita-

227 2008 281 2031 tem
295 2004 392 2032 domus
407 2004 568 2031 liberalitate
584 2001 789 2030 honoratissimi
803 2001 927 2028 Castoris
941 2007 1008 2027 con-

226 2050 327 2078 ferunt.
347 2050 409 2078 Haec
422 2051 445 2078 si
462 2051 536 2078 omni
547 2050 648 2085 injuria
674 2053 702 2077 et
718 2048 821 2076 insultu
836 2046 1006 2078 liberaveris,

226 2103 282 2123 non
301 2096 440 2124 minimam
462 2097 589 2123 conteres
606 2099 720 2131 partem,
738 2098 765 2121 et
780 2093 945 2129 pauperibus
957 2100 1007 2124 cu-

227 2140 354 2172 rationis,
376 2147 408 2167 ac
429 2141 479 2168 tibi
496 2141 573 2175 177
589 2140 640 2176 ipsi
663 2138 901 2170 remunerationis,
925 2145 1007 2173 quam

228 2185 282 2221 piis
298 2185 392 2213 deberi
412 2186 494 2213 nosti.
513 2185 689 2221 Perspicuum
708 2189 751 2212 est
770 2188 871 2216 autem,
887 2191 949 2211 cum
966 2191 1009 2210 se-

227 2230 281 2257 mel
296 2230 416 2257 animum
428 2230 568 2258 induxeris
580 2231 614 2258 ad
629 2228 865 2260 benefaciendum,
884 2228 966 2255 etiam
982 2233 1009 2254 te

228 2276 369 2304 securitati
391 2277 418 2303 in
441 2280 579 2311 posterum
598 2276 782 2311 provisurum,
801 2278 832 2301 ut
853 2282 887 2301 ne
907 2273 1009 2301 volenti

227 2323 336 2359 quidem
359 2323 406 2350 ulli
429 2322 558 2349 damnum
583 2321 665 2348 liceat
695 2320 796 2348 inferre
824 2319 858 2347 iis
876 2320 953 2351 locis,
975 2326 1008 2346 eo

228 2368 309 2395 modo
320 2375 400 2403 quem
415 2366 550 2403 sagacitas
564 2370 609 2393 tua
626 2365 830 2401 excogitaverit.

1055 1635 1140 1664 ποιεῖς
1155 1633 1203 1668 (5).
1224 1634 1332 1660 Τούτων
1351 1634 1512 1670 ἀμφοτέρων
1528 1643 1568 1661 σοι
1588 1635 1635 1662 νῦν
1662 1637 1766 1672 καιρός·
1786 1637 1846 1673 ἔχει

1064 1679 1118 1715 γὰρ
1142 1679 1238 1710 οὕτως.
1261 1680 1289 1706 '0
1304 1678 1468 1714 τιμιώτατος
1488 1680 1535 1706 καὶ
1556 1680 1757 1716 θεοφιλέστατος
1787 1683 1845 1716 alb;

1058 1725 1136 1762 ἡμῶν
1163 1724 1314 1761 Σακερδὼς,
1330 1726 1344 1752 ὁ
1367 1726 1615 1762 συμπρεσϐύτερος,
1632 1729 1765 1763 πτωχείου
1780 1738 1846 1766 προ-

1060 1771 1159 1807 έστηκε
1182 1771 1235 1798 τῶν
1257 1772 1399 1806 ἐπισήμων
1418 1771 1641 1808 πολυανθρώπου,
1658 1774 1796 1807 εὐσεϐείας
1813 1784 1844 1802 τε

1059 1815 1140 1842 ἕνεκα
1158 1816 1204 1842 καὶ
1219 1815 1268 1850 τῆς
1281 1816 1321 1847 είς
1333 1815 1364 1842 τὸ
1379 1817 1496 1852 πρᾶγμα
1510 1817 1636 1852 σπουδῆς,
1656 1818 1732 1845 Ἔστι
1749 1819 1777 1845 δὲ
1788 1819 1845 1847 τῶν

1061 1862 1287 1897 ὑπηρετουμένων
1300 1861 1338 1896 τῷ
1355 1862 1479 1898 πτωχείῳ
1496 1863 1622 1899 κτήματα
1642 1864 1782 1900 Λιριάνδος
1797 1867 1845 1893 καὶ

1061 1907 1200 1943 Καὸερίνα
1222 1907 1259 1942 (6)
1278 1907 1429 1942 ὁμοροῦντα
1444 1908 1537 1940 τόποις
1556 1910 1615 1941 τοῖς
1628 1910 1678 1945 τῆς
1698 1911 1795 1943 οἰκίας,
1812 1911 1844 1944 ἐξ

1061 1954 1206 1986 ἐπιδόσεως
1230 1953 1277 1980 τοῦ
1301 1954 1464 1988 τιμιωτάτου
1482 1955 1630 1990 Κάστορος,
1653 1956 1692 1991 τῷ
1718 1958 1844 1993 πτωχείῳ

1061 2007 1087 2025 τι
1105 1999 1312 2034 σννεισφέροντα
1331 1998 1381 2034 (7}.
1404 1999 1496 2025 Ταῦτα
1512 1999 1602 2036 πάσης
1617 2001 1748 2036 ἐπηρείας
1766 2002 1843 2028 ἐλευ-

1062 2044 1193 2080 θερώσας,
1209 2045 1291 2081 μέρος
1308 2045 1358 2071 οὐκ
1373 2045 1511 2081 ἐλάχιστον
1527 2047 1710 2080 συνεισοίσεις.
1729 2049 1774 2075 καὶ
1787 2050 1844 2081 τοῖς

1059 2092 1176 2126 πτωχοῖς
1192 2091 1240 2126 τῆς
1267 2090 1425 2126 θεραπείας,
1453 2092 1500 2118 καὶ
1532 2092 1636 2128 σεαυτῷ
1662 2093 1711 2129 τῆς
1738 2094 1843 2121 ἀντιδό-

1059 2145 1138 2169 σεως,
1152 2137 1185 2173 ἣν
1198 2135 1272 2168 οἶδας
1287 2137 1463 2173 ὀφειλομένην
1473 2139 1529 2170 τοῖς
1545 2139 1678 2168 εὐσεϐέσι.
1699 2140 1784 2175 Δῆλον
1797 2140 1836 2172 δὲ,

1058 2184 1099 2211 ὅτι
1118 2183 1191 2216 ἅπαξ
1215 2184 1339 2219 ὁρμήσας
1356 2185 1395 2215 είς
1412 2184 1461 2220 τὴν
1477 2184 1646 2219 εὐεργεσίαν,
1667 2185 1714 2212 καὶ
1732 2186 1782 2221 τῆς
1802 2187 1842 2218 εἰς

1059 2229 1089 2256 τὺ
1120 2229 1215 2265 μέλλον
1240 2229 1390 2263 ἀσφαλείας
1418 2230 1541 2264 ποιήσεις
1575 2230 1612 2265 (8)
1637 2231 1780 2266 πρόνοιαν,
1805 2232 1843 2264 ὡς

1061 2274 1128 2309 μηδὲ
1157 2274 1309 2310 βουλομένῳ
1331 2275 1384 2301 τινὶ
1412 2274 1510 2307 ἐξεῖναι
1535 2275 1619 2302 κακὸν
1647 2276 1774 2310 γενέσθαι
1804 2277 1842 2311 (9)

1061 2320 1124 2355 περὶ
1136 2320 1198 2352 τοὺς
1218 2320 1325 2352 τόπους,
1344 2320 1443 2356 τρόπον
1459 2320 1488 2347 ὃν
1508 2321 1675 2357 ἐπινοήσειεν
1690 2323 1706 2357 ἡ
1731 2323 1764 2358 σὴ
1780 2322 1841 2350 σύν-

1060 2373 1116 2395 εσις

264 2456 320 2491 (96)
333 2456 406 2484 Alias
416 2455 509 2483 XCIV.
524 2455 631 2492 Scripta
646 2455 754 2492 circiter
768 2454 862 2492 eodem
878 2458 1008 2492 tempore.
1025 2455 1048 2483 D
1063 2453 1110 2492 ᾦς.
1129 2453 1231 2481 Verum
1251 2461 1313 2481 cum
1330 2453 1451 2482 Combel'.
1470 2454 1508 2487 ὦς
1531 2455 1740 2490 expungendum
1762 2461 1839 2492 puta-

263 2488 320 2527 (97)
345 2492 517 2527 Ἀπολαύειν
531 2488 642 2527 φιλίας.
657 2490 813 2527 ϐοοηίῖοεη
824 2489 941 2516 Montac.
958 2488 1011 2515 Mo-

229 2525 278 2554 rel.
296 2525 327 2554 ac
340 2526 462 2554 Combel‘.
476 2526 619 2560 ὠφελείας,
636 2530 663 2552 ut
681 2525 795 2552 utilitate
812 2532 870 2559 qua:
884 2531 916 2550 ea:
934 2529 957 2550 te
973 2528 1012 2550 est

229 2563 340 2596 fruerer.
357 2561 497 2589 Combcf.:
513 2567 541 2588 ut
558 2569 590 2588 ea:
609 2566 632 2596 te
653 2560 817 2596 commodum
837 2564 1009 2596 reportarem.

264 2596 320 2632 (98)
332 2597 518 2632 Λυπζούμενοι
532 2596 599 2632 μέν.
612 2595 649 2632 Ita
661 2596 761 2632 eminet
769 2594 890 2632 Combef.
899 2594 932 2632 in
943 2595 1010 2632 edit.

232 2629 281 2667 μέν
289 2629 374 2667 deest.
389 2629 459 2663 Mos,
472 2639 520 2667 pro
533 2629 560 2657 τί
569 2631 611 2667 ῥέ,
621 2630 742 2667 Combel‘.
751 2629 855 2667 τίγάρ,
861 2629 922 2667 quid
930 2630 1009 2667 opim.

266 2666 322 2701 (99)
338 2666 400 2694 Τῶν
415 2663 553 2701 ἀνιὰρῶν.
567 2665 607 2693 Ita
622 2666 683 2693 cod.
699 2665 776 2693 Pass.
796 2663 960 2692 et’COmbef.
982 2663 1012 2691 In

230 2702 296 2729 edit.
312 2701 367 2728 τῶν
385 2701 471 2729 deest.

265 2737 304 2771 (ι)
322 2737 359 2763 Τὰ
373 2736 447 2763 κατὰ
463 2736 548 2764 νοῦν.
568 2735 607 2763 Ita
621 2735 681 2764 cod.
696 2734 774 2763 Pass.
796 2738 824 2762 et
839 2734 962 2763 Combef.
981 2732 1012 2760 In

230 2770 297 2798 edit.
309 2772 343 2798 τά
356 2772 441 2798 deest.

265 2806 303 2838 (2;
322 2806 380 2840 Τὴν
391 2806 497 2840 κοινὴν
513 2806 597 2841 ἠμᾶηι·
609 2803 754 2841 ἀδελφήν.
765 2803 1013 2841 ΟοὰκΗοςςηΜοη-

232 2845 298 2872 tac.,
311 2841 404 2868 Morel.
421 2845 447 2868 et
457 2839 580 2870 Combel'.
597 2841 645 2876 τὴν
660 2839 865 2876 γνησίαννὴμῶν
884 2839 1010 2876 ἀδελφήν,

232 2884 318 2906 ιιεγαιη
337 2883 451 2903 sororem
470 2881 598 2904 nostram.
617 2875 678 2904 Mox
694 2875 719 2904 in
739 2875 804 2903 edit.
819 2875 932 2910 τάχιστα
946 2875 1011 2909 ἡμῖν

1061 2497 1190 2586 :Kgisitt‘
1205 2523 1246 2559 ἣν
1265 2522 1450 2559 ζημιούμεθα.
1473 2525 1513 2552 Ita
1537 2524 1599 2552 cod.
1616 2525 1647 2553 In
1669 2526 1735 2553 edit.
1755 2526 1788 2552 δι’
1807 2527 1840 2562 ἢν

1095 2593 1133 2630 (ί)
1146 2594 1220 2630 Alias
1229 2592 1397 2630 tiCXXXlll.
1416 2594 1522 2630 Scripta
1538 2599 1659 2630 tempore
1673 2595 1785 2623 incerto.

1096 2627 1135 2663 (5)
1152 2627 1194 2663 Εζῦ
1211 2628 1286 2660 οἶδα,
1311 2629 1359 2655 καὶ
1383 2627 1520 2663 πτωχᾰὺς
1537 2628 1572 2657 εὖ
1594 2627 1700 2663 Elateia.
1724 2630 1752 2658 In
1775 2630 1836 2659 cod.

1060 2661 1131 2690 2022'
1148 2661 1177 2690 εὖ
1192 2664 1279 2691 deest.

1096 2698 1136 2736 (6)
1154 2699 1308 2736 Καεερινα.
1322 2697 1360 2725 ld.
1377 2698 1438 2726 cod.
1457 2698 1608 2734 Καὸαρίνα.
1624 2699 1697 2733 Mox,
1714 2701 1770 2732 τοῖς
1788 2700 1838 2736 τῆς

1060 2734 1163 2765 οίκείας
1177 2734 1207 2759 τό
1213 2742 1279 2764 ποις.

1095 2769 1134 2805 (ἶ)
1151 2766 1526 2805 ΣυνεισφέρςντᾳᾎιιΙ-ηοοιί.
1541 2769 1769 2805 συνεισφέροντος.

1094 2802 1133 2840 (8)
1147 2802 1298 2840 Ποιήᾳεις.
1316 2803 1382 2840 βοά.
1398 2802 1606 2840 2922,7ποιῄσῃ.

1095 2839 1133 2874 (9)
1150 2838 1251 2874 Κασιρν
1260 2837 1512 2874 γενέσθαιτιιεάςιίι
1525 2837 1637 2866 Mer'él.:
1653 2837 1686 2865 Ut
1702 2847 1733 2866 ne
1745 2839 1839 2867 uolenti

1060 2875 1163 2910 quidem
1179 2873 1227 2901 ulli
1242 2874 1370 2908 integrum
1381 2873 1415 2900 sit
1427 2873 1541 2911 maligno
1555 2882 1611 2901 esse
1623 2874 1693 2902 circa
1705 2874 1759 2902 lucc
1769 2875 1838 2903 loca.
